  <div class='ocr_page' id='page_1' title='image "/cluster/home/n/w/nwhite01/storage/ocr_20150623/12/hvd.32044019207638/569.png"; bbox 0 0 3870 6538; ppageno 0'>
   <div class='ocr_carea' id='block_1_1' title="bbox 473 310 604 366">
    <p class='ocr_par' dir='ltr' id='par_1_1' title="bbox 473 310 604 366">
     <span class='ocr_line' id='line_1_1' title="bbox 473 310 604 366; baseline -0.015 0"><span class='ocrx_word' id='word_1_1' title='bbox 473 310 604 366; x_wconf 75' lang='grc'><strong>1131</strong></span> 
     </span>
    </p>
   </div>
   <div class='ocr_carea' id='block_1_2' title="bbox 1875 303 2298 362">
    <p class='ocr_par' dir='ltr' id='par_1_2' title="bbox 1875 303 2298 362">
     <span class='ocr_line' id='line_1_2' title="bbox 1875 303 2298 362; baseline -0.002 0"><span class='ocrx_word' id='word_1_2' title='bbox 1875 303 1969 362; x_wconf 79' lang='lat' dir='ltr'><strong>EX</strong></span> <span class='ocrx_word' id='word_1_3' title='bbox 1999 303 2298 362; x_wconf 78' lang='lat' dir='ltr'><strong>ORIGENE</strong></span> 
     </span>
    </p>
   </div>
   <div class='ocr_carea' id='block_1_3' title="bbox 3643 320 3748 376">
    <p class='ocr_par' dir='ltr' id='par_1_3' title="bbox 3643 320 3748 376">
     <span class='ocr_line' id='line_1_3' title="bbox 3643 320 3748 376; baseline 0.038 -4"><span class='ocrx_word' id='word_1_4' title='bbox 3643 320 3748 376; x_wconf 64' lang='lat'><strong>“32</strong></span> 
     </span>
    </p>
   </div>
   <div class='ocr_carea' id='block_1_4' title="bbox 480 422 2031 504">
    <p class='ocr_par' dir='ltr' id='par_1_4' title="bbox 480 422 2024 499">
     <span class='ocr_line' id='line_1_4' title="bbox 480 422 2024 499; baseline -0.005 -14"><span class='ocrx_word' id='word_1_5' title='bbox 480 427 829 499; x_wconf 61' lang='lat' dir='ltr'><strong>quarendum</strong></span> <span class='ocrx_word' id='word_1_6' title='bbox 863 434 947 482; x_wconf 92' lang='lat' dir='ltr'><strong>est</strong></span> <span class='ocrx_word' id='word_1_7' title='bbox 997 438 1064 479; x_wconf 86' lang='lat' dir='ltr'><strong>an</strong></span> <span class='ocrx_word' id='word_1_8' title='bbox 1105 422 1215 479; x_wconf 88' lang='lat' dir='ltr'><strong>sint</strong></span> <span class='ocrx_word' id='word_1_9' title='bbox 1258 422 1428 494; x_wconf 84' lang='lat' dir='ltr'><strong>aliqui</strong></span> <span class='ocrx_word' id='word_1_10' title='bbox 1461 426 1555 496; x_wconf 87' lang='lat' dir='ltr'><strong>qui</strong></span> <span class='ocrx_word' id='word_1_11' title='bbox 1596 422 1810 479; x_wconf 76' lang='lat' dir='ltr'><strong>oderint</strong></span> <span class='ocrx_word' id='word_1_12' title='bbox 1859 423 2024 479; x_wconf 89' lang='lat' dir='ltr'><strong>Deum</strong></span> 
     </span>
    </p>
   </div>
   <div class='ocr_carea' id='block_1_5' title="bbox 2142 422 3747 504">
    <p class='ocr_par' dir='ltr' id='par_1_5' title="bbox 2155 424 3747 504">
     <span class='ocr_line' id='line_1_5' title="bbox 2155 424 3747 504; baseline 0.009 -27"><span class='ocrx_word' id='word_1_13' title='bbox 2155 425 2412 496; x_wconf 65' lang='grc' dir='ltr'>ςητητέον</span> <span class='ocrx_word' id='word_1_14' title='bbox 2436 424 2489 478; x_wconf 82' lang='grc' dir='ltr'>εἴ</span> <span class='ocrx_word' id='word_1_15' title='bbox 2505 425 2612 479; x_wconf 88' lang='grc' dir='ltr'>εἰσί</span> <span class='ocrx_word' id='word_1_16' title='bbox 2635 443 2777 491; x_wconf 89' lang='grc' dir='ltr'>τινες</span> <span class='ocrx_word' id='word_1_17' title='bbox 2801 426 3086 499; x_wconf 80' lang='grc' dir='ltr'>μισοῦντες</span> <span class='ocrx_word' id='word_1_18' title='bbox 3111 431 3206 485; x_wconf 84' lang='grc' dir='ltr'><strong>τὸν</strong></span> <span class='ocrx_word' id='word_1_19' title='bbox 3243 431 3394 486; x_wconf 78' lang='grc' dir='ltr'>Θεόν</span> <span class='ocrx_word' id='word_1_20' title='bbox 3419 447 3431 462; x_wconf 89' lang='grc'><strong>·</strong></span> <span class='ocrx_word' id='word_1_21' title='bbox 3464 432 3649 497; x_wconf 66' lang='grc' dir='ltr'>οὐδεὶς</span> <span class='ocrx_word' id='word_1_22' title='bbox 3668 441 3747 504; x_wconf 64' lang='grc' dir='ltr'>τέο</span> 
     </span>
    </p>
   </div>
   <div class='ocr_carea' id='block_1_6' title="bbox 471 514 2047 586">
    <p class='ocr_par' dir='ltr' id='par_1_6' title="bbox 471 514 2047 586">
     <span class='ocr_line' id='line_1_6' title="bbox 471 514 2047 586; baseline -0.004 -12"><span class='ocrx_word' id='word_1_23' title='bbox 471 519 664 575; x_wconf 83' lang='lat' dir='ltr'><strong>Nullus</strong></span> <span class='ocrx_word' id='word_1_24' title='bbox 692 518 834 575; x_wconf 89' lang='lat' dir='ltr'><strong>enim</strong></span> <span class='ocrx_word' id='word_1_25' title='bbox 866 516 952 570; x_wconf 85' lang='lat' dir='ltr'><strong>vel</strong></span> <span class='ocrx_word' id='word_1_26' title='bbox 998 529 1186 570; x_wconf 86' lang='lat' dir='ltr'><strong>eorum</strong></span> <span class='ocrx_word' id='word_1_27' title='bbox 1216 515 1308 584; x_wconf 87' lang='lat' dir='ltr'><strong>qui</strong></span> <span class='ocrx_word' id='word_1_28' title='bbox 1355 515 1584 571; x_wconf 88' lang='lat' dir='ltr'><strong>omnino</strong></span> <span class='ocrx_word' id='word_1_29' title='bbox 1616 514 1802 586; x_wconf 84' lang='lat' dir='ltr'><strong>injusti</strong></span> <span class='ocrx_word' id='word_1_30' title='bbox 1838 521 1962 570; x_wconf 93' lang='lat' dir='ltr'><strong>sunt</strong></span> <span class='ocrx_word' id='word_1_31' title='bbox 1993 523 2047 569; x_wconf 92' lang='lat' dir='ltr'><strong>et</strong></span> 
     </span>
    </p>
   </div>
   <div class='ocr_carea' id='block_1_7' title="bbox 473 606 2047 677">
    <p class='ocr_par' dir='ltr' id='par_1_7' title="bbox 473 606 2047 677">
     <span class='ocr_line' id='line_1_7' title="bbox 473 606 2047 677; baseline -0.006 -9"><span class='ocrx_word' id='word_1_32' title='bbox 473 612 637 676; x_wconf 89' lang='lat' dir='ltr'><strong>athei,</strong></span> <span class='ocrx_word' id='word_1_33' title='bbox 671 609 811 666; x_wconf 91' lang='lat' dir='ltr'><strong>istud</strong></span> <span class='ocrx_word' id='word_1_34' title='bbox 842 607 1114 662; x_wconf 72' lang='lat' dir='ltr'><strong>fatebitur.</strong></span> <span class='ocrx_word' id='word_1_35' title='bbox 1136 606 1367 674; x_wconf 85' lang='lat' dir='ltr'><strong>Quinam</strong></span> <span class='ocrx_word' id='word_1_36' title='bbox 1392 622 1520 677; x_wconf 78' lang='lat' dir='ltr'><strong>ergo</strong></span> <span class='ocrx_word' id='word_1_37' title='bbox 1542 616 1666 663; x_wconf 89' lang='lat' dir='ltr'><strong>sunt</strong></span> <span class='ocrx_word' id='word_1_38' title='bbox 1695 607 1785 676; x_wconf 89' lang='lat' dir='ltr'><strong>qui</strong></span> <span class='ocrx_word' id='word_1_39' title='bbox 1814 607 2047 662; x_wconf 88' lang='lat' dir='ltr'><strong>oderunt</strong></span> 
     </span>
    </p>
   </div>
   <div class='ocr_carea' id='block_1_8' title="bbox 469 696 2045 768">
    <p class='ocr_par' dir='ltr' id='par_1_8' title="bbox 469 696 2045 768">
     <span class='ocr_line' id='line_1_8' title="bbox 469 696 2045 768; baseline -0.005 -9"><span class='ocrx_word' id='word_1_40' title='bbox 469 704 686 759; x_wconf 88' lang='lat' dir='ltr'><strong>Deum?</strong></span> <span class='ocrx_word' id='word_1_41' title='bbox 731 700 1004 768; x_wconf 90' lang='lat' dir='ltr'><strong>Quosnam</strong></span> <span class='ocrx_word' id='word_1_42' title='bbox 1047 699 1102 754; x_wconf 92' lang='lat' dir='ltr'><strong>in</strong></span> <span class='ocrx_word' id='word_1_43' title='bbox 1145 697 1395 756; x_wconf 83' lang='lat' dir='ltr'><strong>confesso</strong></span> <span class='ocrx_word' id='word_1_44' title='bbox 1436 709 1522 756; x_wconf 91' lang='lat' dir='ltr'><strong>est</strong></span> <span class='ocrx_word' id='word_1_45' title='bbox 1569 700 1751 755; x_wconf 90' lang='lat' dir='ltr'><strong>odisse</strong></span> <span class='ocrx_word' id='word_1_46' title='bbox 1781 696 1965 755; x_wconf 82' lang='lat' dir='ltr'><strong>Jesum</strong></span> <span class='ocrx_word' id='word_1_47' title='bbox 1992 705 2045 753; x_wconf 92' lang='lat' dir='ltr'><strong>et</strong></span> 
     </span>
    </p>
   </div>
   <div class='ocr_carea' id='block_1_9' title="bbox 468 791 2044 859">
    <p class='ocr_par' dir='ltr' id='par_1_9' title="bbox 468 791 2044 859">
     <span class='ocr_line' id='line_1_9' title="bbox 468 791 2044 859; baseline -0.003 -8"><span class='ocrx_word' id='word_1_48' title='bbox 468 796 933 851; x_wconf 86' lang='lat' dir='ltr'><strong>anathematizare</strong></span> <span class='ocrx_word' id='word_1_49' title='bbox 970 792 1155 859; x_wconf 71' lang='lat' dir='ltr'><strong>?Qua:</strong></span> <span class='ocrx_word' id='word_1_50' title='bbox 1193 803 1384 848; x_wconf 90' lang='lat' dir='ltr'><strong>contra</strong></span> <span class='ocrx_word' id='word_1_51' title='bbox 1433 793 1581 848; x_wconf 91' lang='lat' dir='ltr'><strong>illum</strong></span> <span class='ocrx_word' id='word_1_52' title='bbox 1636 791 1795 857; x_wconf 83' lang='lat' dir='ltr'><strong>fiunt,</strong></span> <span class='ocrx_word' id='word_1_53' title='bbox 1823 791 2044 847; x_wconf 89' lang='lat' dir='ltr'><strong>omnino</strong></span> 
     </span>
    </p>
   </div>
   <div class='ocr_carea' id='block_1_10' title="bbox 469 881 2046 953">
    <p class='ocr_par' dir='ltr' id='par_1_10' title="bbox 469 881 2046 953">
     <span class='ocr_line' id='line_1_10' title="bbox 469 881 2046 953; baseline -0.003 -13"><span class='ocrx_word' id='word_1_54' title='bbox 469 887 532 940; x_wconf 86' lang='lat' dir='ltr'><strong>ad</strong></span> <span class='ocrx_word' id='word_1_55' title='bbox 576 886 790 940; x_wconf 82' lang='lat' dir='ltr'><strong>Patrem</strong></span> <span class='ocrx_word' id='word_1_56' title='bbox 851 882 1186 940; x_wconf 83' lang='lat' dir='ltr'><strong>referuntur.</strong></span> <span class='ocrx_word' id='word_1_57' title='bbox 1222 883 1289 938; x_wconf 86' lang='lat' dir='ltr'><strong>Et</strong></span> <span class='ocrx_word' id='word_1_58' title='bbox 1322 883 1504 939; x_wconf 88' lang='lat' dir='ltr'><strong>omnis</strong></span> <span class='ocrx_word' id='word_1_59' title='bbox 1550 884 1639 953; x_wconf 90' lang='lat' dir='ltr'><strong>qui</strong></span> <span class='ocrx_word' id='word_1_60' title='bbox 1685 891 1894 952; x_wconf 82' lang='lat' dir='ltr'><strong>peccat,</strong></span> <span class='ocrx_word' id='word_1_61' title='bbox 1933 881 2046 938; x_wconf 90' lang='lat' dir='ltr'><strong>odit</strong></span> 
     </span>
    </p>
   </div>
   <div class='ocr_carea' id='block_1_11' title="bbox 468 974 2042 1046">
    <p class='ocr_par' dir='ltr' id='par_1_11' title="bbox 468 974 2042 1046">
     <span class='ocr_line' id='line_1_11' title="bbox 468 974 2042 1046; baseline -0.002 -14"><span class='ocrx_word' id='word_1_62' title='bbox 468 978 653 1040; x_wconf 86' lang='lat' dir='ltr'><strong>Deum,</strong></span> <span class='ocrx_word' id='word_1_63' title='bbox 691 976 778 1030; x_wconf 85' lang='lat' dir='ltr'><strong>vel</strong></span> <span class='ocrx_word' id='word_1_64' title='bbox 829 975 1153 1046; x_wconf 85' lang='lat' dir='ltr'><strong>sapientiam</strong></span> <span class='ocrx_word' id='word_1_65' title='bbox 1191 984 1565 1042; x_wconf 87' lang='lat' dir='ltr'><strong>contemnens,</strong></span> <span class='ocrx_word' id='word_1_66' title='bbox 1602 977 1704 1032; x_wconf 89' lang='lat' dir='ltr'><strong>hoc</strong></span> <span class='ocrx_word' id='word_1_67' title='bbox 1742 984 1844 1042; x_wconf 89' lang='lat' dir='ltr'><strong>est,</strong></span> <span class='ocrx_word' id='word_1_68' title='bbox 1884 974 2042 1029; x_wconf 87' lang='lat' dir='ltr'><strong>Chri-</strong></span> 
     </span>
    </p>
   </div>
   <div class='ocr_carea' id='block_1_12' title="bbox 466 1065 2044 1138">
    <p class='ocr_par' dir='ltr' id='par_1_12' title="bbox 466 1065 2044 1138">
     <span class='ocr_line' id='line_1_12' title="bbox 466 1065 2044 1138; baseline -0.002 -15"><span class='ocrx_word' id='word_1_69' title='bbox 466 1078 634 1132; x_wconf 87' lang='lat' dir='ltr'><strong>stum,</strong></span> <span class='ocrx_word' id='word_1_70' title='bbox 661 1065 1033 1135; x_wconf 89' lang='lat' dir='ltr'><strong>vcljustitiam</strong></span> <span class='ocrx_word' id='word_1_71' title='bbox 1081 1066 1206 1122; x_wconf 90' lang='lat' dir='ltr'><strong>odio</strong></span> <span class='ocrx_word' id='word_1_72' title='bbox 1243 1067 1454 1124; x_wconf 85' lang='lat' dir='ltr'><strong>habens</strong></span> <span class='ocrx_word' id='word_1_73' title='bbox 1489 1078 1544 1123; x_wconf 93' lang='lat' dir='ltr'><strong>et</strong></span> <span class='ocrx_word' id='word_1_74' title='bbox 1581 1083 1814 1138; x_wconf 88' lang='lat' dir='ltr'><strong>operans</strong></span> <span class='ocrx_word' id='word_1_75' title='bbox 1846 1066 2044 1136; x_wconf 87' lang='lat' dir='ltr'><strong>iniqui-</strong></span> 
     </span>
    </p>
   </div>
   <div class='ocr_carea' id='block_1_13' title="bbox 471 1158 2044 1230">
    <p class='ocr_par' dir='ltr' id='par_1_13' title="bbox 471 1158 2044 1230">
     <span class='ocr_line' id='line_1_13' title="bbox 471 1158 2044 1230; baseline -0.001 -15"><span class='ocrx_word' id='word_1_76' title='bbox 471 1171 656 1215; x_wconf 87' lang='lat' dir='ltr'><strong>tatem.</strong></span> <span class='ocrx_word' id='word_1_77' title='bbox 685 1160 750 1216; x_wconf 86' lang='lat' dir='ltr'><strong>Et</strong></span> <span class='ocrx_word' id='word_1_78' title='bbox 792 1161 1045 1230; x_wconf 87' lang='lat' dir='ltr'><strong>quoniam</strong></span> <span class='ocrx_word' id='word_1_79' title='bbox 1088 1158 1301 1229; x_wconf 80' lang='lat' dir='ltr'><strong>iustitia</strong></span> <span class='ocrx_word' id='word_1_80' title='bbox 1335 1170 1416 1216; x_wconf 89' lang='lat' dir='ltr'><strong>est</strong></span> <span class='ocrx_word' id='word_1_81' title='bbox 1466 1162 1740 1226; x_wconf 66' lang='lat' dir='ltr'><strong>Christus,</strong></span> <span class='ocrx_word' id='word_1_82' title='bbox 1794 1159 1885 1229; x_wconf 90' lang='lat' dir='ltr'><strong>qui</strong></span> <span class='ocrx_word' id='word_1_83' title='bbox 1929 1161 2044 1214; x_wconf 88' lang='lat' dir='ltr'><strong>odit</strong></span> 
     </span>
    </p>
   </div>
   <div class='ocr_carea' id='block_1_14' title="bbox 464 1249 2045 1320">
    <p class='ocr_par' dir='ltr' id='par_1_14' title="bbox 464 1249 2045 1320">
     <span class='ocr_line' id='line_1_14' title="bbox 464 1249 2045 1320; baseline -0.004 -13"><span class='ocrx_word' id='word_1_84' title='bbox 464 1252 742 1308; x_wconf 83' lang='lat' dir='ltr'><strong>Christum</strong></span> <span class='ocrx_word' id='word_1_85' title='bbox 771 1250 1060 1320; x_wconf 88' lang='lat' dir='ltr'><strong>justitiam,</strong></span> <span class='ocrx_word' id='word_1_86' title='bbox 1107 1249 1224 1304; x_wconf 89' lang='lat' dir='ltr'><strong>odit</strong></span> <span class='ocrx_word' id='word_1_87' title='bbox 1266 1259 1320 1304; x_wconf 91' lang='lat' dir='ltr'><strong>et</strong></span> <span class='ocrx_word' id='word_1_88' title='bbox 1369 1250 1556 1305; x_wconf 91' lang='lat' dir='ltr'><strong>Deum.</strong></span> <span class='ocrx_word' id='word_1_89' title='bbox 1589 1249 1723 1304; x_wconf 88' lang='lat' dir='ltr'><strong>Cum</strong></span> <span class='ocrx_word' id='word_1_90' title='bbox 1757 1259 1934 1304; x_wconf 89' lang='lat' dir='ltr'><strong>autem</strong></span> <span class='ocrx_word' id='word_1_91' title='bbox 1983 1249 2045 1301; x_wconf 83' lang='lat' dir='ltr'><strong>li-</strong></span> 
     </span>
    </p>
   </div>
   <div class='ocr_carea' id='block_1_15' title="bbox 464 1340 2044 1414">
    <p class='ocr_par' dir='ltr' id='par_1_15' title="bbox 464 1340 2044 1414">
     <span class='ocr_line' id='line_1_15' title="bbox 464 1340 2044 1414; baseline -0.002 -16"><span class='ocrx_word' id='word_1_92' title='bbox 464 1352 627 1414; x_wconf 90' lang='lat' dir='ltr'><strong>queat</strong></span> <span class='ocrx_word' id='word_1_93' title='bbox 656 1345 780 1413; x_wconf 87' lang='lat' dir='ltr'><strong>quis</strong></span> <span class='ocrx_word' id='word_1_94' title='bbox 808 1343 984 1397; x_wconf 89' lang='lat' dir='ltr'><strong>oderit</strong></span> <span class='ocrx_word' id='word_1_95' title='bbox 1009 1343 1198 1407; x_wconf 91' lang='lat' dir='ltr'><strong>Deum,</strong></span> <span class='ocrx_word' id='word_1_96' title='bbox 1233 1343 1333 1397; x_wconf 87' lang='lat' dir='ltr'><strong>nisi</strong></span> <span class='ocrx_word' id='word_1_97' title='bbox 1367 1341 1650 1410; x_wconf 80' lang='lat' dir='ltr'><strong>diligenter</strong></span> <span class='ocrx_word' id='word_1_98' title='bbox 1673 1340 2044 1411; x_wconf 85' lang='lat' dir='ltr'><strong>expendamus</strong></span> 
     </span>
    </p>
   </div>
   <div class='ocr_carea' id='block_1_16' title="bbox 462 1433 2038 1507">
    <p class='ocr_par' dir='ltr' id='par_1_16' title="bbox 462 1433 2038 1507">
     <span class='ocr_line' id='line_1_16' title="bbox 462 1433 2038 1507; baseline -0.001 -19"><span class='ocrx_word' id='word_1_99' title='bbox 462 1436 593 1507; x_wconf 88' lang='lat' dir='ltr'><strong>quid</strong></span> <span class='ocrx_word' id='word_1_100' title='bbox 635 1436 709 1489; x_wconf 89' lang='lat' dir='ltr'><strong>sit</strong></span> <span class='ocrx_word' id='word_1_101' title='bbox 742 1435 916 1489; x_wconf 88' lang='lat' dir='ltr'><strong>illud:</strong></span> <span class='ocrx_word' id='word_1_102' title='bbox 961 1453 978 1486; x_wconf 78' lang='grc' dir='ltr'><strong>ι</strong></span> <span class='ocrx_word' id='word_1_103' title='bbox 1019 1433 1209 1489; x_wconf 84' lang='lat' dir='ltr'><strong>Nonne</strong></span> <span class='ocrx_word' id='word_1_104' title='bbox 1253 1438 1342 1504; x_wconf 88' lang='lat' dir='ltr'><strong>qui</strong></span> <span class='ocrx_word' id='word_1_105' title='bbox 1395 1435 1628 1488; x_wconf 87' lang='lat' dir='ltr'><strong>oderunt</strong></span> <span class='ocrx_word' id='word_1_106' title='bbox 1676 1442 1760 1498; x_wconf 89' lang='lat' dir='ltr'><strong>te,</strong></span> <span class='ocrx_word' id='word_1_107' title='bbox 1795 1433 2038 1499; x_wconf 89' lang='lat' dir='ltr'><strong>Domine,</strong></span> 
     </span>
    </p>
   </div>
   <div class='ocr_carea' id='block_1_17' title="bbox 463 1525 2043 1598">
    <p class='ocr_par' dir='ltr' id='par_1_17' title="bbox 463 1525 2043 1598">
     <span class='ocr_line' id='line_1_17' title="bbox 463 1525 2043 1598; baseline -0.003 -13"><span class='ocrx_word' id='word_1_108' title='bbox 463 1529 721 1585; x_wconf 85' lang='lat' dir='ltr'><strong>oderam?</strong></span> <span class='ocrx_word' id='word_1_109' title='bbox 743 1549 761 1582; x_wconf 87' lang='grc'><strong>›</strong></span> <span class='ocrx_word' id='word_1_110' title='bbox 785 1543 973 1585; x_wconf 90' lang='lat' dir='ltr'><strong>omnes</strong></span> <span class='ocrx_word' id='word_1_111' title='bbox 998 1527 1265 1593; x_wconf 89' lang='lat' dir='ltr'><strong>homines,</strong></span> <span class='ocrx_word' id='word_1_112' title='bbox 1287 1527 1472 1598; x_wconf 86' lang='lat' dir='ltr'><strong>paucis</strong></span> <span class='ocrx_word' id='word_1_113' title='bbox 1501 1525 1766 1594; x_wconf 88' lang='lat' dir='ltr'><strong>exceptis,</strong></span> <span class='ocrx_word' id='word_1_114' title='bbox 1793 1526 1916 1579; x_wconf 79' lang='lat' dir='ltr'><strong>odio</strong></span> <span class='ocrx_word' id='word_1_115' title='bbox 1949 1527 2043 1580; x_wconf 77' lang='lat' dir='ltr'><strong>lia-</strong></span> 
     </span>
    </p>
   </div>
   <div class='ocr_carea' id='block_1_18' title="bbox 463 1619 2044 1690">
    <p class='ocr_par' dir='ltr' id='par_1_18' title="bbox 463 1619 2044 1690">
     <span class='ocr_line' id='line_1_18' title="bbox 463 1619 2044 1690; baseline -0.004 -12"><span class='ocrx_word' id='word_1_116' title='bbox 463 1622 876 1685; x_wconf 84' lang='lat' dir='ltr'><strong>bebimus,cum</strong></span> <span class='ocrx_word' id='word_1_117' title='bbox 901 1620 1058 1677; x_wconf 84' lang='lat' dir='ltr'><strong>valde</strong></span> <span class='ocrx_word' id='word_1_118' title='bbox 1084 1622 1241 1690; x_wconf 84' lang='lat' dir='ltr'><strong>pauci</strong></span> <span class='ocrx_word' id='word_1_119' title='bbox 1266 1621 1376 1674; x_wconf 89' lang='lat' dir='ltr'><strong>sint</strong></span> <span class='ocrx_word' id='word_1_120' title='bbox 1409 1620 1497 1687; x_wconf 90' lang='lat' dir='ltr'><strong>qui</strong></span> <span class='ocrx_word' id='word_1_121' title='bbox 1531 1619 1782 1688; x_wconf 89' lang='lat' dir='ltr'><strong>operibus</strong></span> <span class='ocrx_word' id='word_1_122' title='bbox 1813 1620 2044 1689; x_wconf 87' lang='lat' dir='ltr'><strong>probent</strong></span> 
     </span>
    </p>
   </div>
   <div class='ocr_carea' id='block_1_19' title="bbox 460 1711 2038 1781">
    <p class='ocr_par' dir='ltr' id='par_1_19' title="bbox 460 1711 2038 1781">
     <span class='ocr_line' id='line_1_19' title="bbox 460 1711 2038 1781; baseline -0.003 -12"><span class='ocrx_word' id='word_1_123' title='bbox 460 1728 520 1769; x_wconf 86' lang='lat' dir='ltr'><strong>se</strong></span> <span class='ocrx_word' id='word_1_124' title='bbox 574 1727 761 1768; x_wconf 87' lang='lat' dir='ltr'><strong>amare</strong></span> <span class='ocrx_word' id='word_1_125' title='bbox 798 1711 988 1768; x_wconf 90' lang='lat' dir='ltr'><strong>Deum.</strong></span> <span class='ocrx_word' id='word_1_126' title='bbox 1039 1713 1178 1778; x_wconf 85' lang='lat' dir='ltr'><strong>Quid</strong></span> <span class='ocrx_word' id='word_1_127' title='bbox 1233 1727 1363 1766; x_wconf 89' lang='lat' dir='ltr'><strong>vero</strong></span> <span class='ocrx_word' id='word_1_128' title='bbox 1413 1711 1703 1766; x_wconf 87' lang='lat' dir='ltr'><strong>absurdius</strong></span> <span class='ocrx_word' id='word_1_129' title='bbox 1761 1711 1832 1766; x_wconf 86' lang='lat' dir='ltr'><strong>sit</strong></span> <span class='ocrx_word' id='word_1_130' title='bbox 1880 1726 2038 1781; x_wconf 83' lang='lat' dir='ltr'><strong>quam</strong></span> 
     </span>
    </p>
   </div>
   <div class='ocr_carea' id='block_1_20' title="bbox 2152 515 3748 591">
    <p class='ocr_par' dir='ltr' id='par_1_20' title="bbox 2152 515 3748 591">
     <span class='ocr_line' id='line_1_20' title="bbox 2152 515 3748 591; baseline 0.009 -22"><span class='ocrx_word' id='word_1_131' title='bbox 2152 516 2218 569; x_wconf 85' lang='grc' dir='ltr'><strong>ἂν</strong></span> <span class='ocrx_word' id='word_1_132' title='bbox 2259 515 2416 570; x_wconf 78' lang='grc' dir='ltr'>τοῦτο</span> <span class='ocrx_word' id='word_1_133' title='bbox 2451 518 2837 591; x_wconf 81' lang='grc' dir='ltr'>ὁμολογήσειεν</span> <span class='ocrx_word' id='word_1_134' title='bbox 2880 521 2999 575; x_wconf 77' lang='grc' dir='ltr'>οὐδὲ</span> <span class='ocrx_word' id='word_1_135' title='bbox 3031 522 3140 578; x_wconf 85' lang='grc' dir='ltr'><strong>τῶν</strong></span> <span class='ocrx_word' id='word_1_136' title='bbox 3180 525 3404 587; x_wconf 85' lang='grc' dir='ltr'>τελέως</span> <span class='ocrx_word' id='word_1_137' title='bbox 3449 525 3656 579; x_wconf 76' lang='grc' dir='ltr'>ἀδίκων</span> <span class='ocrx_word' id='word_1_138' title='bbox 3681 537 3748 584; x_wconf 65' lang='lat' dir='ltr'><strong>u’.</strong></span> 
     </span>
    </p>
   </div>
   <div class='ocr_carea' id='block_1_21' title="bbox 2153 605 3747 688">
    <p class='ocr_par' dir='ltr' id='par_1_21' title="bbox 2153 605 3747 688">
     <span class='ocr_line' id='line_1_21' title="bbox 2153 605 3747 688; baseline 0.006 -24"><span class='ocrx_word' id='word_1_139' title='bbox 2153 605 2350 666; x_wconf 68' lang='grc' dir='ltr'>ἀθέων.</span> <span class='ocrx_word' id='word_1_140' title='bbox 2384 611 2543 675; x_wconf 90' lang='grc' dir='ltr'>Τίνες</span> <span class='ocrx_word' id='word_1_141' title='bbox 2571 607 2664 667; x_wconf 80' lang='grc' dir='ltr'>οὖν</span> <span class='ocrx_word' id='word_1_142' title='bbox 2692 616 2828 668; x_wconf 78' lang='grc' dir='ltr'>εἰσιν</span> <span class='ocrx_word' id='word_1_143' title='bbox 2856 617 2904 669; x_wconf 92' lang='grc' dir='ltr'>οἱ</span> <span class='ocrx_word' id='word_1_144' title='bbox 2940 617 3232 688; x_wconf 77' lang='grc' dir='ltr'>μισοῦντες</span> <span class='ocrx_word' id='word_1_145' title='bbox 3255 619 3361 671; x_wconf 82' lang='grc' dir='ltr'><strong>τὸν</strong></span> <span class='ocrx_word' id='word_1_146' title='bbox 3400 618 3657 688; x_wconf 72' lang='grc' dir='ltr'>Κύριον;</span> <span class='ocrx_word' id='word_1_147' title='bbox 3684 624 3747 674; x_wconf 78' lang='lat' dir='ltr'><strong>Ti-</strong></span> 
     </span>
    </p>
   </div>
   <div class='ocr_carea' id='block_1_22' title="bbox 2152 700 3747 781">
    <p class='ocr_par' dir='ltr' id='par_1_22' title="bbox 2152 700 3747 781">
     <span class='ocr_line' id='line_1_22' title="bbox 2152 700 3747 781; baseline 0.008 -27"><span class='ocrx_word' id='word_1_148' title='bbox 2152 719 2242 765; x_wconf 91' lang='grc' dir='ltr'><strong>νες</strong></span> <span class='ocrx_word' id='word_1_149' title='bbox 2269 700 2711 775; x_wconf 79' lang='grc' dir='ltr'><strong>ὁμολογουμένως</strong></span> <span class='ocrx_word' id='word_1_150' title='bbox 2743 705 2957 776; x_wconf 74' lang='grc' dir='ltr'>μισοῦσι</span> <span class='ocrx_word' id='word_1_151' title='bbox 2985 707 3074 760; x_wconf 84' lang='grc' dir='ltr'><strong>τὸν</strong></span> <span class='ocrx_word' id='word_1_152' title='bbox 3116 709 3362 781; x_wconf 79' lang='grc' dir='ltr'>Ἰησοῦν,</span> <span class='ocrx_word' id='word_1_153' title='bbox 3405 726 3512 762; x_wconf 81' lang='grc' dir='ltr'><strong>και</strong></span> <span class='ocrx_word' id='word_1_154' title='bbox 3544 728 3747 766; x_wconf 66' lang='grc' dir='ltr'>κατεῖσε-</span> 
     </span>
    </p>
   </div>
   <div class='ocr_carea' id='block_1_23' title="bbox 2153 792 3748 871">
    <p class='ocr_par' dir='ltr' id='par_1_23' title="bbox 2153 792 3748 871">
     <span class='ocr_line' id='line_1_23' title="bbox 2153 792 3748 871; baseline 0.005 -23"><span class='ocrx_word' id='word_1_155' title='bbox 2153 792 2534 866; x_wconf 78' lang='grc' dir='ltr'>Θεματίζουσιν</span> <span class='ocrx_word' id='word_1_156' title='bbox 2574 796 2770 863; x_wconf 78' lang='grc' dir='ltr'>αὐτόν;</span> <span class='ocrx_word' id='word_1_157' title='bbox 2805 797 2885 850; x_wconf 87' lang='grc' dir='ltr'><strong>Τά</strong></span> <span class='ocrx_word' id='word_1_158' title='bbox 2914 797 2969 851; x_wconf 82' lang='grc' dir='ltr'>δὲ</span> <span class='ocrx_word' id='word_1_159' title='bbox 3000 799 3260 871; x_wconf 81' lang='grc' dir='ltr'>γινόμενα</span> <span class='ocrx_word' id='word_1_160' title='bbox 3293 803 3393 865; x_wconf 81' lang='grc' dir='ltr'>εἰς</span> <span class='ocrx_word' id='word_1_161' title='bbox 3435 801 3612 855; x_wconf 71' lang='grc' dir='ltr'>αὐτὸν</span> <span class='ocrx_word' id='word_1_162' title='bbox 3644 809 3748 858; x_wconf 65' lang='grc' dir='ltr'><strong>πὲρ-</strong></span> 
     </span>
    </p>
   </div>
   <div class='ocr_carea' id='block_1_24' title="bbox 2150 886 3748 966">
    <p class='ocr_par' dir='ltr' id='par_1_24' title="bbox 2150 886 3748 966">
     <span class='ocr_line' id='line_1_24' title="bbox 2150 886 3748 966; baseline 0.004 -27"><span class='ocrx_word' id='word_1_163' title='bbox 2150 903 2259 949; x_wconf 88' lang='grc' dir='ltr'><strong>τως</strong></span> <span class='ocrx_word' id='word_1_164' title='bbox 2287 888 2366 949; x_wconf 83' lang='grc' dir='ltr'><strong>εἰς</strong></span> <span class='ocrx_word' id='word_1_165' title='bbox 2398 886 2489 939; x_wconf 92' lang='grc' dir='ltr'><strong>τὸν</strong></span> <span class='ocrx_word' id='word_1_166' title='bbox 2524 886 2742 958; x_wconf 81' lang='grc' dir='ltr'><strong>Πατέρα</strong></span> <span class='ocrx_word' id='word_1_167' title='bbox 2787 887 3137 962; x_wconf 79' lang='grc' dir='ltr'>ἀναφέρεται.</span> <span class='ocrx_word' id='word_1_168' title='bbox 3171 893 3286 944; x_wconf 72' lang='grc' dir='ltr'><strong>Καὶ</strong></span> <span class='ocrx_word' id='word_1_169' title='bbox 3340 893 3470 955; x_wconf 69' lang='grc' dir='ltr'><strong>πᾶς</strong></span> <span class='ocrx_word' id='word_1_170' title='bbox 3520 893 3579 946; x_wconf 78' lang='grc' dir='ltr'>δὲ</span> <span class='ocrx_word' id='word_1_171' title='bbox 3608 895 3748 966; x_wconf 64' lang='grc' dir='ltr'>ἀμαρ-</span> 
     </span>
    </p>
   </div>
   <div class='ocr_carea' id='block_1_25' title="bbox 2150 975 3745 1052">
    <p class='ocr_par' dir='ltr' id='par_1_25' title="bbox 2150 975 3745 1052">
     <span class='ocr_line' id='line_1_25' title="bbox 2150 975 3745 1052; baseline 0.006 -22"><span class='ocrx_word' id='word_1_172' title='bbox 2150 975 2325 1030; x_wconf 88' lang='grc' dir='ltr'>τάνων</span> <span class='ocrx_word' id='word_1_173' title='bbox 2372 980 2521 1047; x_wconf 86' lang='grc' dir='ltr'>μισεῖ</span> <span class='ocrx_word' id='word_1_174' title='bbox 2562 978 2651 1031; x_wconf 87' lang='grc' dir='ltr'><strong>τὸν</strong></span> <span class='ocrx_word' id='word_1_175' title='bbox 2697 977 2848 1043; x_wconf 89' lang='grc' dir='ltr'>Θεὸν,</span> <span class='ocrx_word' id='word_1_176' title='bbox 2893 979 2926 1051; x_wconf 84' lang='grc' dir='ltr'>ἢ</span> <span class='ocrx_word' id='word_1_177' title='bbox 2968 981 3068 1052; x_wconf 82' lang='grc' dir='ltr'>τὴν</span> <span class='ocrx_word' id='word_1_178' title='bbox 3117 983 3322 1052; x_wconf 61' lang='grc' dir='ltr'>σοφίαν</span> <span class='ocrx_word' id='word_1_179' title='bbox 3385 982 3745 1049; x_wconf 54' lang='grc' dir='ltr'>ἐξευτελίξιέείι,</span> 
     </span>
    </p>
   </div>
   <div class='ocr_carea' id='block_1_26' title="bbox 2150 1068 3748 1143">
    <p class='ocr_par' dir='ltr' id='par_1_26' title="bbox 2150 1068 3748 1143">
     <span class='ocr_line' id='line_1_26' title="bbox 2150 1068 3748 1143; baseline 0.006 -24"><span class='ocrx_word' id='word_1_180' title='bbox 2150 1068 2400 1120; x_wconf 83' lang='grc' dir='ltr'><strong>τουτέστι</strong></span> <span class='ocrx_word' id='word_1_181' title='bbox 2435 1068 2525 1120; x_wconf 88' lang='grc' dir='ltr'><strong>τὸν</strong></span> <span class='ocrx_word' id='word_1_182' title='bbox 2566 1068 2822 1140; x_wconf 85' lang='grc' dir='ltr'>Χριστὸν,</span> <span class='ocrx_word' id='word_1_183' title='bbox 2855 1069 2886 1142; x_wconf 76' lang='grc' dir='ltr'>ἦ</span> <span class='ocrx_word' id='word_1_184' title='bbox 2918 1071 3016 1140; x_wconf 78' lang='grc' dir='ltr'><strong>τὴν</strong></span> <span class='ocrx_word' id='word_1_185' title='bbox 3057 1070 3428 1142; x_wconf 74' lang='grc' dir='ltr'>δικαιοσύνην</span> <span class='ocrx_word' id='word_1_186' title='bbox 3471 1076 3650 1143; x_wconf 76' lang='grc' dir='ltr'>μισῶν</span> <span class='ocrx_word' id='word_1_187' title='bbox 3679 1083 3748 1131; x_wconf 58' lang='lat' dir='ltr'><strong>vi</strong></span> 
     </span>
    </p>
   </div>
   <div class='ocr_carea' id='block_1_27' title="bbox 2151 1157 3743 1236">
    <p class='ocr_par' dir='ltr' id='par_1_27' title="bbox 2151 1157 3743 1236">
     <span class='ocr_line' id='line_1_27' title="bbox 2151 1157 3743 1236; baseline 0.005 -26"><span class='ocrx_word' id='word_1_188' title='bbox 2151 1158 2515 1230; x_wconf 78' lang='grc' dir='ltr'><strong>ἐργαζόμενος</strong></span> <span class='ocrx_word' id='word_1_189' title='bbox 2547 1157 2642 1230; x_wconf 76' lang='grc' dir='ltr'>τὴν</span> <span class='ocrx_word' id='word_1_190' title='bbox 2668 1159 2917 1230; x_wconf 88' lang='grc' dir='ltr'>ἀνομίαν.</span> <span class='ocrx_word' id='word_1_191' title='bbox 2951 1161 3060 1214; x_wconf 73' lang='grc' dir='ltr'>Καὶ</span> <span class='ocrx_word' id='word_1_192' title='bbox 3094 1164 3218 1216; x_wconf 78' lang='grc' dir='ltr'>ἐπεὶ</span> <span class='ocrx_word' id='word_1_193' title='bbox 3247 1164 3599 1236; x_wconf 69' lang='grc' dir='ltr'>δικαιοσύνη</span> 
     </span>
    </p>
   </div>
   <div class='ocr_carea' id='block_1_28' title="bbox 2151 1250 3744 1327">
    <p class='ocr_par' dir='ltr' id='par_1_28' title="bbox 2151 1250 3744 1327">
     <span class='ocr_line' id='line_1_28' title="bbox 2151 1250 3744 1327; baseline 0.004 -24"><span class='ocrx_word' id='word_1_194' title='bbox 2151 1252 2178 1303; x_wconf 92' lang='lat'><strong>6</strong></span> <span class='ocrx_word' id='word_1_195' title='bbox 2204 1250 2456 1323; x_wconf 82' lang='grc' dir='ltr'>Χριστὸς,</span> <span class='ocrx_word' id='word_1_196' title='bbox 2485 1253 2512 1304; x_wconf 97' lang='lat'><strong>6</strong></span> <span class='ocrx_word' id='word_1_197' title='bbox 2543 1251 2716 1323; x_wconf 80' lang='grc' dir='ltr'>μισῶν</span> <span class='ocrx_word' id='word_1_198' title='bbox 2738 1253 2826 1305; x_wconf 82' lang='grc' dir='ltr'><strong>τὸν</strong></span> <span class='ocrx_word' id='word_1_199' title='bbox 2864 1254 3097 1325; x_wconf 85' lang='grc' dir='ltr'>Χριστὸν</span> <span class='ocrx_word' id='word_1_200' title='bbox 3126 1254 3227 1326; x_wconf 76' lang='grc' dir='ltr'>τὴν</span> <span class='ocrx_word' id='word_1_201' title='bbox 3257 1255 3656 1327; x_wconf 66' lang='grc' dir='ltr'>δικαιοσύνην,</span> <span class='ocrx_word' id='word_1_202' title='bbox 3680 1281 3744 1327; x_wconf 66' lang='grc' dir='ltr'>μ.-</span> 
     </span>
    </p>
   </div>
   <div class='ocr_carea' id='block_1_29' title="bbox 2153 1345 3744 1420">
    <p class='ocr_par' dir='ltr' id='par_1_29' title="bbox 2153 1345 3744 1420">
     <span class='ocr_line' id='line_1_29' title="bbox 2153 1345 3744 1420; baseline 0.004 -23"><span class='ocrx_word' id='word_1_203' title='bbox 2153 1347 2234 1397; x_wconf 89' lang='grc' dir='ltr'><strong>σεῖ</strong></span> <span class='ocrx_word' id='word_1_204' title='bbox 2265 1346 2352 1398; x_wconf 89' lang='grc' dir='ltr'><strong>τὸν</strong></span> <span class='ocrx_word' id='word_1_205' title='bbox 2388 1345 2541 1398; x_wconf 81' lang='grc' dir='ltr'>Θεόν.</span> <span class='ocrx_word' id='word_1_206' title='bbox 2574 1345 2814 1417; x_wconf 80' lang='grc' dir='ltr'>Φανεροῢ</span> <span class='ocrx_word' id='word_1_207' title='bbox 2847 1346 2902 1398; x_wconf 81' lang='grc' dir='ltr'><strong>δὲ</strong></span> <span class='ocrx_word' id='word_1_208' title='bbox 2936 1348 3228 1418; x_wconf 58' lang='grc' dir='ltr'>γενομένου</span> <span class='ocrx_word' id='word_1_209' title='bbox 3263 1351 3362 1414; x_wconf 86' lang='grc' dir='ltr'><strong>τίς</strong></span> <span class='ocrx_word' id='word_1_210' title='bbox 3397 1351 3432 1401; x_wconf 87' lang='lat'><strong>6</strong></span> <span class='ocrx_word' id='word_1_211' title='bbox 3474 1351 3650 1420; x_wconf 71' lang='grc' dir='ltr'>μισῶν</span> <span class='ocrx_word' id='word_1_212' title='bbox 3677 1353 3744 1403; x_wconf 60' lang='grc' dir='ltr'>τὶν</span> 
     </span>
    </p>
   </div>
   <div class='ocr_carea' id='block_1_30' title="bbox 2150 1433 3742 1510">
    <p class='ocr_par' dir='ltr' id='par_1_30' title="bbox 2150 1433 3742 1510">
     <span class='ocr_line' id='line_1_30' title="bbox 2150 1433 3742 1510; baseline 0.003 -23"><span class='ocrx_word' id='word_1_213' title='bbox 2150 1433 2300 1499; x_wconf 88' lang='grc' dir='ltr'>Θεὸν,</span> <span class='ocrx_word' id='word_1_214' title='bbox 2322 1435 2414 1488; x_wconf 77' lang='grc' dir='ltr'>ἐὰν</span> <span class='ocrx_word' id='word_1_215' title='bbox 2441 1436 2514 1506; x_wconf 78' lang='grc' dir='ltr'>μὴ</span> <span class='ocrx_word' id='word_1_216' title='bbox 2543 1435 2938 1507; x_wconf 80' lang='grc' dir='ltr'>ἀκριϐώσωμεν</span> <span class='ocrx_word' id='word_1_217' title='bbox 2963 1437 3014 1489; x_wconf 90' lang='grc' dir='ltr'><strong>τί</strong></span> <span class='ocrx_word' id='word_1_218' title='bbox 3039 1438 3265 1504; x_wconf 70' lang='grc' dir='ltr'>ἔστιτὸ,</span> <span class='ocrx_word' id='word_1_219' title='bbox 3292 1458 3311 1492; x_wconf 81' lang='grc' dir='ltr'><strong>ι</strong></span> <span class='ocrx_word' id='word_1_220' title='bbox 3343 1440 3500 1509; x_wconf 73' lang='grc' dir='ltr'><strong>υῦχὶ</strong></span> <span class='ocrx_word' id='word_1_221' title='bbox 3535 1441 3658 1504; x_wconf 59' lang='grc' dir='ltr'>τοὺς</span> 
     </span>
    </p>
   </div>
   <div class='ocr_carea' id='block_1_31' title="bbox 2154 1526 3742 1604">
    <p class='ocr_par' dir='ltr' id='par_1_31' title="bbox 2154 1526 3742 1604">
     <span class='ocr_line' id='line_1_31' title="bbox 2154 1526 3742 1604; baseline 0.004 -25"><span class='ocrx_word' id='word_1_222' title='bbox 2154 1526 2378 1590; x_wconf 82' lang='grc' dir='ltr'>σοῦντάς</span> <span class='ocrx_word' id='word_1_223' title='bbox 2402 1544 2480 1590; x_wconf 86' lang='grc' dir='ltr'><strong>σε,</strong></span> <span class='ocrx_word' id='word_1_224' title='bbox 2509 1527 2700 1599; x_wconf 83' lang='grc' dir='ltr'>Κύριε,</span> <span class='ocrx_word' id='word_1_225' title='bbox 2731 1529 2968 1600; x_wconf 77' lang='grc' dir='ltr'>ἐμίσησα</span> <span class='ocrx_word' id='word_1_226' title='bbox 2990 1548 3004 1596; x_wconf 88' lang='grc'>;</span> <span class='ocrx_word' id='word_1_227' title='bbox 3030 1548 3048 1583; x_wconf 74' lang='grc' dir='ltr'><strong>ι</strong></span> <span class='ocrx_word' id='word_1_228' title='bbox 3076 1531 3292 1596; x_wconf 77' lang='grc' dir='ltr'>πάντας</span> <span class='ocrx_word' id='word_1_229' title='bbox 3317 1531 3663 1603; x_wconf 70' lang='grc' dir='ltr'>ἀνθρώπους</span> <span class='ocrx_word' id='word_1_230' title='bbox 3682 1554 3742 1604; x_wconf 64' lang='grc' dir='ltr'>μ-</span> 
     </span>
    </p>
   </div>
   <div class='ocr_carea' id='block_1_32' title="bbox 2152 1618 3738 1692">
    <p class='ocr_par' dir='ltr' id='par_1_32' title="bbox 2152 1618 3738 1692">
     <span class='ocr_line' id='line_1_32' title="bbox 2152 1618 3738 1692; baseline 0.004 -23"><span class='ocrx_word' id='word_1_231' title='bbox 2152 1618 2386 1689; x_wconf 76' lang='grc' dir='ltr'>σήσομεν</span> <span class='ocrx_word' id='word_1_232' title='bbox 2408 1619 2579 1690; x_wconf 81' lang='grc' dir='ltr'>παρὲξ</span> <span class='ocrx_word' id='word_1_233' title='bbox 2600 1619 2814 1688; x_wconf 85' lang='grc' dir='ltr'>ὀλίγων’</span> <span class='ocrx_word' id='word_1_234' title='bbox 2843 1621 3046 1692; x_wconf 58' lang='grc' dir='ltr'>σψόδρα</span> <span class='ocrx_word' id='word_1_235' title='bbox 3067 1622 3319 1675; x_wconf 82' lang='grc' dir='ltr'>σπανίων</span> <span class='ocrx_word' id='word_1_236' title='bbox 3345 1623 3540 1675; x_wconf 73' lang='grc' dir='ltr'>ὄντων</span> <span class='ocrx_word' id='word_1_237' title='bbox 3561 1625 3661 1675; x_wconf 76' lang='grc' dir='ltr'>τῶν</span> <span class='ocrx_word' id='word_1_238' title='bbox 3675 1625 3738 1676; x_wconf 68' lang='lat'><strong>5:1</strong></span> 
     </span>
    </p>
   </div>
   <div class='ocr_carea' id='block_1_33' title="bbox 2149 1708 3738 1784">
    <p class='ocr_par' dir='ltr' id='par_1_33' title="bbox 2149 1708 3738 1784">
     <span class='ocr_line' id='line_1_33' title="bbox 2149 1708 3738 1784; baseline 0.004 -24"><span class='ocrx_word' id='word_1_239' title='bbox 2149 1708 2256 1760; x_wconf 80' lang='grc' dir='ltr'><strong>τῶν</strong></span> <span class='ocrx_word' id='word_1_240' title='bbox 2282 1708 2456 1781; x_wconf 67' lang='grc' dir='ltr'>ἔργων</span> <span class='ocrx_word' id='word_1_241' title='bbox 2479 1711 3038 1783; x_wconf 76' lang='grc' dir='ltr'>χαρακτηριζομένων</span> <span class='ocrx_word' id='word_1_242' title='bbox 3063 1714 3291 1784; x_wconf 81' lang='grc' dir='ltr'>ἀγαπᾷν</span> <span class='ocrx_word' id='word_1_243' title='bbox 3318 1713 3428 1766; x_wconf 82' lang='grc' dir='ltr'><strong>τὸν</strong></span> <span class='ocrx_word' id='word_1_244' title='bbox 3452 1713 3614 1766; x_wconf 75' lang='grc' dir='ltr'>Θεό-ι.</span> <span class='ocrx_word' id='word_1_245' title='bbox 3641 1717 3738 1767; x_wconf 59' lang='lat' dir='ltr'><strong>Tai-</strong></span> 
     </span>
    </p>
   </div>
   <div class='ocr_carea' id='block_1_34' title="bbox 459 1797 2031 1878">
    <p class='ocr_par' dir='ltr' id='par_1_34' title="bbox 459 1803 2031 1875">
     <span class='ocr_line' id='line_1_34' title="bbox 459 1803 2031 1875; baseline 0.001 -17"><span class='ocrx_word' id='word_1_246' title='bbox 459 1806 701 1861; x_wconf 84' lang='lat' dir='ltr'><strong>avcrsari</strong></span> <span class='ocrx_word' id='word_1_247' title='bbox 721 1812 965 1868; x_wconf 90' lang='lat' dir='ltr'><strong>cunctos,</strong></span> <span class='ocrx_word' id='word_1_248' title='bbox 985 1804 1117 1869; x_wconf 91' lang='lat' dir='ltr'><strong>imo,</strong></span> <span class='ocrx_word' id='word_1_249' title='bbox 1132 1812 1186 1858; x_wconf 90' lang='lat' dir='ltr'><strong>et</strong></span> <span class='ocrx_word' id='word_1_250' title='bbox 1209 1805 1251 1858; x_wconf 89' lang='lat' dir='ltr'><strong>si</strong></span> <span class='ocrx_word' id='word_1_251' title='bbox 1275 1803 1461 1858; x_wconf 88' lang='lat' dir='ltr'><strong>dicere</strong></span> <span class='ocrx_word' id='word_1_252' title='bbox 1486 1819 1620 1873; x_wconf 93' lang='lat' dir='ltr'><strong>opus</strong></span> <span class='ocrx_word' id='word_1_253' title='bbox 1640 1812 1744 1869; x_wconf 92' lang='lat' dir='ltr'><strong>est,</strong></span> <span class='ocrx_word' id='word_1_254' title='bbox 1763 1804 2031 1875; x_wconf 74' lang='lat' dir='ltr'><strong>seipsum‘.‘</strong></span> 
     </span>
    </p>
   </div>
   <div class='ocr_carea' id='block_1_35' title="bbox 2142 1797 3733 1878">
    <p class='ocr_par' dir='ltr' id='par_1_35' title="bbox 2142 1801 3733 1878">
     <span class='ocr_line' id='line_1_35' title="bbox 2142 1801 3733 1878; baseline 0.003 -24"><span class='ocrx_word' id='word_1_255' title='bbox 2142 1819 2232 1855; x_wconf 87' lang='grc' dir='ltr'><strong>του</strong></span> <span class='ocrx_word' id='word_1_256' title='bbox 2255 1802 2312 1854; x_wconf 84' lang='grc' dir='ltr'>δὲ</span> <span class='ocrx_word' id='word_1_257' title='bbox 2332 1802 2381 1854; x_wconf 88' lang='grc' dir='ltr'><strong>τί</strong></span> <span class='ocrx_word' id='word_1_258' title='bbox 2400 1801 2526 1855; x_wconf 83' lang='grc' dir='ltr'>ἄλλο</span> <span class='ocrx_word' id='word_1_259' title='bbox 2545 1804 2628 1876; x_wconf 77' lang='grc' dir='ltr'><strong>εἴη</strong></span> <span class='ocrx_word' id='word_1_260' title='bbox 2646 1804 2988 1876; x_wconf 79' lang='grc' dir='ltr'>ἀτοπώτερον</span> <span class='ocrx_word' id='word_1_261' title='bbox 3004 1805 3094 1858; x_wconf 75' lang='grc' dir='ltr'>τοῦ</span> <span class='ocrx_word' id='word_1_262' title='bbox 3116 1807 3220 1859; x_wconf 84' lang='grc' dir='ltr'><strong>ἀπε</strong></span> <span class='ocrx_word' id='word_1_263' title='bbox 3229 1806 3524 1878; x_wconf 62' lang='grc' dir='ltr'>στρέᾳθαι</span> <span class='ocrx_word' id='word_1_264' title='bbox 3541 1809 3733 1870; x_wconf 64' lang='grc' dir='ltr'>πάντες,</span> 
     </span>
    </p>
   </div>
   <div class='ocr_carea' id='block_1_36' title="bbox 461 1893 2034 1966">
    <p class='ocr_par' dir='ltr' id='par_1_36' title="bbox 461 1893 2034 1966">
     <span class='ocr_line' id='line_1_36' title="bbox 461 1893 2034 1966; baseline 0 -16"><span class='ocrx_word' id='word_1_265' title='bbox 461 1895 517 1950; x_wconf 93' lang='lat' dir='ltr'><strong>Si</strong></span> <span class='ocrx_word' id='word_1_266' title='bbox 543 1897 664 1966; x_wconf 91' lang='lat' dir='ltr'><strong>quis</strong></span> <span class='ocrx_word' id='word_1_267' title='bbox 698 1895 842 1951; x_wconf 91' lang='lat' dir='ltr'><strong>enim</strong></span> <span class='ocrx_word' id='word_1_268' title='bbox 881 1893 964 1949; x_wconf 91' lang='lat' dir='ltr'><strong>sui</strong></span> <span class='ocrx_word' id='word_1_269' title='bbox 997 1893 1164 1963; x_wconf 88' lang='lat' dir='ltr'><strong>ipsius</strong></span> <span class='ocrx_word' id='word_1_270' title='bbox 1195 1895 1447 1950; x_wconf 90' lang='lat' dir='ltr'><strong>sincerus</strong></span> <span class='ocrx_word' id='word_1_271' title='bbox 1488 1902 1542 1949; x_wconf 89' lang='lat' dir='ltr'><strong>et</strong></span> <span class='ocrx_word' id='word_1_272' title='bbox 1586 1894 1847 1950; x_wconf 88' lang='lat' dir='ltr'><strong>candidus</strong></span> <span class='ocrx_word' id='word_1_273' title='bbox 1886 1896 2034 1951; x_wconf 73' lang='lat' dir='ltr'><strong>testi-</strong></span> 
     </span>
    </p>
   </div>
   <div class='ocr_carea' id='block_1_37' title="bbox 459 1987 2037 2056">
    <p class='ocr_par' dir='ltr' id='par_1_37' title="bbox 459 1987 2037 2056">
     <span class='ocr_line' id='line_1_37' title="bbox 459 1987 2037 2056; baseline -0.001 -12"><span class='ocrx_word' id='word_1_274' title='bbox 459 2000 637 2044; x_wconf 88' lang='lat' dir='ltr'><strong>mator</strong></span> <span class='ocrx_word' id='word_1_275' title='bbox 662 1988 844 2053; x_wconf 90' lang='lat' dir='ltr'><strong>fuerit,</strong></span> <span class='ocrx_word' id='word_1_276' title='bbox 877 1987 986 2042; x_wconf 89' lang='lat' dir='ltr'><strong>sibi</strong></span> <span class='ocrx_word' id='word_1_277' title='bbox 1013 1987 1136 2042; x_wconf 88' lang='lat' dir='ltr'><strong>odio</strong></span> <span class='ocrx_word' id='word_1_278' title='bbox 1161 2001 1282 2042; x_wconf 90' lang='lat' dir='ltr'><strong>esse</strong></span> <span class='ocrx_word' id='word_1_279' title='bbox 1319 1987 1486 2042; x_wconf 90' lang='lat' dir='ltr'><strong>Deum</strong></span> <span class='ocrx_word' id='word_1_280' title='bbox 1513 1987 1902 2056; x_wconf 87' lang='lat' dir='ltr'><strong>deprehendet.</strong></span> <span class='ocrx_word' id='word_1_281' title='bbox 1939 1988 2037 2044; x_wconf 90' lang='lat' dir='ltr'><strong>Ne-</strong></span> 
     </span>
    </p>
   </div>
   <div class='ocr_carea' id='block_1_38' title="bbox 457 2076 2036 2151">
    <p class='ocr_par' dir='ltr' id='par_1_38' title="bbox 457 2076 2036 2151">
     <span class='ocr_line' id='line_1_38' title="bbox 457 2076 2036 2151; baseline -0.003 -16"><span class='ocrx_word' id='word_1_282' title='bbox 457 2094 727 2151; x_wconf 88' lang='lat' dir='ltr'><strong>quaquam</strong></span> <span class='ocrx_word' id='word_1_283' title='bbox 756 2078 922 2147; x_wconf 81' lang='lat' dir='ltr'><strong>igitur</strong></span> <span class='ocrx_word' id='word_1_284' title='bbox 954 2076 1034 2132; x_wconf 89' lang='lat' dir='ltr'><strong>sic</strong></span> <span class='ocrx_word' id='word_1_285' title='bbox 1055 2077 1359 2147; x_wconf 87' lang='lat' dir='ltr'><strong>putandum</strong></span> <span class='ocrx_word' id='word_1_286' title='bbox 1379 2085 1462 2133; x_wconf 90' lang='lat' dir='ltr'><strong>est</strong></span> <span class='ocrx_word' id='word_1_287' title='bbox 1486 2091 1606 2147; x_wconf 64' lang='lat' dir='ltr'><strong>quae</strong></span> <span class='ocrx_word' id='word_1_288' title='bbox 1630 2076 2036 2148; x_wconf 85' lang='lat' dir='ltr'><strong>oderunt555</strong></span> 
     </span>
    </p>
   </div>
   <div class='ocr_carea' id='block_1_39' title="bbox 457 2169 2034 2241">
    <p class='ocr_par' dir='ltr' id='par_1_39' title="bbox 457 2169 2034 2241">
     <span class='ocr_line' id='line_1_39' title="bbox 457 2169 2034 2241; baseline -0.001 -15"><span class='ocrx_word' id='word_1_289' title='bbox 457 2174 647 2236; x_wconf 85' lang='lat' dir='ltr'><strong>Deum,</strong></span> <span class='ocrx_word' id='word_1_290' title='bbox 680 2171 774 2227; x_wconf 90' lang='lat' dir='ltr'><strong>sed</strong></span> <span class='ocrx_word' id='word_1_291' title='bbox 824 2185 944 2241; x_wconf 78' lang='lat' dir='ltr'><strong>quae</strong></span> <span class='ocrx_word' id='word_1_292' title='bbox 998 2169 1210 2224; x_wconf 90' lang='lat' dir='ltr'><strong>ratione</strong></span> <span class='ocrx_word' id='word_1_293' title='bbox 1265 2170 1510 2240; x_wconf 62' lang='lat' dir='ltr'><strong>praeditis</strong></span> <span class='ocrx_word' id='word_1_294' title='bbox 1559 2170 1814 2225; x_wconf 89' lang='lat' dir='ltr'><strong>accidunt</strong></span> <span class='ocrx_word' id='word_1_295' title='bbox 1871 2170 2034 2224; x_wconf 83' lang='lat' dir='ltr'><strong>mala.</strong></span> 
     </span>
    </p>
   </div>
   <div class='ocr_carea' id='block_1_40' title="bbox 455 2260 2036 2335">
    <p class='ocr_par' dir='ltr' id='par_1_40' title="bbox 455 2260 2036 2335">
     <span class='ocr_line' id='line_1_40' title="bbox 455 2260 2036 2335; baseline -0.001 -17"><span class='ocrx_word' id='word_1_296' title='bbox 455 2264 618 2320; x_wconf 80' lang='lat' dir='ltr'><strong>Verbi</strong></span> <span class='ocrx_word' id='word_1_297' title='bbox 645 2264 818 2335; x_wconf 82' lang='lat' dir='ltr'><strong>gratia</strong></span> <span class='ocrx_word' id='word_1_298' title='bbox 864 2261 1126 2329; x_wconf 73' lang='lat' dir='ltr'><strong>iniustitia</strong></span> <span class='ocrx_word' id='word_1_299' title='bbox 1162 2263 1279 2316; x_wconf 87' lang='lat' dir='ltr'><strong>odit</strong></span> <span class='ocrx_word' id='word_1_300' title='bbox 1311 2262 1502 2327; x_wconf 91' lang='lat' dir='ltr'><strong>Deum,</strong></span> <span class='ocrx_word' id='word_1_301' title='bbox 1527 2270 1584 2316; x_wconf 92' lang='lat' dir='ltr'><strong>et</strong></span> <span class='ocrx_word' id='word_1_302' title='bbox 1630 2260 1867 2331; x_wconf 89' lang='lat' dir='ltr'><strong>injustus</strong></span> <span class='ocrx_word' id='word_1_303' title='bbox 1897 2277 2036 2331; x_wconf 86' lang='lat' dir='ltr'><strong>qua-</strong></span> 
     </span>
    </p>
   </div>
   <div class='ocr_carea' id='block_1_41' title="bbox 457 2352 2037 2426">
    <p class='ocr_par' dir='ltr' id='par_1_41' title="bbox 457 2352 2037 2426">
     <span class='ocr_line' id='line_1_41' title="bbox 457 2352 2037 2426; baseline -0.002 -15"><span class='ocrx_word' id='word_1_304' title='bbox 457 2367 614 2414; x_wconf 90' lang='lat' dir='ltr'><strong>tenus</strong></span> <span class='ocrx_word' id='word_1_305' title='bbox 644 2357 880 2426; x_wconf 80' lang='lat' dir='ltr'><strong>injustus</strong></span> <span class='ocrx_word' id='word_1_306' title='bbox 902 2363 1009 2420; x_wconf 80' lang='lat' dir='ltr'><strong>est,</strong></span> <span class='ocrx_word' id='word_1_307' title='bbox 1037 2353 1148 2407; x_wconf 89' lang='lat' dir='ltr'><strong>odit</strong></span> <span class='ocrx_word' id='word_1_308' title='bbox 1175 2353 1364 2420; x_wconf 89' lang='lat' dir='ltr'><strong>Deum,</strong></span> <span class='ocrx_word' id='word_1_309' title='bbox 1400 2352 1665 2423; x_wconf 86' lang='lat' dir='ltr'><strong>injustitia</strong></span> <span class='ocrx_word' id='word_1_310' title='bbox 1696 2368 1815 2422; x_wconf 70' lang='lat' dir='ltr'><strong>qum</strong></span> <span class='ocrx_word' id='word_1_311' title='bbox 1844 2353 1897 2408; x_wconf 90' lang='lat' dir='ltr'><strong>in</strong></span> <span class='ocrx_word' id='word_1_312' title='bbox 1922 2354 2037 2423; x_wconf 90' lang='lat' dir='ltr'><strong>ipso</strong></span> 
     </span>
    </p>
   </div>
   <div class='ocr_carea' id='block_1_42' title="bbox 454 2443 2035 2514">
    <p class='ocr_par' dir='ltr' id='par_1_42' title="bbox 454 2443 2035 2514">
     <span class='ocr_line' id='line_1_42' title="bbox 454 2443 2035 2514; baseline -0.004 -9"><span class='ocrx_word' id='word_1_313' title='bbox 454 2460 537 2505; x_wconf 88' lang='lat' dir='ltr'><strong>est</strong></span> <span class='ocrx_word' id='word_1_314' title='bbox 578 2451 679 2503; x_wconf 88' lang='lat' dir='ltr'><strong>hoc</strong></span> <span class='ocrx_word' id='word_1_315' title='bbox 708 2447 963 2502; x_wconf 79' lang='lat' dir='ltr'><strong>faciente.</strong></span> <span class='ocrx_word' id='word_1_316' title='bbox 1007 2444 1234 2514; x_wconf 90' lang='lat' dir='ltr'><strong>Oportet</strong></span> <span class='ocrx_word' id='word_1_317' title='bbox 1276 2444 1444 2514; x_wconf 80' lang='lat' dir='ltr'><strong>igitur</strong></span> <span class='ocrx_word' id='word_1_318' title='bbox 1480 2457 1578 2498; x_wconf 92' lang='lat' dir='ltr'><strong>nos</strong></span> <span class='ocrx_word' id='word_1_319' title='bbox 1604 2443 1911 2514; x_wconf 87' lang='lat' dir='ltr'><strong>hujusmodi</strong></span> <span class='ocrx_word' id='word_1_320' title='bbox 1942 2459 2035 2498; x_wconf 88' lang='lat' dir='ltr'><strong>ae-</strong></span> 
     </span>
    </p>
   </div>
   <div class='ocr_carea' id='block_1_43' title="bbox 453 2536 2034 2607">
    <p class='ocr_par' dir='ltr' id='par_1_43' title="bbox 453 2536 2034 2607">
     <span class='ocr_line' id='line_1_43' title="bbox 453 2536 2034 2607; baseline -0.003 -11"><span class='ocrx_word' id='word_1_321' title='bbox 453 2541 686 2596; x_wconf 87' lang='lat' dir='ltr'><strong>cidentia</strong></span> <span class='ocrx_word' id='word_1_322' title='bbox 724 2539 883 2606; x_wconf 90' lang='lat' dir='ltr'><strong>mala,</strong></span> <span class='ocrx_word' id='word_1_323' title='bbox 919 2546 972 2592; x_wconf 91' lang='lat' dir='ltr'><strong>et</strong></span> <span class='ocrx_word' id='word_1_324' title='bbox 997 2553 1115 2606; x_wconf 77' lang='lat' dir='ltr'><strong>qua:</strong></span> <span class='ocrx_word' id='word_1_325' title='bbox 1142 2537 1298 2592; x_wconf 87' lang='lat' dir='ltr'><strong>nobis</strong></span> <span class='ocrx_word' id='word_1_326' title='bbox 1332 2536 1602 2607; x_wconf 87' lang='lat' dir='ltr'><strong>imprimis</strong></span> <span class='ocrx_word' id='word_1_327' title='bbox 1635 2536 1854 2591; x_wconf 88' lang='lat' dir='ltr'><strong>inimica</strong></span> <span class='ocrx_word' id='word_1_328' title='bbox 1889 2545 2034 2603; x_wconf 90' lang='lat' dir='ltr'><strong>sunt,</strong></span> 
     </span>
    </p>
   </div>
   <div class='ocr_carea' id='block_1_44' title="bbox 453 2628 2038 2705">
    <p class='ocr_par' dir='ltr' id='par_1_44' title="bbox 453 2628 2038 2705">
     <span class='ocr_line' id='line_1_44' title="bbox 453 2628 2038 2705; baseline -0.003 -18"><span class='ocrx_word' id='word_1_329' title='bbox 453 2634 699 2705; x_wconf 84' lang='lat' dir='ltr'><strong>perfecto</strong></span> <span class='ocrx_word' id='word_1_330' title='bbox 732 2631 880 2697; x_wconf 88' lang='lat' dir='ltr'><strong>odio,</strong></span> <span class='ocrx_word' id='word_1_331' title='bbox 923 2632 1026 2686; x_wconf 90' lang='lat' dir='ltr'><strong>hoc</strong></span> <span class='ocrx_word' id='word_1_332' title='bbox 1055 2638 1159 2694; x_wconf 89' lang='lat' dir='ltr'><strong>est,</strong></span> <span class='ocrx_word' id='word_1_333' title='bbox 1201 2628 1344 2698; x_wconf 90' lang='lat' dir='ltr'><strong>quod</strong></span> <span class='ocrx_word' id='word_1_334' title='bbox 1381 2642 1410 2681; x_wconf 88' lang='lat' dir='ltr'><strong>a</strong></span> <span class='ocrx_word' id='word_1_335' title='bbox 1450 2629 1790 2699; x_wconf 86' lang='lat' dir='ltr'><strong>perfectione</strong></span> <span class='ocrx_word' id='word_1_336' title='bbox 1822 2629 2038 2698; x_wconf 81' lang='lat' dir='ltr'><strong>proﬁci-</strong></span> 
     </span>
    </p>
   </div>
   <div class='ocr_carea' id='block_1_45' title="bbox 454 2721 2037 2794">
    <p class='ocr_par' dir='ltr' id='par_1_45' title="bbox 454 2721 2037 2794">
     <span class='ocr_line' id='line_1_45' title="bbox 454 2721 2037 2794; baseline -0.003 -13"><span class='ocrx_word' id='word_1_337' title='bbox 454 2725 652 2790; x_wconf 88' lang='lat' dir='ltr'><strong>scitur,</strong></span> <span class='ocrx_word' id='word_1_338' title='bbox 701 2725 907 2782; x_wconf 88' lang='lat' dir='ltr'><strong>odisse.</strong></span> <span class='ocrx_word' id='word_1_339' title='bbox 941 2723 1076 2779; x_wconf 83' lang='lat' dir='ltr'><strong>Nam</strong></span> <span class='ocrx_word' id='word_1_340' title='bbox 1114 2722 1571 2794; x_wconf 87' lang='lat' dir='ltr'><strong>quemadmodum</strong></span> <span class='ocrx_word' id='word_1_341' title='bbox 1620 2737 1650 2776; x_wconf 90' lang='lat' dir='ltr'><strong>a</strong></span> <span class='ocrx_word' id='word_1_342' title='bbox 1703 2721 2037 2792; x_wconf 87' lang='lat' dir='ltr'><strong>perfectione</strong></span> 
     </span>
    </p>
   </div>
   <div class='ocr_carea' id='block_1_46' title="bbox 449 2814 2033 2889">
    <p class='ocr_par' dir='ltr' id='par_1_46' title="bbox 449 2814 2033 2889">
     <span class='ocr_line' id='line_1_46' title="bbox 449 2814 2033 2889; baseline -0.003 -17"><span class='ocrx_word' id='word_1_343' title='bbox 449 2818 663 2886; x_wconf 79' lang='lat' dir='ltr'><strong>iustitia</strong></span> <span class='ocrx_word' id='word_1_344' title='bbox 701 2827 864 2889; x_wconf 88' lang='lat' dir='ltr'><strong>atque</strong></span> <span class='ocrx_word' id='word_1_345' title='bbox 893 2819 1180 2888; x_wconf 88' lang='lat' dir='ltr'><strong>prudentia</strong></span> <span class='ocrx_word' id='word_1_346' title='bbox 1227 2823 1468 2878; x_wconf 89' lang='lat' dir='ltr'><strong>manant,</strong></span> <span class='ocrx_word' id='word_1_347' title='bbox 1514 2815 1595 2871; x_wconf 81' lang='lat' dir='ltr'><strong>sic</strong></span> <span class='ocrx_word' id='word_1_348' title='bbox 1622 2824 1677 2870; x_wconf 90' lang='lat' dir='ltr'><strong>et</strong></span> <span class='ocrx_word' id='word_1_349' title='bbox 1721 2814 2033 2885; x_wconf 86' lang='lat' dir='ltr'><strong>hujusmodi</strong></span> 
     </span>
    </p>
   </div>
   <div class='ocr_carea' id='block_1_47' title="bbox 450 2909 2036 2980">
    <p class='ocr_par' dir='ltr' id='par_1_47' title="bbox 450 2909 2036 2980">
     <span class='ocr_line' id='line_1_47' title="bbox 450 2909 2036 2980; baseline -0.001 -13"><span class='ocrx_word' id='word_1_350' title='bbox 450 2913 656 2968; x_wconf 88' lang='lat' dir='ltr'><strong>odium.</strong></span> <span class='ocrx_word' id='word_1_351' title='bbox 684 2911 808 2967; x_wconf 60' lang='lat' dir='ltr'><strong>llatc</strong></span> <span class='ocrx_word' id='word_1_352' title='bbox 831 2923 1009 2968; x_wconf 87' lang='lat' dir='ltr'><strong>autem</strong></span> <span class='ocrx_word' id='word_1_353' title='bbox 1048 2929 1076 2968; x_wconf 91' lang='lat' dir='ltr'><strong>a</strong></span> <span class='ocrx_word' id='word_1_354' title='bbox 1124 2911 1280 2967; x_wconf 86' lang='lat' dir='ltr'><strong>nobis</strong></span> <span class='ocrx_word' id='word_1_355' title='bbox 1319 2911 1460 2965; x_wconf 90' lang='lat' dir='ltr'><strong>dicta</strong></span> <span class='ocrx_word' id='word_1_356' title='bbox 1495 2919 1644 2974; x_wconf 88' lang='lat' dir='ltr'><strong>sunt,</strong></span> <span class='ocrx_word' id='word_1_357' title='bbox 1680 2909 2036 2980; x_wconf 83' lang='lat' dir='ltr'><strong>expendenti-</strong></span> 
     </span>
    </p>
   </div>
   <div class='ocr_carea' id='block_1_48' title="bbox 451 3002 2035 3064">
    <p class='ocr_par' dir='ltr' id='par_1_48' title="bbox 451 3002 2035 3064">
     <span class='ocr_line' id='line_1_48' title="bbox 451 3002 2035 3064; baseline -0.004 0"><span class='ocrx_word' id='word_1_358' title='bbox 451 3009 552 3064; x_wconf 90' lang='lat' dir='ltr'><strong>bus</strong></span> <span class='ocrx_word' id='word_1_359' title='bbox 595 3007 727 3064; x_wconf 89' lang='lat' dir='ltr'><strong>illud</strong></span> <span class='ocrx_word' id='word_1_360' title='bbox 762 3022 777 3062; x_wconf 90' lang='lat'><strong>:</strong></span> <span class='ocrx_word' id='word_1_361' title='bbox 840 3026 858 3060; x_wconf 81' lang='grc' dir='ltr'><strong>ι</strong></span> <span class='ocrx_word' id='word_1_362' title='bbox 899 3005 1224 3062; x_wconf 88' lang='lat' dir='ltr'><strong>Percussisti</strong></span> <span class='ocrx_word' id='word_1_363' title='bbox 1266 3018 1456 3060; x_wconf 90' lang='lat' dir='ltr'><strong>omnes</strong></span> <span class='ocrx_word' id='word_1_364' title='bbox 1501 3007 1851 3058; x_wconf 83' lang='lat' dir='ltr'><strong>adversantes</strong></span> <span class='ocrx_word' id='word_1_365' title='bbox 1903 3002 2035 3057; x_wconf 90' lang='lat' dir='ltr'><strong>mihi</strong></span> 
     </span>
    </p>
   </div>
   <div class='ocr_carea' id='block_1_49' title="bbox 452 3097 2030 3168">
    <p class='ocr_par' dir='ltr' id='par_1_49' title="bbox 452 3097 2030 3168">
     <span class='ocr_line' id='line_1_49' title="bbox 452 3097 2030 3168; baseline -0.005 -10"><span class='ocrx_word' id='word_1_366' title='bbox 452 3104 569 3158; x_wconf 86' lang='lat' dir='ltr'><strong>sine</strong></span> <span class='ocrx_word' id='word_1_367' title='bbox 627 3117 809 3168; x_wconf 86' lang='lat' dir='ltr'><strong>causa,</strong></span> <span class='ocrx_word' id='word_1_368' title='bbox 849 3120 867 3153; x_wconf 87' lang='grc'>›</span> <span class='ocrx_word' id='word_1_369' title='bbox 919 3117 1040 3158; x_wconf 89' lang='lat' dir='ltr'><strong>cum</strong></span> <span class='ocrx_word' id='word_1_370' title='bbox 1079 3114 1270 3157; x_wconf 90' lang='lat' dir='ltr'><strong>omnes</strong></span> <span class='ocrx_word' id='word_1_371' title='bbox 1308 3097 1400 3166; x_wconf 90' lang='lat' dir='ltr'><strong>qui</strong></span> <span class='ocrx_word' id='word_1_372' title='bbox 1446 3097 1610 3153; x_wconf 92' lang='lat' dir='ltr'><strong>alicui</strong></span> <span class='ocrx_word' id='word_1_373' title='bbox 1647 3097 2030 3161; x_wconf 88' lang='lat' dir='ltr'><strong>adversantur,</strong></span> 
     </span>
    </p>
   </div>
   <div class='ocr_carea' id='block_1_50' title="bbox 449 3189 2031 3264">
    <p class='ocr_par' dir='ltr' id='par_1_50' title="bbox 449 3189 2031 3264">
     <span class='ocr_line' id='line_1_50' title="bbox 449 3189 2031 3264; baseline -0.003 -14"><span class='ocrx_word' id='word_1_374' title='bbox 449 3195 568 3251; x_wconf 84' lang='lat' dir='ltr'><strong>sine</strong></span> <span class='ocrx_word' id='word_1_375' title='bbox 585 3209 747 3250; x_wconf 87' lang='lat' dir='ltr'><strong>causa</strong></span> <span class='ocrx_word' id='word_1_376' title='bbox 772 3196 1147 3250; x_wconf 87' lang='lat' dir='ltr'><strong>adversentur.</strong></span> <span class='ocrx_word' id='word_1_377' title='bbox 1174 3193 1452 3264; x_wconf 85' lang='lat' dir='ltr'><strong>Ejusmodi</strong></span> <span class='ocrx_word' id='word_1_378' title='bbox 1471 3198 1556 3246; x_wconf 88' lang='lat' dir='ltr'><strong>est</strong></span> <span class='ocrx_word' id='word_1_379' title='bbox 1577 3189 1710 3245; x_wconf 90' lang='lat' dir='ltr'><strong>illud</strong></span> <span class='ocrx_word' id='word_1_380' title='bbox 1733 3190 1811 3243; x_wconf 64' lang='lat'><strong>9‘:</strong></span> <span class='ocrx_word' id='word_1_381' title='bbox 1845 3208 1863 3242; x_wconf 83' lang='grc' dir='ltr'><strong>ι</strong></span> <span class='ocrx_word' id='word_1_382' title='bbox 1892 3189 2031 3247; x_wconf 79' lang='lat' dir='ltr'><strong>Otlio</strong></span> 
     </span>
    </p>
   </div>
   <div class='ocr_carea' id='block_1_51' title="bbox 449 3287 2033 3362">
    <p class='ocr_par' dir='ltr' id='par_1_51' title="bbox 449 3287 2033 3362">
     <span class='ocr_line' id='line_1_51' title="bbox 449 3287 2033 3362; baseline -0.004 -19"><span class='ocrx_word' id='word_1_383' title='bbox 449 3289 760 3344; x_wconf 89' lang='lat' dir='ltr'><strong>habuerunt</strong></span> <span class='ocrx_word' id='word_1_384' title='bbox 795 3303 881 3345; x_wconf 89' lang='lat' dir='ltr'><strong>me</strong></span> <span class='ocrx_word' id='word_1_385' title='bbox 919 3293 1110 3362; x_wconf 76' lang='lat' dir='ltr'><strong>gratis.</strong></span> <span class='ocrx_word' id='word_1_386' title='bbox 1156 3308 1175 3342; x_wconf 83' lang='grc'>›</span> <span class='ocrx_word' id='word_1_387' title='bbox 1219 3287 1419 3354; x_wconf 86' lang='lat' dir='ltr'><strong>Quales</strong></span> <span class='ocrx_word' id='word_1_388' title='bbox 1458 3294 1639 3340; x_wconf 89' lang='lat' dir='ltr'><strong>autem</strong></span> <span class='ocrx_word' id='word_1_389' title='bbox 1674 3291 1803 3338; x_wconf 89' lang='lat' dir='ltr'><strong>sunt</strong></span> <span class='ocrx_word' id='word_1_390' title='bbox 1839 3297 2033 3354; x_wconf 83' lang='lat' dir='ltr'><strong>pecca-</strong></span> 
     </span>
    </p>
   </div>
   <div class='ocr_carea' id='block_1_52' title="bbox 449 3376 2031 3453">
    <p class='ocr_par' dir='ltr' id='par_1_52' title="bbox 449 3376 2031 3453">
     <span class='ocr_line' id='line_1_52' title="bbox 449 3376 2031 3453; baseline -0.001 -19"><span class='ocrx_word' id='word_1_391' title='bbox 449 3391 630 3436; x_wconf 90' lang='lat' dir='ltr'><strong>torum</strong></span> <span class='ocrx_word' id='word_1_392' title='bbox 657 3381 849 3438; x_wconf 85' lang='lat' dir='ltr'><strong>dentes</strong></span> <span class='ocrx_word' id='word_1_393' title='bbox 889 3382 979 3453; x_wconf 91' lang='lat' dir='ltr'><strong>qui</strong></span> <span class='ocrx_word' id='word_1_394' title='bbox 1014 3388 1396 3446; x_wconf 87' lang='lat' dir='ltr'><strong>conteruntur,</strong></span> <span class='ocrx_word' id='word_1_395' title='bbox 1428 3377 1561 3434; x_wconf 90' lang='lat' dir='ltr'><strong>tales</strong></span> <span class='ocrx_word' id='word_1_396' title='bbox 1596 3385 1651 3433; x_wconf 88' lang='lat' dir='ltr'><strong>et</strong></span> <span class='ocrx_word' id='word_1_397' title='bbox 1674 3376 1709 3432; x_wconf 91' lang='lat' dir='ltr'><strong>ii</strong></span> <span class='ocrx_word' id='word_1_398' title='bbox 1737 3376 1804 3432; x_wconf 89' lang='lat' dir='ltr'><strong>de</strong></span> <span class='ocrx_word' id='word_1_399' title='bbox 1834 3378 2031 3447; x_wconf 83' lang='lat' dir='ltr'><strong>quibus</strong></span> 
     </span>
    </p>
   </div>
   <div class='ocr_carea' id='block_1_53' title="bbox 447 3468 2026 3528">
    <p class='ocr_par' dir='ltr' id='par_1_53' title="bbox 447 3468 2026 3528">
     <span class='ocr_line' id='line_1_53' title="bbox 447 3468 2026 3528; baseline -0.004 0"><span class='ocrx_word' id='word_1_400' title='bbox 447 3474 651 3528; x_wconf 88' lang='lat' dir='ltr'><strong>dictum</strong></span> <span class='ocrx_word' id='word_1_401' title='bbox 688 3481 774 3528; x_wconf 89' lang='lat' dir='ltr'><strong>est</strong></span> <span class='ocrx_word' id='word_1_402' title='bbox 797 3475 842 3505; x_wconf 71' lang='grc' dir='ltr'><strong>θ’</strong></span> <span class='ocrx_word' id='word_1_403' title='bbox 867 3489 880 3526; x_wconf 93' lang='lat'>:</span> <span class='ocrx_word' id='word_1_404' title='bbox 910 3492 928 3525; x_wconf 78' lang='grc' dir='ltr'><strong>ι</strong></span> <span class='ocrx_word' id='word_1_405' title='bbox 969 3471 1043 3528; x_wconf 91' lang='lat' dir='ltr'><strong>lbi</strong></span> <span class='ocrx_word' id='word_1_406' title='bbox 1082 3471 1188 3528; x_wconf 89' lang='lat' dir='ltr'><strong>erit</strong></span> <span class='ocrx_word' id='word_1_407' title='bbox 1212 3469 1372 3526; x_wconf 83' lang='lat' dir='ltr'><strong>ﬂetus</strong></span> <span class='ocrx_word' id='word_1_408' title='bbox 1408 3477 1464 3526; x_wconf 90' lang='lat' dir='ltr'><strong>et</strong></span> <span class='ocrx_word' id='word_1_409' title='bbox 1489 3469 1697 3526; x_wconf 88' lang='lat' dir='ltr'><strong>stridor</strong></span> <span class='ocrx_word' id='word_1_410' title='bbox 1727 3468 2026 3525; x_wconf 71' lang='lat' dir='ltr'><strong>dentium.»</strong></span> 
     </span>
    </p>
   </div>
   <div class='ocr_carea' id='block_1_54' title="bbox 445 3559 2030 3631">
    <p class='ocr_par' dir='ltr' id='par_1_54' title="bbox 445 3559 2030 3631">
     <span class='ocr_line' id='line_1_54' title="bbox 445 3559 2030 3631; baseline -0.003 -13"><span class='ocrx_word' id='word_1_411' title='bbox 445 3565 802 3618; x_wconf 81' lang='lat' dir='ltr'><strong>Peccatorum</strong></span> <span class='ocrx_word' id='word_1_412' title='bbox 834 3564 1024 3618; x_wconf 88' lang='lat' dir='ltr'><strong>dentes</strong></span> <span class='ocrx_word' id='word_1_413' title='bbox 1054 3570 1183 3618; x_wconf 90' lang='lat' dir='ltr'><strong>sunt</strong></span> <span class='ocrx_word' id='word_1_414' title='bbox 1208 3577 1238 3616; x_wconf 91' lang='lat' dir='ltr'><strong>a</strong></span> <span class='ocrx_word' id='word_1_415' title='bbox 1275 3559 1709 3628; x_wconf 65' lang='lat' dir='ltr'><strong>rationealienae</strong></span> <span class='ocrx_word' id='word_1_416' title='bbox 1739 3559 2030 3631; x_wconf 79' lang='lat' dir='ltr'><strong>cogitatio-</strong></span> 
     </span>
    </p>
   </div>
   <div class='ocr_carea' id='block_1_55' title="bbox 446 3651 2032 3725">
    <p class='ocr_par' dir='ltr' id='par_1_55' title="bbox 446 3651 2032 3725">
     <span class='ocr_line' id='line_1_55' title="bbox 446 3651 2032 3725; baseline -0.001 -17"><span class='ocrx_word' id='word_1_417' title='bbox 446 3669 543 3709; x_wconf 86' lang='lat' dir='ltr'><strong>nes</strong></span> <span class='ocrx_word' id='word_1_418' title='bbox 577 3655 734 3710; x_wconf 88' lang='lat' dir='ltr'><strong>uobis</strong></span> <span class='ocrx_word' id='word_1_419' title='bbox 763 3664 964 3725; x_wconf 83' lang='lat' dir='ltr'><strong>praeter</strong></span> <span class='ocrx_word' id='word_1_420' title='bbox 1000 3665 1248 3710; x_wconf 86' lang='lat' dir='ltr'><strong>naturam</strong></span> <span class='ocrx_word' id='word_1_421' title='bbox 1291 3651 1670 3718; x_wconf 85' lang='lat' dir='ltr'><strong>advenientes,</strong></span> <span class='ocrx_word' id='word_1_422' title='bbox 1698 3651 1895 3723; x_wconf 86' lang='lat' dir='ltr'><strong>quibus</strong></span> <span class='ocrx_word' id='word_1_423' title='bbox 1935 3651 2032 3707; x_wconf 84' lang='lat' dir='ltr'><strong>ho-</strong></span> 
     </span>
    </p>
   </div>
   <div class='ocr_carea' id='block_1_56' title="bbox 444 3747 2026 3818">
    <p class='ocr_par' dir='ltr' id='par_1_56' title="bbox 444 3747 2026 3818">
     <span class='ocr_line' id='line_1_56' title="bbox 444 3747 2026 3818; baseline -0.003 -16"><span class='ocrx_word' id='word_1_424' title='bbox 444 3755 556 3802; x_wconf 90' lang='lat' dir='ltr'><strong>stes</strong></span> <span class='ocrx_word' id='word_1_425' title='bbox 588 3747 764 3802; x_wconf 91' lang='lat' dir='ltr'><strong>nostri</strong></span> <span class='ocrx_word' id='word_1_426' title='bbox 804 3755 1059 3818; x_wconf 90' lang='lat' dir='ltr'><strong>tanquam</strong></span> <span class='ocrx_word' id='word_1_427' title='bbox 1100 3747 1356 3805; x_wconf 91' lang='lat' dir='ltr'><strong>dentibus</strong></span> <span class='ocrx_word' id='word_1_428' title='bbox 1385 3759 1760 3818; x_wconf 61' lang='lat' dir='ltr'><strong>saepenumero</strong></span> <span class='ocrx_word' id='word_1_429' title='bbox 1791 3752 2026 3810; x_wconf 89' lang='lat' dir='ltr'><strong>utentes,</strong></span> 
     </span>
    </p>
   </div>
   <div class='ocr_carea' id='block_1_57' title="bbox 445 3835 2028 3905">
    <p class='ocr_par' dir='ltr' id='par_1_57' title="bbox 445 3835 2028 3905">
     <span class='ocr_line' id='line_1_57' title="bbox 445 3835 2028 3905; baseline -0.003 -12"><span class='ocrx_word' id='word_1_430' title='bbox 445 3840 711 3894; x_wconf 86' lang='lat' dir='ltr'><strong>accedunt</strong></span> <span class='ocrx_word' id='word_1_431' title='bbox 754 3840 821 3894; x_wconf 85' lang='lat' dir='ltr'><strong>ad</strong></span> <span class='ocrx_word' id='word_1_432' title='bbox 865 3839 1234 3894; x_wconf 86' lang='lat' dir='ltr'><strong>devorandum</strong></span> <span class='ocrx_word' id='word_1_433' title='bbox 1282 3855 1481 3896; x_wconf 89' lang='lat' dir='ltr'><strong>carnes</strong></span> <span class='ocrx_word' id='word_1_434' title='bbox 1512 3845 1753 3905; x_wconf 85' lang='lat' dir='ltr'><strong>nostras,</strong></span> <span class='ocrx_word' id='word_1_435' title='bbox 1785 3835 1889 3892; x_wconf 89' lang='lat' dir='ltr'><strong>hoc</strong></span> <span class='ocrx_word' id='word_1_436' title='bbox 1917 3843 2028 3900; x_wconf 88' lang='lat' dir='ltr'><strong>est,</strong></span> 
     </span>
    </p>
   </div>
   <div class='ocr_carea' id='block_1_58' title="bbox 445 3932 2030 3999">
    <p class='ocr_par' dir='ltr' id='par_1_58' title="bbox 445 3932 2030 3999">
     <span class='ocr_line' id='line_1_58' title="bbox 445 3932 2030 3999; baseline 0.001 -17"><span class='ocrx_word' id='word_1_437' title='bbox 445 3945 507 3982; x_wconf 89' lang='lat' dir='ltr'><strong>ea</strong></span> <span class='ocrx_word' id='word_1_438' title='bbox 537 3946 654 3998; x_wconf 74' lang='lat' dir='ltr'><strong>qua:</strong></span> <span class='ocrx_word' id='word_1_439' title='bbox 680 3946 744 3984; x_wconf 83' lang='lat' dir='ltr'><strong>ex</strong></span> <span class='ocrx_word' id='word_1_440' title='bbox 771 3945 939 3985; x_wconf 86' lang='lat' dir='ltr'><strong>carne</strong></span> <span class='ocrx_word' id='word_1_441' title='bbox 970 3932 1234 3999; x_wconf 89' lang='lat' dir='ltr'><strong>pullulant</strong></span> <span class='ocrx_word' id='word_1_442' title='bbox 1266 3949 1280 3986; x_wconf 87' lang='lat'><strong>:</strong></span> <span class='ocrx_word' id='word_1_443' title='bbox 1314 3951 1334 3984; x_wconf 84' lang='grc'><em>‹</em></span> <span class='ocrx_word' id='word_1_444' title='bbox 1372 3932 1656 3988; x_wconf 87' lang='lat' dir='ltr'><strong>Manifesta</strong></span> <span class='ocrx_word' id='word_1_445' title='bbox 1689 3939 1870 3986; x_wconf 86' lang='lat' dir='ltr'><strong>autem</strong></span> <span class='ocrx_word' id='word_1_446' title='bbox 1904 3938 2030 3986; x_wconf 87' lang='lat' dir='ltr'><strong>sunt</strong></span> 
     </span>
    </p>
   </div>
   <div class='ocr_carea' id='block_1_59' title="bbox 445 4022 1718 4096">
    <p class='ocr_par' dir='ltr' id='par_1_59' title="bbox 445 4022 1718 4096">
     <span class='ocr_line' id='line_1_59' title="bbox 445 4022 1718 4096; baseline 0.002 -19"><span class='ocrx_word' id='word_1_447' title='bbox 445 4037 611 4090; x_wconf 88' lang='lat' dir='ltr'><strong>opera</strong></span> <span class='ocrx_word' id='word_1_448' title='bbox 635 4022 838 4089; x_wconf 82' lang='lat' dir='ltr'><strong>carnis,</strong></span> <span class='ocrx_word' id='word_1_449' title='bbox 875 4042 894 4075; x_wconf 83' lang='grc'><strong>›</strong></span> <span class='ocrx_word' id='word_1_450' title='bbox 927 4035 984 4077; x_wconf 83' lang='grc' dir='ltr'><strong>ιιι</strong></span> <span class='ocrx_word' id='word_1_451' title='bbox 1021 4027 1096 4078; x_wconf 91' lang='lat' dir='ltr'><strong>ait</strong></span> <span class='ocrx_word' id='word_1_452' title='bbox 1140 4026 1297 4081; x_wconf 87' lang='lat' dir='ltr'><strong>divus</strong></span> <span class='ocrx_word' id='word_1_453' title='bbox 1329 4025 1621 4096; x_wconf 86' lang='lat' dir='ltr'><strong>Apostolus</strong></span> <span class='ocrx_word' id='word_1_454' title='bbox 1650 4024 1718 4079; x_wconf 80' lang='grc'><strong>’³.</strong></span> 
     </span>
    </p>
   </div>
   <div class='ocr_carea' id='block_1_60' title="bbox 523 4113 2028 4188">
    <p class='ocr_par' dir='ltr' id='par_1_60' title="bbox 523 4113 2028 4188">
     <span class='ocr_line' id='line_1_60' title="bbox 523 4113 2028 4188; baseline 0.001 -21"><span class='ocrx_word' id='word_1_455' title='bbox 523 4113 682 4168; x_wconf 75' lang='lat' dir='ltr'><strong>Vens.</strong></span> <span class='ocrx_word' id='word_1_456' title='bbox 714 4114 768 4170; x_wconf 92' lang='lat'><strong>9.</strong></span> <span class='ocrx_word' id='word_1_457' title='bbox 810 4113 1023 4168; x_wconf 83' lang='lat' dir='ltr'><strong>Domini</strong></span> <span class='ocrx_word' id='word_1_458' title='bbox 1046 4126 1120 4171; x_wconf 80' lang='lat' dir='ltr'><strong>est</strong></span> <span class='ocrx_word' id='word_1_459' title='bbox 1147 4119 1312 4186; x_wconf 86' lang='lat' dir='ltr'><strong>salus,</strong></span> <span class='ocrx_word' id='word_1_460' title='bbox 1335 4129 1382 4173; x_wconf 84' lang='lat' dir='ltr'><strong>et</strong></span> <span class='ocrx_word' id='word_1_461' title='bbox 1422 4134 1580 4188; x_wconf 82' lang='lat' dir='ltr'><strong>super</strong></span> <span class='ocrx_word' id='word_1_462' title='bbox 1605 4116 1857 4186; x_wconf 85' lang='lat' dir='ltr'><strong>papulum</strong></span> <span class='ocrx_word' id='word_1_463' title='bbox 1879 4125 2028 4170; x_wconf 84' lang='lat' dir='ltr'><strong>tuum</strong></span> 
     </span>
    </p>
   </div>
   <div class='ocr_carea' id='block_1_61' title="bbox 448 4205 2029 4276">
    <p class='ocr_par' dir='ltr' id='par_1_61' title="bbox 448 4205 2029 4276">
     <span class='ocr_line' id='line_1_61' title="bbox 448 4205 2029 4276; baseline -0.001 -17"><span class='ocrx_word' id='word_1_464' title='bbox 448 4206 744 4262; x_wconf 79' lang='lat' dir='ltr'><strong>benedictio</strong></span> <span class='ocrx_word' id='word_1_465' title='bbox 785 4214 901 4271; x_wconf 79' lang='lat' dir='ltr'><strong>tua,</strong></span> <span class='ocrx_word' id='word_1_466' title='bbox 938 4225 956 4258; x_wconf 76' lang='grc' dir='ltr'><strong>ι</strong></span> <span class='ocrx_word' id='word_1_467' title='bbox 986 4217 1094 4264; x_wconf 89' lang='lat' dir='ltr'><strong>etc.</strong></span> <span class='ocrx_word' id='word_1_468' title='bbox 1125 4207 1228 4276; x_wconf 92' lang='lat' dir='ltr'><strong>Qui</strong></span> <span class='ocrx_word' id='word_1_469' title='bbox 1273 4209 1444 4264; x_wconf 89' lang='lat' dir='ltr'><strong>credit</strong></span> <span class='ocrx_word' id='word_1_470' title='bbox 1486 4207 1700 4262; x_wconf 84' lang='lat' dir='ltr'><strong>Domini</strong></span> <span class='ocrx_word' id='word_1_471' title='bbox 1730 4221 1851 4262; x_wconf 90' lang='lat' dir='ltr'><strong>esse</strong></span> <span class='ocrx_word' id='word_1_472' title='bbox 1881 4205 2029 4261; x_wconf 89' lang='lat' dir='ltr'><strong>salu-</strong></span> 
     </span>
    </p>
   </div>
   <div class='ocr_carea' id='block_1_62' title="bbox 445 4297 2024 4365">
    <p class='ocr_par' dir='ltr' id='par_1_62' title="bbox 445 4297 2024 4365">
     <span class='ocr_line' id='line_1_62' title="bbox 445 4297 2024 4365; baseline 0 -14"><span class='ocrx_word' id='word_1_473' title='bbox 445 4307 575 4360; x_wconf 86' lang='lat' dir='ltr'><strong>tem,</strong></span> <span class='ocrx_word' id='word_1_474' title='bbox 599 4305 652 4352; x_wconf 90' lang='lat' dir='ltr'><strong>et</strong></span> <span class='ocrx_word' id='word_1_475' title='bbox 671 4297 838 4352; x_wconf 88' lang='lat' dir='ltr'><strong>Deum</strong></span> <span class='ocrx_word' id='word_1_476' title='bbox 866 4307 1112 4354; x_wconf 89' lang='lat' dir='ltr'><strong>nostrum</strong></span> <span class='ocrx_word' id='word_1_477' title='bbox 1137 4313 1258 4354; x_wconf 91' lang='lat' dir='ltr'><strong>esse</strong></span> <span class='ocrx_word' id='word_1_478' title='bbox 1287 4299 1458 4354; x_wconf 91' lang='lat' dir='ltr'><strong>Deum</strong></span> <span class='ocrx_word' id='word_1_479' title='bbox 1492 4298 1674 4355; x_wconf 87' lang='lat' dir='ltr'><strong>salvos</strong></span> <span class='ocrx_word' id='word_1_480' title='bbox 1709 4297 2024 4365; x_wconf 69' lang='lat' dir='ltr'><strong>faciendi“,</strong></span> 
     </span>
    </p>
   </div>
   <div class='ocr_carea' id='block_1_63' title="bbox 442 4388 2028 4458">
    <p class='ocr_par' dir='ltr' id='par_1_63' title="bbox 442 4388 2028 4458">
     <span class='ocr_line' id='line_1_63' title="bbox 442 4388 2028 4458; baseline 0.001 -17"><span class='ocrx_word' id='word_1_481' title='bbox 442 4388 652 4442; x_wconf 90' lang='lat' dir='ltr'><strong>Domini</strong></span> <span class='ocrx_word' id='word_1_482' title='bbox 677 4389 824 4443; x_wconf 92' lang='lat' dir='ltr'><strong>enim</strong></span> <span class='ocrx_word' id='word_1_483' title='bbox 851 4398 979 4444; x_wconf 92' lang='lat' dir='ltr'><strong>sunt</strong></span> <span class='ocrx_word' id='word_1_484' title='bbox 1008 4390 1186 4444; x_wconf 81' lang='lat' dir='ltr'><strong>exitus</strong></span> <span class='ocrx_word' id='word_1_485' title='bbox 1217 4388 1430 4454; x_wconf 86' lang='lat' dir='ltr'><strong>mortis,</strong></span> <span class='ocrx_word' id='word_1_486' title='bbox 1458 4389 1502 4444; x_wconf 92' lang='lat' dir='ltr'><strong>is</strong></span> <span class='ocrx_word' id='word_1_487' title='bbox 1530 4388 1682 4443; x_wconf 92' lang='lat' dir='ltr'><strong>novit</strong></span> <span class='ocrx_word' id='word_1_488' title='bbox 1706 4389 1874 4444; x_wconf 89' lang='lat' dir='ltr'><strong>etiam</strong></span> <span class='ocrx_word' id='word_1_489' title='bbox 1900 4388 2028 4458; x_wconf 88' lang='lat' dir='ltr'><strong>quid</strong></span> 
     </span>
    </p>
   </div>
   <div class='ocr_carea' id='block_1_64' title="bbox 2145 1893 3734 1968">
    <p class='ocr_par' dir='ltr' id='par_1_64' title="bbox 2145 1893 3734 1968">
     <span class='ocr_line' id='line_1_64' title="bbox 2145 1893 3734 1968; baseline 0.002 -22"><span class='ocrx_word' id='word_1_490' title='bbox 2145 1893 2258 1959; x_wconf 72' lang='grc' dir='ltr'>καὶ,</span> <span class='ocrx_word' id='word_1_491' title='bbox 2277 1895 2324 1946; x_wconf 89' lang='grc' dir='ltr'>εἰ</span> <span class='ocrx_word' id='word_1_492' title='bbox 2343 1893 2422 1946; x_wconf 88' lang='grc' dir='ltr'><strong>δεῖ</strong></span> <span class='ocrx_word' id='word_1_493' title='bbox 2445 1894 2616 1958; x_wconf 73' lang='grc' dir='ltr'>οὕτως</span> <span class='ocrx_word' id='word_1_494' title='bbox 2639 1896 2834 1962; x_wconf 79' lang='grc' dir='ltr'>εἰπεῖν,</span> <span class='ocrx_word' id='word_1_495' title='bbox 2856 1897 2950 1949; x_wconf 73' lang='grc' dir='ltr'><strong>καὶ</strong></span> <span class='ocrx_word' id='word_1_496' title='bbox 2973 1897 3164 1951; x_wconf 77' lang='grc' dir='ltr'>ἑαυτόν</span> <span class='ocrx_word' id='word_1_497' title='bbox 3183 1914 3196 1961; x_wconf 87' lang='lat'><strong>;</strong></span> <span class='ocrx_word' id='word_1_498' title='bbox 3227 1898 3635 1968; x_wconf 79' lang='grc' dir='ltr'>Εὑγνωμόνως</span> <span class='ocrx_word' id='word_1_499' title='bbox 3656 1901 3734 1968; x_wconf 64' lang='grc' dir='ltr'>γὰρ</span> 
     </span>
    </p>
   </div>
   <div class='ocr_carea' id='block_1_65' title="bbox 2145 1985 3733 2061">
    <p class='ocr_par' dir='ltr' id='par_1_65' title="bbox 2145 1985 3733 2061">
     <span class='ocr_line' id='line_1_65' title="bbox 2145 1985 3733 2061; baseline 0.002 -24"><span class='ocrx_word' id='word_1_500' title='bbox 2145 1985 2348 2050; x_wconf 78' lang='grc' dir='ltr'>ἐτάζων</span> <span class='ocrx_word' id='word_1_501' title='bbox 2368 1985 2435 2038; x_wconf 77' lang='grc' dir='ltr'>τὰ</span> <span class='ocrx_word' id='word_1_502' title='bbox 2461 2004 2525 2039; x_wconf 86' lang='grc' dir='ltr'>πε</span> <span class='ocrx_word' id='word_1_503' title='bbox 2534 1986 2588 2056; x_wconf 72' lang='lat' dir='ltr'><strong>pl.</strong></span> <span class='ocrx_word' id='word_1_504' title='bbox 2610 1986 2774 2040; x_wconf 80' lang='grc' dir='ltr'>αὑτοῦ</span> <span class='ocrx_word' id='word_1_505' title='bbox 2796 1987 3045 2052; x_wconf 75' lang='grc' dir='ltr'>ἕκαστος,</span> <span class='ocrx_word' id='word_1_506' title='bbox 3069 1989 3449 2061; x_wconf 75' lang='grc' dir='ltr'>εὑρεθήσεται</span> <span class='ocrx_word' id='word_1_507' title='bbox 3478 1989 3650 2059; x_wconf 68' lang='grc' dir='ltr'>μισῶν</span> <span class='ocrx_word' id='word_1_508' title='bbox 3669 1993 3733 2041; x_wconf 68' lang='grc' dir='ltr'><strong>τὶν</strong></span> 
     </span>
    </p>
   </div>
   <div class='ocr_carea' id='block_1_66' title="bbox 2143 2073 3732 2150">
    <p class='ocr_par' dir='ltr' id='par_1_66' title="bbox 2143 2073 3732 2150">
     <span class='ocr_line' id='line_1_66' title="bbox 2143 2073 3732 2150; baseline 0.003 -24"><span class='ocrx_word' id='word_1_509' title='bbox 2143 2074 2294 2127; x_wconf 86' lang='grc' dir='ltr'>Θεόν.</span> <span class='ocrx_word' id='word_1_510' title='bbox 2316 2077 2542 2146; x_wconf 75' lang='grc' dir='ltr'>Μήποτε</span> <span class='ocrx_word' id='word_1_511' title='bbox 2558 2073 2650 2130; x_wconf 80' lang='grc' dir='ltr'>οὗν</span> <span class='ocrx_word' id='word_1_512' title='bbox 2668 2077 2809 2130; x_wconf 71' lang='grc' dir='ltr'>οὕτω</span> <span class='ocrx_word' id='word_1_513' title='bbox 2822 2078 3101 2148; x_wconf 84' lang='grc' dir='ltr'>νομιστέον</span> <span class='ocrx_word' id='word_1_514' title='bbox 3122 2075 3265 2133; x_wconf 73' lang='grc' dir='ltr'>εἶναι</span> <span class='ocrx_word' id='word_1_515' title='bbox 3285 2079 3360 2130; x_wconf 75' lang='grc' dir='ltr'><em>τέ.</em></span> <span class='ocrx_word' id='word_1_516' title='bbox 3383 2077 3654 2150; x_wconf 71' lang='grc' dir='ltr'>μισοῦντι</span> <span class='ocrx_word' id='word_1_517' title='bbox 3667 2081 3732 2131; x_wconf 69' lang='grc' dir='ltr'>τὶν</span> 
     </span>
    </p>
   </div>
   <div class='ocr_carea' id='block_1_67' title="bbox 2143 2169 3730 2244">
    <p class='ocr_par' dir='ltr' id='par_1_67' title="bbox 2143 2169 3730 2244">
     <span class='ocr_line' id='line_1_67' title="bbox 2143 2169 3730 2244; baseline 0.001 -22"><span class='ocrx_word' id='word_1_518' title='bbox 2143 2170 2294 2235; x_wconf 84' lang='grc' dir='ltr'>Θεὸν,</span> <span class='ocrx_word' id='word_1_519' title='bbox 2325 2169 2458 2223; x_wconf 71' lang='grc' dir='ltr'>ἀλλὰ</span> <span class='ocrx_word' id='word_1_520' title='bbox 2494 2170 2561 2224; x_wconf 75' lang='grc' dir='ltr'>τὰ</span> <span class='ocrx_word' id='word_1_521' title='bbox 2589 2172 2701 2234; x_wconf 86' lang='grc' dir='ltr'>τοῖς</span> <span class='ocrx_word' id='word_1_522' title='bbox 2736 2170 2970 2240; x_wconf 83' lang='grc' dir='ltr'>λογικοῖς</span> <span class='ocrx_word' id='word_1_523' title='bbox 3009 2173 3156 2225; x_wconf 81' lang='grc' dir='ltr'>κακᾶ</span> <span class='ocrx_word' id='word_1_524' title='bbox 3189 2173 3626 2244; x_wconf 75' lang='grc' dir='ltr'>συμϐεϐηκότι·</span> <span class='ocrx_word' id='word_1_525' title='bbox 3649 2171 3730 2226; x_wconf 59' lang='grc' dir='ltr'>οἷς-ι</span> 
     </span>
    </p>
   </div>
   <div class='ocr_carea' id='block_1_68' title="bbox 2143 2263 3728 2337">
    <p class='ocr_par' dir='ltr' id='par_1_68' title="bbox 2143 2263 3728 2337">
     <span class='ocr_line' id='line_1_68' title="bbox 2143 2263 3728 2337; baseline 0.001 -21"><span class='ocrx_word' id='word_1_526' title='bbox 2143 2263 2326 2317; x_wconf 83' lang='grc' dir='ltr'>ἀδικία</span> <span class='ocrx_word' id='word_1_527' title='bbox 2387 2266 2533 2334; x_wconf 89' lang='grc' dir='ltr'>μισεῖ</span> <span class='ocrx_word' id='word_1_528' title='bbox 2586 2264 2675 2317; x_wconf 88' lang='grc' dir='ltr'><strong>τὸν</strong></span> <span class='ocrx_word' id='word_1_529' title='bbox 2734 2263 2905 2328; x_wconf 85' lang='grc' dir='ltr'>Θεὸν,</span> <span class='ocrx_word' id='word_1_530' title='bbox 2970 2265 3062 2318; x_wconf 69' lang='grc' dir='ltr'><strong>καὶ</strong></span> <span class='ocrx_word' id='word_1_531' title='bbox 3112 2267 3141 2318; x_wconf 92' lang='lat'><strong>6</strong></span> <span class='ocrx_word' id='word_1_532' title='bbox 3197 2265 3400 2330; x_wconf 76' lang='grc' dir='ltr'>ἄδικος</span> <span class='ocrx_word' id='word_1_533' title='bbox 3471 2270 3626 2337; x_wconf 77' lang='grc' dir='ltr'>μισεῖ</span> <span class='ocrx_word' id='word_1_534' title='bbox 3663 2269 3728 2319; x_wconf 67' lang='grc' dir='ltr'><strong>τὸν</strong></span> 
     </span>
    </p>
   </div>
   <div class='ocr_carea' id='block_1_69' title="bbox 2144 2355 3726 2431">
    <p class='ocr_par' dir='ltr' id='par_1_69' title="bbox 2144 2355 3726 2431">
     <span class='ocr_line' id='line_1_69' title="bbox 2144 2355 3726 2431; baseline 0.003 -23"><span class='ocrx_word' id='word_1_535' title='bbox 2144 2355 2296 2420; x_wconf 86' lang='grc' dir='ltr'>Θεὸν,</span> <span class='ocrx_word' id='word_1_536' title='bbox 2328 2356 2463 2410; x_wconf 83' lang='grc' dir='ltr'>καθὸ</span> <span class='ocrx_word' id='word_1_537' title='bbox 2505 2357 2686 2421; x_wconf 83' lang='grc' dir='ltr'>ἄδικός</span> <span class='ocrx_word' id='word_1_538' title='bbox 2725 2359 2862 2420; x_wconf 79' lang='grc' dir='ltr'>ἐστι,</span> <span class='ocrx_word' id='word_1_539' title='bbox 2903 2357 3003 2428; x_wconf 81' lang='grc' dir='ltr'><strong>τῆς</strong></span> <span class='ocrx_word' id='word_1_540' title='bbox 3042 2359 3100 2414; x_wconf 86' lang='grc' dir='ltr'>ὲν</span> <span class='ocrx_word' id='word_1_541' title='bbox 3150 2359 3304 2431; x_wconf 77' lang='grc' dir='ltr'>αὐτῷ</span> <span class='ocrx_word' id='word_1_542' title='bbox 3346 2360 3581 2424; x_wconf 75' lang='grc' dir='ltr'>ἀδικίας</span> <span class='ocrx_word' id='word_1_543' title='bbox 3607 2362 3726 2413; x_wconf 63' lang='lat' dir='ltr'><strong>mit-5</strong></span> 
     </span>
    </p>
   </div>
   <div class='ocr_carea' id='block_1_70' title="bbox 2143 2447 3724 2527">
    <p class='ocr_par' dir='ltr' id='par_1_70' title="bbox 2143 2447 3724 2527">
     <span class='ocr_line' id='line_1_70' title="bbox 2143 2447 3724 2527; baseline 0.003 -24"><span class='ocrx_word' id='word_1_544' title='bbox 2143 2448 2376 2523; x_wconf 79' lang='grc' dir='ltr'><strong>δρώσης.</strong></span> <span class='ocrx_word' id='word_1_545' title='bbox 2414 2452 2533 2524; x_wconf 86' lang='grc' dir='ltr'>Χρὴ</span> <span class='ocrx_word' id='word_1_546' title='bbox 2565 2447 2656 2505; x_wconf 79' lang='grc' dir='ltr'>οὖν</span> <span class='ocrx_word' id='word_1_547' title='bbox 2697 2453 2846 2523; x_wconf 75' lang='grc' dir='ltr'>ἡμᾶς</span> <span class='ocrx_word' id='word_1_548' title='bbox 2876 2453 3106 2523; x_wconf 80' lang='grc' dir='ltr'>μισῆσαι</span> <span class='ocrx_word' id='word_1_549' title='bbox 3148 2454 3215 2508; x_wconf 78' lang='grc' dir='ltr'>τὰ</span> <span class='ocrx_word' id='word_1_550' title='bbox 3249 2456 3443 2509; x_wconf 74' lang='grc' dir='ltr'>τοιάδε</span> <span class='ocrx_word' id='word_1_551' title='bbox 3481 2457 3724 2527; x_wconf 48' lang='lat'><strong>01:96:61;-</strong></span> 
     </span>
    </p>
   </div>
   <div class='ocr_carea' id='block_1_71' title="bbox 2144 2540 3725 2617">
    <p class='ocr_par' dir='ltr' id='par_1_71' title="bbox 2144 2540 3725 2617">
     <span class='ocr_line' id='line_1_71' title="bbox 2144 2540 3725 2617; baseline 0.001 -23"><span class='ocrx_word' id='word_1_552' title='bbox 2144 2541 2277 2595; x_wconf 87' lang='grc' dir='ltr'><strong>κότα</strong></span> <span class='ocrx_word' id='word_1_553' title='bbox 2328 2543 2421 2595; x_wconf 77' lang='grc' dir='ltr'>καὶ</span> <span class='ocrx_word' id='word_1_554' title='bbox 2467 2540 2697 2616; x_wconf 79' lang='grc' dir='ltr'>πρώτως</span> <span class='ocrx_word' id='word_1_555' title='bbox 2749 2542 2919 2615; x_wconf 76' lang='grc' dir='ltr'>ἐχθρὰ</span> <span class='ocrx_word' id='word_1_556' title='bbox 2951 2544 3106 2614; x_wconf 69' lang='grc' dir='ltr'>ἡμῶν</span> <span class='ocrx_word' id='word_1_557' title='bbox 3141 2547 3524 2617; x_wconf 74' lang='grc' dir='ltr'>τυγχάνοντα,</span> <span class='ocrx_word' id='word_1_558' title='bbox 3573 2550 3725 2615; x_wconf 47' lang='lat' dir='ltr'><strong>talia;-</strong></span> 
     </span>
    </p>
   </div>
   <div class='ocr_carea' id='block_1_72' title="bbox 2148 2636 3722 2711">
    <p class='ocr_par' dir='ltr' id='par_1_72' title="bbox 2148 2636 3722 2711">
     <span class='ocr_line' id='line_1_72' title="bbox 2148 2636 3722 2711; baseline 0.002 -22"><span class='ocrx_word' id='word_1_559' title='bbox 2148 2636 2314 2708; x_wconf 87' lang='grc' dir='ltr'>μίσει,</span> <span class='ocrx_word' id='word_1_560' title='bbox 2345 2637 2644 2700; x_wconf 82' lang='grc' dir='ltr'>τουτέστιν,</span> <span class='ocrx_word' id='word_1_561' title='bbox 2682 2637 2791 2690; x_wconf 84' lang='grc' dir='ltr'><strong>ἀπὸ</strong></span> <span class='ocrx_word' id='word_1_562' title='bbox 2817 2637 3153 2705; x_wconf 84' lang='grc' dir='ltr'>τελειότητος</span> <span class='ocrx_word' id='word_1_563' title='bbox 3187 2639 3510 2710; x_wconf 78' lang='grc' dir='ltr'>ἐρχομένῳ.</span> <span class='ocrx_word' id='word_1_564' title='bbox 3545 2641 3722 2711; x_wconf 67' lang='grc' dir='ltr'>Ὥσπερ</span> 
     </span>
    </p>
   </div>
   <div class='ocr_carea' id='block_1_73' title="bbox 2143 2729 3724 2801">
    <p class='ocr_par' dir='ltr' id='par_1_73' title="bbox 2143 2729 3724 2801">
     <span class='ocr_line' id='line_1_73' title="bbox 2143 2729 3724 2801; baseline 0.002 -20"><span class='ocrx_word' id='word_1_565' title='bbox 2143 2729 2249 2800; x_wconf 86' lang='grc' dir='ltr'>γὰρ</span> <span class='ocrx_word' id='word_1_566' title='bbox 2273 2729 2382 2782; x_wconf 89' lang='grc' dir='ltr'><strong>ἀπὸ</strong></span> <span class='ocrx_word' id='word_1_567' title='bbox 2399 2729 2731 2801; x_wconf 84' lang='grc' dir='ltr'>τελειότητος</span> <span class='ocrx_word' id='word_1_568' title='bbox 2771 2729 2988 2800; x_wconf 76' lang='grc' dir='ltr'>ἔρχεται</span> <span class='ocrx_word' id='word_1_569' title='bbox 3038 2730 3359 2800; x_wconf 74' lang='grc' dir='ltr'>δικαιοσύνη</span> <span class='ocrx_word' id='word_1_570' title='bbox 3400 2734 3499 2784; x_wconf 72' lang='grc' dir='ltr'><strong>καὶ</strong></span> <span class='ocrx_word' id='word_1_571' title='bbox 3539 2749 3724 2801; x_wconf 56' lang='grc' dir='ltr'><strong>συνέμι-</strong></span> 
     </span>
    </p>
   </div>
   <div class='ocr_carea' id='block_1_74' title="bbox 2146 2821 3722 2896">
    <p class='ocr_par' dir='ltr' id='par_1_74' title="bbox 2146 2821 3722 2896">
     <span class='ocr_line' id='line_1_74' title="bbox 2146 2821 3722 2896; baseline 0.002 -21"><span class='ocrx_word' id='word_1_572' title='bbox 2146 2821 2301 2892; x_wconf 86' lang='grc' dir='ltr'>σύνη,</span> <span class='ocrx_word' id='word_1_573' title='bbox 2327 2821 2497 2886; x_wconf 76' lang='grc' dir='ltr'>οὕτως</span> <span class='ocrx_word' id='word_1_574' title='bbox 2517 2823 2611 2876; x_wconf 72' lang='grc' dir='ltr'><strong>καὶ</strong></span> <span class='ocrx_word' id='word_1_575' title='bbox 2634 2822 2693 2876; x_wconf 90' lang='grc' dir='ltr'><strong>τὸ</strong></span> <span class='ocrx_word' id='word_1_576' title='bbox 2714 2822 2913 2875; x_wconf 87' lang='grc' dir='ltr'>τοιόνδε</span> <span class='ocrx_word' id='word_1_577' title='bbox 2944 2825 3116 2892; x_wconf 81' lang='grc' dir='ltr'>μῖσος.</span> <span class='ocrx_word' id='word_1_578' title='bbox 3141 2822 3331 2877; x_wconf 78' lang='grc' dir='ltr'>Ταῦτα</span> <span class='ocrx_word' id='word_1_579' title='bbox 3352 2824 3416 2877; x_wconf 80' lang='grc' dir='ltr'><strong>δὲ</strong></span> <span class='ocrx_word' id='word_1_580' title='bbox 3445 2827 3582 2894; x_wconf 69' lang='grc' dir='ltr'>ἡμῖν</span> <span class='ocrx_word' id='word_1_581' title='bbox 3606 2829 3722 2896; x_wconf 66' lang='grc' dir='ltr'>εἰρη-</span> 
     </span>
    </p>
   </div>
   <div class='ocr_carea' id='block_1_75' title="bbox 2142 2913 3719 2988">
    <p class='ocr_par' dir='ltr' id='par_1_75' title="bbox 2142 2913 3719 2988">
     <span class='ocr_line' id='line_1_75' title="bbox 2142 2913 3719 2988; baseline 0.001 -20"><span class='ocrx_word' id='word_1_582' title='bbox 2142 2932 2230 2968; x_wconf 90' lang='grc' dir='ltr'><strong>ται</strong></span> <span class='ocrx_word' id='word_1_583' title='bbox 2252 2913 2562 2980; x_wconf 76' lang='grc' dir='ltr'>ἐξετάζουσι</span> <span class='ocrx_word' id='word_1_584' title='bbox 2585 2915 2670 2978; x_wconf 91' lang='grc' dir='ltr'><strong>τὸ,</strong></span> <span class='ocrx_word' id='word_1_585' title='bbox 2695 2934 2712 2965; x_wconf 79' lang='grc' dir='ltr'><strong>ι</strong></span> <span class='ocrx_word' id='word_1_586' title='bbox 2738 2914 3044 2980; x_wconf 80' lang='grc' dir='ltr'>Ἐπάταξας</span> <span class='ocrx_word' id='word_1_587' title='bbox 3070 2917 3196 2979; x_wconf 76' lang='grc' dir='ltr'>τοὺς</span> <span class='ocrx_word' id='word_1_588' title='bbox 3223 2916 3624 2988; x_wconf 60' lang='grc' dir='ltr'>ὲχΘραί-τοντάς</span> <span class='ocrx_word' id='word_1_589' title='bbox 3647 2938 3719 2988; x_wconf 74' lang='grc' dir='ltr'><strong>μοι</strong></span> 
     </span>
    </p>
   </div>
   <div class='ocr_carea' id='block_1_76' title="bbox 2145 3005 3717 3079">
    <p class='ocr_par' dir='ltr' id='par_1_76' title="bbox 2145 3005 3717 3079">
     <span class='ocr_line' id='line_1_76' title="bbox 2145 3005 3717 3079; baseline 0.001 -18"><span class='ocrx_word' id='word_1_590' title='bbox 2145 3007 2418 3078; x_wconf 57' lang='grc' dir='ltr'>ματαίως</span> <span class='ocrx_word' id='word_1_591' title='bbox 2465 3025 2483 3058; x_wconf 73' lang='grc' dir='ltr'><strong>ι</strong></span> <span class='ocrx_word' id='word_1_592' title='bbox 2519 3005 2737 3060; x_wconf 80' lang='grc' dir='ltr'>πάντων</span> <span class='ocrx_word' id='word_1_593' title='bbox 2760 3006 2867 3061; x_wconf 82' lang='grc' dir='ltr'>τῶν</span> <span class='ocrx_word' id='word_1_594' title='bbox 2905 3007 3302 3079; x_wconf 81' lang='grc' dir='ltr'>ὲχθραινόντων</span> <span class='ocrx_word' id='word_1_595' title='bbox 3335 3009 3476 3076; x_wconf 73' lang='grc' dir='ltr'>τινὶ,</span> <span class='ocrx_word' id='word_1_596' title='bbox 3501 3011 3717 3079; x_wconf 67' lang='grc' dir='ltr'>ματαίως</span> 
     </span>
    </p>
   </div>
   <div class='ocr_carea' id='block_1_77' title="bbox 2141 3099 3709 3174">
    <p class='ocr_par' dir='ltr' id='par_1_77' title="bbox 2141 3099 3709 3174">
     <span class='ocr_line' id='line_1_77' title="bbox 2141 3099 3709 3174; baseline 0 -23"><span class='ocrx_word' id='word_1_597' title='bbox 2141 3099 2552 3170; x_wconf 82' lang='grc' dir='ltr'>ὲχθραινόντων.</span> <span class='ocrx_word' id='word_1_598' title='bbox 2585 3099 2836 3154; x_wconf 75' lang='grc' dir='ltr'>Τοιοῦτον</span> <span class='ocrx_word' id='word_1_599' title='bbox 2867 3102 2948 3168; x_wconf 90' lang='grc' dir='ltr'><strong>τὸ,</strong></span> <span class='ocrx_word' id='word_1_600' title='bbox 2971 3120 2988 3152; x_wconf 82' lang='grc' dir='ltr'><strong>ι</strong></span> <span class='ocrx_word' id='word_1_601' title='bbox 3023 3101 3328 3173; x_wconf 78' lang='grc' dir='ltr'>Ἐμίσησάν</span> <span class='ocrx_word' id='word_1_602' title='bbox 3371 3121 3443 3173; x_wconf 84' lang='grc' dir='ltr'><strong>με</strong></span> <span class='ocrx_word' id='word_1_603' title='bbox 3475 3103 3709 3174; x_wconf 68' lang='grc' dir='ltr'>δωρεάν..</span> 
     </span>
    </p>
   </div>
   <div class='ocr_carea' id='block_1_78' title="bbox 2060 3167 3707 3267">
    <p class='ocr_par' dir='ltr' id='par_1_78' title="bbox 2060 3167 3707 3267">
     <span class='ocr_line' id='line_1_78' title="bbox 2060 3167 3707 3267; baseline 0.002 -22"><span class='ocrx_word' id='word_1_604' title='bbox 2060 3167 2102 3226; x_wconf 78' lang='lat' dir='ltr'><strong><em>C</em></strong></span> <span class='ocrx_word' id='word_1_605' title='bbox 2148 3167 2349 3246; x_wconf 67' lang='grc' dir='ltr'>’ὀπτοῖοι</span> <span class='ocrx_word' id='word_1_606' title='bbox 2370 3193 2427 3247; x_wconf 82' lang='grc' dir='ltr'>δὲ</span> <span class='ocrx_word' id='word_1_607' title='bbox 2460 3193 2510 3246; x_wconf 80' lang='grc' dir='ltr'>οἱ</span> <span class='ocrx_word' id='word_1_608' title='bbox 2537 3193 2942 3266; x_wconf 79' lang='grc' dir='ltr'>συντριϐόμενοι</span> <span class='ocrx_word' id='word_1_609' title='bbox 2970 3167 3182 3258; x_wconf 75' lang='grc' dir='ltr'>ὀδόντες</span> <span class='ocrx_word' id='word_1_610' title='bbox 3208 3167 3332 3247; x_wconf 25' lang='grc' dir='ltr'><strong>ψτῶν</strong></span> 
     </span>
    </p>
   </div>
   <div class='ocr_carea' id='block_1_79' title="bbox 2132 3279 3710 3356">
    <p class='ocr_par' dir='ltr' id='par_1_79' title="bbox 2132 3279 3710 3356">
     <span class='ocr_line' id='line_1_79' title="bbox 2132 3279 3710 3356; baseline 0.002 -20"><span class='ocrx_word' id='word_1_611' title='bbox 2132 3283 2362 3336; x_wconf 82' lang='grc' dir='ltr'>τοιοῦτοι</span> <span class='ocrx_word' id='word_1_612' title='bbox 2401 3284 2494 3338; x_wconf 76' lang='grc' dir='ltr'><strong>καὶ</strong></span> <span class='ocrx_word' id='word_1_613' title='bbox 2535 3285 2662 3356; x_wconf 71' lang='grc' dir='ltr'>περὶ</span> <span class='ocrx_word' id='word_1_614' title='bbox 2697 3279 2772 3338; x_wconf 87' lang='grc' dir='ltr'>ὧν</span> <span class='ocrx_word' id='word_1_615' title='bbox 2793 3286 3003 3356; x_wconf 74' lang='grc' dir='ltr'>εἴρηται</span> <span class='ocrx_word' id='word_1_616' title='bbox 3025 3303 3038 3316; x_wconf 85' lang='grc'><strong>·</strong></span> <span class='ocrx_word' id='word_1_617' title='bbox 3081 3306 3098 3338; x_wconf 77' lang='grc' dir='ltr'><strong>ι</strong></span> <span class='ocrx_word' id='word_1_618' title='bbox 3154 3287 3305 3340; x_wconf 86' lang='grc' dir='ltr'>Ἐκεῖ</span> <span class='ocrx_word' id='word_1_619' title='bbox 3327 3287 3489 3343; x_wconf 62' lang='grc' dir='ltr'>ἔσται</span> <span class='ocrx_word' id='word_1_620' title='bbox 3515 3291 3545 3342; x_wconf 78' lang='grc' dir='ltr'><strong>ό</strong></span> <span class='ocrx_word' id='word_1_621' title='bbox 3575 3291 3710 3341; x_wconf 60' lang='lat' dir='ltr'><strong>21m-</strong></span> 
     </span>
    </p>
   </div>
   <div class='ocr_carea' id='block_1_80' title="bbox 2135 3375 3708 3450">
    <p class='ocr_par' dir='ltr' id='par_1_80' title="bbox 2135 3375 3708 3450">
     <span class='ocr_line' id='line_1_80' title="bbox 2135 3375 3708 3450; baseline 0.003 -22"><span class='ocrx_word' id='word_1_622' title='bbox 2135 3375 2269 3446; x_wconf 87' lang='grc' dir='ltr'>Θμὸς</span> <span class='ocrx_word' id='word_1_623' title='bbox 2293 3377 2386 3429; x_wconf 73' lang='grc' dir='ltr'><strong>καὶ</strong></span> <span class='ocrx_word' id='word_1_624' title='bbox 2418 3377 2446 3429; x_wconf 91' lang='lat'><strong>6</strong></span> <span class='ocrx_word' id='word_1_625' title='bbox 2470 3375 2716 3450; x_wconf 80' lang='grc' dir='ltr'>βρυγμὸς</span> <span class='ocrx_word' id='word_1_626' title='bbox 2748 3375 2855 3430; x_wconf 84' lang='grc' dir='ltr'><strong>τῶν</strong></span> <span class='ocrx_word' id='word_1_627' title='bbox 2887 3376 3134 3431; x_wconf 82' lang='grc' dir='ltr'>ὀδόντων.</span> <span class='ocrx_word' id='word_1_628' title='bbox 3185 3397 3203 3431; x_wconf 75' lang='grc' dir='ltr'><strong>ι</strong></span> <span class='ocrx_word' id='word_1_629' title='bbox 3254 3379 3508 3444; x_wconf 79' lang='grc' dir='ltr'>Ὀδόν-τες</span> <span class='ocrx_word' id='word_1_630' title='bbox 3559 3382 3708 3450; x_wconf 66' lang='grc' dir='ltr'>ἀμαρ-</span> 
     </span>
    </p>
   </div>
   <div class='ocr_carea' id='block_1_81' title="bbox 2133 3466 3706 3541">
    <p class='ocr_par' dir='ltr' id='par_1_81' title="bbox 2133 3466 3706 3541">
     <span class='ocr_line' id='line_1_81' title="bbox 2133 3466 3706 3541; baseline 0.002 -22"><span class='ocrx_word' id='word_1_631' title='bbox 2133 3466 2318 3520; x_wconf 85' lang='grc' dir='ltr'>τωλῶν</span> <span class='ocrx_word' id='word_1_632' title='bbox 2351 3469 2455 3520; x_wconf 80' lang='grc' dir='ltr'>εἱσι</span> <span class='ocrx_word' id='word_1_633' title='bbox 2488 3467 2739 3539; x_wconf 75' lang='grc' dir='ltr'>λογισμοὶ</span> <span class='ocrx_word' id='word_1_634' title='bbox 2787 3467 2994 3537; x_wconf 79' lang='grc' dir='ltr'>ἄλογοι,</span> <span class='ocrx_word' id='word_1_635' title='bbox 3031 3467 3183 3539; x_wconf 81' lang='grc' dir='ltr'>παρὰ</span> <span class='ocrx_word' id='word_1_636' title='bbox 3214 3468 3383 3538; x_wconf 72' lang='grc' dir='ltr'>φύσιν</span> <span class='ocrx_word' id='word_1_637' title='bbox 3436 3473 3569 3541; x_wconf 71' lang='grc' dir='ltr'>ἡμῖν</span> <span class='ocrx_word' id='word_1_638' title='bbox 3611 3473 3706 3522; x_wconf 71' lang='grc' dir='ltr'>ἐτι·</span> 
     </span>
    </p>
   </div>
   <div class='ocr_carea' id='block_1_82' title="bbox 2135 3554 3696 3632">
    <p class='ocr_par' dir='ltr' id='par_1_82' title="bbox 2135 3554 3696 3632">
     <span class='ocr_line' id='line_1_82' title="bbox 2135 3554 3696 3632; baseline 0.001 -19"><span class='ocrx_word' id='word_1_639' title='bbox 2135 3559 2543 3630; x_wconf 80' lang='grc' dir='ltr'>συμϐαίνοντες,</span> <span class='ocrx_word' id='word_1_640' title='bbox 2578 3554 2658 3624; x_wconf 76' lang='grc' dir='ltr'>οἷς</span> <span class='ocrx_word' id='word_1_641' title='bbox 2685 3559 2862 3614; x_wconf 81' lang='grc' dir='ltr'>ὀδοῦσι</span> <span class='ocrx_word' id='word_1_642' title='bbox 2892 3559 3162 3632; x_wconf 81' lang='grc' dir='ltr'>χρώμενοι</span> <span class='ocrx_word' id='word_1_643' title='bbox 3204 3561 3483 3626; x_wconf 76' lang='grc' dir='ltr'>πολλάκις</span> <span class='ocrx_word' id='word_1_644' title='bbox 3505 3565 3555 3615; x_wconf 80' lang='grc' dir='ltr'>οἱ</span> <span class='ocrx_word' id='word_1_645' title='bbox 3587 3565 3696 3615; x_wconf 62' lang='grc' dir='ltr'><strong>ἀπ-</strong></span> 
     </span>
    </p>
   </div>
   <div class='ocr_carea' id='block_1_83' title="bbox 2135 3651 3701 3724">
    <p class='ocr_par' dir='ltr' id='par_1_83' title="bbox 2135 3651 3701 3724">
     <span class='ocr_line' id='line_1_83' title="bbox 2135 3651 3701 3724; baseline 0.004 -21"><span class='ocrx_word' id='word_1_646' title='bbox 2135 3651 2376 3722; x_wconf 86' lang='grc' dir='ltr'>κείμενοι</span> <span class='ocrx_word' id='word_1_647' title='bbox 2408 3651 2862 3723; x_wconf 78' lang='grc' dir='ltr'>προσεγγίζουσιν</span> <span class='ocrx_word' id='word_1_648' title='bbox 2888 3655 3017 3722; x_wconf 85' lang='grc' dir='ltr'>ἡμῖν</span> <span class='ocrx_word' id='word_1_649' title='bbox 3033 3651 3126 3705; x_wconf 81' lang='grc' dir='ltr'>τοῦ</span> <span class='ocrx_word' id='word_1_650' title='bbox 3161 3656 3363 3721; x_wconf 79' lang='grc' dir='ltr'>φαγεῖν</span> <span class='ocrx_word' id='word_1_651' title='bbox 3389 3654 3495 3716; x_wconf 70' lang='grc' dir='ltr'>τὰς</span> <span class='ocrx_word' id='word_1_652' title='bbox 3527 3655 3701 3724; x_wconf 57' lang='grc' dir='ltr'>σάρκας</span> 
     </span>
    </p>
   </div>
   <div class='ocr_carea' id='block_1_84' title="bbox 2133 3737 3698 3812">
    <p class='ocr_par' dir='ltr' id='par_1_84' title="bbox 2133 3737 3698 3812">
     <span class='ocr_line' id='line_1_84' title="bbox 2133 3737 3698 3812; baseline 0.003 -22"><span class='ocrx_word' id='word_1_653' title='bbox 2133 3737 2310 3809; x_wconf 79' lang='grc' dir='ltr'>ἡμῶν,</span> <span class='ocrx_word' id='word_1_654' title='bbox 2343 3739 2585 3792; x_wconf 85' lang='grc' dir='ltr'>τουτέστι</span> <span class='ocrx_word' id='word_1_655' title='bbox 2635 3739 2704 3792; x_wconf 79' lang='grc' dir='ltr'>τὰ</span> <span class='ocrx_word' id='word_1_656' title='bbox 2741 3743 2807 3793; x_wconf 75' lang='grc' dir='ltr'><strong>ἐκ</strong></span> <span class='ocrx_word' id='word_1_657' title='bbox 2844 3741 2943 3812; x_wconf 82' lang='grc' dir='ltr'>τῆς</span> <span class='ocrx_word' id='word_1_658' title='bbox 2971 3742 3170 3811; x_wconf 85' lang='grc' dir='ltr'>σαρκὸς</span> <span class='ocrx_word' id='word_1_659' title='bbox 3207 3743 3470 3812; x_wconf 81' lang='grc' dir='ltr'>φυόμενα</span> <span class='ocrx_word' id='word_1_660' title='bbox 3495 3761 3508 3772; x_wconf 93' lang='grc'><strong>·</strong></span> <span class='ocrx_word' id='word_1_661' title='bbox 3546 3764 3563 3795; x_wconf 81' lang='grc' dir='ltr'><strong>ι</strong></span> <span class='ocrx_word' id='word_1_662' title='bbox 3612 3745 3698 3795; x_wconf 65' lang='lat' dir='ltr'><strong>h-</strong></span> 
     </span>
    </p>
   </div>
   <div class='ocr_carea' id='block_1_85' title="bbox 2133 3829 3698 3906">
    <p class='ocr_par' dir='ltr' id='par_1_85' title="bbox 2133 3829 3698 3906">
     <span class='ocr_line' id='line_1_85' title="bbox 2133 3829 3698 3906; baseline 0.002 -22"><span class='ocrx_word' id='word_1_663' title='bbox 2133 3829 2264 3902; x_wconf 84' lang='grc' dir='ltr'>νερὰ</span> <span class='ocrx_word' id='word_1_664' title='bbox 2289 3829 2346 3883; x_wconf 90' lang='grc' dir='ltr'><strong>δέ</strong></span> <span class='ocrx_word' id='word_1_665' title='bbox 2381 3832 2497 3884; x_wconf 76' lang='grc' dir='ltr'>ἐστι</span> <span class='ocrx_word' id='word_1_666' title='bbox 2531 3830 2598 3886; x_wconf 77' lang='grc' dir='ltr'>τὰ</span> <span class='ocrx_word' id='word_1_667' title='bbox 2641 3830 2781 3903; x_wconf 81' lang='grc' dir='ltr'>ἔργα</span> <span class='ocrx_word' id='word_1_668' title='bbox 2829 3833 2931 3905; x_wconf 81' lang='grc' dir='ltr'>τῆς</span> <span class='ocrx_word' id='word_1_669' title='bbox 2978 3833 3201 3906; x_wconf 79' lang='grc' dir='ltr'>σαρκὸς,</span> <span class='ocrx_word' id='word_1_670' title='bbox 3240 3853 3259 3886; x_wconf 78' lang='grc' dir='ltr'><strong>ι</strong></span> <span class='ocrx_word' id='word_1_671' title='bbox 3300 3835 3474 3905; x_wconf 69' lang='grc' dir='ltr'>φησὶν</span> <span class='ocrx_word' id='word_1_672' title='bbox 3512 3839 3541 3890; x_wconf 78' lang='grc' dir='ltr'><strong>ό</strong></span> <span class='ocrx_word' id='word_1_673' title='bbox 3585 3835 3698 3896; x_wconf 71' lang='grc' dir='ltr'>θεῖος</span> 
     </span>
    </p>
   </div>
   <div class='ocr_carea' id='block_1_86' title="bbox 2146 3921 2484 3987">
    <p class='ocr_par' dir='ltr' id='par_1_86' title="bbox 2146 3921 2484 3987">
     <span class='ocr_line' id='line_1_86' title="bbox 2146 3921 2484 3987; baseline 0.003 -12"><span class='ocrx_word' id='word_1_674' title='bbox 2146 3921 2484 3987; x_wconf 81' lang='grc' dir='ltr'>Ἀπόστολος.</span> 
     </span>
    </p>
   </div>
   <div class='ocr_carea' id='block_1_87' title="bbox 2208 4108 3691 4179">
    <p class='ocr_par' dir='ltr' id='par_1_87' title="bbox 2208 4108 3691 4179">
     <span class='ocr_line' id='line_1_87' title="bbox 2208 4108 3691 4179; baseline -0.001 -18"><span class='ocrx_word' id='word_1_675' title='bbox 2208 4108 2317 4162; x_wconf 88' lang='grc' dir='ltr'><strong>Τοῦ</strong></span> <span class='ocrx_word' id='word_1_676' title='bbox 2358 4109 2578 4177; x_wconf 82' lang='grc' dir='ltr'>Κυρίου</span> <span class='ocrx_word' id='word_1_677' title='bbox 2621 4109 2661 4179; x_wconf 82' lang='grc' dir='ltr'><strong><em>ἡ</em></strong></span> <span class='ocrx_word' id='word_1_678' title='bbox 2699 4111 2982 4179; x_wconf 82' lang='grc' dir='ltr'>σωτηρία,</span> <span class='ocrx_word' id='word_1_679' title='bbox 3010 4109 3108 4163; x_wconf 77' lang='grc' dir='ltr'>καὶ</span> <span class='ocrx_word' id='word_1_680' title='bbox 3142 4108 3242 4162; x_wconf 79' lang='grc' dir='ltr'><strong>ἐπὶ</strong></span> <span class='ocrx_word' id='word_1_681' title='bbox 3285 4109 3401 4163; x_wconf 78' lang='grc' dir='ltr'><strong>τὸν</strong></span> <span class='ocrx_word' id='word_1_682' title='bbox 3425 4112 3576 4164; x_wconf 74' lang='grc' dir='ltr'>λαόν</span> <span class='ocrx_word' id='word_1_683' title='bbox 3597 4127 3691 4162; x_wconf 67' lang='grc' dir='ltr'>σει»</span> 
     </span>
    </p>
   </div>
   <div class='ocr_carea' id='block_1_88' title="bbox 2131 4198 3687 4270">
    <p class='ocr_par' dir='ltr' id='par_1_88' title="bbox 2131 4198 3687 4270">
     <span class='ocr_line' id='line_1_88' title="bbox 2131 4198 3687 4270; baseline -0.003 -17"><span class='ocrx_word' id='word_1_684' title='bbox 2131 4198 2170 4267; x_wconf 78' lang='grc' dir='ltr'><em>ἠ</em></span> <span class='ocrx_word' id='word_1_685' title='bbox 2202 4200 2450 4269; x_wconf 78' lang='grc' dir='ltr'>εὐλογία</span> <span class='ocrx_word' id='word_1_686' title='bbox 2499 4214 2636 4264; x_wconf 88' lang='grc' dir='ltr'>σου,</span> <span class='ocrx_word' id='word_1_687' title='bbox 2685 4217 2739 4254; x_wconf 87' lang='grc' dir='ltr'><strong>κ.</strong></span> <span class='ocrx_word' id='word_1_688' title='bbox 2781 4217 2831 4255; x_wconf 92' lang='grc' dir='ltr'><strong>τ.</strong></span> <span class='ocrx_word' id='word_1_689' title='bbox 2884 4202 2930 4254; x_wconf 83' lang='grc' dir='ltr'>ὲ.</span> <span class='ocrx_word' id='word_1_690' title='bbox 2989 4200 3046 4253; x_wconf 86' lang='grc' dir='ltr'>ὐ</span> <span class='ocrx_word' id='word_1_691' title='bbox 3085 4199 3412 4270; x_wconf 82' lang='grc' dir='ltr'>πειθόμενος</span> <span class='ocrx_word' id='word_1_692' title='bbox 3454 4200 3579 4270; x_wconf 80' lang='lat'><strong>(89),</strong></span> <span class='ocrx_word' id='word_1_693' title='bbox 3625 4201 3687 4250; x_wconf 70' lang='grc' dir='ltr'>ὅτι</span> 
     </span>
    </p>
   </div>
   <div class='ocr_carea' id='block_1_89' title="bbox 2129 4289 3686 4363">
    <p class='ocr_par' dir='ltr' id='par_1_89' title="bbox 2129 4289 3686 4363">
     <span class='ocr_line' id='line_1_89' title="bbox 2129 4289 3686 4363; baseline -0.002 -22"><span class='ocrx_word' id='word_1_694' title='bbox 2129 4290 2222 4342; x_wconf 81' lang='grc' dir='ltr'>τοῦ</span> <span class='ocrx_word' id='word_1_695' title='bbox 2246 4289 2452 4361; x_wconf 88' lang='grc' dir='ltr'>Κυρίου</span> <span class='ocrx_word' id='word_1_696' title='bbox 2505 4291 2651 4343; x_wconf 74' lang='grc' dir='ltr'>ἐστὶν</span> <span class='ocrx_word' id='word_1_697' title='bbox 2683 4291 2715 4361; x_wconf 85' lang='grc' dir='ltr'>ἡ</span> <span class='ocrx_word' id='word_1_698' title='bbox 2759 4291 3023 4363; x_wconf 85' lang='grc' dir='ltr'>σωτηρία,</span> <span class='ocrx_word' id='word_1_699' title='bbox 3063 4290 3142 4343; x_wconf 88' lang='grc' dir='ltr'><strong>διὸ</strong></span> <span class='ocrx_word' id='word_1_700' title='bbox 3189 4290 3284 4343; x_wconf 81' lang='grc' dir='ltr'><strong>καὶ</strong></span> <span class='ocrx_word' id='word_1_701' title='bbox 3325 4292 3354 4344; x_wconf 92' lang='grc' dir='ltr'><strong>ὀ</strong></span> <span class='ocrx_word' id='word_1_702' title='bbox 3390 4291 3525 4353; x_wconf 68' lang='lat'><strong>836.;</strong></span> <span class='ocrx_word' id='word_1_703' title='bbox 3558 4290 3686 4360; x_wconf 65' lang='grc' dir='ltr'>ἡμῶν</span> 
     </span>
    </p>
   </div>
   <div class='ocr_carea' id='block_1_90' title="bbox 2130 4381 3686 4456">
    <p class='ocr_par' dir='ltr' id='par_1_90' title="bbox 2130 4381 3686 4456">
     <span class='ocr_line' id='line_1_90' title="bbox 2130 4381 3686 4456; baseline -0.003 -20"><span class='ocrx_word' id='word_1_704' title='bbox 2130 4383 2262 4446; x_wconf 88' lang='grc' dir='ltr'><strong>Θεός</strong></span> <span class='ocrx_word' id='word_1_705' title='bbox 2314 4385 2430 4436; x_wconf 80' lang='grc' dir='ltr'>ἐστι</span> <span class='ocrx_word' id='word_1_706' title='bbox 2475 4382 2570 4436; x_wconf 75' lang='grc' dir='ltr'>τοῦ</span> <span class='ocrx_word' id='word_1_707' title='bbox 2625 4381 2851 4448; x_wconf 79' lang='grc' dir='ltr'>σώζειν·</span> <span class='ocrx_word' id='word_1_708' title='bbox 2887 4383 2980 4437; x_wconf 79' lang='grc' dir='ltr'>τοῦ</span> <span class='ocrx_word' id='word_1_709' title='bbox 3015 4383 3123 4456; x_wconf 77' lang='grc' dir='ltr'>γὰρ</span> <span class='ocrx_word' id='word_1_710' title='bbox 3155 4383 3367 4455; x_wconf 83' lang='grc' dir='ltr'>Κυρίου</span> <span class='ocrx_word' id='word_1_711' title='bbox 3399 4385 3458 4437; x_wconf 80' lang='grc' dir='ltr'>αἱ</span> <span class='ocrx_word' id='word_1_712' title='bbox 3495 4382 3686 4446; x_wconf 74' lang='grc' dir='ltr'>διέξοδοι</span> 
     </span>
    </p>
   </div>
   <div class='ocr_carea' id='block_1_91' title="bbox 441 4469 2031 4576">
    <p class='ocr_par' dir='ltr' id='par_1_91' title="bbox 441 4479 2024 4551">
     <span class='ocr_line' id='line_1_91' title="bbox 441 4479 2024 4551; baseline 0.001 -18"><span class='ocrx_word' id='word_1_713' title='bbox 441 4479 510 4533; x_wconf 85' lang='lat' dir='ltr'><strong>sit</strong></span> <span class='ocrx_word' id='word_1_714' title='bbox 532 4480 805 4536; x_wconf 81' lang='lat' dir='ltr'><strong>conlidere</strong></span> <span class='ocrx_word' id='word_1_715' title='bbox 829 4479 881 4534; x_wconf 85' lang='lat' dir='ltr'><strong>in</strong></span> <span class='ocrx_word' id='word_1_716' title='bbox 915 4479 1040 4536; x_wconf 87' lang='lat' dir='ltr'><strong>ﬁliis</strong></span> <span class='ocrx_word' id='word_1_717' title='bbox 1064 4479 1369 4545; x_wconf 89' lang='lat' dir='ltr'><strong>hominum,</strong></span> <span class='ocrx_word' id='word_1_718' title='bbox 1401 4480 1453 4535; x_wconf 92' lang='lat' dir='ltr'><strong>in</strong></span> <span class='ocrx_word' id='word_1_719' title='bbox 1481 4481 1675 4551; x_wconf 86' lang='lat' dir='ltr'><strong>quibus</strong></span> <span class='ocrx_word' id='word_1_720' title='bbox 1700 4496 1803 4535; x_wconf 90' lang='lat' dir='ltr'><strong>non</strong></span> <span class='ocrx_word' id='word_1_721' title='bbox 1828 4489 1912 4535; x_wconf 91' lang='lat' dir='ltr'><strong>est</strong></span> <span class='ocrx_word' id='word_1_722' title='bbox 1932 4495 2024 4534; x_wconf 88' lang='lat' dir='ltr'><strong>sa-</strong></span> 
     </span>
    </p>
   </div>
   <div class='ocr_carea' id='block_1_92' title="bbox 2142 4469 3688 4576">
    <p class='ocr_par' dir='ltr' id='par_1_92' title="bbox 2142 4469 3688 4532">
     <span class='ocr_line' id='line_1_92' title="bbox 2142 4469 3688 4532; baseline -0.004 -2"><span class='ocrx_word' id='word_1_723' title='bbox 2142 4475 2222 4530; x_wconf 74' lang='grc' dir='ltr'>τοῦ</span> <span class='ocrx_word' id='word_1_724' title='bbox 2253 4475 2517 4530; x_wconf 66' lang='lat' dir='ltr'><strong>ﬂava-ceti-</strong></span> <span class='ocrx_word' id='word_1_725' title='bbox 2569 4469 2676 4529; x_wconf 77' lang='grc' dir='ltr'>οἶδε</span> <span class='ocrx_word' id='word_1_726' title='bbox 2710 4475 2804 4528; x_wconf 77' lang='grc' dir='ltr'><strong>καὶ</strong></span> <span class='ocrx_word' id='word_1_727' title='bbox 2857 4475 2911 4527; x_wconf 88' lang='grc' dir='ltr'><strong>τί</strong></span> <span class='ocrx_word' id='word_1_728' title='bbox 2947 4475 3007 4528; x_wconf 89' lang='grc' dir='ltr'><strong>τὸ</strong></span> <span class='ocrx_word' id='word_1_729' title='bbox 3048 4474 3372 4529; x_wconf 82' lang='grc' dir='ltr'>πεποιθέναι</span> <span class='ocrx_word' id='word_1_730' title='bbox 3425 4476 3517 4528; x_wconf 72' lang='grc' dir='ltr'>ἐπὶ</span> <span class='ocrx_word' id='word_1_731' title='bbox 3563 4475 3688 4532; x_wconf 67' lang='grc' dir='ltr'>υἱοὺς</span> 
     </span>
    </p>
   </div>
   <div class='ocr_carea' id='block_1_93' title="bbox 443 4570 2022 4654">
    <p class='ocr_par' dir='ltr' id='par_1_93' title="bbox 443 4570 2022 4645">
     <span class='ocr_line' id='line_1_93' title="bbox 443 4570 2022 4645; baseline 0 -21"><span class='ocrx_word' id='word_1_732' title='bbox 443 4571 527 4626; x_wconf 92' lang='lat' dir='ltr'><strong>lus</strong></span> <span class='ocrx_word' id='word_1_733' title='bbox 545 4570 612 4628; x_wconf 81' lang='lat'><strong>”.</strong></span> <span class='ocrx_word' id='word_1_734' title='bbox 631 4573 771 4639; x_wconf 92' lang='lat' dir='ltr'><strong>Quin</strong></span> <span class='ocrx_word' id='word_1_735' title='bbox 799 4582 886 4630; x_wconf 91' lang='lat' dir='ltr'><strong>est</strong></span> <span class='ocrx_word' id='word_1_736' title='bbox 914 4589 1077 4644; x_wconf 90' lang='lat' dir='ltr'><strong>super</strong></span> <span class='ocrx_word' id='word_1_737' title='bbox 1104 4573 1366 4645; x_wconf 90' lang='lat' dir='ltr'><strong>populum</strong></span> <span class='ocrx_word' id='word_1_738' title='bbox 1393 4573 1511 4644; x_wconf 81' lang='lat' dir='ltr'><strong>eius</strong></span> <span class='ocrx_word' id='word_1_739' title='bbox 1544 4573 1850 4629; x_wconf 81' lang='lat' dir='ltr'><strong>benedictio</strong></span> <span class='ocrx_word' id='word_1_740' title='bbox 1881 4570 2022 4640; x_wconf 89' lang='lat' dir='ltr'><strong>ejus,</strong></span> 
     </span>
    </p>
   </div>
   <div class='ocr_carea' id='block_1_94' title="bbox 441 4663 1734 4736">
    <p class='ocr_par' dir='ltr' id='par_1_94' title="bbox 441 4663 1734 4736">
     <span class='ocr_line' id='line_1_94' title="bbox 441 4663 1734 4736; baseline 0 -19"><span class='ocrx_word' id='word_1_741' title='bbox 441 4677 564 4736; x_wconf 67' lang='lat' dir='ltr'><strong>quae</strong></span> <span class='ocrx_word' id='word_1_742' title='bbox 590 4665 851 4736; x_wconf 89' lang='lat' dir='ltr'><strong>spiritalis</strong></span> <span class='ocrx_word' id='word_1_743' title='bbox 871 4677 954 4722; x_wconf 89' lang='lat' dir='ltr'><strong>est</strong></span> <span class='ocrx_word' id='word_1_744' title='bbox 977 4665 1029 4720; x_wconf 89' lang='lat' dir='ltr'><strong>in</strong></span> <span class='ocrx_word' id='word_1_745' title='bbox 1064 4663 1378 4723; x_wconf 85' lang='lat' dir='ltr'><strong>coelestibus</strong></span> <span class='ocrx_word' id='word_1_746' title='bbox 1410 4664 1462 4720; x_wconf 89' lang='lat' dir='ltr'><strong>in</strong></span> <span class='ocrx_word' id='word_1_747' title='bbox 1494 4665 1734 4720; x_wconf 84' lang='lat' dir='ltr'><strong>Christo.</strong></span> 
     </span>
    </p>
   </div>
   <div class='ocr_carea' id='block_1_95' title="bbox 1006 4960 1448 5018">
    <p class='ocr_par' dir='ltr' id='par_1_95' title="bbox 1006 4960 1448 5018">
     <span class='ocr_line' id='line_1_95' title="bbox 1006 4960 1448 5018; baseline -0.002 -2"><span class='ocrx_word' id='word_1_748' title='bbox 1006 4961 1232 5018; x_wconf 85' lang='lat' dir='ltr'><strong>PSALM</strong></span> <span class='ocrx_word' id='word_1_749' title='bbox 1242 4961 1327 5018; x_wconf 90' lang='lat' dir='ltr'>US</span> <span class='ocrx_word' id='word_1_750' title='bbox 1358 4960 1448 5016; x_wconf 86' lang='lat' dir='ltr'><strong>IV.</strong></span> 
     </span>
    </p>
   </div>
   <div class='ocr_carea' id='block_1_96' title="bbox 513 5053 2014 5126">
    <p class='ocr_par' dir='ltr' id='par_1_96' title="bbox 513 5053 2014 5126">
     <span class='ocr_line' id='line_1_96' title="bbox 513 5053 2014 5126; baseline -0.006 -11"><span class='ocrx_word' id='word_1_751' title='bbox 513 5061 677 5115; x_wconf 70' lang='lat' dir='ltr'><strong>Vens.</strong></span> <span class='ocrx_word' id='word_1_752' title='bbox 713 5059 764 5115; x_wconf 81' lang='grc'>1.</span> <span class='ocrx_word' id='word_1_753' title='bbox 804 5057 872 5112; x_wconf 83' lang='lat' dir='ltr'><strong><em>In</em></strong></span> <span class='ocrx_word' id='word_1_754' title='bbox 893 5057 1052 5126; x_wconf 78' lang='lat' dir='ltr'><strong>linem</strong></span> <span class='ocrx_word' id='word_1_755' title='bbox 1071 5058 1127 5110; x_wconf 85' lang='lat' dir='ltr'><strong>in</strong></span> <span class='ocrx_word' id='word_1_756' title='bbox 1152 5057 1370 5126; x_wconf 80' lang='lat' dir='ltr'><strong>psalmis</strong></span> <span class='ocrx_word' id='word_1_757' title='bbox 1398 5065 1658 5123; x_wconf 72' lang='lat' dir='ltr'><strong>canticum</strong></span> <span class='ocrx_word' id='word_1_758' title='bbox 1692 5053 1887 5119; x_wconf 84' lang='lat' dir='ltr'><strong>David,</strong></span> <span class='ocrx_word' id='word_1_759' title='bbox 1909 5061 2014 5110; x_wconf 81' lang='lat' dir='ltr'><strong>etc.</strong></span> 
     </span>
    </p>
   </div>
   <div class='ocr_carea' id='block_1_97' title="bbox 439 5145 2016 5220">
    <p class='ocr_par' dir='ltr' id='par_1_97' title="bbox 439 5145 2016 5220">
     <span class='ocr_line' id='line_1_97' title="bbox 439 5145 2016 5220; baseline -0.006 -12"><span class='ocrx_word' id='word_1_760' title='bbox 439 5153 576 5209; x_wconf 87' lang='lat' dir='ltr'><strong>Cum</strong></span> <span class='ocrx_word' id='word_1_761' title='bbox 638 5151 793 5206; x_wconf 91' lang='lat' dir='ltr'><strong>multi</strong></span> <span class='ocrx_word' id='word_1_762' title='bbox 831 5148 1020 5220; x_wconf 85' lang='lat' dir='ltr'><strong>psalmi</strong></span> <span class='ocrx_word' id='word_1_763' title='bbox 1070 5150 1369 5204; x_wconf 87' lang='lat' dir='ltr'><strong>secundum</strong></span> <span class='ocrx_word' id='word_1_764' title='bbox 1421 5148 1778 5218; x_wconf 75' lang='lat' dir='ltr'><strong>Septuaginta</strong></span> <span class='ocrx_word' id='word_1_765' title='bbox 1819 5145 2016 5201; x_wconf 87' lang='lat' dir='ltr'><strong>inscri-</strong></span> 
     </span>
    </p>
   </div>
   <div class='ocr_carea' id='block_1_98' title="bbox 440 5239 2012 5308">
    <p class='ocr_par' dir='ltr' id='par_1_98' title="bbox 440 5239 2012 5308">
     <span class='ocr_line' id='line_1_98' title="bbox 440 5239 2012 5308; baseline -0.005 -8"><span class='ocrx_word' id='word_1_766' title='bbox 440 5245 637 5300; x_wconf 85' lang='lat' dir='ltr'><strong>hantur</strong></span> <span class='ocrx_word' id='word_1_767' title='bbox 669 5243 772 5297; x_wconf 67' lang='grc' dir='ltr'>«εἰη</span> <span class='ocrx_word' id='word_1_768' title='bbox 809 5243 992 5308; x_wconf 82' lang='lat' dir='ltr'><strong>finem,</strong></span> <span class='ocrx_word' id='word_1_769' title='bbox 1025 5259 1046 5295; x_wconf 72' lang='grc' dir='ltr'><strong>ι</strong></span> <span class='ocrx_word' id='word_1_770' title='bbox 1077 5243 1376 5297; x_wconf 86' lang='lat' dir='ltr'><strong>secundum</strong></span> <span class='ocrx_word' id='word_1_771' title='bbox 1409 5240 1544 5294; x_wconf 91' lang='lat' dir='ltr'><strong>alios</strong></span> <span class='ocrx_word' id='word_1_772' title='bbox 1573 5250 1754 5295; x_wconf 89' lang='lat' dir='ltr'><strong>autem</strong></span> <span class='ocrx_word' id='word_1_773' title='bbox 1799 5239 2012 5297; x_wconf 90' lang='lat' dir='ltr'><strong>titulum</strong></span> 
     </span>
    </p>
   </div>
   <div class='ocr_carea' id='block_1_99' title="bbox 441 5330 2012 5398">
    <p class='ocr_par' dir='ltr' id='par_1_99' title="bbox 441 5330 2012 5398">
     <span class='ocr_line' id='line_1_99' title="bbox 441 5330 2012 5398; baseline -0.005 -9"><span class='ocrx_word' id='word_1_774' title='bbox 441 5337 674 5390; x_wconf 83' lang='lat' dir='ltr'><strong>habeant</strong></span> <span class='ocrx_word' id='word_1_775' title='bbox 721 5335 844 5388; x_wconf 86' lang='lat' dir='ltr'><strong>huic</strong></span> <span class='ocrx_word' id='word_1_776' title='bbox 881 5351 900 5384; x_wconf 77' lang='grc' dir='ltr'><strong>ι</strong></span> <span class='ocrx_word' id='word_1_777' title='bbox 938 5332 993 5387; x_wconf 90' lang='lat' dir='ltr'><strong>in</strong></span> <span class='ocrx_word' id='word_1_778' title='bbox 1050 5330 1216 5386; x_wconf 82' lang='lat' dir='ltr'><strong>finem</strong></span> <span class='ocrx_word' id='word_1_779' title='bbox 1255 5349 1274 5383; x_wconf 75' lang='grc' dir='ltr'><strong>ι</strong></span> <span class='ocrx_word' id='word_1_780' title='bbox 1323 5330 1665 5398; x_wconf 88' lang='lat' dir='ltr'><strong>inscriptioni</strong></span> <span class='ocrx_word' id='word_1_781' title='bbox 1721 5337 2012 5383; x_wconf 88' lang='lat' dir='ltr'><strong>consenta-</strong></span> 
     </span>
    </p>
   </div>
   <div class='ocr_carea' id='block_1_100' title="bbox 440 5419 2013 5496">
    <p class='ocr_par' dir='ltr' id='par_1_100' title="bbox 440 5419 2013 5496">
     <span class='ocr_line' id='line_1_100' title="bbox 440 5419 2013 5496; baseline -0.006 -13"><span class='ocrx_word' id='word_1_782' title='bbox 440 5443 619 5493; x_wconf 90' lang='lat' dir='ltr'><strong>neum,</strong></span> <span class='ocrx_word' id='word_1_783' title='bbox 650 5441 827 5496; x_wconf 79' lang='lat' dir='ltr'><strong>operae</strong></span> <span class='ocrx_word' id='word_1_784' title='bbox 870 5424 1102 5495; x_wconf 89' lang='lat' dir='ltr'><strong>pretium</strong></span> <span class='ocrx_word' id='word_1_785' title='bbox 1150 5431 1232 5478; x_wconf 89' lang='lat' dir='ltr'><strong>est</strong></span> <span class='ocrx_word' id='word_1_786' title='bbox 1289 5435 1386 5490; x_wconf 91' lang='lat' dir='ltr'><strong>pro</strong></span> <span class='ocrx_word' id='word_1_787' title='bbox 1425 5422 1633 5476; x_wconf 91' lang='lat' dir='ltr'><strong>viribus</strong></span> <span class='ocrx_word' id='word_1_788' title='bbox 1681 5419 2013 5490; x_wconf 77' lang='lat' dir='ltr'><strong>investigare</strong></span> 
     </span>
    </p>
   </div>
   <div class='ocr_carea' id='block_1_101' title="bbox 508 5607 2022 5682">
    <p class='ocr_par' dir='ltr' id='par_1_101' title="bbox 508 5607 2022 5682">
     <span class='ocr_line' id='line_1_101' title="bbox 508 5607 2022 5682; baseline -0.006 -9"><span class='ocrx_word' id='word_1_789' title='bbox 508 5618 548 5650; x_wconf 87' lang='grc'><strong>⁹¹</strong></span> <span class='ocrx_word' id='word_1_790' title='bbox 574 5616 730 5672; x_wconf 82' lang='lat' dir='ltr'><strong>Joan.</strong></span> <span class='ocrx_word' id='word_1_791' title='bbox 759 5632 847 5682; x_wconf 90' lang='lat' dir='ltr'><strong>xv,</strong></span> <span class='ocrx_word' id='word_1_792' title='bbox 891 5615 946 5668; x_wconf 71' lang='lat'><strong>2.</strong></span> <span class='ocrx_word' id='word_1_793' title='bbox 1023 5615 1068 5647; x_wconf 82' lang='grc'>⁹²</span> <span class='ocrx_word' id='word_1_794' title='bbox 1093 5612 1224 5666; x_wconf 88' lang='lat' dir='ltr'><strong>Luc.</strong></span> <span class='ocrx_word' id='word_1_795' title='bbox 1273 5624 1396 5677; x_wconf 78' lang='lat' dir='ltr'><strong>xm,</strong></span> <span class='ocrx_word' id='word_1_796' title='bbox 1427 5609 1518 5664; x_wconf 71' lang='grc'><strong>28.</strong></span> <span class='ocrx_word' id='word_1_797' title='bbox 1625 5609 1670 5640; x_wconf 78' lang='grc'><strong>⁸³</strong></span> <span class='ocrx_word' id='word_1_798' title='bbox 1697 5607 1816 5664; x_wconf 87' lang='lat' dir='ltr'><strong>Gal.</strong></span> <span class='ocrx_word' id='word_1_799' title='bbox 1842 5623 1893 5674; x_wconf 90' lang='lat' dir='ltr'><strong>v,</strong></span> <span class='ocrx_word' id='word_1_800' title='bbox 1940 5607 2022 5664; x_wconf 91' lang='lat' dir='ltr'><strong>l9.</strong></span> 
     </span>
    </p>
   </div>
   <div class='ocr_carea' id='block_1_102' title="bbox 509 5706 1928 5785">
    <p class='ocr_par' dir='ltr' id='par_1_102' title="bbox 509 5706 1928 5785">
     <span class='ocr_line' id='line_1_102' title="bbox 509 5706 1928 5785; baseline -0.004 -19"><span class='ocrx_word' id='word_1_801' title='bbox 509 5713 619 5785; x_wconf 75' lang='lat'><strong>(89)</strong></span> <span class='ocrx_word' id='word_1_802' title='bbox 668 5715 719 5766; x_wconf 89' lang='lat'><strong>&#39;0</strong></span> <span class='ocrx_word' id='word_1_803' title='bbox 745 5715 1257 5785; x_wconf 60' lang='lat' dir='ltr'><strong>aeaOdyeroq,_clc.</strong></span> <span class='ocrx_word' id='word_1_804' title='bbox 1291 5706 1928 5785; x_wconf 40' lang='lat' dir='ltr'><strong>Corderius,nBarba_rus.</strong></span> 
     </span>
    </p>
   </div>
   <div class='ocr_carea' id='block_1_103' title="bbox 513 5777 2003 5856">
    <p class='ocr_par' dir='ltr' id='par_1_103' title="bbox 513 5777 2003 5856">
     <span class='ocr_line' id='line_1_103' title="bbox 513 5777 2003 5856; baseline -0.006 -17"><span class='ocrx_word' id='word_1_805' title='bbox 513 5777 623 5856; x_wconf 58' lang='lat'><strong>(90&#39;)</strong></span> <span class='ocrx_word' id='word_1_806' title='bbox 661 5777 1218 5856; x_wconf 57' lang='grc' dir='ltr'>Ποιλλεῦιίψαλμών,</span> <span class='ocrx_word' id='word_1_807' title='bbox 1240 5790 1348 5856; x_wconf 81' lang='lat' dir='ltr'><strong>etc.</strong></span> <span class='ocrx_word' id='word_1_808' title='bbox 1376 5780 1557 5856; x_wconf 59' lang='grc' dir='ltr'>βοάᾳ.</span> <span class='ocrx_word' id='word_1_809' title='bbox 1580 5778 1773 5856; x_wconf 28' lang='lat' dir='ltr'><strong>“Rue.”</strong></span> <span class='ocrx_word' id='word_1_810' title='bbox 1804 5777 2003 5856; x_wconf 74' lang='lat' dir='ltr'><strong>Barac-</strong></span> 
     </span>
    </p>
   </div>
   <div class='ocr_carea' id='block_1_104' title="bbox 435 5848 2006 5920">
    <p class='ocr_par' dir='ltr' id='par_1_104' title="bbox 435 5848 2006 5920">
     <span class='ocr_line' id='line_1_104' title="bbox 435 5848 2006 5920; baseline -0.006 -8"><span class='ocrx_word' id='word_1_811' title='bbox 435 5848 644 5918; x_wconf 70' lang='lat' dir='ltr'><strong>ciaimé,</strong></span> <span class='ocrx_word' id='word_1_812' title='bbox 678 5848 1081 5920; x_wconf 39' lang='lat' dir='ltr'><strong>Coisliuianus,</strong></span> <span class='ocrx_word' id='word_1_813' title='bbox 1118 5853 1330 5910; x_wconf 73' lang='lat' dir='ltr'><strong>schedze</strong></span> <span class='ocrx_word' id='word_1_814' title='bbox 1368 5850 1700 5910; x_wconf 84' lang='lat' dir='ltr'><strong>Cumbelisii,</strong></span> <span class='ocrx_word' id='word_1_815' title='bbox 1735 5848 2006 5903; x_wconf 80' lang='lat' dir='ltr'><strong>Barbarus</strong></span> 
     </span>
    </p>
   </div>
   <div class='ocr_carea' id='block_1_105' title="bbox 2099 5596 2638 5664">
    <p class='ocr_par' dir='ltr' id='par_1_105' title="bbox 2099 5596 2638 5664">
     <span class='ocr_line' id='line_1_105' title="bbox 2099 5596 2638 5664; baseline -0.015 -5"><span class='ocrx_word' id='word_1_816' title='bbox 2099 5606 2144 5638; x_wconf 71' lang='lat'><strong>”</strong></span> <span class='ocrx_word' id='word_1_817' title='bbox 2175 5600 2316 5658; x_wconf 88' lang='lat' dir='ltr'><strong>Psal.</strong></span> <span class='ocrx_word' id='word_1_818' title='bbox 2349 5612 2515 5664; x_wconf 76' lang='lat' dir='ltr'><strong>van,</strong></span> <span class='ocrx_word' id='word_1_819' title='bbox 2549 5596 2638 5652; x_wconf 73' lang='lat' dir='ltr'><strong>2t.</strong></span> 
     </span>
    </p>
   </div>
   <div class='ocr_carea' id='block_1_106' title="bbox 2115 5680 3660 5765">
    <p class='ocr_par' dir='ltr' id='par_1_106' title="bbox 2115 5680 3660 5765">
     <span class='ocr_line' id='line_1_106' title="bbox 2115 5680 3660 5765; baseline -0.019 -5"><span class='ocrx_word' id='word_1_820' title='bbox 2115 5713 2170 5760; x_wconf 89' lang='lat' dir='ltr'><strong>et</strong></span> <span class='ocrx_word' id='word_1_821' title='bbox 2199 5699 2490 5757; x_wconf 88' lang='lat' dir='ltr'><strong>Corderius</strong></span> <span class='ocrx_word' id='word_1_822' title='bbox 2523 5694 2739 5765; x_wconf 82' lang='lat' dir='ltr'><strong>Origcni</strong></span> <span class='ocrx_word' id='word_1_823' title='bbox 2783 5692 3065 5765; x_wconf 73' lang='lat' dir='ltr'><strong>tribuunt,</strong></span> <span class='ocrx_word' id='word_1_824' title='bbox 3137 5703 3438 5765; x_wconf 84' lang='lat' dir='ltr'><strong>quanquam</strong></span> <span class='ocrx_word' id='word_1_825' title='bbox 3489 5680 3660 5765; x_wconf 77' lang='lat' dir='ltr'><strong>simile</strong></span> 
     </span>
    </p>
   </div>
   <div class='ocr_carea' id='block_1_107' title="bbox 2131 4563 3685 4642">
    <p class='ocr_par' dir='ltr' id='par_1_107' title="bbox 2131 4563 3685 4642">
     <span class='ocr_line' id='line_1_107' title="bbox 2131 4563 3685 4642; baseline -0.016 -2"><span class='ocrx_word' id='word_1_826' title='bbox 2131 4567 2454 4642; x_wconf 83' lang='grc' dir='ltr'>ἀνθρώπων,</span> <span class='ocrx_word' id='word_1_827' title='bbox 2485 4563 2566 4633; x_wconf 67' lang='grc' dir='ltr'><strong>οἷς</strong></span> <span class='ocrx_word' id='word_1_828' title='bbox 2599 4571 2699 4624; x_wconf 82' lang='grc' dir='ltr'><strong>οὐκ</strong></span> <span class='ocrx_word' id='word_1_829' title='bbox 2732 4569 2846 4622; x_wconf 78' lang='grc' dir='ltr'>ἐστι</span> <span class='ocrx_word' id='word_1_830' title='bbox 2871 4567 3130 4640; x_wconf 81' lang='grc' dir='ltr'>σωτηρία.</span> <span class='ocrx_word' id='word_1_831' title='bbox 3170 4567 3330 4620; x_wconf 84' lang='grc' dir='ltr'>Ἔστι</span> <span class='ocrx_word' id='word_1_832' title='bbox 3373 4567 3434 4621; x_wconf 79' lang='grc' dir='ltr'>δὲ</span> <span class='ocrx_word' id='word_1_833' title='bbox 3478 4570 3565 4620; x_wconf 77' lang='grc' dir='ltr'><strong>καὶ</strong></span> <span class='ocrx_word' id='word_1_834' title='bbox 3611 4566 3685 4617; x_wconf 73' lang='grc' dir='ltr'><strong>ἐπὶ</strong></span> 
     </span>
    </p>
   </div>
   <div class='ocr_carea' id='block_1_108' title="bbox 2128 4655 3683 4733">
    <p class='ocr_par' dir='ltr' id='par_1_108' title="bbox 2128 4655 3683 4733">
     <span class='ocr_line' id='line_1_108' title="bbox 2128 4655 3683 4733; baseline -0.002 -19"><span class='ocrx_word' id='word_1_835' title='bbox 2128 4662 2220 4714; x_wconf 88' lang='grc' dir='ltr'><strong>τὸν</strong></span> <span class='ocrx_word' id='word_1_836' title='bbox 2249 4661 2375 4714; x_wconf 85' lang='grc' dir='ltr'>λαὸν</span> <span class='ocrx_word' id='word_1_837' title='bbox 2421 4661 2585 4716; x_wconf 79' lang='grc' dir='ltr'>αὑτοῦ</span> <span class='ocrx_word' id='word_1_838' title='bbox 2631 4664 2663 4733; x_wconf 80' lang='grc' dir='ltr'>ἡ</span> <span class='ocrx_word' id='word_1_839' title='bbox 2710 4660 2929 4730; x_wconf 83' lang='grc' dir='ltr'>εὐλογία</span> <span class='ocrx_word' id='word_1_840' title='bbox 2971 4657 3134 4713; x_wconf 80' lang='grc' dir='ltr'>αὐτοῦ</span> <span class='ocrx_word' id='word_1_841' title='bbox 3173 4655 3312 4713; x_wconf 78' lang='grc' dir='ltr'>οὖσα</span> <span class='ocrx_word' id='word_1_842' title='bbox 3364 4657 3683 4729; x_wconf 42' lang='grc' dir='ltr'>πνευματή</span> 
     </span>
    </p>
   </div>
   <div class='ocr_carea' id='block_1_109' title="bbox 2123 4750 3050 4826">
    <p class='ocr_par' dir='ltr' id='par_1_109' title="bbox 2123 4750 3050 4826">
     <span class='ocr_line' id='line_1_109' title="bbox 2123 4750 3050 4826; baseline -0.001 -22"><span class='ocrx_word' id='word_1_843' title='bbox 2123 4753 2181 4805; x_wconf 82' lang='grc' dir='ltr'>ὲν</span> <span class='ocrx_word' id='word_1_844' title='bbox 2207 4756 2321 4817; x_wconf 87' lang='grc' dir='ltr'>τοῖς</span> <span class='ocrx_word' id='word_1_845' title='bbox 2359 4755 2704 4826; x_wconf 77' lang='grc' dir='ltr'>ἐπουρανίοις</span> <span class='ocrx_word' id='word_1_846' title='bbox 2731 4755 2789 4808; x_wconf 80' lang='grc' dir='ltr'>ὲν</span> <span class='ocrx_word' id='word_1_847' title='bbox 2812 4750 3050 4824; x_wconf 84' lang='grc' dir='ltr'>Χριστῷ.</span> 
     </span>
    </p>
   </div>
   <div class='ocr_carea' id='block_1_110' title="bbox 2725 4952 3116 5008">
    <p class='ocr_par' dir='ltr' id='par_1_110' title="bbox 2725 4952 3116 5008">
     <span class='ocr_line' id='line_1_110' title="bbox 2725 4952 3116 5008; baseline -0.013 0"><span class='ocrx_word' id='word_1_848' title='bbox 2725 4952 3018 5008; x_wconf 85' lang='grc' dir='ltr'><strong>ΨΑΔΜΟΣ</strong></span> <span class='ocrx_word' id='word_1_849' title='bbox 3045 4955 3116 5004; x_wconf 70' lang='grc' dir='ltr'><strong>Δν.</strong></span> 
     </span>
    </p>
   </div>
   <div class='ocr_carea' id='block_1_111' title="bbox 2196 5043 3675 5117">
    <p class='ocr_par' dir='ltr' id='par_1_111' title="bbox 2196 5043 3675 5117">
     <span class='ocr_line' id='line_1_111' title="bbox 2196 5043 3675 5117; baseline -0.009 -12"><span class='ocrx_word' id='word_1_850' title='bbox 2196 5053 2301 5117; x_wconf 80' lang='grc' dir='ltr'><strong>Εὶς</strong></span> <span class='ocrx_word' id='word_1_851' title='bbox 2328 5049 2394 5103; x_wconf 83' lang='grc' dir='ltr'><strong>τὸ</strong></span> <span class='ocrx_word' id='word_1_852' title='bbox 2427 5049 2602 5115; x_wconf 77' lang='grc' dir='ltr'>τέλος</span> <span class='ocrx_word' id='word_1_853' title='bbox 2631 5048 2699 5101; x_wconf 78' lang='grc' dir='ltr'><strong>ἐν</strong></span> <span class='ocrx_word' id='word_1_854' title='bbox 2716 5045 2979 5116; x_wconf 65' lang='grc' dir='ltr'>ψαλμοῖς</span> <span class='ocrx_word' id='word_1_855' title='bbox 3003 5043 3126 5113; x_wconf 80' lang='grc' dir='ltr'><strong>ᾠδὴ</strong></span> <span class='ocrx_word' id='word_1_856' title='bbox 3153 5043 3233 5110; x_wconf 82' lang='grc' dir='ltr'>τῷ</span> <span class='ocrx_word' id='word_1_857' title='bbox 3262 5044 3467 5107; x_wconf 77' lang='grc' dir='ltr'>Δαυῒὸ.</span> <span class='ocrx_word' id='word_1_858' title='bbox 3499 5062 3546 5097; x_wconf 79' lang='grc' dir='ltr'><strong>κ.</strong></span> <span class='ocrx_word' id='word_1_859' title='bbox 3569 5061 3614 5095; x_wconf 87' lang='grc' dir='ltr'><strong>τ.</strong></span> 
     </span>
    </p>
   </div>
   <div class='ocr_carea' id='block_1_112' title="bbox 2126 5137 3674 5212">
    <p class='ocr_par' dir='ltr' id='par_1_112' title="bbox 2126 5137 3674 5212">
     <span class='ocr_line' id='line_1_112' title="bbox 2126 5137 3674 5212; baseline -0.008 -16"><span class='ocrx_word' id='word_1_860' title='bbox 2126 5142 2343 5196; x_wconf 85' lang='grc' dir='ltr'>Πολλῶν</span> <span class='ocrx_word' id='word_1_861' title='bbox 2391 5141 2621 5212; x_wconf 79' lang='grc' dir='ltr'>ψαλμῶν</span> <span class='ocrx_word' id='word_1_862' title='bbox 2667 5140 2777 5211; x_wconf 87' lang='grc'><strong>(90)</strong></span> <span class='ocrx_word' id='word_1_863' title='bbox 2818 5137 2958 5192; x_wconf 79' lang='grc' dir='ltr'>κατὰ</span> <span class='ocrx_word' id='word_1_864' title='bbox 2995 5137 3094 5208; x_wconf 80' lang='grc' dir='ltr'><strong>μὲν</strong></span> <span class='ocrx_word' id='word_1_865' title='bbox 3133 5138 3263 5201; x_wconf 79' lang='grc' dir='ltr'>τοὺς</span> <span class='ocrx_word' id='word_1_866' title='bbox 3301 5137 3674 5207; x_wconf 72' lang='grc' dir='ltr'>Ἐὗδομήκοντει</span> 
     </span>
    </p>
   </div>
   <div class='ocr_carea' id='block_1_113' title="bbox 2121 5221 3672 5306">
    <p class='ocr_par' dir='ltr' id='par_1_113' title="bbox 2121 5221 3672 5306">
     <span class='ocr_line' id='line_1_113' title="bbox 2121 5221 3672 5306; baseline -0.008 -18"><span class='ocrx_word' id='word_1_867' title='bbox 2121 5235 2358 5306; x_wconf 75' lang='grc' dir='ltr'>ἐχόντων</span> <span class='ocrx_word' id='word_1_868' title='bbox 2391 5232 2703 5304; x_wconf 77' lang='grc' dir='ltr'>ἐπιγραφὴν</span> <span class='ocrx_word' id='word_1_869' title='bbox 2729 5221 2756 5281; x_wconf 56' lang='grc'><strong>⁴‹</strong></span> <span class='ocrx_word' id='word_1_870' title='bbox 2792 5232 2871 5293; x_wconf 81' lang='grc' dir='ltr'><strong>εἰς</strong></span> <span class='ocrx_word' id='word_1_871' title='bbox 2919 5229 2981 5282; x_wconf 94' lang='grc' dir='ltr'><strong>τὸ</strong></span> <span class='ocrx_word' id='word_1_872' title='bbox 3021 5228 3200 5292; x_wconf 85' lang='grc' dir='ltr'>τέλος,</span> <span class='ocrx_word' id='word_1_873' title='bbox 3238 5246 3256 5280; x_wconf 73' lang='grc' dir='ltr'><strong>ι</strong></span> <span class='ocrx_word' id='word_1_874' title='bbox 3309 5229 3450 5282; x_wconf 79' lang='grc' dir='ltr'><strong>κατά</strong></span> <span class='ocrx_word' id='word_1_875' title='bbox 3474 5227 3527 5280; x_wconf 82' lang='grc' dir='ltr'>δὲ</span> <span class='ocrx_word' id='word_1_876' title='bbox 3567 5228 3672 5284; x_wconf 57' lang='lat'><strong>16-1.;</strong></span> 
     </span>
    </p>
   </div>
   <div class='ocr_carea' id='block_1_114' title="bbox 2121 5315 3664 5394">
    <p class='ocr_par' dir='ltr' id='par_1_114' title="bbox 2121 5315 3664 5394">
     <span class='ocr_line' id='line_1_114' title="bbox 2121 5315 3664 5394; baseline -0.008 -16"><span class='ocrx_word' id='word_1_877' title='bbox 2121 5325 2342 5389; x_wconf 80' lang='grc' dir='ltr'>λοιποὺς</span> <span class='ocrx_word' id='word_1_878' title='bbox 2389 5325 2457 5378; x_wconf 86' lang='grc' dir='ltr'>τὰ</span> <span class='ocrx_word' id='word_1_879' title='bbox 2517 5321 2827 5394; x_wconf 76' lang='grc' dir='ltr'>κατάλληλα</span> <span class='ocrx_word' id='word_1_880' title='bbox 2878 5319 2956 5390; x_wconf 83' lang='grc' dir='ltr'><strong>τῷ</strong></span> <span class='ocrx_word' id='word_1_881' title='bbox 2995 5339 3012 5370; x_wconf 77' lang='grc' dir='ltr'><strong>ι</strong></span> <span class='ocrx_word' id='word_1_882' title='bbox 3046 5319 3126 5382; x_wconf 87' lang='grc' dir='ltr'>εἰς</span> <span class='ocrx_word' id='word_1_883' title='bbox 3157 5318 3220 5371; x_wconf 84' lang='grc' dir='ltr'><strong>τὸ</strong></span> <span class='ocrx_word' id='word_1_884' title='bbox 3268 5318 3418 5381; x_wconf 80' lang='grc' dir='ltr'>τέλος</span> <span class='ocrx_word' id='word_1_885' title='bbox 3450 5337 3468 5370; x_wconf 73' lang='grc' dir='ltr'><strong>ι</strong></span> <span class='ocrx_word' id='word_1_886' title='bbox 3504 5315 3664 5368; x_wconf 66' lang='grc' dir='ltr'>ἐνθάδε</span> 
     </span>
    </p>
   </div>
   <div class='ocr_carea' id='block_1_115' title="bbox 2118 5407 3669 5488">
    <p class='ocr_par' dir='ltr' id='par_1_115' title="bbox 2118 5407 3669 5488">
     <span class='ocr_line' id='line_1_115' title="bbox 2118 5407 3669 5488; baseline -0.008 -18"><span class='ocrx_word' id='word_1_887' title='bbox 2118 5415 2500 5488; x_wconf 83' lang='grc' dir='ltr'>ἀποδιδόμενα,</span> <span class='ocrx_word' id='word_1_888' title='bbox 2534 5413 2704 5481; x_wconf 80' lang='grc' dir='ltr'>ἄξιον,</span> <span class='ocrx_word' id='word_1_889' title='bbox 2727 5413 2827 5484; x_wconf 84' lang='grc' dir='ltr'><strong>ὅση</strong></span> <span class='ocrx_word' id='word_1_890' title='bbox 2865 5411 3114 5480; x_wconf 81' lang='grc' dir='ltr'>δύναμις,</span> <span class='ocrx_word' id='word_1_891' title='bbox 3151 5409 3460 5482; x_wconf 79' lang='grc' dir='ltr'>ἐξιχνεῦσαι</span> <span class='ocrx_word' id='word_1_892' title='bbox 3482 5409 3564 5462; x_wconf 84' lang='grc' dir='ltr'><strong>τὸν</strong></span> <span class='ocrx_word' id='word_1_893' title='bbox 3591 5407 3669 5474; x_wconf 72' lang='lat'><strong>61;—</strong></span> 
     </span>
    </p>
   </div>
   <div class='ocr_carea' id='block_1_116' title="bbox 2713 5592 3218 5659">
    <p class='ocr_par' dir='ltr' id='par_1_116' title="bbox 2713 5592 3218 5659">
     <span class='ocr_line' id='line_1_116' title="bbox 2713 5592 3218 5659; baseline -0.004 -11"><span class='ocrx_word' id='word_1_894' title='bbox 2713 5597 2758 5628; x_wconf 76' lang='lat'>”</span> <span class='ocrx_word' id='word_1_895' title='bbox 2794 5592 2932 5648; x_wconf 87' lang='lat' dir='ltr'><strong>Psal.</strong></span> <span class='ocrx_word' id='word_1_896' title='bbox 2974 5607 3131 5659; x_wconf 68' lang='grc' dir='ltr'>(την,</span> <span class='ocrx_word' id='word_1_897' title='bbox 3162 5593 3218 5647; x_wconf 81' lang='lat'><strong>5.</strong></span> 
     </span>
    </p>
   </div>
   <div class='ocr_carea' id='block_1_117' title="bbox 2116 5755 3661 5835">
    <p class='ocr_par' dir='ltr' id='par_1_117' title="bbox 2116 5755 3661 5835">
     <span class='ocr_line' id='line_1_117' title="bbox 2116 5755 3661 5835; baseline -0.015 -8"><span class='ocrx_word' id='word_1_898' title='bbox 2116 5755 2225 5827; x_wconf 55' lang='lat' dir='ltr'><strong>ait</strong></span> <span class='ocrx_word' id='word_1_899' title='bbox 2243 5755 2430 5826; x_wconf 85' lang='lat' dir='ltr'><strong>eadem</strong></span> <span class='ocrx_word' id='word_1_900' title='bbox 2465 5755 2654 5824; x_wconf 70' lang='lat' dir='ltr'><strong>saltem</strong></span> <span class='ocrx_word' id='word_1_901' title='bbox 2695 5758 2870 5835; x_wconf 79' lang='lat' dir='ltr'><strong>quead</strong></span> <span class='ocrx_word' id='word_1_902' title='bbox 2907 5755 3126 5819; x_wconf 79' lang='lat' dir='ltr'><strong>sensum</strong></span> <span class='ocrx_word' id='word_1_903' title='bbox 3153 5755 3486 5830; x_wconf 77' lang='lat' dir='ltr'><strong>reperiuntur</strong></span> <span class='ocrx_word' id='word_1_904' title='bbox 3536 5755 3661 5822; x_wconf 74' lang='lat' dir='ltr'><strong>apud</strong></span> 
     </span>
    </p>
   </div>
   <div class='ocr_carea' id='block_1_118' title="bbox 2121 5842 2441 5900">
    <p class='ocr_par' dir='ltr' id='par_1_118' title="bbox 2121 5842 2441 5900">
     <span class='ocr_line' id='line_1_118' title="bbox 2121 5842 2441 5900; baseline -0.022 0"><span class='ocrx_word' id='word_1_905' title='bbox 2121 5842 2441 5900; x_wconf 88' lang='lat' dir='ltr'><strong>Eusebium.</strong></span> 
     </span>
    </p>
   </div>
   <div class='ocr_carea' id='block_1_119' title="bbox 2849 5871 3836 6504">
    <p class='ocr_par' dir='ltr' id='par_1_119' title="bbox 2849 6473 3636 6504">
     <span class='ocr_line' id='line_1_119' title="bbox 2849 6473 3636 6504; baseline -0.005 -2"><span class='ocrx_word' id='word_1_906' title='bbox 2849 6497 2926 6504; x_wconf 31' lang='lat'><strong>*—</strong></span> <span class='ocrx_word' id='word_1_907' title='bbox 3022 6473 3636 6502; x_wconf 42' lang='lat' dir='ltr'><strong>ﬁa‘i-j-‘ﬂ</strong></span> 
     </span>
    </p>
   </div>
  </div>
