3870 6522
56 412 118 444 ,,
193 387 324 440 1153

93 807 99 836 τ
188 791 293 843 μην
317 771 533 842 μετιὼν,
565 771 706 825 οῦτω
741 773 836 825 καὶ
867 773 966 842 τῆς
999 773 1223 844 λογικῆς
1257 775 1470 843 φύσεως
1499 776 1580 830 δεῖ
1611 777 1760 841 τέλος

79 878 120 928 ε,
185 863 470 933 τυγχάνειν
493 880 506 893 ’
541 863 698 916 τοῦτο
738 863 795 918 δέ
829 867 942 917 ἐστι
981 858 1044 918 τδ
1070 867 1126 918 ἐν
1161 867 1383 938 Χριστῷ
1421 865 1759 940 ζωοποιηοῆ-

61 982 102 1023 τ;;
184 973 267 1007 ναι
288 955 425 1008 κατὰ
452 955 543 1008 τὸν
581 955 919 1008 Ἀπόστολον.
945 956 1256 1028 Νομίζομεν
1276 958 1452 1011 τοίνυν
1476 961 1602 1023 τοὺς
1634 978 1650 1011 ι
1681 962 1759 1024 είς

65 1078 114 1107 ;-.
183 1049 240 1100 τὸ
283 1047 434 1110 τέλος
478 1067 495 1099 ι
548 1049 1061 1119 ἐπιγεγραμμένους
1111 1048 1362 1120 ψαλμοὺς
1415 1049 1509 1103 τοῦ
1572 1051 1757 1115 τέλους

52 1163 116 1216 ;:'_
181 1140 299 1194 τινὰ
327 1140 646 1210 ἐπιγράφειν
675 1140 816 1206 νοῦν,
860 1142 952 1194 καὶ
995 1141 1081 1194 ἐπ’
1115 1145 1288 1196 ἐκεῖνο
1321 1143 1444 1206 τοὺς
1479 1143 1757 1207 συνιέντας

60 1264 78 1274 ~
107 1303 114 1310 ι
181 1231 244 1283 τά
268 1231 530 1301 λεγόμενα
566 1231 916 1303 παρακαλεῖν.
949 1233 1118 1287 Παντὶ
1142 1233 1199 1286 δὲ
1243 1233 1633 1304 ἀγωνιζομένῳ
1666 1235 1755 1286 τέ-

50 1359 58 1388 ;
95 1371 100 1376 .
179 1321 266 1385 λος
301 1325 334 1393 ἡ
363 1323 484 1393 νίκη
514 1323 791 1392 τυγχάνει.
829 1325 981 1377 Ἐπεὶ
1013 1321 1128 1390 οῦν,
1156 1325 1232 1389 ὡς
1264 1325 1753 1396 προαπεδείξαμεν,

50 1450 78 1462 -.
179 1414 340 1466 Δαυῒδ
367 1417 394 1466 6
438 1415 672 1485 Χριστὸς
724 1414 960 1482 λέγεται,
997 1416 1045 1466 oi
1101 1418 1568 1488 ἐπιγεγραμμένοι
1618 1434 1636 1468 ι
1677 1420 1755 1482 είς

50 1548 86 1582 εἷ
177 1507 235 1558 τὸ
268 1507 418 1570 τέλος
460 1527 478 1558 ο
530 1506 605 1576 τῷ
637 1506 796 1560 Δαυῒδ
828 1507 888 1560 τὸ
924 1507 1078 1572 τέλος
1114 1509 1206 1562 καὶ
1237 1508 1335 1579 τὴν
1369 1509 1526 1580 νίκην
1567 1512 1751 1579 ἀπαγ-

57 1643 66 1671 τ
176 1599 426 1667 γέλλουσι
465 1599 556 1652 τοῦ
609 1599 870 1670 Χριστοῦ,
927 1600 1200 1654 νικοποιοῦ
1243 1601 1641 1672 λεχθησομένου
1689 1603 1754 1656 ἂν

53 1735 102 1766 ._._
175 1693 316 1747 κατά
350 1693 440 1744 τὸν
474 1692 723 1756 Ἀκύλαν,
761 1694 920 1746 παντὶ
963 1693 1298 1764 νενικημένῳ
1331 1693 1488 1764 νίκην
1530 1711 1754 1766 περιπε-

57 1831 93 1858 τ.
176 1785 482 1855 ποιηκότος,
512 1786 633 1837 ἐπεὶ
663 1788 693 1838 6
726 1786 828 1838 ὑπὸ
869 1785 1103 1855 Χριστοῦ
1139 1783 1438 1856 νικώμενος
1475 1785 1572 1857 τὴν
1615 1803 1751 1858 συμ-

1152 388 1461 446 SELECTA
1495 387 1563 444 IN
1601 388 1939 446 PSALMOS.
1983 419 2050 430 —-
2086 387 2286 444 PSAL.
2325 387 2414 444 IV.

56 489 94 548 ’τ
189 495 442 566 λούμενον
504 494 607 549 ὑπὸ
674 496 771 568 τῆς
831 495 1030 563 λέξεως
1084 499 1227 553 νοῦν.
1292 501 1487 554 Ἰστέον
1529 501 1607 566 δὲ,
1655 500 1735 553 ὅτι

1871 499 2026 568 hujus
2070 501 2321 558 dictionis
2351 513 2595 554 sensum.
2626 497 2922 555 Sciendum
2954 507 3064 568 est,
3089 511 3149 558 ut
3176 505 3312 558 artis
3342 519 3434 557 cu.

190 591 370 660 ὥσπερ
402 588 582 660 πάσης
609 589 820 660 τέχνηςο
846 590 940 643 καὶ
972 591 1282 663 ἐπιστήμης
1317 594 1434 646 ἐστὶ
1480 594 1541 647 τὸ
1586 593 1735 656 τέλος

1858 590 2079 660 juslibet
2127 598 2291 657 atque
2340 587 2579 643 scientiae
2615 589 2836 658 quidam
2871 589 2994 646 ﬁnis
3022 602 3130 658 est,
3159 609 3320 666 quem
3350 597 3434 648 in-

69 689 96 715 ’-
187 681 268 748 ἐφ’
299 680 328 732 ὃ
364 678 584 733 σπεύδει
613 682 642 731 ὁ
667 679 905 750 γνησίως
952 681 1050 750 τὴν
1094 682 1289 754 τέχνην
1331 683 1363 753 ἢ
1395 683 1494 755 τὴν
1537 686 1762 756 ἐπιστή-

3293 373 3434 449 “54'

1864 681 2036 736 tendit
2085 681 2131 736 is
2161 681 2249 749 qui
2282 687 2454 735 artem
2491 681 2570 733 vel
2599 682 2881 736 scientiam
2916 685 3060 741 serio
3095 695 3337 751 exercet,
3359 689 3436 744 sic

1863 774 2023 830 etiam
2078 783 2286 827 natura:
2325 772 2606 827 rationalis
2651 777 2810 829 linem
2853 777 3090 846 aliquem
3125 793 3245 834 esse
3275 793 3435 850 opor-

1863 877 1995 922 tere.
2043 865 2142 922 Hic
2195 874 2374 927 autem
2433 873 2518 918 est
2566 864 2920 924 viviﬁcari'in
2965 871 3185 926 Christo
3237 886 3434 929 secun-

1862 959 1986 1014 dmn
2034 958 2372 1028 Apostolum.
2421 957 2810 1014 Existimamus
2844 961 3026 1032 itaque
3071 963 3308 1034 psalmos
3337 966 3429 1036 qui

1867 1071 1884 1102 ι
1921 1052 1972 1106 ἰιι
2008 1051 2168 1106 ﬁnem
2207 1070 2224 1102 ι
2270 1051 2672 1113 inscribuntur,
2713 1068 2932 1108 sensum
2983 1057 3270 1124 quemdam
3311 1057 3434 1112 ﬁnis

1859 1160 1975 1215 prae
2001 1159 2058 1199 se
2091 1144 2257 1211 ferre,
2287 1154 2343 1200 et
2372 1146 2437 1198 ad
2467 1145 2613 1200 illum
2653 1146 2815 1199 ﬁnem
2851 1162 2944 1202 eos
2966 1149 3055 1217 qui
3091 1163 3210 1221 qua:
3240 1150 3433 1206 dicunt-

1863 1247 1978 1302 tur,
2023 1235 2360 1307 intelligunt,
2401 1234 2700 1290 cohortari.
2745 1235 2906 1292 Omni
2961 1247 3139 1295 autem
3199 1243 3431 1296 certanti

1861 1327 2091 1382 ﬁnisest
2119 1327 2372 1382 victoria.
2404 1332 2611 1396 Quare,
2643 1347 2787 1396 cum,
2819 1340 2877 1383 ut
2912 1340 3036 1385 ante
3063 1333 3428 1397 ostendimus,

1861 1417 2028 1472 David
2081 1418 2292 1473 dicatur
2325 1418 2598 1488 Christus,
2647 1423 2835 1490 psalmi
2896 1423 2989 1493 qui
3043 1441 3062 1474 ι
3109 1424 3160 1480 in
3206 1425 3367 1480 ﬁnem
3406 1447 3427 1481 ι

1866 1509 2031 1564 David
2065 1509 2308 1578 inscripti
2335 1521 2479 1575 sunt,
2514 1511 2675 1568 ﬁnem
2720 1523 2770 1570 et
2802 1516 3080 1572 victoriam
3111 1520 3434 1578 annuntiant

1857 1600 2084 1668 Christi,
2109 1603 2437 1671 quemjuxta
2470 1606 2716 1674 Aquilam
2747 1608 2926 1664 dicere
2954 1609 3118 1664 liceat
3146 1611 3427 1669 victorem.

1855 1692 2010 1748 Omni
2058 1692 2222 1764 556
2259 1695 2404 1749 enim
2457 1699 2598 1754 victo
2629 1700 2910 1755 victoriam
2943 1702 3160 1770 tribuit,
3186 1705 3433 1774 quando-

1855 1787 2071 1857 quidem
2107 1787 2354 1856 quisquis
2384 1805 2411 1842 a
2437 1789 2657 1847 Christo
2687 1793 3300 1860 vineitur,accidentem
3327 1796 3431 1854 sibi

77 1911 84 1936 ς
173 1878 468 1946 ϐεϐηκυῖαν
521 1877 670 1948 αὺτῷ
721 1877 916 1931 κακίαν
968 1878 1239 1948 νενίκηκε,
1286 1878 1381 1929 καὶ
1433 1877 1735 1947 ἐξαφανίζει

1853 1880 2109 1935 malitiam
2146 1879 2315 1934 vincit
2345 1890 2400 1935 et
2437 1883 2503 1936 de
2539 1884 2714 1938 medio
2751 1851 2945 1949 tollit,’
2975 1894 3163 1956 utpote
3211 1885 3432 1942 Christo

171 1969 363 2040 αὐτὴν,
396 1969 616 2040 Χριστῷ
652 1970 1110 2040 ὑποτεταγμένος.
1164 1968 1366 2022 Οὐδένα
1401 1970 1507 2043 γὰρ
1549 1971 1747 2026 ἄκοντα

169 2063 296 2132 νικᾷ
339 2062 367 2113 6
397 2061 647 2131 Χριστὸς,
683 2059 821 2114 ἀλλὰ
847 2059 1165 2130 πείθων,τῷ
1197 2060 1366 2128 Λόγος
1398 2055 1535 2114 εἶναι
1588 2062 1742 2116 Θεοῦ.

62 2137 78 2214 ί
168 2156 262 2217 Ei;
291 2153 448 2207 τοῦτο
475 2153 538 2225 δὴ
566 2154 626 2206 τὸ
649 2156 799 2217 νῖκος
831 2152 1232 2224 ἐπιγράφεσθαί
1266 2170 1404 2225 φησι
1455 2153 1747 2210 Θεοδοτίων

64 2233 86 2310 ί
166 2244 376 2316 ὕμνους
435 2246 468 2316 ἢ
529 2244 777 2316 ψαλμοὺς
823 2245 948 2307 τοὺς
999 2242 1151 2314 παρὰ
1196 2246 1308 2307 τοῖς
1349 2243 1746 2317 Ἐΰδομήκοντα

172 2357 190 2390 ι
227 2341 314 2402 είς
338 2338 400 2390 τὸ
423 2337 576 2401 τέλος
607 2356 626 2390 ι
681 2337 1192 2410 ἐπιγεγραμμένους
1216 2354 1228 2366 '
1276 2338 1305 2391 ὁ
1344 2337 1400 2390 δὲ
1452 2337 1746 2409 Σύμμαχος

171 2449 189 2481 ι
219 2431 524 2495 ἐπινικίους
559 2451 576 2482 ι
609 2431 702 2484 τοῦ
751 2429 988 2502 Χριστοῦ
1028 2429 1175 2498 λέγοι
1223 2430 1288 2483 ἂν
1337 2426 1476 2484 εἶναι
1519 2431 1743 2496 τούτους

51 2517 94 2528 ”
163 2524 292 2587 τοῦς
328 2523 573 2594 ψαλμοὺς
611 2523 643 2595 ῆ
678 2523 839 2594 ᾠδάς.
882 2523 1008 2576 Ἐὰν
1057 2523 1113 2575 δέ
1154 2521 1226 2593 μὴ
1280 2523 1440 2592 μόνον
1475 2523 1554 2594 τῷ
1584 2524 1746 2582 Δαυῒδ

44 2588 47 2593 ’
81 2615 84 2618 ’
162 2616 259 2668 καὶ
296 2635 318 2667 ‹
343 2588 452 2680 ἐίς
496 2588 647 2680 τέλος
736 2616 1022 2685 λέγωνται,
1084 2588 1226 2668 ἀλλὰ⁷
1269 2588 1364 2668 καὶ
1420 2615 1497 2686 τῷ
1525 2588 1742 2688 "Acrato,

59 2779 67 2784 I
161 2709 284 2779 ἦτοι
313 2711 424 2772 τοῖς
451 2710 585 2772 υἱοῖς
630 2709 794 2780 Κορὲ,
829 2708 928 2761 οὐκ
981 2707 1179 2760 ἄτοπον
1221 2707 1304 2770 τὸ,
1359 2709 1568 2772 πάντας
1619 2711 1743 2775 τοῦς

61 2804 63 2806 ’
160 2801 357 2869 ἁγίους
398 2801 495 2872 τὴν
524 2801 617 2855 τοῦ
671 2800 908 2872 Χριστοῦ
951 2800 1134 2854 εἰκόνα
1184 2800 1638 2872 ἀναδεδεγμένους
1683 2806 1744 2858 τὺ

157 2896 354 2950 ἐνθάδε
385 2897 670 2968 εἰρημένον
704 2897 797 2951 καὶ
839 2899 924 2950 ἐπ’
957 2898 1179 2952 ἐκείνων
1208 2902 1346 2954 νοεῖν
1381 2903 1548 2972 ἡμᾶς.
1580 2900 1652 2953 Τὸ
1683 2899 1742 2955 δὲ

165 3009 182 3040 ι
217 2992 278 3043 ἐν
307 2989 539 3060 ψαλμοῖς
584 3009 602 3040 ι
640 2990 792 3062 παρὰ
824 2994 936 3056 τοῖς
974 2992 1375 3066 Ἐϐδομήκοντα
1408 2994 1501 3047 καὶ
1542 2992 1742 3062 Ἀκύλᾳ.

155 3084 458 3154 εἰρημένον
480 3079 632 3154 οἶμαι
660 3084 992 3156 σαφέστερον
1028 3086 1466 3156 ἀπαγγέλλεσθαι
1515 3085 1604 3139 διὰ
1647 3085 1739 3141 τοῦ

1851 1970 2147 2040 subjectus.
2191 1969 2473 2028 Neminem
2504 1974 2650 2027 enim
2695 1973 2924 2029 invitum
2961 1975 3426 2040 vincitChristus,

1849 2065 1942 2118 sed
1969 2063 2241 2127 suasione,
2276 2078 2398 2118 cum
2429 2065 2499 2119 sit
2529 2065 2763 2120 Verbum
2795 2066 2908 2123 Dei.
2928 2066 2983 2122 In
3021 2068 3158 2122 hanc
3187 2084 3318 2140 ergo
3349 2071 3429 2124 νὶ-

1850 2158 2077 2223 ctoriam
2128 2156 2355 2228 hymnos
2396 2171 2489 2212 seu
2541 2157 2778 2228 psalmos
2822 2159 3071 2224 inscribi,
3100 2161 3296 2230 quibus
3327 2160 3428 2217 Se-

1850 2249 2132 2319 ptuaginta
2163 2269 2180 2300 ι
2217 2249 2272 2304 in
2327 2254 2487 2306 tinem
2523 2270 2539 2303 ›
2574 2251 2787 2306 titulum
2831 2251 3098 2318 fecerunt,
3131 2253 3431 2309 Theodotio

1849 2351 2038 2395 auctor
2059 2351 2174 2395 est:
2195 2350 2250 2396 at
2267 2341 2630 2414 Symmachus
2650 2362 2669 2394 ι
2697 2343 3053 2415 triumphales
3077 2363 3095 2397 ι
3118 2344 3321 2404 Christi
3348 2348 3398 2401 di
3417 2377 3429 2390 ο

1849 2430 1989 2484 xerit
2035 2428 2296 2498 ejusmodi
2344 2432 2582 2500 psalmos
2617 2447 2711 2487 seu
2757 2433 2990 2488 cantica.
3038 2432 3426 2488 Verumtamen

1848 2537 1971 2576 cum
2004 2538 2108 2578 non
2158 2534 2365 2579 tantum
2415 2526 2516 2594 ipsi
2552 2524 2744 2593 David,
2767 2525 2860 2580 sed
2893 2525 3073 2596 Asaph
3115 2540 3332 2598 quoque
3375 2537 3428 2585 et

1849 2615 1973 2670 ﬁliis
1999 2614 2138 2670 Core
2171 2634 2190 2668 ι
2223 2616 2274 2671 in
2303 2617 2464 2672 ﬁnem
2499 2636 2518 2668 ι
2552 2617 2824 2684 dicantur,
2851 2632 2958 2672 non
2987 2619 3283 2672 absurdum
3311 2619 3429 2673 fue-

1848 2709 1919 2762 rit
1957 2722 2054 2763 nos
2101 2709 2171 2763 de
2217 2709 2473 2768 omnibus
2520 2709 2728 2764 sanctis
2769 2708 2862 2778 qui
2892 2708 3092 2764 Christi
3131 2710 3423 2785 imaginem

1846 2815 2152 2871 suscepere,
2193 2803 2336 2870 quod
2396 2801 2485 2856 hic
2534 2801 2738 2855 dictum
2782 2809 2865 2854 est
2914 2800 3234 2871 intelligere.
3269 2799 3423 2870 Quod

1846 2913 1974 2952 vero
2011 2901 2152 2968 apud
2180 2895 2534 2966 Septuaginta
2566 2905 2620 2950 et
2649 2895 2896 2964 Aquilam
2950 2895 3156 2951 dictttm
3195 2904 3277 2951 est
3313 2913 3332 2947 ι
3366 2895 3420 2950 in

1844 2991 2084 3058 psalmis,
2129 3011 2148 3043 ι
2196 2991 2246 3044 id
2289 2991 2531 3060 apertius
2572 3001 2701 3058 puto
2737 2989 2970 3043 edidisse
3003 2986 3420 3061 Symmachum,

1848 3105 1867 3137 ι
1903 3089 1953 3140 in
1986 3085 2275 3156 psalteriis,
2319 3104 2337 3136 ι
2365 3097 2487 3139 cum
2541 3091 2653 3137 tres
2700 3096 2795 3136 nos
2845 3083 3072 3135 doceant
3105 3082 3155 3134 in
3195 3081 3422 3151 organis

40 3160 68 3262 Ii
152 3175 462 3245 Συμμάχου
494 3193 511 3226 ι
540 3175 626 3228 διὰ
645 3175 978 3248 ψαλτηρίων,
1008 3199 1025 3230 ι
1059 3178 1416 3233 διδασκόντων
1445 3179 1594 3250 ἡμᾶς
1629 3179 1735 3233 τῶν

1848 3193 1964 3248 qua:
2010 3177 2260 3244 psalteria
2317 3176 2591 3240 dicuntur,
2645 3173 2952 3244 hujusmodi
2996 3173 3271 3229 canticum
3321 3188 3418 3228 seu

149 3266 332 3339 τριῶν
359 3269 492 3340 πρὸς
523 3268 591 3321 τὰ
623 3268 830 3340 ὄργανα
862 3269 1170 3340 καλούμενα
1192 3269 1467 3342 ψαλτήρια
1489 3270 1738 3341 εἰρῆσθαι

51 3375 60 3378 '
147 3360 250 3430 τὴν
283 3359 430 3430 ᾠδὴν
455 3360 658 3432 ταύτην
691 3360 722 3432 ἢ
754 3361 815 3414 τὸ
854 3361 1165 3433 μελῴδημα.
1194 3362 1421 3417 Πλείονα
1444 3361 1551 3432 γάρ
1577 3363 1741 3434 ὄργα-

149 3469 218 3503 να
255 3451 524 3522 ζητητέον
555 3452 622 3505 δι’
653 3445 726 3506 ὧν
751 3453 934 3524 ᾄδεται
969 3453 1028 3507 τὸ
1057 3474 1074 3505 ι
1111 3457 1189 3519 είς
1226 3455 1284 3508 τὸ
1318 3454 1490 3518 τέλος,
1533 3476 1550 3508 ι
1586 3453 1620 3524 ἢ
1655 3473 1672 3506 ι
1713 3455 1741 3507 6

40 3535 66 3566 ·’
148 3544 448 3608 ἐπινίκιος,
488 3543 558 3614 ’ἦ
586 3562 603 3595 ι
640 3545 716 3617 τῷ
742 3547 1018 3619 νικοποιῷ.
1053 3565 1071 3600 ι
1099 3548 1330 3603 Δύναται
1351 3548 1406 3603 δὲ
1439 3547 1611 3601 καὶτὸ
1637 3547 1738 3599 ὑπὸ

37 3630 70 3655 ’·
147 3637 517 3701 Θεοδοτίωνος
560 3639 848 3710 εἰρημένον
872 3644 952 3704 εἰς
977 3641 1039 3694 τὸ
1072 3643 1220 3704 νῖκος
1247 3642 1304 3694 ἐν
1358 3641 1547 3712 ῦμνοις
1581 3638 1740 3692 τοῦτο

145 3729 378 3801 δηλοῦν.
421 3729 568 3802 Αῦτη
599 3731 776 3786 τοίνυν
805 3733 836 3802 ἡ
869 3732 1139 3805 ιξ›δὴ,ἢ-τὸ
1163 3732 1522 3805 μελιξ›δημα,ἢ
1553 3733 1580 3786 6
1599 3732 1737 3802 ψαλ-

59 3835 64 3840 ”
145 3823 280 3894 ιιὸς,
339 3823 437 3895 τὴν
469 3825 764 3895 εἰρημένην
798 3826 1052 3879 ὑπόθεσιν
1110 3825 1269 3896 ἔχων,
1325 3825 1394 3881 τὰ
1443 3826 1738 3898 προδιηγη-

61 3907 66 3910 ’
145 3914 326 3968 θέντα
353 3917 484 3986 ἡμῖν
535 3915 949 3985 ἐπαγγέλλεται,
991 3918 1298 3988 κοινότερον
1345 3918 1445 3988 μὲν
1490 3917 1568 3990 τῷ
1603 3935 1738 3990 προ-

142 4008 307 4080 φήτῃ
339 4007 516 4073 Δαυῒδ,
556 4009 958 4081 μυστικώτερον
989 4008 1044 4062 δὲ
1089 4008 1168 4079 τῷ
1201 4009 1424 4082 Χριστῷ
1455 4012 1515 4064 τὸ
1560 4011 1734 4082 πρόσ..

143 4118 313 4154 ωπον
360 4101 467 4154 τῶν
504 4101 672 4171 άγίων
720 4101 1170 4174 ἀναλαμϐάνοντι,
1231 4103 1323 4156 καὶ
1370 4104 1456 4157 ὁτὲ
1509 4103 1607 4174 μὲν
1638 4104 1736 4168 τὰς

141 4190 373 4260 (θλίψεις
395 4190 573 4244 αὐτῶν
602 4191 680 4255 ὡς
716 4191 852 4256 ἰδίας
881 4191 1190 4263 ἡγουμένῳ,
1229 4191 1324 4246 καὶ
1358 4193 1484 4256 τοὺς
1515 4195 1573 4246 ἐν
1612 4193 1737 4248 ταύ-

34 4307 38 4312 ν
139 4300 271 4346 ταις
312 4281 493 4336 αὐτῶν
533 4283 1066 4356 πλατυσμοῦςάέπεί
1097 4284 1267 4352 ἁγίων
1299 4285 1415 4338 ἐστὶ
1457 4286 1609 4356 φωνὴ
1654 4286 1733 4350 τό,

144 4394 164 4425 c
214 4376 316 4428 Ἑν
345 4375 506 4430 παντὶ
540 4375 865 4446 Θλιὸόμενοι,
898 4375 1012 4428 ἁλλ’
1045 4375 1106 4430 οῦ
1147 4377 1673 4448 στενοχωρούμενοι⁹
1711 4401 1730 4436 ›

137 4468 236 4521 ὁτὲ
270 4467 337 4524 δὲ
367 4468 741 4540 ἐπιστρέφοντι
791 4467 915 4529 τοὺς
951 4465 1344 4538 βαρυκαρδίους
1385 4469 1479 4522 καὶ
1513 4469 1636 4532 τοὺς
1668 4469 1736 4544 τά

1845 3266 2266 3320 modulationem
2300 3317 2305 3321 .
2342 3263 2510 3319 luisse
2565 3263 2922 3334 persolutam.
2982 3263 3116 3318 Nam
3179 3263 3416 3336 plurima

1841 3357 2126 3430 quaerenda
2163 3367 2288 3412 sunt
2337 3371 2561 3426 organa,
2613 3357 2808 3425 quibus
2860 3357 2989 3414 illud
3029 3376 3048 3409 ι
3093 3359 3145 3412 in
3191 3356 3353 3413 ﬁnem
3393 3378 3413 3410 ι

1841 3452 2081 3516 canitur,
2111 3452 2192 3506 vel
2215 3470 2234 3502 ι
2260 3467 2356 3522 pro
2383 3461 2534 3520 parta
2566 3450 2818 3514 victoria,
2841 3470 2858 3502 ι
2888 3449 2971 3505 vel
3003 3470 3021 3502 ι
3046 3451 3293 3505 victori.)
3317 3450 3420 3504 Po-

1843 3551 1946 3599 test
1976 3553 2234 3598 autemet
2259 3545 2398 3614 quod
2427 3543 2728 3599 Theodotio
2766 3544 2961 3609 edidit,
2988 3561 3007 3594 ι
3048 3544 3098 3598 in
3134 3543 3414 3598 victoriam

1842 3637 1894 3691 in
1915 3636 2187 3708 hymnis,»
2224 3636 2326 3690 hoc
2349 3639 2523 3704 ipsum
2547 3635 2876 3706 signiﬁcare.
2902 3635 3016 3691 Hoc
3049 3635 3213 3706 igitur
3237 3637 3414 3691 canti-

1826 3715 1983 3792 'cum,
2012 3726 2098 3782 vel
2122 3724 2368 3789 melodia,
2400 3727 2516 3780 sive
2547 3726 2787 3795 psalmus
2818 3737 3176 3781 memoratum
3207 3725 3417 3785 habens

1840 3827 2238 3889 argumentum,
2291 3833 2410 3886 qua:
2459 3829 2618 3874 antea
2669 3833 2701 3873 a
2749 3818 2908 3874 nobis
2958 3817 3227 3888 explicata
3263 3829 3413 3885 sunt,

1837 3913 2140 3982 pollicetur,
2170 3928 2237 3969 ex
2264 3914 2571 3984 vulgariore
2597 3912 2865 3968 sententia
2896 3912 3172 3982 propheta:
3201 3910 3415 3978 Davidi,

1838 4000 2135 4056 secundum
2198 4018 2454 4059 arcanam
2511 4017 2640 4060 vero
2697 4001 3151 4072 signiﬁcationem
3196 4000 3416 4058 Christo

1838 4103 2149 4150 sanctorum
2177 4111 2463 4166 personam
2486 4095 2807 4161 assumenti,
2844 4096 3190 4165 ipsorumque
3214 4109 3418 4151 aerum.

1839 4202 1937 4240 nas
1964 4187 2118 4256 quasi
2152 4187 2424 4256 proprias,
2460 4196 2516 4243 et
2541 4186 2886 4243 dilatationes
2910 4186 3069 4241 modo
3097 4186 3200 4242 sibi
3243 4186 3418 4242 ascri-

1836 4278 1983 4334 benti
2012 4279 2347 4349 (sanctorum
2371 4280 2514 4334 enim
2548 4279 2637 4334 illa
2667 4294 2770 4334 vox
2793 4289 2878 4333 est
2905 4278 2950 4311 ⁵⁸
2974 4293 2985 4328 :
3021 4298 3041 4332 ι
3076 4276 3132 4332 In
3161 4278 3415 4334 omnibus

1839 4370 2238 4427 tribulationem
2262 4372 2553 4441 patientes,
2575 4370 2668 4426 sed
2695 4386 2798 4426 non
2827 4369 3120 4439 augustiati
3143 4368 3191 4440 ι)
3211 4413 3226 4435 ,
3253 4369 3414 4424 modo

1837 4470 2017 4514 autem
2042 4475 2136 4516 eos
2165 4465 2503 4517 convertenti
2532 4463 2619 4532 qui
2646 4463 2797 4532 gravi
2821 4463 2983 4516 corde
3013 4474 3162 4526 sunt,
3187 4461 3412 4515 etvani-

140 4560 370 4631 μάταια
411 4559 751 4628 ἀγαπῶντας.
798 4560 871 4612 Οὑ
903 4560 1043 4612 πάνυ
1089 4557 1145 4614 δέ
1181 4558 1458 4631 ζητήσεως
1487 4558 1667 4630 ἔχεται
1700 4562 1732 4630 ή

1848 4560 2009 4607 tatem
2029 4553 2275 4624 diligunt.
2295 4555 2560 4609 Caeterum
2585 4570 2692 4609 non
2717 4554 2875 4623 longa
2901 4554 3251 4623 inquisitione
3272 4554 3413 4608 indi-

132 4651 396 4722 διαφορὰ
430 4651 534 4704 τῶν
557 4649 754 4715 λέξεων
773 4650 915 4721 ᾠδῆς
940 4653 1034 4704 καὶ
1073 4650 1474 4720 μελῳδηματος.
1505 4653 1600 4705 Διὰ
1638 4653 1736 4723 μὲν

133 4745 260 4817 γὰρ
304 4745 404 4815 τῆς
435 4743 578 4815 ᾠδῆς
603 4743 843 4806 ἔκκλισις
873 4743 972 4813 τῆς
1011 4743 1195 4813 φωνῆς
1223 4741 1478 4813 δηλοῦται
1528 4744 1620 4798 τοῦ
1653 4743 1742 4797 λέ-

130 4856 371 4909 γοντος,
389 4837 477 4894 διὰ
498 4837 553 4889 δὲ
583 4837 674 4890 τοῦ
707 4836 913 4908 μελῳδή
923 4854 1090 4909 ματος
1119 4836 1260 4906 τάχα
1287 4836 1378 4890 καὶ
1407 4837 1468 4890 τὸ
1494 4837 1739 4906 τεχνικὸν

127 4932 240 4986 τοῦ
274 4931 544 5003 μυστικοῦ
579 4930 776 5002 μέλους
810 4930 1076 5001 ᾀδομένου
1118 4929 1174 4982 ἐν
1225 4926 1436 4999 ῥυθμῷ.
1487 4927 1643 4980 Κατά
1681 4928 1738 4980 δὲ

126 5026 279 5088 τοὺς
313 5023 411 5092 τῆς
434 5023 725 5092 ἀναγωγῆς
750 5021 947 5091 νόμους
977 5023 1009 5092 ἡ
1045 5017 1318 5091 εὔρυθμος
1350 5017 1442 5072 καὶ
1474 5017 1614 5070 κατὰ
1651 5016 1739 5071 λό-

127 5133 242 5182 γον
303 5111 624 5183 ἐξεταστικὴ
673 5109 916 5164 πολιτεία
969 5112 1050 5172 είς
1107 5107 1264 5173 δόξαν
1303 5106 1438 5161 Θεοῦ
1473 5107 1733 5178 γινομένη

127 5205 300 5278 μετὰ
341 5205 628 5276 δογμάτων
665 5203 832 5272 ὑγιῶν
871 5203 966 5256 καὶ
1017 5201 1188 5270 λόγων
1222 5201 1316 5254 καὶ
1344 5199 1547 5274 ἑτέροις
1594 5197 1738 5268 ὠφε-

123 5301 332 5372 λίμων
370 5301 456 5369 εῐη
489 5298 555 5352 ἂν
586 5298 648 5350 τὸ
689 5296 1002 5369 μελῴδημα.

226 5395 338 5445 Ἐν
368 5392 448 5459 τῷ
477 5391 893 5448 ἐπικαλεῖσθαί
914 5407 1010 5459 με,
1033 5385 1357 5456 εῑσήκουσέ
1379 5402 1496 5454 μου
1521 5386 1554 5438 ὁ
1590 5383 1733 5448 Θεὸς

122 5486 260 5554 τῆς
306 5484 699 5552 δικαιοσύνης
727 5501 866 5553 μου,
894 5498 947 5535 κ.
978 5499 1028 5535 τ.
1067 5483 1112 5536 ἐ.
1145 5480 1218 5533 Τὸ
1241 5479 1399 5547 λέγον
1438 5476 1726 5548 πρόσωπον

120 5578 264 5653 (9|)
313 5577 432 5649 ἦτοι
463 5579 492 5630 6
521 5577 810 5648 Προφήτης
852 5574 1022 5641 ἐστὶν,
1052 5573 1085 5644 ἢ
1114 5573 1142 5626 6
1174 5569 1407 5644 Χριστὸς
1452 5568 1593 5624 κατὰ
1629 5567 1725 5638 τὴν

205 5676 265 5711 ⁸⁸
313 5671 357 5726 11
408 5673 533 5726 Cor.
577 5687 652 5735 tv,
691 5670 746 5724 8.

1840 4653 1930 4716 get
1960 4645 2254 4700 discrimen
2281 4659 2470 4699 vocum
2499 4646 2698 4700 cantici
2722 4654 2778 4700 et
2808 4645 3070 4700 melodiaz.
3101 4644 3204 4701 Per
3236 4646 3414 4701 cantio

1840 4749 1962 4790 cum
1988 4752 2088 4792 vox
2117 4737 2348 4792 dicentis
2378 4737 2662 4804 inclinata,
2683 4751 2780 4806 per
2811 4737 3094 4794 melodiam
3118 4739 3408 4795 artiﬁcium

1841 4829 2097 4884 carminis
2123 4829 2432 4900 rhythmice
2476 4831 2680 4884 cantati
2719 4829 3054 4900 designatur.
3098 4830 3409 4887 Secundum

1840 4931 2018 4975 autem
2056 4937 2249 4976 sensus
2291 4921 2568 4991 anagogici
2603 4921 2766 4992 leges,
2797 4921 2938 4976 bene
2975 4924 3336 4992 compositum
3358 4932 3414 4980 et

1839 5014 1906 5068 ad
1935 5015 2185 5082 _rationis
2236 5031 2480 5070 normam
2538 5023 2787 5070 exactum
2837 5013 2961 5069 vita:
3006 5013 3313 5070 institutum
3340 5016 3410 5070 ad

1841 5106 1932 5160 Dei
1965 5107 2220 5177 gloriam,
2247 5122 2371 5162 cum
2401 5107 2649 5164 doctrina
2683 5122 2814 5162 sana
2859 5107 3149 5178 verbisque
3176 5108 3243 5164 ad
3269 5106 3408 5165 alio-

1838 5213 1957 5254 rum
1986 5197 2270 5254 utilitatem
2302 5198 2660 5266 concinnatis,
2690 5199 2801 5256 erit
2825 5199 3073 5258 melodia.

1909 5383 2072 5437 Vens.
2101 5382 2158 5437 2.
2196 5381 2327 5438 Cum
2351 5385 2672 5450 invocarem,
2705 5383 2972 5438 exaudiuit
3009 5398 3089 5437 me
3130 5381 3272 5436 Deus
3309 5382 3408 5452 ju-

1834 5475 1993 5530 stitiw
2019 5493 2166 5536 mew.
2203 5487 2308 5533 etc.
2337 5477 2466 5545 Quae
2490 5479 2578 5533 hic
2607 5478 2847 5547 loquitur
2872 5489 3129 5544 persona,
3156 5472 3242 5529 vel
3269 5472 3406 5529 Prov

1835 5563 2020 5635 pheta,
2051 5567 2136 5622 vel
2164 5568 2414 5624 Christus
2441 5577 2525 5623 est
2573 5570 2869 5623 secundum
2917 5567 3206 5622 humanam
3241 5573 3404 5627 natu-

203 5799 340 5867 (91)
372 5797 436 5851 Τὸ
468 5785 1025 5867 λέγον-πρόσωπον,
1059 5797 1164 5845 etc.
1223 5785 1404 5842 Codex
1458 5781 1735 5842 Barocciai

1848 5822 1856 5849 ,
1910 5777 2203 5838 Barbarus.
2265 5774 2455 5832 Exstat
2509 5773 2763 5830 etiamin
2818 5772 3004 5830 codice
3053 5771 3166 5830 Roe
3201 5772 3256 5844 4,
3309 5774 3406 5838 sed

109 5865 407 5926 mancum
446 5878 502 5923 et
531 5865 801 5922 mutilum.
