3834 6388
360 262 497 320 H35

1738 255 1831 312 EX
1868 251 2175 312 ORIGENE

3482 261 3635 317 “56

358 396 471 435 ram
491 396 651 451 quam
670 377 838 436 nostri
857 391 1017 433 causa
1035 377 1294 448 suscepit.
1313 375 1603 432 Declarant
1619 383 1800 429 autem
1821 373 1930 429 haec

2042 372 2352 444 οἰκονομίαν
2396 374 2461 446 ἢν
2505 373 2645 445 ὑπὲρ
2690 373 2848 445 ἡμῶν
2901 371 3205 439 ἀνεδέξατο.
3247 377 3406 447 Δηλοῖ
3453 377 3512 431 δέ
3560 377 3639 431 τὰ

359 475 523 528 verba
557 475 730 543 ipsum
762 472 1030 536 exaudiri,
1057 487 1162 526 non
1204 480 1496 540 postquam
1527 469 1817 534 invocavit,
1843 466 1935 522 sed

360 581 480 620 cum
513 565 815 619 invocaret.
847 562 1066 617 Sanctis
1086 561 1231 616 enim
1258 570 1312 616 et
1344 560 1566 615 omnino
1589 558 1939 614 audientibus

359 663 624 724 praecepta
669 653 875 716 divina,
909 652 1023 707 haec
1050 653 1189 717 apud
1225 651 1421 705 Isaiam
1452 649 1772 721 prophetam
1809 664 1936 718 pro-

362 747 548 802 missio
585 746 938 801 annuntiatur
963 745 1008 776 "’
1035 761 1050 801 :
1084 763 1104 796 ι
1144 745 1336 799 Adhuc
1360 753 1412 800 te
1441 743 1698 813 loquente
1721 743 1897 797 dicam
1921 761 1933 796 :

361 841 500 896 Ecce
551 841 759 895 adsum.
811 859 830 892 ι
863 839 1052 908 Opera:
1096 848 1272 892 autem
1305 838 1539 907 pretium
1571 845 1655 892 est
1689 835 1938 890 conside-

362 949 488 989 rare
537 933 666 1000 quid
718 933 790 986 sit
845 933 1120 996 invocare,
1177 947 1300 986 cum
1356 931 1391 985 ii
1449 929 1539 999 qui
1595 927 1936 995 Scripturam

361 1043 470 1081 non
537 1027 765 1084 scrutati
833 1034 962 1080 sunt
1004 1066 1018 1089 ,
1083 1025 1419 1081 arbitrentur
1483 1021 1773 1090 cujuslibet
1845 1018 1935 1102 qui

363 1120 431 1174 ad
467 1119 730 1175 orandum
783 1118 1172 1190 propenderit,
1217 1118 1319 1172 hoc
1375 1130 1498 1171 esse
1550 1129 1726 1182 opus,
1775 1111 1936 1183 557

362 1212 633 1283 PrOpheta
703 1228 835 1269 vero
925 1211 1265 1282 apertissime
1337 1210 1574 1264 declaret
1652 1209 1718 1260 ad
1813 1221 1938 1260 san-

365 1313 485 1357 ctos
515 1312 570 1357 et
607 1317 701 1359 eos
731 1303 822 1372 qui
863 1301 1106 1359 salvandi
1133 1308 1282 1367 sunt,
1311 1303 1587 1368 pertinere
1635 1296 1937 1350 invocatio-

364 1396 448 1448 nis
474 1410 672 1449 munus
702 1411 715 1448 :
742 1393 902 1460 Nam,
944 1394 1117 1464 inquit
1153 1393 1220 1457 ”,
1259 1409 1278 1443 ι
1316 1391 1496 1445 omnis
1527 1390 1616 1459 qui
1651 1389 1938 1442 invocave-

365 1486 435 1538 rit
466 1500 662 1540 nomen
693 1484 904 1540 Domini
932 1484 1114 1539 salvus
1144 1483 1301 1538 erit.)
1329 1482 1382 1537 Si
1413 1482 1556 1535 enim
1600 1497 1618 1532 ι
1648 1479 1825 1533 omnis
1846 1475 1934 1546 qui

362 1576 695 1632 invocaverit
710 1591 904 1633 nomen
923 1575 1137 1632 Domini
1154 1575 1334 1631 salvus
1349 1574 1472 1636 erit,
1487 1591 1503 1623 ι
1526 1572 1616 1642 qui
1639 1585 1744 1624 non
1762 1568 1938 1623 salva-

365 1678 470 1732 tur,
498 1669 543 1723 is
564 1685 668 1722 non
699 1659 971 1723 invocavit
997 1683 1190 1722 nomen
1218 1666 1449 1731 Domini,
1487 1665 1611 1718 licet
1636 1663 1736 1717 hoc
1761 1661 1934 1731 ipsum

2045 466 2182 538 ῥητά
2215 467 2277 519 τὸ
2314 466 2694 522 εἰσακούεσθαι
2740 466 2862 537 οὐχὶ
2912 467 3048 538 μετὰ
3092 468 3153 521 τὸ
3203 468 3635 539 ἐπικεκλῆσθαι,

2039 558 2156 613 ἀλλ’
2184 562 2242 614 ἐν
2268 559 2346 631 τῷ
2375 560 2774 615 ἐπικαλεῖσθαι.
2809 561 2933 626 Τοῖς
2953 561 3062 632 γάρ
3088 563 3264 631 ἁγίοις
3303 565 3398 616 καί
3435 563 3633 634 πάντη

2040 651 2298 705 ἀκούουσι
2330 651 2439 705 τῶν
2465 651 2624 706 θείων
2654 653 3094 726 προσταγμάτων
3126 653 3427 723 ἐπαγγελία
3455 653 3637 724 κεκή-

2045 761 2239 815 ρυκται
2276 742 2418 798 κατὰ
2457 743 2549 796 τὸν
2592 745 2878 815 προφήτην
2912 743 3140 798 Ἠσαῖαν
3167 746 3259 799 τό·
3293 764 3313 796 ι
3355 747 3477 799 Ἔτι
3529 747 3636 801 λα-

2044 837 2263 902 λοῦντός
2313 855 2429 900 σου,
2470 838 2615 910 ἐρῶο
2662 837 2794 891 Ἰδοὺ
2823 837 3072 910 πάρειμι.
3109 858 3129 890 ι
3173 840 3356 906 Ἀξιον
3396 841 3454 894 δέ
3495 842 3637 895 ἰδεῖν

2043 933 2140 985 καὶ
2172 932 2224 984 τί
2272 931 2334 984 τὸ
2383 929 2798 995 ἐπικαλεῖσθαι,
2844 930 2952 983 τῶν
3001 931 3074 1003 μὴ
3136 930 3479 1004 ἐξητακότων
3527 935 3637 1005 τὴν

2047 1021 2270 1094 Γραφὴν
2301 1022 2564 1092 οἰομένων
2615 1022 2816 1084 παντὸς
2861 1021 3171 1076 οὑτινοσοῦν
3217 1023 3476 1094 ρέποντος
3529 1027 3632 1079 ἐπὶ

2041 1114 2102 1167 τὸ
2128 1112 2386 1178 εὔξασθαι
2415 1107 2553 1166 εἶναι
2582 1111 2741 1182 ἔργον
2759 1128 2773 1142 ⁶
2800 1110 2892 1165 τοῦ
2921 1112 2976 1164 δὲ
3001 1113 3282 1184 Προφήτου
3306 1116 3632 1184 σαφέστατα

2043 1205 2419 1277 περιστάντος,
2452 1205 2534 1258 ὅτι
2567 1205 2736 1273 ἁγίων
2765 1205 2882 1257 ἐστὶ
2920 1205 3016 1258 καὶ
3062 1205 3459 1277 σωθησομένων
3480 1211 3631 1264 πάν-

2043 1315 2152 1361 τως
2183 1297 2245 1350 τὸ
2298 1296 2675 1351 ἐπικαλεῖσθαι
2699 1313 2712 1327 ο
2755 1316 2772 1347 ι
2811 1298 2926 1360 Πᾶς
2965 1317 2984 1348 ι
3015 1298 3146 1368 γὰρ,
3188 1301 3374 1370 φησὶν,
3422 1302 3525 1365 «ὃς
3565 1303 3639 1357 ἂν

2042 1387 2436 1457 ἐπικαλέσηται
2467 1387 2528 1438 τὸ
2546 1386 2714 1457 όνομα
2741 1387 2968 1457 Κυρίου,
3001 1387 3303 1458 σωθήσεται
3329 1429 3344 1442 .
3373 1408 3392 1439 ι
3421 1391 3484 1442 Εἰ
3517 1391 3638 1462 γὰρ

2049 1498 2067 1530 ι
2111 1481 2220 1543 πᾶς
2249 1480 2307 1543 ὂς
2347 1479 2412 1532 ἂν
2447 1479 2840 1551 ἐπικαλέσηται
2883 1479 2945 1532 τὸ
2981 1480 3152 1550 ὄνομα
3188 1481 3415 1553 Κυρίου,
3449 1483 3637 1554 σωθή-

2045 1589 2216 1638 σεται,
2255 1590 2272 1622 ι
2303 1574 2330 1625 6
2363 1572 2439 1643 μὴ
2481 1570 2786 1642 σωζόμενος
2829 1572 2929 1624 οὐκ
2967 1571 3335 1626 ἐπεκαλέσατο
3363 1573 3427 1626 τὸ
3452 1574 3636 1646 ονομα

2045 1663 2287 1736 Κυρίου,
2333 1665 2481 1718 εἰκα¹ι
2528 1663 2787 1727 πολλάκις
2829 1662 2972 1728 ἔδοξε
3016 1663 3175 1718 τοῦτο
3241 1668 3631 1737 πεποιηκέναι.

364 1762 562 1831 εαιρὶιιε
615 1761 810 1816 fecisse
872 1763 1022 1817 visus
1090 1761 1282 1816 fuerit.
1343 1760 1622 1829 Siquidem
1671 1755 1930 1812 invocatio

2045 1757 2118 1810 Οὐ
2147 1756 2254 1827 γὰρ
2285 1758 2342 1809 ἐν
2370 1759 2521 1827 φωνῇ
2563 1757 2807 1828 κρίνεται
2861 1757 2920 1810 τὸ
2957 1757 3330 1811 ἐπικαλεῖσθαι
3362 1759 3423 1812 τὸ
3453 1759 3634 1829 ὄνομα

363 1871 470 1909 non
508 1855 560 1908 iu
590 1869 742 1918 voce,
769 1857 861 1910 sed
896 1856 946 1910 in
984 1865 1132 1910 recto
1160 1854 1430 1924 loquentis
1477 1852 1699 1916 aﬂ'ectu,
1724 1859 1779 1905 et
1813 1849 1934 1905 ﬁdei

360 1943 618 2000 firmitate
659 1945 836 2015 posita
887 1955 991 2001 est.
1046 1946 1122 2000 lta
1149 1945 1284 2002 etin
1318 1944 1532 2014 psalmo
1583 1941 1936 2013 nonagesimo

364 2047 557 2092 octavo
587 2055 692 2093 non
731 2040 958 2094 cuilibet
990 2040 1278 2094 Dominum
1315 2041 1516 2110 passim
1558 2039 1818 2093 invocare
1848 2037 1940 2091 tri-

358 2130 548 2184 butum
586 2139 688 2196 esl,
733 2132 828 2186 sed
874 2130 1137 2195 Samueli,
1177 2131 1267 2200 qui
1301 2131 1436 2185 tanti
1485 2145 1515 2185 a
1557 2128 1674 2185 Deo
1715 2128 1936 2186 habitus

362 2233 467 2291 est,
496 2233 554 2277 ut
576 2239 697 2279 cum
729 2223 913 2294 Moyse
943 2224 1143 2279 dilecto
1170 2232 1647 2289 annumeraretur,
1676 2225 1937 2294 quemad-

359 2317 576 2368 modum
606 2313 872 2370 Jeremias
905 2316 980 2370 ait
1004 2317 1049 2349 ”
1075 2334 1087 2370 :
1115 2334 1133 2368 ι
1158 2316 1343 2387 Neque
1375 2317 1417 2371 si
1450 2317 1701 2372 steterint
1725 2315 1937 2388 Moyses

359 2419 413 2462 et
445 2409 660 2462 Samuel
708 2425 893 2463 coram
940 2424 1045 2476 me,
1084 2419 1139 2463 et
1163 2409 1442 2464 oraverint
1475 2423 1574 2478 pro
1603 2408 1686 2462 his
1715 2407 1938 2478 quibus-

361 2499 483 2552 dam
534 2498 735 2568 impiis,
769 2499 1053 2555 exaudiam
1086 2516 1205 2567 eos,
1253 2500 1383 2555 dicit
1412 2501 1691 2555 Dominus.
1719 2520 1738 2552 ι
1781 2498 1934 2554 Scri-

360 2603 510 2661 ptum
543 2602 625 2646 est
658 2593 825 2662 igitur
857 2593 925 2649 de
962 2595 1060 2648 eo‘
1092 2611 1106 2648 :
1148 2591 1176 2643 ι’
1192 2593 1404 2665 Moyses
1455 2603 1509 2648 et
1543 2593 1723 2648 Aaron
1757 2592 1809 2647 iu
1846 2608 1926 2647 sa-

358 2683 674 2738 cerdotibus
707 2683 846 2751 ejus,
885 2695 941 2740 et
974 2684 1196 2742 Samuel
1230 2686 1375 2740 inter
1424 2699 1519 2740 eos
1551 2687 1642 2754 qui
1679 2686 1937 2739 invocant

359 2790 556 2831 nomen
585 2776 722 2846 ejus.
753 2776 1082 2832 lnvocabant
1117 2778 1424 2842 Dominum,
1453 2787 1508 2832 et
1535 2777 1649 2848 ipse
1679 2776 1934 2832 exaudie-

355 2868 452 2923 bat
486 2885 603 2938 eos,
645 2871 699 2924 in
732 2871 983 2926 columna
1023 2871 1183 2925 nubis
1217 2870 1544 2940 loquebatur
1575 2870 1640 2922 ad
1683 2885 1796 2924 eos.
1821 2869 1934 2925 Cu-

356 2964 668 3018 stodiebaut
701 2963 1007 3019 testimonia
1043 2963 1159 3033 ejus
1203 2971 1259 3016 et
1298 2970 1564 3032 praecepta
1623 2976 1741 3030 qua:
1788 2961 1934 3016 dedit

2039 1851 2271 1922 Κυρίου,
2297 1850 2411 1903 ἀλλ’
2447 1852 2506 1903 ἐν
2539 1849 2779 1904 διαθέσει
2806 1849 2899 1903 τοῦ
2925 1849 3175 1919 λέγοντος
3201 1850 3294 1904 καὶ
3333 1851 3520 1904 πίστει
3547 1852 3635 1922 βε-

2039 1942 2188 2014 ϐαίᾳ.
2221 1942 2377 1995 υύτω
2405 1941 2535 2011 γοῦν
2579 1943 2637 1996 ἐν
2670 1941 2749 2013 τῷ
2787 1946 2873 2013 κη’
2919 1941 3117 2014 ψαλμῷ
3163 1942 3223 1995 οὐ
3267 1945 3379 2006 τοῖς
3426 1942 3631 2013 τυχοῦ-

2041 2052 2124 2089 σιν
2175 2035 2492 2088 ἁποδέδοται
2539 2035 2598 2087 τὸ
2647 2034 3021 2089 ἐπικαλεῖσθαι
3079 2034 3311 2106 Κύριον,
3358 2035 3495 2088 ἀλλά
3550 2036 3632 2106 τῷ

2039 2127 2320 2200 Σαμουὴλ,
2376 2128 2435 2191 ὃς
2478 2127 2744 2182 τοσοῦτον
2776 2128 2927 2200 παρά
2977 2126 3096 2198 Θεῷ
3142 2128 3424 2200 τετίμητο,
3478 2127 3629 2182 ὥστε

2037 2221 2261 2274 Μωῦσεῖ
2283 2219 2448 2273 αὐτὸν
2470 2218 2918 2292 συναριθμεῖσθαι
2944 2218 3021 2290 τῷ
3047 2218 3205 2290 φίλῳ,
3237 2220 3313 2284 ὼς
3353 2221 3627 2292 Ἱερεμίας

2038 2313 2204 2384 φησίν
2220 2330 2234 2344 ⁸
2256 2331 2276 2365 ι
2296 2313 2419 2368 Οὐδ’
2451 2313 2516 2367 ἂν
2543 2316 2639 2385 στῇ
2673 2313 2917 2385 Μωῦσῆς
2941 2313 3035 2366 καὶ
3058 2313 3309 2385 Σαμουὴλ
3325 2315 3431 2386 πρὸ
3453 2333 3630 2387 προσ-

2037 2401 2186 2457 ώπου
2219 2421 2346 2475 μου,
2376 2405 2504 2476 περὶ
2539 2402 2709 2460 τῶνδέ
2754 2422 2913 2457 τινων
2934 2402 3042 2456 τῶν
3070 2404 3281 2458 ἀσεϐῶν
3309 2406 3624 2477 εὐχόμενοι,

2041 2497 2161 2549 οὐδὲ
2183 2497 2388 2550 τούτων
2411 2497 2820 2568 εἰσακούσομαι,
2843 2498 2990 2567 λέγει
3010 2499 3227 2570 Κύριος.
3262 2519 3280 2551 ι
3305 2499 3625 2570 Γέγραπται

2038 2591 2219 2644 τοίνυν
2257 2590 2386 2662 περὶ
2448 2590 2642 2644 αὐτοῦ’
2681 2609 2698 2642 ι
2743 2592 2984 2664 Μωῦσῆς
3038 2594 3129 2646 καὶ
3176 2591 3385 2665 Ἀαρὼν
3420 2598 3476 2648 ἐν
3503 2599 3622 2661 τοῖς

2039 2681 2274 2755 ἱερεῦσιν
2306 2682 2492 2746 αὐτοῦ,
2530 2683 2622 2735 καὶ
2648 2682 2898 2755 Σαμουὴλ
2936 2686 2993 2737 ἐν
3021 2688 3133 2749 τοῖς
3165 2686 3620 2758 ἐπικαλουμένοις

2036 2773 2098 2827 τὸ
2119 2774 2290 2845 ὄνομα
2315 2772 2503 2828 αὐτοῦ.
2536 2775 2928 2829 Ἐπεκαλοῦντο
2955 2777 3046 2832 τὸν
3083 2776 3307 2848 Κύριον,
3330 2780 3423 2832 καὶ
3452 2781 3618 2844 αὐτὸς

2036 2867 2355 2937 εἰσήκουσεν
2389 2865 2600 2920 αὐτῶνθ
2644 2868 2703 2920 ἐν
2750 2868 2927 2939 στύλῳ
2964 2867 3194 2941 νεφέλης
3241 2870 3419 2924 ἐλάλει
3472 2873 3617 2943 πρὸς

2035 2959 2248 3024 αὐτούς.
2287 2959 2618 3029 Ἐφύλασσον
2642 2961 2711 3016 τὰ
2740 2961 3010 3035 μαρτύρια
3035 2963 3199 3016 αὐτοῦ
3231 2965 3324 3018 καὶ
3349 2962 3413 3016 τά
3439 2981 3610 3036 προσ-

355 3055 488 3111 illis.
546 3055 771 3111 Domine
829 3057 970 3111 Deus
1036 3066 1244 3120 noster,
1306 3064 1358 3110 tu
1406 3054 1742 3110 exaudiebas
1795 3069 1929 3109 eos:

2037 3054 2300 3125 τάγματα
2345 3053 2380 3108 ἃ
2419 3053 2618 3108 ἐδωκεν
2664 3055 2864 3120 αὐτοῖς.
2905 3055 3079 3130 Κύριε
3107 3058 3136 3111 6
3161 3057 3293 3122 Θεὸς
3325 3057 3497 3129 ἡμῶν,
3544 3061 3610 3112 σὺ

357 3145 521 3213 Deus,
572 3147 839 3218 propitius
883 3147 1033 3203 fuisti
1085 3149 1187 3203 eis.
1221 3164 1240 3199 ι
1283 3146 1417 3214 Quia
1459 3146 1606 3201 enim
1652 3147 1930 3202 custodie-

354 3241 488 3296 bant
539 3240 855 3295 testimonia
905 3240 1021 3309 ejus
1063 3248 1118 3295 et
1171 3248 1441 3310 prmcepta
1487 3255 1609 3310 quae
1656 3240 1803 3293 dedit
1829 3240 1932 3305 eis,

353 3333 572 3403 quando
601 3334 854 3398 orabant,
887 3334 1032 3388 inter
1075 3334 1390 3388 invocantes
1419 3334 1835 3400 reputabuntur.
1865 3332 1932 3386 Et

353 3427 409 3482 in
445 3428 746 3482 centesimo
798 3428 1216 3497 quadragesimo
1246 3435 1442 3495 quarto
1469 3425 1675 3496 psalmo
1705 3440 1929 3480 accura-

358 3521 464 3576 tius
493 3521 790 3576 ediscimus
821 3521 947 3590 quis
975 3521 1042 3575 sit
1077 3520 1164 3574 ille
1195 3521 1286 3590 qui
1313 3520 1566 3574 invocat:
1596 3539 1614 3571 ι
1646 3517 1821 3589 Prope
1849 3526 1961 3580 est.

355 3613 616 3669 Dominus
639 3613 897 3668 omnibus
934 3613 1316 3668 invocantibus
1337 3627 1459 3667 eum
1487 3613 1542 3668 in
1581 3613 1876 3678 veritate’,
1904 3631 1924 3664 ι

353 3705 496 3774 quod
525 3719 721 3773 nempe
757 3704 868 3758 sint
899 3704 1122 3772 quidam
1152 3705 1241 3772 qui
1278 3719 1388 3758 non
1418 3704 1676 3758 invocant
1705 3704 1758 3757 iu
1787 3701 1929 3756 veri-

355 3801 502 3846 tate:
531 3810 551 3842 ι
583 3791 699 3845 Νοιι
735 3793 878 3848 enim
909 3793 999 3862 qui
1036 3792 1169 3847 dicit
1206 3793 1362 3860 mibi,
1397 3793 1644 3857 Domine,
1679 3791 1924 3858 Domine,

354 3883 583 3939 intrabit
630 3884 682 3938 in
740 3901 967 3954 regnum
1000 3886 1287 3951 caelorum,
1321 3887 1414 3940 sed
1451 3886 1538 3954 qui
1569 3883 1697 3941 facit
1739 3886 1928 3938 volun-

355 3982 521 4027 tatem
559 3972 738 4027 Patris
775 3975 878 4028 mei
915 3976 1007 4044 qui
1035 3978 1087 4030 in
1119 3974 1274 4031 caelis
1297 3984 1379 4029 est
1403 3975 1443 4028 ⁸.
1476 3994 1494 4028 ι
1523 3975 1658 4029 Nam
1689 3975 1929 4046 perfecte

357 4065 544 4119 dicere
580 4074 663 4120 est
713 4084 731 4117 ι
768 4066 1014 4131 Domine,
1037 4085 1054 4118 ι
1091 4067 1312 4134 quando
1344 4081 1509 4134 opera
1541 4068 1653 4136 ipsa
1691 4068 1928 4123 clamant

353 4165 409 4210 ct
437 4155 645 4220 dicunt,
693 4173 712 4206 ι
741 4155 991 4220 Domine,
1039 4153 1283 4208 Domine.
1317 4173 1335 4205 ι
1394 4153 1532 4207 llinc
1585 4169 1715 4223 ergo
1759 4154 1928 4222 liquet

353 4258 476 4296 eum
506 4243 597 4312 qui
631 4243 845 4297 invocat
894 4242 1492 4308 Dominum,justitiam
1534 4243 1735 4298 habere
1767 4243 1924 4313 etju-

353 4334 560 4387 stitiam
589 4349 795 4389 veram.
827 4332 959 4388 Cum
993 4342 1171 4388 autem
1198 4332 1453 4389 Christus
1485 4333 1555 4388 sit
1580 4333 1808 4402 justitia,
1839 4338 1927 4406 ju-

2037 3147 2303 3217 ἐπήκουες
2340 3146 2518 3200 αὐτῶν
2543 3162 2557 3177 ο
2599 3148 2628 3198 ὁ
2673 3147 3076 3213 Θεὸς,εὐῒλατος
3111 3148 3298 3218 ἐγένου
3343 3151 3548 3214 αὐτοῖς.
3587 3170 3606 3202 ι

2047 3239 2200 3292 Ἐπεὶ
2225 3239 2332 3310 γὰρ
2356 3239 2655 3309 ἐφύλασσον
2670 3238 2738 3292 τὰ
2762 3239 3036 3312 μαρτύρια
3059 3239 3222 3294 αὐτοῦ
3245 3242 3339 3295 καὶ
3363 3241 3432 3296 τὰ
3452 3259 3616 3313 προσο

2031 3331 2287 3400 τάγματα
2320 3331 2355 3385 ἂ
2386 3331 2584 3386 ἔδωκεν
2617 3333 2822 3397 αὐτοῖς,
2857 3334 2947 3386 ὅτε
3000 3331 3252 3405 ηὔχοντο,
3301 3335 3381 3398 εἰς
3415 3336 3613 3388 ἐπικα-

2034 3421 2124 3476 λου
2133 3423 2322 3493 μένους
2344 3424 2668 3493 ἐλογίζοντο.
2699 3426 2807 3478 Καὶ
2830 3425 2886 3477 ἐν
2910 3424 2986 3496 τῷ
3008 3425 3316 3497 ἐκαστοστῷ
3351 3445 3616 3500 τεσσαραο

2033 3511 2212 3584 κοστῷ
2237 3514 2482 3586 τετάρτῳ
2509 3514 2708 3586 ψαλμῷ
2737 3516 3121 3588 ἀκριϐέστερον
3147 3517 3514 3591 διδασκόμεθα
3530 3522 3614 3585 τίς

2032 3605 2061 3656 6
2091 3603 2517 3676 ἐπικαλούμενος
2549 3602 2703 3670 οὗτος
2722 3623 2736 3637 ο
2777 3626 2795 3658 ι
2829 3609 3025 3677 Ἐγγύς
3054 3609 3255 3682 Κύριος
3283 3614 3396 3675 τοῖς
3419 3613 3614 3666 ἐπικαο

2031 3695 2312 3767 λουμένοις
2345 3698 2506 3752 αὐτὸν
2532 3700 2588 3751 ἐν
2632 3698 2879 3771 ἀληθείᾳ,
2924 3719 2942 3751 ι
2980 3700 3055 3765 ὥς
3090 3719 3248 3756 τινων
3281 3705 3380 3757 οὐκ
3419 3707 3614 3761 ἐπικα-

2031 3787 2304 3860 λουμένων
2335 3790 2496 3843 αὐτὸν
2528 3793 2585 3844 ἐν
2614 3790 2842 3863 ἀληθείᾳ⁵
2861 3808 2874 3822 ·
2921 3810 2940 3842 ι
2977 3794 3053 3846 Οὐ
3082 3794 3191 3862 γὰρ
3231 3797 3260 3848 6
3288 3795 3460 3865 λέγων
3495 3815 3609 3868 μοι,

2031 3879 2225 3952 Κύριε,
2275 3880 2469 3954 Κύριε,
2502 3881 2868 3936 εἰσελεύσεται
2902 3884 2982 3947 εἰς
3030 3885 3129 3957 τὴν
3173 3885 3450 3954 βασιλείαν
3498 3888 3612 3942 τῶν

2029 3971 2272 4044 οὐρανῶν
2292 3990 2306 4005 ·
2340 3973 2454 4026 ἀλλ’
2482 3976 2510 4027 ό
2557 3976 2724 4027 ποιῶν
2758 3976 2818 4030 τὸ
2857 3977 3067 4048 θέλημα
3101 3977 3192 4030 τοῦ
3240 3979 3453 4049 Πατρός
3505 3998 3609 4052 μου

2030 4065 2122 4120 τοῦ
2147 4069 2204 4122 ἐν
2233 4067 2499 4138 οὐρανοῖς.
2534 4086 2551 4118 ι
2579 4068 2811 4133 Τελείως
2842 4070 2951 4140 γάρ
2976 4073 3090 4124 ἐστι
3123 4069 3301 4138 λέγειν
3319 4091 3336 4121 ι
3357 4071 3555 4142 Κύριε,
3586 4092 3607 4124 ο

2033 4158 2121 4211 ὅτε
2172 4159 2267 4212 καὶ
2309 4158 2377 4211 τὰ
2422 4159 2556 4230 ἔργα
2595 4159 2889 4230 φθέγγεται
2937 4162 3029 4215 καὶ
3081 4145 3316 4230 λέγεται,
3352 4181 3370 4214 ι
3413 4163 3606 4234 Κύριε,

2029 4250 2222 4323 Κύριε.
2261 4271 2279 4304 ι
2311 4253 2486 4320 Σαφὲς
2531 4253 2660 4320 γοῦν
2709 4253 2962 4320 ἐνταῦθα,
2996 4255 3078 4307 ὅτι
3117 4256 3145 4307 6
3180 4254 3608 4326 ἐπικαλούμενος

2029 4339 2230 4410 Κύριον
2259 4339 2605 4413 δικαιοσύνην
2645 4341 2778 4413 ἔχει,
2806 4343 2898 4396 καὶ
2934 4343 3276 4415 δικαιοσύνην
3305 4343 3502 4416 ἀληθῆ.
3538 4345 3604 4400 Εἰ

354 4435 474 4478 stus
507 4426 778 4495 particeps
804 4436 888 4480 est
923 4426 1174 4496 justitiae,
1215 4427 1264 4481 id
1293 4435 1398 4494 est,
1431 4425 1654 4483 Christi.
1683 4427 1762 4484 Ne
1791 4445 1923 4484 vero

2037 4431 2087 4485 δὲ
2119 4431 2352 4504 Χριστὸς
2391 4432 2727 4504 δικαιοσύνη,
2758 4437 2786 4489 6
2830 4435 3034 4500 δίκαιος
3064 4437 3407 4508 δικαιοσύνης
3441 4438 3602 4508 μετέ-

354 4516 532 4570 illud:
575 4518 756 4572 «Deus
804 4517 1027 4588 justitiaa
1084 4533 1256 4585 mem,
1285 4539 1305 4572 ι
1363 4520 1668 4589 superbiam
1721 4524 1920 4591 pariat,

353 4622 645 4677 possumus
677 4610 778 4664 hoc
811 4611 1030 4679 insuper
1063 4611 1212 4665 uti‘:
1245 4631 1262 4663 ι
1283 4611 1383 4678 Qui
1411 4610 1590 4668 factus
1636 4622 1720 4669 est
1767 4615 1923 4669 nobis

353 4712 381 4748 a
421 4697 532 4751 Deo
560 4700 822 4768 sapientia
858 4709 912 4754 et
938 4701 1168 4767 juStitia,
1205 4712 1260 4756 et
1301 4703 1620 4774 redemptio,
1647 4724 1666 4758 ι
1705 4713 1758 4760 et
1800 4719 1921 4773 per-

350 4789 478 4845 inde
500 4790 604 4844 erit
633 4806 695 4846 ac
721 4794 762 4847 si
789 4793 1032 4849 diceres:
1060 4795 1200 4850 Deus
1230 4795 1443 4850 Domini
1475 4798 1602 4853 mei.

419 4971 587 5030 Vitas.
616 4973 670 5028 2.
706 4973 773 5028 In
821 4976 1156 5032 tribulatione
1200 4979 1445 5035 dilatasti
1487 4983 1637 5046 mihi,
1672 4985 1920 5038 miserere

349 5067 471 5133 mei,
503 5077 551 5120 et
583 5066 774 5121 exaudi
805 5071 1094 5125 orationem
1123 5089 1314 5138 meam,
1341 5085 1443 5130 etc.
1477 5075 1703 5130 Videtur
1736 5077 1916 5132 divina

350 5155 653 5226 Scriptura,
681 5156 824 5209 nulla
871 5159 1051 5214 habita
1100 5163 1356 5229 propositi
1410 5162 1632 5216 hmuaui
1685 5164 1916 5232 ratione,

346 5246 625 5316 speciatim
653 5247 1056 5305 tribulationem
1088 5267 1286 5306 vocare
1317 5253 1368 5306 id
1401 5254 1542 5322 quod
1576 5265 1768 5309 sancto
1796 5255 1917 5310 viro

347 5338 632 5390 adversutn
656 5339 854 5404 evenit,
890 5339 1018 5393 licet
1041 5343 1106 5394 ad
1131 5341 1246 5408 ejus
1278 5344 1598 5397 exercitium
1630 5345 1916 5402 inferatur.

347 5431 498 5498 Quod
547 5436 690 5490 enim
741 5434 1006 5503 ejusmodi
1059 5435 1328 5502 peccatori
1373 5435 1594 5500 accidit,
1645 5436 1918 5506 ﬂagellum

419 5550 461 5578 ³⁷
493 5548 589 5603 lsai
615 5565 767 5612 Lvm,
794 5551 846 5606 9.
957 5549 1002 5582 "
1025 5548 1159 5604 Joel.
1192 5567 1246 5617 ιι,
1272 5551 1360 5604 52.

289 5656 292 5658 η
347 5621 544 5676 vn,‘2l.
622 5620 995 5684 ‘ICor.t,50.

1470 5553 1515 5583 θ’
1548 5552 1753 5607 Jcrem.
1779 5570 1867 5621 xv,
1892 5555 1944 5610 1.

2030 4540 2135 4593 χει,
2166 4524 2412 4578 τουτέστι
2435 4525 2693 4597 Χριστοῦ.
2730 4528 2846 4582 Ἵνα
2872 4528 2928 4581 δὲ
2960 4528 3033 4601 μὴ
3064 4524 3213 4604 ᾖέπὶ
3251 4532 3605 4601 καυχήματος

2027 4617 2112 4678 τὸ,
2139 4634 2156 4667 ι
2194 4617 2250 4669 ’0
2276 4617 2407 4679 Θεὸς
2432 4619 2529 4689 τῆς
2561 4619 2904 4692 δικαιοσύνης
2939 4638 3059 4692 μου,
3096 4641 3114 4674 ι
3143 4622 3415 4693 δυνάμεθα
3442 4639 3608 4694 προσ-

2031 4707 2339 4779 χρήσασθαι
2372 4709 2479 4781 τῷ’
2521 4729 2539 4761 ι
2591 4714 2687 4776 Ὃς
2714 4714 2942 4784 ἐγενήθη
2988 4714 3096 4767 ἀπὸ
3122 4715 3254 4768 Θεοῦ
3289 4715 3450 4785 σοφία
3467 4718 3604 4786 ἡμῖν

2028 4800 2122 4853 καὶ
2159 4801 2469 4874 δικαιοσύνη
2490 4843 2504 4867 ,
2561 4804 2653 4858 καί
2699 4805 3093 4878 ἀπολύτρωσις,
3127 4827 3146 4859 ι
3181 4807 3275 4860 καὶ
3310 4807 3420 4862 ἴσον
3447 4807 3600 4862 ἔσται

2025 4892 2122 4962 τῷ,
2157 4894 2186 4946 6
2216 4893 2347 4958 Θεὸς
2375 4893 2469 4948 τοῦ
2501 4897 2705 4967 Κυρίου
2740 4916 2860 4967 μου.

2110 4983 2206 5037 Ἐν
2267 4986 2468 5053 θλίψει
2513 4987 2859 5055 ἐπλάτυνάς
2901 5006 3030 5060 μοι·
3073 4990 3451 5061 οὶκτείρησόν
3499 5011 3599 5065 με,

2027 5075 2127 5128 καὶ
2172 5076 2538 5131 εἰσάκουσον
2592 5078 2704 5148 τῆς
2750 5080 3097 5151 προσευχῆς
3133 5102 3272 5153 μου,
3331 5102 3384 5137 κ.
3441 5103 3491 5138 τ.
3547 5089 3597 5140 ἐ.

2029 5167 2244 5222 Ἔοικεν
2278 5170 2310 5240 ἠ
2345 5167 2464 5224 θεία
2507 5171 2545 5221 Γ
2552 5170 2695 5240 ραφὴ
2728 5171 2836 5243 (9‘2)
2867 5173 3029 5237 ἰδίως,
3060 5175 3158 5246 τὴν
3187 5177 3503 5248 προαίρεσιν
3536 5178 3598 5230 οὐ

2027 5258 2498 5332 περιεργαζομένη
2530 5261 2837 5335 ἀνθρώπου,
2884 5265 3060 5336 θλίψιν
3087 5266 3370 5339 ὀνομάζειν
3402 5270 3462 5323 τὸ
3496 5288 3597 5323 πε-

2029 5349 2356 5417 ριστατικὸν,
2379 5353 2471 5404 καὶ
2498 5354 2798 5424 γυμνασίου
2821 5355 3004 5410 ἐνεκεν
3021 5358 3312 5430 συμϐαῖνον
3331 5360 3406 5431 τῷ
3431 5361 3595 5431 ἁγίῳ·

2029 5438 2092 5492 τὸ
2119 5440 2228 5514 γάρ
2242 5442 2319 5513 τῷ
2341 5444 2649 5516 ἁμαρτωλῷ
2680 5449 2962 5518 γινόμενον
2986 5450 3226 5521 μάστιγα
3241 5452 3412 5506 καλεῖ.
3428 5472 3444 5504 ι
3468 5454 3600 5506 Πολ-

2059 5559 2072 5589 ¹
2098 5557 2240 5614 Psal.
2264 5576 2448 5628 xcvm,
2469 5563 2520 5628 6,
2545 5564 2598 5629 7,
2621 5564 2677 5620 8.
2779 5567 2798 5596 ²
2817 5565 2958 5620 Psal.
2981 5583 3158 5636 cxuv,
3178 5571 3262 5625 l8.
3367 5569 3595 5628 ’Matth.

416 5717 527 5786 (9)2)
561 5719 799 5772 Ἔοικεν
837 5722 874 5789 ἡ
917 5721 1044 5774 θεία
1075 5723 1123 5773 Γ
1117 5720 1306 5790 pum},
1353 5734 1458 5779 etc.
1511 5723 1736 5779 Scltedm
1763 5725 1930 5782 Comb

2037 5727 2090 5794 ii,
2121 5729 2293 5785 codex
2319 5730 2431 5786 Roe
2460 5730 2516 5797 4,
2545 5730 2727 5786 Daniel
2762 5730 3058 5789 Barbarus.
