3822 6518
137 392 272 450 1137
1116 398 1422 455 SELECTA
1462 400 1531 457 ΙΝ
1570 398 1906 458 PSALMOS.
1946 430 2015 441 -—
2047 398 2245 457 PSAL.
2285 400 2374 456 IV.
3260 399 3392 454 H38

135 511 225 563 λιιί
252 533 268 562 ι
290 512 417 582 γὰρ,
438 514 620 584 φησιν,
651 532 669 565 ι
696 515 749 568 αἱ
769 515 975 585 θλίψεις
991 515 1098 569 τῶν
1112 516 1354 569 δικαίων·
1385 514 1558 581 »καὶμ
1577 514 1644 567 [lc

1885 526 1994 570 cat.
2046 515 2180 571 Nam
2224 536 2242 569 ι
2271 517 2472 581 multm,
2511 517 2753 587 inquit',
2799 517 3179 574 tribulationes
3214 516 3392 587 justo-

135 606 225 660 λαὶ
242 608 293 658 αἱ
326 608 588 677 μάστιγες
618 607 711 661 τοῦ
742 611 1121 681 ἁμαρτωλοὶ»
1146 612 1254 664 Καὶ
1270 611 1644 682 παραδείγματ

1883 625 1964 673 m;
1998 628 2016 661 ι
2058 610 2149 663 et“
2182 627 2196 663 :
2227 628 2245 659 ι
2273 608 2435 664 Multa
2462 609 2675 679 ﬂagella
2724 610 3046 681 peccatoris.
3074 628 3094 662 ι
3135 610 3386 680 Exempli

134 698 318 751 ἕνεκεν
346 696 599 770 ἐροῦμεν,
635 700 669 754 ἃ
706 702 802 771 μὲν
846 702 1108 755 πέπονθεν
1144 701 1280 766 Ἰὼϐ,
1312 702 1517 772 θλίψεις
1542 698 1643 755 sive

1879 716 2002 765 usa,
2034 716 2155 770 qua;
2186 702 2410 771 pertulit
2438 701 2565 767 Job,
2601 714 2656 758 et
2684 718 2807 773 quae
2842 718 3037 774 passus
3064 714 3149 759 est
3178 702 3384 772 Joseph

137 795 229 847 κα1⁸
260 793 294 847 ἃ.
335 793 533 863 Ἰωσὴφ
560 794 617 845 ἐν
637 794 897 865 Αἰγύπτῳ
921 812 933 823 ⁸
978 794 1013 848 ἃ
1052 795 1107 847 δὲ
1142 793 1302 847 Δαυῖδ
1353 794 1441 849 διὰ
1482 794 1580 866 τὴν
1611 812 1646 847 τι

1898 788 2152 861 ίΕεγριο,
2182 790 2567 847 tribulationes
2590 791 2871 857 dicemus;
2902 807 3023 861 qua:
3051 800 3232 848 autem
3261 806 3407 871 pro-1

134 885 325 956 Οὐρίου
350 886 445 938 καὶ
475 885 560 938 διὰ
599 886 659 938 τὸ
694 887 1059 959 ὴριθμηκέναι
1094 890 1185 943 τὸν
1225 889 1369 953 λαὸν,
1404 889 1643 960 μάστιγα

1876 897 1925 935 :r
1959 897 2184 937 uxorem
2219 880 2363 937 Uria:
2408 891 2463 937 et
2506 884 2689 953 p0puli
2720 876 2946 940 eensum
2977 900 3270 954 perpessus
3302 893 3385 937 est

134 978 552 1050 Παρατηρητέον
590 979 856 1050 μέντοιγε,
908 983 981 1053 μή
1008 999 1059 1035 τι
1103 982 1338 1056 λανθάνῃ
1360 985 1509 1053 ἡμᾶς
1550 984 1643 1036 ὲνε

1875 975 2001 1041 ινίἀ,
2051 973 2263 1046 ﬂagella
2320 973 2732 1045 appellabimus.
2788 974 2952 1046 558
2997 975 3262 1033 Caeterum
3316 992 3384 1029 ne

134 1068 339 1138 Γραφῇ,
372 1069 452 1121 ὅτι
476 1068 653 1138 θλίψις
685 1071 831 1123 ἐστὶν
862 1071 953 1123 ἐπὶ
996 1072 1335 1143 ἁμαρτωλῶν
1372 1071 1641 1143 τεταγμέν

1855 1068 1932 1122 rid
1961 1067 2012 1122 in
2046 1067 2346 1137 Scripturis
2388 1082 2487 1121 nos
2518 1067 2704 1133 lateat,
2734 1069 3132 1123 observandum
3165 1080 3247 1127 est
3275 1070 3364 1124 tri-

131 1161 227 1213 καὶ
261 1160 454 1232 μάστιξ
497 1164 589 1216 ἐπὶ
627 1163 732 1216 τῶν
761 1164 864 1236 ἤδη
897 1164 1142 1219 δικαίων.
1172 1166 1294 1217 Ὅτι
1352 1165 1408 1218 δὲ
1453 1164 1633 1234 θλίψις

1865 1161 2137 1217 nationem
2169 1163 2332 1216 etiam
2366 1162 2770 1230 peccatoribus,
2799 1170 2852 1217 et
2895 1161 3164 1231 ﬂagellmn
3200 1165 3374 1219 homi-

125 1256 240 1314 τοῖς
270 1254 443 1322 ἁγίοις
478 1254 751 1326 διδόμενος
792 1258 1094 1329 πειρασμὸς
1134 1256 1384 1311 ἀθλοῦσιν
1431 1257 1634 1310 καλεῖτε

1864 1257 1960 1309 bus
2005 1255 2116 1325 jam
2166 1254 2331 1325 justis
2368 1254 2553 1308 tribui.
2588 1252 2743 1321 Quod
2789 1267 2923 1308 vero
2967 1257 3213 1321 tentatio,
3252 1272 3373 1325 qua:

124 1345 236 1398 ἀπὸ
266 1346 471 1399 πολλῶν
518 1350 695 1420 ῥητῶν
740 1350 1041 1419 κινούμεθα
1084 1350 1178 1403 καὶ
1218 1350 1419 1421 ἐτέρων
1441 1350 1591 1421 παρὰ
1628 1371 1633 1383 ι

1866 1347 2009 1402 nctis
2061 1347 2195 1402 viris
2242 1347 2582 1401 certantibus
2634 1346 2968 1410 immittitur,
3007 1347 3371 1403 tribulationis

123 1439 513 1510 προειρημένα.
552 1443 625 1494 Ού
668 1441 975 1512 θαυμαστὸν
1004 1443 1112 1514 γὰρ
1156 1444 1203 1495 εί
1240 1442 1438 1511 μάστιξ
1469 1443 1632 1501 ὄιπτετ

1858 1437 2019 1493 lmine
2045 1451 2293 1504 vocetur,
2331 1453 2395 1493 ex
2429 1437 2612 1492 multis
2638 1445 2840 1507 prteter
2872 1450 2935 1490 ea
2964 1451 3083 1505 qua:
3112 1438 3367 1503 diximus,

119 1528 691 1602 υἱῶν-ἡμαρτηκότων,
722 1531 797 1595 ῶς
836 1551 997 1604 φησιν
1020 1536 1048 1587 ό
1074 1532 1341 1603 Σολομῶν
1368 1554 1385 1585 ι
1427 1536 1628 1603 Μαστιγ

1858 1528 1994 1597 :rbis,
2025 1538 2082 1583 ut
2119 1528 2409 1585 credamus
2454 1529 2796 1586 adducimur.
2833 1527 2951 1583 Non
2996 1529 3141 1582 enim
3172 1530 3367 1583 mirum

115 1620 177 1671 δὲ
217 1621 388 1675 πάντα
422 1622 557 1685 υίὸν,
593 1624 651 1677 ὃν
686 1625 1070 1695 παραδέχεται.
1098 1647 1113 1677 ι
1136 1628 1245 1679 Καὶ
1272 1626 1432 1680 πάλιν
1466 1628 1623 1680 ὲπιστ

1862 1630 1900 1686 ι,
1932 1622 1976 1677 si
2018 1620 2294 1692 ﬂagellum
2341 1621 2719 1691 delinquentes
2750 1623 2889 1677 ﬁlios
2919 1620 3163 1690 corripit,
3194 1630 3253 1675 ut
3294 1622 3371 1675 ait

115 1717 235 1766 τεῖν
269 1716 369 1785 χρὴ
406 1716 674 1787 μάστιγας
705 1718 890 1772 καλεῖν
909 1719 975 1772 τὰ
1005 1722 1118 1785 τοῖς
1146 1720 1463 1788 Αἰγυπτίοις
1490 1719 1577 1774 διὰ
1602 1738 1624 1773 τ

1857 1714 2055 1769 domon
2076 1714 2097 1745 "
2125 1733 2137 1768 :
2170 1731 2187 1763 ι
2217 1712 2480 1783 Flagellat
2519 1721 2701 1767 autem
2735 1729 2954 1768 omnem
2997 1713 3167 1767 tilium
3206 1727 3366 1782 quem

131 1807 343 1877 Ἰσραὴλ
372 1809 754 1881 συμϐεϐηκότα
772 1828 785 1840 ·
831 1810 952 1864 ἐπεὶ
978 1812 1108 1864 υἱῶν
1137 1815 1284 1865 ἐστιν
1317 1812 1376 1865 τὸ
1401 1812 1640 1883 μαστιγοὶ

1857 1805 2004 1875 cipit.
2037 1823 2055 1858 ι
2089 1805 2156 1859 Ει
2204 1820 2394 1861 rursus
2440 1804 2986 1861 animadvertendum
3028 1816 3112 1862 est
3158 1805 3366 1876 ﬂagella

116 1866 261 1952 σθαι.
292 1866 399 1953 kal.
431 1866 540 1973 γὰρ
561 1866 617 1956 ὲν
641 1902 717 1972 τῷ
744 1902 1085 1974 ὀγδοηκοστῷ
1110 1903 1280 1975 ὀγδόῳ
1308 1866 1507 1975 ψαλμῷ
1538 1866 1622 1975 είρ

1858 1866 2044 1969 :iqua‘.
2071 1897 2344 1970 Egyptiis
2374 1897 2778 1970 pr0pterlsrael
2802 1901 3169 1971 contigerunt.
3200 1866 3367 1955 Filio-

107 2008 234 2045 ται⁸
266 2010 283 2042 ι
332 1992 455 2046 Ἐὰν
486 1994 885 2048 καταλείπωσιν
913 1996 1017 2047 υἱοὶ
1062 1996 1224 2049 αὐτοῦ
1252 1997 1341 2048 τὸν
1369 1996 1532 2066 νόμον
1563 2014 1616 2067 μ(

1860 2007 1908 2044 m
1942 1992 2085 2046 enim
2112 1992 2393 2061 proprium
2422 2001 2503 2047 est
2538 1990 2751 2060 ﬂagello
2783 1992 3059 2060 vapulare.
3093 1992 3274 2058 Quare
3307 1992 3362 2045 in

110 2084 211 2135 καὶ
244 2085 299 2137 ὲν
338 2088 447 2149 τοῖς
480 2087 708 2158 κρίμασί
737 2105 838 2158 μου
883 2087 957 2159 μὴ
987 2088 1342 2159 πορευθῶσιν,
1378 2088 1471 2142 ἐὰν
1503 2088 1572 2141 τὰ
1610 2089 1619 2140 ὁ

1854 2083 1996 2137 almo
2025 2084 2357 2155 octogesimo
2383 2094 2577 2139 octavo
2608 2085 2809 2139 dicitur
2830 2084 2889 2139 ἐ
2924 2102 2942 2135 ι
2970 2084 3025 2139 Si
3053 2086 3361 2153 derelique-

104 2176 399 2248 atstubpa'rd
442 2197 541 2249 μου
573 2180 975 2252 βεϐηλώσωσιν,
1027 2184 1121 2236 καὶ
1170 2182 1266 2246 τὰς
1314 2183 1532 2246 ἐντολάς
1583 2201 1613 2254 μ

1849 2187 1897 2230 at
1934 2177 2027 2231 ﬁlii
2067 2177 2187 2248 ejus
2217 2177 2391 2247 legem
2434 2192 2634 2245 meam,
2670 2188 2727 2234 et
2762 2179 2815 2233 in
2841 2179 3064 2249 judiciis
3092 2179 3229 2234 meis
3254 2194 3358 2233 non

107 2270 188 2342 μὴ
232 2271 553 2341 φυλάξωσιν,
592 2274 957 2345 ἐπισκέψομαι
1005 2276 1062 2327 ὲν
1094 2274 1273 2345 ῥάϐδῳ
1316 2274 1415 2337 τὰς
1454 2274 1613 2345 ἁνομί

1856 2266 2219 2335 ιὺυιειγετίηι,
2260 2270 2305 2323 si
2345 2268 2584 2339 justitias
2631 2285 2778 2325 meas
2823 2270 3260 2341 profanaverint,
3309 2280 3363 2323 et

102 2364 311 2419 αὐτῶν.
356 2385 373 2417 ι
412 2365 626 2419 Τούτων
683 2366 739 2418 δὲ
788 2366 1114 2437 εἰρημένων,
1152 2366 1213 2419 τὸ
1265 2368 1363 2438 μὲν
1408 2367 1611 2421 θλίϐεσε

1851 2360 2038 2413 andata
2082 2374 2201 2413 mea
2236 2374 2344 2414 non
2386 2360 2765 2425 custodierint,
2810 2361 3045 2416 visitabo
3091 2361 3145 2415 in
3208 2361 3360 2431 virga

99 2452 212 2504 οὐκ
246 2453 307 2505 ἂν
336 2453 420 2524 εἴη
470 2455 577 2507 τῶν
620 2456 704 2525 ἐφ’
737 2457 868 2526 ἡμῖν
888 2473 901 2487 ο
930 2456 990 2509 τὸ
1037 2455 1093 2510 δὲ
1116 2456 1565 2529 δυσαρεστεῖσθαι
1592 2478 1608 2513 >

1850 2453 2099 2522 iquitates
2135 2467 2345 2508 eorum.
2370 2471 2392 2505 ι
2429 2451 2553 2507 llzcc
2592 2468 2714 2507 cum
2761 2454 2902 2507 dicta
2950 2454 3079 2520 sint,
3116 2453 3359 2509 tribulari

98 2545 363 2599 ἐνδιδόναι
416 2547 524 2600 τῶν
560 2549 645 2617 ἐφ’
690 2550 819 2621 ἡμῖν
857 2550 1107 2620 ψεκτῶν
1153 2554 1288 2626 ὅπερ
1334 2570 1605 2626 στενοχωρ

1849 2560 1889 2597 >n
1925 2552 2008 2600 est
2055 2544 2107 2598 in
2156 2545 2348 2610 nobis;
2390 2546 2621 2599 moleste
2678 2555 2862 2599 autem
2896 2545 3042 2600 ferre
3081 2555 3135 2600 et
3165 2546 3358 2600 cedere

97 2636 235 2690 σθαι
252 2639 601 2710 ὀνομάζουσιν
626 2642 679 2695 αἱ
714 2642 948 2713 Γραφαί.
975 2643 1047 2697 Τὸ
1072 2644 1129 2699 δὲ
1159 2645 1297 2717 πρὸς
1328 2645 1406 2717 τῷ
1436 2645 1508 2717 μὴ
1544 2648 1606 2699 ἐν

1847 2637 1938 2692 >bis
1963 2648 2046 2693 εει
2074 2638 2300 2691 liberum
2334 2636 2606 2706 simulque
2628 2637 3013 2706 vituperabile;
3038 2638 3180 2708 quod
3207 2636 3356 2692 Scri-

93 2729 368 2785 δόναικαὶ
403 2733 792 2805 εὐφραίνεσθαι
836 2737 893 2788 ἐν
926 2738 1139 2802 αὐταῖς,
1185 2737 1261 2801 ὡς
1315 2736 1503 2802 οὔσαις
1546 2758 1602 2809 πε

1845 2746 1957 2785 urze
2006 2740 2205 2786 vocant
2250 2732 2575 2802 angustiari.
2618 2730 2736 2785 Non
2789 2731 2964 2786 solum
3019 2739 3197 2785 autem
3250 2744 3354 2785 non

92 2824 299 2891 φάσεσι
334 2824 595 2895 μειζόνων
623 2826 799 2881 ἄθλων
824 2829 917 2881 καὶ
943 2829 1346 2899 ἐπαγγελλιῶν,
1384 2832 1557 2900 ἁγίων
1588 2834 1601 2885 ἓ

1848 2827 1996 2885 dere.
2028 2828 2120 2881 sed
2153 2826 2203 2879 in
2239 2826 2371 2895 ipsis
2404 2825 2602 2893 laetari,
2627 2834 2815 2894 utpote
2837 2839 2958 2893 qua:
2986 2821 3193 2892 majora
3219 2838 3357 2893 prae-

91 2931 221 2981 γον,
255 2915 393 2969 καθά
422 2934 584 2989 φησιν
612 2920 640 2971 ὁ
684 2919 1031 2985 Ἀπόστολος·
1057 2940 1075 2974 ι
1122 2924 1211 2976 Ἐν
1242 2924 1406 2979 παντὶ
1429 2924 1600 2996 θλιϐόι

1842 2919 1886 2971 ia
1919 2918 2286 2988 consequendi
2313 2920 2661 2974 occasionem
2707 2916 3007 2988 praebeant,
3044 2925 3351 2971 sanctorum

92 3022 205 3068 νοι,
225 3006 335 3059 ἀλλ’
359 3009 420 3061 οὐ
449 3011 954 3082 στενοχωρούμενοι.
969 3033 986 3066 ι
1006 3014 1115 3066 Καὶ
1135 3014 1455 3087 αἰτιώμενος
1482 3019 1596 3089 Κορ

1840 3027 2021 3065 rorum
2063 3026 2199 3082 opus
2245 3020 2349 3077 est,
2380 3010 2838 3081 quemadmodum
2872 3011 2949 3064 ait
2976 3004 3349 3080 Apostolus’:

90 3097 251 3163 Οίους
285 3100 446 3173 φησιν
480 3102 663 3166 αὐτοῖς
688 3105 968 3175 προσιέναι
998 3108 1379 3178 στενοχωρίαν,
1409 3108 1552 3162 οὕτω
1590 3109 1599 3160 1

1843 3120 1882 3156 ,ιι
1911 3104 2165 3158 omnibus
2206 3103 2618 3158 tribulationem
2662 3102 2955 3171 patientes,
2989 3102 3083 3156 sed
3114 3116 3222 3155 non
3253 3116 3352 3155 an-

87 3211 245 3263 γων·
285 3214 302 3246 ι
341 3196 415 3248 Ού
453 3196 870 3268 στενοχωρεῖσθε
900 3200 957 3253 ἐν
980 3201 1133 3270 ἡμῖν,
1167 3202 1586 3273 στενοχωρεῖσθε

1845 3193 2020 3249 ίειῑειί.
2051 3212 2071 3246 ι
2111 3193 2177 3248 Ει
2197 3208 2426 3263 carpens
2448 3194 2763 3249 Corinthios
2804 3195 2881 3248 ait
2911 3195 3190 3265 angustias
3223 3193 3354 3264 ipsis

84 3290 153 3341 ὲν
200 3290 311 3352 τοῖς
340 3289 667 3361 σπλάγχνοις
700 3291 871 3361 ὑμῶν.
898 3311 917 3343 ι
953 3289 1083 3345 Εἶτα
1112 3293 1443 3365 παρακαλῶν
1476 3296 1593 3349 αὐτι

1842 3300 1984 3351 εεεε,
2021 3286 2209 3342 dicens
2232 3286 2275 3318 ¹⁶
2303 3302 2318 3337 :
2354 3304 2373 3337 ι
2401 3285 2517 3342 Non
2551 3286 2938 3355 angustiamini
2964 3286 3016 3339 in
3052 3284 3230 3351 nobis,
3254 3300 3351 3339 an-

80 3378 185 3432 διὰ
214 3380 310 3451 τὴν
342 3380 435 3433 τοῦ
467 3382 620 3449 ἁγίου
654 3382 1007 3445 κατάστασιν,
1032 3384 1194 3454 φησίν
1219 3400 1232 3414 ο
1269 3402 1286 3435 ι
1326 3384 1589 3439 Πλατύνθι

1843 3379 2100 3443 ιειίξιηιίηἱ
2145 3390 2329 3434 autem
2364 3374 2417 3433 iii
2466 3378 2765 3433 visceribus
2803 3378 3019 3433 vestris.
3046 3397 3064 3429 ι
3105 3376 3225 3431 Mox
3260 3391 3352 3431 eos

83 3472 191 3525 καὶ
242 3474 416 3543 ὑμεῖς.
458 3494 478 3527 υ
515 3475 625 3528 Καὶ
658 3468 758 3528 ὦδε
803 3474 981 3529 τοίνυν
1029 3477 1343 3548 εὐχαριστεῖ
1377 3478 1453 3549 τῷ
1493 3479 1592 3550 Θεᾷ

1837 3486 1872 3523 :r
1897 3471 2205 3525 sanctitatis
2248 3480 2447 3525 statum
2474 3472 2794 3535 exhortans,
2827 3470 2958 3525 dicit
2982 3470 3025 3500 “
3055 3488 3067 3523 :
3095 3487 3113 3520 ι
3144 3468 3346 3522 Dilata-

80 3564 387 3635 Προφήτης
411 3565 735 3637 βοηθήσαντι
762 3568 907 3639 αὐτῷ
944 3569 1037 3621 καὶ
1070 3570 1405 3643 εὐρυχωρίαν
1430 3572 1589 3644 δωρη‹

1837 3565 1907 3619 ini
1937 3574 1991 3619 et
2022 3580 2141 3619 vos.
2168 3583 2186 3616 ι
2225 3564 2315 3619 Sic
2349 3565 2512 3635 igitur
2536 3564 2806 3633 Propheta
2854 3563 3060 3633 gratias
3085 3563 3196 3632 agit
3233 3562 3346 3618 Deo

81 3657 243 3727 μένῳ
270 3660 334 3729 τῇ
363 3660 678 3731 προαιρέσει
707 3660 867 3715 αὑτοῦ
895 3662 951 3713 ὲν
981 3662 1157 3734 καιρῷ
1185 3663 1431 3734 θλίψεως.
1463 3666 1590 3720 Πλατ

1843 3658 1865 3713 i
1904 3658 2162 3713 auxilium
2197 3660 2243 3714 ei
2278 3658 2464 3713 attulit
2498 3667 2552 3711 et
2579 3657 2951 3711 dilatationcm
2975 3656 3121 3711 dedit
3160 3655 3352 3712 volun—

76 3767 166 3803 νει
203 3750 310 3819 γὰρ
348 3753 377 3804 ό
426 3751 558 3817 Θεὸς
590 3754 651 3808 ού
685 3755 872 3810 παύων
903 3755 1029 3819 τοὺς
1064 3758 1281 3820 κακοὺς,
1334 3757 1468 3811 ἀλλὰ
1501 3776 1585 3829 μετ

1838 3750 1873 3804 ιί
1928 3749 2045 3818 ejus
2094 3751 2148 3804 in
2206 3761 2448 3820 tempore
2509 3749 2896 3805 tribulationis.
2942 3748 3141 3801 Dilatat
3203 3747 3347 3803 enim

74 3842 349 3913 λοψυχίαν
373 3843 566 3908 διδούς.

1837 3857 1938 3908 ms,
1970 3858 2077 3897 non
2114 3842 2283 3898 malos
2313 3842 2639 3909 cohibendo,
2666 3843 2765 3898 sed
2811 3842 2976 3895 animi
3021 3840 3346 3911 magnitudi—

1773 3949 1895 3988 nem
1920 3934 2297 4004 impertienda.

161 4029 286 4081 Υἱοὶ
321 4030 664 4100 ἀνθρώπων,
703 4031 814 4098 ἕως
842 4033 986 4086 πότε
1008 4033 1436 4102 ,ϐαρυκάρδιοη
1464 4036 1585 4091 Ἵνα
1609 4039 1666 4091 τι

1842 4024 2005 4082 Vens.
2037 4027 2088 4080 5.
2125 4025 2257 4079 Filii
2285 4026 2575 4089 hominum,
2606 4041 2870 4095 usquequo
2891 4026 3035 4094 gravi
3065 4026 3255 4078 corde?
3279 4024 3344 4078 Ut

68 4118 357 4189 ἀγαπᾶτε
376 4124 757 4194 ματαιότητα,
802 4124 901 4178 καὶ
924 4124 1142 4194 ζητεῖτε
1164 4126 1410 4195 ψεῦδος,
1445 4146 1496 4183 κ.
1533 4147 1577 4184 τ.

1831 4122 1895 4175 rid
1928 4122 2145 4192 diligitis
2176 4122 2463 4175 vanitatem
2494 4132 2539 4175 et
2571 4121 2807 4191 quwritis
2832 4120 3204 4173 mendacium!
3234 4130 3340 4173 etc.

66 4213 179 4276 Τό,
208 4235 235 4261 ιι
254 4211 374 4267 Υἱοὶ
400 4214 701 4287 ἀνθρώπων
730 4216 893 4287 (95),»
931 4219 958 4269 ὁ
989 4218 1089 4287 μέν
1122 4237 1204 4283 τις
1231 4222 1474 4291 οἰήσεται
1501 4239 1569 4274 πε

1834 4214 1939 4279 lud,
1974 4234 1992 4266 ι
2019 4214 2116 4268 ﬁlii
2149 4214 2448 4278 hominum,
2477 4232 2495 4265 ι
2530 4212 2776 4266 nonnulli
2801 4211 3215 4266 arbitrabuntur
3248 4227 3343 4279 per

69 4304 400 4375 φραστικῶς
448 4306 720 4379 εἰρῆσθαι,
781 4308 854 4371 ὡς
910 4311 1003 4362 καὶ
1037 4310 1293 4382 Ἕλλησιν
1328 4311 1481 4375 ἔθοςο
1535 4314 1578 4365 Υ

1835 4306 2311 4362 rcumlocutioncm
2334 4308 2536 4361 dictum
2554 4320 2695 4368 esse,
2722 4306 3182 4375 quemadmodum
3203 4304 3344 4371 apud

83 4396 361 4465 Ἀχαιῶν⁸
392 4398 568 4469 ἕτεροι
598 4400 654 4452 δὲ
681 4400 789 4453 ἀπὸ
820 4399 913 4453 τοῦ
938 4403 1188 4474 Σωτῆρος
1214 4402 1509 4475 ἀρξάμενοι
1541 4424 1592 4457 πε

1840 4416 2011 4467 arcos,
2044 4399 2141 4454 lilii
2180 4399 2539 4455 Achivorum.
2586 4398 2690 4452 Alii
2723 4413 2852 4453 vero
2880 4414 2911 4451 a
2949 4397 3233 4451 Salvatorc
3270 4397 3349 4449 in-

60 4488 249 4559 λαχοῦ
305 4491 735 4562 χρηματίζοντος
780 4493 913 4547 Υίοῦ
970 4495 1280 4567 ἀνθρώπου,
1338 4497 1435 4568 τὴν
1482 4500 1569 4551 αἰτ

1831 4492 2051 4559 pientes,
2088 4492 2179 4561 qui
2212 4492 2531 4560 plerumque
2566 4488 2733 4541 Filius
2765 4490 2999 4543 hominis
3021 4489 3340 4557 appellatur,

60 4579 458 4652 βουλεύσονται
484 4582 787 4653 ἐξιχνεῦσαι
812 4586 905 4639 καὶ
935 4586 1195 4657 περὶτῶν
1226 4586 1531 4657 ἀνθρώπων
1560 4608 1569 4639 ‹

1837 4600 1988 4638 usam
2014 4599 2256 4653 qumrere
2280 4584 2583 4638 volentcur
2618 4581 2844 4649 quidam
2882 4595 2986 4633 non
3023 4579 3342 4647 simpliciter

64 4675 272 4738 ἁπλῶς
302 4675 629 4746 λεγομένων,
672 4677 931 4742 πολλάκις
959 4679 1090 4733 υἱῶν
1116 4679 1419 4751 ἀνθρώπων
1442 4700 1573 4753 χρηι

1831 4680 2039 4743 unines,
2091 4678 2287 4747 saepius
2321 4676 2413 4729 lilii
2448 4674 2725 4729 hominum
2781 4672 3147 4742 appellentur.
3186 4672 3340 4736 Quod

55 4766 355 4831 τιζόντων.
385 4768 624 4821 Οὑδέπου
648 4768 757 4840 γὰρ
792 4771 885 4824 καὶ
926 4773 1052 4843 περὶ
1102 4772 1195 4825 τοῦ
1231 4774 1484 4845 Σωτῆρος
1507 4793 1564 4827 πε

1829 4772 1910 4825 1111
1966 4770 2220 4826 Salvator
2261 4778 2491 4824 vocetur
2535 4765 2707 4823 Filius
2740 4768 2998 4831 hominis,
3027 4766 3338 4833 neutiquam

56 4876 284 4929 φρασις
309 4858 374 4913 ἂν
408 4858 495 4931 εἴη
514 4859 576 4913 τὸ
605 4862 731 4914 Υἰὸν
763 4861 1051 4933 ἀνθρώπου
1083 4864 1244 4917 αὑτὸν
1275 4867 1565 4936 ὀνομάζεσε

1838 4863 2105 4932 riphrasis
2152 4877 2273 4917 esse
2318 4862 2511 4931 possit,
2567 4861 2835 4930 siquidem
2866 4859 3166 4914 dicitur“:
3204 4876 3221 4906 ι
3251 4857 3342 4909 Dc-

51 4951 197 5004 ὲπεὶ
220 4949 440 5019 λέγεται
459 4970 472 4983 ’
502 4972 520 5006 ι
554 4953 831 5019 Ἐξουσίαν
845 4954 1043 5009 ἔδωκεν
1071 4956 1217 5026 αὐτῷ
1252 4958 1432 5028 κρίσιν
1462 4977 1560 5011 ποιι

1833 4954 1910 5009 tei
1937 4963 2265 5022 potestatem
2291 4954 2557 5022 judicium
2586 4954 2790 5017 facere,
2817 4954 2941 5022 quia
2966 4951 3139 5005 Filius
3170 4950 3342 5003 lunni-

48 5044 148 5097 ὅτι
181 5042 315 5106 Υἱὸς
346 5043 634 5116 ἀνθρώπου
659 5047 827 5099 ὲστί.»
860 5048 980 5119 Χρὴ
1007 5049 1185 5101 τοίνυν
1233 5048 1459 5101 καθόλου
1495 5068 1554 5102 το

1833 5060 1845 5098 5
1879 5054 1979 5100 est.
2012 5065 2030 5097 ι
2065 5044 2176 5100 lloc
2202 5047 2363 5117 igitur
2392 5034 2690 5117 generatim
2717 5047 2998 5101 sciendum
3050 5053 3133 5100 est
3174 5041 3342 5096 Ιιυιιιὶ-

50 5135 387 5205 γινώσκειν,
413 5137 549 5208 ὅτιή
590 5137 874 5210 ἄνθρωπος
910 5141 1273 5213 προσηγορία,
1310 5142 1397 5193 ὅτε
1432 5144 1479 5195 oi
1507 5142 1559 5210 ἆγ

1836 5152 1848 5190 s
1905 5138 2325 5207 appellationem
2374 5141 2633 5206 additam,
2668 5156 2790 5195 cum
2833 5140 2935 5193 viri
2966 5140 3137 5195 sancti
3173 5137 3345 5192 nomi-

50 5230 186 5282 θεοὶ
220 5231 740 5303 προσαγορεύονται,
777 5234 867 5286 ἐπὶ
889 5234 1055 5304 ψόγου
1082 5233 1451 5305 λαμϐάνεται·
1483 5237 1559 5289 ὅτε

1832 5238 1971 5281 ,ηιιιι-
1999 5228 2097 5293 dii,
2149 5229 2202 5283 in
2247 5230 2573 5302 vituperium
2611 5231 2751 5286 sumi
2782 5248 2796 5283 :
2824 5249 2949 5287 cum
2990 5248 3119 5287 vero
3156 5246 3341 5300 pecca-

49 5322 245 5393 κτήνη
289 5322 382 5377 καὶ
420 5322 581 5395 θηρία
640 5327 688 5378 οἱ
732 5327 1065 5399 ἁμαρτωλοὶ,
1093 5328 1185 5382 ἐπὶ
1227 5330 1449 5384 ἐπαίνου
1486 5348 1555 5383 κα

1827 5336 1911 5375 res
1937 5321 2069 5376 fera:
2093 5332 2147 5375 et
2178 5338 2373 5392 pecora
2410 5328 2688 5394 dicuntur,
2718 5328 2772 5382 in
2816 5326 3029 5380 laudem
3063 5323 3333 5391 deputari.

46 5416 356 5470 τάσσεται.
387 5419 498 5471 Καὶ
530 5419 623 5473 τοῦ
656 5421 754 5484 μὲν
782 5421 1047 5491 προτέρου
1080 5422 1445 5493 παράδειγμα·
1469 5442 1486 5473 ι
1513 5424 1555 5474 ’E

1824 5418 1969 5473 'ioris
2012 5419 2385 5488 intelligentia:
2435 5420 2741 5489 exemplum
2789 5417 3149 5486 est”:tEgo
3199 5416 3333 5476 dixi,

48 5503 235 5559 εἴπαο
271 5508 395 5563 Θεοί
446 5514 588 5576 ἐστε,
624 5514 716 5565 καὶ
763 5514 865 5565 υἱοὶ
903 5514 1155 5583 Ὑψίστου
1208 5516 1438 5580 πάντες·
1496 5518 1557 5586 ὑμ

1831 5512 1843 5564 i
1897 5513 2056 5577 estis,
2097 5522 2151 5566 ct
2184 5513 2272 5567 lilii
2312 5514 2521 5568 Excelsi
2577 5528 2791 5578 omnes,
2825 5527 2923 5565 vos
2974 5520 3155 5563 autem
3194 5510 3336 5561 sicut

46 5600 113 5652 δὲ
187 5599 268 5664 ὡς
324 5601 597 5672 ἄνθρωποι
656 5605 1055 5677 ἀποθνήσκετε,
1126 5610 1218 5661 καὶ
1284 5608 1359 5673 ὡς
1416 5602 1496 5671 εἷς
1544 5626 1555 5639 ι

1821 5605 2016 5661 )ιηίηεε
2057 5606 2363 5660 moriemini
2415 5617 2469 5659 et
2529 5607 2671 5659 sicut
2723 5619 2864 5659 unus
2894 5606 2960 5657 de
2996 5601 3330 5671 principibus

134 5694 337 5766 {Psah
368 5712 561 5756 χχχιιι.
599 5699 687 5752 20.
782 5700 803 5731 ⁸
833 5700 972 5754 Psal.
1007 5718 1157 5766 xxxi,
1190 5704 1275 5756 10.
1390 5705 1408 5734 ⁷
1442 5704 1598 5758 Prov.
1639 5719 1643 5755 :

1819 5705 1847 5755 ε.
1943 5702 1964 5731 ’⁸
1991 5700 2133 5753 l’sal.
2170 5715 2433 5765 Luxvm,
2464 5701 2553 5763 51,
2582 5700 2670 5763 52,
2696 5700 2784 5753 55.
2893 5702 2913 5730 ⁹
2946 5699 2982 5751 II
3008 5700 3133 5754 Cor.
3166 5712 3240 5761 tv,
3276 5697 3328 5750 8.

47 5766 97 5793 “'
128 5763 177 5817 ΙΙ
210 5766 339 5819 Cor.
373 5782 449 5830 vt,
488 5769 573 5822 12.
654 5772 694 5800 “
726 5771 764 5825 ll
795 5772 919 5824 Cor.
952 5787 1021 5836 ιι,
1057 5763 1152 5827 15.
1223 5775 1263 5804 ¹²
1295 5774 1454 5829 Joan.
1485 5790 1535 5827 ν.

840 5787 919 5824 or.
952 5787 1021 5836 u,
1057 5763 1152 5827 13..
1223 5775 1263 5804 ¹²
1295 5774 1454 5829 Joan.
1485 5790 1535 5827 ν.
1567 5773 1655 5827 27.
1735 5773 1778 5803 ¹³
1813 5772 1955 5827 Psal.
1987 5788 2173 5833 ωιχχι,
2213 5774 2265 5834 6,
2296 5772 2346 5824 7.

144 5878 271 5949 (93)
308 5880 399 5945 Τὸ,
432 5880 549 5935 Υἱοὶ
583 5881 927 5950 ἀνθρώπων,
976 5892 1079 5940 etc.
1129 5885 1261 5941 Cod.
1296 5886 1433 5943 Roe.
1474 5889 1653 5945 Barac!

1296 5886 1433 5943 Roe.
1474 5889 1860 5953 Baroccianus,
1887 5886 2103 5942 schcda:
2130 5884 2469 5950 Combetisii,
2500 5884 2792 5940 Barbarus.
