3822 6536
511 346 650 411 “38

1885 360 1978 415 EX
2017 357 2322 416 ORIGENE
3006 366 3018 378 ‘
3655 359 3740 411 “ei

508 469 737 526 cadetis.
763 487 784 522 ι
814 468 880 524 Et
928 467 1056 525 illud
1072 470 1115 502 “
1142 488 1157 526 :
1191 487 1212 522 ι
1237 469 1370 528 Cum
1399 474 1547 529 enim
1575 475 1645 532 sit
1677 475 1817 532 inter
1848 492 1945 533 vos
1989 491 2047 532 τε

2177 475 2455 548 ἀρχόντων
2482 476 2709 529 πίπτετε
2731 490 2746 506 ⁸
2779 493 2798 528 ι
2841 473 2960 539 καί,
2983 489 3000 521 ι
3031 474 3207 526 Ὀπου
3231 471 3351 542 γὰρ
3389 471 3454 522 ἐν
3487 471 3614 540 ὑμῖν
3633 471 3744 541 ﬁt;

512 559 621 627 lus,
651 570 706 617 et
740 560 1041 628 contentio,
1085 577 1266 618 nonne
1309 565 1561 623 carnales
1613 568 1768 636 estis,
1796 577 1851 623 et
1883 583 2078 625 secun-

506 654 636 708 dum
671 654 942 709 hominem
971 655 1296 711 ambulatis?
1318 677 1338 709 ι
1368 657 1694 715 Posterioris
1723 676 1885 716 vero:
1915 661 2079 733 559

511 761 530 793 ι
558 743 818 799 Homines
843 753 895 800 et
925 759 1118 814 pecora
1139 748 1396 808 salvabis.
1423 750 1651 807 Domine
1677 752 1772 805 η.»
1804 753 2072 810 Caeterum

503 832 671 888 ﬁlium
723 835 982 898 hominis,
1028 837 1310 892 deﬁnitam
1369 841 1421 894 in
1479 842 1756 914 Scriptura
1788 855 2090 915 personam‘

504 939 626 992 quae
645 937 869 980 vocatur
903 926 1046 982 Deus
1077 927 1368 999 (quatenus
1392 935 1552 988 modo
1578 938 1842 992 memoria
1870 940 2068 1011 teneo),

504 1013 782 1071 Danielem
811 1018 1044 1087 primum
1066 1029 1121 1073 et
1150 1030 1336 1089 postea
1362 1021 1703 1082 Ezechielem
1728 1030 2070 1098 prophetam,

503 1121 626 1162 cum
673 1119 860 1164 essent
893 1109 946 1164 in
990 1113 1332 1183 captivitate,
1363 1129 1705 1188 nuncupatos
1737 1121 2066 1190 invenimus,

498 1199 770 1255 neminem
805 1215 934 1257 vero
974 1213 1100 1259 ante
1129 1205 1498 1275 captivitatem
1538 1197 1828 1281 (quatenus
1858 1230 2068 1271 memo-

498 1288 596 1344 ria:
625 1291 986 1360 prodiderunt
1013 1293 1134 1350 libri
1169 1295 1260 1364 qui
1282 1296 1402 1352 sine
1433 1303 1812 1357 controversia
1839 1313 1898 1359 ut
1927 1306 2068 1360 divi-

496 1381 646 1436 nitus
698 1382 949 1452 inspirati
1011 1385 1492 1460 circumferuntur)
1569 1393 1672 1449 hac
1711 1396 2070 1464 appellatione

497 1481 890 1539 nuncupatum.
928 1474 993 1528 Et
1026 1476 1154 1544 quid
1177 1490 1311 1545 opus
1336 1487 1418 1533 est
1449 1480 1634 1537 dicere
1663 1484 1730 1538 de
1755 1485 2065 1554 Salvatore,

495 1576 620 1617 cum
650 1563 939 1636 Evangelia
979 1565 1242 1636 ejusmodi
1269 1587 1403 1629 voce
1435 1572 1595 1644 plena
1621 1575 1770 1632 sint?
1794 1577 2065 1646 Quoniam

494 1654 586 1720 qui
625 1663 785 1710 erant
818 1657 869 1710 in
912 1659 1246 1732 captivitate,
1286 1674 1603 1734 peccatores
1648 1678 1823 1737 erant,
1873 1672 2064 1728 existi-

496 1759 708 1801 mamus
742 1747 1018 1806 Danielem
1043 1754 1241 1822 solum,
1271 1757 1414 1826 quod
1460 1770 1703 1816 servaret
1741 1760 2061 1831 dignitatem

494 1834 730 1892 hominis
746 1839 837 1909 qui
861 1841 930 1896 ad
963 1842 1250 1913 imaginem
1285 1855 1340 1901 et
1368 1848 1778 1908 similitudinem
1801 1826 1900 1912 Dei
1936 1873 2063 1912 con-
2095 1826 2138 1883 Β

492 1930 640 1984 ditus
692 1939 810 1998 est,
864 1933 932 1987 ad
986 1948 1176 1990 eorum
1246 1941 1595 2010 opprobrium
1647 1948 1834 2002 audire
1881 1950 2059 2006 istud:

496 2036 516 2070 ι
541 2018 643 2074 Fili
668 2019 924 2080 hominis.
953 2044 975 2076 ›
1007 2023 1126 2082 Hoc
1157 2027 1327 2097 ipsum
1359 2032 1426 2086 de
1461 2033 1742 2092 Ezechiele
1774 2037 2060 2095 dicendum

490 2121 593 2165 est.
626 2110 799 2167 Homo
828 2115 970 2170 enim
995 2118 1088 2187 qui
1123 2120 1189 2174 ad
1240 2121 1532 2193 imaginem
1559 2137 1614 2181 et
1654 2130 2060 2188 similitudinem

488 2198 582 2256 Dei
613 2202 789 2261 factus
824 2217 927 2272 est,
967 2211 1171 2280 primus
1228 2212 1326 2269 hac
1362 2217 1728 2286 appellatione
1755 2226 2060 2283 nominatus

488 2298 594 2354 est,
625 2300 680 2345 et
703 2291 793 2348 hic
827 2297 1043 2364 proprie
1087 2300 1248 2356 homo
1283 2317 1405 2360 esse
1431 2309 1648 2374 poterit.
1685 2310 1743 2365 ln
1782 2312 2062 2373 Salvatore

484 2393 705 2449 «pioque
771 2386 1220 2444 considerandum
1270 2402 1384 2459 est,
1441 2411 1511 2450 an
1580 2399 1891 2460 humanitas
1945 2407 2060 2476 ejus

487 2471 660 2530 Filius
686 2475 923 2534 hominis
948 2481 1179 2548 dicatur,
1215 2494 1266 2538 el
1296 2495 1504 2554 patrem
1538 2489 1809 2550 hominem
1864 2471 2060 2556 habeat

485 2565 804 2623 humanitas
826 2569 1078 2642 imaginis
1110 2575 1201 2631 Dei
1231 2576 1541 2637 invisibilis.
1573 2584 1726 2651 Quod
1756 2600 1933 2644 autem
1976 2594 2058 2648 di-

483 2668 628 2713 ctum
660 2670 746 2716 est
770 2660 814 2694 ¹⁶
845 2677 860 2715 :
898 2682 916 2714 ι
943 2664 1152 2736 Quique
1182 2671 1466 2740 terrigena:
1495 2685 1546 2730 et
1577 2677 1671 2732 ﬁlii
1705 2681 2011 2749 hominum,
2034 2705 2051 2737 ι

481 2750 863 2808 excellentiam
891 2757 1132 2812 ostendit
1180 2759 1411 2816 ﬁliorum
1447 2766 1724 2823 hominum
1758 2787 1867 2841 prae
1900 2777 2058 2830 terri-

481 2841 653 2909 genis.
681 2841 786 2898 Sed
809 2846 951 2915 quod
975 2846 1040 2901 ad
1076 2849 1314 2907 litteram
1340 2856 1559 2922 attinet,
1592 2861 1848 2928 quoniam
1882 2867 2055 2920 corri-

479 2933 704 3002 piuntur
737 2935 822 2992 hic
865 2937 940 2992 illi
986 2940 1184 3008 quibus
1237 2945 1437 3000 dicitur
1465 2965 1476 2999 :
1507 2967 1525 2998 ‹
1560 2950 1852 3023 Usquequo
1904 2961 2052 3028 gravi

477 3026 666 3093 corde,
698 3046 715 3076 ι
751 3035 882 3095 ete.,
916 3045 1022 3086 non
1059 3033 1196 3088 bene
1240 3036 1563 3095 videbuntur
1602 3041 1720 3099 haec.
1764 3061 1885 3115 qua:
1911 3026 2056 3106 invi-

2180 571 2276 624 καὶ
2317 570 2455 643 ἔρις,
2495 568 2618 640 οὐχὶ
2663 566 2918 638 σαρκικοί
2966 567 3110 628 ἐστε,
3157 565 3256 618 καὶ
3295 564 3459 616 κατὰ
3516 564 3742 634 Mars-:5

2179 664 2568 735 περιπατεῖτε;
2610 680 2627 713 ι
2663 660 2758 712 τοῦ
2808 659 2865 712 δὲ
2910 657 3201 727 δευτέφυ·
3247 676 3266 706 ι
3294 653 3656 724 Ἀνθρώποκ
3680 676 3740 711 ιε

2177 756 2346 826 κτήνη
2389 752 2605 817 σώσεις,
2651 751 2848 823 Κύριε.
2901 769 2920 801 ι
2964 749 3188 820 Πρῶτον
3236 748 3362 816 γὰρ
3408 748 3532 798 ’.οἷον
3583 750 3740 816 frti-9;-

2177 865 2310 912 που,
2365 845 2653 917 πρόσωπον
2700 842 3005 914 ὡρισμένον
3073 843 3130 893 ἐν
3191 841 3407 912 Γραςξῇ
3461 841 3741 910 dii-sugg-

2175 957 2263 994 νον
2306 939 2460 1003 Θεὸν,
2506 939 2598 991 ἐπί
2636 939 2702 1008 τῇ
2758 938 3006 1009 παρούσῃ
3047 937 3242 1009 μνήμῃ
3285 935 3398 987 τὸν
3452 936 3642 1006 Δανιὴλ
3687 942 3741 988 εὶ.-

2177 1033 2436 1105 ρίσκομεν
2475 1031 2569 1086 καὶ
2609 1031 2746 1103 μετά
2786 1028 2976 1084 τοῦτον
3018 1028 3112 1082 τὸν
3176 1028 3470 1099 Ἰεζεκιὴλ
3512 1035 3738 1099 πμηῄτες

2174 1127 2235 1180 ἐν
2280 1129 2345 1197 τῇ
2395 1124 2741 1197 αἰχμαλωσίᾳ
2783 1123 3149 1195 γενομένους·
3196 1120 3416 1176 οὐδένα
3457 1121 3521 1174 δὲ
3561 1122 3654 1192 ’.τεὴ

2172 1218 2570 1290 αἰχμαλωσίας,
2605 1219 2729 1270 ὅσον
2749 1215 2834 1286 ἐφ’
2858 1209 2940 1280 οἷς
2967 1212 3301 1287 ἱστοροῦμεν
3339 1211 3499 1266 κατά
3535 1211 3600 1264 τὰ
3623 1214 3736 1265 ἐντι-

2169 1313 2405 1382 τίρῤητα
2454 1310 2561 1363 τῶν
2612 1309 3034 1382 ἀναφερομένων
3093 1307 3330 1378 βιϐλίων
3383 1307 3736 1362 Θεοπνειὶπει.

2169 1402 2340 1474 ταύτῃ
2380 1406 2446 1474 τῇ
2492 1401 2835 1474 προσηγορίᾳ
2874 1399 3233 1472 καλούμενον.
3283 1399 3360 1451 Τί
3394 1399 3457 1452 δὲ
3499 1398 3582 1450 δεῖ
3606 1399 3734 1464 λέπει

2171 1495 2298 1566 περί
2337 1491 2430 1548 τοῦ
2466 1489 2739 1567 Σωτῆρος,
2785 1495 2893 1548 τῶν
2921 1494 3280 1565 Εὑαγγελίων
3319 1495 3733 1565 πεπληρωμέναι

2167 1589 2371 1660 ταύτης
2395 1589 2495 1659 τῆς
2529 1588 2714 1658 φωνῆς
2737 1606 2751 1652 ;
2779 1586 2889 1642 Καὶ
2919 1589 3164 1660 οἰόμεθα,
3200 1589 3293 1644 διὰ
3325 1589 3397 1642 τὸ
3425 1589 3734 1660 ipp-maia;

2166 1679 2449 1749 γεγονέναι
2497 1681 2624 1744 τοὺς
2666 1681 2724 1734 ἐν
2768 1683 2833 1752 τῇ
2894 1681 3269 1752 αἰχμαλωσίᾳ,
3329 1683 3422 1744 εἰς
3478 1681 3731 1749 amem.

2167 1774 2388 1828 ἐκείνων
2419 1774 2510 1826 τὸν
2553 1772 2751 1845 Δανιὴλ
2799 1773 2960 1843 μόνον
3009 1773 3268 1829 σώσαντα
3320 1773 3391 1827 τὸ
3431 1773 3642 1843 ἀξίωμα
3665 1775 3730 1834 ti:

2165 1865 2256 1919 τοῦ
2291 1864 2583 1937 ἀνθρώπου
2615 1865 2712 1919 καὶ
2751 1866 2872 1919 κατ’
2903 1867 3087 1921 εἰκόνα
3116 1867 3214 1919 καὶ
3242 1868 3536 1938 ὁμοίωσιν
3557 1873 3729 1934 γενοξέο

2163 1976 2260 2029 νης
2302 1955 2536 2026 φύσεως,
2572 1958 2790 2012 ἀκούειν
2827 1961 2910 2019 τὸ,
2959 1977 2978 2010 ι
3032 1959 3126 2012 Υἱὲ
3163 1954 3511 2029 ἀνθρώπου.
3553 1978 3572 2008 ι
3624 1959 3724 2011 Ti?

2163 2047 2293 2104 αὐτὸ
2315 2048 2533 2104 λεκτέον
2570 2051 2665 2104 καὶ
2687 2050 2814 2123 περί
2845 2049 2938 2103 τοῦ
2975 2047 3264 2123 Ἰεζεκιήλ.
3302 2050 3631 2121 ’Δνθρωτπλς
3654 2051 3724 2118 τὰρ

2164 2143 2378 2214 πρῶτος
2417 2143 2707 2215 ὠνομάσθη
2751 2145 2779 2196 6
2824 2144 2942 2196 κατ’
2977 2144 3160 2198 εἰκόνα
3216 2145 3320 2198 καὶ
3367 2144 3626 2214 ὁμοίωσιν

2163 2235 2454 2306 ποιημένος
2494 2235 2600 2288 ὑπὸ
2639 2235 2733 2288 τοῦ
2778 2235 2934 2303 Θεοῦ,
2977 2237 3068 2289 καὶ
3108 2235 3290 2299 οὕτως
3339 2235 3412 2289 ἂν
3449 2236 3535 2306 εἴη
3573 2238 3721 2304 καρὶς

2162 2325 2471 2396 ἄνθρωπος.
2517 2325 2906 2379 Ἐπισκεπτέον
2931 2326 2987 2379 δὲ
3021 2327 3116 2379 καὶ
3148 2326 3246 2379 ἐπὶ
3273 2325 3385 2380 τοῦ
3417 2327 3664 2396 ρος.
3692 2346 3720 2378 -:.

2159 2418 2221 2471 τὸ
2249 2416 2590 2490 ἀνθρώπινον
2623 2417 2788 2472 αὑτοῦ
2821 2419 2946 2482 Υἱὸς
2972 2418 3288 2490 ἀνθρώπου,
3329 2419 3623 2490 ἀνθρώπου
3651 2439 3720 2474 t2-

2158 2509 2287 2580 τρὸς
2314 2509 2466 2573 ὄντος
2492 2509 2570 2580 τῷ
2600 2509 2923 2582 ἀνθρωπίνῳ
2958 2511 3056 2582 τῆς
3089 2512 3308 2576 εἰκόνος
3360 2509 3463 2565 τοῦ
3499 2512 3622 2564 Θεοῦ
3653 2513 3716 2564 τςζ

2160 2601 2411 2673 ἀοράτου.
2444 2603 2553 2656 Καὶ
2584 2603 2645 2656 τὸ
2681 2604 2965 2674 εἰρημένον
2998 2603 3078 2669 δὲ,
3127 2623 3145 2657 ι
3180 2605 3252 2658 Οἵ
3282 2622 3352 2658 τε
3390 2608 3634 2675 γηγενεξ

2161 2692 2267 2744 υἱοὶ
2297 2691 2406 2745 τῶν
2426 2693 2749 2762 ἀνθρώπων,
2788 2715 2805 2746 ι
2828 2695 3099 2767 ὑπεροχὴν
3139 2695 3298 2766 δηλοῖ
3337 2696 3456 2748 τῶν
3487 2697 3608 2748 υἱῶν
3636 2697 3711 2746 in

2158 2783 2458 2858 ἀνθρώπων
2480 2787 2630 2858 παρά
2650 2788 2778 2852 τοὺς
2803 2792 3070 2860 γηγενεῖς.
3113 2789 3274 2843 Ἀλλὰ
3301 2790 3456 2862 πρὸς
3479 2790 3572 2860 τὴν

2163 2878 2288 2930 ἐπεὶ
2336 2879 2757 2950 ἐπιπλήττονται
2809 2879 2994 2934 ἐνθάδε
3043 2878 3351 2944 ἀκούοντες
3405 2885 3492 2947 τὸ,
3541 2902 3556 2931 ι
3608 2882 3717 2941 Ἕως

2158 2969 2290 3022 πότε
2324 2970 2697 3042 βαρυκάρδιοι,
2734 2991 2752 3022 ι
2788 2973 2882 3026 καὶ
2909 2972 2979 3027 τὰ
3001 2970 3150 3042 ἑξῆς,
3188 2973 3249 3024 οὐ
3290 2971 3490 3034 καλῶς
3521 2971 3716 3033 δόξει-ττι

2155 3060 2504 3133 ἀντιρρήσεις
2543 3064 2672 3135 περὶ
2702 3063 2832 3116 υἰῶν
2863 3061 3166 3134 ἀνθρώπων
3207 3063 3654 3134 παρατεθεῖςῦαι,
3678 3067 3713 3112 εξ

475 3129 596 3172 cem
647 3119 750 3174 sibi
803 3136 1171 3195 opponuntur,
1223 3131 1287 3185 de
1333 3131 1456 3186 ﬁliis
1506 3134 1786 3192 hominum
1847 3140 2046 3212 afferri,

2158 3154 2232 3226 μὴ
2429 3119 2736 3209 διττὺνπὺν
2782 3119 3065 3227 ἄνθρωπον
3113 3155 3195 3208 δεῖ
3230 3119 3567 3226 λαμϐάνειν,
3605 3155 3712 3204 115:1

478 3209 584 3262 nisi
621 3208 763 3264 forte
789 3213 986 3284 duplex
1042 3219 1202 3277 homo
1230 3223 1304 3278 sit
1348 3225 1751 3297 intelligendus,
1784 3208 2045 3302 quemad;

476 3300 697 3356 modum
733 3307 944 3376 accepit
988 3309 1285 3381 Apostolus
1327 3315 1514 3373 dicens
1537 3320 1578 3351 ¹⁷
1611 3339 1624 3376 :
1661 3341 1679 3375 ι
1710 3300 1922 3381 Primus
1951 3328 2048 3383 ho-

475 3406 566 3447 mo
592 3394 657 3450 de
694 3405 836 3454 terra
871 3410 1138 3472 terrenus,
1165 3412 1438 3466 secundus
1477 3413 1661 3481 homo,
1695 3418 1955 3476 Dominus
1982 3423 2048 3478 de

472 3479 631 3534 caelo.
665 3478 853 3549 Qualis
908 3498 1174 3560 terrenus,
1223 3497 1356 3553 tales
1409 3510 1463 3554 et
1509 3508 1733 3571 terreni,
1781 3518 1836 3562 et
1875 3512 2048 3580 (piatis

474 3569 739 3638 caelestis,
784 3576 919 3635 tales
960 3591 1014 3636 et
1056 3584 1328 3643 cmlestes.
1361 3610 1379 3642 ι
1425 3591 1662 3649 Rursum
1711 3614 1842 3654 vero
1875 3612 1927 3657 et
1969 3605 2046 3660 sic

469 3664 727 3728 quoniam
781 3666 904 3724 ﬁliis
955 3672 1231 3731 hominum
1266 3682 1578 3751 praecipitur
1619 3697 1673 3741 ut
1712 3706 2044 3759 cognoscant

473 3769 494 3801 ι
519 3754 647 3821 quia
685 3758 1270 3826 miritieavitDominus
1292 3783 1541 3829 sanctum
1576 3793 1730 3833 suum
1753 3781 1849 3847 ‘3,»
1893 3802 2040 3854 qum-

472 3853 625 3900 retur
651 3854 921 3917 quomodo
942 3857 1034 3925 qui
1063 3863 1364 3919 secundum
1403 3866 1726 3926 deteriorem
1769 3853 2044 3946 acceptio-

467 3947 592 3990 uem
643 3950 770 3996 sunt
801 3944 894 3998 ﬁlii
931 3946 1228 4021 hominum,
1254 3956 1552 4026 jubeantur
1577 3977 1712 4032 opus
1760 3944 2041 4026 sanctissi-

467 4045 681 4085 morum
739 4035 979 4092 virorum
1028 4058 1303 4114 peragere.
1348 4050 1687 4122 Cognoscere
1734 4062 1878 4117 enim
1915 4067 2038 4133 quia

465 4117 777 4177 miriﬁcavit
819 4126 1082 4186 Dominus
1125 4148 1372 4193 sanetum
1420 4159 1611 4212 suum,
1665 4154 2039 4210 sanctissimo-

465 4223 584 4263 rum
619 4213 856 4270 virorum
897 4234 1031 4288 opus
1074 4235 1176 4279 est.
1212 4227 1284 4282 At
1328 4231 1429 4288 hoc
1475 4238 1688 4295 solvere
1734 4243 1891 4299 facile
1931 4259 2035 4302 eSt.

466 4299 598 4355 Nam
631 4308 724 4375 qui
782 4309 833 4364 in
879 4311 1246 4373 deterioribus
1283 4332 1387 4390 est,
1442 4325 1583 4384 ﬁlius
1629 4332 1866 4391 hominis
1917 4352 2037 4394 esse

461 4405 646 4460 petest
704 4403 1000 4457 secundum
1064 4414 1336 4465 terrenum
1397 4415 1710 4488 hominem;
1745 4427 1792 4479 si
1853 4437 2031 4487 autem

461 4501 756 4549 conversus
779 4495 966 4564 fuerit,
991 4503 1131 4570 quod
1153 4519 1258 4559 non
1286 4519 1368 4563 est
1402 4509 1752 4587 impossibile,
1787 4521 1902 4577 ﬁeri
1933 4541 2029 4596 po-

460 4589 566 4638 test
611 4586 750 4643 ﬁlius
804 4592 1040 4650 hominis
1074 4601 1370 4655 secundum
1405 4605 1677 4664 hominem
1729 4615 2028 4677 caelestem.

460 4671 778 4744 llujusmodi
810 4683 901 4738 ﬁlii
932 4686 1211 4744 hominum
1233 4697 1532 4763 posteriore
1562 4705 1882 4772 acceptione
1905 4728 2025 4768 cum

459 4767 556 4821 lilii
587 4769 696 4824 sint
723 4772 838 4841 ejus
864 4779 953 4845 qui
983 4782 1047 4836 de
1075 4791 1218 4836 terra
1258 4794 1509 4846 terrenus
1547 4804 1649 4861 est,
1686 4798 1848 4854 etiam
1874 4807 2025 4873 gravi

458 4861 622 4916 corde
671 4878 793 4920 esse
837 4869 938 4922 dici
981 4885 1227 4940 possunt,
1275 4879 1600 4953 diligereque
1639 4861 1929 4949 vanitatem
1964 4913 2027 4955 ac

453 4965 701 5021 quaerere
730 4958 1106 5042 mendacium.
1136 4965 1445 5026 Intellectus
1474 4977 1620 5032 enim
1651 4984 1832 5037 carnis
1861 4986 1910 5040 in
1949 4989 2024 5058 ip-

454 5047 532 5101 sis
555 5056 661 5113 est,
698 5057 754 5104 et
776 5065 1070 5120 corporeus
1101 5072 1272 5124 amor,
1303 5073 1357 5116 et
1382 5069 1669 5135 mendacii,
1701 5075 1843 5142 quod
1881 5047 2024 5132 veri-

453 5141 549 5194 tati
597 5145 933 5200 contrarium
969 5161 1073 5215 est,
1097 5152 1596 5221 inquisitio.>Gravi
1630 5141 1829 5233 quippe
1860 5169 2024 5225 corde

444 5241 572 5285 sunt
621 5234 711 5301 qui
762 5238 1039 5293 sedentem
1071 5242 1121 5296 in
1158 5244 1408 5312 plumbeo
1449 5251 1651 5305 talento
1681 5253 2018 5324 iniquitatem

442 5323 496 5375 in
552 5327 717 5381 corde
770 5327 992 5397 habent,
1031 5348 1149 5401 qua:
1202 5339 1269 5392 ad
1323 5339 1507 5394 inﬁma
1562 5323 1789 5414 qumque
1838 5349 2016 5404 delata

441 5431 563 5471 cum
591 5416 862 5491 Egyptiis
914 5422 963 5477 in
1004 5427 1162 5496 aquis
1188 5430 1600 5490 vehementibus
1633 5438 1890 5495 ﬂuctuum
1922 5444 2018 5496 hu-

433 5500 522 5572 jus
555 5507 682 5564 vita:
714 5520 971 5581 tanquam
1001 5518 1277 5585 plumbum
1301 5520 1669 5594 demergetur.
1702 5530 1796 5585 llis
1832 5543 2012 5590 autem

437 5595 526 5661 qui
558 5601 712 5666 gravi
755 5606 917 5661 corde
956 5618 1103 5676 sunt,
1138 5613 1399 5667 contrarii
1439 5627 1561 5671 sunt
1614 5619 1649 5673 ii
1701 5624 1792 5696 qui
1843 5640 2011 5682 suave

512 5776 555 5812 “
587 5784 603 5836 l
636 5784 758 5844 Cor.
794 5805 875 5860 tu,
908 5792 960 5852 5.
1041 5795 1080 5828 ¹⁵
1112 5795 1252 5854 Psal.
1293 5815 1454 5870 xxxv',
1491 5799 1538 5856 7-

1619 5807 1661 5839 "
1696 5807 1838 5866 Psal.
1873 5826 2058 5885 xum,
2084 5817 2136 5874 2.

2154 3246 2421 3300 ὑπέλαϐεν
2483 3249 2510 3301 6
2577 3249 2894 3311 Ἀπόστολος
2952 3247 3157 3317 λέγων·
3223 3267 3240 3298 ι
3283 3248 3353 3300 ὐ
3406 3248 3614 3318 πρῶτος
3649 3250 3712 3299 Ξ-ε-

2153 3338 2370 3409 Ορωπος
2432 3343 2496 3393 ἐκ
2556 3341 2660 3412 γῆς
2714 3341 2939 3412 χοϊκόςο
2990 3343 3020 3394 6
3065 3340 3323 3412 δεύτερος
3387 3341 3712 3412 ἄνθρωποςὸ

2150 3431 2354 3503 Κύριος
2405 3433 2463 3500 ἐξ
2515 3433 2766 3503 οὐρανοῦ.
2835 3429 2958 3499 Οἶος
3009 3437 3038 3488 6
3092 3435 3298 3506 χοῖκὸς,
3371 3435 3600 3488 τοιοῦτοι
3645 3437 3712 3484 nl

2149 3525 2198 3577 οἰ
2240 3525 2444 3596 χοϊκοίο
2494 3527 2588 3581 καὶ
2639 3521 2751 3590 οἷος
2795 3530 2824 3580 6
2873 3527 3217 3599 ἐπουράνιος,
3261 3526 3511 3580 τοιοῦτοι
3557 3528 3638 3580 καὶ
3673 3528 3706 3575 εἰ

2147 3615 2481 3688 ἐπουράνιοι.
2532 3636 2550 3669 ι
2585 3618 2755 3672 Πάλιν
2787 3618 2844 3673 δὲ
2879 3619 2975 3674 καὶ
3001 3619 3194 3683 οὕτως,
3230 3617 3325 3672 διὰ
3359 3620 3428 3672 τὸ
3475 3621 3705 3686 προπάπ-

2150 3707 2337 3760 σεσθαι
2366 3709 2592 3776 γνῶναι,
2622 3711 2702 3762 ὅτι
2727 3709 2929 3782 Κύριος
2953 3730 2970 3762 ι
3000 3709 3410 3780 ἐθαυμάστωσε
3479 3711 3566 3763 τὸν
3595 3712 3702 3760 Em.

2147 3801 2336 3867 αὐτοῦ,
2402 3821 2421 3853 ι
2465 3803 2591 3866 τοὺς
2638 3804 2788 3866 υἱοὺς
2835 3803 2944 3856 τῶν
2990 3803 3319 3876 ἀνθρώπων,
3377 3803 3703 3874 int-561E512:

2145 3893 2262 3958 πῶς
2302 3894 2352 3946 οἰ
2382 3893 2523 3948 κατά
2548 3894 2609 3948 τὸ
2635 3898 2812 3966 χεῖρον
2842 3896 2946 3948 υἱοὶ
2974 3896 3080 3949 τῶν
3121 3896 3441 3968 ἀνθρώπιον
3468 3896 3698 3966 προπέτ-

2141 4000 2321 4037 τονται
2353 3985 2510 4056 ἔργον
2537 3985 2645 4039 τῶν
2673 3987 2989 4055 ἁγιωτάτων
3016 3988 3255 4058 ποιῆσαι.
3282 3989 3365 4041 Τὸ
3394 3989 3507 4059 γὰρ
3537 3988 3698 4056 τ·εὲιῖ

2140 4072 2220 4127 ὅτι
2253 4073 2674 4146 ἐθαυμάστωσεν
2703 4081 2731 4132 6
2769 4079 2972 4154 Κύριος
3010 4080 3102 4133 τὸν
3141 4081 3286 4134 ὅσιον
3339 4081 3534 4146 αὑτοῦ,
3567 4083 3696 4146 ἀτω-

2139 4168 2315 4223 τάτων
2363 4168 2480 4222 ἐστὶ
2533 4169 2886 4242 κατόρθωμα.
2942 4172 3179 4243 Εὐχερὲς
3229 4172 3285 4226 δὲ
3338 4173 3503 4226 λῦεειι
3549 4171 3694 4228 τοῦτο.

2138 4260 2262 4313 ἐπεὶ
2300 4261 2524 4316 δύναται
2555 4264 2584 4316 6
2613 4263 2778 4326 αὐτὸς
2824 4263 2920 4333 μὲν
2957 4265 3014 4316 ἐν
3061 4266 3302 4336 χείροσιν
3348 4266 3426 4320 ὢν
3471 4267 3591 4327 Tib»;
3627 4269 3696 4315 τ.-

2139 4351 2356 4424 Θρώπου
2393 4348 2532 4408 εἶναι
2562 4355 2701 4408 κατά
2741 4354 2831 4409 τὸν
2870 4355 3155 4427 ἄνθρωπον
3182 4358 3276 4410 τὸν
3320 4359 3528 4428 χοῖκὸν·
3564 4373 3695 4426 μετι-

2139 4441 2316 4499 6αλὼν
2355 4445 2435 4513 δέ,
2477 4446 2613 4518 ὅπερ
2657 4447 2946 4516 οὐκοέστιν
2987 4448 3269 4513 ἀδύνατον,
3302 4451 3560 4518 γενέσθαι
3592 4450 3692 4506 re;

2060 4515 2110 4575 D
2135 4535 2422 4608 ἀνθρώπου
2454 4515 2595 4592 κατά
2625 4540 2717 4594 τὸν
2748 4541 3031 4611 ἄνθρωπον
3060 4541 3150 4596 τὸν
3179 4515 3529 4612 ἐπουνρανιον.
3563 4536 3692 4595 Οἷτει

2132 4629 2189 4681 δὲ
2225 4632 2272 4682 οἰ
2307 4630 2414 4683 υἱοὶ
2454 4631 2559 4684 τῶν
2591 4632 2893 4705 ἀνθρώπων
2937 4637 2986 4688 οἱ
3027 4637 3169 4689 κατά
3202 4637 3264 4690 τὸ
3305 4637 3578 4709 δεύτερον,
3615 4637 3688 4688 it:

2132 4721 2236 4773 υίοὶ
2255 4723 2611 4792 ωχγάνοντες
2636 4727 2729 4779 τοῦ
2760 4729 2823 4780 ἐκ
2849 4727 2954 4800 γῆς
2983 4728 3189 4799 χοϊκοῦ,
3222 4731 3318 4783 καὶ
3363 4731 3686 4802 βαρυκάρθίςες

2130 4815 2366 4884 εὐλόγως
2424 4818 2683 4886 λέγοιντο,
2730 4820 2824 4874 καὶ
2867 4822 3083 4892 ἀγαπᾷν
3128 4825 3485 4893 putatam-.1,
3533 4824 3686 4892 ζητεξν

2125 4923 2185 4958 ’τε
2230 4905 2445 4976 ψεῦδος.
2494 4909 2636 4972 Νοῦς
2674 4911 2783 4980 γὰρ
2823 4912 3024 4981 σαρκὸς
3059 4913 3117 4964 ὲν
3159 4914 3342 4976 αὐτοῖς
3385 4916 3475 4966 καὶ

2130 4994 2438 5065 σωματικὴ,
2487 4997 2580 5049 καὶ
2628 4997 2855 5070 ζήτησις
2895 4999 2987 5052 τοῦ
3034 5001 3131 5070 τῆς
3172 5000 3431 5071 ἀληθείας
3485 5000 3678 5071 ἐχθῳῐ.

2124 5085 2369 5138 τουτέστι
2403 5086 2496 5140 τοῦ
2543 5087 2794 5158 ψεύδους.
2845 5091 3206 5163 Βαρυκάρδιοι
3239 5093 3345 5163 γὰρ
3385 5096 3430 5146 οἱ
3471 5094 3568 5165 τὴν
3608 5110 3681 5143 n-

2126 5173 2422 5248 θεζομένην
2475 5180 2567 5232 ἐπὶ
2611 5180 2868 5234 τάλαντον
2915 5182 3161 5252 μολίᾶίου
3212 5185 3439 5254 ἀνομίαν
3490 5187 3678 5256 ἔχοντες

2124 5266 2182 5319 ἐν
2218 5271 2282 5340 τῇ
2330 5271 2548 5345 καρδίᾳ,
2599 5275 2718 5344 ἥτις
2765 5274 2840 5338 ὡς
2877 5277 3199 5349 κατωφερὴς
3232 5278 3441 5331 δύσεται
3483 5280 3578 5329 σιν
3603 5281 3678 5328 ΔΞ·

2125 5363 2374 5428 γυπτίοις
2411 5365 2542 5418 ὡσεὶ
2577 5367 2820 5438 μόλιϐδος
2855 5370 2912 5420 ἐν
2946 5367 3093 5420 ὕδατι
3129 5371 3341 5441 σφοδρῴ
3384 5371 3486 5422 τῶν
3519 5371 3678 5439 τερ-ἑ·

2123 5467 2230 5504 των
2271 5454 2361 5508 τοῦ
2397 5456 2533 5524 βίου.
2572 5458 2830 5511 Ἐναντίοι
2859 5459 2916 5510 δὲ
2946 5463 3058 5520 τοῖς
3097 5461 3476 5532 βαρυκαρδίοις
3507 5464 3556 5515 οἰ
3587 5461 3670 5514 id

2119 5541 2210 5596 τὸν
2235 5542 2396 5614 ζυγὸν
2434 5549 2608 5620 Ἰησοῦ
2633 5550 2861 5621 ἐλαφρὸν
2889 5552 3268 5622 τυγχάνοντες.
3296 5555 3442 5624 Τάχα
3463 5555 3539 5615 δὲ,
3564 5555 3670 5606 ἐπεὶ

2121 5635 2213 5688 καὶ
2241 5639 2288 5690 οἰ
2325 5641 2794 5713 μεμαθητευμένοι
2827 5645 2931 5697 υἱοί
2969 5647 3072 5698 εἱσι
3098 5646 3191 5698 τοῦ
3229 5648 3662 5720 μαθητεύσανπς.

2233 5815 2317 5873 "l
2348 5818 2471 5877 Cor.
2502 5837 2588 5886 xv,
2617 5817 2702 5875 47.
2785 5822 2824 5854 ¹³
2855 5821 2998 5879 Psal.
3037 5841 3110 5892 ιν,
3141 5826 3196 5882 ai.
