3822 6524
150 368 277 425 HM

1135 371 1441 431 SELECTA
1478 374 1547 431 lN
1582 373 1922 450 PSALMOS.
1958 409 2028 421 -
2059 381 2253 438 PSAL.
2294 384 2365 438 1v

3241 387 3381 444 ωε

145 490 201 544 oi
223 489 280 543 δὲ
303 488 665 556 διδάσκοντες,
698 487 851 547 αὐτοὶ
874 493 993 547 κατ’
1019 493 1200 549 εἰκόνα
1223 497 1317 552 καὶ¹
1341 498 1593 570 ὁμοίωσιν
1619 499 1699 554 τοί

1821 499 2126 575 εθοιεευ
2148 504 2347 561 Christi
2368 502 2559 576 iugum
2587 504 2822 561 subiere.
2852 501 3016 560 Forte
3044 504 3374 574 etiam,quia

145 583 304 649 Θεοῦ,
339 584 386 637 oi
424 583 855 655 μαθητευθέντες
892 585 1011 656 μὲν,
1046 586 1145 641 οὐκ
1188 587 1325 653 ἄξιοι
1353 590 1409 644 δὲ
1432 591 1540 645 τῶν
1570 592 1716 647 διδα-

1816 594 2063 665 discipuli
2095 595 2189 650 ﬁlii
2219 605 2345 652 sunt
2369 598 2741 668 praeceptoris,
2770 605 2823 654 et
2847 606 3204 668 pmceptores
3240 598 3379 652 ima-

149 677 353 742 ξάντων
386 677 762 747 γεγενημένοι,
792 676 1131 742 ὀνειδίζοιντο
1157 679 1223 734 ἂν
1260 681 1337 746 ὡς
1380 684 1488 737 υἱοὶ
1514 684 1699 757 ἀνθρώ

1815 687 1995 757 ginem
2025 697 2081 742 et
2112 687 2525 744 similitudinem
2556 689 2652 745 Dei
2684 699 2896 759 gerunt,
2932 689 3133 744 idcirco
3162 687 3253 758 qui
3280 686 3379 749 do-

145 788 252 823 που
282 769 651 842 βαρυκάρδιοι,
676 771 800 834 ταῖς
826 769 1091 835 δοθείσαις
1122 772 1396 845 ἀφορμαῖς
1420 776 1500 840 είς
1530 776 1592 830 τὸ
1617 794 1708 831 κα-

140 863 316 935 θαρὰν
360 862 609 932 γενέσθαι
650 862 749 935 τὴν
784 864 1009 936 καρδίαν
1051 867 1111 918 οὐ
1162 868 1709 940 κατηκολουθηκότες.

144 956 257 1008 Καὶ
288 953 395 1026 γάρ
431 954 553 1019 ἔθος
590 954 718 1021 τοὺς
757 954 1194 1027 διδασκομένους,
1230 959 1324 1011 καὶ
1365 960 1439 1031 μὴ
1475 977 1714 1033 παρακο-

142 1044 461 1110 λουθοῦντας
486 1048 598 1110 τοῖς
622 1046 963 1117 λεγομένοις,
1008 1048 1400 1121 βαρυκαρδίους
1433 1051 1710 1106 καλεῖσθαι

143 1138 253 1191 ὑπὸ
279 1137 387 1191 τῶν
415 1138 769 1193 διδασκόντων
811 1139 897 1193 διά
942 1141 1002 1194 τὸ
1029 1143 1173 1212 παχὺ
1206 1142 1305 1214 τῆς
1336 1143 1579 1216 καρδίας.
1614 1146 1711 1198 Διά

140 1230 299 1295 τοῦτο
326 1230 382 1284 δὲ
429 1230 523 1285 καὶ
564 1229 784 1303 ζητοῦσι
817 1232 878 1285 τὸ
917 1232 1110 1303 ψεῦδος
1147 1234 1223 1298 ὡς
1265 1234 1338 1307 μὴ
1388 1236 1619 1306 ὁρῶντες
1651 1237 1711 1290 τὸ

141 1323 359 1395 ἀληθές.
380 1324 443 1376 Ei
469 1323 527 1377 δὲ
551 1324 869 1397 βαθύτερον,
895 1325 1015 1379 ἐπεὶ
1036 1324 1263 1397 ἀλήθειά
1282 1328 1428 1379 ἐστιν
1448 1329 1476 1381 ὁ
1500 1326 1707 1398 Σωτὴρ,

133 1415 320 1484 δῆλον,
343 1416 423 1469 ὅτι
452 1415 647 1486 ἐχθρὸς
673 1416 738 1471 ἂν
768 1418 854 1486 εἴη
878 1416 1052 1488 τούτῳ
1077 1418 1232 1486 λόγος
1257 1417 1456 1489 ψευδὴς
1486 1419 1549 1472 τὸ
1581 1419 1711 1491 ἀλη-

138 1508 234 1571 θὲς
267 1508 747 1580 ἐπαγγελλόμενος,
781 1509 841 1563 ὃν
870 1510 1209 1582 ἀντίχριστον
1236 1511 1265 1563 ὁ
1302 1506 1549 1582 Ἰωάννης
1582 1512 1710 1565 πολ-

132 1600 295 1664 λάκις
324 1602 505 1671 φησίν.
562 1602 687 1655 Ἐὰν
712 1602 770 1655 δὲ
801 1601 942 1656 κατὰ
975 1603 1304 1674 περίφρασιν
1340 1602 1587 1676 λαμϐάνῃ
1625 1620 1709 1666 τις

134 1695 221 1755 τὸ,
262 1713 280 1745 ι
304 1694 403 1747 υἱοὶ
431 1693 747 1765 ἀνθρώπων,
773 1712 792 1746 ι
833 1694 951 1748 ἀντὶ
974 1693 1089 1757 τοῦ,
1130 1714 1149 1745 ί
1175 1694 1469 1766 ἄνθρωποι,
1495 1714 1515 1747 ο
1544 1696 1604 1749 τὸ
1633 1695 1708 1760 ὡς

126 1784 233 1837 ἐπὶ
262 1784 320 1837 τὸ
358 1784 604 1838 πλεῖστον
629 1787 685 1839 ἐν
717 1785 1022 1857 ἀνθρώποις
1048 1784 1106 1839 ὃν
1139 1784 1199 1838 τὸ
1227 1783 1584 1856 βαρυκάρδιον
1620 1787 1705 1841 al-

1813 785 2010 832 centur
2037 778 2279 848 quidem,
2320 777 2412 833 sed
2450 780 2881 848 praeceptoribus
2922 779 3066 849 digni
3094 792 3199 833 non
3224 784 3375 843 sunt,

1815 869 1848 923 ii
1884 878 2139 939 tanquam
2178 870 2275 926 lilii
2305 870 2584 927 hominum
2616 880 2669 927 et
2700 872 2849 942 gravi
2896 874 3061 926 corde
3095 868 3374 940 objurgarl

1812 962 2208 1033 possunt,quod
2239 962 2453 1018 oblatas
2483 961 2583 1016 sibi
2615 961 2681 1015 ad
2714 976 2807 1017 cor
2843 962 3243 1018 emundandum
3285 976 3377 1017 oc-

1812 1055 2063 1110 casiones
2091 1053 2313 1109 minime
2355 1054 2522 1110 secuti
2558 1054 2685 1108 sint.
2716 1053 2828 1111 Mos
2854 1055 2998 1111 enim
3032 1054 3275 1119 inolevit,
3313 1062 3375 1108 ut

1810 1146 1902 1217 qui
1937 1146 2298 1201 instituuntur
2345 1155 2401 1200 et
2444 1152 2713 1215 praecepta
2764 1146 2865 1199 sibi
2900 1147 3092 1201 tradita
3142 1161 3249 1201 non
3283 1160 3372 1201 se-

1810 1243 2069 1304 quuntur,
2094 1236 2166 1292 ob
2196 1234 2380 1292 cordis
2404 1235 2709 1292 crassitiem
2745 1250 2775 1289 a
2810 1237 3231 1306 praeceptoribus
3252 1250 3373 1306 gra-

1810 1326 1863 1382 vi
1916 1328 2080 1383 corde
2126 1327 2375 1396 discipuli
2431 1337 2832 1394 nuncupentur.
2873 1328 3079 1383 Idcirco
3126 1333 3374 1395 quaerunt

1810 1421 1973 1475 etiam
2015 1420 2379 1485 mendacium,
2410 1423 2607 1493 quippe
2644 1423 2739 1493 qui
2783 1435 2888 1474 non
2928 1421 3145 1473 videant
3172 1419 3372 1473 verita-

1811 1521 1941 1567 tem.
1978 1510 2133 1579 Quod
2182 1512 2226 1567 si
2276 1514 2609 1569 reconditinr
2650 1528 2842 1569 sensus
2888 1510 3241 1565 adducendus
3265 1517 3370 1574 est,

1808 1605 2064 1676 quoniam
2098 1607 2302 1661 veritas
2337 1615 2422 1663 est
2466 1607 2740 1673 Salvator,
2784 1606 2953 1675 liquet
2995 1604 3042 1659 ei
3087 1602 3368 1657 inimicum

1805 1709 1929 1764 esse
1950 1710 2255 1752 sermonem
2284 1698 2598 1753 mendacem
2624 1698 2713 1768 qui
2741 1696 3025 1752 veritatem
3049 1690 3365 1761 pollicetur.

1809 1804 1968 1859 quem
2010 1802 2153 1859 saepe
2211 1788 2448 1845 Joannes
2493 1791 2736 1845 nominat
2783 1786 3163 1843 antichristum
3210 1785 3273 1837 ιν.
3310 1779 3369 1835 Si

128 1883 342 1951 τιᾶται,
367 1881 453 1934 ἴνα
479 1882 538 1934 τὸ
564 1881 734 1945 οὕτως
768 1882 905 1935 εἴπω
951 1881 1255 1953 βαρυήκοον
1292 1880 1455 1935 αὑτοῦ
1490 1881 1699 1936 ἀποδα-

1804 1894 1933 1935 vero
1971 1881 2094 1950 quis
2140 1896 2205 1936 ex
2256 1882 2558 1952 periphrasi
2596 1881 2797 1937 dictum
2836 1892 2957 1935 esse
3000 1876 3157 1941 velit,
3197 1892 3216 1925 ι
3271 1871 3370 1927 lilii

124 1970 317 2035 ὶόντες
353 1972 834 2025 κατασκευάσωσιν
879 1971 1177 2041 ἀγχίνοιαν,
1209 1971 1303 2024 καὶ
1330 1969 1697 2043 ἴνατὴν...τοῦ

1808 1972 2106 2039 hominum,
2130 1993 2147 2025 ι
2186 1988 2287 2042 pro
2320 1994 2339 2027 ι
2368 1975 2637 2038 homines,
2665 1991 2683 2024 ι
2720 1972 2772 2028 id
2804 1971 2945 2041 quod
2979 1969 3295 2040 plerumque
3315 1966 3368 2020 in

129 2062 318 2134 ζητεῖν
344 2062 442 2134 τὴν
478 2063 705 2135 δῦναμιν
738 2065 795 2116 ὲν
816 2066 884 2134 τῇ
914 2063 1059 2134 ψυχῇ
1095 2063 1497 2134 ἀποστήσαντες
1535 2053 1611 2114 ὧν
1637 2061 1695 2114 οὐ

1804 2064 2117 2121 hominibus
2146 2073 2229 2121 est
2257 2080 2356 2121 cor
2379 2080 2544 2136 grave
2574 2064 3017 2135 reprehenditur,
3044 2071 3105 2116 ut
3134 2060 3366 2129 abiecta.

126 2159 262 2229 χρὴ,
283 2157 438 2210 ἅτινα
465 2157 630 2228 ψευδῆ
666 2158 842 2211 πάντα
868 2158 1044 2221 ἐστὶν,
1072 2158 1154 2227 ἐφ’
1188 2157 1224 2210 ἃ
1266 2157 1347 2210 δεῖ
1377 2155 1697 2229 μεταγάγωσ

1802 2156 1885 2211 sic
1909 2156 2108 2222 dicam,
2144 2157 2260 2225 ejus
2300 2157 2565 2213 surditate
2601 2154 3020 2225 intelligentiam
3071 2165 3365 2219 assequan-

126 2271 185 2307 οι
209 2293 226 2317 ,
268 2251 358 2304 καὶ
389 2250 661 2321 ζητήσωσι
686 2251 783 2321 τὴν
816 2250 1090 2321 ἀλήθειαν.

1806 2258 1919 2316 tur,
1947 2259 2018 2306 et.
2055 2266 2207 2307 suam
2254 2250 2530 2308 solertiam
2568 2264 2664 2305 seu
2695 2247 2971 2318 quaerendi
3004 2247 3112 2300 vim
3145 2260 3176 2298 a
3206 2245 3371 2298 rebus

122 2343 355 2397 minime
403 2344 728 2399 necessariis
767 2357 994 2413 quaeque
1043 2357 1232 2399 omnes
1284 2340 1507 2399 fallaces
1538 2348 1688 2405 sunt,
1726 2350 2079 2411 avertentes,
2106 2343 2172 2397 ad
2206 2357 2271 2399 ea
2305 2357 2425 2413 qure
2459 2341 2769 2398 necessaria
2811 2349 2938 2396 sunt
2988 2338 3281 2394 adhibeant
3314 2346 3370 2393 et

119 2437 411 2491 veritatem
453 2437 744 2505 inquirant.

198 2531 411 2598 Κύριος
435 2532 857 2584 εἰσακούσεταὶ
890 2548 1007 2601 μου
1038 2531 1108 2585 ἐν
1136 2530 1220 2598 ’τῷ
1250 2532 1597 2603 κεκραγέναι
1616 2550 1691 2603 με

122 2621 280 2690 πρὸς
307 2621 509 2686 αὑτὸν,
540 2640 592 2675 κ.
624 2640 673 2675 τ.
710 2623 756 2677 ὲ.
785 2622 1009 2693 Μεγάλη
1040 2622 1189 2692 φωνὴ
1214 2623 1322 2695 (96)
1352 2626 1384 2694 ἡ
1418 2622 1693 2692 φθάνουσα

120 2712 265 2783 πρὸς
290 2713 440 2777 Θεὸν,
466 2714 564 2784 οὐχ
588 2713 621 2783 ἦ
649 2713 795 2783 παρά
821 2716 931 2777 τοῖς
955 2712 1262 2785 ἀνθρώποις
1288 2713 1404 2766 ἐστὶ
1426 2716 1695 2781 γεγωνυῖα

120 2807 224 2858 καὶ
280 2806 642 2877 ὲπιτεταμένη
702 2807 842 2860 κατά
891 2804 988 2875 τὴν
1058 2804 1279 2875 μείζονα
1338 2805 1549 2875 πληγὴν
1598 2804 1693 2857 τοῦ

118 2897 307 2967 ἀέρος,
352 2897 464 2950 ἀλλ’
502 2897 649 2969 ἢτοῦ
682 2896 1007 2967 ἡγεμονικοῦ
1041 2896 1255 2966 καθαρά
1292 2896 1386 2949 καὶ
1430 2895 1695 2960 ἀθόλωτος

115 2986 352 3052 διέξοδος
373 2988 479 3041 τῶν
500 2990 635 3060 πρὸς
660 2989 789 3043 Θεὸν
808 2988 1275 3057 ἁναπεμπομὲνων
1292 2987 1481 3054 λόγων.
1500 2987 1692 3042 ’ἰστέον

1876 2525 2041 2581 Vsus.
2072 2524 2126 2577 4.
2161 2522 2417 2577 Dominus
2451 2521 2696 2576 exaudiet
2730 2536 2809 2574 me
2838 2536 2955 2574 cum
2980 2521 3269 2572 clamavero
3298 2516 3365 2569 ad

1798 2636 1939 2683 eum,
1964 2628 2070 2673 etc.
2110 2616 2299 2686 Magna
2331 2629 2432 2669 vox
2461 2629 2582 2683 quae
2628 2612 2879 2684 pervenit
2927 2612 2995 2667 ad
3027 2611 3227 2675 Deum;
3256 2622 3362 2662 non

1799 2725 1880 2769 est
1912 2714 2001 2768 illa
2040 2727 2158 2782 quae
2192 2711 2332 2765 inter
2370 2707 2892 2776 homines,multum
2930 2712 3108 2769 sonat,
3149 2712 3204 2759 et
3248 2716 3363 2756 ma-

1789 2806 1894 2875 jori
1941 2804 2081 2859 aeris
2122 2802 2276 2871 pulsu
2325 2800 2651 2865 intenditur,
2679 2800 2777 2855 sed
2808 2807 2890 2853 est
2932 2811 3098 2867 purus
3120 2804 3175 2850 et
3204 2809 3362 2850 mun-

1797 2899 1896 2951 dus
1925 2899 2259 2951 internorum
2292 2894 2493 2949 mentis
2520 2893 2808 2947 verborum
2840 2902 3130 2951 excursus,
3152 2900 3271 2955 qua:
3294 2885 3363 2939 ad

1800 2992 1963 3045 Deum
2018 3003 2186 3057 usque
2225 2987 2557 3057 pertingunt.
2605 2982 2896 3038 Sciendum
2944 2982 3085 3035 enim
3130 2986 3364 3034 estesse

116 3078 194 3144 γὲ
208 3095 259 3148 ρ,
298 3080 378 3132 ὅτι
421 3079 534 3133 ἐστι
565 3098 649 3146 τις
680 3082 771 3136 καὶ
800 3080 892 3134 τοῦ
931 3077 1172 3151 κρυπτοῦ
1202 3079 1299 3149 τῆς
1339 3078 1566 3149 καρδίας
1598 3079 1691 3131 ἀν-

1800 3080 2079 3149 quamdam
2108 3081 2162 3133 ln
2188 3077 2391 3132 intimis
2413 3074 2729 3146 prmcordiis
2748 3072 2978 3127 hominis
3007 3083 3214 3135 vocem,
3244 3081 3364 3136 quae

116 3171 346 3243 θρώπου
390 3173 539 3245 φωνὴ
587 3173 661 3245 μὴ
706 3173 1064 3244 συγχρωμένη
1098 3170 1174 3242 τῷ
1205 3170 1436 3241 σώματι,
1471 3172 1537 3242 ἢν
1579 3170 1688 3224 ἐσθ’

1798 3170 2044 3239 corporis
2080 3184 2282 3239 organo
2322 3183 2429 3223 non
2475 3165 2767 3235 profertur,
2799 3163 2891 3220 sed
2925 3176 3085 3231 quam
3112 3160 3275 3215 homo
3304 3158 3360 3212 in

114 3264 213 3316 ὅτε
244 3267 318 3329 είς
342 3265 500 3318 αὐτὸν
524 3264 823 3335 συναχθεὶς,
851 3266 943 3320 καὶ
977 3263 1227 3318 εἰσελθὼν
1254 3266 1333 3328 είς
1355 3264 1417 3327 τὸ
1447 3262 1690 3333 ταμιεῖόν

1801 3276 1859 3318 se
1880 3262 2142 3318 collectus
2168 3269 2223 3316 et
2254 3261 2305 3315 in
2336 3259 2646 3315 cubiculum
2696 3258 2996 3327 ingressus,
3024 3251 3357 3320 occlusaque

119 3372 243 3419 σου,
292 3356 383 3408 καὶ
424 3356 523 3427 τὴν
565 3356 734 3429 θύραν
776 3358 881 3410 τῶν
926 3357 1292 3428 αἰσθητηρίων
1337 3354 1687 3418 ἀποκλείσας,

1800 3370 2050 3410 sensuum
2082 3363 2261 3423 porta,
2291 3361 2543 3420 totusque
2573 3360 2726 3405 extra
2752 3364 2950 3418 corpus
2975 3346 3183 3417 positus
3198 3341 3353 3398 emit-

114 3448 216 3499 καὶ
245 3450 351 3512 πᾶς
383 3450 666 3521 γενόμενος
699 3452 801 3515 ἔξω
832 3452 1079 3523 σώματος
1109 3450 1421 3521 ἀναπέμπει
1441 3448 1576 3520 πρὸς
1600 3446 1689 3501 τὸν

1800 3448 1862 3503 tit
1896 3449 1962 3503 ad
1986 3462 2108 3503 eum
2140 3447 2229 3515 qui
2262 3444 2407 3499 solus
2432 3442 2691 3511 ejusmodi
2722 3457 2907 3496 vocem
2937 3439 3125 3492 audire
3159 3441 3357 3505 potest.

115 3540 285 3609 μόνον
318 3541 578 3596 ἀκούοντα
625 3545 879 3615 τοιαύτης
914 3545 1114 3615 φωνῆς.
1148 3543 1248 3596 Διά
1280 3542 1437 3596 τοῦτό
1476 3558 1557 3594 τοι
1587 3557 1689 3611 μη·-

1800 3540 2159 3607 Quatnobrcm
2212 3537 2312 3593 etsi
2357 3552 2464 3591 non
2498 3536 2739 3604 legamus
2770 3531 2934 3586 ullam
2969 3529 3190 3599 Moysen
3237 3538 3361 3580 sen—

106 3630 313 3700 δεμιᾶς
356 3634 617 3705 αἰσθητῆς
660 3636 844 3706 φωνῆς
890 3637 995 3689 ὑπὸ
1041 3634 1132 3688 τοῦ
1181 3633 1459 3697 Μωῦσέως
1494 3632 1689 3699 ἀναγε-

1800 3634 1947 3688 silem
2000 3646 2182 3686 vocem
2230 3630 2497 3693 emisisse,
2528 3628 2576 3682 ei
2623 3636 2796 3679 tamen
2851 3622 3049 3677 dicitur
3078 3635 3106 3673 a
3153 3619 3260 3671 Deo
3304 3616 3357 3669 in

101 3724 440 3797 γραμμένης
478 3727 758 3795 γεγονέναι
797 3728 929 3798 φησὶ
964 3728 1098 3800 πρὸς
1140 3727 1322 3791 αὑτὸν,
1350 3725 1426 3787 ὼς
1449 3724 1556 3777 ἀπὸ
1590 3723 1687 3793 τῆς

1800 3725 2052 3779 Exodo“
2078 3743 2090 3777 :
2114 3742 2131 3775 ι
2159 3722 2296 3789 Quid
2329 3721 2531 3775 clamas
2559 3718 2625 3772 ad
2661 3716 2780 3770 me?
2804 3735 2822 3767 ι
2858 3712 3032 3768 Exilis
3054 3708 3229 3766 omnis
3251 3722 3358 3800 vos

116 3813 369 3877 Ἐξάδου
405 3816 832 3890 μεμαθήκαμενξ·
864 3838 881 3871 ι
914 3819 979 3872 Τί
1011 3798 1149 3891 Ῠβοᾷς
1189 3818 1325 3890 πρός
1358 3834 1460 3889 με;
1500 3834 1518 3867 ι
1546 3816 1687 3888 Βρα-

1800 3827 1876 3873 est
1922 3832 2041 3887 quae
2087 3815 2151 3870 de
2192 3812 2424 3869 terrenis
2469 3820 2526 3867 et
2577 3809 2736 3863 ﬂuxis
2761 3807 2925 3862 rebus
2955 3801 3266 3859 obtinendis
3291 3798 3357 3853 ad

112 3912 248 3978 χεῖα
274 3910 331 3962 δὲ
359 3914 504 3964 πᾶσα
530 3912 679 3984 φωνὴ
703 3915 735 3983 ἡ
764 3912 1019 3984 περὶτῶν
1042 3890 1299 3982 ἐπιγείων
1325 3911 1418 3964 καὶ
1451 3907 1682 3980 μικρῶν,

1800 3907 1960 3961 Deum
1998 3905 2284 3961 emittitur.
2320 3904 2471 3959 Hanc
2510 3901 2757 3956 Salvator
2802 3900 2867 3953 ad
2922 3897 3136 3951 Patrem
3172 3890 3354 3962 profe-

98 4002 209 4053 καί
249 4003 515 4055 ταπεινῶν
563 4003 810 4071 διέξοδος,
863 4006 956 4058 καὶ
1003 4004 1217 4074 αἴτησις
1262 4002 1369 4057 ἀπὸ
1410 4000 1573 4054 Θεοῦ·
1615 4000 1684 4071 ἥν

1800 3999 2013 4053 rendam
2046 4004 2229 4067 negat,
2260 4011 2379 4051 cum
2406 3995 2482 4049 ait
2514 3992 2648 4065 (94‘)
2676 4008 2689 4046 :
2727 4008 2746 4043 ι
2774 3989 3011 4058 Quaerite
3042 3998 3259 4053 magna.
3298 3991 3354 4035 et

99 4093 473 4163 ἀπαγορεύων
506 4097 533 4147 ὁ
572 4094 760 4167 Σωτὴρ
792 4095 1119 4167 προσφέρειν
1165 4093 1242 4165 τῷ
1280 4094 1451 4164 Πατρί
1498 4108 1681 4162 φησιν’

104 4202 127 4235 ι
174 4185 391 4238 Αἰτεῖτε
419 4185 485 4238 τά
522 4188 747 4257 μεγάλα,
789 4190 881 4241 καὶ
910 4188 977 4241 τά
1014 4186 1185 4258 μικρά
1219 4188 1345 4256 ὑμῖν
1383 4183 1683 4256 προστεθή-

1789 4104 1955 4159 parva
1988 4088 2141 4141 vobis
2176 4085 2498 4154 adjicientur
2526 4097 2541 4134 :
2565 4084 2792 4154 quaerite
2846 4078 3106 4141 caelestia,
3145 4085 3198 4131 et
3240 4085 3353 4128 ter-

1793 4197 1918 4236 rena
1955 4180 2276 4247 adjicientur
2309 4178 2479 4232 vobis.
2528 4196 2546 4229 ι

100 4288 297 4329 σεταιο
323 4278 521 4330 αἰτεῖτε
546 4277 613 4330 τά
648 4279 964 4349 ἐπουράνια,
996 4278 1090 4333 καὶ
1121 4277 1191 4333 τὰ
1219 4277 1433 4346 ἐπίγεια
1455 4291 1684 4346 προστει-

98 4369 338 4439 θήσεται
363 4369 510 4438 ὑμῖν.
556 4388 575 4421 ι

195 4448 545 4525 ⁹θ.ρ’ὶ⁹ίζέσ()ε,
571 4461 667 4514 καὶ
685 4460 770 4531 μὴ
794 4461 1176 4531 ἁμαρτάνετε,
1204 4480 1259 4515 κ.
1287 4480 1337 4516 τ.
1367 4462 1413 4514 ὲ.
1449 4460 1563 4527 Ἧ,ι
1593 4460 1683 4531 ὀρ-

1861 4477 2024 4530 VERS.
2043 4476 2092 4529 5.
2115 4475 2436 4537 Irascimini,
2464 4485 2508 4528 et
2535 4474 2693 4527 nolite
2709 4487 2941 4535 peccare,
2962 4458 3190 4523 ctc.Vox
3212 4468 3348 4533 lucc,

93 4549 351 4618 Υίξεσθε,
392 4570 409 4602 ι
443 4553 592 4623 φωνὴ
628 4551 739 4623 (95)
772 4555 1023 4624 σημαίνει
1066 4555 1126 4607 τὸ
1156 4552 1546 4626 προστακτικὸν
1579 4569 1680 4604 κα-

89 4644 402 4716 τηγόρημα
422 4663 434 4675 ·
486 4647 738 4717 σημαίνει
764 4645 820 4699 δὲ
849 4647 943 4700 καὶ
970 4647 1029 4700 τὸ
1066 4647 1338 4717 όριστικὸν
1372 4645 1476 4697 ὑπό
1520 4660 1680 4697 τινων

89 4736 445 4809 καλούμενον
476 4738 939 4802 διαϐεϐαιωτικὸν,
981 4733 1089 4792 οἷον
1107 4756 1119 4767 ·
1148 4736 1497 4809 ὀργιζόμεθα,
1524 4734 1678 4806 ὀργί-

88 4830 294 4895 ζεσθε,
330 4832 656 4903 ὀργίζονται.
697 4833 863 4888 Πάλιν
894 4832 1035 4885 κατὰ
1064 4830 1220 4886 ἄλλον
1251 4830 1448 4900 τρόπον
1474 4831 1506 4899 ὴ
1542 4828 1677 4899 ὀργὴ

86 4924 469 4996 προσηγορία,
509 4926 600 4994 ἀφ’
632 4920 701 4999 ἦς
729 4926 1121 4998 ἐσχημάτισται
1147 4924 1228 4987 τὸ,
1264 4941 1283 4974 t
1317 4920 1619 4994 ὀργίζεσθε,
1651 4939 1669 4972 ι

87 5015 367 5086 σημαίνει
402 5033 453 5068 τι
486 5018 886 5088 προαιρετικὸν,
932 5016 997 5086 ἢν
1024 5013 1291 5086 ὡρίσαντο
1329 5029 1471 5074 τινες
1501 5010 1677 5082 ὄρεξιν

80 5107 643 5177 ἀντιτιμωρήσασθαι
690 5108 814 5170 τοὺς
837 5104 1151 5176 ἠδικηκέναι
1183 5104 1489 5166 δοκοῦντας.
1520 5098 1697 5173 Δηλοτ

81 5197 150 5249 δὲ
192 5198 290 5249 καὶ
331 5198 705 5269 ἀπροαίρετον,
740 5199 768 5252 δ
797 5197 1017 5252 καλοῦσί
1053 5213 1195 5259 τινες
1222 5195 1560 5267 προπάθειαν
1591 5212 1675 5262 γι-

87 5288 359 5361 νομένην,
416 5290 506 5342 ὲπί
554 5308 661 5344 τισι
710 5290 764 5343 δὲ
814 5290 1119 5361 ἐρεθισμοῖς
1169 5274 1428 5343 ἕλκουσαν
1481 5291 1564 5357 ἐφ’
1611 5290 1675 5358 ἣν

78 5381 531 5452 προωρισάμεθα
560 5382 748 5453 ὀργήν.
780 5383 852 5434 Τὸ
882 5382 1067 5452 ἕτερον
1109 5380 1287 5433 τοίνυν
1329 5384 1415 5443 τὸ,
1463 5397 1483 5431 ι
1529 5380 1677 5449 όργ-ί-

80 5468 289 5533 ζεσθε,
324 5488 341 5520 ι
373 5456 467 5522 ὲάν
487 5470 868 5542 λαμϐάνωμεν,
900 5470 1044 5538 λέγω
1066 5470 1123 5523 δὲ
1150 5470 1211 5523 τὸ
1235 5469 1593 5541 ἀπροαίρετον
1616 5470 1675 5524 τὸ

166 5579 216 5610 ¹⁹
252 5579 272 5633 Ι
306 5580 459 5638 Joan.
486 5598 545 5638 It.
619 5583 856 5640 “Exod.
880 5603 990 5651 xw,
1028 5587 1113 5641 l5.

1790 4569 2169 4634 «irascimini,»
2192 4569 2433 4636 designat
2451 4567 2826 4636 imperativum
2849 4562 3088 4623 modum,
3109 4560 3353 4629 designat

1784 4664 1945 4716 etiam
1972 4660 2335 4723 deﬁnitivum,
2364 4659 2452 4727 qui
2484 4672 2511 4709 a
2538 4655 2855 4726 quibusdam
2886 4666 3095 4721 quoque
3130 4659 3352 4705 vocatur

1785 4747 2153 4807 aliirmativus.
2186 4755 2243 4801 ut
2282 4760 2404 4800 cum
2438 4746 2666 4799 dicimus
2694 4763 2707 4796 ι
2743 4742 3050 4806 irascimur,
3081 4740 3348 4795 irascimi-

1782 4840 1860 4902 ni,
1887 4839 2213 4894 irascuntur.
2237 4837 2445 4892 Rursus
2465 4836 2571 4891 alio
2591 4838 2748 4891 modo
2770 4834 2865 4889 ira:
2887 4834 3177 4903 appellatio
3195 4847 3222 4884 a
3245 4846 3349 4900 qua

1783 4932 2071 4987 deductum
2106 4940 2192 4986 est
2236 4931 2386 4997 illud,
2420 4929 2772 4993 «irascimini,
2805 4947 2822 4980 ι
2856 4928 3128 4996 signillcat
3159 4926 3350 4980 vehun-

1784 5023 1976 5076 tarium
2002 5022 2302 5092 quidpiam,
2326 5023 2469 5090 quod
2494 5014 2737 5075 nonnulli
2768 5020 3116 5083 definierunt,
3134 5033 3225 5072 eos
3255 5016 3344 5084 qui

1784 5112 1938 5183 561
1978 5113 2181 5168 laesisse
2210 5114 2481 5177 videntur,
2512 5112 2802 5167 ulciscendi
2836 5110 3220 5180 appetentiam.
3259 5106 3335 5161 Si-

1784 5203 2004 5271 gniﬁcat
2030 5204 2195 5258 etiam
2226 5202 2671 5268 involuntarium,
2706 5204 2848 5273 quod
2879 5218 2907 5255 a
2939 5199 3211 5256 nonnullis
3243 5214 3341 5252 vo-

1784 5303 1939 5347 catur
1963 5296 2133 5364 prima
2164 5296 2453 5350 commotio
2475 5336 2488 5357 ,
2523 5311 2640 5365 quae
2668 5295 2834 5350 certis
2865 5292 3182 5363 quibusdam
3218 5291 3342 5343 irri-

1786 5384 2080 5438 tationibus
2114 5385 2282 5440 trahit
2332 5386 2397 5439 ad
2444 5400 2561 5440 eam
2598 5400 2759 5454 quam
2806 5383 2957 5453 prius
3006 5380 3345 5436 deﬁniv’unus

1783 5472 1939 5528 iram.
1973 5473 2125 5541 Quod
2156 5478 2201 5531 si
2234 5476 2284 5531 in
2316 5476 2462 5532 hunc
2495 5476 2851 5547 posteriorem
2884 5488 3101 5528 sensum
3135 5470 3342 5539 accipi-

829 5691 931 5763 etc.
973 5684 1199 5763 Schedae
1243 5683 1552 5763 Qombclisii
1575 5724 1590 5749 ,
1626 5695 1678 5739 et
1716 5684 1928 5755 Grabii,
1962 5682 2132 5741 codex
2161 5680 2550 5745 Coislinianus,
2584 5678 2772 5734 Daniel
2801 5680 3096 5763 Barbarus.

160 5747 315 5818 (94f)
354 5747 481 5803 Vide
510 5747 655 5803 Millii
692 5751 824 5805 Nov.
862 5751 1102 5807 Testam.
1140 5755 1328 5808 Matth.
1366 5771 1441 5818 vi,
1474 5755 1565 5810 25.

163 5817 296 5890 (95)
338 5818 413 5885 Ἡ,
455 5838 470 5870 ι
518 5820 837 5890 ὀργίζέσθε,
882 5842 898 5873 ι
932 5822 1123 5893 φωνή,
1166 5834 1272 5881 etc.
1317 5817 1491 5883 Codd.
1516 5826 1699 5883 Βία-θοι

1800 5832 1923 5896 Rue,
1958 5827 2171 5885 scheda:
2199 5820 2536 5899 Combelisii,
2564 5828 2617 5874 et
2641 5818 2830 5875 Daniel
2857 5818 3149 5874 Barbarus.
