3822 6524
496 353 637 408 1143

1869 345 1962 400 Ex
1997 341 2294 418 onmem:

3625 347 3720 402 ilil

498 491 620 528 mus
651 470 780 527 illud
819 468 1176 532 «irascimini,
1210 485 1228 520 ι
1265 483 1368 522 non
1401 477 1484 524 est
1517 477 1799 538 peccatum
1835 483 1998 539 posse
2032 484 2059 522 a

2172 464 2307 518 κατὰ
2333 464 2428 536 τὴν
2454 464 2790 538 προπάθειαν
2813 463 3115 536 γινόμενον,
3143 464 3245 518 οὐκ
3263 462 3432 517 ἐστιν
3464 461 3720 535 ἁμάρτῃς

502 568 703 621 virtute
733 563 1003 628 deridere,
1031 578 1096 617 ac
1120 561 1272 630 juxta
1311 561 1454 616 hunc
1488 576 1707 616 sensum
1740 562 1792 615 in
1829 562 2061 632 impera-

507 659 618 712 tivo
658 657 820 711 modo
871 669 975 708 non
1023 655 1132 710 erit
1181 654 1587 724 intelligendum
1634 654 1762 707 illud
1815 671 1835 706 ι
1870 654 2057 709 irasci-

497 746 657 809 mini,
686 758 708 797 ι
739 747 868 814 (quo
892 752 1049 812 pacto
1077 745 1222 798 enim
1260 745 1512 812 imperari
1543 753 1718 812 potest
1765 745 1907 814 quod
1953 759 2058 797 non

492 847 580 892 ρει
619 837 846 890 liberum
866 837 911 905 ?)
956 837 1049 889 sed
1102 837 1153 890 in
1195 837 1489 891 indicativo
1524 837 1684 890 modo
1709 875 1726 900 ,
1775 849 1831 890 ut
1869 851 2061 892 sensus

494 929 602 982 sit:
632 928 766 982 Cum
815 927 1115 982 irascimini
1159 937 1215 981 et
1243 928 1295 982 id
1326 927 1477 983 vobis
1518 927 1937 996 incogitantibns
1970 943 2062 983 ac-

495 1018 646 1080 cidit,
677 1001 814 1074 nihil
841 1033 871 1072 a
907 1019 1062 1074 vobis
1107 1018 1319 1073 addatis
1344 1060 1359 1086 ,
1407 1018 1647 1088 nihilque
1686 1019 1953 1088 vituperio
1983 1018 2063 1073 di-

497 1124 660 1176 gnum
691 1121 953 1179 sequatur
984 1111 1039 1166 id
1082 1110 1224 1180 quod
1263 1110 1534 1179 vituperio
1565 1111 1782 1180 dignum
1808 1125 1915 1165 non
1955 1118 2056 1165 est.

496 1199 648 1266 Quod
677 1197 853 1253 innuit
883 1199 969 1254 his
997 1199 1180 1254 verbis
1204 1217 1216 1252 ι
1247 1197 1348 1252 «Et
1375 1199 1540 1254 nolite
1568 1213 1816 1268 peccare.
1843 1218 1862 1251 ι
1896 1198 2060 1254 Docet

498 1290 664 1358 igitur
685 1289 787 1344 hoc
812 1289 927 1344 loco
951 1287 1230 1359 Scriptura
1254 1303 1376 1345 esse
1399 1289 1534 1344 iram
1560 1289 1791 1358 aliquam
1815 1303 1931 1357 qua
1954 1304 2059 1344 non

497 1381 567 1434 sit
609 1390 894 1450 peccatum
924 1421 938 1447 ,
973 1395 1200 1450 qumque
1244 1380 1482 1435 nondum
1518 1397 1546 1434 a
1585 1380 1754 1435 libera
1786 1379 2062 1435 voluntate

497 1482 615 1526 orta
650 1486 752 1526 nos
791 1481 1000 1542 urgeat,
1030 1481 1084 1527 et
1122 1471 1246 1527 aliis
1279 1483 1488 1527 noceat.
1526 1473 1662 1528 Huic
1694 1472 2061 1542 explanationi

497 1562 646 1617 vocis
671 1579 690 1613 ι
715 1563 1037 1626 irascimini,
1062 1582 1081 1615 ι
1110 1561 1438 1634 suffragatur
1466 1563 1681 1633 Aquila,
1709 1565 1799 1634 qui
1832 1564 2061 1620 Hebrai-

498 1669 623 1708 cum
683 1655 902 1726 pr0prie
959 1655 1308 1725 interpretari
1380 1655 1569 1710 voluit.
1637 1656 2060 1712 lnvoluntarium

497 1747 640 1801 enim
676 1750 820 1816 quod
866 1756 1029 1803 antea
1071 1748 1307 1804 diximus
1337 1763 1368 1802 a
1416 1748 1692 1806 nonnullis
1724 1748 1905 1805 vocari
1949 1749 2063 1818 pri-

2167 557 2545 610 ἁποπτωτικὺν
2575 554 2714 612 εἶναι
2749 557 2840 611 τοῦ
2875 555 3062 609 καλοῦο
3103 557 3197 610 καὶ
3228 555 3384 609 κατὰ
3419 554 3585 606 τοῦτό
3613 573 3664 621 τε
3683 578 3721 608 ς.

2166 649 2228 702 τὸ
2251 649 2643 721 προστακτικὸν
2670 651 2948 719 νοήσωμεν
2974 647 3226 719 εἰρῆσθαι
3245 649 3308 701 τὸ
3349 665 3370 697 ι
3395 646 3720 717 ὀργίζεσθε..

2168 739 2316 808 (πῶς
2339 738 2445 812 γὰρ
2477 739 2541 792 ἂν
2568 739 2866 809 δυναίμεθα
2889 738 3328 808 προστάττεσθαι
3364 737 3436 789 τὸ
3473 739 3724 806 ἀπροαίρε-

2167 847 2256 883 τον
2279 831 2332 898 ;)
2373 829 2510 884 άλλὰ
2549 830 2608 883 τὸ
2641 828 2938 901 ὁριστικδν,
2981 829 3049 881 ἵν’
3174 830 3301 882 ὅλον
3353 829 3426 880 τὸ
3477 827 3722 897 λεγὸξὲῖκ.

2166 919 2428 973 τοιοῦτοψ
2466 921 2626 974 Ὅσον
2657 917 2936 992 ὀργίζεσθε
2968 921 3062 974 καὶ
3106 921 3414 991 συμϐαίνει
3451 919 3610 971 τοῦτο
3637 925 3724 984 ὑρ.
3792 917 3793 982 1

2166 1012 2266 1065 οὐκ
2300 1011 2481 1082 ἔχουσι
2509 1011 2646 1082 πρὸς
2672 1011 2830 1064 τοῦτο
2859 1010 3170 1081 λογισμοὺς,
3207 1010 3357 1064 ἀλλὰ
3399 1010 3470 1062 τὸ
3506 1011 3630 1080 παρ’
3661 1016 3704 1063 1L
3792 999 3793 1068 ἐ

2166 1104 2274 1157 τῶν
2310 1104 2384 1176 μὴ
2421 1103 2722 1177 προσθῆτε·
2770 1103 2904 1158 ἀλλὰ
2936 1104 3012 1175 τῷ
3062 1120 3125 1156 συ
3136 1103 3444 1174 μϐαίνοντι
3485 1105 3550 1155 οὐ

2165 1194 2362 1264 ψεκτόν
2409 1213 2460 1249 τι
2519 1195 2592 1267 μὴ
2636 1194 3081 1267 ἁκολουθησάτω·
3135 1196 3273 1268 ὅπερ
3335 1195 3508 1265 δηλοῖ
3557 1197 3611 1246 ἐν
3651 1200 3704 1266 tu;

2173 1305 2192 1337 ι
2219 1288 2327 1341 Καὶ
2358 1286 2432 1359 μὴ
2461 1286 2820 1358 ἁμαρτάνετε.
2855 1306 2874 1337 ι
2899 1284 3051 1341 Οἶδεν
3079 1284 3172 1342 οὖν
3197 1288 3291 1342 καὶ
3326 1288 3536 1340 ἐνθάδε
3557 1291 3586 1341 ὁ
3615 1289 3725 1355 λόει-ες

2168 1377 2288 1431 τινά
2328 1379 2496 1449 ὀργὴν
2538 1378 2638 1431 οὐκ
2683 1375 2847 1433 οὖσαν
2883 1379 3178 1450 ἁμαρτίαν,
3223 1379 3325 1433 καὶ
3379 1380 3617 1432 οὐδέποθ.»

2168 1468 2260 1522 τοῦ
2309 1471 2393 1539 ἐφ’
2429 1472 2558 1540 ἡμῖν
2586 1471 2887 1541 ἐρχομένην
2928 1471 3236 1544 παθητικὴν
3267 1472 3378 1524 καί
3411 1489 3724 1542 aurem:-

2169 1560 2289 1630 κήν.
2324 1561 2608 1632 Μαρτυρεῖ
2645 1560 2704 1613 δὲ
2740 1562 2804 1630 τῇ
2837 1559 3029 1630 ἐκδοχῇ
3061 1561 3127 1630 τῇ
3160 1558 3456 1630 εἰρημένῃ
3493 1561 3616 1628 περὶ
3647 1561 3724 1610 :s-Z.

2174 1669 2193 1702 ι
2231 1650 2535 1722 ὀργίζεσθε,
2571 1670 2587 1702 ι
2634 1653 2662 1704 ὁ
2701 1651 2927 1714 Ἀκύλας
2947 1651 3009 1704 τὸ
3031 1650 3218 1722 κύριον
3255 1649 3614 1722 ἑρμηνεῦσαι
3641 1652 3724 1719 ξπ.-

2168 1743 2352 1814 ληθεὶς
2381 1742 2474 1796 τοῦ
2518 1741 2826 1813 Ἐϐραῖκοῦ’
2861 1742 2923 1795 τὸ
2956 1743 3066 1813 γάρ
3095 1743 3510 1814 ἀπροαίρετον,
3541 1743 3568 1793 ὃ
3594 1761 3727 1811 προε-

501 1851 641 1890 mam
675 1838 1115 1903 commotionem,
1144 1839 1508 1895 turbationem
1545 1849 1602 1895 et
1643 1839 2060 1896 commotionem

2172 1836 2414 1907 ρήκαμεν
2454 1835 2812 1905 ὀνομάζεσθαι
2856 1835 3195 1909 προπάθειαν
3239 1836 3414 1906 παρά
3460 1851 3618 1896 τισιν,
3645 1837 3722 1886 xb-

501 1927 670 1982 animi
711 1943 836 1984 esse
868 1929 1197 1995 arbitratus,
1244 1931 1357 1985 ait:
1413 1949 1432 1982 ι
1463 1931 1780 1986 Turbamini
1813 1941 1868 1986 et
1901 1931 2068 1986 nolite

500 2033 752 2087 peccare.
788 2038 808 2073 ι
846 2019 1243 2090 Quodquidem,
1291 2041 1310 2073 ι
1343 2023 1661 2088 turbamini,
1693 2043 1712 2076 ι
1750 2039 1854 2078 non
1890 2030 1972 2078 est
2014 2025 2066 2077 in

501 2109 822 2181 imperativo
865 2114 1026 2169 modo
1073 2113 1392 2186 (absurdum
1437 2119 1582 2172 enim
1626 2127 1710 2172 est
1747 2117 2066 2186 prophetam

498 2204 794 2273 praecipere
828 2205 1232 2278 turbationem),
1262 2211 1354 2265 sed
1385 2211 1438 2264 in
1484 2211 1772 2265 indicativo
1811 2211 1990 2277 modo,
2011 2223 2070 2265 ut

498 2297 736 2353 diximus
753 2297 819 2352 de
833 2313 966 2354 voce
994 2319 1013 2352 ι
1045 2300 1372 2366 irascimini;
1398 2321 1414 2352 ι
1441 2303 1663 2371 perinde
1681 2318 1744 2356 ac
1771 2305 1813 2358 si
1831 2303 2064 2366 diceret:

499 2391 556 2444 Si
601 2391 755 2446 vobis
805 2392 1088 2463 contingat
1145 2403 1204 2447 ut
1253 2395 1566 2460 turbemiui,
1618 2395 1785 2451 nolite
1822 2410 2066 2465 peccare.

569 2481 702 2546 Qua:
727 2483 905 2537 dicitis
932 2482 986 2536 in
1013 2484 1258 2538 cordibus
1287 2487 1489 2549 vestris,
1514 2487 1569 2540 in
1601 2487 1856 2542 cubilibus
1886 2488 2069 2542 vestris

499 2575 952 2646 compungimini,
985 2585 1092 2631 etc.
1143 2575 1238 2632 llis
1271 2577 1487 2632 videtur
1533 2579 1729 2634 docere
1774 2581 2072 2649 quemlibet

501 2663 742 2720 cubitum
772 2652 990 2722 euntém
1010 2667 1221 2746 debere
1251 2683 1280 2722 a
1314 2669 1495 2738 seipse
1536 2683 1724 2726 eorum
1752 2686 1873 2739 quae
1898 2672 2069 2727 inter-

499 2755 591 2808 diu
625 2755 820 2824 egerit,
852 2757 1118 2813 rationem
1155 2769 1424 2828 repetere,
1443 2770 1497 2814 et
1527 2762 1598 2817 ob
1625 2777 1688 2816 ea
1725 2777 1848 2833 qua:
1879 2772 2068 2819 contra

506 2856 710 2903 rectam
754 2849 1018 2906 rationem
1069 2848 1255 2906 iecerit
1281 2889 1296 2916 ,
1329 2851 1566 2921 seipsqu
1604 2853 1932 2923 improbare,
1976 2871 2066 2909 ar:

502 2953 670 3008 gnere
701 2947 756 2996 et
780 2939 964 2995 verbis
991 2955 1383 3012 compungere.
1416 2941 1548 2998 Nam
1587 2946 1630 2999 si
1661 2948 1763 3001 hoc
1813 2957 2070 3004 accurate

501 3043 566 3083 ac
591 3028 777 3084 sedulo
809 3029 902 3084 ﬁat
921 3069 936 3095 ,
967 3030 1036 3085 ab
1063 3016 1310 3087 hbnestis
1341 3049 1440 3090 nec
1467 3035 1818 3100 abducemur,
1846 3054 1947 3094 nec
1974 3040 2069 3094 de-

502 3119 767 3174 labemur.
811 3119 941 3187 Quae
969 3120 1176 3188 dicitis,
1209 3123 1414 3192 inquit,
1449 3141 1513 3181 ea
1555 3142 1654 3183 vos
1681 3139 2066 3201 compungant,

501 3225 611 3278 quo
663 3221 906 3282 tempore
958 3214 1023 3268 ad
1083 3213 1462 3272 dormiendum
1518 3218 1859 3278 decumbitis.
1907 3221 2067 3278 Parte

501 3304 675 3358 utitur
713 3313 772 3359 ut
799 3305 980 3360 omnia
1020 3315 1241 3374 peccata
1278 3307 1503 3364 indicet.
1535 3309 1670 3366 Pars
1697 3322 2063 3381 peccatorum,

498 3412 563 3452 ea
585 3407 713 3454 sunt
734 3413 857 3468 quae
881 3399 1064 3455 verbis
1093 3401 1528 3458 committuntur.
1561 3403 1635 3458 Ea
1663 3405 1802 3461 forte
1824 3407 1924 3463 hoc
1950 3408 2067 3464 loco
2107 3453 2109 3455 .

497 3489 898 3554 praemittuntur
948 3489 1069 3546 aliis
1117 3492 1359 3560 peccatis
1409 3507 1529 3562 quae
1589 3500 1865 3566 operando
1909 3497 2064 3554 liunt.

495 3580 763 3635 Caeterum
797 3581 900 3638 hoc
932 3581 1192 3638 verbum:
1225 3585 1589 3658 κατανύγητε,
1625 3606 1643 3638 ι
1667 3591 2066 3661 compungimi-

499 3672 596 3739 ni,
633 3691 653 3724 ι
708 3674 850 3742 quod
897 3673 1040 3728 forte
1083 3690 1258 3744 neque
1305 3677 1445 3746 apud
1481 3679 1723 3735 eruditos
1774 3683 2069 3751 scriptores

497 3763 716 3818 Graecos
765 3764 1038 3821 invenitur
1064 3806 1080 3832 ,
1117 3781 1290 3836 neque
1337 3768 1390 3821 in
1427 3784 1525 3824 usu
1564 3779 1651 3825 cst
1680 3772 1821 3841 apud
1851 3788 1946 3830 eos
1975 3778 2064 3845 qui

498 3854 688 3911 Graeca
717 3854 895 3927 lingua
927 3867 1177 3922 utuntur,
1197 3859 1394 3928 sarpius
1429 3868 1608 3916 tamen
1639 3865 1860 3933 proprie
1889 3866 1957 3920 ab
1988 3868 2065 3923 in-

501 3944 826 4013 terpretibus
872 3956 1201 4016 usurpatur,
1252 3961 1373 4001 cum
1427 3963 1612 4004 sermo
1639 3960 1725 4005 est
1765 3951 1832 4006 de
1879 3952 1945 4006 iis
1975 3957 2065 4024 qui

500 4034 820 4090 delictorum
851 4037 932 4092 vel
961 4038 1037 4092 rei
1069 4039 1352 4108 cujuslibet
1384 4040 1606 4096 alterius
1633 4058 1798 4098 causa
1825 4047 2070 4102 morden-

501 4129 608 4173 tur.
647 4119 740 4173 Sic
765 4119 817 4174 iu
851 4123 1010 4178 tertio
1052 4123 1189 4177 libro
1230 4123 1430 4194 Regum
1466 4142 1695 4182 narrans
1742 4129 2021 4198 Scriptura
2050 4175 2064 4198 ,

496 4211 770 4278 quomodo
814 4212 1002 4267 Achab
1035 4229 1129 4268 rex
1162 4215 1344 4280 lsrael,
1372 4218 1441 4271 ob
1485 4220 1825 4289 concupitum
1856 4221 2065 4277 Nah0th

494 4299 839 4359 Jezrahelitze
859 4319 1047 4372 agrum
1074 4307 1452 4375 reprehensus,
1473 4312 1841 4378 preniteutiam
1871 4318 2064 4384 egerit,

498 4396 575 4448 ait
601 4394 682 4448 “z
721 4413 738 4445 ι
768 4393 1156 4450 Verumtamen
1185 4397 1388 4452 frustra
1419 4401 1630 4466 Achab,
1661 4405 1749 4472 qni
1783 4411 2070 4464 venumda-

498 4497 584 4542 tus
616 4495 698 4542 est
739 4485 922 4543 facere
969 4488 1168 4543 malum
1201 4489 1253 4542 in
1287 4501 1577 4560 conspectu
1629 4495 1876 4552 Domini:
1928 4502 2070 4556 sicut

495 4580 694 4634 evertit
722 4595 846 4635 eum
874 4579 1097 4637 Jezabel
1128 4597 1267 4636 uxor
1299 4581 1460 4654 562
1494 4585 1624 4655 ejus.
1672 4587 1739 4643 Et
1768 4590 1944 4648 factus
1985 4607 2071 4650 εει

499 4672 880 4728 abominabilis
922 4672 1102 4738 valde,
1138 4675 1314 4729 eundo
1344 4685 1466 4743 post
1504 4677 1936 4740 abominatioues
1982 4702 2070 4741 se-

499 4765 736 4821 cundum
762 4766 942 4820 omnia
977 4782 1097 4834 quae
1127 4766 1327 4820 fecerat
1358 4768 1710 4827 Amorrhwus
1731 4814 1745 4836 ,
1780 4791 1936 4844 quem
1971 4794 2070 4832 ex-

501 4857 816 4912 terminavit
854 4857 1114 4913 Dominus
1143 4874 1173 4911 a
1203 4857 1344 4915 facie
1375 4860 1606 4916 ﬁliorum
1655 4861 1842 4920 Israel.
1878 4844 2065 4938 Eupro

499 4948 692 5016 verbo,
719 4948 1374 5020 quomodo'compunctus
1399 4963 1480 5006 est
1515 4953 1702 5010 Achab
1735 4974 1763 5010 a
1792 4958 1932 5014 facie
1965 4964 2065 5017 Do-

497 5042 662 5104 mitti,
711 5051 766 5095 et
799 5041 908 5096 ibat
954 5040 1196 5112 plorans,
1229 5053 1283 5098 et
1317 5048 1583 5103 conscidit
1617 5050 1853 5105 tunicam
1886 5069 2062 5120 suam,

494 5143 544 5186 et
573 5132 811 5188 accinxit
838 5148 1058 5190 saccum
1083 5149 1243 5204 super
1265 5152 1464 5206 corpus
1495 5154 1670 5203 suum,
1701 5149 1756 5194 et
1775 5141 2065 5210 jejunavit,

493 5236 548 5280 et
586 5227 808 5281 indutus
838 5234 923 5282 est
953 5241 1171 5282 saccum
1203 5228 1255 5282 in
1289 5229 1374 5284 die
1399 5270 1412 5292 ,
1446 5247 1549 5300 qua
1584 5235 1856 5312 percussit
1887 5234 2065 5291 Nabu-

495 5320 605 5375 thai
635 5319 1006 5384 Jezraelitem,
1037 5331 1090 5375 et
1115 5320 1231 5375 ivit.
1261 5321 1325 5377 Et
1353 5322 1555 5377 factum
1587 5332 1671 5381 est
1701 5326 1923 5381 verbum
1954 5328 2060 5385 Do-

495 5409 622 5464 mini
651 5411 704 5464 in
735 5427 897 5465 manu
928 5411 1069 5465 servi
1101 5412 1182 5466 sui
1212 5412 1327 5466 Elin
1357 5414 1421 5466 de
1447 5415 1633 5472 Achab
1658 5435 1671 5470 :
1709 5428 1763 5475 ct
1791 5421 1926 5476 dixit
1957 5421 2062 5479 Do-

495 5503 708 5558 minus:
765 5501 1003 5570 Vidisti,
1066 5505 1521 5574 quemadmodum
1574 5522 1930 5580 compunctus
1979 5526 2063 5571 cst

563 5647 604 5678 "
631 5646 693 5708 Ill
720 5651 851 5722 Reg.
891 5670 999 5720 ut,
1027 5651 1097 5706 25
1123 5662 1177 5706 et
1199 5665 1351 5722 seqq.

2167 1942 2255 1977 vov
2307 1927 2401 1978 καὶ
2459 1926 2682 1996 σεισμὸν
2737 1927 2838 1996 τῆς
2883 1926 3060 1997 ψυχῆς
3115 1926 3356 1998 νομίσας
3407 1921 3554 1980 εἷναί
3605 1944 3721 1994 ἱππ.

2174 2035 2190 2066 ι
2218 2016 2504 2069 Κλονείσθε
2529 2017 2620 2070 καὶ
2653 2017 2727 2088 μὴ
2756 2017 3116 2088 ἁμαρτάνετε·
3161 2039 3178 2069 ι
3209 2019 3361 2089 ὅπερ
3405 2036 3424 2064 ι
3454 2016 3718 2069 κλονεῖτίεει

2167 2108 2266 2162 οὐκ
2308 2107 2422 2161 ἐστι
2460 2111 2877 2180 προστακτικὸν,
2917 2111 3149 2181 (ἄτοπον
3188 2108 3302 2181 γὰρ
3340 2111 3446 2163 τὸν
3495 2114 3718 2180 apes-ir.

2169 2201 2531 2272 προστάσσειν
2572 2202 2926 2273 κλονεῖσθαιή
2960 2202 3074 2255 ἁλλ’
3105 2203 3182 2266 ὡς
3213 2203 3312 2254 ἐπὶ
3350 2202 3460 2255 τοῦ
3513 2223 3530 2254 ι
3559 2203 3718 2271 όρῖ-ἑζεο

2172 2295 2264 2348 σθε
2303 2313 2322 2348 ι
2355 2296 3017 2367 εἰρήκαμεν,·όριστικὺν,
3043 2291 3176 2349 οἷον·
3215 2297 3284 2348 Εἰ
3312 2297 3611 2366 συμϐαίνει
3633 2297 3719 2362 ίέι

2170 2386 2493 2452 κλονεῖσθαι,
2526 2388 2598 2459 μὴ
2627 2388 2990 2460 ἁμαρτάνετε.

2248 2478 2313 2530 "A
2347 2475 2553 2546 λέγετε
2581 2477 2651 2530 ἐν
2679 2476 2806 2543 ταῖς
2838 2474 3110 2545 καρδίαις
3132 2474 3328 2545 ὑμῶν,
3368 2477 3474 2529 ἐπὶ
3505 2474 3621 2538 ταῖς
3639 2479 3718 2525 zz:-

2168 2583 2299 2634 ταις
2344 2567 2510 2637 ὑμῶν
2537 2568 2936 2637 κατανύγητε,
2968 2584 3020 2620 κ.
3053 2585 3103 2620 τ.
3157 2569 3206 2621 ἐ.
3239 2568 3347 2620 Διὰ
3389 2566 3590 2620 τούτων
3618 2567 3716 2618 Esne

2169 2657 2439 2712 διδάσκειν
2467 2659 2574 2730 (96)
2601 2659 2709 2712 δεῖν
2730 2661 2958 2714 ἕκαστον
2983 2660 3074 2712 ἐπὶ
3097 2659 3196 2730 τὴν
3220 2660 3427 2730 κοίτην
3458 2659 3595 2710 ἰόντα
3623 2661 3717 2710 ἀπτ-

2169 2749 2425 2821 λογισμὸν
2465 2752 2654 2806 ἑαυτὸν
2696 2753 2945 2805 ἀπαιτεῖν
2976 2751 3083 2805 τῶν
3136 2751 3263 2822 μεθ’
3299 2752 3526 2822 ἡμέραν
3560 2768 3718 2820 πεπρε-

2169 2843 2408 2914 γμένων,
2430 2843 2522 2897 καὶ
2546 2845 2638 2898 ἐπὶ
2665 2847 2775 2907 τοῖς
2797 2844 2946 2915 παρὰ
2967 2845 3058 2898 τὸν
3081 2844 3245 2915 ὀρθὸν
3273 2844 3444 2913 λόγον
3474 2847 3718 2911 Tarraci-

2171 2957 2281 3004 νοις
2311 2940 2472 2994 αὑτὸν
2505 2939 2752 3003 κακίζειν
2789 2939 3138 3010 μεμφόμενον
3182 2941 3283 2992 καὶ
3333 2937 3422 3008 τῷ
3462 2938 3596 3007 λόγῳ
3633 2954 3717 2987 25+

2166 3033 2381 3087 τοῦντα.
2410 3031 2580 3086 Τοῦτο
2605 3032 2714 3104 γὰρ
2745 3031 3125 3102 συνεχέστερον
3170 3030 3593 3101 ἐπιτελούμενεν
3619 3031 3714 3081 ἁτε

2172 3124 2356 3194 στήσει
2381 3125 2526 3195 ἡμᾶς
2549 3123 2643 3177 τοῦ
2667 3123 2994 3177 ἀποπίπτειν
3017 3121 3126 3175 τῶν
3145 3121 3416 3174 δεόντων.
3468 3123 3533 3172 ’Ἀ

2174 3216 2360 3285 φησὶν,
2401 3213 2573 3267 ταῦτα
2618 3215 2762 3284 ὑμᾶς
2800 3211 3158 3279 κατανυξάτω
3203 3213 3266 3263 ἐν
3313 3211 3398 3281 τῷ
3443 3210 3607 3280 καιρῷ
3644 3209 3712 3259 τι]

2173 3309 2295 3371 ταῖς
2325 3307 2529 3370 κοίταις
2565 3306 2760 3370 αὐτοὺς
2795 3305 3110 3360 ἐπιδιδόναι.
3164 3304 3306 3357 Ἀπὸ
3334 3303 3541 3375 μέρους
3565 3303 3614 3354 δὲ
3637 3301 3710 3350 τῶι

2173 3399 2636 3471 ἁμαρτανομένων
2697 3401 2875 3454 πάντα
2939 3399 3006 3452 τὰ
3069 3397 3539 3470 ἁμαρτανόμενα·
3593 3396 3711 3465 μέμνας

2174 3493 2636 3565 ἁμαρτανομένων
2669 3493 2729 3546 τὸ
2753 3494 2841 3547 διὰ
2861 3492 3052 3562 λόγων·
3088 3491 3184 3544 καὶ
3221 3491 3368 3560 τάχα
3402 3492 3500 3542 καὶ
3534 3488 3618 3558 τῆς
3643 3489 3702 3538 5)-

2173 3584 2270 3655 λης
2300 3585 2609 3657 πρακτικῆς
2648 3586 2919 3658 ἁμαρτίας
2952 3584 3182 3656 προάγει
3220 3583 3409 3650 λόγος.
3450 3582 3539 3652 Τῷ

2179 3697 2198 3728 ι
2248 3681 2590 3750 κατανύγητε
2643 3698 2660 3729 ι
2717 3678 2861 3741 ἰδίως
2915 3677 3172 3740 πολλάκις
3229 3675 3570 3746 ἐχρήσαντο·
3608 3673 3702 3738 τὰρ

2173 3772 2296 3827 οὔτε
2325 3771 2476 3844 παρὰ
2520 3773 2632 3834 τοῖς
2671 3769 2978 3841 φιλοκάλοις
3014 3769 3120 3823 τῶν
3171 3769 3456 3839 Ἑλλήνων
3501 3766 3700 3835 κειμέλοτ-ι.

2174 3863 2297 3919 οὔτε
2324 3865 2381 3918 ἐν
2404 3867 2470 3935 τῇ
2501 3863 2756 3935 συνηθείᾳ
2780 3863 2888 3915 τῶν
2910 3864 2976 3933 τῇ
3016 3861 3225 3915 Ἐλλάδι
3252 3864 3415 3931 φωνῇ
3443 3859 3700 3931 vagi-ar:

2174 3957 2270 4012 καὶ
2297 3955 2669 4027 άναγράφουσί
2694 3973 2757 4024 γε
2775 3956 2874 4025 τὴν
2899 3955 3043 4021 λέξιν
3066 3954 3275 4024 ταύτην
3304 3955 3402 4006 ἐπὶ
3431 3953 3536 4005 τῶν
3563 3953 3700 4004 δαῖε,-

2179 4048 2354 4120 μένων
2383 4047 2488 4100 τῶν
2526 4047 2931 4118 ἡμαρτημένων
2976 4046 3183 4108 ἕνεκεν,
3218 4045 3250 4096 ἢ
3289 4039 3367 4097 ὧν
3413 4043 3596 4113 δήποτε

2179 4159 2303 4214 ρων·
2354 4142 2430 4205 ὼς
2489 4141 2547 4194 ἐν
2595 4142 2660 4211 τῇ
2709 4139 2867 4211 τρίτῃ
2921 4137 3028 4190 τῶν
3081 4134 3429 4190 Βασιλειῶν
3496 4134 3606 4203 περί
3641 4129 3702 4181 τεῦ

2188 4233 2388 4304 Ἀχαὰὅ
2428 4231 2690 4303 βασιλέως
2723 4229 2936 4302 Ἰσραὴλ
2958 4227 3290 4299 διηγουμένη
3327 4229 3360 4296 ἡ
3397 4226 3438 4277 Γ
3443 4226 3598 4296 pagi;
3621 4225 3704 4274 civ:

2174 4328 2371 4397 τρόπον
2405 4325 2679 4397 ἐλεγχθεὶς
2711 4324 2815 4378 ὑπὸ
2846 4322 2938 4376 τοῦ
2974 4323 3253 4393 προφήτου
3313 4321 3506 4372 Ἠλίου
3546 4318 3620 4372 is".
3653 4316 3700 4384 ta;

2174 4419 2633 4490 ἐπιτεθυμηκέναι
2667 4417 2760 4470 τοῦ
2801 4414 2971 4487 ἀγροῦ
3006 4415 3285 4469 Ναϐουθαὶ
3318 4415 3419 4468 τοῦ
3467 4412 3702 4485 15:933-

2174 4527 2266 4563 του
2301 4512 2565 4580 μετανοεῖ,
2601 4508 2734 4579 φησὶ
2769 4507 2972 4575 ταῦτα]
3014 4525 3031 4556 ι
3069 4505 3213 4577 Πλὴν
3257 4506 3514 4576 ματαίως
3551 4501 3701 4573 Ἀχῶ

2174 4602 2233 4664 ὃς
2263 4601 2472 4672 ἐπράθη
2509 4603 2731 4672 ποιῆσαι
2759 4601 2820 4654 τὸ
2861 4598 3101 4670 πονηρὸν
3139 4595 3372 4650 ἐνώπιον
3417 4600 3624 4669 Κυρίου,
3651 4594 3700 4652 ἐς

2178 4693 2471 4764 μετέθηκεν
2501 4693 2660 4746 αὐτὸν
2707 4694 2941 4758 Ἰεζάϐελ
2986 4697 3018 4764 ὴ
3067 4691 3205 4760 γυνὴ
3233 4691 3428 4743 αὑτοῦ.
3467 4691 3570 4742 Καὶ

2173 4784 2342 4854 λὺχθη
2385 4784 2585 4854 σφόδρα
2619 4785 2944 4854 πορεύεσθαι
2981 4785 3155 4838 ὀπίσω
3201 4781 3314 4837 ὠν
3365 4779 3698 4853 βδελυγμάτων

2174 4877 2316 4931 κατὰ
2343 4876 2518 4930 πάντα
2544 4877 2578 4929 ά
2601 4875 2898 4948 ἐποίησενό
2930 4878 3274 4950 Ἀμορραῖος,
3302 4879 3363 4931 ὃν
3386 4873 3697 4945 ἐξιιιὶῄίίρεια

2167 4967 2369 5040 Κύριος
2401 4969 2508 5023 άπὸ
2542 4967 2830 5040 προσώπου
2873 4969 2981 5023 τῶν
3009 4971 3137 5023 υἱῶν
3187 4972 3430 5042 Ἰσραήλ,
3471 4974 3570 5023 Καὶ

2166 5062 2259 5114 τοῦ
2290 5061 2446 5131 λόγου
2489 5062 2562 5126 ὡς
2604 5062 2872 5134 κατενύγη
2913 5061 3116 5133 Ἀχαὰὸ
3161 5063 3269 5116 άπὸ
3317 5064 3597 5134 προσώπου
3633 5058 3694 5109 :25-

2166 5154 2395 5223 Κυρίου,
2427 5155 2520 5208 καὶ
2546 5155 2836 5224 ἐπορεύετο
2868 5155 3090 5218 κλαίων,
3134 5156 3230 5207 καί
3255 5154 3514 5225 διέρρηξε
3540 5155 3617 5206 τὶν
3641 5170 3693 5218 χῖ-

2166 5245 2310 5298 τῶνα
2338 5247 2522 5312 αὐτοῦ,
2547 5249 2641 5301 καὶ
2671 5248 2912 5311 ἐζώσατο
2939 5249 3139 5300 σάκκον
3165 5249 3260 5302 ἐπὶ
3280 5247 3344 5300 τὺ
3373 5249 3531 5316 σῶμα

2168 5339 2262 5391 καὶ
2290 5341 2598 5409 ἐνήστευσε,
2635 5341 2728 5394 καὶ
2761 5342 3112 5410 περιεΰάλετο
3143 5342 3350 5395 σάκκον
3382 5343 3443 5393 ἐν
3469 5345 3531 5411 τῇ
3559 5340 3692 5408 ἡμέρᾳ

2169 5423 2200 5502 ᾖ
2229 5430 2464 5498 ἐπάταξε
2489 5433 2762 5486 Ναϐουθαὶ
2791 5435 2880 5487 τὸν
2920 5435 3310 5505 Ίεζραηλίτην,
3340 5437 3433 5487 καὶ
3453 5431 3686 5502 ἐπορεύθη.

2168 5520 2275 5574 Καὶ
2326 5522 2542 5591 ἐγένετο
2591 5525 2738 5594 ῥῆμα
2787 5525 2990 5597 Κυρίου
3037 5527 3096 5577 ἐν
3146 5526 3290 5596 χειρὶ
3339 5526 3523 5579 δούλου
3570 5519 3688 5578 αὑπὲ

567 5787 679 5857 (96)
702 5790 802 5845 Διὰ
826 5793 1048 5845 τούτων
1075 5795 1232 5848 ἔοικε
1265 5793 1593 5860 διδάσκειν,
1613 5805 1717 5851 ctc.
1734 5797 1902 5853 Codd.
1922 5799 2057 5866 Roe,

2172 5813 2325 5864 'occ.,
2351 5796 2564 5852 scheda:
2581 5797 2916 5864 Coutbeiisii,
2939 5807 2991 5852 et
3012 5796 3316 5855 Barbarus.
