3822 6508
169 340 308 398 “‘5

1185 337 1493 394 SELECTA
1533 337 1598 391 lN
1631 336 1971 393 PSALMOS.
2006 371 2074 380 —-
2117 338 2311 394 PSAL.
2353 335 2440 392 IV.

3287 343 3423 397 “Mi

179 455 361 508 Ἡλίου
387 454 511 526 περὶ
549 452 770 524 Ἀχαάϐ
813 453 906 508 καὶ
931 451 1051 507 εἷπε
1089 453 1313 526 Κύριος·
1362 451 1640 524 Ἑώρακας
1664 452 1739 516 ώς

1848 454 2030 508 Achab
2063 471 2090 506 a
2124 454 2262 507 faeie
2292 453 2450 507 mea?
2471 451 2584 506 Non
2611 451 2868 508 inducam
2917 451 3116 507 malum
3154 454 3206 508 in
3235 455 3426 513 diebus

166 545 440 618 κατενύγη
488 545 689 616 ’Δχαὸιϐ
731 546 838 598 ἀπὸ
880 545 1172 616 προσώπου
1219 563 1353 616 μους
1391 546 1504 598 Ούκ
1555 545 1742 610 ἐπάξω

55 637 72 718 ’ς
165 645 264 710 τήν
299 639 497 694 κακίαν
546 640 604 691 ὲν
651 641 768 703 ταῖς
809 640 1045 709 ἡμέραις
1096 638 1281 692 αὑτοῦ.
1337 659 1354 689 ι
1416 639 1525 690 Καὶ
1569 641 1625 691 ὲν
1668 637 1744 708 τῷ

76 739 82 746 ’
164 735 223 788 δὲ
249 733 600 804 πεντηκοστῷ
623 734 826 803 ἐννάτῳ
849 732 1066 803 ψαλμῷ·
1100 752 1117 782 ι
1150 733 1492 795 Συνέσεισας,
1533 752 1551 782 ι
1587 733 1742 801 φησὶ,

173 850 190 878 ι
233 830 332 899 τὴν
354 827 480 897 γῆν,
526 827 621 880 καὶ
656 825 1025 897 συνετάραξας
1059 825 1248 896 αὑτήν.
1301 827 1481 878 Ἰασαι
1509 825 1577 878 τὰ
1620 842 1745 877 συν-

55 919 74 930 ”
165 920 451 991 τρίμματα
497 918 701 987 αὐτῆς,
749 918 829 970 ὅτι
889 917 1174 988 ἐσαλεύθη.
1221 913 1468 980 Ἐδειξας
1510 915 1588 986 τῷ
1630 915 1745 986 λαῷ

59 1013 82 1026 ’·
167 1027 262 1062 σου
336 1009 570 1080 σκληράο
626 1009 884 1072 ὲπότισας
964 1009 1110 1079 ἡμᾶς
1179 1003 1318 1060 οίνον
1373 1007 1740 1072 κατανύξεως.

172 1102 420 1165 Ἐδωκας
445 1104 558 1164 τοῖς
602 1101 955 1172 φοϐουμένοις
994 1118 1054 1153 σε
1082 1100 1379 1170 σημείωσιν
1421 1098 1513 1152 τοῦ
1553 1101 1743 1168 φυγεῖν

168 1193 278 1246 ἀπὸ
311 1191 608 1264 προσώπου
637 1191 814 1259 τόξου.
853 1213 869 1244 ι
905 1191 1234 1245 Πεποτίσθαι
1256 1192 1364 1262 γὰρ
1390 1190 1640 1260 ὁμολογεῖ
1667 1188 1744 1260 τῷ

59 1297 66 1304 ·
165 1285 296 1355 οῖνῳ
331 1286 429 1354 τῆς
461 1283 806 1350 κατανύξεως
845 1285 872 1336 ό
901 1283 1210 1353 Προφήτης.
1247 1282 1356 1336 Καὶ
1390 1283 1533 1342 ἐπεὶ,
1561 1281 1626 1334 ἵν’
1651 1281 1742 1335 οῦ-

59 1371 72 1398 :
167 1395 277 1440 τως
303 1377 461 1440 εἴπω,
493 1375 660 1446 ἐπεψε
703 1377 828 1440 τοὺς
859 1374 1048 1443 λόγους
1080 1376 1205 1438 τοὺς
1243 1375 1614 1442 ἐλεγκτικοὸς,
1651 1374 1744 1428 καὶ

44 1459 76 1496 ’⁵
168 1466 435 1520 πέπονθεν
462 1467 556 1520 ἀπ’
585 1465 764 1520 αὐτῶν
799 1464 890 1518 τὸν
923 1465 1292 1536 κατανυγμὸν,
1333 1466 1422 1519 διὰ
1471 1465 1630 1518 τοῦτο
1664 1468 1742 1518 εί-

59 1555 76 1584 ’·
166 1559 400 1630 ληφέναι
447 1558 699 1630 ὁμολογεῖ
745 1559 883 1631 μετὰ
920 1558 1032 1613 τῶν
1081 1558 1431 1630 φοϐουμένων
1477 1559 1538 1612 τὸ
1591 1560 1745 1614 Θεῖον

169 1649 470 1720 σημείωσιν
504 1649 584 1712 εἰς
615 1647 675 1700 τὸ
722 1652 912 1718 φυγεῖν
949 1649 1018 1702 τὰ
1048 1649 1175 1720 βέλη
1215 1648 1282 1701 τά
1312 1648 1420 1702 ἀπὸ
1462 1649 1555 1702 τοῦ
1588 1649 1742 1716 τόξου

167 1740 495 1811 πεμπόμενα
525 1739 618 1793 τοῦ
649 1739 782 1793 Θεοῦ
818 1741 910 1793 ἐπὶ
934 1743 1061 1803 τοὺς
1083 1739 1298 1802 ἀσεϐεῖς
1331 1741 1425 1792 καὶ
1461 1741 1740 1811 παραμεί-

1847 546 1986 615 ejus.
2017 565 2037 598 ι
2073 546 2139 599 Ει
2168 545 2220 598 in
2256 545 2707 615 quinquagesimo
2748 561 2895 600 nono
2925 546 3171 616 psalmo:
3208 567 3227 598 ι
3259 549 3424 602 Com-

1851 637 2091 701 tnovisti,
2121 636 2292 706 inquit
2317 639 2388 701 ”,
2419 647 2644 704 terram,
2664 649 2720 692 et
2745 639 3082 692 cuntur-busti
3112 656 3252 693 eam.
3282 640 3423 693 Sana

1847 729 2210 785 contritiones
2235 731 2372 799 ejus,
2407 731 2536 799 quia
2567 719 2838 786 commdta
2866 739 2967 785 est.
2993 732 3293 786 Ostendisti
3326 747 3422 802 po-

1848 820 1972 890 pulo
2002 830 2094 873 tuo
2120 821 2281 883 dura,
2325 821 2520 888 potasti
2557 835 2655 873 nos
2683 822 2808 874 vino
2838 821 3293 890 eompunetiouis.
3325 823 3421 875 De-

1845 915 1970 970 disti
2006 913 2326 968 timentibus
2361 923 2410 966 te
2439 914 2914 982 significationem,
2949 923 3004 966 ut
3041 914 3248 984 fugiant
3278 930 3306 966 a
3340 915 3422 967 fa-

1845 1009 1930 1064 cie
1960 1021 2140 1061 arcus.
2171 1025 2190 1057 ι
2225 1006 2449 1060 Fatetur
2474 1005 2615 1058 enim
2649 1005 2918 1072 Ρινομιιειε
2947 1017 3184 1075 potatum
3213 1023 3272 1060 se
3299 1007 3424 1060 vino

1845 1099 2304 1169 compunctionis.
2338 1098 2404 1153 Et
2436 1098 2694 1168 quoniam
2722 1098 2886 1152 verba
2917 1101 3112 1170 quibus
3135 1102 3425 1169 reprehen-

1847 1206 1942 1247 sus
1979 1191 2206 1258 fuerat,
2243 1201 2300 1245 ut
2347 1192 2420 1244 ita
2454 1191 2656 1258 dicam,
2707 1202 3038 1246 concoxerat
3063 1233 3078 1256 ,
3109 1203 3165 1247 et
3202 1196 3270 1248 ab
3320 1193 3425 1249 illis

1849 1300 2040 1354 passus
2070 1295 2194 1338 erat
2221 1285 2732 1354 compunctioncm,
2765 1285 2968 1339 idcirco
2998 1283 3200 1339 fatetur
3230 1302 3289 1340 se
3319 1303 3423 1339 una

1845 1391 1969 1431 cum
2024 1375 2392 1432 metuentibus
2445 1376 2610 1430 Deum
2648 1375 2929 1444 accepisse
2971 1375 3422 1444 significationem

1847 1477 1905 1521 ut
1934 1468 2146 1536 fugeret
2172 1467 2420 1538 sagittas,
2449 1482 2568 1536 quae
2595 1469 2666 1521 ab
2697 1483 2824 1522 arcu
2857 1467 2950 1521 Dei
2982 1477 3168 1520 contra
3207 1467 3422 1536 impios,

1844 1569 1899 1614 et
1924 1560 2283 1630 persistentes
2312 1559 2362 1614 in
2407 1560 2680 1630 peccatis,
2717 1574 2818 1613 nec
2849 1561 3225 1630 pwnitentiam
3258 1574 3424 1628 agen—

1849 1665 1926 1708 tes
1949 1654 2331 1708 immittuntur.
2363 1652 2426 1706 Et
2463 1653 2514 1705 in
2544 1650 2728 1706 Genesi
2761 1653 3021 1721 scriptum
3053 1661 3136 1707 est
3162 1653 3244 1706 ’δε
3277 1671 3295 1703 ι
3330 1651 3422 1704 Di-

1845 1747 1924 1800 xit
1966 1758 2144 1801 autem
2184 1746 2324 1802 Esau
2362 1745 2426 1798 ad
2460 1756 2667 1813 patrem
2722 1760 2918 1799 suum:
2958 1743 3206 1814 Nunquid
3256 1744 3422 1797 bene-

165 1850 368 1897 ναντας
397 1833 489 1886 ἐπὶ
511 1835 623 1895 τοῖς
653 1833 1034 1912 ἁμαρτήμασι,
1061 1833 1153 1886 καὶ
1177 1831 1252 1904 μὴ
1281 1834 1740 1904 μετανοήσαντας.

1848 1837 2011 1892 dictio
2035 1855 2136 1892 una
2164 1837 2256 1892 tibi
2286 1846 2392 1902 εει,
2423 1837 2618 1906 pater?
2649 1835 2984 1906 Compuuctn
3017 1847 3198 1892 autem
3235 1835 3421 1902 Isaac,

165 1925 278 1976 Kal.
305 1927 363 1979 ὲν
395 1926 459 1994 τῇ
490 1922 755 1978 Fert-fast“
802 1943 820 1976 ι
852 1921 988 1978 Εἶπε
1017 1924 1074 1978 δὲ
1117 1924 1285 1978 Ἠσαῦ
1331 1924 1466 1995 πρὸς
1505 1925 1596 1977 τὸν
1641 1941 1744 1977 πα-

161 2017 301 2092 τέρα
365 2016 552 2070 αὑτοῦ·
607 2019 698 2089 Μή
739 2018 956 2088 εὐλογία
1007 2018 1106 2089 μία
1176 2018 1257 2071 σοί
1316 2019 1466 2080 ἐστι,
1531 2017 1738 2088 πάτερ;

163 2105 611 2180 Κατανυχθέντος
634 2107 691 2160 δὲ
724 2107 928 2174 Ἰσαὰκ,
955 2108 1218 2179 ἀνεϐόησε
1241 2110 1389 2178 φωνῇ
1429 2107 1619 2170 Ἠσαῦ,
1647 2108 1741 2160 καὶ

159 2202 446 2258 ἔκλαυσεν.
487 2222 504 2255 ι
550 2201 693 2256 Ἀντὶ
721 2200 900 2271 μέντοι
928 2200 1044 2267 τοῦ,
1080 2201 1443 2271 κατανύγητε,
1478 2220 1495 2252 ‹
1540 2201 1741 2271 σιωπή-

160 2313 296 2349 σατε
339 2314 357 2346 ι
410 2294 638 2360 Ἀκύλας
668 2294 763 2350 καὶ
791 2293 1084 2348 Θεοδοτίων
1112 2293 1502 2347 ἐκδεδώκασινο
1535 2294 1674 2364 ὅπερ
1713 2294 1742 2346 ὁ

160 2387 460 2459 Σύμμαχος
503 2406 521 2440 ι
553 2387 862 2458 ήσυχάσατε
899 2405 917 2437 ι
954 2387 1259 2458 ὲρμήνευσε
1290 2386 1619 2456 σαφέστερον
1651 2385 1744 2437 ὲκ-

156 2479 443 2550 τιθέμενος
508 2480 570 2533 τὸ
619 2481 729 2534 ἀπὸ
783 2479 892 2532 τῶν
949 2479 1130 2550 ῥητῶν
1180 2479 1543 2550 δηλούμενσνο
1605 2479 1741 2549 ὅπερ

153 2569 403 2623 τοιοῦτον
430 2570 540 2641 ἔχει
571 2569 692 2623 νοῦν
713 2587 726 2600 ο
774 2569 898 2622 Ἐπὶ
922 2569 1022 2639 τῆς
1047 2568 1233 2639 κοίτης
1262 2568 1416 2638 ὑμῶν
1445 2567 1504 2620 ὲν
1532 2568 1743 2632 ἑαυτοῖς

1849 1929 2180 1985 exclamavit
2231 1943 2361 1982 voce
2417 1927 2559 1981 Esau
2590 1966 2606 1992 ,
2647 1936 2702 1981 et
2750 1926 2916 1981 flevit.
2956 1946 2975 1979 ι
3011 1928 3276 1982 Caeterum
3329 1944 3424 1997 pro

1854 2040 1873 2072 ι
1897 2020 2342 2090 compungimini,
2367 2038 2386 2070 ι
2431 2019 2626 2088 Aquila
2659 2029 2713 2074 et
2753 2017 3086 2080 Theodotio.
3124 2038 3143 2070 ι
3175 2028 3369 2082 tacete,
3400 2039 3418 2072 ›

1847 2105 2216 2178 reddiderunt,
2249 2116 2395 2182 quod
2431 2111 2800 2182 Symmachus
2833 2113 3002 2182 magis
3032 2123 3274 2181 apertam
3305 2129 3422 2167 ver-

1846 2204 2038 2259 borum
2072 2203 2347 2258 notionem
2382 2203 2699 2272 proferens,
2741 2221 2759 2254 ι
2782 2203 3064 2273 quiescite.
3101 2223 3120 2258 ›
3157 2206 3422 2274 interpre-

1849 2306 1992 2350 tatus
2019 2303 2122 2350 est.
2167 2295 2376 2350 Sensus
2403 2306 2487 2350 est
2519 2315 2532 2349 :
2586 2295 2643 2349 In
2681 2296 2950 2350 cubilibus
2980 2296 3178 2350 vestris
3211 2307 3424 2351 secreto

1847 2385 1991 2440 intra
2022 2401 2120 2441 vos
2149 2396 2435 2456 reputate,
2477 2386 2734 2441 nimirum
2767 2403 2886 2457 quae
2919 2403 2947 2439 a
2977 2386 3129 2441 vobis
3156 2402 3252 2455 per
3278 2387 3423 2441 diem

1847 2487 1996 2547 gesta
2030 2486 2157 2531 sunt
2181 2515 2196 2542 ,
2233 2487 2287 2530 et
2327 2493 2452 2532 cum
2502 2478 2644 2532 facta
2682 2488 2861 2532 vestra
2902 2477 3274 2548 expenderitis
3299 2516 3315 2542 ,
3346 2478 3425 2532 sic

1849 2569 2064 2624 demum
2097 2570 2381 2638 quiescite.

154 2667 307 2721 κατά
351 2668 411 2719 τὸ
451 2665 689 2738 κρυπτὸν
726 2664 1076 2736 διαλέχθητε·
1113 2662 1271 2734 δῆλον
1301 2663 1347 2715 δ’
1392 2663 1472 2716 ὅτι
1513 2662 1582 2715 τὰ
1630 2661 1747 2732 μεθ’
1781 2662 1994 2734 ἡμέραν
2033 2663 2395 2735 πεπραγμένα
2447 2680 2541 2716 και
2596 2661 2664 2717 τὰ
2705 2677 2833 2734 περι
2888 2662 3086 2726 αὐτοὺς
3130 2663 3428 2735 ἐπισκεψά-

155 2778 317 2832 μενοι
344 2761 517 2825 οῦτως
543 2761 869 2833 ἡσυχάσατε.

234 2857 469 2910 Θύσατε
501 2855 721 2909 ουσίαν
750 2853 1161 2922 δικαιοσύνης,
1193 2851 1290 2906 καὶ
1323 2851 1615 2905 ἐλπίσατε
1643 2849 1743 2904 ἐπὶ

151 2952 402 3018 Κύριον,
444 2966 499 3001 κ.
541 2965 592 3001 τ.
640 2949 686 3000 ἐ.
727 2948 787 3000 '0
819 2947 876 3014 ἐξ
901 2946 1100 3000 ἀδίκων
1133 2945 1317 3016 πόρων
1353 2944 1463 3014 (97)
1510 2943 1748 3014 προσφέ-

153 3058 274 3112 ρων
303 3039 364 3093 ού
395 3037 739 3108 δικαιοσύνης
771 3036 888 3089 θύει
915 3036 1130 3100 θυσίαν,
1155 3036 1249 3088 καὶ
1269 3037 1297 3088 ὁ
1323 3034 1400 3104 μὴ
1427 3033 1548 3086 κατ’
1583 3032 1743 3096 ἀξίαν

1918 2849 2085 2905 Vens.
2120 2848 2172 2902 6.
2217 2846 2535 2916 Sacriﬁcale
2579 2845 2904 2914 sacriﬁcium
2937 2845 3189 2914 justitiaz,
3219 2855 3268 2899 ει
3303 2864 3423 2916 spe-

1849 2952 1959 2996 rate
1993 2944 2046 2995 in
2077 2940 2331 3005 Domino,
2360 2949 2466 2996 etc.
2502 2938 2618 2992 Non
2649 2940 2742 3009 qui
2781 2953 2846 2994 ex
2883 2938 3098 3009 injustis
3130 2941 3297 2995 lucris
3330 2942 3426 2996 do-

1847 3045 1962 3099 nat,
1989 3048 2086 3087 nec
2115 3034 2206 3101 qui
2238 3048 2304 3085 ex
2334 3033 2504 3102 partis
2536 3031 2714 3097 bonis,
2744 3040 2804 3085 ut
2833 3046 2933 3100 par
2961 3039 3064 3096 est,
3093 3032 3424 3101 pauperibus

149 3127 235 3186 ὧν
263 3131 528 3202 κέκτηται
561 3130 796 3201 μερίζων
828 3132 941 3192 τοῖς
966 3127 1262 3198 δεομένοις,
1299 3126 1392 3178 καὶ
1421 3128 1449 3179 ό
1471 3127 1536 3178 ὲκ
1568 3125 1740 3196 λύπης

1850 3141 1958 3180 non
1993 3124 2274 3180 distribuit
2305 3165 2320 3187 ,
2366 3140 2465 3179 nec
2498 3125 2590 3194 qui
2626 3124 2815 3178 dolens
2844 3138 2909 3178 ac
2960 3133 3182 3178 coactus
3211 3124 3340 3188 dat,
3382 3125 3426 3179 is

149 3226 258 3279 καὶ
291 3225 352 3292 ἐξ
393 3224 637 3295 ἀνάγκης
681 3222 876 3287 διδούς.
911 3221 1232 3291 Σαφέστατα
1263 3220 1320 3272 δὲ
1351 3219 1616 3284 διδάσκει,
1657 3219 1741 3272 ὅτι

147 3317 223 3370 οῦ
250 3313 510 3386 περὶτῶν
539 3313 737 3368 θυσιῶν
767 3307 841 3368 ὧν
869 3312 1213 3383 ὲξειλήφασιν
1242 3313 1289 3364 οἱ
1321 3310 1741 3380 ἐντυγχάνοντες

149 3412 278 3472 τοῖς
313 3406 556 3477 βιϐλίοις,
586 3404 714 3478 περὶ
747 3405 950 3460 τούτων
980 3403 1283 3460 ἐνετείλατο
1310 3405 1339 3456 ό
1368 3403 1512 3466 θεῖος
1543 3402 1701 3471 λόγος
1726 3417 1738 3432 ’

152 3489 270 3560 ἔφη
293 3490 400 3563 γὰρ
422 3495 479 3546 έν
499 3496 913 3564 τεσσαρακοστῷ
935 3495 1159 3565 ψαλμῷ’
1187 3515 1205 3547 ι
1227 3497 1284 3550 '0
1305 3497 1454 3563 Θεὸς,
1479 3498 1610 3561 Θεός
1638 3515 1733 3552 σου

151 3585 284 3656 ειμὶ
312 3584 442 3654 ἐγώ.
466 3586 580 3640 Ούκ
605 3589 696 3640 ἐπὶ
724 3590 842 3650 ταῖς
867 3587 1074 3652 θυσίαις
1103 3605 1195 3641 σου
1229 3588 1430 3657 ἐλέγξω
1453 3607 1512 3642 σε
1533 3606 1546 3621 ⁸
1577 3591 1644 3644 τὰ
1675 3591 1734 3644 δὲ

150 3675 596 3746 όλοκαυτώματά
621 3694 714 3730 σου
751 3677 975 3730 ἐνώπιόν
1013 3695 1114 3748 μου
1143 3679 1260 3732 ἐστὶ
1284 3679 1371 3732 διὰ
1406 3682 1622 3743 παντός.
1652 3683 1727 3734 Ού

149 3768 389 3839 δέξομαι
406 3770 468 3823 ἐκ
481 3769 574 3822 τοῦ
595 3769 744 3822 οἴκου
764 3787 856 3823 σου
881 3771 1132 3842 μόσχους,
1147 3771 1252 3824 οὐδ’
1267 3774 1331 3824 ὲκ
1349 3772 1456 3826 τῶν
1479 3775 1740 3843 ποιμνίων

159 3878 266 3914 σου
305 3862 663 3932 χειμάρρουςο
708 3863 816 3932 ὲμά
853 3864 961 3935 γάρ
991 3867 1105 3917 ἐστι
1145 3866 1316 3919 πάντα
1342 3866 1408 3920 τὰ
1449 3866 1612 3936 θηρία
1649 3866 1740 3920 τοῦ

158 3953 370 4032 ἀγροῦ,
397 3955 562 4025 κτήνη
592 3955 649 4008 ὲν
675 3958 786 4018 τοῖς
817 3955 966 4026 δρεσι
997 3956 1089 4009 καὶ
1119 3955 1256 4026 βόες.
1287 3957 1538 4024 Ἔγνωκα
1568 3957 1742 4010 πάντα

155 4044 237 4097 τά
284 4041 504 4097 πετεινά
544 4046 637 4098 τοῦ
679 4045 937 4116 ούρανοῦ,
978 4048 1072 4099 καὶ
1112 4047 1382 4116 ώραιότης
1417 4047 1588 4116 ἀγροῦ
1627 4047 1742 4116 μετ’

158 4134 311 4205 ἐμοῦ
338 4137 502 4189 ἐστιν.
527 4136 652 4190 Ἐὰν
679 4138 939 4199 πεινάσω,
962 4138 1033 4206 μή
1062 4154 1142 4191 σοι
1163 4139 1317 4190 εἴπω·
1345 4137 1452 4207 ἐμή
1473 4140 1580 4208 γάρ
1601 4139 1744 4188 ἐστιν

155 4231 196 4297 ἡ
233 4226 528 4297 οἰκουμένη
568 4228 661 4281 καὶ
706 4229 766 4281 τὸ
810 4228 1080 4298 πλήρωμα
1121 4229 1307 4298 αὐτῆς.
1363 4229 1455 4301 Μὴ
1500 4229 1742 4298 φάγομαι

159 4319 316 4388 κρέα
340 4319 571 4390 ταύρων,
598 4320 630 4390 ἢ
661 4316 799 4390 αἷμα
830 4321 1045 4390 τράγων
1071 4319 1294 4390 πίομαι;
1319 4321 1492 4374 Θῦσον
1525 4323 1601 4393 τῷ
1626 4324 1746 4390 Θεῷ

157 4411 370 4464 ουσίαν
413 4413 696 4476 αἰνέσεως,
731 4414 822 4465 καὶ
850 4413 1044 4477 ἀπόδος
1072 4412 1148 4483 τῷ
1190 4412 1427 4484 ’Υψίστῳ
1462 4415 1560 4479 τὰς
1585 4421 1746 4484 εύγᾶ-

1847 3219 2120 3275 sacriﬁcat
2153 3217 2479 3275 sacrificium
2505 3217 2753 3286 iustitiae.
2781 3217 3204 3272 Evidentissime
3241 3227 3419 3272 autem

1846 3313 2002 3366 docet
2033 3328 2139 3365 non
2182 3310 2250 3366 de
2282 3310 2612 3374 sacriticiis,
2663 3325 2783 3379 qua:
2827 3325 3106 3364 sacrorum
3158 3299 3423 3364 libroruin

1844 3401 2074 3457 lectores
2125 3411 2529 3472 exposuerunt,
2583 3401 2912 3470 praecepisse
2947 3401 3138 3454 Deum.
3181 3399 3316 3453 Nam
3367 3399 3422 3453 in

1844 3495 2262 3564 quadragesimo
2293 3493 2501 3563 psalmo
2529 3493 2606 3547 ait
2630 3495 2712 3547 ’δε
2756 3511 2775 3546 ι
2808 3493 2969 3557 Deus,
3003 3493 3144 3548 Deus
3174 3503 3300 3548 tuus
3323 3507 3424 3563 ego

1844 3601 1984 3642 sum.
2021 3585 2137 3642 Non
2173 3586 2224 3640 in
2265 3586 2554 3642 sacrificiis
2585 3586 2690 3641 tuis
2723 3601 2948 3658 arguam
2985 3596 3070 3642 te:
3105 3585 3423 3642 holocausta

1846 3689 2023 3733 autem
2057 3689 2145 3732 tua
2177 3680 2231 3733 in
2266 3689 2558 3748 conspectu
2599 3694 2719 3732 meo
2753 3689 2879 3732 sunt
2909 3692 3144 3747 semper.
3183 3675 3298 3730 Non
3329 3692 3421 3730 ao-

1845 3771 2041 3838 cipiam
2106 3771 2172 3826 de
2211 3772 2370 3825 domo
2408 3778 2492 3824 tua
2546 3769 2744 3824 vitulos
2769 3808 2787 3835 ,
2834 3784 3007 3838 neque
3045 3769 3112 3822 de
3163 3768 3420 3840 gregibus

1847 3863 1953 3918 tuis
1987 3863 2202 3919 hircos:
2237 3878 2370 3918 mete
2405 3863 2548 3918 enim
2579 3874 2708 3918 sunt
2735 3877 2925 3918 omnes
2977 3861 3106 3917 ferae
3141 3863 3298 3930 agri,
3328 3861 3418 3927 ju-

1846 3962 2026 4008 Inenta
2066 3955 2118 4009 in
2150 3954 2424 4009 montibus
2460 3962 2516 4010 et
2551 3955 2738 4009 boves.
2773 3953 3010 4024 Cognovi
3053 3954 3235 4008 omnia
3276 3954 3422 4007 vola-

1847 4044 1957 4099 tilia
1985 4042 2106 4099 caéli
2133 4085 2148 4110 ,
2181 4057 2235 4100 et
2275 4045 2621 4113 pulchritudo
2651 4046 2767 4115 agri
2818 4059 3027 4100 meeum
3057 4054 3160 4098 est.
3211 4043 3268 4098 Si
3301 4060 3424 4099 esu-

1847 4138 2011 4203 riero,
2046 4153 2149 4191 non
2197 4139 2373 4192 dicam
2421 4138 2556 4192 tibi:
2607 4153 2760 4193 meus
2786 4146 2870 4193 est
2897 4138 3043 4192 enim
3091 4137 3237 4192 orbis
3267 4148 3422 4190 terra:

1845 4227 2004 4299 563
2029 4238 2084 4282 et
2110 4228 2385 4298 plenitudo
2412 4228 2548 4297 ejus.
2578 4228 2831 4299 Nunquid
2859 4231 3198 4283 manducabo
3229 4244 3423 4283 carnes

1848 4333 2144 4386 taurorum,
2172 4335 2264 4376 aut
2285 4323 2602 4393 sanguinem
2628 4324 2908 4378 hircorum
2937 4323 3175 4391 putabo?
3201 4323 3419 4376 lmmola

1848 4417 1958 4472 Deo
1985 4416 2320 4471 sacrificium
2353 4415 2547 4480 laudis,
2577 4424 2634 4468 et
2657 4417 2826 4470 redde
2850 4415 3130 4468 Altissiino
3159 4425 3282 4468 vota
3307 4423 3417 4468 tua.

149 4523 284 4559 σου.
333 4507 442 4559 Καὶ
483 4505 798 4560 ὲπικάλεσαί
832 4523 898 4576 με
929 4509 986 4560 έν
1010 4508 1194 4578 ἡμέρᾳ
1223 4508 1474 4578 θλίψεως,
1512 4510 1607 4561 καὶ
1655 4509 1740 4573 ἐξ-

1850 4510 1914 4563 Ει
1946 4511 2134 4564 invoca
2179 4525 2266 4564 me
2309 4510 2363 4564 in
2412 4509 2498 4562 die
2528 4507 2895 4562 tribulationis
2916 4547 2929 4570 ,
2963 4517 3014 4560 et
3044 4521 3233 4560 eruam
3264 4517 3338 4572 te,
3368 4517 3425 4562 et

143 4598 286 4652 ελοῦ
299 4599 397 4668 μαί
417 4615 496 4662 σε,
517 4599 610 4651 καὶ
629 4598 868 4664 δοξάσεις
895 4617 981 4670 με.
1007 4619 1024 4648 ι
1055 4601 1163 4652 Kal.
1191 4600 1341 4672 ἐντῷ
1369 4603 1736 4672 πεντηκοστῷ·

149 4713 170 4742 ι
193 4693 348 4749 "Ott,
373 4693 420 4744 εί
460 4691 729 4761 ἠθέλησας
757 4691 965 4757 θυσίαν,
999 4693 1172 4746 ἔδωκα
1209 4693 1294 4757 ἂν,
1320 4694 1740 4765 ὁλοκαυτώματα

139 4783 262 4834 οὐκ
313 4782 645 4853 εύδοκήσεις.
686 4784 858 4836 Θυσία
891 4785 966 4856 τῷ
1005 4783 1121 4856 Θεῷ
1157 4785 1369 4857 πνεῦμα
1419 4804 1738 4859 συντετριμ-

141 4873 330 4944 μένον
357 4914 370 4927 .
401 4876 640 4946 Καρδίαν
667 4878 1131 4949 συντετριμμένην
1157 4881 1250 4932 καὶ
1275 4881 1746 4952 τεταπεινωμένην

135 4968 176 5020 ὁ
213 4965 357 5028 Θεὸς
397 4967 496 5020 ούκ
525 4966 885 5028 ἐξουδενώσει.
918 4990 936 5022 ι
981 4972 1090 5024 Καὶ
1120 4973 1177 5025 έν
1202 4973 1381 5037 ἄλλοις
1406 4991 1418 5003 ο
1459 4993 1476 5023 ‹
1507 4975 1588 5028 Τὰ
1629 4974 1746 5027 ὀλο-

134 5057 504 5129 καυτώματα
523 5061 675 5131 ὑμῶν
699 5062 791 5115 καὶ
811 5064 866 5117 αἱ
886 5065 1063 5117 θυσίαι
1087 5066 1184 5136 ούχ
1208 5067 1408 5135 ἦδυνάν
1441 5085 1551 5138 μοι.
1574 5088 1591 5119 i
1627 5070 1776 5120 Ἔτι·

133 5155 208 5209 δὲ
245 5152 348 5207 καὶ
374 5156 433 5207 ὲν
454 5154 532 5226 τῷ
570 5156 807 5229 Ἱερεμίᾳ
827 5175 840 5187 ·
896 5178 915 5209 ‹
941 5160 1014 5212 Ob
1042 5159 1236 5225 ταῦτα,
1263 5163 1445 5230 φησὶν,
1479 5163 1744 5216 ἐνετειλά-

138 5264 270 5319 μην
295 5248 411 5311 τοῖς
437 5252 705 5321 πατράσιν
743 5247 984 5324 ὑμῶν,“ᾗ
1022 5255 1204 5324 ἡμέρᾳ
1238 5254 1511 5324 ἀνήγαγον
1547 5254 1742 5318 αὐτοὺς

133 5344 218 5392 ὲκ
253 5341 366 5410 γῆς
395 5340 692 5410 Αἰγύπτου,
727 5344 856 5415 περὶ
886 5343 1348 5416 ὁλοκαυτωμάτων
1395 5347 1487 5399 καὶ
1515 5345 1704 5408 θυσίας
1725 5364 1738 5376 ο

130 5434 276 5488 ἀλλ’
321 5433 354 5503 ἢ
412 5434 473 5486 τὸ
523 5435 672 5506 ῥῆμα
719 5435 875 5490 τοῦτο
918 5437 1268 5508 ἐνετειλάμην
1314 5439 1494 5501 αὐτοῖς
1531 5438 1736 5506 λέγων·

223 5597 272 5668 ξ’
317 5592 458 5648 Psal.
489 5609 598 5658 ωε,
641 5596 694 5655 4,
723 5596 776 5652 Ei.
814 5596 866 5649 6.
943 5597 986 5626 ’³
1015 5598 1209 5651 Cenes.
1250 5613 1416 5661 xxi-il,
1453 5599 1540 5653 58.
1619 5597 1664 5630 ³³
1696 5598 1736 5652 Ρ

1874 5613 2021 5663 xux,
2057 5596 2085 5649 7
2113 5608 2165 5652 et
2193 5614 2344 5668 seqq.

127 5668 188 5699 "
229 5665 416 5719 Jerem
479 5683 570 5729 vn,
604 5668 676 5720 ‘22
707 5677 759 5722 et
783 5682 931 5736 seqq.

1850 4603 2237 4658 honorifieabis
2271 4619 2376 4656 me.
2414 4622 2432 4654 ι
2464 4601 2529 4655 Ει
2557 4602 2610 4654 in
2636 4600 3088 4669 quinquagesimo
3115 4600 3160 4631 "
3186 4616 3199 4652 ε
3224 4619 3243 4652 ι
3280 4601 3426 4667 Quo-

1847 4697 1991 4750 niam
2021 4697 2064 4750 si
2103 4697 2362 4751 vnlnisses
2395 4693 2746 4759 sacrificium,
2778 4693 3049 4748 dedissem
3088 4694 3290 4762 utique,
3321 4693 3422 4747 ho-

1848 4788 2106 4842 locaustis
2134 4805 2237 4840 non
2271 4786 2649 4842 delectaberis.
2685 4785 3027 4839 Sacrificium
3062 4786 3170 4840 Deo
3197 4785 3423 4854 spiritus

1849 4879 2262 4933 contribulatus.
2316 4881 2423 4933 Cor
2460 4880 2756 4932 contritum
2791 4888 2845 4932 et
2896 4877 3232 4930 humiliatum
3285 4878 3425 4931 Deus

1847 4989 1953 5028 non
2001 4974 2282 5043 despiciet.
2319 4993 2337 5026 ι
2377 4974 2440 5028 Et
2473 4973 2600 5028 alibi
2623 4973 2704 5026 ’δε
2741 4991 2760 5023 ι
2793 4971 3120 5027 llolocausla
3158 4980 3335 5024 vestra
3370 4979 3424 5024 et

1849 5067 2116 5121 sacrificia
2150 5084 2253 5120 non
2291 5067 2700 5121 laetificaverunt
2735 5082 2838 5120 me.
2876 5084 2895 5116 ι
2934 5063 2988 5118 ln
3017 5063 3253 5118 .Icreinia
3288 5079 3423 5130 quo-

1848 5173 1980 5228 que:
2012 5178 2029 5210 ι
2053 5158 2169 5214 Non
2195 5161 2328 5227 ha:c,
2359 5161 2536 5230 inquit
2557 5162 2626 5225 ³⁷,
2659 5159 2906 5212 mandavi
2937 5157 3180 5226 patribus
3204 5157 3420 5222 vestris,

1848 5265 1954 5317 qua
1990 5251 2075 5305 die
2104 5253 2262 5305 eduxi
2296 5268 2389 5308 eos
2423 5253 2490 5308 de
2523 5263 2667 5307 terra
2702 5249 2954 5320 Egypti,
2985 5250 3050 5303 de
3089 5249 3424 5303 holocaustis

1848 5351 1903 5396 et
1935 5343 2228 5400 sacrificio.
2279 5345 2471 5400 Annon
2519 5345 2620 5399 hoc
2658 5344 2764 5398 illis
2803 5343 2982 5412 potius
3036 5341 3296 5409 imperavi
3338 5341 3419 5395 di-

1851 5450 2016 5491 cens:
2055 5436 2436 5508 Unusquisque
2481 5437 2743 5492 adversus
2773 5435 3074 5505 proximum
3109 5448 3263 5489 suum
3304 5450 3421 5488 ina-

2424 5596 2468 5628 "
2502 5596 2643 5652 Psal.
2677 5613 2728 5663 ι,
2763 5594 2847 5650 18.
2924 5592 2968 5624 ’⁸
2991 5593 3191 5648 Jerem.
3225 5607 3299 5658 v1,
3329 5591 3419 5648 20.

221 5798 350 5870 (97)
401 5796 460 5849 Ὀ
485 5797 551 5864 ἐξ
585 5798 807 5854 ἀδίκων
839 5801 1057 5867 πόρων,
1093 5816 1197 5857 etc.
1237 5803 1566 5866 Cordi-rius,
1618 5801 1740 5857 Barl

1848 5820 1913 5869 ιε,
1943 5804 2121 5872 Codex
2150 5802 2517 5857 Baroccianus
2539 5809 2592 5854 et
2613 5797 2728 5853 Roe
2754 5795 2806 5849 4.
