3822 6516
515 331 657 387 1147

1915 322 2005 382 EX
2045 321 2348 381 ORIGENE

3639 337 3724 393 ili!

515 453 688 509 titiam
743 452 1018 509 rescindat
1069 451 1135 507 de
1185 451 1350 508 corde
1397 465 1538 508 suo:
1577 464 1676 507 nec
1719 450 2070 523 jusjurandum

2201 449 2472 515 Ἕκαστος
2509 449 2651 504 κατὰ
2686 449 2778 504 τοῦ
2807 450 3037 523 πλησίον
3070 452 3127 506 ἐν
3151 453 3218 524 τῇ
3253 453 3458 526 καρδίᾳ
3687 481 3724 526 _.--

515 548 714 604 falsum
742 546 1012 617 diligatis:
1046 544 1182 600 Nam
1216 546 1334 601 haec
1371 546 1552 601 omnia
1584 546 1696 612 odi,
1725 546 1801 601 ait
1832 545 2090 601 Dominus

515 642 882 709 omnipotens.
915 659 934 692 ι
997 639 1283 694 Manifeste
1326 639 1493 709 igitur
1522 639 1608 695 his
1649 640 1903 695 omnibus
1937 641 2094 694 docet

519 731 796 800 inquirere
825 745 1069 798 quasnam
1120 728 1192 784 sit
1239 730 1638 786 sacriliciorum
1687 730 1858 794 ratio,
1896 731 2092 800 quibus

515 822 882 892 intelligeudis
911 823 1222 877 conducunt
1275 823 1494 877 oracula
1527 824 1704 878 divina
1736 839 1857 893 quae
1879 824 2088 879 dicunt:

520 934 539 964 ι
571 913 913 970 Sacriﬁcium
955 915 1060 969 Deo
1091 913 1316 983 spiritus
1351 915 1770 983 contrilmlatus,
1796 935 1814 970 ι
1837 918 2094 984 quemad-

514 1007 732 1060 modum
772 1017 828 1060 ct
863 1007 952 1060 hic
987 1025 1003 1062 :
1042 1005 1395 1062 «Sacriﬁcate
1429 1007 1758 1062 sacriﬁcium
1791 1008 2094 1080 justitite,et

513 1109 732 1167 sperate
780 1099 833 1154 in
869 1099 1114 1154 Domino.
1147 1118 1166 1153 ι
1209 1099 1325 1170 Ipse
1362 1114 1575 1170 quoque
1621 1101 1870 1158 Salvator
1896 1111 1951 1159 et
1989 1103 2094 1158 Do-

512 1191 696 1248 minus
727 1201 936 1258 noster,
967 1207 1061 1247 eos
1087 1193 1182 1263 qui
1221 1192 1536 1264 prophetias
1566 1210 1669 1249 non
1698 1195 2090 1267 intelligebant,

513 1294 570 1340 et
619 1295 905 1358 propterea
945 1299 1334 1356 enrporeorum
1369 1285 1762 1344 sacriﬁciorum
1808 1288 2087 1358 impotenti

512 1394 701 1434 amore
724 1381 810 1444 ξιιιί
845 1389 1119 1450 stuporem
1155 1395 1323 1449 usque
1356 1378 1682 1446 ﬂagrabant,
1711 1379 1776 1433 ad
1813 1379 2086 1436 saniorem

512 1482 746 1526 mentem
779 1473 989 1528 reducit
1007 1472 1195 1528 dicens
1216 1473 1300 1526 ":
1337 1493 1355 1524 ι
1387 1471 1445 1527 Si
1480 1481 1660 1526 autem
1689 1472 1925 1536 sciretis,
1956 1474 2085 1544 quid

508 1575 628 1620 est:
666 1564 1093 1621 Misericordiam
1141 1565 1285 1631 volo,
1313 1575 1367 1620 et
1397 1580 1503 1619 non
1541 1564 1870 1619 sacriﬁcium
1899 1607 1914 1632 ,
1945 1581 2086 1620 nun-

506 1669 672 1723 quam
732 1657 1196 1712 condemnassetis
1242 1657 1582 1714 innocentes.
1631 1677 1650 1710 ι
1713 1657 1883 1714 Porro
1933 1659 2084 1716 locus

509 1750 650 1816 apud
679 1765 842 1804 unum
873 1751 937 1804 de
959 1750 1244 1804 duodecim
1279 1751 1576 1820 prophetis,
1605 1752 1659 1806 in
1694 1753 1838 1810 hunc
1862 1756 2078 1811 modum

2198 543 2625 614 μνησικακείτω,
2681 546 2774 598 καὶ
2813 544 2976 616 ὅρκον
3020 545 3186 617 ψευδῆ
3215 547 3290 617 μὴ
3334 548 3609 616 ἀγαπᾶτε·
3637 555 3716 602 1.21:

2193 632 2366 688 ταῦτα
2407 635 2582 689 πάντα
2611 634 2869 706 ἐμίσησα,
2901 635 3049 704 λέγει
3077 636 3283 708 Κύριος
3312 638 3722 711 παντοκράτωρ..

2194 728 2390 796 Σαφῶς
2434 722 2581 796 γοῦν
2614 727 2704 780 διὰ
2733 728 2936 781 τούτων
2983 729 3198 783 πάντων
3227 729 3480 784 διδάσκει
3519 731 3725 795 ἐξετάζει

2191 819 2276 883 τίς
2298 821 2326 872 ὁ
2355 821 2483 892 περὶ
2506 819 2614 874 τῶν
2640 820 2839 875 θυσιῶν
2857 822 3052 887 τόπος·
3088 823 3179 876 καὶ
3203 823 3510 878 ύποῦἀλλει
3542 841 3599 892 γε
3619 827 3726 892 ita;

2197 912 2303 983 μὰς
2329 912 2396 966 τά
2421 912 2574 982 λόγια
2603 913 2829 982 λέγοντα
2852 930 2867 945 ’
2907 934 2926 966 ι
2951 914 3042 986 Τῷ
3065 915 3184 986 Θεῷ
3206 916 3370 969 θυσία
3403 916 3623 984 πνεῦμα
3648 936 3724 970 πρ

2192 1003 2553 1076 τετριμμένον
2574 1021 2586 1034 ’
2613 1023 2632 1056 ι
2685 1004 2873 1078 ὥσπερ
2905 1006 2998 1059 καὶ
3020 1006 3206 1060 ἐνθάδε
3229 1023 3243 1036 ·
3299 1026 3318 1058 ι
3341 1006 3417 1059 Θύ
3429 1023 3566 1058 ante
3597 1006 3723 1062 θέτε,

2193 1093 2564 1166 δικαιοσύνης,
2611 1097 2703 1150 καὶ
2751 1095 3009 1151 ἐλπίσατε
3054 1098 3146 1151 ἐπὶ
3175 1097 3403 1170 Κύριον.
3433 1117 3457 1149 ι
3497 1099 3722 1162 K111173—

2190 1185 2247 1239 δὲ
2274 1188 2302 1240 ὁ
2335 1186 2525 1258 Σωτὴρ
2553 1187 2647 1241 καὶ
2679 1187 2881 1260 Κύριος
2908 1189 3065 1260 ἡμῶν
3095 1190 3417 1262 ἐπιστρέφει
3445 1193 3576 1253 10%.;
3607 1195 3665 1261 μή
3681 1212 3722 1244 τι

2191 1277 2383 1343 οὖντας
2408 1279 2475 1332 τὰ
2503 1281 2836 1353 πῳφητικά,
2867 1282 2959 1335 καὶ
2982 1281 3071 1336 διὰ
3105 1281 3262 1336 τοῦτο
3301 1283 3437 1354 περὶ
3472 1283 3568 1346 τὰς
3593 1301 3720 1354 σωκρ-

2188 1370 2346 1434 τικὰς
2375 1371 2561 1436 θυσίας
2593 1372 2980 1444 ἐπτοημένους,
3013 1374 3204 1443 λέγων’
3253 1395 3270 1426 ι
3293 1376 3363 1428 El
3390 1375 3453 1428 δὲ
3494 1376 3718 1444 tyrias:

2186 1465 2240 1518 τί
2271 1467 2446 1520 ἐστιν’
2483 1465 2669 1531 Ἔλεος
2700 1466 2837 1521 θέλω
2877 1469 2970 1521 καὶ
3002 1470 3063 1522 οὐ
3097 1468 3310 1531 θυσίαν,
3339 1469 3446 1522 ούκ
3478 1469 3544 1522 ἂν
3569 1476 3716 1524 κατεῖ..

2186 1557 2389 1612 κάσατε
2435 1560 2561 1622 τοὺς
2600 1559 2890 1623 ἀναιτίους.
2920 1578 2940 1611 ι
2989 1562 3181 1615 Κεῖται
3229 1561 3286 1614 δὲ
3339 1563 3379 1630 ἡ
3413 1561 3562 1626 λέξῃ
3602 1564 3646 1613 εει
3674 1567 3712 1615 ἐν

2184 1651 2292 1706 τῶν
2325 1651 2530 1705 δώδεκα
2574 1650 2747 1717 οὕτως
2792 1652 3026 1723 ἔχουσα·
3078 1671 3098 1705 ι
3141 1654 3283 1707 Διότι
3328 1654 3487 1718 ἔλεος
3519 1655 3638 1708 θέλω
3661 1678 3710 1710 ιτς
3778 1687 3779 1694 ι

2187 1744 2247 1795 οὐ
2280 1743 2492 1808 θυσίαν,
2523 1742 2817 1812 ἐπίγνωσιν
2852 1742 2986 1796 Θεοῦ
3019 1743 3052 1814 ἦ
3094 1743 3558 1814 ὁλοκαυτώματα.
3603 1750 3712 1798 Vir.

507 1842 715 1910 positus
743 1849 827 1896 est
865 1843 944 1896 "2
1001 1859 1020 1892 ι
1051 1840 1184 1908 Quia
1214 1842 1645 1899 misericordiam
1685 1847 1805 1900 volo
1827 1889 1842 1913 ,
1884 1856 1939 1902 et
1973 1865 2070 1904 non

2185 1836 2244 1890 δὲ
2271 1837 2442 1890 ταῦτα
2465 1837 2752 1908 νομοθεσία
2777 1837 2892 1890 ἐστὶ
2920 1837 3046 1910 περὶ
3064 1836 3286 1902 θυσιῶν,
3319 1836 3563 1900 ἐδίδαξεν
3581 1840 3604 1891 e’
3621 1840 3712 1891 [hl-

507 1935 876 1990 sacrihcium:
915 1934 1198 1990 scientiam
1234 1936 1322 1991 Dei
1367 1936 1649 2008 plusquam
1686 1940 2024 1996 holocausta.
2057 1961 2075 1995 ι

506 2025 632 2081 llaec
667 2035 846 2080 autem
890 2025 958 2080 de
1002 2025 1286 2080 sacriﬁciis
1333 2028 1506 2097 legem
1540 2045 1659 2084 esse
1699 2031 1853 2087 docet
1884 2033 2080 2090 Paulus

503 2118 689 2170 dicens
719 2117 811 2170 '°:
861 2135 880 2169 ι
913 2116 1012 2183 Qui
1063 2117 1358 2188 exemplari
1414 2128 1467 2174 et
1517 2124 1722 2178 umbra
1770 2125 2080 2180 deserviunt

503 2209 828 2264 cmlestium.
858 2229 877 2263 ι
931 2210 992 2264 Εἰ
1023 2226 1157 2278 ergo
1186 2211 1277 2280 qui
1322 2211 1466 2282 leges
1497 2216 1566 2271 de
1607 2218 1895 2275 sacriﬁciis
1929 2221 2076 2292 legit,

500 2301 661 2355 enixe
691 2300 1046 2357 laborandum
1070 2311 1154 2356 est
1181 2312 1238 2356 ut
1258 2317 1352 2359 eas
1382 2314 1610 2377 utroque
1634 2311 1795 2366 modo
1819 2314 2076 2384 explicet,

500 2404 554 2470 et
579 2407 673 2447 eas
697 2402 808 2447 tum
835 2393 988 2463 juxta
1020 2393 1320 2464 ﬁguralem,
1349 2405 1458 2451 tum
1479 2398 1635 2470 juxta
1660 2405 2075 2461 rcconditiorem

499 2494 556 2540 et
587 2487 874 2557 mysticum
921 2503 1138 2543 sensum
1192 2491 1482 2561 expendat.
1533 2491 1658 2548 Haec
1692 2499 2016 2567 compendio
2047 2515 2076 2553 a

503 2577 659 2632 nobis
691 2581 978 2633 observata
1015 2592 1142 2638 sunt
1172 2624 1187 2649 ,
1239 2585 1658 2653 explanantibus
1700 2587 1863 2644 illud:
1925 2608 1943 2642 ι
1976 2593 2078 2646 Sa-

498 2669 742 2726 criﬁcnle
791 2673 1118 2728 sacriﬁcium
1173 2676 1440 2743 justitiaa,
1492 2697 1512 2729 υ
1571 2687 1625 2733 et
1678 2694 2076 2752 consequenter

498 2759 673 2815 istud:
711 2781 730 2813 ι
763 2761 989 2832 Sperate
1033 2767 1085 2820 in
1121 2767 1366 2822 Domino.
1393 2787 1414 2820 ι
1457 2766 1642 2841 Neque
1671 2772 1814 2827 enim
1848 2789 2076 2830 consen-

501 2861 717 2906 taneum
751 2865 834 2909 est
869 2865 924 2910 ut
959 2857 1083 2926 quis
1132 2869 1313 2927 speret
1342 2901 1357 2926 ,
1408 2873 1697 2933 antequam
1727 2866 1871 2935 juste
1906 2878 2069 2936 agat:

495 2945 545 2998 ei
583 2955 762 2999 autem
794 2949 882 3014 qui
913 2948 1058 3017 justc
1088 2952 1234 3020 agit,
1270 2952 1396 3009 licet
1429 2955 1774 3013 conﬁdenter
1804 2973 2028 3028 sperare
2055 2999 2071 3026 ,

495 3045 551 3087 et
583 3035 792 3089 [tornini
822 3036 966 3091 bona
994 3048 1335 3108 exspectare.
1360 3041 1494 3111 Spes
1518 3043 1661 3097 enim
1693 3052 1771 3098 est
1802 3045 2070 3100 bonorum

494 3128 856 3196 exspectatio.
894 3128 1160 3195 Quoniam
1217 3146 1346 3188 vero
1375 3148 1406 3188 a
1443 3134 1627 3190 multis
1674 3137 1839 3204 quaeri
1891 3137 2065 3205 solet,
2096 3159 2140 3219 ο

495 3233 622 3270 unm
651 3218 734 3272 \‘ir
763 3220 964 3289 probus
1003 3222 1202 3291 aliquid
1235 3233 1457 3293 speret,
1510 3242 1632 3281 cum
1679 3227 1761 3281 vir
1796 3229 2068 3297 perfectus

493 3311 712 3364 virtutis
739 3313 956 3380 praemia
981 3311 1093 3380 jam
1123 3317 1409 3385 receperit,
1442 3332 1543 3372 nec
1573 3318 1679 3372 ulla
1712 3335 1772 3374 re
1804 3321 2065 3391 indigeat,

492 3417 557 3456 ac
584 3412 866 3473 propterea
899 3406 1029 3461 nihil
1063 3418 1267 3475 speret,
1297 3424 1482 3464 eorum
1515 3411 1658 3466 enim
1693 3429 1814 3484 qua:
1850 3417 2066 3482 desunt,

492 3505 576 3548 est
603 3510 765 3563 spes,
816 3512 1047 3568 cumque
1081 3499 1304 3555 alterius
1353 3503 1424 3555 sit
1469 3503 1604 3558 bene
1652 3520 1873 3575 sperare
1897 3549 1911 3574 ,
1942 3524 2065 3568 nam

491 3587 676 3653 probis
727 3603 944 3660 seraper
995 3592 1130 3645 bona
1178 3593 1283 3646 alia
1335 3609 1400 3648 ex
1463 3595 1584 3650 aliis
1624 3599 1878 3654 continua
1926 3599 2068 3656 serie

490 3681 939 3754 succeduntmge
967 3699 1063 3738 nos
1089 3699 1304 3754 quoque
1326 3684 1481 3754 juxta
1513 3687 1921 3758 Scripturarum
1950 3708 2071 3747 sen-

490 3772 714 3826 tentiam
741 3814 757 3839 ,
801 3775 866 3829 de
912 3774 1014 3830 hac
1045 3779 1348 3845 quaestione
1396 3795 1568 3847 pauca
1616 3785 2063 3852 perstringamus.

490 3861 806 3918 Clarissime
861 3880 988 3920 sane
1018 3908 1033 3932 ,
1091 3875 1147 3921 ut
1180 3884 1460 3938 speremus
1495 3873 1546 3926 in
1599 3875 1826 3930 Domino
1853 3917 1867 3941 ,
1910 3892 2064 3933 sacra

490 3969 588 4010 nos
604 3956 816 4026 eloquia
837 3957 1213 4013 adhortantur.
1243 3980 1260 4012 ι
1287 3960 1480 4032 Speret
1502 3984 1519 4016 ι
1543 3966 1712 4032 enim,
1733 3967 1982 4038 inquiunt
1999 3971 2064 4040 ³¹,

493 4066 515 4100 ι
547 4045 709 4103 lsrael
741 4049 793 4102 in
828 4048 1083 4116 Domino;
1111 4071 1130 4103 ι
1171 4062 1224 4106 et
1255 4055 1297 4084 δ’
1319 4095 1334 4119 ,
1385 4075 1404 4106 ι
1439 4057 1639 4111 Domus
1678 4059 1837 4114 lsrael
1874 4077 2064 4132 Spera-

487 4141 567 4193 vit
615 4141 667 4194 in
722 4140 951 4196 Domino
977 4180 993 4208 ,
1027 4143 1240 4212 adjutor
1269 4161 1455 4200 eorum
1502 4147 1666 4220 564
1698 4161 1750 4204 ct
1786 4163 2064 4222 protector

487 4248 674 4286 eorum
707 4243 807 4288 est.
835 4254 853 4286 ι
882 4235 934 4288 1η
968 4239 1316 4306 nonagesimo
1343 4249 1519 4294 autem
1550 4243 1778 4309 psalmo,
1806 4263 1907 4300 uua
1941 4265 2060 4302 cum

485 4326 610 4380 aliis
655 4329 1110 4398 prnmissionibus
1151 4331 1390 4399 perfecto
1428 4333 1542 4386 viro
1579 4337 1777 4390 dicitur
1817 4339 1944 4392 illud
1975 4341 2060 4396 ³³ε

491 4440 510 4473 ι
542 4419 788 4490 Scapulis
819 4425 929 4476 suis
957 4427 1301 4482 obumbrabit
1337 4429 1454 4492 tibi,
1489 4438 1540 4482 et
1576 4432 1675 4485 sub
1724 4433 1913 4500 pennis
1948 4433 2061 4500 ejus

484 4514 729 4581 sperabis
759 4533 773 4581 ;
818 4525 975 4571 scuto
1002 4517 1364 4572 circumdabit
1393 4528 1444 4574 te
1472 4520 1682 4574 veritas
1705 4523 1841 4589 ejus.
1874 4542 1891 4573 ι
1929 4521 2060 4577 Pau-
2091 4511 2134 4565 Ι)

481 4604 567 4662 ius
616 4615 794 4659 autem
829 4607 882 4660 in
923 4624 1030 4677 quo
1065 4609 1260 4679 pendet
1295 4609 1379 4666 lex
1415 4620 1470 4667 et
1520 4615 1797 4683 propheta:
1822 4654 1837 4680 ,
1871 4615 2059 4672 volens

481 4697 771 4751 ostendere
801 4699 975 4766 qualis
1001 4701 1071 4753 sit
1098 4701 1444 4771 (charitatcm
1479 4705 1621 4774 dico)
1649 4706 1725 4759 ait
1749 4707 1829 4761 διε
1871 4727 1888 4759 ι
1911 4707 2056 4762 Cha-

483 4786 620 4840 ritas
655 4787 835 4840 omnia
873 4791 1079 4855 credit,
1109 4793 1293 4847 omnia
1333 4804 1514 4864 sperat
1541 4833 1554 4856 .
1585 4798 1766 4850 omnia
1803 4800 2053 4854 sustinet.

481 4879 734 4935 Charitas
765 4897 1034 4953 nunquam
1071 4886 1287 4940 excidit.
1322 4905 1340 4937 ι
1379 4885 1531 4952 Quod
1574 4888 1618 4942 si
1651 4905 1922 4960 nunquam
1962 4909 2056 4947 ex-

479 4971 666 5026 cidere
700 4972 927 5043 perfecti
967 4976 1067 5029 viri
1100 4986 1182 5029 est
1213 4991 1347 5045 opus
1383 4979 1523 5045 quod
1559 4995 1589 5032 a
1624 4980 1894 5036 charitate
1925 5000 2052 5051 pro-

482 5062 749 5118 ﬁciscitur
771 5105 786 5130 ,
818 5065 962 5120 illius
990 5067 1152 5120 etiam
1183 5067 1272 5134 qui
1302 5082 1360 5122 re
1384 5070 1626 5136 qualibet
1666 5071 1929 5128 laboriosa
1960 5090 2052 5128 su-

479 5156 662 5222 perior
680 5166 784 5223 est,
815 5157 922 5210 erit
943 5157 1123 5210 omnia
1152 5167 1374 5225 propter
1396 5163 1725 5217 charitatem
1759 5167 2048 5232 sustinere,

479 5257 533 5300 et
559 5248 738 5302 omnia
771 5248 1010 5309 credere,
1042 5247 1301 5304 nimirum
1334 5268 1452 5322 quae
1485 5264 1628 5321 sunt,
1655 5265 1709 5312 et
1745 5273 1869 5312 vera
1904 5269 2048 5314 sunt.

477 5338 661 5407 Neque
685 5340 831 5393 enim
858 5340 1000 5394 inter
1025 5343 1208 5396 omnia
1234 5346 1507 5400 censenda
1538 5357 1664 5402 sunt
1689 5348 1822 5404 falsa
1853 5351 2050 5420 quippe

475 5447 597 5501 qnze
643 5446 710 5486 ne
742 5433 964 5487 omnino
1004 5435 1224 5503 quidem
1274 5447 1422 5491 sunt.
1464 5438 1596 5492 Nam
1649 5440 1736 5508 qui
1785 5442 2052 5497 charitate

475 5523 731 5593 praeditus
765 5533 850 5580 est
875 5566 890 5590 ,
925 5525 1202 5595 perlectus
1243 5535 1298 5582 et
1345 5527 1563 5583 stabilis
1611 5539 1692 5584 est
1727 5530 1778 5584 in
1827 5532 2048 5588 salutari

477 5617 600 5680 ﬁde,
617 5633 739 5688 qua?
766 5628 851 5674 est
876 5619 946 5676 de
965 5634 1179 5690 quaque
1201 5635 1259 5675 re
1285 5621 1352 5676 ad
1374 5623 1701 5678 credendum
1723 5628 2047 5691 necessaria,

575 5735 621 5811 ’ξ
649 5735 987 5811 Ma_t_tl_n.__xu,
1019 5737 1072 5791 6.
1164 5740 1210 5771 ”
1245 5739 1404 5799 Osce.
1439 5758 1510 5811 vr,
1547 5743 1600 5799 6.

474 5816 560 5869 xc,
589 5804 642 5859 4.
719 5807 765 5838 ⁸⁵
795 5807 813 5862 Ι
843 5809 969 5864 Cor.
1005 5823 1122 5876 xm,
1155 5811 1208 5866 5.

1700 5744 1742 5776 ³ο
1769 5745 1933 5802 llebr.
1963 5763 2102 5816 rlm,
2135 5749 2187 5804 '5.

2183 1929 2275 1992 λος
2302 1927 2470 1983 είπὼν
2522 1929 2604 1982 τό⁶
2642 1947 2660 1979 ι
2689 1928 2898 1992 Οἴτινες
2940 1928 3304 1998 ὑποδείγματι
3357 1927 3462 1980 καὶ
3512 1930 3623 1998 σκιᾷ
3653 1930 3709 1981 is-

2181 2023 2432 2095 τρεύουσι
2463 2024 2572 2076 τῶν
2605 2022 2958 2094 ἐπουρανίων.
2985 2041 3002 2074 ι
3059 2022 3433 2091 Ἀγωνιστέον
3483 2021 3632 2075 τοίνυν
3663 2025 3706 2092 αξ.

2181 2115 2558 2186 ἐντυγχάνοντι
2593 2117 2705 2180 τοῖς
2736 2117 2865 2188 περὶ¹
2908 2115 3108 2169 θυσιῶν
3138 2116 3329 2186 νόμοις
3375 2115 3633 2186 suae?“
3652 2119 3706 2167 1'.-

2179 2211 2306 2272 τοὺς
2349 2206 2728 2280 διηγήσασθαι,
2762 2209 2904 2262 κατά
2948 2226 3005 2261 τε
3031 2208 3090 2260 τὸ
3121 2207 3468 2278 συμβολικὸν
3500 2210 3582 2260 καὶ
3619 2227 3702 2260 ιπλ

2178 2301 2238 2355 τὸ
2271 2300 2705 2374 ἀπορῤητότερον
2750 2300 2845 2354 καὶ
2893 2301 3153 2372 μυστικὸν
3207 2299 3546 2364 ἐξετάζον-τι.
3585 2302 3702 2353 Τιίτι

2179 2396 2236 2447 ἐν
2265 2395 2498 2467 ἐπιτομῇ
2527 2397 2558 2465 ή
2569 2399 2660 2464 μίν
2707 2394 3076 2463 σεσημείωστο
3104 2393 3470 2464 βουλομένοις
3516 2394 3702 2464 δίῃ-ἠτι-

2181 2489 2301 2542 σθαι
2331 2488 2417 2551 τὸ,
2448 2507 2467 2539 ι
2491 2488 2699 2542 Θύσατε
2733 2488 2923 2542 θυσίαν
2959 2487 3314 2558 δικαιοσύνης
3337 2505 3353 2517 ·
3387 2507 3408 2536 ι
3445 2490 3536 2540 καὶ
3556 2490 3702 2539 ἁτέηᾲ

2177 2577 2287 2642 θως
2314 2577 2399 2642 τὸ,
2438 2598 2456 2630 ι
2497 2579 2780 2633 Ἐλπίσατε
2815 2580 2905 2633 ἐπὶ
2928 2579 3150 2650 Κύριον.
3176 2595 3197 2631 ι
3244 2579 3321 2631 Οὐ
3359 2578 3473 2651 γὰρ
3506 2580 3625 2632 ἐστιν
3648 2583 3702 2631 5;-

2177 2670 2351 2739 λόγως
2383 2671 2600 2725 ἐλπίσαι
2656 2654 2786 2744 πρὶν
2825 2671 3237 2741 δικαιοποιῆσαι
3263 2689 3277 2701 ·
3317 2672 3404 2743 τῷ
3454 2673 3703 2741 δικαιοπρα-

2175 2759 2360 2830 γοῦντι
2389 2761 2445 2816 δὲ
2476 2763 2810 2826 πεποιθότως
2848 2760 2992 2816 ἔστιν
3019 2763 3261 2828 ἐλπίσαι,
3294 2765 3401 2818 καὶ
3442 2767 3508 2818 si
3532 2765 3608 2817 τοῦ
3627 2767 3696 2817 Κδ-
3778 2757 3779 2820 ξ

2180 2854 2293 2924 ρίου
2327 2853 2507 2923 ἀγαθά
2550 2855 2916 2927 προσδοκῆσαι
2937 2873 2950 2886 ⁸
2985 2856 3143 2920 ἐλπὶς
3171 2858 3287 2929 γάρ
3321 2861 3445 2910 ἐστι
3479 2859 3700 2928 aperit:

2174 2945 2415 3015 ἀγαθῶν.
2457 2947 2610 2999 Ἐπεὶ
2638 2947 2683 3000 δ’
2710 2946 2967 3020 ἐζήτηται
2997 2949 3150 3021 παρά
3179 2949 3428 3014 πολλοῖς,
3477 2954 3521 3003 εξ

2174 3037 2270 3089 καὶ
2295 3034 2498 3104 ἀγαθὸς
2536 3035 2745 3089 ἐλπίσει
2777 3053 2850 3102 τι,
2887 3038 2961 3100 ὡς
2992 3037 3084 3091 τοῦ
3117 3039 3334 3091 τελείου
3383 3038 3635 3108 ἀπέχοντος
3655 3041 3698 3090 τὰ

2175 3128 2375 3196 ἀγαθὰ,
2414 3131 2507 3183 καὶ
2539 3130 2597 3184 ἐν
2636 3114 3206 3195 οὐδενὶ-ἐλλείποντος,
3245 3134 3346 3186 καὶ
3371 3132 3462 3185 διὰ
3494 3132 3618 3184 wh.
3641 3135 3696 3183 οὶο

2175 3217 2264 3272 δὲν
2296 3217 2622 3285 ἐλπίζοντος,
2655 3220 2901 3276 ἀπόντων
2946 3221 3054 3292 γάρ
3101 3221 3254 3274 ἐστιν
3283 3223 3318 3293 ἡ
3361 3223 3530 3286 ἐλπξ,

2172 3309 2229 3364 δὲ
2270 3309 2364 3364 τοῦ
2399 3307 2536 3364 εἶναι
2569 3313 2812 3384 χρηστὰς
2860 3313 3103 3377 ἐλπίδας,
3159 3315 3251 3367 ἀεὶ
3303 3319 3423 3378 τοῖς
3460 3314 3614 3377 καλιῇ
3635 3318 3692 3365 ιιεὲ

2173 3404 2397 3473 ἀγαθοῖς
2421 3406 2638 3475 ἀγαθῶν
2667 3407 2734 3460 τὰ
2772 3408 2949 3477 ἀγαθὰ
2980 3408 3158 3463 αὐτῶν
3191 3411 3551 3480 συνεχέστατα
3578 3410 3690 3461 διεξε-

2172 3497 2416 3569 χομένων
2435 3513 2457 3528 ·’
2480 3499 2611 3570 φέρε
2634 3499 2729 3552 καὶ
2750 3502 2911 3571 ἡμεῖς
2940 3500 3094 3569 ὀλίγα
3124 3501 3272 3554 κατὰ
3293 3502 3359 3554 τὸ
3389 3501 3604 3572 βούλημα
3624 3501 3688 3551 τᾷτ.
3778 3491 3779 3500 “

2169 3588 2404 3660 Γραφῶν
2424 3607 2491 3642 πε
2499 3591 2552 3660 ρὶ
2575 3589 2667 3642 τοῦ
2689 3591 3071 3662 προϐλήματος
3089 3591 3334 3645 διαλάϐω
3341 3609 3462 3662 μεν.
3491 3593 3688 3659 Sagra.

2169 3699 2238 3736 τα
2269 3682 2332 3754 δὴ
2360 3683 2758 3756 προτρέπουσιν
2781 3686 2925 3756 ἡμᾶς
2947 3684 3185 3748 ἐλπίζειν
3207 3686 3304 3738 ἐπὶ
3325 3685 3526 3756 Κύριον
3545 3685 3687 3748 τὰὶερι

2170 3775 2348 3843 λόγια.
2396 3795 2413 3827 ι
2440 3776 2744 3830 Ἐλπισάτω
2781 3795 2799 3828 ι
2848 3778 2978 3849 γὰρ,
3009 3778 3194 3849 φησιν,
3224 3798 3244 3829 ι
3298 3779 3512 3850 Ἰσραὴλ
3540 3778 3608 3828 ἐπὶ
3630 3779 3683 3826 7-1:-

2169 3866 2393 3937 Κύριον·
2409 3885 2426 3920 ι
2453 3865 2574 3935 καὶ,
2592 3885 2610 3918 ι
2631 3863 2791 3931 υἷκος
2817 3869 3032 3941 Ἰσραὴλ
3050 3869 3280 3941 ἧλπισεν
3308 3871 3406 3924 ἐπὶ
3421 3871 3680 3939 ebrii-39m-

2171 3958 2362 4030 βοηθὸς
2409 3959 2588 4014 αὐτῶν
2621 3961 2713 4014 καὶ
2769 3962 3182 4035 ὑπερασπιστὴς
3212 3964 3404 4016 αὐτῶν
3438 3966 3592 4017 im.»
3629 3961 3680 4012 Ῐεῖι

2166 4052 2222 4105 δὲ
2255 4053 2443 4124 τελείῳ
2467 4054 2523 4104 ἐν
2553 4052 2632 4124 τῷ
2665 4053 3031 4124 ἐννενηκοστῷ
3054 4054 3255 4125 ψαλμῷ
3281 4057 3426 4126 μετά
3450 4057 3544 4107 τῶν
3569 4055 3676 4107 ille.

2168 4145 2506 4214 ἐπαγγελιῶν
2533 4144 2750 4213 λέγεται
2781 4143 2873 4210 τὸ,
2900 4164 2917 4197 ι
2941 4147 3028 4200 Ἐν
3063 4150 3170 4211 τοῖς
3199 4151 3550 4221 μεταφρένοις
3573 4145 3680 4200 αἰτξᾷ

2166 4236 2472 4289 ἐπισκιάσει
2499 4253 2602 4300 σοι,
2635 4236 2728 4290 καὶ
2757 4237 2860 4290 ὑπὸ
2892 4237 2990 4301 τὰς
3023 4239 3302 4309 πτέρυγας
3330 4240 3496 4293 αὑτοῦ

2167 4326 2354 4396 Ὅπλῳ
2383 4324 2653 4380 κυκλώσει
2682 4343 2740 4379 σε
2773 4329 2805 4399 ἠ
2840 4327 3060 4399 ἀλήθεια
3088 4329 3271 4382 αὑτοῦ.
3306 4349 3323 4381 ι
3380 4331 3440 4383 ὐ
3466 4330 3517 4382 δὲ
3537 4327 3680 4386 ila-lix;

2165 4419 2223 4473 ἐν
2253 4412 2296 4487 ᾧ
2323 4419 2594 4489 κρέμαται
2631 4420 2660 4472 ό
2706 4418 2870 4490 νόμος
2895 4420 2988 4472 καὶ
3015 4422 3061 4473 oi
3097 4423 3400 4492 προφῆται,
3434 4422 3678 4491 scaeam:

2165 4511 2513 4581 παραστῆσαι
2539 4512 2718 4575 ὁποῖός
2745 4514 2882 4574 ἐστι,
2911 4512 3072 4583 (λέγω
3113 4514 3170 4566 δὲ
3197 4515 3295 4585 τὴν
3319 4515 3532 4584 ἀγάπην
3554 4533 3583 4560 ·ι
3609 4530 3677 4580 ςή-

2166 4606 2248 4660 σίν
2271 4624 2282 4638 :
2321 4624 2338 4655 ι
2359 4605 2423 4658 Ἦ
2446 4604 2633 4676 ἀγάπη
2663 4604 2838 4658 πάντα
2866 4606 3127 4670 πιστεύει,
3158 4607 3335 4659 πάντα
3360 4607 3569 4670 ἐλπίζει.
3593 4623 3676 4656 ταν

2161 4715 2231 4752 τα
2273 4696 2570 4767 ὑπομένει·
2619 4699 2651 4768 ἡ
2683 4697 2884 4768 ἀγάπη¹
2920 4697 3173 4750 οὐδέποτε
3221 4700 3495 4752 ἐκπίπτει.
3527 4719 3542 4749 ι
3576 4698 3620 4749 Ei
3643 4696 3676 4746 ἑὲ

2161 4792 2222 4845 τὸ
2267 4792 2537 4863 μηδέποτε
2580 4790 2867 4844 ἐκπίπτειν
2891 4791 3098 4844 τελείου
3126 4792 3273 4844 ἐστὶν
3315 4794 3491 4864 ἔργον,
3521 4795 3676 4857 ἀγάπης

2161 4884 2426 4956 ὑπάρχον,
2475 4884 2570 4938 καὶ
2616 4884 2676 4936 τὸ
2707 4883 2884 4936 πάντα
2916 4884 3206 4954 ὑπομένειν
3247 4885 3336 4938 διὰ
3379 4886 3479 4957 τὴν
3516 4883 3673 4950 ira?)

2163 4975 2417 5047 ὑπεράνω
2459 4974 2741 5044 γινομένου
2773 4971 2972 5035 παντὸς
3013 4963 3290 5038 ἐπιπόνου,
3341 4976 3432 5028 καὶ
3474 4975 3529 5026 τὸ
3552 4973 3672 5023 sit:

2163 5069 2458 5134 πιστεύειν,
2490 5068 2647 5138 δῆλον
2675 5067 2720 5120 δ’
2749 5068 2827 5120 ὅτι
2851 5068 2919 5121 τὰ
2942 5066 3073 5119 ὅντα
3095 5066 3186 5119 καὶ
3205 5066 3274 5118 τὰ
3297 5067 3470 5136 ἀληθῆ
3492 5084 3502 5094 ·
3528 5067 3576 5118 οὐ
3603 5065 3668 5129 τὰς

2160 5166 2218 5216 ἐν
2261 5165 2374 5225 τοῖς
2414 5163 2546 5214 πᾶσι
2586 5160 2655 5213 τὰ
2689 5161 2856 5230 ψευδῆ
2902 5159 3251 5231 ἀριθμητὲον,
3284 5159 3381 5229 τὴν
3412 5160 3566 5229 ἀρχὴν
3592 5158 3666 5207 cli

2159 5257 2305 5310 ὄντα.
2359 5255 2417 5307 '0
2460 5253 2568 5324 γὰρ
2611 5251 2709 5323 τὴν
2754 5252 2973 5321 ἀγάπην
3005 5249 3354 5322 κατορθώσας
3401 5251 3580 5309 τέλειος
3611 5245 3667 5295 ui

2161 5347 2375 5418 βέϐαιος
2403 5347 2459 5398 ἐν
2500 5349 2566 5416 τῇ
2610 5344 2865 5415 σωτηρίῳ
2904 5344 3083 5396 πίστει
3115 5347 3180 5414 τῇ
3207 5345 3329 5414 περὶ
3366 5345 3481 5405 ἐνὸς
3500 5343 3664 5395 ἐπάτει.

2158 5441 2267 5494 τῶν
2316 5439 2638 5494 πιστοῦσθαι
2681 5437 2994 5506 ἀναγκαίων
3029 5438 3142 5490 ἐστί
3167 5452 3182 5466 ⁸
3223 5437 3382 5506 δῆλον
3409 5438 3485 5488 ὅτι
3525 5435 3596 5485 καὶ
3627 5448 3664 5481 τι

2161 5535 2338 5589 πάντα
2370 5534 2632 5598 ἐλπίζειν,
2674 5532 2767 5585 καὶ
2819 5531 2982 5602 μηδὲν
3009 5530 3316 5602 δυναμένων
3352 5530 3488 5598 ἁγίῳ

2161 5629 2284 5683 σθαι
2313 5626 2732 5696 ἀπογινώσκειν,
2764 5623 2974 5687 οὐδενὸς
3010 5623 3170 5678 ἄλλου
3197 5623 3228 5693 ῆ
3260 5621 3349 5675 10':-
3382 5621 3546 5691 τελείᾳ
3569 5616 3660 5683 thri-

2927 5743 2970 5774 ³²
3005 5741 3146 5797 Psal.
3177 5757 3320 5804 cxm,
3349 5741 3404 5796 9.
3505 5733 3657 5791 "P91.

3502 5736 3780 6486 Π

2323 5749 2361 5780 ³⁸
2398 5746 2545 5804 Psal.
2569 5760 2735 5811 ουκ,
2772 5745 2828 5809 5,
