3822 6504
163 389 308 447 tua

1164 379 1470 439 SELECTA
1505 375 1572 433 ΙΝ
1613 371 1948 432 PSALMOS.
1976 401 2048 414 —
2079 368 2274 426 PSAL.
2317 366 2404 423 IV.

3285 364 3308 418 1
3330 363 3424 448 1⁸50

157 526 248 584 πῃ
288 510 696 582 κεκοσμημένον
733 507 892 581 ἔργον
938 507 1003 562 ἂν
1037 507 1206 576 ὑγιῶς
1251 505 1492 574 λέγοιτο·
1534 502 1628 566 ὡς,
1677 518 1696 552 ε

1853 493 2196 550 manitestum
2250 501 2373 558 est,
2408 490 2588 545 omnia
2643 501 2904 564 sperare,
2944 485 3184 554 nihilque
3233 499 3422 540 eorum

153 603 731 676 κατακερματίζοντες
749 605 809 657 τὸ
834 603 1008 656 πάντα
1029 599 1286 664 ἐλπίζειν,
1317 596 1616 669 βουλόμεθα
1638 595 1750 664 διη-

57 735 80 772 ε
155 698 462 766 γήσασθαι,
497 697 752 768 ἐροῦμεν,
793 697 872 748 ὅτι
901 692 1305 764 κληρονομῆσαι
1346 687 1620 760 βασιλείαν
1659 687 1748 738 οὐ·

34 823 68 858 ιε
159 789 348 857 ρανῶν
377 790 472 844 καὶ
519 787 962 861 παρακληθῆναι,
997 787 1090 840 καὶ
1140 785 1246 838 υἱοὶ
1275 781 1409 836 Θεοῦ
1461 779 1749 849 κληθῆναι,

153 855 262 936 καὶ
307 883 436 936 Θεὸν
470 855 716 951 ὄψεσθαι,
748 855 847 934 καῖ
870 876 1341 952 χορτασθήσεσθαι
1369 867 1436 944 ἦς
1472 873 1631 942 πεινᾷ
1659 870 1750 924 καὶ

34 1013 80 1044 :;.
153 972 298 1046 διψᾷ
339 973 701 1043 δικαιοσύνης,
745 971 960 1026 καὶτοῦ
993 970 1202 1024 τελείου
1247 967 1399 1020 ἐλέου
1442 961 1750 1035 μεταλήψε-

42 1091 60 1140 i_
159 1067 318 1130 σθαι.
350 1068 442 1120 καὶ
468 1065 803 1132 ἁπαξαπλῶς
835 1067 892 1119 έν
925 1067 1088 1119 πᾶσιν
1117 1061 1330 1116 ἔσεσθαι
1363 1052 1444 1122 οἷς
1483 1053 1745 1127 ἐπηγγεί-

150 1157 297 1213 λατο
321 1159 348 1213 6
377 1158 612 1230 ἀψευδὴς
636 1158 788 1224 Θεὸς,
823 1159 918 1212 καὶ¹
947 1139 1139 1227 Σωτὴρ
1165 1155 1192 1208 6
1221 1151 1423 1223 Κύριος
1449 1147 1604 1220 ἡμῶν
1641 1147 1746 1215 ’1η-

153 1251 294 1315 σοῦς
319 1251 568 1322 Χριστός.
597 1271 614 1302 ι
665 1250 969 1321 Ὀφθαλμὸς
995 1249 1104 1320 γὰρ
1147 1245 1247 1300 οὐκ
1278 1239 1380 1296 εἶδε
1407 1239 1500 1295 καὶ
1527 1235 1618 1302 οῦς
1645 1235 1744 1290 οὐκ

69 1337 80 1386 ξ
149 1342 386 1412 ἤκουσε,
410 1344 500 1396 καὶ
535 1344 626 1397 ἐπὶ
655 1343 878 1415 καρδίαν
907 1340 1194 1412 ἀνθρώπου
1216 1337 1314 1391 οὐκ
1341 1331 1508 1402 ἀνέϐη
1529 1329 1564 1386 ἀ
1597 1326 1744 1400 ἡτοί-

95 1481 106 1494 .
153 1451 338 1504 μασεν
364 1439 392 1490 6
409 1436 540 1500 Θεὸς
565 1438 676 1499 τοῖς
696 1433 982 1504 ἀγαπῶσιν
1008 1431 1193 1487 αὐτόν.
1222 1449 1239 1480 ι

1848 605 1968 659 quze
2017 587 2224 640 sanctis
2255 583 2523 639 reservari
2561 589 2826 651 possunt,
2861 579 3151 646 desperare
3179 617 3194 642 ,
3228 576 3425 630 nullius

1847 679 2068 734 alterius
2090 693 2223 747 Opus
2250 689 2382 730 sane
2409 674 2512 729 dici
2539 687 2717 742 posse,
2743 686 2904 740 quam
2932 671 3047 738 ejus
3068 669 3157 737 qui
3183 667 3420 736 perlecta

1846 772 2111 826 charitate
2141 768 2401 838 praeditus
2427 773 2546 820 est:
2580 767 2653 818 ita
2686 775 2765 828 ut,
2789 763 2831 818 si
2857 761 3100 816 minutim
3133 759 3424 815 enucleare

1848 864 2097 918 volumus
2125 859 2251 930 quid
2279 860 2352 914 sit
2376 861 2560 913 omnia
2594 869 2834 924 sperare,
2861 854 3056 909 dicturi
3089 854 3259 907 simus
3289 849 3421 904 nihil

1846 956 1990 1010 aliud
2015 969 2135 1010 esse
2161 968 2321 1023 quam
2346 951 2498 1020 regni
2523 951 2782 1004 (mlornm
2825 948 3193 1001 baereditatem
3246 944 3416 1008 adire,

1846 1047 2272 1104 consolationem
2307 1045 2554 1113 accipere
2577 1082 2591 1106 ,
2625 1041 2725 1095 lilii
2759 1039 2852 1094 Dei
2885 1037 3098 1102 vocari,
3130 1036 3296 1092 Deum
3335 1035 3417 1088 vi-

1846 1141 1995 1206 dere,
2023 1137 2235 1210 justitia
2263 1151 2426 1207 quam
2457 1133 2624 1190 esurit
2646 1143 2700 1188 et
2721 1132 2855 1197 sitit,
2878 1129 3153 1194 exsatiari,
3180 1127 3417 1199 perlecta

1845 1231 1950 1287 frui
2005 1229 2415 1294 misericordia,
2470 1235 2563 1292 et,
2621 1233 2678 1278 ιιι
2724 1221 2884 1279 simul
2936 1221 3120 1274 omnia
3183 1220 3420 1273 breviter

1844 1327 2120 1380 absolvam
2150 1365 2166 1389 ,
2221 1325 2273 1378 in
2309 1321 2564 1377 omnibus
2618 1331 2740 1374 esse
2772 1331 2892 1387 quae
2926 1329 3088 1368 verax
3140 1313 3316 1376 Deus,
3363 1320 3420 1364 et

1850 1417 2102 1472 Salvator
2155 1416 2417 1471 Dominus
2451 1421 2638 1468 noster
2665 1409 2820 1466 Jesus
2865 1406 3119 1464 Christus
3147 1404 3414 1482 promisit.

51 1515 60 1576 Ϊ
153 1547 180 1582 ε
211 1530 412 1585 Oculus
450 1534 596 1584 enim
629 1546 734 1584 non
764 1529 920 1594 vidit,
953 1543 1056 1583 nec
1089 1524 1482 1591 auris'audivit,
1521 1533 1620 1575 nec
1651 1516 1706 1571 in
1733 1527 1828 1570 cor
1861 1513 2098 1569 hominis
2131 1512 2515 1576 ascenderunt,
2549 1523 2667 1579 qua:
2695 1503 3023 1576 prazparavit
3063 1503 3203 1556 Deus
3235 1501 3300 1556 iis
3325 1499 3416 1569 qui

34 1605 62 1690 Ι,
147 1622 392 1692 diligunt
419 1624 570 1678 illum
604 1625 672 1678 ³⁸.
705 1643 725 1677 ι

239 1673 456 1772 ἧολλοί
499 1715 782 1786 λέγουσι’
835 1717 931 1782 Τίς
973 1716 1156 1780 δείξει
1211 1713 1354 1784 ’ἡμῖν
1395 1709 1467 1765 τὰ
1511 1703 1696 1778 ἀγαθά

1915 1694 2078 1751 \‘Eas.
2108 1693 2162 1750 6.
2199 1693 2354 1748 Multi
2383 1692 2562 1746 dicunt
2586 1673 2610 1744 :4
2641 1689 2770 1755 Quis
2797 1686 3026 1743 ostendet
3061 1685 3208 1740 nobis
3243 1684 3420 1740 bona?

49 1799 64 1804 ’
147 1824 216 1860 κ.
251 1825 300 1859 τ.
333 1809 378 1860 έ.
415 1809 475 1862 Οἱ
502 1809 600 1879 μὲν
647 1807 1000 1880 ἀπλούστεροι
1036 1807 1146 1879 (98)
1180 1804 1544 1876 ὑπολήψονται
1579 1799 1738 1866 λέγε-

49 1962 64 1970 _
145 1895 286 1950 σθαι
318 1896 569 1961 ἐνταῦθα,
619 1898 722 1961 ὅτι,
762 1895 868 1950 τῶν
916 1895 1296 1966 ἀποκειμένων
1331 1896 1388 1947 ἐν
1437 1888 1739 1960 ἐπαγγελίᾳ

37 1983 74 2068 ~_
146 1988 609 2058 κηρυσσομένων,
645 1990 692 2041 oi
735 1987 916 2041 πολλοὶ
958 1987 1230 2055 λέγουσιν,
1283 1986 1388 2049 ὅτι,
1440 1982 1534 2046 Τίς
1565 1979 1740 2034 ταῦτα

143 2079 292 2150 ἡμῖν
337 2081 519 2148 δείξει,
551 2081 646 2136 καὶ
693 2083 750 2137 ἐν
792 2082 976 2146 αὐτοῖς
1017 2080 1269 2151 γενέσθαι
1304 2079 1552 2149 ποιήσει;
1580 2074 1737 2144 δῆλον

34 2159 36 2162 ’
65 2183 68 2186 ’
143 2175 245 2227 ὅτι
270 2174 600 2246 πληχθέντες
641 2175 737 2246 μὲν
767 2176 844 2238 ὡς
878 2175 1005 2246 περὶ¹
1035 2173 1268 2244 ἀληθῶν,
1301 2172 1394 2225 καὶ
1422 2165 1738 2242 ὀρεχθέντες

43 2271 58 2332 ’ζ
139 2265 358 2331 αὐτῶν,
396 2265 484 2319 διὰ
519 2265 576 2319 δὲ
615 2265 712 2336 τὴν
743 2265 1028 2319 ἀσθένειαν
1074 2264 1172 2335 τὴν
1221 2262 1566 2333 ἀνθρωπίνην
1595 2257 1738 2312 κατὰ

47 2369 80 2378 "
144 2359 335 2414 πολλὰ
365 2360 472 2413 τῶν
503 2359 964 2430 ἁμαρτανομένων
1005 2359 1065 2432 οὐ
1098 2359 1238 2412 πάνυ
1275 2376 1324 2411 τι
1365 2357 1546 2418 αὐτοῖς
1573 2352 1734 2406 δεδω-

141 2449 318 2514 κότες
345 2449 406 2504 τὸ
433 2451 656 2520 ὄψεσθαι
686 2449 824 2504 αὐτὰ
856 2451 950 2504 καὶ
979 2452 1035 2502 ὲν
1061 2451 1242 2515 αὐτοῖς
1268 2449 1544 2522 ζήσεσθαι.
1585 2447 1738 2499 ’Έτε-

45 2557 48 2560 ’
146 2558 246 2611 po:
287 2541 343 2594 δὲ
394 2541 537 2596 οῦτω
575 2541 925 2614 διηγήσονται
973 2543 1034 2597 τὸ
1069 2543 1379 2613 λεγόμενον,
1432 2543 1514 2595 ὅτι
1561 2540 1628 2592 τὰ
1679 2540 1736 2593 ὲν

55 2661 58 2663 λ
141 2636 462 2708 ἐπαγγελίᾳ
487 2637 950 2710 ἀναγεγραμμένα
974 2641 1084 2700 τοῖς
1117 2638 1388 2700 ἐκλεκτοῖς
1416 2633 1736 2706 δοθήσεσθαι

34 2727 72 2756 ³
137 2728 214 2779 οὐ
243 2729 386 2782 πάνυ
421 2730 474 2782 τί
506 2731 620 2783 ἐστι
659 2731 841 2799 σαφῶς
870 2731 964 2783 καὶ
1003 2729 1216 2800 τρανῶς
1247 2727 1482 2782 συνιέναι
1517 2727 1589 2798 μὴ
1617 2727 1737 2797 οὐχὶ

34 2821 42 2852 ί
69 2825 72 2828 ’
139 2822 358 2889 σοφοὺς
397 2822 796 2891 γεγενημένους
816 2839 828 2852 ·
872 2817 980 2876 οἷον
1007 2821 1090 2884 τίς
1121 2823 1154 2892 ἡ
1197 2819 1268 2890 γῆ
1298 2821 1362 2890 ἢν
1393 2819 1734 2892 κληρονομή-

41 2917 50 2946 λ
141 2929 345 2969 σουσιν
375 2917 422 2968 οί
454 2915 648 2987 πραεῖς
669 2933 682 2945 ·
715 2917 806 2969 καὶ
829 2915 880 2967 τί
906 2915 967 2968 τὸ
993 2915 1392 2987 κληρονομῆσαι
1421 2911 1588 2984 αὐτὴν
1622 2928 1736 2981 νοη-

33 3011 44 3018 “
135 3005 298 3071 τὲον,
340 3005 372 3076 ἢ
404 3005 455 3058 τί
496 3005 556 3059 τὸ
593 3005 681 3059 διὰ
711 3006 808 3077 τὴν
839 3005 1184 3076 καθαρότητα
1217 3005 1314 3074 τῆς
1347 3001 1572 3074 καρδίας
1611 3001 1735 3070 ὅψε-

55 3129 60 3132 -
136 3099 278 3152 σθαι
307 3099 440 3154 Θεὸν
469 3100 698 3173 ἀόρατον
715 3101 1068 3171 τυγχάνοντα,
1095 3099 1152 3151 ὃν
1183 3097 1356 3160 οὐδεὶς
1379 3096 1590 3168 ἑώρακε
1618 3092 1731 3147 πώ-

57 3223 60 3228 -
133 3210 286 3245 ποτε
311 3208 328 3224 ⁸
362 3193 504 3255 τίνος
532 3193 587 3246 δὲ
613 3193 895 3264 γινομένου
921 3193 1011 3247 καὶ
1043 3191 1301 3244 ποταπῶν
1331 3189 1734 3260 συμϐαινόντων

133 3285 196 3336 οἱ
255 3284 353 3335 ἐπὶ
401 3282 492 3336 τοῦ
532 3284 792 3356 παρόντος
831 3282 1150 3345 πενθοῦντες
1200 3281 1421 3352 ὕστερον
1451 3278 1734 3352 παρακλη-

34 3411 36 3414 -
133 3374 415 3446 θήσονται
435 3392 448 3406 ’
501 3376 582 3439 τίς
614 3375 668 3428 δὲ
699 3376 792 3428 καὶ
823 3375 1041 3446 ποταπὴ
1091 3375 1123 3446 ή
1160 3372 1401 3444 βασιλεία
1434 3371 1542 3426 τῶν
1570 3372 1707 3442 οὐρα

34 3485 36 3490 '
131 3468 280 3522 νῶν.
332 3469 520 3524 Πολλοὶ
550 3465 642 3523 οῦν
675 3469 962 3534 ἀκούοντες
1011 3469 1078 3523 τὰ
1107 3467 1572 3538 ἀναγεγραμμένα
1598 3466 1734 3534 ἀγα-

34 3575 60 3606 -.‘
129 3558 218 3612 θὰ
253 3559 565 3630 βουλόμενοι
597 3559 734 3613 αῦτά
758 3563 822 3632 τῇ
859 3560 1064 3631 διανοίᾳ
1105 3559 1400 3612 θεάσασθαι
1429 3558 1520 3610 καὶ
1554 3555 1731 3610 συνιέ-

34 3675 36 3698 ;
127 3669 259 3712 ναι,
291 3651 508 3720 λέγουσι
537 3653 619 3714 τὸ,
659 3671 677 3702 ι
714 3652 809 3716 Τίς
839 3651 991 3706 ἔσται
1025 3654 1052 3705 6
1087 3652 1274 3715 δείξων
1308 3653 1435 3721 ἡμῖν
1469 3649 1680 3719 ἀγαοἀ;
1706 3668 1725 3701 ι

39 3766 50 3772 ·
131 3745 398 3807 Σπάνιος
424 3745 530 3816 γὰρ
559 3745 772 3818 ἀληθῶς
801 3748 828 3799 6
859 3745 1154 3814 δυνάμενος
1185 3743 1475 3805 δεικνύναι,
1515 3742 1590 3805 ὡς
1617 3742 1734 3811 διη-

131 3837 466 3908 γησάμεθα,
501 3838 568 3891 τὰ
595 3837 795 3906 ἀγαθὰ,
832 3838 1011 3899 ὁποῖος
1043 3837 1071 3887 ὁ
1105 3833 1312 3895 Παῦλος
1346 3829 1412 3901 ἦν
1440 3831 1732 3900 δυνάμενος

61 3953 66 3956 -
127 3931 294 3984 αὑτά
327 3931 470 4002 λόγῳ
503 3931 872 4002 παραστῆσαι,
905 3929 980 3992 ὥς
1009 3928 1138 3998 φησί
1165 3943 1268 3985 που
1301 3925 1383 3977 τίδ’
1417 3943 1434 3975 ⁸
1457 3925 1646 3994 Ἡμεῖς
1678 3923 1732 3974 δὲ

35 4053 52 4080 .-
127 4023 276 4076 νοῦν
327 4023 561 4096 Χριστοῦ
617 4022 832 4094 ἔχομεν,
878 4022 962 4074 ἵνα
995 4021 1190 4090 ἴδωμεν
1209 4019 1275 4071 τὰ
1312 4019 1419 4071 ἀπὸ
1461 4016 1550 4070 τοῦ
1597 4015 1730 4094 Θεοῦ

45 4143 58 4173 ,·
125 4112 488 4186 χαρισθέντα
535 4115 685 4185 ἡμῖν,
731 4114 767 4168 ἀ
813 4113 906 4167 καὶ
931 4111 1194 4182 λαλοῦμεν
1242 4111 1341 4163 οὐκ
1379 4112 1436 4162 ἐν
1467 4109 1733 4171 διδακτοῖς

35 4241 48 4246 -
125 4206 498 4277 ἀνθρωπίνης
528 4207 720 4276 σοφίας
746 4207 944 4274 λόγοις,
972 4204 1085 4258 ἀλλ’
1111 4206 1167 4256 ὲν
1193 4202 1458 4264 διδακτοῖς
1491 4199 1622 4253 πνεῦ
1632 4209 1732 4270 μα-

121 4315 256 4362 τος,
297 4297 640 4368 πνευματικά
673 4300 1061 4369 πνευματικοῖς
1093 4295 1522 4366 συγκρίνοντες.ι
1561 4293 1732 4362 Τετη-

125 4393 402 4464 ρήκαμεν
435 4391 692 4454 πολλάκις
733 4391 815 4456 τὸ,
858 4410 875 4441 ι
898 4390 1001 4454 τίς,
1027 4409 1044 4442 ι
1089 4392 1146 4443 ὲν
1179 4392 1242 4460 τῇ
1284 4389 1472 4458 Γραφῇ
1506 4386 1598 4437 ἐπὶ
1635 4383 1728 4437 τοῦ
1766 4417 1809 4472 D

35 4519 52 4524 -
125 4482 382 4535 σπανίου
417 4484 764 4553 τεταγμένον,
799 4481 985 4552 ὥσπερ
1015 4483 1071 4534 έν
1103 4480 1209 4551 τῷ·
1248 4499 1266 4531 ι
1290 4480 1384 4543 Τίς
1418 4479 1606 4543 πιστὸς
1639 4479 1733 4531 καὶ

125 4574 416 4645 φρόνιμος
447 4576 760 4644 οίκονόμος;
787 4591 806 4624 ι
853 4573 967 4625 καί·
1010 4591 1029 4622 ι
1053 4571 1146 4635 Τίς
1182 4571 1341 4640 σοφὸς
1378 4571 1472 4625 καὶ
1516 4571 1734 4641 συνήσει

34 4708 40 4714 .
125 4666 406 4730 ταῦτα;ι
459 4665 574 4718 καί·
621 4664 863 4735 «Κύριε,
914 4663 997 4725 τίς
1049 4662 1463 4734 κατασκηνώσει
1517 4665 1574 4716 ὲν
1619 4662 1736 4732 δρει

34 4801 46 4808 ,
121 4751 292 4822 ἁγίῳ
324 4768 447 4816 σου;
472 4771 489 4802 ι
527 4751 712 4815 Οῦτως
751 4755 846 4804 καὶ
877 4751 1064 4805 ἐνθάδε
1094 4752 1311 4822 λέγεται
1340 4755 1425 4820 τὸ,
1465 4771 1483 4805 ι
1504 4753 1599 4816 Τίς
1629 4752 1737 4806 δεί-

121 4847 222 4912 ξει
252 4847 389 4917 ἡμῖν
421 4847 488 4899 τὰ
521 4845 737 4914 ἀγαθάς
765 4865 781 4896 ι

135 4939 261 4990 Ἐκ
317 4936 423 4990 τοῦ
467 4939 646 5006 τόμοι)
695 4937 814 4991 τῶν
845 4941 932 5006 εἰς
977 4939 1084 4991 τὸν
1127 4937 1173 4990 δ’
1219 4937 1462 5006 ψαλμὸν
1510 4937 1597 5006 εὶς
1643 4936 1732 4988 τό’

215 5025 236 5056 ε
276 5007 500 5060 Πολλοὶ
513 5005 761 5078 λέγουσι
785 5026 796 5038 ·
811 5005 918 5075 ,Τίς
937 5009 1118 5074 δείξει
1135 5005 1279 5077 ’ἡμῖν
1295 5009 1367 5061 τὰ
1386 5005 1578 5076 ἀγαθά
1599 5023 1616 5070 ;
1641 5025 1658 5057 ι

212 5097 432 5168 Πολλῆς
463 5099 613 5170 παρά
642 5103 752 5163 τοῖς
783 5101 1088 5172 ἀνθρώποις
1131 5099 1406 5171 ζητήσεως
1441 5097 1734 5167 τυγχανού-

1839 1799 1948 1844 etc.
1997 1787 2368 1858 Simpliciores
2415 1782 2800 1841 existimabunt
2856 1781 3033 1852 hujus.
3061 1778 3160 1833 loci
3195 1793 3416 1833 sensum

1838 1895 1960 1936 esse
1988 1921 2003 1947 ,
2047 1879 2246 1936 multos
2271 1922 2286 1948 ,
2322 1894 2446 1934 cum
2488 1878 2754 1948 promissa
2791 1873 3194 1929 annunciantur
3230 1871 3370 1926 bona
3396 1911 3411 1936 ,

1839 1975 2042 2040 dicere,
2063 1973 2199 2040 Quis
2224 1973 2341 2028 haec
2371 1971 2527 2025 nobis
2558 1969 2824 2033 ostendet,
2853 1976 2909 2022 ct
2940 1982 3039 2022 nos
3065 1967 3118 2020 in
3151 1965 3255 2020 illis
3286 1981 3417 2020 con-

1837 2067 2060 2123 stituet?
2092 2081 2280 2120 eorum
2314 2063 2568 2119 videlicet
2601 2075 2858 2132 tauquam
2888 2075 3138 2114 verorum
3177 2059 3414 2112 admira-

1840 2159 1984 2212 tione
2015 2155 2316 2226 perculsos,
2343 2164 2396 2207 et
2427 2168 2488 2207 ea
2517 2159 2889 2221 peroptanles,
2925 2148 3020 2202 sed
3054 2155 3274 2217 prepter
3308 2147 3413 2199 hn-

1836 2265 2053 2306 manam
2083 2247 2528 2310 imbecillitatem,
2553 2261 2672 2312 quze
2693 2259 2760 2298 ex
2789 2250 3136 2313 peccatorum
3170 2238 3413 2294 multitu-

1837 2348 1960 2402 dine
1990 2346 2186 2409 oritur,
2219 2341 2322 2397 sibi
2365 2356 2470 2396 non
2507 2336 2885 2402 ﬁdentes,fore
2928 2342 2988 2387 ut
3017 2347 3078 2388 ea
3103 2332 3323 2386 videant
3357 2339 3414 2384 et
3471 2345 3482 2356 ·

1839 2438 1890 2491 in
1923 2435 2026 2489 illis
2055 2435 2258 2488 vivant.
2309 2431 2417 2485 Alii
2449 2443 2576 2483 vero
2610 2428 2752 2497 quod
2782 2425 2982 2480 dicitur
3007 2463 3024 2488 ,
3053 2423 3133 2478 sic
3171 2423 3414 2491 explica-

1836 2526 1990 2588 bunt,
2020 2539 2126 2579 non
2157 2521 2378 2578 omnino
2407 2516 2706 2588 posse,nisi
2737 2531 2766 2568 ιι
2800 2511 3157 2582 sapientibus,
3179 2511 3327 2564 clare
3359 2519 3414 2564 et

1837 2624 2022 2685 aperte
2069 2611 2300 2684 intelligi
2335 2611 2464 2680 quid
2498 2607 2606 2663 sint
2644 2605 2734 2659 illa
2765 2604 2906 2658 bona
2937 2617 3056 2671 qua:
3101 2614 3196 2669 per
3227 2613 3416 2668 repro-

1837 2707 2146 2761 missionem
2202 2707 2464 2774 scriptum
2513 2710 2598 2756 est
2644 2697 2834 2753 electis
2879 2697 3060 2750 datum
3105 2693 3211 2748 iri:
3264 2691 3412 2746 verbi

1835 2803 2028 2871 gratia,
2061 2815 2308 2870 quamam
2340 2797 2410 2851 sit
2439 2807 2580 2850 terra
2610 2808 2773 2863 quam
2801 2788 3202 2845 htereditabunt
3232 2785 3412 2849 mites,

1836 2895 1966 2963 quid
1999 2891 2336 2948 hmreditatis
2367 2888 2587 2944 nomine
2619 2881 3028 2953 intelligendum
3064 2880 3153 2942 sit,
3186 2877 3313 2946 quid
3343 2877 3415 2930 sit

1837 2995 2058 3056 propter
2084 2985 2262 3040 cordis
2306 2981 2594 3051 puritatem
2635 2977 2822 3030 videre
2857 2975 3022 3027 Deum
3060 2968 3410 3032 invisibilem,

1838 3095 1995 3150 quem
2032 3093 2190 3134 nemo
2219 3075 2352 3130 vidit
2377 3085 2614 3142 unquam
2640 3087 2654 3123 :
2679 3070 2836 3137 cujus
2865 3066 2940 3121 rei
2970 3079 3153 3128 causa,
3189 3061 3412 3134 quibus-

1837 3187 1900 3228 ve
1935 3173 2093 3226 laetis
2122 3212 2138 3237 ,
2191 3171 2283 3240 qui
2315 3181 2462 3222 nunc
2490 3166 2692 3235 lugent,
2728 3171 2914 3233 postea
2947 3159 3058 3213 sint
3083 3155 3415 3211 consolatio-

1836 3279 1958 3320 nem
1987 3263 2296 3331 accepturi:
2327 3263 2470 3330 quod
2499 3260 2649 3324 item,
2676 3265 2730 3311 et
2754 3253 2912 3325 quale
2941 3252 3014 3306 sit
3043 3264 3272 3318 regnum
3297 3260 3412 3301 coe-

1837 3357 2032 3412 lorum.
2070 3353 2218 3407 Multi
2243 3367 2373 3421 ergo
2409 3351 2690 3404 audientes
2722 3361 2840 3415 quae
2875 3344 2927 3398 in
2961 3339 3261 3410 Scripturis
3289 3352 3414 3407 pro-

1837 3448 1998 3501 missa
2040 3453 2165 3499 sunt
2215 3443 2396 3509 bona,
2441 3449 2496 3495 et
2549 3447 2800 3509 optantes
2853 3449 2913 3489 ea
2967 3432 3325 3500 intelligentia
3366 3439 3416 3484 at

1834 3548 2018 3598 mente
2070 3535 2369 3605 percipere,
2422 3533 2608 3586 dicunt
2653 3548 2666 3583 :
2723 3549 2742 3580 ι
2791 3527 2920 3594 Quis
2957 3525 3207 3580 ostendet
3257 3521 3414 3576 nobis

1835 3625 1994 3700 565
2014 3624 2188 3680 bona?
2215 3644 2236 3676 ι
2265 3623 2428 3676 Pauci
2458 3622 2599 3676 enim
2627 3629 2753 3673 sunt
2779 3618 2892 3688 qui,
2918 3625 2976 3670 ut
3005 3616 3257 3676 diximus,
3289 3628 3416 3681 pos-

1833 3721 1940 3774 sint
1969 3715 2252 3774 ostendere
2283 3711 2444 3780 bona,
2475 3711 2538 3765 ad
2566 3712 2734 3763 instar
2752 3707 2923 3773 Pauli,
2942 3707 3032 3775 qui
3056 3721 3116 3760 ea
3142 3707 3306 3758 verbo
3333 3719 3417 3758 re-

1833 3819 2160 3880 praesentare
2193 3817 2428 3877 poterat,
2485 3811 2542 3858 ut
2587 3800 2784 3856 alicubi
2826 3799 2958 3856 dicit
2991 3799 3036 3831 ³⁸
3069 3812 3084 3852 :
3123 3815 3147 3850 ι
3181 3795 3290 3854 Nos
3313 3813 3412 3851 au-

1835 3912 1940 3956 tem
1973 3916 2190 3955 sensum
2217 3899 2417 3954 Christi
2446 3896 2737 3961 habemus,
2765 3903 2822 3947 ut
2848 3894 3088 3948 sciamus
3112 3905 3230 3960 quae
3249 3908 3276 3943 a
3307 3890 3414 3943 Deo

1835 3994 2031 4045 donata
2078 4001 2204 4044 sunt
2237 3990 2414 4052 nobis,
2449 4003 2568 4056 qua:
2607 3997 2662 4040 et
2698 3985 2970 4052 loquimur
3005 3998 3108 4036 non
3149 3983 3204 4036 iu
3241 3982 3414 4036 doctis

1833 4083 2080 4136 humanae
2114 4080 2394 4150 sapientiae
2427 4078 2628 4140 verbis,
2659 4077 2752 4130 sed
2789 4077 2840 4128 in
2873 4073 3118 4130 doctrina
3153 4073 3410 4142 spiritus,

1833 4173 2204 4243 spiritualibus
2233 4169 2536 4236 spiritualia
2569 4178 2998 4237 comparantes.»
3037 4165 3190 4234 Saepe
3235 4173 3410 4218 autem

1833 4266 2240 4320 observavimus
2265 4264 2391 4318 illud
2413 4302 2427 4327 ,
2455 4285 2474 4313 ι
2505 4263 2650 4331 quis,
2677 4281 2694 4314 ι
2734 4262 2784 4313 in
2808 4275 2984 4314 rerum
3019 4257 3240 4311 raritate
3258 4271 3416 4310 usur-

1837 4358 1989 4424 pari,
2027 4365 2083 4409 ιιι
2117 4372 2240 4410 cum
2281 4354 2482 4409 dicitur
2516 4353 2558 4383 ³⁷
2596 4367 2612 4406 :
2652 4371 2670 4402 (
2721 4351 2850 4418 Quis
2886 4349 3059 4404 ﬁdelis
3087 4359 3141 4401 et
3179 4347 3414 4414 prudens

1835 4448 2206 4518 dispensator?
2230 4465 2248 4497 ι
2271 4457 2325 4502 et
2351 4445 2418 4511 ³⁸,
2436 4459 2454 4493 ι
2477 4445 2608 4512 Quis
2637 4444 2851 4512 sapiens
2866 4450 2920 4495 et
2943 4440 3202 4508 intelliget
3221 4440 3332 4490 haec
3349 4438 3370 4490 ?
3387 4457 3407 4488 ι

1836 4554 1890 4595 et
1912 4541 1978 4607 ³³,
2003 4559 2021 4592 ι
2045 4539 2289 4601 Domine,
2308 4538 2430 4606 quis
2447 4536 2746 4605 requiescet
2771 4533 2821 4586 in
2843 4541 3024 4586 monte
3044 4541 3235 4583 sancto
3254 4528 3369 4581 tuo?
3387 4547 3405 4578 ι

1839 4634 1931 4688 Sic
1965 4643 2020 4688 et
2047 4634 2138 4688 hic
2168 4631 2364 4686 dicitur
2401 4646 2416 4684 :
2451 4647 2468 4679 ι
2494 4626 2624 4693 Quis
2641 4625 2887 4680 ostendet
2917 4621 3070 4678 nobis
3103 4620 3281 4676 bona?
3317 4637 3335 4670 ι

1843 4928 2080 4986 Exlomo
2105 4929 2158 4983 in
2184 4939 2427 5002 quartum
2457 4927 2740 5002 psalmum,
2771 4927 2838 4998 ad
2863 4925 2964 5002 illo
2995 4925 3183 5002 verba:
3207 4941 3224 4974 ι
3253 4921 3410 4977 Multi

2101 4996 2306 5065 dicunt,
2341 4996 2472 5064 Quis
2499 4999 2728 5050 ostendet
2756 4996 2901 5050 nabis
2936 4999 3066 5048 bona
3087 4996 3112 5048 ?
3141 5014 3161 5048 ιι

1911 5093 2046 5147 Cum
2084 5094 2136 5147 in
2169 5107 2364 5162 magna
2405 5089 2774 5146 controversia
2817 5099 2870 5143 et
2909 5088 3253 5142 contentione
3293 5101 3412 5139 ver-

1840 5199 2010 5252 setur,
2048 5203 2291 5258 quaenam
2330 5187 2467 5240 bona
2497 5196 2551 5240 et
2581 5200 2826 5253 quaenam
2857 5183 2992 5237 mala
3023 5183 3130 5236 sint
3151 5199 3164 5246 ;
3189 5191 3244 5234 et
3272 5195 3408 5233 non-

1841 5265 1973 5334 n'ulli
2003 5279 2290 5342 aﬂirtnent,
2325 5293 2424 5334 nec
2453 5279 2617 5343 bona,
2647 5293 2744 5332 nec
2783 5275 2918 5330 mala
2945 5273 3226 5328 arbitraria
3257 5285 3409 5334 esse;

1843 5383 2028 5441 utpote
2065 5371 2156 5441 qui
2189 5371 2516 5440 voluptatem
2555 5371 2772 5432 bonum,
2810 5367 3007 5422 malum
3037 5379 3164 5418 vero
3190 5364 3240 5416 id
3269 5363 3410 5441 quod

1843 5463 2124 5518 molestum
2173 5473 2294 5524 est,
2345 5461 2728 5529 pronuntient;
2770 5459 2860 5512 alii
2902 5471 3030 5512 vero
3073 5456 3128 5510 in
3168 5454 3233 5508 iis
3281 5440 3412 5508 solis

1838 5571 1957 5628 qua:
1987 5556 2158 5609 libere
2193 5554 2569 5625 suscipiuntur
2601 5554 2738 5608 bona
2769 5561 2822 5606 et
2853 5549 2992 5602 mala
3019 5546 3322 5610 iueludant;
3356 5557 3412 5602 et

1843 5650 2074 5703 virtutes
2101 5647 2317 5715 quidem
2359 5660 2657 5714 earumque
2693 5644 2934 5698 actiones
2967 5640 3109 5696 solas
3135 5637 3274 5694 bona
3311 5653 3406 5695 vo-

115 5211 246 5265 οης
281 5193 413 5263 περὶ
444 5192 558 5256 τοῦ,
585 5193 706 5247 τίνα
730 5194 798 5245 τὰ
829 5193 1029 5264 ἀγαθὰ,
1071 5194 1164 5246 καλ⁸
1189 5192 1308 5246 τίνα
1341 5191 1409 5245 τὰ
1441 5190 1607 5254 κακὰ,
1633 5194 1732 5245 καὶ

114 5285 312 5342 τινῶν
343 5285 442 5355 μὲν
472 5284 812 5356 ἀπροαίρετα
842 5279 978 5338 εἶναι
1010 5285 1274 5353 λεγόντων
1303 5284 1376 5336 τὰ
1401 5283 1602 5352 ἀγαθὰ,
1635 5285 1731 5337 καὶ

115 5381 207 5434 τὶ
258 5378 414 5432 κακά
436 5395 449 5408 ·
495 5377 739 5448 ὡσπερεὶ
771 5377 868 5450 τὴν
897 5375 1088 5449 ἡδονὴν
1123 5376 1322 5445 ἀγαθὸν
1369 5375 1736 5446 ἀποφαινομέ-

111 5488 274 5537 νων,
315 5469 484 5524 κακὸν
513 5467 572 5524 δὲ
605 5469 664 5523 τὸ
697 5470 930 5541 πονηρόν
949 5487 962 5500 ο
993 5469 1192 5540 ἑτέρων
1221 5467 1276 5520 δὲ
1307 5470 1364 5520 ὲν
1391 5469 1572 5538 μόνοις
1603 5486 1734 5538 προ-

109 5565 448 5636 αιρετικοῖς
477 5562 904 5617 κατακλειόντων
936 5563 1004 5614 τὰ
1035 5559 1212 5630 ἀγαθά
1233 5562 1325 5613 καὶ
1343 5561 1410 5613 τὰ
1435 5561 1581 5614 κακὰ
1599 5579 1610 5591 ·
1643 5563 1734 5614 καὶ

109 5659 232 5720 ἐἰς
275 5655 382 5726 μὲν
413 5654 632 5728 ἀρετὰς,
665 5653 880 5716 καὶτὰς
925 5651 1044 5704 κατ’
1087 5651 1254 5714 αὑτὰς
1306 5649 1529 5714 πράξεις
1566 5651 1732 5720 μόνας

205 5769 258 5800 ³⁵
295 5766 468 5824 lCor.
501 5783 562 5832 ll,
594 5767 646 5822 9.
725 5767 770 5798 ³⁸
805 5765 824 5818 l
859 5767 982 5820 Cor.
1039 5781 1098 5831 ιι,
1157 5764 1223 5818 16
1265 5775 1319 5818 et
1369 5764 1456 5818 12.
1531 5764 1574 5795 ³⁷
1607 5763 1686 5816 Μ;ι

1843 5779 1990 5826 xxrv,
2024 5761 2112 5816 45.
2190 5760 2232 5791 ³⁸
2267 5759 2358 5815 Ps.
2387 5777 2493 5822 ert,
2521 5760 2608 5814 45.
2685 5758 2726 5790 ³⁸
2756 5757 2840 5810 Ps.
2879 5771 2988 5819 xtv,
3018 5757 3068 5811 l.

211 5863 340 5936 (93)
368 5863 433 5916 Ol
453 5861 570 5931 μὲν
596 5863 1018 5930 ἁπλούστεροι,
1051 5872 1154 5916 etc.
1186 5859 1357 5916 Codd.
1393 5859 1530 5928 lloe,
1555 5857 1804 5924 Barocc.,
1833 5858 2045 5915 schedio
2075 5855 2404 5920 Combelisii,
2435 5853 2620 5910 Daniel
2648 5852 2938 5908 Barbarus.
