3822 6582
502 363 528 418 Ι
547 362 640 420 ὶῦί
1890 355 1985 411 EX
2021 353 2180 412 ORIG
2189 353 2322 409 ENE
3652 357 3723 414 lt‘:

497 487 645 543 cent,
675 482 808 530 Vitta
824 480 1003 528 autem
1039 478 1098 526 et
1128 469 1356 525 vitiosas
1376 469 1623 525 actiones
1653 469 1790 525 mala
1817 488 1833 525 :
1860 472 2006 526 tertii

2203 468 2363 537 ὶγαθά
2383 467 2654 539 λεγόντων
2678 486 2693 501 ·
2730 470 2826 534 τάς
2843 469 2901 524 δὲ
2928 471 3129 533 κακίας
3156 472 3260 524 καὶ
3286 469 3395 531 ’.ἀς
3428 466 3573 520 κατὰ
3602 484 3712 523 n1:

499 578 680 623 autent
708 569 780 621 sit
806 578 977 633 genus
1001 577 1191 619 eorum
1226 562 1316 631 qui
1350 562 1468 617 haec
1498 561 1873 629 permiscent,
1906 573 1962 617 et
2000 579 2008 615 ε

2197 561 2470 634 ἐνεργείας
2519 563 2701 618 κακά·
2756 563 2956 635 τρίτων
2984 564 3043 617 δὲ
3092 564 3277 617 ὄντων
3320 561 3443 614 τῶν
3479 564 3706 629 va-mh

501 661 612 715 mul
653 659 800 714 inter
830 656 1122 711 arbitraria
1150 662 1208 709 et
1239 668 1347 710 non
1385 653 1671 708 arbitraria
1708 668 1829 710 esse
1857 652 1997 708 bona

2213 654 2284 707 ιαὶ
2314 654 2432 725 ἆμα
2461 656 2520 708 ὲν
2568 661 2971 727 προαιρετικοῖς
2999 658 3034 727 ἢ
3081 654 3505 726 ἀπροαιρέτως
3545 654 3722 721 κεῖ-οη.

500 750 642 806 mala
672 750 879 811 dicunt.
912 747 1300 819 probabilitate
1333 745 1541 801 inducti
1574 744 1818 815 plerique
1847 745 2008 801 fidelit

2195 741 2327 799 εἶναι
2351 746 2420 801 τά
2446 747 2628 816 ἀγαθά
2668 751 2763 803 καὶ
2792 750 2864 803 τά
2889 750 3035 804 κακά
3055 767 3070 780 ·
3098 749 3344 810 εἰκότως
3379 747 3535 818 ὑπὲρ
3562 748 3653 807 (ἔδει
3672 753 3704 799 τ’

499 841 740 897 discendi
767 840 969 909 cupidi,
1002 841 1069 895 ad
1101 840 1283 896 locum
1311 840 1379 894 de
1404 840 1561 894 bonis
1584 840 1780 894 merito
1804 838 2008 893 dixerin

2213 833 2564 908 τιθανοτήτων
2596 841 3007 911 περιελκόμενοι
3051 842 3102 893 οἱ
3142 839 3349 893 πολλοὶ
3375 836 3496 889 te?"

505 936 666 1004 ιρυίε
677 936 927 991 ostendet
944 933 1101 988 nobis
1116 932 1291 988 bona?
1310 950 1330 984 ι
1363 930 1622 986 Naturam
1640 931 1805 1001 igitur
1817 930 2014 985 bonoru

2211 946 2296 983 των
2332 929 2758 999 φιλομαθοῦντες
2790 932 2888 1002 (l),
2940 932 3021 995 εἰς
3060 932 3152 986 τὸν
3202 930 3351 1003 περὶ
3388 928 3609 997 ἀγαθῶ-ο
3632 948 3720 983 7.:

497 1045 620 1083 eam
646 1043 791 1092 esse,
821 1035 880 1081 ut
912 1026 1081 1080 libere
1111 1022 1315 1094 suscipi
1342 1032 1439 1077 aut
1464 1022 1640 1078 omitti
1671 1021 1898 1091 possint,
1925 1038 2006 1077 uel

2241 1021 2397 1091 Ξγοιεν
2443 1021 2509 1076 ἂν
2536 1023 2625 1076 τό*
2682 1024 2815 1088 «Τίς
2844 1023 3005 1089 δείξει
3053 1026 3191 1095 ἡμῖν
3241 1023 3328 1076 τά
3364 1021 3587 1091 aquai;
3613 1042 3627 1071 ι
3663 1028 3715 1073 'L-

498 1122 592 1193 qui
642 1118 832 1190 judicii
884 1118 1152 1172 rationem
1211 1114 1487 1183 admittat,
1545 1115 1746 1169 audeat
1801 1113 2007 1168 dubitat

2211 1115 2294 1168 ιὲν
2322 1108 2415 1169 οὖν
2446 1117 2505 1168 ὲν
2536 1120 2934 1188 προαιρετικοῖς
2964 1118 3109 1172 ἐστιν
3139 1120 3176 1188 ἡ
3209 1117 3333 1170 τῶν
3362 1115 3593 1184 ἀγαθῶν
3613 1136 3720 1183 ξιτ..

500 1216 700 1269 bonum
753 1211 956 1281 quippe
1014 1209 1093 1264 ait
1135 1222 1293 1273 esse,
1344 1207 1435 1262 ubi
1496 1207 1692 1277 aliquis
1751 1206 1935 1261 audiet
1981 1205 2009 1237 “

2205 1209 2300 1272 πᾶς
2326 1208 2594 1275 ὁστισοῦν,
2640 1211 3036 1283 ἀποδεχόμενος
3061 1212 3156 1265 τὸν
3202 1211 3349 1282 περὶ
3380 1211 3615 1280 κρίσεως
3635 1211 3714 1263 ὶί-ε

505 1325 525 1357 ι
548 1305 716 1376 Euge,
731 1318 890 1361 serve
910 1304 1052 1360 bone
1071 1310 1125 1358 et
1138 1300 1332 1363 fidelis.
1348 1302 1693 1371 supergpauca
1718 1299 1868 1356 fuisti
1890 1300 2012 1356 fich

2241 1301 2293 1370 ι),
2324 1300 2624 1365 ἀδιδάκτως
2656 1300 2985 1373 ὁμολογήσω
3010 1302 3096 1356 ἄν·
3133 1300 3361 1370 ἀγαθὸν
3394 1302 3511 1370 γάρ
3542 1318 3671 1370 ac.
3686 1324 3719 1354 ε-

499 1412 662 1469 super
692 1399 855 1453 multa
889 1407 943 1454 te
967 1397 1296 1453 constituam
1342 1411 1357 1448 :
1404 1394 1692 1463 ingredere
1730 1393 1782 1447 in
1827 1394 2008 1464 gaudii

2209 1412 2301 1460 lat,
2333 1395 2419 1464 ἐφ’
2449 1387 2495 1463 ᾧ
2526 1393 2820 1449 ἀκούσεταί
2858 1411 2941 1458 τις
2992 1393 3085 1447 τό·
3139 1391 3364 1463 ιΕνῌ,
3432 1394 3599 1460 ἀγαθὲ
3634 1396 3718 1445 iul-

499 1491 705 1545 domini
760 1490 856 1545 tui.
915 1509 935 1542 ι
985 1489 1051 1544 Et
1091 1490 1415 1551 bonumest,
1444 1486 1587 1557 quod
1615 1504 1644 1540 a
1677 1486 1792 1540 viro
1824 1487 1987 1552 bono,

2199 1486 2287 1539 καὶ
2321 1486 2502 1549 πιστὲ,
2536 1486 2632 1539 ἐπὶ
2654 1485 2812 1555 ὀλίγα
2837 1481 2906 1558 ἧς
2929 1484 3138 1549 πιστὸς,
3177 1487 3279 1540 ἐπὶ
3308 1484 3530 1538 πολλῶν
3550 1502 3599 1537 σε
3622 1505 3708 1539 nt:

500 1583 688 1647 corde,
727 1592 785 1636 ut
816 1580 1077 1636 Servator
1096 1580 1196 1645 ait,
1224 1578 1498 1650 profertur
1529 1578 1573 1610 ⁸⁸
1615 1597 1628 1633 :
1668 1598 1687 1631 ι
1716 1577 1897 1635 Bonus
1926 1580 2009 1634 Ιιοι

2203 1580 2377 1650 στήσω
2398 1593 2413 1609 ·
2439 1578 2645 1633 εἴσελθε
2674 1581 2754 1646 είς
2778 1580 2875 1651 τὴν
2894 1580 3069 1652 χαράν
3097 1580 3195 1634 τοῦ
3217 1580 3431 1651 κυρίου
3458 1577 3568 1631 σοῦ.
3587 1598 3604 1628 ι
3635 1582 3712 1645 '17:

500 1693 566 1731 cx
600 1676 743 1732 bono
773 1676 1029 1730 thesauro
1055 1673 1239 1729 cordis
1269 1673 1353 1728 sui
1390 1668 1603 1741 profert
1634 1671 1799 1726 bona.
1848 1691 1869 1725 ι
1910 1672 2009 1737 Atq

2207 1670 2285 1725 δὸν
2319 1669 2377 1725 δὲ
2407 1671 2469 1725 τὸ
2503 1671 2612 1725 ἀπὸ
2637 1670 2732 1725 τοῦ
2758 1670 2967 1742 ἀγαθοῦ
2998 1672 3296 1744 ἀνθρώπου
3333 1673 3407 1724 ὲκ
3439 1670 3541 1740 τῆς

503 1780 566 1824 ut
610 1768 780 1825 semel
824 1768 1002 1822 dicam
1028 1806 1045 1832 ,
1094 1766 1277 1822 omnis
1309 1764 1520 1821 fructus
1550 1765 1764 1819 arboris
1794 1765 1968 1831 bonae,
1996 1782 2012 1835 ι

2211 1763 2359 1818 ιιὺτοῦ
2404 1764 2833 1836 προφερόμενον,
2878 1766 2953 1831 ὡς
2980 1769 3009 1821 ὁ
3040 1766 3239 1836 Σωτήρ
3276 1781 3464 1836 φησιν
3485 1780 3499 1792 ο
3536 1765 3621 1816 r'O
3644 1769 3720 1829 ατ)

504 1861 674 1917 libere
699 1860 900 1930 suscipi
930 1829 1130 1928 potest,
1163 1859 1365 1913 bonum
1390 1866 1514 1925 est;
1547 1866 1605 1911 ut
1633 1857 1908 1924 Charitas,
1944 1829 2013 1928 pa

2205 1857 2287 1921 θὸς
2314 1829 2599 1929 ἄνθρωπος
2647 1829 2712 1912 ἐκ
2739 1857 2833 1912 τοῦ
2865 1829 3073 1928 ἀγαθοῦ
3103 1829 3401 1930 θησαυροῦ
3448 1857 3546 1925 τῆς

504 1954 778 2025 gaudium,
827 1951 1111 2023 patientia,
1170 1949 1478 2021 benignitas
1525 1959 1582 2006 et
1627 1950 1865 2017 bonitas,
1914 1951 2013 2006 ﬁde

2206 1949 2363 2004 αὐτοῦ
2415 1950 2682 2022 προφέρει
2732 1951 2801 2004 τά
2855 1951 3070 2020 ἀγαθά·
3098 1972 3118 2004 ι
3173 1952 3271 2004 καὶ
3306 1948 3630 2015 ἁπαξαπλῶς
3660 1956 3715 2011 τὲ.

506 2046 879 2111 mansuetudo,
914 2044 1250 2100 continentia
1275 2059 1290 2109 ;
1320 2043 1405 2098 his
1433 2057 1563 2099 vero
1593 2045 1889 2107 contraria,
1921 2046 2015 2098 ma;

2203 2043 2409 2114 καρπὸς
2432 2043 2650 2115 δένδρου
2681 2044 2908 2113 ἀγαθοῦ,
2937 2045 3338 2117 προαιρετικὸς
3365 2042 3472 2107 ὢν,
3504 2042 3658 2110 ἀγαθὲ
3684 2045 3712 2095 τι

505 2142 585 2195 An
615 2153 744 2193 vero
781 2139 947 2194 etiam
999 2152 1066 2192 ex
1111 2135 1312 2192 Christi
1360 2136 1609 2194 doctrina
1648 2138 1849 2208 aliquid
1888 2138 2014 2193 bom

2203 2134 2343 2187 ἐστιν
2367 2150 2381 2163 ·
2412 2132 2489 2197 ὠς
2519 2134 2731 2205 ἀγάπη,
2763 2134 2857 2188 καὶ
2884 2134 3096 2207 εἰρήνη,
3133 2135 3233 2187 καὶ
3263 2132 3453 2204 χαρὰ,
3481 2134 3569 2185 καὶ
3590 2152 3712 2202 5m:-

502 2234 573 2287 sit
600 2272 617 2298 ,
650 2242 704 2287 et
735 2232 937 2286 malum
961 2269 979 2297 ,
1017 2231 1069 2285 in
1107 2231 1173 2285 iis
1217 2245 1338 2299 qua:
1382 2229 1548 2284 libera
1599 2244 1704 2284 non
1734 2240 1878 2296 sunt,
1908 2231 2011 2298 disc

2202 2224 2387 2297 θυμία,
2437 2226 2741 2298 χρηστότης
2784 2244 2843 2280 τε
2894 2228 2989 2280 καὶ
3040 2225 3414 2297 ἀγαθωσύνη,
3466 2226 3635 2287 πίστις.
3664 2243 3711 2277 1:

505 2324 763 2394 ptandum
787 2332 908 2388 est;
940 2332 997 2378 et
1024 2340 1091 2378 an
1124 2326 1323 2378 bonum
1347 2321 1576 2391 aliquid,
1602 2322 1912 2375 autmalum
1942 2324 2014 2378 sit

2201 2320 2463 2392 πραότης,
2498 2321 2593 2374 καὶ
2623 2321 2935 2393 ἐγκράτεια
2966 2321 3036 2375 τὰ
3064 2321 3123 2375 δὲ
3156 2320 3401 2374 ἐναντία
3438 2321 3635 2381 τούτοις,
3658 2337 3710 2370 n—

505 2418 572 2473 iis
601 2433 722 2487 quae
749 2432 854 2472 non
885 2416 1053 2472 libera
1086 2425 1254 2482 sunt,
1283 2423 1343 2469 ut
1377 2424 1563 2483 postea
1589 2413 1845 2483 expensis
1872 2424 1929 2469 et
1960 2429 2014 2470 ea

2201 2411 2290 2465 κά.
2323 2412 2387 2465 Εἰ
2412 2411 2470 2464 δὲ
2499 2411 2592 2465 καὶ
2621 2411 2758 2483 μετά
2789 2410 2887 2482 τὴν
2910 2410 3003 2464 τοῦ
3030 2410 3273 2483 Χριστοῦ
3304 2408 3633 2463 διδασκαλίαν
3648 2412 3710 2461 ἐπ

507 2510 727 2567 minatis
755 2511 882 2575 illis,
907 2511 1280 2566 ostendemus.
1309 2507 1422 2564 Nec
1454 2523 1583 2565 vero
1616 2524 1737 2579 qua:
1760 2510 1830 2565 ab
1858 2510 1925 2565 iis
1957 2508 2016 2565 aﬂ

2203 2521 2250 2558 τι
2294 2502 2522 2573 ἀγαθὸν,
2570 2503 2665 2557 καὶ
2703 2505 2890 2567 κακὸν,
2943 2504 3036 2557 καὶ
3066 2505 3125 2558 ἐν
3172 2503 3712 2574 ἀπροαιρέτως,

509 2615 699 2659 runtur
723 2605 819 2675 qui
846 2604 1155 2659 arbitrariis
1186 2618 1294 2659 non
1319 2603 1616 2658 arbitraria
1644 2604 1914 2669 miscent,
1946 2603 2017 2660 bo

2201 2598 2323 2652 τέον
2346 2614 2360 2630 ·
2410 2595 2513 2651 κᾶν
2604 2596 2662 2650 δέ
2693 2615 2747 2651 τι
2776 2597 2942 2651 κακὸν
2974 2596 3008 2667 ἢ
3050 2595 3261 2666 ἀγαθὸν
3297 2598 3369 2648 ἑν
3400 2595 3710 2665 impia;

505 2704 562 2748 ct
621 2693 760 2748 mala
811 2695 1012 2749 fuerint
1067 2710 1081 2747 :
1124 2694 1199 2749 illi
1243 2694 1389 2748 enim
1428 2695 1741 2750 existimant
1767 2693 2014 2767 566,1

2200 2689 2275 2753 ὡς
2303 2688 2530 2760 ὕστερον
2555 2687 2908 2754 ἐξετάσαντες
2941 2687 3080 2758 τάχα
3108 2687 3374 2758 δείξομεν
3394 2704 3410 2716 ·
3450 2686 3659 2739 ἀλλὀὖιτ
3680 2708 3709 2749 r.

509 2809 702 2848 norum
734 2793 839 2849 alia
873 2794 926 2848 iu
968 2794 1174 2861 anima,
1211 2793 1316 2849 alia
1347 2794 1402 2849 in
1432 2809 1660 2864 corpore
1683 2834 1699 2861 ,
1732 2795 1835 2850 alia
1868 2806 2018 2851 exter

2201 2781 2268 2837 τὰ
2298 2782 2407 2837 ἀπὸ
2438 2782 2547 2837 τῶν
2592 2782 2893 2855 μιγνύντων
2936 2784 3046 2845 τοῖς
3084 2784 3507 2853 προαιρετικοῖς
3530 2782 3586 2833 τὰ
3606 2783 3710 2849 ατηεν

509 2898 634 2940 esse
654 2927 669 2948 ,
699 2885 1157 2954 quemadmodum
1199 2894 1256 2940 et
1290 2882 1455 2943 mala.
1487 2882 1546 2939 In
1586 2885 1793 2954 anima,
1827 2899 1951 2942 esse
1978 2888 2018 2940 vi

2203 2876 2394 2949 αίρετα
2417 2875 2684 2949 λεγόμενα
2715 2876 2895 2944 ἀγαθά
2922 2875 2987 2931 ἂν
3012 2876 3098 2948 εῐη
3129 2876 3225 2929 καὶ
3249 2876 3437 2929 κακά’
3470 2878 3632 2929 ἐκεῖνα
3649 2878 3712 2943 τίς

509 2985 678 3031 tutem
715 2984 772 3031 et
805 2975 1048 3031 actiones
1077 2991 1107 3029 ιι
1139 2976 1342 3030 virtute
1366 2972 1672 3045 profectas,
1697 2976 1784 3031 vel
1819 2975 2012 3031 vitium

2203 2972 2402 3026 οίονται
2434 2970 2543 3025 τῶν
2577 2971 2798 3040 ἀγαθῶν
2831 2969 2901 3024 τά
2946 2970 3045 3041 μὲν
3070 2967 3214 3025 εἶναι
3244 2971 3389 3041 περὶ
3421 2972 3593 3043 ψυχὴν,
3618 2978 3663 3023 τά
3684 2972 3712 3024 ﬁ

512 3070 753 3124 actiones
784 3068 1026 3122 vitiosas.
1054 3067 1108 3121 In
1135 3080 1387 3138 corpore,
1415 3066 1730 3136 sanitatem,
1762 3069 1951 3136 robur,
1977 3084 2021 3140 p1

2202 3064 2331 3136 περὶ
2362 3063 2542 3135 σῶμα,
2576 3064 2646 3117 τὰ
2674 3064 2732 3118 δὲ
2760 3064 2915 3127 ἐκτός
2938 3080 2951 3093 ·
2992 3064 3196 3134 ὁμοίως
3225 3063 3284 3116 δὲ
3313 3065 3419 3117 καὶ
3443 3066 3541 3116 τῶν
3564 3064 3706 3116 ταῖν·

508 3161 915 3229 cltritudinem;
953 3160 1033 3217 vel
1059 3171 1272 3229 contra,
1310 3165 1581 3230 morbum,
1613 3162 1807 3219 malam
1850 3179 2017 3234 corpo

2202 3158 2297 3212 καὶ
2330 3158 2459 3229 περὶ
2480 3158 2658 3229 ψυχὴν
2689 3157 2787 3228 μὲν
2810 3155 3011 3229 ἀρετὴν
3038 3157 3131 3210 καὶ
3160 3155 3265 3220 τὰς
3293 3158 3424 3209 κατ’
3445 3155 3711 3225 ipsa-brai-

512 3253 911 3322 habitudinem,
958 3261 1014 3307 et
1064 3251 1488 3313 deformitatem.
1534 3255 1774 3311 Externa
1823 3257 2021 3327 deniqu

2203 3251 2333 3320 ξεις,
2367 3252 2399 3323 ἢ
2447 3251 2645 3308 κακίαν
2678 3252 2772 3307 καὶ
2799 3253 2899 3317 τὰς
2933 3249 3074 3306 κατά
3108 3249 3320 3304 κακίαν
3630 3250 3708 3313 ’.τῇ

512 3345 750 3411 divitias,
791 3353 1200 3416 paupertatem;
1237 3344 1484 3417 gloriam,
1511 3347 1897 3418 ignominiam;
1944 3350 2021 3404 no

2205 3344 2364 3416 σῶμα
2401 3344 2458 3398 δὲ
2509 3344 2718 3414 ὑγείαν,
2759 3344 2854 3397 καὶ
2894 3343 3130 3409 εὐεξίαν,
3157 3344 3258 3397 καὶ
3290 3343 3516 3406 κάλλος·
3550 3344 3705 3415 item

516 3438 722 3494 litatem
748 3479 764 3500 .
800 3440 1214 3511 ignobilitatem.
1244 3440 1374 3495 Tria
1413 3441 1541 3496 item
1580 3441 1846 3497 bonorum
1878 3460 2025 3499 aenei

2202 3439 2296 3492 καὶ
2325 3437 2601 3509 καχεξίαν,
2632 3439 2728 3492 καὶ
2756 3436 2969 3507 αἶσχος·
3006 3438 3135 3507 περὶ
3162 3438 3247 3491 τάο
3268 3440 3432 3503 ἐκτὸς
3462 3440 3533 3501 δὲ,
3562 3436 3703 3489 πλάτει

514 3543 572 3585 et
613 3533 836 3589 totidem
875 3533 1137 3589 malorum
1172 3535 1226 3589 in
1266 3534 1567 3605 Scripturis
1608 3537 1834 3605 reperiri
1880 3536 2023 3605 quid:

2204 3530 2300 3583 καὶ
2348 3530 2558 3596 πενίαν,
2608 3529 2765 3597 δόξαν
2798 3530 2892 3583 καὶ
2934 3528 3173 3594 ἀδοξίαν.
3234 3530 3516 3599 εὐγένειαν
3542 3529 3702 3581 wh}

516 3625 854 3684 existimant.
909 3624 1149 3683 Virtutes
1190 3627 1337 3683 enim
1372 3638 1428 3684 et
1461 3628 1592 3682 vitia
1622 3627 1857 3683 fatentes
1887 3628 2023 3684 bona

2204 3623 2442 3693 γένειαν.
2495 3624 2784 3694 Οίήσονται
2830 3622 2887 3676 δέ
2933 3639 3078 3687 τινες
3106 3624 3203 3676 καὶ
3247 3624 3395 3677 κατά
3439 3626 3530 3687 τὰς
3560 3622 3698 3692 fma;

517 3714 658 3767 mala
711 3728 832 3770 esse
858 3756 873 3781 ,
921 3726 1118 3785 praeter
1167 3732 1231 3772 ea
1276 3732 1396 3787 qua:
1441 3720 1580 3788 apud
1631 3734 1729 3773 nos
1766 3719 1821 3772 in
1857 3717 2026 3773 confes

2204 3717 2406 3787 ὁμοίως
2455 3716 2582 3789 τρία
2632 3717 2768 3788 γένη
2800 3712 2942 3770 εῖναι
2999 3716 3107 3770 τῶν
3138 3717 3392 3786 ἀγαθῶν,
3423 3720 3511 3771 καὶ
3528 3717 3621 3788 τρία
3640 3716 3699 3764 ab

512 3817 669 3873 sunt,
704 3807 759 3862 in
798 3808 998 3864 virtute
1028 3824 1093 3863 ac
1115 3810 1249 3865 vitio
1273 3849 1289 3875 ,
1323 3819 1379 3866 et
1408 3811 1463 3864 in
1498 3810 1805 3867 actionibus
1829 3827 1950 3881 qua:
1980 3812 2021 3866 ir

2207 3808 2391 3863 κακῶν
2412 3826 2425 3839 ο
2462 3809 2561 3873 τὰς
2593 3809 2702 3881 γὰρ
2732 3810 2930 3882 ἀρετὰς
2961 3811 3053 3864 καὶ
3079 3809 3180 3875 τὰς
3212 3814 3421 3877 κακίας
3455 3813 3684 3883 περαίᾳ-ηε

517 3897 976 3966 proficiscuntur,
1012 3899 1307 3971 Scriptura!
1333 3902 1661 3958 testimoniis
1692 3911 1911 3957 utentur
1931 3943 1947 3968 ,
1985 3919 2019 3974 q

2207 3895 2345 3953 εἶναι
2371 3899 2551 3969 ἀγαθὰ
2577 3900 2671 3954 καὶ
2705 3902 2851 3956 κακὰ
2879 3903 3016 3974 μετά
3039 3901 3107 3955 τὰ
3140 3902 3543 3974 ὁμολογούμενα
3563 3904 3629 3953 ni
3648 3902 3696 3961 ις’

518 4005 609 4047 res
656 3992 901 4060 corporis
967 4001 1023 4047 et
1073 4001 1335 4050 externas
1370 3994 1508 4049 bona
1549 3996 1634 4050 vel
1680 3995 1820 4050 mala
1852 4010 1975 4051 esse
2008 4012 2027 4049 ι

2207 3993 2365 4065 ἡμῶν
2396 3996 2454 4047 ὲν
2482 3995 2654 4066 ἀρετῇ
2690 3998 2782 4049 καὶ
2812 3998 3000 4069 κακίᾳ,
3026 3998 3120 4051 καὶ
3148 4000 3270 4060 ταῖς
3316 4000 3442 4052 κατ’
3468 3996 3601 4055 αὑτᾶς
3618 4010 3694 4061 ’τα-ἔά

519 4083 736 4138 clarant
764 4101 779 4138 :
809 4091 864 4139 et
890 4084 1274 4141 de'virtutibus
1297 4086 1515 4156 quidem
1546 4103 1610 4143 ac
1632 4088 1798 4154 vitiis,
1826 4088 1955 4157 quid
1985 4104 2028 4142 Vt

2209 4084 2344 4152 ξεσι.
2378 4088 2674 4160 χρήσονται
2705 4093 2907 4161 ῥητοῖς,
2934 4092 3029 4146 καὶ
3054 4092 3122 4146 τὰ
3153 4090 3465 4162 σωματικὰ,
3493 4088 3629 4142 καὶτὰ

521 4177 606 4230 bis
663 4191 800 4247 opus
849 4185 965 4242 est,
998 4191 1143 4244 ,cum
1184 4177 1469 4247 disciplina
1511 4194 1722 4234 morum
1757 4180 1950 4235 doceat
1994 4196 2030 4235 at

2208 4179 2299 4243 τὸς
2322 4179 2482 4251 δῆθεν
2512 4181 2969 4253 ἀποφαινομένοις
3011 4182 3193 4252 ἀγαθά
3226 4183 3261 4253 ἦ
3293 4183 3443 4237 κακά
3472 4182 3676 4248 ranam

521 4267 861 4338 plectendam
896 4268 1053 4324 nobis
1078 4268 1367 4337 justitiam,
1396 4270 1763 4339 prudentiam,
1801 4282 2030 4343 tempera

2210 4271 2305 4324 καὶ
2337 4272 2467 4344 περὶ
2505 4273 2604 4346 μὲν
2642 4272 2852 4346 ἀρετῶν
2900 4274 2996 4327 καὶ
3038 4273 3226 4328 κακῶν
3258 4274 3311 4327 τί
3336 4274 3422 4327 δεῖ
3457 4272 3613 4338 λέγειν.
3638 4268 3696 4318 tia

523 4354 691 4425 tiam,
742 4358 1151 4427 fortitudinem,
1188 4371 1245 4416 et
1280 4364 1348 4418 ad
1387 4377 1574 4418 earum
1609 4379 1854 4420 normam
1883 4375 2032 4420 exact

2241 4364 2421 4434 ιθικῶν
2470 4368 2811 4438 πραγμάτων
2845 4366 2921 4438 (ί)
2958 4367 3321 4421 διδασκόντων
3352 4368 3463 4420 δεῖν
3494 4366 3606 4436 ήμὶς
3642 4380 3697 4429 ξω

521 4452 797 4519 rationes;
857 4453 1077 4508 vitanda
1132 4469 1255 4511 esse
1306 4455 1414 4512 bis
1438 4456 1753 4512 contraria?
1790 4471 1961 4526 quare
2000 4474 2030 4510 ιι

2241 4457 2486 4529 ,ίρεῖσθαι
2531 4459 2897 4530 δικαιοσύνην,
2946 4459 3043 4514 καὶ
3073 4459 3358 4531 φρόνησιν,
3396 4458 3695 4524 nima-

518 4560 659 4612 opus
700 4551 785 4598 est
824 4544 1088 4615 exemplis
1117 4545 1184 4600 ad
1212 4560 1275 4601 ea
1296 4587 1311 4610 ,
1347 4562 1469 4617 qua:
1502 4546 1570 4601 ab
1600 4548 1910 4601 arbitrariis
1940 4563 2027 4617 prc

2213 4568 2331 4621 νην,
2368 4550 2463 4604 καὶ
2515 4551 2757 4621 ἀνδρίαν,
2793 4552 3009 4615 καὶτὰς
3055 4554 3178 4606 κατ’
3202 4552 3375 4616 αὐτὰς

521 4637 833 4702 ciscuntur,
864 4636 1022 4691 bona.
1049 4635 1306 4707 Corporis
1328 4648 1507 4693 autem
1538 4648 1593 4693 et
1612 4648 1838 4693 externa
1873 4637 2010 4693 bona

2213 4641 2411 4698 κλίνειν
2447 4643 2504 4699 δὲ
2534 4645 2601 4699 τά
2631 4645 2842 4709 τούτοις
2888 4644 3139 4711 ἐναντία;
3174 4645 3363 4717 διόπερ
3397 4646 3457 4698 οὐ
3494 4641 3694 4713 Ipsiss-

525 4728 685 4799 bnjus
711 4731 1055 4799 expositione
1078 4731 1203 4786 dicti
1231 4731 1585 4786 multifariam
1611 4730 2032 4786 demonstrabun

2214 4738 2596 4810 ραδειγμάτων
2632 4743 2711 4805 είς
2738 4741 2805 4796 τά
2838 4741 2994 4813 παρά
3022 4741 3131 4795 τῶν
3172 4741 3546 4815 προαιρετικῶ

523 4821 619 4875 sed
671 4820 1157 4890 impraesentiarum
1204 4821 1399 4878 suﬂlcit
1444 4823 1692 4892 quaedam
1731 4836 2006 4893 apponere

2214 4830 2510 4902 Σωματικά
2532 4833 2588 4887 δὲ
2618 4834 2713 4887 καὶ
2745 4835 2901 4899 me;
2933 4835 3115 4904 ἀγαθά
3142 4838 3209 4891 ὲκ
3244 4836 3341 4907 τῆς
3372 4835 3505 4889 κατὰ
3526 4833 3575 4885 τδ
3596 4832 3690 4899 ﬁniit

522 4912 593 4968 iis
641 4928 763 4983 qua:
812 4914 863 4968 in
918 4913 1125 4982 Exodo,
1187 4912 1418 4970 Leuitico
1464 4922 1522 4970 et
1562 4913 1971 4969 Douteronomio
2011 4915 2031 4969 ι

2214 4922 2446 4994 ὲκδοχῆς
2494 4924 2821 4996 πολλαχόθεν
2854 4926 3087 4995 δείξουσι
3111 4945 3126 4959 ⁸
3164 4927 3302 4998 πλὴν
3335 4929 3424 4980 ἐτά
3458 4924 3537 4979 τοῦ
3562 4939 3688 4989 τιμι-

524 5006 725 5060 bentur
771 5023 786 5060 :
849 5016 908 5060 ut
954 5006 1344 5077 promissiones
1380 5006 1448 5061 iis
1497 5006 1690 5074 factae,
1718 5008 1810 5077 qui
1851 5008 2033 5062 manda

2211 5031 2301 5079 τος
2326 5018 2488 5088 ἀρκεῖ
2538 5017 2879 5091 παραθέσθαι
2927 5020 3047 5074 τινὰ
3083 5023 3146 5074 ἐκ
3175 5020 3282 5074 τῶν
3326 5022 3380 5073 ἐν
3423 5016 3615 5082 Ἐξιῗῖφν
3638 5014 3686 5063 εί

525 5108 779 5164 servant;
815 5108 979 5169 atque
1006 5108 1067 5154 ut
1096 5101 1252 5155 mina:
1278 5110 1332 5157 et
1354 5100 1760 5158 exsecrationes
1789 5102 1842 5155 in
1867 5115 1981 5167 eos,
2010 5115 2034 5170 ι]

2211 5108 2517 5176 Λευῖτικῷ,
2551 5110 2645 5164 καὶ
2678 5114 3111 5182 Δευτερονομίῳ
3134 5113 3411 5184 κειμένων
3429 5112 3499 5174 ὡς
3516 5113 3563 5161 ἐν
3585 5109 3686 5167 ita."

525 5192 1002 5262 transgrediuntur
1051 5192 1167 5262 ipsa
1217 5211 1233 5249 :
1279 5196 1431 5250 verbi
1466 5196 1676 5267 gratia,
1705 5195 1849 5264 quod
1895 5194 2034 5249 sanit

2213 5197 2370 5271 γελίᾳ
2404 5201 2541 5271 πρὸς
2585 5202 2712 5265 τοὺς
2758 5203 3055 5273 τηροῦντας
3083 5203 3182 5266 τάς
3212 5203 3445 5264 ἐντολά;’
3488 5198 3684 5256 autem:

520 5285 727 5345 bonum
762 5285 870 5351 sit,
900 5294 956 5341 et
991 5286 1212 5343 morbus
1243 5288 1463 5355 malum,
1497 5289 1548 5344 iu
1576 5288 1765 5343 Exodo
1799 5289 2029 5343 denunti:

2215 5289 2410 5362 ἀπειλῇ
2457 5293 2548 5345 καὶ
2600 5292 2866 5364 κατάραις
2909 5292 3045 5364 πρὸς
3076 5294 3202 5358 τοὺς
3228 5292 3613 5365 παραδαίνοπες
3632 5284 3683 5335 ιλ·

523 5380 776 5436 ostendet
809 5379 856 5412 ι’
889 5397 905 5433 :
941 5397 961 5431 ι
999 5378 1055 5435 Si
1090 5381 1418 5436 custodieris
1454 5382 1709 5436 mandata
1744 5395 1858 5436 mea
1887 5390 1941 5435 et
1968 5397 2032 5451 pr

2214 5386 2341 5449 τάς·
2378 5382 2489 5441 οἷον
2519 5388 2602 5441 ὅτι
2647 5391 2680 5459 ἡ
2715 5388 2873 5458 ὑγεία
2904 5388 3108 5457 ἀγαθόν
3153 5390 3284 5455 ἐστι,
3321 5390 3409 5440 καὶ
3440 5385 3666 5457 ﬁnias”

597 5563 642 5596 ⁸ο
676 5564 870 5620 Matth.
905 5582 1030 5633 xxv,
1068 5565 1124 5622 2.
1197 5566 1240 5599 δι
1281 5566 1410 5623 Luc.
1440 5582 1515 5632 vt,
1551 5567 1640 5622 46.
1719 5568 1763 5599 ⁸⁸
1788 5569 1954 5623 Exod.
1990 5586 2078 5635 xv,
2106 5573 2195 5628 9.6.

597 5680 709 5749 (99)
741 5682 904 5751 Lege,
935 5684 1060 5741 ὑπό.

2213 5686 2570 5746 ἀδιστάκτως.

601 5753 680 5888 ιη
706 5753 872 5815 Alias,
912 5755 1214 5823 φιλοῦντες.

601 5820 657 5888 (2
713 5822 884 5888 Alias,
908 5824 1093 5883 τόπον.
1122 5826 1243 5883 Mox
1274 5844 1371 5888 pro
1397 5825 1721 5888 ἀδιδάκτως.
1753 5826 1856 5888 lett.
1887 5830 2105 5885 videtur

2284 5758 2362 5827 (5)
2387 5754 2718 5823 Lugendum,
2742 5752 2962 5821 ἀγαθός.

1453 5827 1721 5888 ῑιδάκτως.
1753 5826 1856 5888 lett.
1887 5830 2105 5885 videtur
2285 5828 2360 5888 (4)
2387 5826 2513 5888 Leg.
2542 5825 2906 5888 γραμμάτων.

600 5820 680 5889 (2)
713 5822 884 5891 Alias,
908 5820 1093 5883 τόπον.
1122 5826 1243 5883 Mox
1273 5844 1371 5899 pro
1397 5825 1721 5894 ἀδιδάκτως,
1753 5826 1856 5899 leg.
1887 5830 2105 5885 videtur

1397 5825 1721 5894 ἀδιδάκτως,
1753 5826 1856 5899 leg.
1887 5830 2105 5885 videtur
2387 5820 2513 5898 Leg.
2542 5820 2905 5896 γραμμάτων.
