3822 6504
85 326 201 384 1155

1012 319 1322 376 SELECTA
1360 320 1424 376 IN
1469 320 1803 378 PSALMOS.
1847 354 1916 364 —
1942 322 2139 379 PSAL.
2175 325 2265 380 IV.

3168 333 3190 386 1
3210 333 3306 387 154

7 428 178 507 ²’“·κὸπι,
223 437 324 495 ἀπὸ
370 437 467 508 τῆς
524 436 764 501 Ἐξάδου
801 437 960 506 δείξει
1017 442 1188 494 ταῦτα
1242 443 1632 515 προλέγεσθαι·

1741 453 1897 512 cepta
1930 459 2078 510 mea,
2125 446 2373 500 morbum
2422 461 2673 510 onmem,
2710 460 2868 517 quem
2910 447 3104 502 immisi
3139 448 3307 521 {Egy-

15 547 26 608 Ϊ
55 540 98 591 ”⁶
121 535 231 590 Ἐάν
260 529 499 602 τηρήσῃς
531 528 627 592 τὰς
659 529 875 593 ἐντολάς
910 549 1010 600 μου
1050 533 1144 585 καὶ
1175 532 1244 586 τὰ
1273 534 1626 604 προστάγμα-

81 630 138 682 τά
169 641 278 696 μου,
311 620 483 672 πᾶσαν
529 617 681 672 νόσον
727 622 792 690 ἦν
820 621 1098 692 ἐπήγαγον
1131 625 1242 687 τοῖς
1289 625 1625 692 Αἰγυπτίοις,

6 717 165 775 "Va-bit
192 713 364 776 ἐπάξω
411 712 502 764 ἐπὶ
549 711 608 763 σέ
628 729 640 741 °
671 712 781 780 ἐγὼ
821 713 929 784 γάρ
961 716 1074 784 εἰμι
1108 714 1309 786 Κύριος
1340 717 1368 768 6
1404 714 1629 786 ἰώμενός

51 821 187 867 ’σει
236 806 337 860 Καὶ
367 805 427 857 τὸ
471 805 580 859 ἀπὸ
625 804 718 858 τοῦ
747 808 1200 875 Δευτερονομίου
1234 808 1288 861 δὲ
1323 808 1456 878 πρὸς
1506 809 1629 872 τοὺς

7 902 38 930 ⁵’
61 900 457 975 ἁμαρτάνοντας
506 896 792 967 λεγόμενον
844 897 1163 970 ὑπονοηθείη
1219 900 1286 952 ἂν
1334 900 1499 952 κακὸν
1532 901 1629 970 μὲν

27 1005 46 1034 ’-
82 988 403 1063 παριστάνειν
435 987 532 1050 τὰς
568 987 882 1057 σωματικάς
926 987 1138 1059 πληγὰς
1164 989 1258 1042 καὶ
1291 988 1389 1052 τάς
1419 988 1626 1052 νόσους,

6 1091 22 1100 “
47 1085 257 1155 ἀγαθὸν
282 1081 334 1134 δὲ
364 1079 605 1150 δηλονότι
647 1080 741 1132 καὶ
765 1079 862 1152 τὴν
893 1081 1103 1149 ὑγίειαν
1135 1082 1227 1135 καὶ
1269 1081 1365 1154 τὴν
1397 1079 1492 1134 τοῦ
1530 1080 1634 1134 σώ-

6 1191 232 1252 ;“-ματος
281 1174 461 1244 ρὧιν.
522 1174 674 1243 Ἔχει
723 1171 778 1224 δὲ
812 1171 982 1237 οὕτως
1025 1175 1057 1244 ἡ
1112 1173 1288 1239 λέξις·
1338 1174 1502 1228 «Ἐάν
1556 1173 1631 1245 μὴ

6 1264 14 1313 Ξ
42 1292 60 1320 .~
79 1269 324 1338 ἀκούσητε
358 1268 530 1318 ποιεῖν
560 1265 740 1320 πάντα
765 1266 830 1319 τά
875 1267 1094 1338 ῥήματα
1126 1267 1216 1320 τοῦ
1250 1267 1412 1338 νόμου
1442 1267 1630 1320 τούτου

6 1378 12 1382 ·
79 1365 140 1418 τὰ
165 1358 508 1431 γεγραμμένα
567 1360 624 1412 ὲν
672 1359 750 1412 τῶ
781 1358 968 1429 βιϐλίῳ
1020 1359 1212 1430 τούτῳ,
1266 1358 1543 1428 φοϐεῖσθαι
1572 1359 1632 1412 τὸ

6 1458 232 1525 ·’.-ὅνομα
271 1452 330 1505 τὸ
375 1452 610 1522 ἔντιμον,
645 1450 739 1504 καὶ
776 1451 837 1504 τὸ
865 1450 1174 1522 θαυμαστὸν
1205 1451 1381 1513 τοῦτο,
1427 1450 1632 1521 Κύριον

6 1569 34 1579 ·-
81 1549 157 1602 τὸν
183 1545 324 1608 Θεὸν,
373 1543 465 1596 καὶ
498 1542 859 1615 παραδοξάσει
891 1543 1095 1614 Κύριος
1135 1543 1234 1607 τὰς
1267 1543 1480 1614 πληγάς
1513 1560 1629 1606 σου,

80 1639 162 1692 καὶ
182 1636 273 1698 τὰς
317 1634 526 1707 πληγὰς
568 1635 664 1688 τοῦ
716 1635 1028 1708 σπέρματός
1062 1652 1175 1700 σου,
1223 1635 1434 1706 πληγὰς
1467 1636 1634 1706 μεγά-

63 1731 164 1792 λας
205 1727 292 1781 καὶ
325 1725 662 1798 θαυμαστὰς,
713 1727 806 1780 καὶ
850 1727 1039 1790 νόσους
1088 1727 1329 1798 πονηράς
1364 1729 1458 1780 καὶ
1485 1726 1633 1780 πλεί-

6 1837 50 1888 ς.τ.
81 1838 196 1883 στας
341 1835 354 1847 ’
405 1795 499 1872 καὶ
539 1817 853 1890 ἐπιστρέψει
901 1818 994 1871 ἐπὶ
1045 1818 1103 1870 σὲ
1149 1795 1327 1872 πάσαν
1365 1818 1462 1890 τὴν
1497 1817 1632 1890 πλη-
1666 1795 1706 1849 Β

49 1915 169 1984 ’.γὴν
193 1910 460 1979 Αἰγύπτου
486 1908 581 1982 τὴν
611 1910 872 1982 πονηράν,
913 1910 979 1981 ἥν
1009 1909 1298 1981 διηυλαϐοὖ
1332 1910 1440 1964 ἀπὸ
1467 1927 1632 1984 προσ-

78 2008 222 2060 ώπων
247 2005 454 2059 αὐτῶν
485 2003 578 2058 καὶ
619 2002 1006 2074 κολληθήσεται
1052 2021 1153 2068 σοι,
1195 2004 1288 2057 καὶ
1323 2007 1500 2058 πᾶσαν
1533 2023 1634 2081 μα-

37 2098 284 2169 ζλιικίαν,
339 2095 434 2149 καὶ
488 2097 666 2148 πᾶσαν
718 2095 929 2166 πληγὴν
974 2095 1071 2166 τὴν
1118 2094 1194 2166 μὴ
1241 2096 1631 2168 γεγραμμένην

21 2237 25 2263 λ
78 2194 127 2244 ἐν
170 2190 241 2260 τῷ
273 2188 460 2259 βιϐλίῳ
499 2187 592 2240 τοῦ
625 2186 788 2258 νόμου
837 2185 1027 2240 τούτου
1071 2187 1260 2251 ἐπάξει
1287 2188 1490 2259 Κύριος
1536 2189 1630 2242 ἐπὶ

6 2313 9 2317 -
80 2285 147 2344 σὲ,
191 2281 288 2343 ἕως
339 2279 406 2333 ἂν
457 2277 807 2351 ὲξολοθρεύσῃ
855 2295 989 2330 σεί
1033 2279 1128 2332 καὶ
1171 2279 1333 2333 πάλιν
1377 2282 1490 2343 τοῖς
1531 2297 1634 2332 πα-

13 2355 38 2428 .-
78 2373 372 2446 ραϐαίνουσι
413 2370 511 2434 τὰς
561 2369 779 2432 ἐντολὰς
842 2367 1058 2438 λέγεται
1103 2371 1196 2423 τό·
1263 2388 1282 2422 ι
1306 2369 1633 2441 Ἐπιπέμψω

37 2469 191 2538 ,ὑμῖν
258 2464 512 2533 πυρετὸν,
582 2462 676 2515 καὶ
751 2462 984 2532 ἴκτερον,
1046 2462 1141 2514 καὶ
1209 2461 1633 2532 σφακελίζοντας

16 2543 33 2617 ,Ι
73 2559 185 2622 τοὺς
224 2555 534 2626 ὀφθαλμοὺς
576 2553 750 2626 ὑμῶν,
797 2554 891 2608 καὶ
922 2554 1020 2625 τὴν
1053 2553 1228 2626 ψυχὴν
1272 2556 1424 2625 ὑμῶν
1471 2558 1633 2628 ἐκτή-

16 2635 34 2711 ί
75 2664 273 2702 κουσαν·
301 2665 320 2697 ι
362 2645 496 2717 πρὸς
522 2643 731 2708 τούτοις
756 2645 850 2697 καὶ
879 2645 936 2698 ὲν
958 2643 1035 2715 τῷ
1063 2647 1494 2715 Δευτερονομίῳ
1521 2651 1632 2710 τοῖς

6 2801 8 2805 ν
75 2739 443 2810 ἀφισταμένοις
489 2735 588 2808 τῆς
631 2736 939 2801 θεοσεϐείας
980 2737 1193 2790 ἀπειλεῖ
1231 2740 1259 2791 6
1308 2736 1465 2806 λόγος
1507 2738 1630 2792 ὀπι-

19 2824 32 2903 ί
74 2832 298 2884 σθότονον
327 2829 569 2883 ἀνίατον.
612 2826 693 2881 Τὰ
713 2828 769 2881 δὲ
799 2829 954 2892 ὲκτὸς
997 2828 1180 2896 ἀγαθά
1218 2828 1267 2881 οἱ
1315 2827 1630 2898 βουλόμενοι

71 2923 198 2978 κατὰ
238 2922 326 2976 τὸν
381 2922 520 2976 θεῖον
555 2919 985 2989 ἐπαγγέλλεσθαι
1031 2919 1186 2990 λόγον
1227 2923 1337 2983 τοῖς
1383 2920 1479 2990 μὲν
1525 2918 1633 2972 ἀπὸ

14 3018 20 3023 ’
70 3013 152 3068 τοῦ
192 3012 509 3068 Λευϊτικοῦ
540 3011 750 3077 τούτοις
801 3013 1126 3084 χρήσονται·
1178 3031 1196 3063 ‹
1259 3012 1385 3065 Ἐὰν
1419 3013 1476 3065 ὲν
1521 3014 1632 3076 τοῖς

14 3113 16 3115 ’
72 3105 440 3179 προστάγμασί
459 3122 560 3176 μου
581 3102 905 3176 πορεύησθε,
927 3105 1020 3158 καὶ
1047 3104 1144 3168 τὰς
1170 3102 1388 3167 ἐντολάς
1409 3120 1508 3174 μου
1533 3120 1633 3172 φυ-

19 3209 27 3212 “
71 3199 319 3271 λάτσησθε
349 3237 366 3266 ,
413 3199 506 3252 καὶ
549 3197 742 3268 ποιῆτε
774 3196 962 3262 αὐτάς,
995 3197 1150 3250 δώσω
1191 3197 1282 3250 τὸν
1325 3196 1477 3250 ὑετὸν
1505 3196 1632 3267 ύμῖν

73 3295 122 3346 ὲν
176 3291 352 3364 καιρῷ
400 3291 600 3357 αὐτοῦ,
649 3288 744 3345 καὶ
787 3292 821 3362 ἡ
877 3291 950 3362 γῆ
989 3288 1149 3343 δώσει
1193 3289 1265 3344 τὰ
1316 3289 1635 3361 γεννήματα

21 3399 23 3403 ·
74 3385 258 3455 αὐτῆς,
283 3385 380 3439 καὶ
402 3384 472 3438 τὰ
495 3384 622 3449 ξύλα
639 3383 747 3436 τῶν
783 3383 983 3436 πεδίων
1006 3382 1166 3436 δώσει
1188 3381 1281 3436 τὸν
1302 3382 1514 3454 καρπὸν
1536 3382 1635 3435 αὑ-

73 3482 187 3536 τῶν.
213 3482 323 3536 Καὶ
356 3479 728 3552 καταλήψεται
759 3481 886 3550 ὑμῖν
919 3480 947 3531 6
979 3478 1205 3550 ἀλοητὸς
1227 3476 1318 3530 τὸν
1345 3477 1634 3548 τρυγητὸν,

75 3575 158 3627 καὶ
176 3576 204 3629 6
219 3574 488 3645 τρυγητὸς
508 3571 880 3643 καταλήψεται
901 3572 991 3625 τὸν
1024 3569 1249 3642 σπόρον·
1277 3569 1372 3623 καὶ
1397 3568 1638 3638 φάγεσθε

74 3666 154 3719 τὸν
193 3668 353 3738 ἄρτον
404 3664 556 3736 ὑμῶν
601 3665 679 3728 είς
722 3663 1071 3735 πλησμονήν·
1142 3661 1239 3715 καὶ
1281 3661 1636 3732 κατοικήσετε

76 3759 202 3828 μετὰ
236 3756 535 3828 ἀσφαλείας
579 3755 674 3808 ἐπὶ
704 3755 804 3825 τῆς
850 3754 956 3826 γῆς
997 3751 1173 3824 ὑμῶν,
1199 3772 1219 3808 ι
1267 3751 1454 3806 καὶτὰ
1487 3750 1634 3822 ὲξῆςο

74 3853 132 3903 ἐκ
155 3850 209 3902 δε
242 3850 335 3905 τοῦ
372 3849 837 3918 Δευτερονομίου
879 3846 1088 3910 τούτοις
1115 3846 1437 3918 χρήσονταιο
1473 3864 1491 3896 ι
1529 3845 1640 3898 Καὶ

74 3944 209 3997 ἔσται
238 3943 312 4010 ὡς
361 3944 432 3998 ἂν
481 3942 704 4013 διαϐῆτε
757 3942 848 3994 τὸν
895 3939 1164 4013 Ἰορδάνην
1206 3940 1286 4003 είς
1315 3937 1414 4010 τὴν
1447 3937 1550 4009 γῆν
1575 3937 1643 4009 ἢν

72 4036 261 4110 Κύριος
289 4040 316 4091 6
359 4036 496 4099 Θεὸς
533 4035 744 4088 δίδωσιν
777 4034 928 4105 ὑμῖν,
958 4035 1052 4087 καὶ
1094 4030 1433 4102 φυλάσσεσθε
1469 4032 1644 4084 ποιεῖν

75 4129 240 4194 πάσας
279 4129 380 4193 τὰς
419 4128 635 4190 ἐντολὰς
686 4126 851 4180 αὐτοῦ
873 4165 888 4190 ,
933 4125 1000 4189 ἃς
1046 4123 1157 4194 ἐγὼ
1204 4122 1518 4194 ἐντέλλομαί
1562 4138 1644 4174 σοι

73 4222 330 4292 σήμερον·
371 4221 469 4274 καὶ
500 4219 660 4273 δώσει
687 4236 750 4272 σε
788 4218 990 4290 Κύριος
1020 4219 1048 4271 6
1083 4216 1215 4280 Θεός
1258 4233 1350 4269 σου
1390 4215 1646 4287 ὑπεράνω

72 4314 275 4367 πάντων
291 4355 306 4378 ,
343 4314 443 4368 καὶ
464 4313 684 4385 ἥξουσιν
706 4311 798 4364 ἐπὶ
824 4311 884 4364 σὲ
907 4313 1076 4364 πᾶσαι
1105 4310 1161 4362 αἱ
1192 4309 1433 4377 εὐλογίαι
1461 4300 1644 4370 αὗται,

70 4410 155 4462 καὶ
199 4408 498 4482 εὑρήσουσι
537 4425 632 4474 σε,
668 4407 763 4462 ἐὰν
808 4404 1045 4477 ἀκούσῃς
1083 4405 1180 4476 τῆς
1229 4403 1414 4474 φωνῆς
1439 4399 1646 4474 Κυρίου

1730 537 1874 603 ptiis,
1913 553 2016 589 non
2046 538 2295 590 inducam
2343 539 2393 590 in
2432 548 2522 593 te:
2565 554 2663 608 ego
2701 539 2844 594 enim
2885 556 3002 595 sum
3049 541 3309 596 Dominus

1731 640 1928 679 sanans
1949 636 2022 679 te.
2059 645 2076 676 ι
2111 627 2371 695 Quodque
2393 629 2444 680 in
2470 628 2879 683 Deuteronomio
2917 632 2984 685 ad
3017 644 3307 702 peccantes

1731 716 1954 782 dicitur,
1984 718 2200 771 videtur
2228 721 2471 788 corporis
2507 720 2690 790 plagas
2731 730 2786 776 et
2819 723 3038 778 morbos
3068 725 3118 778 in
3155 727 3308 781 malis

1734 823 2012 878 reponere,
2043 810 2093 863 in
2125 812 2280 865 bonis
2303 826 2432 865 vero
2454 816 2742 869 sanitatem
2773 822 2826 868 et
2855 815 3016 869 robur
3039 819 3304 888 corporis.

1734 899 1906 954 Verba
1941 902 2054 956 haec
2081 913 2210 957 sunt
2242 903 2326 957 ‘3:
2364 921 2382 954 ι
2417 904 2472 958 Si
2502 920 2605 958 non
2634 907 2974 974 obedieritis,
3011 917 3070 962 ut
3097 908 3310 963 faciatis

1732 992 1910 1045 omnia
1967 991 2129 1046 verba
2177 992 2310 1064 legis
2362 993 2525 1063 hujus
2561 998 2763 1065 scripta
2810 997 2864 1050 in
2905 998 3043 1052 libro
3074 998 3212 1062 hoc,
3252 1007 3310 1051 ιιι

1734 1086 1970 1140 titneatis
2003 1103 2196 1141 nomen
2225 1089 2326 1141 hoc
2350 1086 2724 1142 honorandum
2753 1099 2807 1145 et
2836 1092 3177 1157 admirabile,
3211 1092 3312 1147 Do-

1735 1179 1936 1232 tninttm
1993 1178 2196 1242 Deum,
2243 1179 2592 1234 incredibiles
2632 1179 2794 1236 faciet
2832 1182 3090 1236 Dominus
3122 1182 3310 1252 plagas

1736 1281 1877 1336 tuas,
1906 1281 1960 1326 et
1990 1273 2173 1341 plagas
2203 1272 2428 1326 seminis
2462 1272 2558 1337 tui,
2595 1273 2778 1342 plagas
2807 1288 3030 1343 magnas
3051 1286 3105 1328 et
3133 1277 3311 1329 admi—

1736 1358 1951 1422 rabiles,
1987 1359 2205 1414 morbos
2235 1359 2402 1413 tnalos
2429 1370 2482 1415 et
2514 1361 2777 1429 plurimos
2807 1378 2820 1416 :
2850 1373 2905 1416 et
2939 1375 3218 1419 convertet
3256 1367 3308 1419 in

1737 1459 1787 1505 te
1835 1465 2048 1506 onmem
2088 1450 2300 1520 plagam
2337 1449 2554 1523 ASgypti
2593 1452 2822 1516 malam,
2853 1469 3012 1522 quam
3055 1457 3305 1511 devitasti

1734 1557 1764 1594 a
1815 1551 2107 1611 conspectu
2160 1543 2433 1611 ipsorum,
2484 1553 2538 1596 et
2585 1545 3046 1615 conglutinabitur
3075 1547 3204 1609 tibi,
3253 1557 3309 1601 et

1733 1645 1948 1684 onmem
1992 1631 2270 1686 mollitiem
2311 1641 2364 1686 et
2405 1649 2621 1689 onmem
2660 1634 2870 1706 plagam
2909 1652 3014 1692 non
3047 1640 3308 1706 scriptam

1737 1721 1790 1774 in
1821 1720 1959 1776 libro
1987 1722 2119 1792 legis
2139 1723 2322 1793 hujus,
2354 1715 2582 1780 adducet
2618 1727 2873 1783 Dominus
2905 1745 3064 1799 super
3100 1740 3150 1784 te
3171 1771 3185 1793 ,
3216 1732 3312 1784 do-

1739 1825 1838 1866 nec
1885 1815 2330 1868 exterminaverit
2384 1826 2454 1870 te.
2492 1835 2510 1869 ι
2545 1817 2611 1871 Ει
2639 1834 2825 1875 rursus
2856 1820 3312 1891 perlringeatibus

1740 1906 1991 1960 mandata
2034 1907 2234 1969 dicitur
2275 1908 2326 1939 “
2373 1926 2387 1963 :
2437 1929 2454 1961 ι
2503 1911 2794 1967 lmtnittam
2831 1915 2983 1969 vobis
3023 1915 3215 1970 febrim
3259 1927 3314 1971 et

1739 2009 2024 2066 arquatum
2064 1999 2342 2062 morbum,
2377 2012 2433 2056 et
2469 2006 2803 2061 tabescentes
2841 2008 3029 2062 oculos
3069 2019 3312 2072 vestros,

1738 2099 1790 2144 et
1824 2090 2058 2144 animam
2090 2102 2326 2148 vestram
2364 2093 2772 2165 liquescentem.
2799 2097 2958 2171 567
2991 2120 3008 2152 ι
3049 2098 3314 2155 Praeterea

1739 2182 1792 2235 in
1841 2182 2240 2239 Deuteronomio
2282 2187 2499 2256 pietatis
2541 2199 2595 2243 et
2638 2189 2913 2261 religionis
2949 2193 3316 2252 desertoribus

1741 2274 1973 2343 rigorem
2043 2277 2269 2332 cervicis
2339 2281 2691 2336 insanabilem
2749 2284 2990 2338 minatur
3043 2285 3110 2338 ⁸⁸.
3173 2284 3316 2340 Bona

1740 2381 1867 2421 vero
1904 2377 2130 2422 externa
2168 2370 2258 2438 qui
2291 2373 2478 2426 volunt
2505 2389 2572 2427 ex
2608 2373 2804 2430 divinis
2834 2375 3026 2429 litteris
3052 2376 3314 2446 polliceri,

1740 2459 1823 2514 his
1870 2471 2088 2516 utentur
2139 2461 2352 2516 Levitici
2407 2467 2587 2521 verbis
2626 2465 2672 2497 “
2721 2486 2733 2520 :
2787 2485 2807 2518 ‹
2853 2467 2908 2520 Si
2955 2468 3007 2522 in
3049 2469 3318 2524 mandatis

1741 2552 1874 2606 meis
1899 2554 2209 2620 ambuletis,
2228 2568 2280 2612 et
2302 2567 2568 2626 praecepta
2589 2573 2706 2612 mea
2720 2560 2969 2625 servetis,
2985 2570 3033 2614 et
3051 2560 3320 2630 impleatis

1739 2639 1878 2708 ipsa,
1906 2643 2044 2697 dabo
2072 2645 2222 2698 vobis
2263 2644 2494 2712 pluviam
2531 2645 2583 2698 in
2623 2657 2862 2715 tempore
2893 2662 3029 2712 suo,
3072 2657 3126 2700 et
3177 2656 3318 2700 terra

1739 2736 1886 2790 dabit
1901 2735 2143 2804 germina
2161 2752 2280 2802 sua,
2299 2749 2353 2790 et
2375 2739 2516 2806 ligna
2533 2753 2845 2808 camporum
2867 2740 3070 2793 dabunt
3084 2739 3317 2793 fructum

1739 2840 1915 2879 suum.
1949 2826 2012 2880 Et
2035 2827 2268 2897 excipiet
2293 2829 2444 2882 vobis
2485 2828 2676 2882 tritura
2707 2829 3029 2884 vindemiam
3054 2873 3068 2897 ,
3118 2839 3173 2884 et
3206 2831 3321 2884 vin-

1739 2919 1912 2974 demia
1931 2919 2165 2989 excipiet
2181 2921 2468 2986 sationem,
2488 2921 2850 2976 etcomedetis
2863 2936 3056 2992 panem
3077 2931 3318 2976 vestrum

1740 3013 1792 3067 in
1822 3013 2147 3078 satietatem,
2176 3023 2229 3068 et
2266 3029 2388 3068 cum
2424 3015 2718 3070 securitate
2745 3015 3056 3068 habitabilis
3088 3014 3142 3068 in
3176 3026 3317 3069 terra

1740 3115 2064 3171 vestra,etc.
2098 3123 2117 3156 ›
2150 3104 2228 3159 Ex
2261 3105 2665 3160 Deuteronomio
2701 3106 2814 3160 haec
2843 3105 3130 3160 all‘erent”
3158 3123 3172 3160 :
3200 3124 3219 3157 ι
3257 3107 3321 3160 Et

1735 3201 1839 3253 erit
1863 3200 1950 3256 ubi
1973 3199 2261 3253 Jordanem
2281 3199 2628 3266 transieritis,
2654 3197 2705 3252 in
2729 3208 2926 3252 terram
2953 3215 3114 3269 quam
3141 3198 3323 3255 Domi-

1740 3307 1841 3346 nus
1860 3291 1999 3345 Deus
2011 3291 2097 3345 dat
2119 3289 2286 3354 vobis,
2304 3301 2356 3344 et
2375 3290 2628 3345 cavebitis
2645 3298 2696 3342 ut
2713 3292 2893 3344 omnia
2915 3291 3162 3344 mandata
3182 3291 3321 3360 ejus,

1739 3397 1857 3451 qua:
1881 3397 1980 3454 ego
2005 3383 2155 3437 vobis
2179 3383 2337 3437 hodie
2367 3383 2688 3451 praescribo,
2713 3381 3016 3451 impleatis:
3037 3384 3250 3437 etdabit
3272 3394 3324 3437 te

1743 3476 2005 3530 Dominus
2056 3474 2199 3528 Deus
2245 3485 2367 3527 tuus
2407 3488 2528 3527 esse
2576 3488 2739 3542 super
2781 3489 2992 3537 omnes,
3026 3484 3078 3526 et
3106 3474 3324 3528 venient

1741 3583 1906 3638 super
1950 3577 2002 3621 te
2037 3581 2236 3621 omnes
2267 3565 2676 3620 benedictiones
2709 3564 2810 3632 Ita),
2847 3574 2902 3619 et
2929 3565 3199 3620 invenient
3233 3574 3286 3622 te
3307 3607 3322 3633 ,

1742 3661 1786 3713 si
1831 3659 2070 3714 audieris
2107 3673 2294 3714 vocem
2330 3656 2540 3711 Domini
2571 3656 2660 3710 Dei
2692 3657 2788 3710 tui.
2822 3657 3147 3713 Benedictus
3177 3667 3230 3712 tu
3270 3660 3321 3712 iu

1745 3753 1898 3820 urbe,
1936 3761 1992 3806 et
2019 3750 2339 3805 benedictus
2371 3759 2422 3802 tu
2455 3750 2507 3801 in
2536 3763 2687 3819 agro,
2721 3749 2989 3804 benedicti
3022 3748 3161 3804 fetus
3192 3765 3324 3802 ven-

1743 3846 1842 3899 tris
1896 3844 1971 3897 tui
2021 3851 2076 3898 et.
2123 3842 2368 3913 germina
2421 3843 2744 3903 lcrrte'tuag,
2777 3849 2832 3894 et
2869 3850 3114 3894 armenta
3164 3840 3322 3894 boum

1747 3946 1984 4001 tuorum,
2029 3944 2084 3988 et
2138 3949 2330 4004 greges
2394 3934 2660 4002 pecudum
2706 3945 2916 3988 tuarum
2959 3949 2973 3987 :
3027 3932 3328 3988 benedictae

1745 4027 2023 4096 apotheca:
2055 4037 2179 4090 tuae,
2209 4035 2264 4080 et
2287 4027 2529 4094 reliquit}:
2575 4035 2680 4080 tua:
2703 4065 2718 4091 ,
2757 4045 2776 4078 ι
2815 4035 2870 4080 et
2899 4036 3117 4080 caetera.
3159 4023 3228 4080 Ut
3259 4040 3328 4078 ex

1746 4117 2024 4171 contrario
2067 4115 2246 4185 impiis
2300 4116 2496 4171 dicitur
2547 4115 2590 4148 ⁵⁸
2637 4133 2654 4170 :
2705 4135 2723 4167 ι
2785 4117 3146 4171 Exsecrabilis
3177 4129 3233 4172 tu
3273 4118 3331 4171 in

1746 4210 2002 4277 civitate,
2032 4218 2088 4264 et
2122 4209 2474 4264 exsecrabilis
2509 4217 2562 4262 tu
2599 4209 2651 4264 in
2683 4226 2845 4278 agro;
2881 4221 3164 4266 exsecrata
3202 4213 3331 4264 bor-

1752 4317 1842 4358 rea
1871 4312 1958 4356 tua
1982 4344 1996 4369 ,
2029 4312 2084 4357 et
2111 4303 2354 4370 reliquia:
2391 4311 2525 4366 tuae,
2567 4304 2937 4359 exsecrabiles
2985 4303 3074 4356 ﬁlii
3125 4304 3333 4357 ventris

1752 4395 1854 4460 tui,
1878 4405 1931 4449 et
1960 4395 2202 4464 germina
2227 4406 2384 4450 terra:
2413 4405 2550 4462 tuae;
2586 4405 2861 4450 exsecrata
2889 4402 3132 4448 armenta
3167 4397 3330 4448 boum

71 4501 156 4555 τοῦ
184 4501 322 4556 Θεοῦ
347 4520 466 4556 σου.
503 4498 879 4572 Εὐλογημένος
913 4499 976 4552 σὺ
1008 4499 1066 4553 ὲν
1100 4497 1275 4561 πόλει,
1307 4496 1402 4549 καὶ
1432 4493 1641 4564 εὐλογη-

1753 4499 1990 4556 tuorum,
2018 4495 2072 4542 el
2094 4502 2282 4558 greges
2305 4490 2570 4557 pecudum
2611 4497 2860 4552 tuarum;
2900 4505 2922 4538 ι
2957 4496 3012 4540 et
3040 4486 3142 4539 alia
3174 4487 3331 4539 innu-

73 4598 223 4665 μένος
255 4597 322 4650 σὺ
367 4597 428 4649 ὲν
461 4593 648 4668 ἀγρῷ,
695 4591 1032 4664 εὐλογημένα
1063 4590 1134 4645 τὰ
1180 4589 1382 4658 ἔγγονα
1426 4586 1501 4658 (ϐ)
1546 4586 1644 4657 τῆς

70 4689 266 4753 κοιλίας
298 4707 398 4742 σου
422 4728 437 4752 ,
468 4687 563 4742 καὶ
588 4687 657 4741 τά
695 4687 1006 4757 γεννήματα
1032 4683 1132 4754 τῆς
1162 4681 1266 4752 γῆς
1293 4697 1385 4733 σου
1408 4720 1422 4744 ,
1455 4679 1549 4732 καὶ
1571 4676 1640 4731 τὰ

69 4780 314 4849 βουκόλια
346 4781 458 4835 τῶν
489 4779 628 4851 βοῶν
659 4797 751 4832 σου
771 4819 786 4843 ,
819 4778 914 4831 καὶ
939 4775 1008 4829 τὰ
1039 4775 1269 4845 ποίμνια
1294 4773 1403 4825 τῶν
1435 4769 1645 4842 προϐά-

66 4889 165 4926 των
226 4891 354 4926 σουο
421 4872 782 4943 εὐλογημέναι
824 4870 882 4923 αἱ
925 4865 1205 4937 ἀποθῆκαί
1266 4881 1393 4930 σου,
1449 4863 1543 4916 καὶ
1578 4861 1648 4913 τά

66 4964 552 5036 ἐγκαταλείμματά
590 4981 709 5032 σου,
741 4983 760 5016 ι
809 4961 905 5016 καὶ
936 4959 1004 5014 τὰ
1035 4959 1178 5030 ἑξῆς.
1253 4956 1341 5020 Ὧς
1383 4953 1545 5008 πάλιν
1577 4954 1642 5006 ὲκ

64 5055 166 5110 τῶν
191 5057 455 5112 ἐναντίων
477 5059 588 5120 τοῖς
617 5052 869 5110 ἀσεϐοῦσι
891 5053 1108 5122 λέγεται
1130 5051 1209 5104 τό·
1235 5068 1254 5102 ι
1278 5045 1646 5117 Ἐπικατάρα-

63 5167 151 5212 τος
185 5151 250 5204 σὺ
274 5152 334 5203 ὲν
362 5149 548 5213 πόλει,
583 5148 678 5202 καὶ
697 5146 1095 5219 ὲπικατάρατος
1123 5145 1187 5197 σὺ
1210 5143 1268 5195 ἐν
1299 5138 1455 5212 ἀγρῷ
1475 5157 1488 5170 ·
1525 5139 1648 5190 ὲπι-

64 5243 363 5314 κατάρατοι
405 5244 461 5295 αί
513 5240 787 5311 ἀποθῆκαί
837 5256 967 5304 σου,
1017 5239 1112 5291 καὶ⁸
1160 5235 1227 5290 τὰ
1279 5233 1645 5304 ὲγκαταλείμ-

68 5334 210 5401 ματά
238 5349 372 5385 οόυ⁶
410 5331 787 5404 ὲπικατάρατα
832 5328 900 5382 τά
933 5329 1098 5382 τέκνα
1135 5327 1235 5398 τῆς
1278 5325 1485 5388 κοιλίας
1529 5341 1644 5388 σου,

66 5427 154 5477 καὶ
186 5426 256 5479 τὰ
296 5427 616 5497 γεννήματα
670 5425 768 5496 τῆς
808 5424 914 5494 γῆς
961 5441 1054 5478 σου
1078 5440 1092 5454 ·
1155 5421 1538 5492 ὲπικατάρατα
1579 5419 1647 5473 τὰ

137 5589 183 5620 ⁸³
210 5589 376 5643 Deut.
411 5606 601 5652 xxvut,
633 5588 702 5642 58
732 5597 785 5642 et
818 5603 932 5645 seu.

66 5676 259 5727 xxvnt,
296 5662 321 5714 1
353 5673 408 5715 et
438 5677 552 5730 seq.
630 5660 675 5691 ἰδ
705 5660 832 5714 ibid.
862 5659 926 5713 16
948 5668 1000 5714 et
1029 5675 1146 5729 seq.

129 5807 205 5876 (ἲν)
235 5806 419 5864 Biblia
439 5806 650 5875 Grmca,
677 5805 890 5871 πιστάς.

1032 5588 1078 5620 ⁸⁵
1107 5587 1280 5644 Levit.
1307 5603 1456 5654 xxvi,
1485 5587 1570 5643 16.
1647 5587 1693 5620 ⁸⁸
1723 5587 1879 5645 Deut.
1912 5600 2085 5650 χχχιι,
2113 5583 2204 5640 24.

1755 4594 1900 4634 mera
1937 4579 2180 4649 proferre
2208 4588 2434 4649 possunt
2461 4617 2476 4644 ,
2507 4580 2600 4648 qui
2626 4579 2679 4634 in
2705 4579 2866 4634 rebus
2890 4578 3134 4645 corporis
3159 4587 3213 4631 et
3235 4593 3331 4633 ex-

1754 4675 1923 4729 ternis
1947 4675 2084 4730 bona
2113 4683 2168 4727 et
2195 4673 2337 4726 mala
2363 4687 2486 4729 esse
2507 4672 2710 4727 volunt.
2737 4670 3085 4741 Evangelium
3115 4685 3332 4741 quoque

1755 4769 2056 4837 attingent,
2094 4780 2150 4823 et
2178 4768 2358 4823 dicent
2400 4769 2782 4831 Servatorem,
2814 4781 2940 4819 cum
2988 4766 3156 4828 venit,
3209 4774 3331 4817 tan-

1753 4874 1918 4929 quam
1947 4861 2142 4925 -mala,
2189 4861 2502 4916 hominibus
2551 4860 2842 4915 abstulisse
2885 4859 3128 4928 corporis
3172 4859 3332 4913 caeci-

1758 4959 1945 5016 tatem,
1975 4951 2317 5016 surditatem,
2341 4961 2398 5006 et
2430 4949 2794 5006 membrorum
2827 4950 3206 5005 resolutionem
3227 4987 3242 5013 ,
3276 4957 3330 5002 et

1753 5043 2004 5098 morbum
2028 5058 2264 5112 omnem,
2289 5053 2346 5098 et
2376 5059 2590 5099 omnem
2621 5044 2994 5098 infirmitatem
3025 5042 3329 5104 sanavisse,

1751 5137 2072 5206 dedisseque
2099 5136 2238 5190 bona
2274 5150 2374 5206 pro
2418 5135 2578 5190 malis
2607 5135 2918 5204 prioribus,
2957 5143 3013 5188 et
3054 5131 3332 5202 nerSpica-

1752 5227 1973 5282 citatem
2008 5225 2292 5296 corporis,
2333 5236 2387 5280 et
2419 5225 2687 5290 auditum,
2723 5234 2778 5279 et
2811 5226 2974 5278 aliam
3005 5225 3290 5278 sanitatem
3315 5261 3330 5281 .

1750 5329 1806 5372 et
1841 5319 2008 5373 robur
2058 5331 2074 5371 :
2120 5328 2176 5373 et
2212 5317 2650 5373 verecundabere
2684 5332 2808 5372 cum
2853 5331 2918 5371 ex
2967 5324 3020 5370 te
3050 5323 3332 5386 qumrent,

1752 5427 1932 5468 annon
1979 5412 2176 5468 malum
2223 5428 2439 5485 quoque
2478 5429 2600 5470 esse
2637 5412 2994 5476 arbitremur,
3025 5425 3056 5465 a
3093 5410 3334 5464 dannone

2300 5583 2346 5615 ⁵³
2384 5580 2556 5638 Levii.
2583 5594 2732 5642 xxvi,
2762 5577 2797 5632 5
2819 5585 2872 5632 et
2904 5587 3024 5644 seq.
3099 5572 3143 5604 ⁸⁷
3175 5571 3332 5626 Dent.

1829 5801 1906 5874 (6)
1939 5799 2099 5872 Lege,
2133 5799 2350 5867 ἔκγονα.
