3986 6384
178 283 322 340 1137

1156 281 1465 339 SELECTA
1501 282 1564 338 IN
1602 281 1939 340 PSALMOS.
1971 315 2043 327 —
2081 285 2275 345 PSAL.
2320 288 2406 345 IV.

3304 298 3441 354 H58

174 402 335 455 νόσον
389 399 738 472 σωματικὴν,
785 400 876 453 καὶ
918 399 986 455 τὰ
1032 403 1191 468 ἐκτὸς
1238 404 1570 476 νομιζόμενα
1617 406 1747 459 κακὰ

1866 408 2138 474 pestivum
2174 408 2336 463 fuerit
2381 424 2442 463 ea
2491 425 2610 480 quae
2641 407 2743 466 Job
2774 412 3106 480 acciderunt,
3152 414 3204 469 in
3251 431 3437 472 eorum

171 497 291 559 τοῖς
325 493 673 565 ἠσεϐηκόσιν,
712 495 744 567 ἢ
783 495 1211 564 ἐπαγγέλλεσθαι
1255 497 1563 565 ὑγιαίνοντα
1623 496 1761 553 εἶναι

172 587 246 640 τὰ
271 585 519 657 σώματα,
547 588 641 640 καὶ
664 588 979 659 περιουσίαν
1010 586 1226 641 ἔσεσθαι
1249 591 1360 652 τοῖς
1383 589 1461 659 τῷ
1486 590 1606 643 Θεῶ
1632 608 1761 644 κατ-

169 678 588 751 ηκολουθηκόσι.
647 679 864 749 Πῶςοδὲ
898 680 998 734 οὑκ
1030 680 1236 750 ἠλίθιον
1270 682 1361 734 ἐπὶ
1413 686 1526 746 τοῖς
1574 687 1761 748 κακοῖς

174 770 325 840 μέγα
369 773 585 841 φρονεῖν
629 772 723 824 καὶ
759 772 945 842 αὐχεῖν
992 773 1118 837 τοὺς
1168 773 1327 837 ὄντας
1360 774 1417 827 ὲν
1452 774 1662 839 αὑτοῖς;
1696 776 1759 829 Εἰ

170 863 285 934 γὰρ
314 865 481 917 κακαὶ
519 865 576 918 αἱ
600 863 845 934 θλίψεις,
896 865 1029 935 φησὶ
1073 866 1129 919 δὲ
1174 867 1203 919 6
1260 867 1581 931 Ἀπόστολος
1622 886 1757 921 καυ-

168 957 373 1028 χᾶσθαι
405 959 462 1010 ἐν
490 961 679 1022 κακοῖς
700 976 712 989 ο
738 957 897 1012 τοῦτο
921 960 977 1013 δὲ
998 960 1223 1029 ἠλίθιον,
1247 962 1341 1015 καὶ
1372 962 1400 1014 6
1440 962 1759 1026 Ἀπόστολος

6 1080 21 1090 ο
104 1076 132 1125 πε
168 1049 277 1102 οὑκ
312 1048 551 1117 ἠλίθιος·
592 1050 692 1103 οὑκ
724 1051 831 1121 ἄρα
872 1051 1017 1104 κακά
1058 1052 1126 1106 τὰ
1177 1052 1355 1106 τοιάδε
1388 1054 1758 1125 γυμνάσματα

102 1120 132 1156 ’9
167 1139 266 1193 τοῦ
308 1140 465 1208 ἁγίου
487 1155 499 1168 °
535 1140 702 1205 ὅστις,
732 1120 789 1192 ἐν
822 1143 985 1195 παντὶ
1006 1141 1350 1214 θλιϐόμενος,
1383 1120 1444 1197 οὑ
1466 1120 1756 1215 ’στενοχω-

172 1234 387 1303 ρεῖται·
427 1232 834 1304 ἀπορούμενος,
888 1234 988 1287 οὑκ
1023 1235 1516 1303 ὲγκαταλείπεται’
1567 1254 1758 1308 πειρα-

167 1323 433 1395 ζόμενος,
487 1324 548 1376 οὑ
591 1323 941 1379 θανατοῦται·
1005 1324 1358 1397 νομιζόμενος
1413 1323 1550 1381 εἶναι
1606 1344 1755 1380 πτω-

166 1414 285 1485 Χδξ,
322 1415 551 1479 πολλοὺς
597 1415 903 1479 πλουτίζει’
951 1418 1045 1470 καὶ
1090 1418 1607 1489 ὑπολαμϐανόμενος
1648 1435 1754 1489 μη-

164 1508 259 1562 δὲν
329 1509 647 1580 κεκτῆσθαι,
698 1508 877 1562 παντά
934 1510 1190 1579 κατέχει*
1241 1510 1335 1564 τοῦ
1392 1510 1501 1582 γὰρ
1560 1511 1753 1564 πιστοῦ

163 1601 289 1665 ὅλος
350 1604 378 1655 ὁ
443 1601 646 1673 κόσμος
709 1601 817 1655 τῶν
869 1602 1201 1673 χρημάτων·
1262 1602 1356 1656 τοῦ
1418 1603 1475 1656 δὲ
1527 1604 1751 1657 ἀπίστου

161 1694 290 1747 οὑδὲ
339 1693 543 1758 ὀϐολός.
614 1694 736 1746 Ἔτι
784 1693 839 1747 δὲ
885 1694 1075 1747 ἕπεται
1134 1697 1246 1758 τοῖς
1306 1695 1749 1765 ὑπολαμϐάνουσι

1865 513 2124 553 revocare
2161 500 2503 568 memoriam,
2551 505 2641 574 qui
2675 520 2736 559 ea
2768 503 2907 557 mala
2954 518 3077 559 esse
3108 515 3340 573 putant:
3382 521 3441 563 ut

1862 601 2144 661 postquam
2175 592 2467 647 fortissime
2497 595 2814 663 perfunctus
2847 608 2931 651 est
2963 597 3029 652 iis
3061 612 3177 666 quae
3205 598 3440 654 circum-

1863 685 2086 739 SIabant
2115 686 2528 751 certaminibus,
2558 689 2623 742 de
2656 689 2771 758 ipso
2796 688 2932 743 liber
2958 690 3030 743 ait
3059 690 3143 744 l‘°:
3187 710 3204 741 ι
3236 693 3315 746 An
3343 708 3440 760 pn-

1864 786 1945 829 tas
1996 776 2155 830 aliam
2192 778 2261 832 ob
2296 793 2514 834 causam
2561 795 2650 834 me
2692 791 2873 836 tecum
2912 797 3035 837 esse
3068 782 3435 847 collocutum,

1862 868 1964 921 nisi
2002 877 2059 923 ut
2091 866 2274 935 justus
2308 872 2647 939 appareres?
2677 890 2695 923 ι
2735 872 2790 926 Si
2838 875 2981 929 enim
3015 890 3121 931 non
3152 876 3312 931 aliter
3336 876 3440 931 Job

1860 970 2085 1027 apparet
2110 957 2312 1027 justus,
2349 976 2511 1030 quam
2540 964 2682 1033 quod
2705 964 2859 1021 hicet
2881 964 2971 1021 ille
2991 982 3113 1021 eum
3139 982 3300 1022 casus
3324 969 3436 1022 cir—

1868 1052 2278 1117 eutnvenerint,
2333 1054 2605 1121 quomodo
2668 1070 2811 1111 nunc
2880 1059 3256 1113 vocaverimus
3320 1075 3438 1126 qua:

1867 1152 2045 1192 causa:
2080 1136 2321 1206 fuerunt,
2357 1156 2457 1195 cur
2490 1143 2703 1212 justitia
2728 1145 2897 1214 ipsius
2926 1148 3206 1202 eluceret?
3230 1149 3307 1203 Ex
3351 1150 3437 1203 his

1861 1232 2027 1285 etiam
2069 1232 2329 1301 colligere
2360 1233 2507 1298 licet,
2553 1250 2728 1304 neque
2779 1238 3050 1293 diabolum
3087 1240 3205 1293 viro
3246 1250 3437 1295 saneto

1859 1325 2059 1377 malum
2083 1340 2226 1379 esse.
2252 1324 2351 1379 Job
2381 1326 2548 1395 igitur
2582 1328 2828 1384 diabolus
2852 1331 3051 1384 malum
3085 1347 3189 1385 non
3213 1334 3432 1390 erat":

1864 1437 1880 1469 ι
1920 1420 2054 1484 Quia
2101 1418 2451 1489 diligentibus
2490 1420 2655 1474 Deum
2731 1423 2915 1477 omnia
2962 1423 3014 1477 itt
3061 1423 3258 1477 bonum
3296 1426 3437 1479 Deus

1858 1510 2230 1574 administrat,
2260 1511 2328 1566 iis
2366 1512 2456 1581 qui
2482 1511 2637 1581 juxta
2677 1515 3012 1582 propositum
3041 1516 3219 1570 vocati
3247 1526 3429 1570 sunt.»

1858 1601 2123 1656 l’raaterea
2156 1603 2399 1658 dicemus
2428 1607 2686 1659 nonsatis
2714 1607 3219 1675 apparere,justum
3246 1624 3433 1662 earum

1858 1692 1973 1748 fore
2004 1695 2443 1751 benedictionum
2500 1697 2820 1767 participem
2866 1713 2984 1767 quae
3019 1699 3073 1752 in
3129 1698 3433 1769 Scripturis

162 1786 313 1839 κατά
366 1784 463 1856 τὴν
520 1784 743 1869 Γραφὴν
789 1784 916 1856 τρία
977 1787 1107 1859 γένη
1166 1786 1273 1839 τῶν
1314 1786 1533 1855 ἀγαθῶν
1588 1784 1746 1851 εἶναι,

1857 1786 2043 1852 positae
2079 1785 2221 1841 bona
2274 1788 2700 1843 existimantur:
2739 1788 2924 1844 multae
2969 1789 3171 1860 quippe
3215 1791 3281 1845 de
3315 1792 3434 1847 viro

158 1878 323 1949 δῆλον
341 1877 398 1931 δὲ
423 1878 502 1931 ὅτι
518 1879 610 1930 καὶ
636 1875 741 1930 τῶν
767 1876 971 1941 κακῶν,
997 1878 1123 1941 τοὺς
1152 1878 1393 1944 δικαίους
1425 1880 1511 1934 ἀεὶ
1533 1881 1589 1934 ὲν
1621 1881 1749 1935 πολ-

159 1971 277 2036 λοῖς
309 1976 496 2037 κακοῖς
524 1969 681 2027 εἶναι·
715 1973 1087 2045 ἀληθευούσης
1113 1973 1213 2044 τῆς
1244 1973 1510 2045 λεγούσης
1535 1992 1748 2047 προφη-

158 2066 335 2129 τείαςο
382 2084 399 2116 ι
432 2065 629 2118 Πολλαὶ
669 2066 723 2118 αἱ
766 2066 973 2135 θλίψεις
1012 2065 1118 2118 τῶν
1159 2065 1404 2120 δικαίων.
1449 2085 1467 2117 ι
1501 2066 1612 2119 Οὑκ
1639 2067 1747 2137 ἄρα

157 2158 216 2209 δὲ
242 2157 355 2229 (12)
373 2158 463 2210 καὶ
483 2157 589 2209 τῶν
604 2156 681 2227 τῷ
717 2156 834 2210 Ἰὼϐ
854 2157 1276 2229 συμϐεϐηκότων
1295 2158 1606 2230 ὑπομνῆσαι
1623 2160 1748 2222 τοὺς

157 2247 443 2316 οἰομένους
484 2246 610 2299 τάδε
654 2247 774 2300 τινὰ
813 2247 959 2301 κακά
1006 2242 1168 2301 εἶναι’
1198 2248 1271 2312 ὡς
1303 2249 1331 2300 6
1367 2249 1748 2321 χρηματισμὸς

160 2338 305 2409 μετὰ
334 2339 392 2391 τὸ
416 2340 653 2407 ἐνεγκεῖν
685 2339 1041 2407 γενναιότατα
1058 2341 1185 2404 τοὺς
1218 2341 1579 2413 περιστάντας
1603 2341 1748 2410 ἀγῶ-

157 2447 281 2494 νας,
315 2432 498 2502 φησίν’
549 2449 565 2481 ι
606 2431 720 2484 Οἴει
752 2430 808 2484 δέ
842 2448 909 2501 με
940 2430 1114 2496 ἄλλως
1142 2449 1224 2486 σοι
1251 2435 1742 2505 κεχρηματικέναι,

157 2523 191 2593 ἦ
218 2524 309 2576 ἵνα
341 2524 617 2593 ἀναφανῇς
645 2522 875 2587 δίκαιος;
919 2543 936 2575 ι
959 2524 1021 2576 Et
1050 2522 1159 2593 γάρ
1188 2524 1287 2577 οὑκ
1316 2524 1488 2588 ἄλλως
1517 2526 1746 2595 ἀναφαί-

157 2634 314 2669 νεται
335 2617 363 2666 6
400 2616 517 2668 Ἰὼϐ
546 2616 752 2679 δίκαιος
784 2616 817 2687 ἢ
843 2618 906 2669 ὲκ
922 2616 1014 2670 τοῦ
1045 2617 1172 2670 τάδε
1216 2617 1359 2682 τινὰ,
1389 2619 1590 2672 καὶτοῦ
1618 2620 1745 2673 τάδε

156 2708 314 2779 αὑτῴ
370 2708 515 2762 κακὰ
562 2708 816 2779 λέγοιμεν
861 2708 1127 2779 ὑπάρχειν
1174 2710 1309 2780 (15),
1358 2708 1425 2763 τὰ
1463 2712 1610 2764 αίτια
1648 2710 1743 2765 τοῦ

156 2802 438 2871 ἀναφῆναι
485 2799 650 2854 αὑτοῦ
706 2800 803 2872 τὴν
852 2800 1229 2873 δικαιοσύνην;
1290 2802 1563 2872 Ἐπόμενα
1594 2803 1639 2856 δ’
1678 2803 1744 2857 ἂν

156 2896 374 2956 τούτοις
410 2895 494 2965 εἴη
520 2893 653 2965 μηδὲ
680 2892 771 2945 τὸν
800 2892 1042 2946 διάϐολον
1065 2891 1144 2963 τῷ
1172 2892 1312 2964 ἁγίῳ
1338 2893 1505 2947 κακὸν
1545 2895 1745 2964 τυγχά-

156 3003 294 3039 νειν’
325 2986 405 3058 τῷ
433 2986 477 3039 δ’
503 2982 594 3040 οὖν
632 2985 751 3037 Ἰὼϐ
772 2985 1057 3049 ὁδιάϐολος
1090 2985 1258 3038 κακὸν
1281 2986 1379 3039 οὑκ
1400 2981 1486 3057 ἦν’
1527 3005 1545 3037 ι
1592 2988 1744 3041 Ἐπεὶ

156 3081 274 3142 τοῖς
300 3077 553 3146 ἀγαπῶσι
583 3077 674 3131 τὸν
700 3077 832 3130 Θεὸν
870 3076 1045 3130 πάντα
1082 3080 1331 3149 συνεργεῖ
1362 3078 1441 3141 εἰς
1472 3077 1673 3147 ἀγαθὸν
1714 3081 1743 3132 ὀ

155 3171 313 3235 Θεὸς,
341 3173 455 3235 τοῖς
475 3169 615 3223 κατά
638 3169 893 3240 πρόθεσιν
916 3168 1131 3239 κλητοῖς
1146 3164 1314 3222 οὖσιν.
1353 3188 1370 3219 ι
1398 3170 1517 3222 Ἔτι
1534 3170 1589 3222 δὲ
1611 3171 1746 3242 πρὸς

155 3264 372 3326 τούτοις
405 3262 557 3333 παρὰ
596 3262 658 3315 τὸ
684 3260 912 3332 ἐναργὲς
942 3257 1081 3313 εἶναί
1114 3260 1294 3331 φαμὲν
1324 3260 1384 3313 τὸ
1422 3260 1512 3314 τὸν
1539 3262 1745 3316 δίκαιον

156 3355 217 3409 ὲν
270 3357 390 3417 ταῖς
420 3352 560 3407 κατὰ
587 3353 646 3405 τὸ
673 3353 835 3423 ῥητὸν
864 3351 1137 3420 εὐλογίαις
1168 3351 1510 3405 ἕσεσθαιτῶν
1536 3354 1593 3407 ὲν
1625 3355 1745 3419 ταῖς

156 3447 405 3517 Γραφαῖς
430 3445 759 3515 ἐγκειμένων
782 3443 1154 3515 νομιζομένων
1172 3442 1413 3511 ἀγαθῶν
1439 3443 1608 3515 πολλὴ
1637 3444 1744 3519 γάρ

159 3539 376 3610 ἱστορία
411 3536 444 3607 ή
486 3537 615 3609 περὶ
667 3536 760 3591 τοῦ
807 3536 964 3606 ἁγίου
998 3535 1361 3607 ἐξεταζομένη
1410 3536 1745 3592 ἐναντιοῦται

157 3634 280 3695 ταῖς
314 3630 591 3693 τοιαύταις
620 3628 887 3700 ὲκδοχαῖς⁶
909 3628 1003 3682 καὶ
1032 3627 1258 3699 ἀνόητόν
1285 3628 1400 3681 ἐστι
1419 3628 1480 3681 τὸ
1510 3630 1747 3700 ὑπολαμ-

159 3723 348 3776 ϐάνειν
367 3720 646 3791 δανειστὴν
662 3721 750 3773 τὸν
771 3721 923 3788 ἅγιον
948 3718 1165 3773 ἔσεσθαι
1194 3718 1403 3773 πολλῶν
1435 3719 1603 3773 ἐθνῶν
1618 3738 1746 3793 τρα-

160 3815 337 3880 πέζας
369 3812 511 3867 κατά
545 3813 699 3867 πόλιν
720 3812 1023 3880 ἀνοίγοντα,
1056 3811 1151 3865 καὶ
1185 3811 1600 3884 περισπώμενον
1617 3812 1745 3883 περὶ

158 3908 258 3972 τὰς
287 3906 467 3970 δόσεις
492 3906 586 3959 καὶ
618 3904 827 3978 λήψεις,
858 3905 951 3958 καλ⁸
980 3902 1237 3959 ποιοῦντα
1266 3905 1565 3977 πράγματα
1596 3906 1744 3975 ἀπη-

158 3998 490 4070 γορευμένα·
527 4014 544 4047 ι
574 3996 646 4049 Τὸ
670 3995 931 4068 ἀργύριον
958 3994 1066 4067 γὰρ
1097 3994 1259 4048 αὑτοῦ
1292 3995 1391 4048 οὑκ
1428 3995 1624 4048 ἔδωκεν
1652 3996 1745 4047 ἐπὶ

158 4092 329 4161 τόκῳ,
359 4090 451 4143 καὶ
489 4089 651 4159 δῶρα·
675 4088 760 4141 ἐπ’
786 4085 982 4150 ἀθώοις
1022 4086 1123 4140 οὑκ
1171 4086 1351 4140 ἔλαϐε·
1395 4087 1487 4139 καὶ
1514 4088 1542 4139 6
1577 4086 1745 4140 ποιῶν

158 4183 334 4237 ταῦτα
366 4181 427 4235 οὑ
479 4180 869 4251 σαλευθήσεται
912 4181 991 4243 είς
1027 4179 1117 4233 τὸν
1151 4179 1344 4234 αίῶνα.
1393 4197 1411 4232 ι
1450 4180 1561 4234 Καὶ
1603 4179 1744 4233 κατὰ

158 4278 250 4330 τὸν
288 4274 575 4346 Ἰεζεκιήλ·
618 4291 637 4325 ι
688 4274 745 4327 ’0
786 4271 938 4342 ἅγιος
980 4272 1072 4325 ἐπὶ
1115 4271 1258 4342 τόκῳ
1295 4272 1389 4325 καὶ
1421 4270 1744 4342 πλεονασμῷ

158 4370 259 4423 οὑκ
288 4369 453 4421 ἔδωκε
487 4368 546 4420 τὸ
572 4366 853 4439 ἀργύριον.
897 4385 915 4418 ι
943 4366 1016 4418 Τὸ
1045 4365 1101 4418 δὲ
1130 4363 1225 4419 καὶ
1246 4364 1477 4437 πυρετὸν
1502 4363 1743 4435 νομίζειν

158 4462 247 4517 διὰ
272 4460 374 4525 τὰς
399 4459 673 4531 ἁμαρτίας
690 4458 933 4528 γίνεσθαι
959 4456 1302 4512 ἀπαιδεύτων
1327 4459 1408 4519 είς
1435 4456 1742 4527 ὑπερϐολήν

159 4554 281 4605 ἐστι
310 4552 506 4622 δόγμα,
543 4550 801 4613 πολλάκις
831 4549 941 4603 τῶν
981 4548 1169 4603 αἰτίων
1208 4548 1305 4619 τῆς
1330 4548 1540 4601 τοιᾶσδε
1586 4548 1741 4601 νόσου

162 4641 446 4713 προδήλων
467 4640 654 4695 ὅντων·
692 4638 725 4709 ἢ
748 4639 857 4711 γὰρ
880 4638 968 4692 διά
997 4637 1058 4690 τὸ
1091 4636 1364 4708 περιέχον,
1391 4636 1424 4708 ἢ
1448 4635 1534 4690 διὰ
1567 4636 1743 4689 τοιάδε

162 4735 357 4799 ὕδατα,
379 4733 411 4805 ἢ
436 4732 525 4786 διὰ
549 4730 760 4785 τοιάσδε
782 4729 1008 4802 τροφάς’
1035 4728 1192 4781 καὶεί
1220 4722 1355 4779 ἆθλα
1380 4729 1492 4790 τοῖς
1516 4725 1744 4789 δικαίοις

162 4824 327 4894 ὑγεία
357 4823 452 4877 καὶ
474 4821 723 4886 πλοῦτος,
757 4820 924 4893 ὲχρῆν
951 4818 1152 4889 μηδένα
1189 4818 1297 4871 τῶν
1323 4817 1532 4871 ἀσεϐῶν
1569 4816 1747 4886 ὑγιαί-

161 4936 298 4981 νειν,
333 4917 464 4989 μηδὲ
487 4916 753 4969 πλουτεῖν.
802 4913 1021 4981 Ὑγείαν
1047 4913 1103 4965 δὲ
1126 4912 1225 4983 τὴν
1247 4911 1453 4966 τοιάνδε
1471 4911 1744 4965 κατάστα-

167 5029 252 5064 σιν
274 5011 375 5081 τῆς
406 5010 584 5081 ψυχῆς
616 5006 898 5080 ζητητέον,
935 5006 1031 5059 καὶ
1074 5004 1300 5058 πλοῦτον
1342 5004 1431 5057 τὸν
1462 5003 1603 5057 κατὰ
1652 5002 1744 5055 τὸν

164 5102 489 5173 Σολομῶντα
520 5101 714 5171 λύτρον
737 5098 1072 5169 τυγχάνοντα
1108 5097 1207 5168 τῆς
1237 5095 1435 5166 ψυχῆς,
1492 5094 1741 5161 λέγοντα·

168 5216 190 5250 ι
233 5196 442 5268 Λύτρον
471 5194 661 5266 ἀνδρὸς
699 5192 879 5265 ψυχῆς
918 5195 946 5246 6
978 5192 1105 5254 ἴδιος
1143 5189 1390 5252 πλοῦτος.
1432 5208 1450 5239 ι
1484 5186 1746 5239 Φευκτέον

162 5289 222 5343 δὲ
252 5288 460 5352 πενίαν,
498 5287 618 5341 καθ’
651 5288 717 5356 ἢν
750 5284 1186 5355 ἀναγέγραπται⁸
1235 5302 1253 5334 ι
1290 5280 1510 5351 Πτωχὸς
1549 5279 1607 5332 δὲ
1651 5278 1748 5348 οὑχ

166 5382 459 5452 ὑφίσταται
502 5381 751 5448 ἀπειλήν.
787 5398 805 5430 ι
842 5378 960 5431 Ἔτι
993 5377 1050 5430 δὲ
1092 5374 1404 5448 τραύματα,
1438 5372 1529 5427 καὶ
1559 5369 1749 5438 μώλω-

1856 1878 1945 1932 illo
1975 1887 2161 1933 sancto
2176 1880 2411 1935 historia:
2434 1881 2478 1934 si
2506 1881 2899 1951 expenduntur,
2923 1881 3080 1935 istam
3113 1882 3436 1951 interpreta-

1857 1974 2052 2027 tionem
2098 1974 2373 2028 refellunt.
2409 1976 2540 2041 Quis
2574 1976 2717 2029 enim
2761 1974 3146 2028 fmncratorem
3180 1985 3430 2029 sanctum

1854 2076 1976 2117 esse
2006 2078 2173 2119 sanus
2199 2064 2493 2129 existimet,
2523 2066 2611 2134 qui
2640 2065 2823 2119 multis
2853 2066 3104 2136 gentibus
3140 2080 3355 2120 mensas
3378 2066 3430 2119 in

1856 2156 2074 2210 civitate
2102 2157 2336 2225 aperiat,
2370 2167 2420 2211 et
2454 2158 2507 2212 in
2538 2161 2719 2214 dando
2749 2168 2803 2212 et
2851 2159 3167 2228 accipiendo
3198 2175 3432 2227 occupe-

1857 2257 1963 2312 tur,
1994 2258 2049 2302 et
2083 2262 2167 2303 res
2222 2251 2416 2304 vetitas
2457 2248 2659 2305 faciat?
2701 2269 2719 2302 ι
2752 2250 3046 2305 Pecuniam
3079 2256 3223 2305 enim
3275 2268 3428 2306 suam

1854 2356 1959 2395 non
1997 2341 2146 2396 dedit
2174 2341 2395 2407 fteuori,
2428 2352 2485 2397 et
2513 2359 2736 2398 munera
2773 2360 2936 2414 super
2977 2345 3298 2400 innocentes
3324 2360 3430 2399 no-t

1857 2435 2068 2503 accepit
2106 2450 2119 2486 :
2157 2443 2212 2487 et
2250 2434 2341 2504 qui
2392 2432 2525 2487 facit
2556 2435 2692 2500 hwc,
2728 2450 2834 2487 non
2888 2433 3321 2489 commovebitur
3373 2434 3427 2489 in

1852 2534 2112 2576 teternum
2139 2522 2207 2575 ".
2238 2541 2255 2574 ι
2282 2523 2349 2576 Ει
2372 2522 2424 2576 in
2450 2523 2729 2577 Ezechiele
2747 2524 2793 2554 ⁵³
2817 2542 2830 2577 :
2856 2542 2873 2575 ι
2896 2523 3127 2578 Sanctus
3167 2513 3335 2578 fenori
3373 2534 3429 2578 et

1854 2610 2007 2665 lucro
2062 2613 2343 2679 pecuniam
2400 2630 2505 2667 non
2555 2616 2865 2682 occupavit.
2909 2634 2929 2667 ι
2972 2615 3079 2669 Sed
3129 2624 3183 2669 et
3233 2615 3426 2671 febrim

1851 2712 2075 2771 prepter
2103 2717 2323 2771 peccata
2353 2706 2628 2771 accidere,
2682 2720 2842 2761 nemo
2873 2706 2977 2760 nisi
3009 2706 3300 2760 admodum
3339 2724 3430 2761 rn-

1852 2798 1937 2852 (lis
1951 2807 2005 2851 et
2032 2799 2252 2867 ignarus
2277 2800 2695 2865 existimaverit,
2720 2814 2842 2853 cum
2864 2798 3023 2867 hujus
3048 2800 3219 2854 morbi
3250 2814 3429 2855 causae

1853 2904 1995 2959 saepe
2040 2892 2345 2946 manifestae
2377 2892 2485 2946 sint
2519 2909 2534 2946 :
2566 2901 2659 2946 aut
2706 2893 2852 2946 enim
2894 2902 3113 2961 prepter
3149 2892 3429 2946 continen-

1855 2990 1960 3034 tem
2010 2997 2216 3048 aerem,
2262 2982 2343 3036 vel
2395 2994 2619 3052 propter
2670 2984 2807 3039 tales
2851 2998 3061 3053 aquas,
3092 2984 3176 3037 vel
3209 2994 3429 3053 propter

1856 3073 1981 3127 talia
2018 3073 2278 3129 alimenta
2307 3089 2322 3127 :
2356 3082 2431 3140 et,
2469 3076 2515 3129 si
2545 3076 2711 3145 justis
2740 3076 2949 3131 sanitas
2985 3086 3039 3129 et
3066 3074 3269 3129 divitiae
3289 3090 3429 3145 prie.

1772 3147 1815 3203 δ
1851 3166 1957 3219 mia
1989 3177 2390 3237 proponuntur,
2440 3169 2719 3225 neminem
2760 3168 3062 3237 improbum
3094 3183 3289 3223 sanum
3333 3177 3425 3221 aut

1848 3263 2070 3317 divitem
2127 3278 2248 3318 esse
2304 3267 2610 3333 oportebat.
2646 3264 2753 3318 Sed
2810 3263 3017 3318 sanitas
3055 3273 3203 3317 recta
3255 3262 3421 3316 animi

1847 3352 2168 3407 constitutio
2193 3357 2491 3423 quaerenda
2522 3364 2607 3409 est
2633 3370 2647 3406 :
2682 3353 2887 3409 divitia:
2916 3368 3065 3419 vero,
3098 3367 3219 3421 quae
3268 3352 3426 3405 Solo-

1848 3445 2026 3501 monis
2054 3447 2349 3513 sentcntia,
2381 3448 2618 3516 pretium
2668 3447 2864 3499 animae
2892 3446 2993 3500 viri
3029 3452 3157 3499 sunt
3187 3458 3202 3497 :
3236 3462 3255 3495 ι
3290 3444 3423 3499 Pre-

1848 3537 2001 3605 tium,
2041 3537 2214 3607 inquit
2242 3539 2309 3602 “,
2343 3539 2539 3594 anima:
2576 3539 2678 3592 viri
2738 3538 2943 3592 divitiae
2996 3537 3187 3607 ipsius.
3227 3554 3247 3588 ι
3282 3535 3424 3589 Pan-

1847 3634 2029 3694 pertas
2080 3641 2208 3681 vero
2241 3627 2492 3698 fugienda
2536 3637 2641 3692 est,
2685 3628 2751 3683 de
2784 3642 2888 3696 qua
2920 3628 3183 3697 scriptum
3220 3636 3306 3681 est
3327 3626 3375 3658 "
3404 3641 3419 3679 :

1851 3731 1869 3764 ι
1898 3713 2108 3784 Pauper
2146 3726 2324 3770 autem
2359 3733 2462 3771 non
2503 3717 2650 3772 subit
2682 3717 2857 3771 minas
2886 3734 2899 3771 :
2935 3734 2955 3768 ι
2990 3716 3210 3771 vulnera
3239 3724 3419 3769 autem

1846 3815 1901 3860 et
1925 3806 2128 3863 vibices
2161 3817 2216 3862 et
2251 3808 2424 3862 morbi
2478 3807 2783 3876 accipiendi
2831 3815 2979 3870 sunt,
3032 3821 3154 3876 quae
3197 3817 3423 3876 pr0pter

1849 3900 2045 3955 vitium
2082 3899 2359 3955 dissolutis
2395 3900 2667 3954 mentibus
2694 3900 2950 3954 eveniunt
2978 3914 2993 3951 :
3026 3896 3168 3951 unde
3196 3905 3253 3952 et
3294 3911 3422 3966 pro-

1848 3994 2009 4062 pheta
2035 4006 2130 4047 eos
2162 3992 2252 4061 qui
2285 3993 2336 4045 in
2372 3991 2437 4045 iis
2468 4002 2615 4055 sunt,
2646 3989 2997 4058 reprehendit
3024 3989 3071 4020 ⁵⁸
3102 4005 3118 4045 :
3151 4005 3169 4040 ι
3202 3987 3242 4041 Α
3274 3988 3425 4057 pedi-

1847 4084 1977 4150 bus,
2009 4083 2205 4153 inquit,
2241 4098 2413 4151 tlSqtle
2440 4084 2505 4135 ad
2533 4091 2716 4153 caput,
2756 4096 2937 4151 neque
2988 4081 3202 4146 vulnus,
3248 4095 3424 4149 neque

1847 4176 2028 4241 vibex,
2062 4191 2236 4245 neque
2263 4176 2418 4246 plaga
2462 4175 2800 4230 inflammata
2836 4192 2852 4231 :
2906 4190 3012 4230 non
3048 4182 3135 4231 est
3181 4173 3419 4227 medica-

1856 4277 2096 4322 mentum
2124 4283 2222 4321 cur
2258 4268 2595 4337 imponatur,
2627 4283 2802 4337 neque
2831 4267 3033 4331 oleum,
3082 4281 3259 4334 neque
3299 4265 3419 4319 alli-

1845 4370 2054 4428 gatura.
2100 4377 2119 4410 ι
2162 4358 2289 4414 llaec
2329 4360 2511 4427 itaque
2540 4358 2623 4413 vel
2666 4359 2732 4413 iis
2780 4358 2873 4426 qui
2910 4356 3068 4425 plane
3100 4370 3209 4410 non
3251 4353 3424 4422 negli-

1847 4458 1993 4518 gant,
2017 4448 2310 4517 sutileinnt,
2349 4451 2493 4502 unde
2529 4448 2772 4503 collectis
2800 4447 2898 4501 sibi
2931 4446 3228 4513 Scriptura:
3261 4444 3423 4500 dictis

1848 4553 1968 4608 quae
2024 4554 2327 4610 repugnare
2378 4540 2648 4603 videntur,
2688 4538 2902 4592 actione
2947 4535 3122 4589 sancti
3184 4531 3423 4602 Spiritus

1847 4633 2064 4703 dignam
2117 4631 2529 4701 intelligentiam
2558 4629 2775 4698 assequi
2828 4626 3103 4682 studeant.
3149 4623 3419 4679 Praeterea

1847 4735 1907 4777 ut
1961 4722 2028 4777 iis
2081 4737 2143 4777 os
2176 4723 2517 4784 occludatur,
2572 4721 2663 4792 qui
2704 4722 2842 4774 bona
2888 4733 3035 4783 esse,
3064 4732 3186 4788 qua:
3215 4718 3423 4772 sanctis

1846 4813 2022 4868 danda
2055 4825 2182 4870 sunt
2214 4815 2592 4878 arbitrantur;
2644 4812 2807 4882 570
2842 4811 3004 4879 mala,
3056 4825 3179 4880 qua:
3223 4809 3419 4875 malis;

1850 4908 1964 4960 hzec
2000 4908 2251 4962 videntur
2300 4906 2599 4973 adjicienda
2632 4920 2643 4954 :
2682 4920 2844 4959 omne
2883 4903 3026 4973 quod
3072 4912 3156 4958 est
3193 4911 3420 4972 propter

1852 4996 2075 5067 aliquid,
2135 4997 2312 5053 minus
2354 5006 2436 5051 est
2485 5010 2551 5051 eo
2590 5003 2811 5065 propter
2841 4992 2984 5063 quod
3016 5001 3140 5047 est:
3167 4990 3424 5061 quemad-

1851 5090 2069 5142 modum
2097 5091 2387 5156 sectioues,
2422 5089 2669 5143 ustiones
2703 5096 2756 5141 et
2784 5084 3100 5155 emplastra,
3127 5096 3247 5153 qua:
3296 5095 3422 5149 pro—

1852 5191 1972 5247 pter
2007 5181 2299 5235 sanitatem
2353 5188 2672 5244 stnnuntur,
2722 5178 2935 5233 minora
2993 5184 3119 5230 sunt
3166 5172 3418 5227 sanitate.

1851 5272 1966 5328 Etsi
2009 5274 2145 5339 bmc,
2184 5282 2243 5326 ut
2275 5273 2326 5326 in
2360 5273 2644 5328 medicina:
2672 5270 2914 5335 auxiliis,
2943 5268 3086 5323 bona
3133 5265 3419 5323 dicantur,

1854 5365 1927 5419 ita
1978 5374 2062 5421 est
2103 5365 2502 5436 accipiendum,
2543 5376 2602 5420 ut
2647 5381 2751 5420 non
2793 5364 2905 5419 sint
2952 5360 3090 5415 bona
3130 5355 3272 5422 linis,
3307 5355 3421 5409 sive

240 5546 286 5575 ⁸ο
309 5542 429 5597 Jub.
452 5557 540 5605 χι,
564 5541 619 5595 3.
696 5540 737 5574 ⁵¹
764 5538 921 5594 Rom.
944 5537 1167 5605 "11,98.
1245 5534 1398 5589 “Ps.
1434 5530 1617 5599 x1v,5.
1694 5528 1739 5561 ”

1852 5519 2126 5591 uitium,
2149 5523 2201 5578 8.
2279 5523 2325 5556 “
2352 5522 2509 5581 Prov.
2532 5540 2650 5589 xm,
2675 5524 2730 5578 8.
2806 5522 2851 5554 ⁸⁸
2883 5519 3011 5575 ibid.
3087 5517 3134 5550 "
3159 5510 3281 5571 lsai.
3302 5527 3341 5577 t,
3362 5509 3415 5566 ϐ.

241 5686 352 5756 (12)
381 5686 520 5753 Ἄρα
545 5682 630 5756 δέ.
658 5682 785 5748 Leg.
810 5684 1039 5756 ἄκαιρον
1068 5679 1146 5756 δέ.

546 5731 1253 5822 -τῖνᾶντσῖλ-μπτῶματα
1283 5746 1583 5817 γεγονέναι,
1616 5741 1729 5805 πῶς
1748 5740 1814 5796 ἂν
1843 5737 1988 5809 αὑτῴ
2008 5735 2152 5792 κικκᾶ
2180 5735 2431 5806 λέγοιμεν
2464 5731 2745 5800 ὑπάρχειν.
