3986 6384
525 243 664 300 “59

1901 233 1992 289 EX
2029 231 2332 288 ORIGENE

3651 226 3795 282 “60

525 363 713 416 ultima
739 360 1038 423 medicinae,
1068 358 1160 414 sed
1190 356 1496 412 eﬂicientia.
1525 356 1726 410 Donum
1763 364 1942 410 autem
1977 355 2101 411 linis

2207 371 2332 418 πας,
2370 353 2462 406 καὶ
2506 352 2694 416 νόσους
2723 349 3019 422 ἐκληπτέον
3054 347 3120 401 τὰ
3148 347 3408 418 γινόμενα
3433 342 3523 400 διὰ
3557 345 3658 416 τὴν
3689 361 3793 397 κα-

527 453 579 508 Ῑιι
612 452 901 517 medicina,
954 450 1196 521 rorporis
1245 452 1450 505 sanitas
1501 460 1607 504 est.
1665 451 1756 505 Sic
1815 451 1999 521 igitur,
2054 451 2099 506 si

525 545 779 598 mandata
834 546 949 598 haec
990 544 1256 596 servanda
1299 550 1447 606 sunt,
1501 551 1559 594 ut
1587 542 1722 595 bona
1753 542 1870 596 hmc
1903 555 2098 596 conse-

523 651 786 704 quamur;
835 633 1058 703 prarmia
1108 643 1288 686 autem
1337 634 1474 686 bona
1511 638 1754 704 corporis
1791 644 1845 688 et
1873 644 2099 688 externa

523 735 669 790 sunt,
707 727 862 782 bona:
893 726 1135 782 actiones
1167 727 1323 782 bona:
1354 742 1458 780 non
1485 737 1664 794 erunt,
1701 737 1758 781 ut
1783 727 1989 782 ultima:
2039 741 2102 782 ac

523 819 883 886 perlicientes,
907 819 1000 872 sed
1027 828 1088 873 ut
1114 817 1410 873 ellicieutes
1446 820 1583 874 bona
1607 830 1693 875 :ct
1723 820 1943 886 divitiae,
1968 836 2103 890 quas

524 911 764 976 polliceri
806 911 1151 980 Scripturam
1199 919 1416 982 putant,
1463 922 1519 966 ct
1572 912 1819 983 corporis
1872 914 2097 978 sanitas,

523 1004 759 1072 potiores
792 1004 1207 1072 eruntiustitia,
1230 1016 1284 1060 et
1315 1008 1431 1076 ipsa
1464 1005 1850 1071 sanctimonia,
1888 1014 1944 1061 et
1983 1007 2100 1076 pie-

524 1107 656 1160 tate,
683 1105 737 1148 et
763 1096 1039 1166 religionis
1071 1100 1235 1155 tantis
1281 1109 1336 1156 et
1380 1113 1489 1156 tam
1523 1099 1804 1170 praeclaris
1836 1099 2102 1155 facinori-

521 1187 654 1251 bus;
687 1203 809 1256 (μιαί
837 1189 1053 1256 quidem
1095 1191 1388 1247 admittere
1418 1192 1698 1248 hominum
1724 1199 1808 1245 est
1853 1191 1945 1260 qui
1979 1191 2100 1246 vir-

523 1278 998 1351 uulsdignitatem
1042 1284 1311 1354 ignorant,
1363 1287 1458 1340 sed
1495 1299 1583 1338 res
1626 1297 1846 1338 crassas
1892 1283 1948 1337 et
2001 1284 2102 1337 hu-

525 1373 795 1442 milesipsi
830 1381 1192 1443 anteponunt.
1227 1373 1482 1428 Omnium
1513 1372 1660 1426 enim
1689 1378 1774 1426 est
1819 1371 2101 1425 absurdis-

521 1464 721 1518 simum
755 1464 962 1527 dicere,
991 1464 1275 1535 praeclaris
1302 1465 1636 1520 facinoribus
1663 1473 1929 1534 praestare
1958 1463 2101 1518 divi-

523 1556 732 1619 tias.et
771 1558 1018 1629 corporis
1062 1561 1350 1613 sanitatem
1385 1577 1400 1615 :
1437 1560 1524 1613 cui
1570 1559 1794 1614 nefaria:
1839 1557 2101 1612 doctrina:

523 1648 664 1702 παὶιί
697 1649 938 1704 nonnulli
965 1649 1314 1704 crediderunt
1347 1648 1463 1704 fore
1505 1659 1587 1714 nt,
1621 1648 1875 1704 excitatis
1914 1663 2104 1717 corpo-

2204 447 2328 500 κίαν
2377 448 2495 510 ταῖς
2551 443 3020 517 ἀπροσεκτούσαις
3069 442 3286 511 ψυχαῖς·
3341 440 3471 512 περὶ
3502 431 3575 492 ὧν
3627 439 3722 492 καί
3765 440 3794 492 6

2204 541 2488 612 προφήτης
2511 540 2790 611 μέμφεται
2821 538 2948 601 τούς
2976 540 3034 590 ἐν
3061 538 3171 600 τοῖς
3197 533 3457 596 τοιούτοις
3487 531 3794 602 τυγχάνον-

2201 653 2322 699 τας,
2353 634 2545 703 λέγων·
2579 652 2596 685 ι
2643 632 2776 686 Ἀπὸ
2803 630 2980 684 ποδῶν
3002 629 3107 693 ἕως
3137 626 3379 713 κεδφαλῆς
3397 624 3521 678 οὔτε
3544 623 3793 695 τραῦμα,

2201 728 2324 782 οὐτε
2361 726 2587 798 μώλωψ,
2635 725 2758 779 οὐτε
2803 723 2986 796 πληγὴ
3039 722 3467 793 φλεγμαίνουσα·
3511 718 3613 772 οὐκ
3671 717 3792 770 ἐστι

2208 825 2470 898 μάλαγμα.
2491 822 2778 883 ἐπιθεῖναι,
2810 820 2935 875 οὐτε
2967 819 3164 882 ἔλαιον,
3187 816 3310 872 οὐτε
3339 813 3739 883 καταδέσμους.
3768 831 3786 861 ι

2205 919 2390 972 Ταῦτα
2430 918 2529 989 μὲν
2556 911 2648 971 οὐν
2682 915 2930 986 αὐτάρκη
2961 915 3074 976 τοῖς
3105 910 3182 983 μὴ
3209 910 3350 964 πάνυ
3384 907 3611 978 ἀμελέσι
3651 904 3791 976 πρὸς

2201 1013 2282 1072 τὸ,
2313 1012 2421 1066 ἀπὸ
2437 1010 2641 1064 τούτων
2672 1009 2881 1071 ἑαυτοῖς
2900 1003 3316 1075 ἀναλεξαμένοις
3338 1002 3407 1056 τὰ
3435 1001 3794 1072 περισπῶντα

2211 1103 2352 1176 ρητά
2393 1102 2500 1155 τῶν
2541 1099 2795 1173 Γραφῶν,
2829 1096 3138 1152 ἐπιϐάλλειν
3179 1097 3242 1166 τῇ
3284 1092 3411 1165 ἀξίᾳ
3458 1093 3640 1163 νοήσει
3689 1093 3792 1162 τῆς

2205 1193 2483 1267 ἐνεργείας
2505 1191 2597 1247 τοῦ
2619 1192 2776 1260 ἁγίου
2807 1188 3139 1260 Πνεύματος·
3175 1185 3253 1240 ἔτι
3280 1186 3337 1240 δὲ
3370 1185 3510 1257 ὑπὲρ
3534 1183 3631 1238 τοῦ
3659 1201 3762 1237 σιω
3779 1217 3791 1222 -

2203 1289 2374 1360 πῆσαι
2416 1287 2544 1350 τούς
2578 1284 2858 1356 οἰομένους
2891 1281 3018 1336 τάδε
3053 1275 3192 1334 εἶναι
3229 1278 3298 1332 τὰ
3342 1277 3523 1348 ἀγαθά
3554 1277 3626 1332 τὰ
3679 1279 3793 1340 τοῖς

2203 1382 2378 1450 ἁγίοις
2401 1378 2759 1451 δοθησόμενα,
2778 1376 2872 1430 καὶ
2893 1374 3018 1428 τάδε
3033 1373 3102 1426 τὰ
3117 1371 3264 1426 κακὰ
3285 1374 3396 1434 τοῖς
3419 1369 3789 1442 ἁμαρτωλοῖς,

2204 1475 2298 1528 καὶ
2327 1473 2498 1526 ταῦτα
2534 1469 2879 1542 προσθετέον·
2928 1467 3010 1520 ὅτι
3057 1467 3168 1518 πᾶν
3219 1464 3281 1518 τὸ
3332 1463 3421 1516 διά
3465 1481 3542 1532 τι,
3567 1460 3792 1514 ἔλαττόν

2203 1567 2319 1618 ἐστι
2355 1563 2450 1616 τοῦ
2475 1562 2542 1616 δι’
2586 1563 2614 1614 ὃ
2649 1563 2816 1614 ἐστιν·
2859 1555 2974 1612 οἷον
3003 1559 3186 1628 τομαὶ,
3217 1557 3312 1610 καὶ
3330 1553 3658 1625 καυστῆρες,
3697 1555 3789 1606 καὶ

2205 1657 2572 1729 ἐμπλαστροι,
2611 1653 2678 1707 δι’
2719 1652 2907 1722 ὑγείαν
2939 1649 3498 1723 παραλαμϐανόμενα,
3530 1647 3790 1700 ἐλάττονα

525 1743 698 1805 ribus,
733 1744 784 1796 in
821 1743 985 1796 vitam
1018 1741 1423 1810 reducesjuxta
1471 1743 1674 1812 primas
1723 1741 1842 1798 illas
1879 1743 2102 1810 promis-

2207 1728 2459 1816 τύγχάνει
2487 1743 2586 1814 τῆς
2618 1741 2826 1810 ὑγείας·
2864 1739 2964 1794 κᾶν
2995 1740 3070 1804 ὡς
3107 1741 3163 1792 ἐν
3200 1740 3462 1809 ἰατρικοῖς
3495 1735 3550 1790 δὲ
3585 1735 3788 1807 βοηθή·

526 1834 730 1901 siones,
773 1834 1001 1889 edamus
1038 1833 1135 1888 hos
1189 1843 1244 1890 et
1297 1834 1416 1890 illos
1461 1825 1641 1900 cibos,
1695 1844 1750 1889 et
1805 1835 2094 1896 bibamus:

526 1923 716 1992 aliqui,
741 1932 800 1978 ut
827 1923 1026 1978 liberos
1056 1923 1216 1978 etiam
1245 1939 1575 1994 quaeramus.
1611 1925 1734 1981 llaec
1757 1926 1804 1980 si
1837 1930 1902 1980 ad
1926 1926 2104 1981 ethni-

523 2033 617 2072 cos
633 2017 1002 2088 pervenerint,
1033 2033 1285 2090 magnum
1303 2019 1618 2074 stoliditatis
1635 2029 1690 2074 et
1711 2019 1956 2074 stultitia:
1973 2033 2100 2089 pro-

525 2112 682 2166 brum
706 2109 1122 2165 Christianismo
1171 2111 1416 2181 aﬂigent,
1462 2128 1586 2168 cum
1614 2111 1836 2168 meliora
1867 2113 2106 2167 sentiant

522 2217 555 2256 a
587 2202 694 2256 ﬁde
721 2202 885 2256 alieni
911 2219 927 2258 :
959 2218 1058 2258 nos
1081 2218 1230 2267 vero,
1254 2204 1396 2273 quod
1419 2220 1487 2258 ex
1513 2219 1794 2259 sacrorum
1839 2204 2102 2258 librorum

524 2304 777 2350 accurata
811 2294 1043 2350 lectione
1065 2297 1376 2366 perspicere
1403 2296 1702 2366 potuimus,
1730 2295 1842 2364 jam
1868 2310 2105 2366 appone—

526 2402 666 2441 mus.
705 2386 1030 2442 Dicebamus
1059 2389 1204 2442 enim
1241 2390 1462 2457 placere
1501 2387 1674 2452 nobis,
1707 2387 1760 2441 in
1803 2388 2105 2442 arbitrariis

523 2487 577 2531 et
600 2493 706 2532 non
757 2478 1066 2534 arbitrariis
1101 2482 1241 2535 bona
1271 2490 1326 2534 et
1360 2481 1498 2534 mala
1544 2494 1689 2538 esse.
1731 2481 1928 2536 Verum
1966 2483 2106 2536 inter

525 2583 630 2621 non
651 2569 940 2622 arbitraria
959 2571 1099 2624 bona
1126 2586 1228 2624 non
1247 2572 1704 2626 enumerabamus
1722 2571 2103 2640 valetudinem,

524 2660 848 2726 sanitatem,
881 2659 1144 2724 formam,
1170 2661 1417 2732 gloriam,
1451 2663 1708 2726 divitias;
1751 2671 1805 2718 et
1842 2675 2102 2733 quantum

523 2753 656 2806 eniti
707 2754 1002 2821 potuimus,
1034 2755 1428 2810 dubitationem
1469 2771 1688 2810 omnem
1731 2758 1969 2812 breviter
1998 2759 2108 2813 sol-

530 2859 654 2902 vere
683 2848 861 2901 conati
894 2863 1106 2903 sumus.
1158 2847 1418 2916 Quasnam
1467 2863 1600 2919 ergo
1637 2850 1776 2904 bona
1811 2853 1942 2915 siut,
1983 2866 2104 2920 qua:

527 2939 699 2995 libere
753 2957 856 2996 non
888 2941 1280 3012 suscipiuntur,
1313 2957 1455 2996 nunc
1501 2943 1790 2998 dicendum
1835 2953 1938 3009 est,
1968 2959 2106 3013 quo-

2209 1854 2340 1908 μασι
2363 1833 2534 1889 ταῦτα
2557 1833 2766 1902 λέγοιτο
2787 1831 2988 1902 ἀγαθὰ,
3020 1831 3124 1904 χρὴ
3161 1829 3544 1900 ἐκλαμϐάνειν,
3575 1831 3658 1882 ὅτι
3686 1830 3790 1882 οὐκ

2207 1929 2320 1982 ἐστι
2351 1927 2538 1982 τελικὰ
2580 1926 2831 2000 ἰατρικῆς
2851 1925 3048 1994 ἀγαθὰ,
3084 1924 3222 1978 ἀλλά
3253 1923 3532 1996 ποιητικά·
3578 1922 3789 1976 τελικὸν

2204 2022 2262 2076 δὲ
2295 2022 2435 2076 κατά
2459 2021 2556 2093 τὴν
2589 2019 2840 2092 ἰατρικὴν
2871 2017 3072 2087 ἀγαθὸν
3110 2018 3142 2088 ή
3181 2015 3275 2069 τοῦ
3321 2013 3573 2086 σώματος
3607 2013 3784 2082 ὑγεία.

2207 2111 2364 2166 Οὐτω
2399 2111 2578 2164 τοίνυν
2616 2109 2710 2164 καὶ
2732 2111 2780 2162 εἰ
2801 2107 2959 2161 τάσδε
2994 2107 3094 2169 τάς
3119 2104 3338 2169 ἐντολὰς
3363 2105 3634 2177 τηρητέον
3649 2105 3790 2176 ὑπὲρ

2206 2204 2300 2259 τοῦ
2333 2202 2496 2256 τῶνδε
2535 2201 2644 2256 τῶν
2673 2199 2890 2269 ἀγαθῶν
2911 2201 3110 2269 τυχεῖν·
3147 2198 3216 2251 τὰ
3250 2197 3304 2250 δὲ
3331 2193 3469 2250 ἆθλα
3497 2197 3568 2251 τά
3598 2215 3788 2268 σωμα-

2206 2298 2334 2352 τικά
2379 2297 2515 2358 ἐστι,
2548 2295 2642 2349 καὶ
2668 2294 2735 2348 τά
2771 2293 2944 2359 ἐκτὸς,
2977 2293 3032 2345 αἰ
3073 2289 3272 2360 ἀγαθαί
3310 2290 3536 2363 πράξεις
3574 2293 3789 2344 ἔσονται

2207 2388 2308 2440 οὐκ
2363 2385 2566 2454 ἀγαθαὶ
2613 2385 2688 2446 ὼς
2736 2383 2968 2446 τελικαὶ,
3016 2381 3131 2436 ἀλλ’
3170 2382 3202 2453 ἢ
3241 2383 3348 2452 ἄρα
3379 2381 3455 2446 ὡς
3504 2382 3789 2451 ποιητικαὶ

2207 2475 2448 2545 ἀγαθῶν·
2492 2477 2588 2529 καὶ
2640 2474 2793 2528 ἔσται
2821 2473 3092 2544 διαφέρων
3137 2473 3165 2524 6
3205 2471 3453 2537 πλοῦτος,
3489 2472 3548 2524 ὃν
3584 2472 3790 2528 οἴονται

2209 2567 2640 2638 ἐπαγγέλλεσθαι
2699 2567 2796 2638 τὴν
2850 2566 3092 2639 Γραφὴν,
3148 2567 3243 2619 καὶ
3302 2569 3336 2637 ἡ
3385 2566 3481 2619 τοῦ
3538 2567 3790 2637 σώματος

2209 2660 2388 2730 ὑγεία,
2421 2661 2521 2732 τῆς
2553 2660 2916 2730 δικαιοσύνης.
2943 2661 3041 2714 καὶ
3069 2660 3236 2731 αὐτῆς
3277 2660 3332 2713 δὲ
3369 2661 3466 2733 τῆς
3489 2661 3788 2732 ὁσιότητος,

2209 2755 2304 2808 καὶ
2330 2755 2428 2826 τῆς
2457 2754 2761 2817 εὐσεϐείας,
2797 2755 2890 2806 καὶ
2920 2753 3023 2823 τῆς
3053 2753 3362 2816 θεοσεϐείας
3396 2753 3506 2806 τῶν
3538 2754 3792 2825 τηλικού-

2208 2867 2315 2902 των
2345 2848 2870 2920 ἀνδραγαθημάτων·
2894 2848 3038 2919 ἀπερ
3055 2846 3454 2919 παραδέξασθαι
3485 2849 3793 2920 ἀνθρώπιον

2209 2940 2326 2993 ἐστὶ
2357 2940 2418 2992 τὸ
2441 2941 2655 3011 ἀξίωμα
2680 2941 2778 3011 τῆς
2811 2940 3009 3011 ἀρετῆς
3041 2940 3114 3010 μὴ
3136 2940 3526 3008 γινωσκόντων,
3555 2941 3693 2993 ἀλλά
3717 2941 3797 2994 τά

529 3033 676 3086 uiam
723 3048 910 3086 verum
937 3044 1020 3087 est
1074 3031 1126 3086 id
1159 3032 1248 3086 δί
1290 3050 1310 3083 ι
1346 3031 1457 3087 Nisi
1502 3032 1762 3087 Dominus
1802 3033 2102 3088 aediﬁcave-

2211 3031 2368 3084 ὐλικᾶ
2395 3031 2567 3101 αὐτῆς
2592 3029 2999 3103 προτιμώντων·
3029 3030 3244 3084 πάντων
3271 3032 3378 3102 γάρ
3401 3032 3544 3084 ἐστιν
3576 3030 3795 3084 ἀτοπώ-

529 3125 600 3177 rit
621 3123 856 3190 Manum,
875 3124 1074 3179 frustra
1095 3125 1478 3179 laboraverunt
1505 3125 1596 3194 qui
1629 3126 1901 3180 aedificant
1922 3142 2066 3192 eam;
2081 3145 2098 3178 ι

528 3227 578 3269 ct
614 3233 628 3270 :
661 3237 678 3268 ι
717 3216 829 3270 Nisi
875 3217 1137 3272 Dominus
1173 3217 1499 3271 custodierit
1548 3218 1854 3282 civitatem,
1903 3217 2105 3272 frustra

526 3309 711 3378 vigilat
740 3311 830 3378 qui
863 3312 1101 3366 custodit
1124 3326 1266 3367 eam.
1302 3328 1320 3362 ι
1345 3309 1608 3366 [Ειιὶίίειιι
1633 3313 1852 3366 domum
1879 3311 2110 3381 quicun-

526 3417 634 3468 que
661 3401 877 3470 proiicit
906 3419 921 3458 :
953 3385 1192 3456 custodit
1237 3402 1540 3471 civitatem,
1573 3404 1888 3474 quicunque
1928 3404 2108 3474 perfe-

527 3503 648 3548 ctus
679 3511 694 3547 :
731 3509 925 3547 vanum
964 3506 1146 3548 autem
1192 3509 1330 3565 opus
1378 3495 1725 3560 aediﬁcantis,
1753 3506 1810 3551 et
1844 3512 1978 3550 vana
2011 3512 2107 3551 cu-

528 3587 707 3640 stodia
737 3588 1030 3653 servantis,
1068 3587 1170 3642 nisi
1203 3588 1467 3644 Dominus
1500 3587 1878 3655 :rdilicaverit,
1917 3600 1972 3642 et
2012 3589 2108 3643 Do-

527 3679 706 3733 minus
747 3680 1089 3736 custodierit.
1143 3681 1307 3734 Extra
1357 3680 1583 3734 liberam
1623 3681 1951 3735 voluntatem
2010 3695 2110 3736 no-

529 3781 700 3826 stram
733 3773 898 3828 fuerit
923 3777 1147 3838 bonum,
1179 3776 1353 3828 virtus
1389 3773 1623 3842 Domini,
1667 3790 1788 3844 ιιιιιιι
1829 3775 2108 3830 azdilicau-

532 3864 606 3917 tis
634 3863 1050 3919 wdilicatiouem
1077 3865 1329 3932 adjuvat,
1361 3873 1417 3920 et
1447 3865 1493 3919 ei
1535 3866 1860 3936 opitulatur,
1892 3881 2107 3936 unaque

536 3972 662 4011 cum
695 3973 758 4012 eo
787 3956 1042 4019 aediﬁcat,
1069 3957 1163 4024 qui
1189 3956 1604 4012 aedificationem
1629 3973 1726 4028 per
1760 3973 1819 4013 se
1849 3973 2107 4013 consum-

530 4067 680 4105 mare
706 4065 811 4103 non
837 4059 1045 4118 potest:
1072 4049 1213 4101 idem
1243 4051 1308 4102 de
1331 4050 1597 4103 custodita
1625 4050 1846 4105 civitate
1869 4051 2109 4105 sentien-

529 4142 655 4196 dum
683 4150 786 4194 est.
821 4140 1357 4208 thnemadmodum
1385 4141 1429 4195 si
1461 4140 1698 4195 dicerem
1729 4143 1927 4194 bonum
1958 4142 2104 4209 agri-

529 4234 775 4296 cultttrm,
799 4233 940 4302 quod
974 4231 1206 4286 fructum
1239 4231 1420 4295 cliicit,
1453 4233 1671 4288 mistqu
1700 4224 1822 4288 esse
1843 4249 1907 4288 ex
1942 4233 2100 4305 571

531 4323 781 4377 libertate
808 4339 926 4393 qua:
953 4325 1003 4376 in
1040 4333 1155 4376 arte
1177 4334 1259 4377 est
1291 4324 1566 4396 agricolae,
1597 4333 1776 4379 etnon
1811 4325 2106 4382 arbitrario

2209 3142 2368 3178 τατον
2396 3124 2503 3176 τῶν
2528 3121 3030 3194 ἀνδραγαθημάτων
3043 3121 3220 3190 λέγειν
3234 3123 3510 3195 διαφέρειν
3536 3124 3596 3177 τὸ
3624 3124 3792 3178 πλου-

2207 3220 2340 3280 τεῖν,
2374 3216 2466 3268 καὶ
2513 3215 2574 3268 τὸ
2611 3213 2874 3280 ὑγιαίνειν
2917 3214 3258 3284 σωματικῶς·
3299 3213 3386 3268 διά
3422 3216 3489 3268 τὰ
3541 3215 3790 3287 μοχθηρά

2207 3309 2270 3380 δὴ
2301 3307 2472 3360 ταῦτα
2504 3306 2750 3378 δόγματα
2785 3305 3092 3370 ἀκολούθως
3123 3308 3265 3371 τινες
3304 3308 3646 3378 προσήκαντο
3695 3311 3792 3362 καὶ

2212 3402 2349 3472 μετὰ
2397 3399 2496 3471 τὴν
2550 3400 2844 3454 ἀνάστασιν
2877 3402 2936 3453 ἐν
2979 3402 3098 3463 ταῖς
3152 3399 3396 3472 πρώταις
3437 3402 3790 3471 ἐπαγγελίαις

2209 3493 2407 3547 ἐσθίειν
2431 3495 2579 3565 ἡμᾶς
2614 3493 2825 3564 μέλλειν
2850 3492 2920 3546 τά
2953 3492 3130 3546 τοιάδε
3164 3492 3447 3564 βρώματα,
3477 3495 3569 3548 καὶ
3591 3495 3786 3548 πίνειν·

2208 3586 2349 3650 τινες
2375 3586 2432 3640 δὲ
2463 3586 2558 3640 καὶ
2584 3587 2937 3639 τεκνοποιεῖν.
2972 3585 3155 3640 Ταῦτα
3181 3586 3238 3640 δὲ
3282 3587 3559 3654 φθάσαντα
3585 3590 3677 3641 καὶ
3710 3592 3790 3652 εἰς

2206 3679 2332 3741 τούς
2364 3677 2470 3730 ἀπὸ
2517 3676 2624 3730 τῶν
2671 3676 2861 3740 ἐθνῶν,
2900 3677 3140 3749 μεγάλης
3175 3677 3429 3748 εὐηθείας
3463 3678 3617 3742 δόξαν
3648 3681 3787 3735 ἀπε-

2207 3771 2504 3840 νέγκασθαι
2531 3772 2744 3843 ποιήσει
2766 3770 2854 3824 τὸν
2877 3773 2922 3824 Χ
2932 3771 3320 3844 ριστιανισμὸν,
3345 3771 3522 3842 πολλῷ
3544 3772 3788 3842 βελτίονα

2207 3865 2452 3934 δόγματα
2474 3865 2707 3934 ἐχόντων
2735 3862 2892 3930 τινῶν
2913 3862 3208 3934 ἀλλοτρίων
3227 3863 3327 3933 τῆς
3349 3864 3602 3928 πίστεως·
3629 3868 3790 3938 ἡμεῖς

2207 3958 2261 4012 δὲ
2284 3959 2385 4029 ἤδη
2415 3957 2474 4010 τὸ
2505 3956 2822 4026 φαινόμενον
2843 3957 2975 4027 ἡμῖν
2997 3954 3107 4009 ἀπὸ
3125 3955 3224 4024 τῆς
3257 3955 3554 4020 ἐξετάσεως
3581 3958 3694 4011 τῶν
3717 3962 3790 4012 ἰε-

2211 4049 2318 4121 ρῶν
2346 4049 2542 4117 λογίων
2565 4047 3045 4120 παραστησόμεθα.
3065 4047 3403 4118 Ἐφάσκομεν
3425 4048 3532 4118 γάρ
3562 4050 3792 4120 ἀρέσκε-

2209 4142 2332 4195 σθαι
2364 4142 2462 4212 μὲν
2482 4141 2559 4211 τῷ
2584 4140 2765 4209 λέγειν
2789 4142 2844 4192 ἐν
2869 4145 3269 4212 προαιρετικοῖς
3289 4143 3382 4195 καὶ
3406 4144 3465 4195 ἐν
3491 4141 3794 4214 ἀπροαιρέ-

2206 4253 2319 4297 τοις
2352 4231 2491 4289 εἶναι
2520 4233 2592 4288 τά
2614 4232 2796 4303 ἀγαθὰ
2828 4237 2924 4289 καὶ
2947 4232 3016 4286 τὰ
3036 4233 3200 4287 κακά·
3237 4233 3298 4287 οὐ
3323 4232 3425 4304 μὴν
3447 4233 3795 4306 ηριθμοῦμεν

2208 4331 2288 4394 εἰς
2340 4329 2408 4383 τὰ
2456 4328 2792 4400 ἀπροαίρετα
2823 4326 2933 4379 τῶν
2961 4326 3179 4393 ἀγαθῶν
3209 4325 3305 4396 τὴν
3345 4326 3552 4394 ὑγείαν,
3595 4327 3690 4379 καὶ
3728 4328 3796 4380 τὸ

529 4418 672 4485 quod
705 4433 732 4469 a
766 4415 1113 4471 Providentia
1143 4429 1246 4484 est,
1274 4428 1500 4487 propter
1532 4418 1674 4473 aeris
1705 4421 2019 4488 temperiem
2050 4429 2102 4475 et

2209 4423 2423 4487 κάλλος,
2455 4423 2545 4476 καὶ
2573 4421 2672 4492 τὴν
2703 4420 2998 4488 εὐγένειαν,
3035 4421 3128 4472 καὶ
3155 4419 3253 4489 τὴν
3275 4418 3539 4484 εὐδοξίαν,
3570 4419 3666 4472 καὶ
3697 4419 3796 4472 τὸν

533 4516 721 4568 imbris
751 4514 1108 4569 Sullieieutem
1139 4516 1348 4585 copiam
1381 4533 1395 4569 :
1423 4514 1498 4570 sic
1530 4516 1729 4569 bonum
1757 4517 2104 4572 rationabilis

530 4614 796 4658 creaturte
821 4607 1038 4659 tnistuut
1064 4616 1145 4658 est
1177 4621 1241 4659 ex
1278 4605 1553 4658 voluntate
1581 4606 1773 4674 ipsius,
1805 4615 1858 4659 ct
1883 4607 2068 4676 conspi
2087 4642 2102 4648 -

531 4702 684 4745 rante
710 4691 888 4744 divina
917 4690 1113 4743 virtute
1139 4705 1192 4742 ιιι
1217 4704 1282 4742 eo
1315 4690 1408 4756 qui
1434 4689 1810 4743 honestissima
1849 4691 2092 4760 suscipit.

530 4782 646 4835 Non
679 4781 852 4835 solum
882 4781 1042 4852 igitur
1069 4781 1136 4834 ad
1166 4781 1216 4835 id
1245 4789 1303 4834 ut
1330 4781 1587 4835 honestus
1614 4791 1669 4835 et
1693 4782 1870 4836 bonus
1891 4781 1984 4836 ﬁat
2007 4783 2098 4836 ali-

529 4870 670 4939 quis,
695 4885 830 4938 opus
849 4879 932 4924 est
949 4871 1224 4924 voluntate
1247 4879 1432 4924 nostra
1457 4879 1511 4925 et
1541 4871 1718 4928 divina
1745 4888 1847 4944 ope
1877 4874 2097 4944 conspi-

531 4970 704 5025 rante,
730 4978 848 5032 quae
869 4970 1128 5031 quantum
1155 4963 1221 5016 ad
1261 4978 1383 5030 nos,
1409 4965 1690 5020 arbitraria
1727 4981 1836 5020 non
1859 4976 1972 5032 est;
2001 4967 2098 5023 sed

529 5053 597 5107 ad
620 5053 670 5106 id
691 5055 849 5108 etiam
876 5064 934 5109 ut
951 5055 1042 5112 aui
1068 5055 1330 5111 honestus
1351 5067 1404 5112 et
1424 5059 1597 5114 bonus
1618 5063 1805 5125 evasit,
1826 5061 1878 5114 in
1900 5061 2100 5120 virtute

531 5161 877 5218 perseveret:
911 5150 1054 5220 quod
1087 5151 1342 5206 nimirum
1367 5153 1419 5208 in
1453 5155 1666 5211 ruinam
1690 5154 2012 5226 delapsurus
2033 5157 2106 5211 sit

529 5243 692 5296 etiam
725 5243 1018 5313 perfectus.
1045 5245 1087 5298 si
1117 5245 1170 5296 in
1192 5245 1475 5302 honestate
1509 5247 1670 5301 fuerit
1694 5249 1891 5308 elatus.
1916 5259 1970 5303 et
1997 5248 2098 5303 sibi

531 5333 688 5402 hujus
717 5350 936 5389 causam
963 5345 1199 5404 arroget,
1231 5353 1330 5392 nec
1363 5337 1600 5393 debitam
1634 5337 1861 5407 gloriam
1895 5335 2102 5392 referat

527 5425 598 5489 ci,
637 5425 730 5494 qui
777 5427 945 5480 multo
977 5429 1097 5496 plus
1135 5430 1201 5484 ad
1242 5432 1631 5502 acquirendam
1668 5441 1727 5486 et
1761 5432 2100 5487 retinendam

529 5523 776 5574 contulit.
806 5521 990 5576 Talem
1021 5531 1202 5577 autem
1239 5527 1527 5595 quiamdam
1563 5539 1784 5582 causam
1816 5524 1984 5582 fuisse
2011 5541 2101 5580 ar-

596 5695 640 5728 "
673 5698 807 5753 Psal.
831 5715 1013 5764 cxxvn,
1049 5701 1100 5754 1.

2212 4517 2457 4569 πλοῦτον·
2500 4516 2592 4568 καὶ
2629 4513 2772 4568 κατὰ
2799 4513 2858 4566 τὸ
2888 4512 3110 4566 δυνατὸν
3137 4511 3540 4581 ἐπειράσθημεν
3575 4510 3646 4564 τὰ
3691 4528 3798 4565 πε-

2214 4603 2492 4677 ρισπῶντα
2543 4603 2618 4666 ὡς
2657 4603 2716 4654 ἐν
2760 4603 2990 4672 ἐπιτομῇ
3025 4600 3400 4654 διαλύσασθαι.
3440 4600 3575 4654 Τίνα
3611 4600 3797 4653 τοίνυν

2212 4699 2328 4752 ἐστὶ
2355 4697 2422 4751 τὰ
2452 4697 2784 4769 ἀπροαίρετα
2820 4693 3000 4763 ἀγαθά
3038 4693 3137 4765 ήδη
3171 4693 3405 4746 λεκτέον·
3441 4694 3563 4746 ἐπεὶ
3590 4692 3799 4764 ἀληθὲς

2209 4794 2288 4846 τό·
2315 4816 2332 4844 ι
2373 4792 2496 4845 Ἐἀν
2525 4791 2598 4862 μὴ
2626 4787 2827 4858 Κύριος
2851 4787 3174 4859 οἰκοδομήσῃ
3197 4781 3364 4850 οἷκον,
3381 4787 3460 4849 εἰς
3479 4785 3658 4856 μάτην
3677 4787 3800 4838 ἐκο-

2209 4886 2408 4939 πίασαν
2433 4887 2481 4938 οἱ
2511 4883 2916 4955 οἰκοδομοῦντες
2945 4883 3104 4938 αὐτόν
3123 4900 3136 4913 ·
3169 4903 3188 4935 ι
3217 4883 3328 4936 καί·
3361 4902 3378 4933 ι
3413 4883 3537 4935 Ἐἀν
3566 4881 3641 4953 μὴ
3675 4882 3800 4934 Κύ-

2213 4993 2323 5046 ριος
2357 4975 2562 5047 φυλάξῃ
2599 4975 2772 5038 πόλιν,
2812 4977 2892 5038 εἰς
2925 4976 3100 5047 μάτην
3127 4974 3479 5046 ἠγρύπνησεν
3523 4976 3552 5026 6
3585 4973 3798 5043 φυλάσ-

2211 5085 2337 5120 σων.
2361 5085 2377 5117 ι
2403 5067 2684 5137 Οἰκοδομεῖ
2701 5067 2756 5120 δὲ
2773 5062 2919 5120 οἰκον
2942 5067 3049 5130 πᾶς
3065 5069 3093 5119 6
3113 5066 3458 5137 προκόπτων,
3477 5065 3570 5118 καὶ
3591 5064 3800 5132 φυλάσ-

2209 5177 2288 5213 σει
2310 5160 2462 5212 πόλιν
2486 5161 2590 5222 πᾶς
2615 5163 2642 5214 ὁ
2664 5160 2884 5223 τέλειος·
2913 5160 3138 5231 μάταιον
3159 5159 3216 5213 δὲ
3247 5158 3307 5212 τὸ
3337 5159 3498 5230 ἔργον
3525 5159 3618 5212 τοῦ
3643 5159 3800 5212 οἰκο-

2208 5249 2514 5320 δομοῦντος,
2533 5251 2625 5303 καὶ
2646 5249 2894 5323 ματαίαὴ
2917 5249 3130 5321 φυλακὴ
3147 5249 3238 5302 τοῦ
3261 5249 3572 5321 τηροῦντος,
3588 5248 3682 5301 ἐὰν
3709 5249 3798 5320 μὴ

2208 5341 2409 5414 Κύριος
2434 5343 2781 5415 οἱκοδομήσῃ,
2814 5344 2904 5397 καὶ
2933 5341 3131 5414 Κύριος
3162 5342 3389 5414 φυλάξῃ·
3423 5342 3576 5404 ἐκτὸς
3605 5342 3669 5394 ἂν
3697 5343 3796 5414 εἴη

2207 5433 2304 5503 τῆς
2320 5433 2689 5506 προαιρέσεως
2711 5433 2866 5504 ἡμῶν
2883 5433 3103 5501 ἀγαθὸν,
3121 5434 3154 5505 ἡ
3170 5431 3672 5504 ἀντιλαμϐανομένη
3689 5433 3800 5487 τοῦ

2209 5528 2414 5599 Κυρίου
2449 5527 2674 5599 δύναμις
2697 5527 2794 5598 τῆς
2823 5525 3108 5600 οἰκοδομῆς
3128 5526 3221 5582 τοῦ
3249 5525 3672 5590 οἰκοδομοῦντος,
3691 5528 3802 5581 καὶ
