3986 6384
287 260 418 314 “6|

1276 258 1577 316 SELECTA
1620 260 1682 314 IN
1721 260 2059 319 PSALMOS.
2094 292 2162 302 —
2196 262 2387 319 PSAL.
2425 263 2513 317 ιν.

3377 270 3512 323 1162

283 372 732 445 συνοικοδομοῦσα
757 373 834 443 τῷ
868 372 940 446 μὴ
977 375 1257 445 δυναμένῳ
1284 377 1402 430 καθ’
1430 378 1589 430 αὑτὸν
1623 376 1850 448 ἀπαρτίο

1961 378 2235 445 bitramur,
2282 394 2380 433 cur
2426 379 2515 448 qui
2548 378 2617 433 ab
2663 378 2943 434 Ezechiele
2980 379 3178 436 dicitur
3211 382 3515 454 inculpatns

283 484 373 522 σαι
412 467 472 520 τὸ
494 467 957 538 οἰκοδομούμενον·
985 469 1054 520 τά
1082 467 1137 520 δὲ
1159 467 1294 520 αὑτά
1315 470 1406 521 καὶ
1424 470 1516 522 ἐπὶ
1536 469 1633 540 τῆς
1658 469 1850 538 φυλασ-

283 557 518 628 σομένης
547 557 750 619 πόλεως
774 556 1010 627 νοητέον.
1044 558 1156 610 Καὶ
1182 556 1370 630 ὥσπερ
1394 559 1489 613 ἐὰν
1527 560 1732 631 εἴποιμι
1788 560 1850 612 τὸ

281 648 584 718 γεωργικὸν
616 646 838 715 ἀγαθὸν,
860 646 921 701 τὸ
951 648 1226 718 ποιητικὸν
1266 649 1356 701 τοῦ
1396 649 1626 719 καρποῦ,
1662 650 1848 720 μικτὸν

281 735 422 793 εἶναι
454 742 517 793 ἐκ
538 739 917 811 προαιρετικοῦ
935 740 1027 793 τοῦ
1054 740 1192 793 κατὰ
1212 740 1307 811 τὴν
1336 741 1530 813 τέχνην
1561 742 1653 795 τοῦ
1674 760 1847 813 γεωρ-

282 827 402 895 γοῦ,
439 830 533 882 καὶ
574 830 936 902 ἀπροαιρέτου
983 829 1075 883 τοῦ
1108 831 1257 901 παρὰ
1289 832 1387 902 τῆς
1425 834 1683 904 Προνοίας
1710 834 1849 888 κατά

281 920 381 991 τὴν
427 920 536 974 τῶν
590 920 767 994 ἀέρων
818 921 1132 992 εὐκρασίαν,
1189 922 1279 975 καὶ
1328 923 1497 995 φορὰν
1546 925 1849 996 αὐτάρκους

283 1010 458 1064 ὐετοῦο
490 1011 631 1066 οὕτω
655 1012 715 1065 τὸ
739 1012 832 1065 τοῦ
853 1012 1068 1081 λογικοῦ
1098 1013 1298 1081 ἀγαθὸν
1324 1015 1511 1084 μικτόν
1537 1017 1681 1068 ἐστιν
1702 1016 1764 1069 ἐκ
1788 1034 1846 1069 τε

279 1104 381 1174 τῆς
409 1105 777 1176 προαιρέσεως
823 1105 985 1159 αὑτοῦ
1018 1105 1231 1175 καὶτῆς
1267 1106 1642 1178 συμπνεούσης
1701 1108 1847 1172 θείας

277 1196 557 1267 δυνάμεως
581 1197 657 1268 τῷ
679 1198 748 1250 τὰ
773 1197 1031 1251 κάλλιστα
1058 1201 1418 1272 προελομένῳ.
1454 1201 1528 1253 Οὐ
1558 1200 1714 1269 μόνον
1742 1200 1848 1252 τοί-

279 1306 375 1342 νυν
399 1292 477 1351 είς
508 1289 569 1341 τὸ
606 1289 767 1343 καλὸν
803 1290 895 1344 καὶ
924 1292 1126 1360 ἀγαθὸν
1151 1291 1402 1360 γενέσθαι
1432 1292 1587 1363 χρεία
1627 1293 1719 1345 καὶ
1751 1293 1847 1362 τῆς

281 1380 653 1450 προαιρέσεως
694 1380 789 1449 τῆς
811 1382 1080 1453 ἡμετέρας
1099 1384 1190 1435 καὶ
1216 1383 1311 1452 τῆς
1344 1382 1491 1447 θείας
1525 1384 1844 1454 συμπνοίας,

277 1470 401 1539 ἣτις
440 1471 586 1523 ἐστὶν
614 1472 687 1534 ὡς
732 1472 866 1543 πρὸς
895 1475 925 1543 ἡ
937 1475 1041 1543 μᾶς
1068 1474 1442 1544 ἁπροαίρετος·
1471 1474 1603 1528 ἀλλά
1631 1476 1723 1528 καὶ
1768 1477 1847 1538 είς

276 1560 339 1612 τὸ
371 1561 655 1632 γενόμενον
692 1562 853 1616 καλὸν
886 1565 979 1617 καὶ
1011 1564 1208 1632 ἀγαθὸν
1254 1564 1523 1635 διαμεῖναι
1550 1566 1605 1617 ἐν
1627 1568 1692 1635 τῇ
1720 1566 1846 1638 ἀρε-

277 1655 367 1723 τῇ·
396 1655 864 1724 μεταπεσουμένου
900 1655 993 1709 καὶ
1034 1655 1127 1708 τοῦ
1161 1656 1552 1721 τελειωθέντος,
1582 1658 1628 1709 εί
1676 1657 1845 1728 ὑπερ-

1957 468 2261 523 ambulasse
2286 469 2337 522 iu
2367 469 2618 524 omnibus
2638 470 2741 526 viis
2762 471 2895 536 suis,
2914 472 3084 527 donec
3108 474 3324 529 inventa
3353 474 3516 531 fuerit

1959 562 2008 614 in
2045 576 2108 616 eo
2158 560 2416 628 iniquitas
2446 562 2525 627 ⁸⁸,
2580 562 2623 615 is
2668 562 2783 632 ipse
2814 566 3112 619 secundum
3153 564 3342 620 lsaiam
3372 567 3515 624 coelo

1957 649 2235 711 exciderit,
2264 650 2352 718 qui
2378 651 2525 718 prius
2550 649 2723 705 fuerat
2746 651 2934 706 lucifer
2963 669 3119 708 mane
3146 656 3347 719 oriens,
3366 669 3515 723 post-

1960 756 2019 794 ea
2050 741 2317 794 contritus
2370 749 2424 793 et
2466 739 2699 795 aﬂlictus
2734 742 2784 796 in
2821 754 3021 798 terram
3048 744 3115 802 ".
3172 743 3285 799 Non
3342 748 3513 800 solum

1955 830 2095 882 enim
2140 831 2190 882 in
2238 828 2362 883 ﬁliis
2407 831 2704 893 hominum,
2747 833 2789 886 si
2832 835 2955 900 quis
3006 834 3278 904 perfectus
3322 838 3419 900 sit,
3467 837 3512 890 si

1956 922 2094 975 absit
2125 936 2206 987 ea,
2235 936 2353 989 qua:
2382 935 2447 973 ex
2474 920 2579 973 Deo
2611 932 2714 988 est,
2750 925 3035 991 sapientia,
3065 943 3251 981 verum
3281 938 3365 983 est
3390 944 3513 981 eum

1956 1012 2105 1065 nihili
2135 1028 2255 1067 esse
2283 1012 2482 1067 factum
2525 1030 2539 1066 :
2578 1015 2670 1067 sed
2703 1025 2755 1068 et
2781 1015 2834 1069 in
2864 1018 3175 1087 angelorum
3206 1021 3427 1084 ordine,
3452 1036 3516 1073 ac

1956 1104 2257 1172 principali,
2306 1116 2361 1159 et
2401 1108 2452 1160 in
2493 1107 2639 1161 omni
2683 1109 2896 1173 ordine,
2939 1110 3050 1177 qui,
3084 1120 3341 1179 quantum
3373 1112 3514 1167 Deus

1959 1197 2056 1265 ipsi
2109 1197 2278 1262 adest,
2313 1198 2529 1252 divinus
2566 1209 2665 1253 est.
2712 1199 2873 1254 Forte
2924 1200 3093 1269 igitur
3139 1214 3517 1259 sacrosanctus

1952 1288 2260 1356 Apostolus,
2288 1289 2375 1356 qui
2400 1290 2563 1343 St'it‘ct
2590 1291 2757 1345 multo
2784 1292 2962 1345 minus
2992 1292 3238 1347 conferre
3262 1296 3326 1347 ad
3361 1311 3513 1349 com-

1954 1380 2189 1448 paranda
2232 1381 2368 1433 bona
2412 1381 2736 1435 voluntatem
2780 1392 3039 1446 nostram,
3075 1399 3233 1452 quam
3280 1387 3513 1441 divinant

1953 1471 2229 1537 virtutem,
2266 1474 2477 1527 demum
2520 1474 2593 1527 ait
2624 1475 2783 1528 linem
2818 1493 2836 1525 ι
2872 1490 2974 1528 non
3004 1491 3123 1529 esse
3164 1477 3396 1531 volentis
3425 1494 3517 1530 ne-

1953 1580 2058 1634 que
2090 1567 2381 1633 currentis,
2427 1568 2521 1622 sed
2564 1567 2653 1623 Dei
2695 1568 3007 1624 miserantis
3036 1570 3115 1637 ⁶⁶;
3162 1589 3180 1621 ι
3225 1586 3328 1625 non
3361 1572 3517 1640 quasi

1954 1654 2095 1709 Deus
2121 1671 2222 1709 non
2252 1656 2512 1723 volentes,
2565 1667 2657 1711 aut
2696 1672 2801 1712 non
2827 1670 3109 1715 currentes
3140 1660 3389 1729 adjuvet;
3424 1663 3517 1717 sed

277 1746 544 1818 επαρθείη
578 1748 672 1800 ἐπὶ
701 1747 777 1817 τῷ
798 1747 965 1817 καλῷ,
996 1748 1089 1801 καὶ
1117 1746 1306 1801 ἐαυτὸν
1336 1748 1627 1819 ὲπιγράφοι
1656 1748 1843 1802 τούτου

1961 1749 2105 1815 quasi
2139 1749 2270 1802 nihil
2297 1750 2367 1803 sit
2409 1748 2545 1804 velle
2576 1759 2628 1803 et
2672 1765 2896 1805 currere
2920 1767 3028 1820 prae
3058 1753 3150 1807 Dei
3206 1754 3517 1808 misericor-

277 1840 471 1903 αἴτιον,
508 1838 628 1910 οὐχὶ
665 1839 721 1892 δὲ
767 1839 862 1911 τὴν
894 1840 1118 1894 δέουσαν
1162 1840 1317 1907 δόξαν
1358 1842 1642 1914 ἀναφέρων
1671 1842 1746 1913 τῷ
1790 1844 1849 1897 τὸ

278 1931 460 2003 πολλῷ
492 1932 672 1985 πλεῖον
721 1932 1089 2004 δωρησαμένῳ
1122 1937 1201 1999 είς
1246 1936 1343 2006 τὴν
1375 1936 1563 2006 κτῆσιν
1615 1936 1707 1988 καὶ
1754 1934 1850 2006 τὴν

280 2027 509 2097 συνοχὴν
551 2026 651 2096 τῆς
699 2025 916 2097 ἀρετῆς.
956 2027 1203 2081 Τοιοῦτον
1244 2028 1299 2081 δέ
1333 2045 1383 2081 τι
1429 2026 1598 2080 αἴτιον
1641 2028 1733 2081 καὶ
1757 2026 1850 2080 τοῦ

277 2118 423 2171 κατά
464 2118 553 2170 τὸν
597 2115 853 2188 Ἰεζεκιὴλ
883 2119 1170 2191 εἰρημένου
1203 2118 1432 2189 ἀμώμου
1469 2137 1849 2190 περιπεπατη-

278 2210 434 2263 κέναι
473 2211 529 2262 ἐν
555 2208 755 2271 πάσαις
776 2211 894 2272 ταῖς
922 2210 1059 2272 ὁδοῖς
1093 2208 1277 2273 αὑτοῦ,
1302 2209 1404 2273 ἓως
1429 2208 1622 2282 εὑρεθῇ
1656 2210 1853 2281 ἀνομία

278 2301 339 2352 ἐν
391 2297 558 2369 αὐτῷ,
595 2297 872 2369 ἡγούμεθα
903 2298 1187 2369 τυγχάνειν
1237 2298 1329 2352 τοῦ
1375 2300 1536 2353 αὑτὸν
1571 2299 1711 2353 κατά
1762 2297 1854 2352 τὸν

292 2391 516 2443 Ἡσαΐαν
560 2390 972 2443 ἐκπεπτωκέναι
1007 2391 1098 2444 τοῦ
1136 2390 1387 2461 οὐρανοῦ,
1419 2393 1692 2463 ἑωσφόρον
1728 2392 1855 2445 ποτὲ

279 2483 593 2553 γενόμενον,
622 2482 764 2553 πρωῒ
793 2483 1167 2547 ἀνατέλλοντα,
1209 2484 1432 2555 ὕστερον
1468 2486 1857 2555 συντετριμμέ-

279 2590 370 2626 νον
403 2575 492 2626 ἐπὶ
518 2574 613 2645 τὴν
643 2574 765 2645 γῆν
801 2575 861 2627 ού
900 2575 1057 2646 μόνον
1080 2574 1187 2646 γὰρ
1220 2575 1312 2628 ἐπὶ
1329 2578 1442 2638 τοῖς
1476 2576 1609 2638 υίοῖς
1634 2575 1741 2628 τῶν
1766 2577 1858 2629 ἀν-

282 2665 535 2738 θρώπων,
570 2667 663 2721 ἐάν
713 2684 795 2730 τις
850 2667 1051 2731 τέλειος
1100 2664 1155 2741 ᾖ,
1202 2669 1301 2738 τῆς
1353 2668 1460 2721 ἀπὸ
1494 2666 1627 2720 Θεοῦ
1665 2667 1857 2736 σοφίας

281 2758 547 2829 ἀπούσης,
573 2758 768 2829 ἀληθὲς
786 2760 846 2813 τὸ
869 2760 947 2823 εἰς
968 2758 1117 2812 οὐδὲν
1147 2759 1306 2812 αὐτὸν
1330 2759 1659 2829 λογισθῆναιο
1724 2760 1859 2813 ἀλλὰ

283 2851 379 2905 καὶ
411 2852 501 2904 ἐπὶ
533 2851 628 2922 τῆς
660 2852 953 2923 ἀγγελικῆς
980 2853 1204 2919 τάξεως,
1240 2854 1332 2906 καὶ
1358 2854 1612 2925 ἀρχικῆς,
1644 2856 1736 2908 καὶ⁵
1758 2855 1860 2908 πά-

286 2958 387 3013 σης
406 2942 522 3011 τῆς,
538 2942 658 2995 ὅσον
681 2941 808 3005 Θεὸς
830 2943 1087 3014 πάρεστιν
1110 2942 1269 3012 αὐτῇ,
1295 2941 1441 3007 θείας
1467 2942 1858 3014 τυγχανούσης.

285 3034 437 3104 Τάχα
464 3034 593 3102 γοῦν
622 3035 763 3105 ὀρῶν
805 3037 833 3088 ὁ
863 3035 1003 3111 ἱερὸς
1048 3034 1367 3101 ’Δπόστολος
1394 3035 1524 3088 πολὺ
1554 3035 1771 3089 ἔλαττον
1799 3034 1858 3087 τὸ

285 3127 549 3206 ἡμέτερον
578 3109 955 3205 προαιρετικδν
976 3133 1078 3203 τῆς
1104 3129 1197 3185 τοῦ
1220 3130 1352 3184 Θεοῦ
1383 3128 1662 3202 δυνάμεως
1724 3126 1859 3198 πρὸς
1887 3109 1932 3168 C

282 3227 383 3298 τὴν
399 3226 589 3297 κτῆσιν
613 3226 718 3278 τῶν
739 3224 976 3295 ἀγαθῶν,
1000 3227 1131 3295 φησι
1155 3225 1214 3278 τὸ
1228 3226 1399 3289 τέλος,
1428 3244 1445 3275 ι
1475 3224 1535 3277 οὐ
1565 3223 1657 3276 τοῦ
1682 3220 1861 3275 θέλον-

285 3335 376 3382 τος
435 3315 590 3376 εἶναι.
638 3318 759 3371 οὐδὲ
798 3318 888 3371 τοῦ
921 3320 1224 3390 τρέχοντος,
1277 3314 1410 3370 ἀλλά
1459 3314 1550 3368 τοῦ
1586 3313 1860 3376 ἐλεοῦντος

285 3408 439 3463 Θεοῦο
475 3430 494 3462 ι
535 3410 632 3479 οὐχ
678 3410 752 3473 ὼς
802 3410 969 3481 χωρὶς
1020 3408 1110 3462 τοῦ
1159 3408 1350 3471 θέλειν,
1385 3408 1477 3459 καὶ
1510 3405 1602 3459 τοῦ
1648 3404 1860 3476 τρέχειν

285 3503 561 3566 ἐλεοῦντος
594 3502 748 3566 Θεοῦ,
783 3502 893 3554 ἀλλ’
917 3502 991 3565 ὡς
1019 3500 1228 3563 οὐδενὸς
1256 3500 1407 3562 ὄντος
1431 3498 1523 3551 τοῦ
1553 3498 1749 3561 θέλειν,
1768 3494 1862 3549 καὶ

284 3594 379 3647 τοῦ
413 3593 647 3665 τρέχειν,
687 3592 969 3664 συγκρίσει
1000 3591 1093 3644 τοῦ
1128 3590 1308 3654 ἐλέους
1330 3589 1423 3643 τοῦ
1454 3587 1610 3655 Θεοῦ,
1650 3589 1743 3642 καὶ
1774 3588 1862 3641 διὰ

284 3686 444 3741 τοῦτο
475 3689 573 3756 τὴν
610 3686 915 3757 ἐπιγραφὴν
940 3685 1030 3738 τοῦ
1065 3682 1229 3737 καλοῦ
1258 3684 1471 3745 δέοντος
1505 3681 1700 3759 μᾶλλον
1728 3682 1861 3734 ἀνα-

285 3779 491 3834 τιθέναι
512 3778 591 3849 up
616 3778 749 3848 ἐλέῳ
776 3777 868 3829 τοῦ
891 3776 1023 3829 Θεοῦ
1062 3776 1205 3848 ἥπερ
1236 3774 1314 3845 τῷ
1340 3772 1662 3845 ἀνθρωπίνῳ
1691 3770 1863 3823 θέλειν

287 3872 382 3925 καὶ
408 3870 637 3940 τρέχειν.
670 3868 853 3923 Ταῦτα
880 3869 955 3932 δὲ,
986 3869 1077 3921 ίίπλ⁸
1104 3867 1235 3921 πολὺ
1262 3864 1735 3937 παρεκϐεϐηκέναι
1781 3862 1864 3915 δο-

288 3964 530 4026 κοῦντες,
554 3961 912 4033 ἐξητάσαμεν,
932 3961 1237 4031 πειθόμενοι
1262 3959 1527 4026 ἀναγκαῖα
1558 3955 1697 4009 αὐτὰ
1725 3950 1863 4007 εἶναι

288 4055 426 4127 πρὸς
444 4055 522 4108 τό·
549 4071 567 4103 t
593 4053 783 4106 Πολλώ⁸
800 4052 1034 4121 λέγουσι·
1057 4052 1149 4115 Τίς
1172 4049 1332 4116 δείξει
1353 4051 1483 4120 ἡμῖν
1510 4048 1574 4101 τὰ
1598 4045 1807 4116 ἀγαθάς
1838 4065 1859 4097 ›

288 4147 432 4202 κατά
480 4147 541 4200 τὸ
579 4145 800 4199 δυνατὸν
826 4145 933 4216 γὰρ
970 4145 997 4197 ὁ
1042 4144 1198 4211 λόγος
1240 4144 1351 4202 τοῖς
1382 4141 1596 4210 λέγουσι
1632 4139 1860 4201 πολλοῖς·

294 4261 313 4293 ι
347 4241 442 4305 Τίς
472 4237 634 4305 δείξει
671 4241 799 4310 ἡμῖν
829 4237 896 4291 τὰ
926 4236 1134 4304 ἀγαθά;
1176 4256 1193 4287 ι
1241 4233 1549 4306 παρέστησε
1579 4233 1672 4286 καὶ⁴
1701 4230 1866 4295 ἔδειξε

287 4333 410 4387 τίνα
450 4332 520 4385 τὰ
565 4330 762 4399 ἀγαθά·
798 4329 952 4400 δῆλον
980 4328 1057 4390 δὲ,
1089 4327 1169 4380 ὅτι
1196 4326 1290 4379 καὶ
1323 4325 1441 4379 τίνα
1483 4324 1550 4377 τὰ
1592 4323 1754 4377 κακά·
1780 4322 1867 4374 ἵνα

288 4423 377 4479 διά
408 4442 466 4479 τε
491 4425 772 4494 ἀσκήσεων
788 4422 880 4475 καὶ
908 4420 1080 4491 εὐχῶν
1105 4416 1433 4487 κτησώμεθα
1460 4416 1527 4469 τὰ
1548 4415 1747 4484 ἀγαθὰ,
1768 4413 1862 4466 καὶ
1896 4459 1938 4512 D

289 4516 679 4589 ἀνατρέψωμεν
707 4514 773 4567 τά
801 4513 945 4567 κακά
995 4509 1101 4564 ἀπὸ
1132 4508 1239 4562 τῶν
1273 4508 1458 4578 ψυχῶν
1492 4505 1667 4577 ἡμῶν.
1722 4504 1858 4557 Ἀλλ’

290 4609 523 4679 ἐπείπερ
553 4608 697 4659 ἐστὶν
749 4607 805 4657 ἐν
842 4604 918 4675 τῷ
948 4600 1174 4674 φράζειν
1210 4600 1298 4652 ὁτὲ
1335 4601 1431 4669 μὲν
1470 4598 1857 4669 κυριολεκτεῖν,

287 4703 377 4755 ὁτὲ
421 4700 476 4753 δέ
524 4716 625 4752 που
656 4698 750 4751 καὶ
780 4694 1175 4767 καταχρῆσθαι,
1225 4693 1284 4745 ού
1341 4688 1653 4761 θαυμαστὸν
1680 4687 1861 4739 εἴποτε

289 4794 595 4864 εὑρήσομεν
627 4790 722 4861 τὴν
751 4788 859 4842 τῶν
904 4785 1123 4855 ἀγαθῶν
1171 4784 1263 4837 καλ¹
1290 4781 1473 4836 κακῶν
1498 4778 1863 4851 προσηγορίαν

290 4885 549 4955 κειμένην
573 4882 664 4934 ἐπὶ
690 4880 797 4934 τῶν
832 4877 1158 4948 σωματικῶν
1188 4875 1280 4929 καὶ
1320 4871 1427 4929 τῶν
1460 4872 1612 4935 ἐκτὸς
1641 4870 1865 4942 λεγομέ-

288 4995 396 5030 νων
423 4975 573 5047 παρά
599 4977 708 5037 τοίς
738 4973 834 5042 οὐχ
860 4971 989 5041 ὑγιῆ
1016 4969 1259 5040 δόγματα
1290 4967 1521 5038 ἔχουσιν·
1553 4958 1663 5019 οἷον
1702 4964 1760 5018 ἐν
1786 4960 1864 5030 τῷ

301 5067 441 5121 Ἰώϐ-
483 5085 500 5118 ‹
531 5067 594 5119 Εἰ
620 5064 687 5119 τά
715 5063 891 5133 ἀγαθά
922 5060 1220 5132 ἐδεξάμεθα
1243 5061 1307 5113 ὲκ
1338 5056 1519 5129 χειρὸς
1548 5054 1775 5127 Κυρίου,
1796 5051 1864 5105 τά

288 5161 439 5215 κακά
466 5160 565 5230 οὐχ
581 5157 905 5227 ὑποίσομεν;
942 5174 961 5207 ι
990 5154 1081 5207 καί
1105 5157 1161 5206 ἐν
1192 5152 1270 5223 τῷ
1304 5149 1557 5221 Ἱερεμίᾳ·
1592 5166 1610 5197 t
1646 5145 1863 5216 Κατέΰη

290 5257 437 5311 κακά
475 5255 623 5326 παρά
657 5252 862 5324 Κυρίου
894 5251 987 5303 ἐπὶ
1018 5248 1189 5310 πύλας
1231 5241 1607 5316 Ἰερουσαλήμ.
1654 5259 1671 5291 ι
1720 5238 1866 5291 Ἀντὶ

1952 1837 2038 1891 dia
2072 1856 2083 1891 :
2117 1849 2275 1906 atque
2336 1840 2537 1892 idcirco
2587 1854 2683 1906 par
2721 1856 2839 1894 esse
2868 1881 2883 1906 ,
2945 1841 3034 1895 Dei
3090 1842 3513 1907 misericordiae,

1953 1944 2113 1998 quam
2154 1929 2404 1985 humana:
2442 1932 2729 1997 voluntati,
2759 1942 2851 1985 aut
2888 1933 3091 1998 cursui,
3118 1932 3313 1988 bonum
3340 1930 3539 2003 potius

1954 2023 2173 2077 ascribi.
2214 2025 2386 2091 Atque
2424 2025 2536 2078 hare
2577 2025 2839 2093 prolixius
2872 2026 3139 2095 disputata
3192 2034 3337 2092 sunt,
3392 2041 3514 2097 qua:

1955 2116 2258 2168 necessaria
2284 2130 2401 2169 esse
2428 2116 2749 2184 putabamus
2769 2117 2831 2169 ad
2856 2116 2905 2169 id
2928 2116 3516 2171 illustramlumthulti

1956 2201 2163 2266 dicunt,
2186 2201 2317 2267 Quis
2342 2206 2587 2257 ostendet
2612 2202 2766 2255 nobis
2786 2202 2964 2257 bona?
2989 2222 3007 2257 ι
3029 2205 3205 2271 quoad
3234 2204 3376 2257 enim
3405 2202 3517 2257 ﬁeri

1955 2293 2129 2363 potuit
2156 2294 2450 2363 disputatio
2482 2303 2665 2349 nostra
2692 2294 2877 2349 multis
2900 2296 3303 2365 qumrentibus:
3331 2313 3351 2347 ι
3384 2295 3516 2363 Quis

1957 2385 2205 2439 ostendet
2236 2386 2389 2440 nobis
2414 2385 2592 2441 bona?
2620 2406 2638 2439 ι
2675 2403 2922 2456 quaenam
2955 2389 3095 2441 bona
3120 2388 3251 2450 sint,
3279 2388 3520 2442 ostendit

1956 2489 2011 2535 et
2050 2480 2478 2545 demonstravit;
2519 2481 2628 2535 into
2670 2480 2860 2545 etiam,
2904 2495 3149 2549 quaenam
3182 2478 3292 2534 sint
3334 2478 3467 2532 mala
3502 2495 3515 2529 z

1960 2582 2016 2625 ut
2056 2572 2337 2625 laboriosis
2366 2565 2853 2625 etercitationibus’
2887 2580 2941 2625 et
2978 2570 3230 2639 precibus
3277 2569 3524 2638 acquira-

1960 2675 2082 2714 mus
2114 2661 2274 2726 bona,
2313 2671 2367 2715 et
2402 2676 2430 2714 a
2458 2662 2662 2715 nostris
2691 2661 2965 2715 mentibus
3001 2660 3139 2712 mala
3187 2669 3519 2713 avertamns.

1961 2750 2066 2806 Sed
2092 2752 2347 2821 quoniam
2374 2752 2637 2807 interdum
2665 2751 2905 2822 proprie,
2934 2752 3203 2805 interdum
3228 2751 3525 2820 improprie

1961 2846 2108 2915 loqui
2143 2846 2288 2909 licet,
2323 2861 2425 2900 non
2459 2846 2779 2900 mirabiumr
2800 2846 2845 2899 si
2882 2845 3146 2919 bonorum
3177 2853 3229 2899 et
3257 2845 3522 2900 malorum

1961 2953 2178 3003 nomen,
2216 2937 2488 3005 corporeis
2533 2949 2588 2991 et
2644 2937 2709 2991 iis
2734 2950 2853 3005 qua:
2891 2945 3117 2989 externa
3141 2945 3423 3001 vocantur,
3456 2935 3525 2989 ab

1964 3031 2029 3085 iis
2062 3032 2149 3099 qui
2185 3045 2289 3084 non
2324 3038 2471 3084 recte
2509 3031 2773 3093 sentiunt,
2816 3028 3135 3082 attributum
3169 3029 3526 3098 reperiemus,

1966 3123 2110 3177 velut
2146 3123 2197 3175 in
2240 3120 2341 3176 Job
2364 3121 2406 3153 “
2435 3138 2449 3176 :
2485 3139 2504 3172 ι
2544 3121 2600 3175 Si
2633 3121 2770 3175 bona
2799 3121 3135 3190 suscepimus
3166 3134 3194 3174 e
3228 3135 3387 3175 manu
3418 3119 3527 3174 Do-

1960 3215 2114 3279 mini,
2138 3215 2272 3268 mala
2299 3230 2400 3268 non
2430 3213 2879 3268 sustinebimus?»
2902 3222 2957 3267 et
2980 3213 3116 3283 apud
3142 3211 3432 3266 Jeremiam
3457 3213 3524 3267 “:

1965 3308 2402 3362 tDesceudcrnnt
2434 3304 2570 3358 mala
2605 3321 2632 3359 a
2665 3304 2890 3358 Domino
2932 3318 3096 3373 super
3117 3311 3300 3372 portas
3337 3303 3529 3357 Hieru-

1961 3404 2148 3459 SaIem.
2183 3418 2201 3451 ι
2246 3398 2351 3451 Pro
2373 3411 2438 3452 eo
2459 3398 2599 3450 enim
2628 3397 2769 3464 quod
2800 3406 2901 3459 est,
2929 3399 2985 3452 Si
3008 3393 3272 3463 qttchiam
3300 3394 3453 3448 utilia
3476 3407 3531 3449 et

1956 3490 2195 3561 jucunda
2240 3487 2400 3559 572
2455 3486 2811 3555 suscepimus,
2848 3500 2967 3556 qua:
3006 3499 3035 3537 a
3083 3482 3429 3538 Providentia
3464 3488 3528 3537 ad

1964 3598 2062 3637 nos
2094 3588 2483 3651 pervenerunt,
2518 3577 2703 3647 quidni
2756 3578 2889 3630 dura
2925 3586 2977 3630 et
3022 3575 3248 3631 molesta
3297 3575 3530 3631 libenter

1964 3672 2238 3729 feremus?
2277 3672 2518 3726 dicitur:
2557 3688 2575 3722 ι
2622 3669 2679 3723 Si
2721 3670 2858 3724 bona
2898 3670 3232 3738 suscepimus
3269 3682 3335 3723 ex
3366 3685 3528 3722 manu

1966 3766 2201 3827 Domini,
2237 3763 2375 3817 mala
2403 3777 2507 3815 non
2540 3760 2975 3816 sustinebimus?
3004 3779 3021 3812 ι
3063 3760 3271 3815 Etcum
3304 3761 3404 3814 dici
3432 3776 3530 3829 po-

1966 3858 2179 3920 tuisset,
2214 3853 2338 3908 Haec
2376 3851 2711 3907 Hierusalem
2746 3852 2813 3904 ad
2858 3851 3184 3905 erudiendos
3220 3850 3339 3920 ejus
3382 3850 3531 3903 cives

1965 3946 2147 4001 divina
2179 3944 2521 3998 Providentia
2552 3950 2887 4006 evenerunt,
2925 3941 3191 4011 scriptum
3225 3951 3307 3996 est
3340 3960 3353 3998 :
3387 3960 3403 3993 ι
3437 3941 3533 3995 De-

1966 4035 2290 4087 scenderunt
2322 4032 2463 4084 mala
2489 4046 2517 4084 λ
2554 4032 2781 4085 Domino
2816 4032 2866 4084 in
2898 4042 3079 4100 portas
3114 4029 3474 4088 Hierusalem.
3509 4049 3528 4082 ι

1966 4125 2248 4194 Oportebit
2272 4139 2399 4192 ergo
2423 4138 2545 4185 nos,
2571 4123 2731 4177 rebus
2766 4123 3080 4186 intellectis,
3114 4123 3392 4177 nominum
3425 4139 3531 4178 non

1970 4220 2039 4272 ita
2081 4228 2296 4271 tenaces
2332 4228 2385 4270 ct
2430 4231 2621 4285 parcos
2657 4232 2798 4281 esse,
2837 4217 2928 4270 sed
2960 4216 3144 4271 videre
3187 4217 3275 4270 ubi
3314 4217 3533 4285 proprie

1971 4310 2130 4361 rebus
2166 4309 2540 4377 imponantur,
2583 4317 2638 4361 et
2674 4307 2763 4360 ubi
2803 4316 3023 4376 pr0pter
3059 4305 3298 4375 inepiam
3331 4307 3531 4374 impro-

1971 4399 2107 4467 prie.
2138 4399 2193 4453 Si
2224 4412 2402 4451 autem
2440 4398 2703 4450 Servator
2732 4397 2981 4466 qnmdam
3018 4397 3317 4450 medicatus
3355 4404 3455 4458 est,
3480 4404 3536 4449 et

1969 4493 2255 4547 sanitatem
2299 4491 2465 4555 dedit,
2496 4499 2551 4545 et
2607 4490 2780 4544 visum
2824 4499 2878 4544 et
2908 4489 3147 4542 auditum
3194 4487 3534 4553 hominibus,

1969 4585 2131 4639 altior
2158 4598 2347 4638 eorum
2378 4598 2571 4637 sensus
2616 4582 2665 4634 in
2697 4581 2889 4650 primis
2916 4581 3235 4649 quaerendus
3260 4588 3364 4641 est,
3412 4594 3534 4632 cum

1968 4677 2203 4731 Verbum
2241 4675 2678 4744 perturbationes
2726 4672 2890 4726 animi
2936 4686 3128 4725 curare
3174 4671 3257 4725 his
3298 4669 3539 4725 historiis

1971 4769 2327 4841 signiﬁcetur.
2370 4767 2552 4836 Neque
2586 4766 2876 4820 absurdum
2912 4763 2985 4818 ibi
3019 4762 3202 4826 fuerit,
3225 4762 3389 4817 etiam
3418 4776 3538 4832 qua:

1972 4862 2199 4917 historia
2245 4867 2461 4921 narrat,
2517 4856 2658 4912 facta
2712 4855 3013 4926 intelligere
3071 4855 3138 4909 ad
3199 4870 3386 4908 eorum
3444 4854 3534 4923 qui

1971 4964 2099 5008 tunc
2138 4961 2295 5007 erant
2326 4952 2606 5006 hominum
2636 4950 3048 5004 admirationem
3077 4958 3131 5002 et
3153 4956 3450 5017 stuporem,
3482 4956 3540 4998 ut

1969 5050 2062 5119 qui
2123 5046 2469 5102 sermonibus
2506 5043 2993 5101 demonstrationis
3041 5050 3097 5095 et
3137 5041 3399 5095 doctrinae
3436 5053 3540 5092 non

1969 5139 2297 5201 crederent,
2354 5137 2585 5191 virtutes
2640 5135 3007 5206 prodigiorum
3055 5131 3275 5188 reveriti
3331 5128 3541 5184 doctori

1968 5233 2323 5285 atlltmrereut.

288 5348 401 5418 γὰρ
428 5345 518 5399 τοῦ
551 5316 823 5409 εἰπεῖνξΕἰ
850 5342 918 5397 τὰ
958 5341 1141 5395 τοιάδε
1190 5336 1395 5410 χρηστά
1442 5352 1583 5399 τινα,
1640 5332 1733 5385 καὶ
1767 5330 1894 5401 ἡδέα
1924 5324 2256 5397 τυγχάνοντα
2298 5320 2598 5394 ἐδεξάμεθα
2646 5322 2796 5394 παρά
2835 5320 2933 5391 τῆς
2967 5317 3350 5418 Προνοίας-εἱς
3394 5316 3542 5385 ἡμᾶς

289 5411 599 5515 ἐφθακότα,
646 5441 818 5512 πικρά
868 5439 963 5493 καί⁹
1004 5436 1233 5491 ἐπίπονα
1274 5436 1394 5505 οὐχὶ
1438 5433 1730 5506 προθύμως
1772 5426 2129 5497 ἐνεγκοῦμεν;
2157 5423 2371 5491 λέγεται
2402 5421 2489 5473 τό’
2533 5437 2552 5470 t
2593 5417 2759 5515 Εἰ-τά
2790 5415 2971 5515 ἀγαθά
3004 5412 3301 5515 ἐδεξάμεθα
3334 5411 3543 5515 ἐκλει-

292 5504 386 5611 ρδς
420 5504 646 5609 Κυρίου,
671 5504 760 5589 τὰ·
784 5533 932 5590 κακά
957 5533 1056 5603 οὐχ
1084 5531 1415 5602 ὁποίσομεν;
1458 5504 1614 5582 »Καὶ
1643 5528 1763 5580 ἀντὶ
1800 5523 1893 5577 τοῦ
1926 5523 2112 5591 φάναι,
2138 5518 2289 5575 Κατά
2322 5516 2585 5588 Πρόνοιαν
2609 5511 2733 5565 τάδε
2765 5511 2887 5564 τινὰ
2910 5512 2975 5580 τῇ
3004 5504 3357 5580 Ἰερουσαλὴμ
3402 5504 3542 5575 ὑπὲρ

365 5716 414 5752 ⁸⁸
445 5714 642 5770 Ezech.
670 5725 862 5778 xxvttt,
890 5711 975 5766 15.

701 5816 972 5875 ΡΑτιιοι..
1019 5811 1137 5872 Gn.
1171 5810 1314 5872 ΧΠ.

1076 5710 1122 5742 ⁸⁸
1157 5709 1281 5765 lsai.
1312 5723 1427 5773 xiv,
1464 5708 1550 5762 12.
1627 5705 1671 5737 ⁶⁰
1703 5703 1859 5757 Rom.

1961 5697 2082 5768 ,lO.
2160 5698 2201 5729 ⁶¹
2236 5694 2356 5750 Job.
2393 5710 2453 5761 tt,
2482 5692 2566 5748 10.
2645 5692 2687 5723 ⁶¹
2726 5688 2887 5745 Miclt.
2924 5704 2958 5753 t,
3000 5687 3080 5743 12.

3168 5783 3248 5844 37
