3986 6384
497 162 637 220 “63
1895 147 1987 203 EX
2023 145 2059 204 0

2161 147 2323 205 ἶΕΝΕ
3623 150 3786 204 I165

410 264 412 266 I
493 278 588 334 τοῦ
628 275 975 346 παιδευθῆναι
1018 251 1143 337 τοὺς
1182 272 1520 336 ἐνοικοῦντας
1561 274 1618 326 ἐν
1651 271 1788 340 αὐτῇ
1823 267 2131 338 γεγένηται,
2182 266 2486 338 γέγραπται
2508 268 2584 320 τόο
2633 287 2648 317 ι
2687 264 2906 335 Κατέὄη
2937 264 3081 318 κακὰ
3103 266 3252 336 παρὰ
3283 266 3495 336 Κυρίου
3523 267 3630 317 ἐπὶ
3657 264 3782 316 πύ-

494 373 593 436 λας
653 370 1020 446 Ἰερουσαλήμ.
1064 389 1082 422 ι
1137 371 1325 441 Δεήσει
1377 369 1556 422 τοίνυν
1615 366 1684 420 τὰ
1743 366 2044 436 πράγματα
2092 362 2389 428 συνιέντας,
2436 362 2508 434 μὴ
2537 361 2823 433 γλίσχρους
2857 359 2991 417 εἶναι
3019 364 3143 434 περὶ
3196 361 3261 416 τὰ
3316 361 3588 432 ὀνόματα,
3627 359 3782 414 ἀλλὰ

493 465 930 536 καταλαμϐάνειν
969 465 1095 518 πότε
1137 464 1342 536 κυρίως
1397 462 1506 516 τῶν
1555 461 1895 532 πραγμάτων
1927 457 2099 513 ταῦτα
2132 458 2409 520 τέτακται,
2441 459 2534 510 καὶ
2573 457 2701 511 πότε
2734 458 2822 512 διὰ
2857 459 2953 529 τὴν
2997 457 3354 528 στενοχωρίαν
3398 455 3511 509 τῶν
3550 456 3778 525 ὀνομά-

493 575 600 612 των
631 559 688 610 ἐν
710 555 1056 627 καταχρήσει.
1082 554 1144 606 Εί
1176 554 1232 606 δὲ
1264 555 1292 604 ὁ
1319 552 1509 624 Σωτὴρ
1542 552 1663 606 τάδε
1693 550 1813 605 τινὰ
1861 550 2067 610 ἰάσατο,
2100 546 2194 598 καὶ¹
2228 547 2536 618 ἐδωρήσατο
2569 549 2772 616 ὑγείαν,
2817 549 2911 602 καὶ
2955 549 3125 618 ὅψεις,
3174 549 3266 601 καὶ
3322 548 3493 612 ἀκοὰς
3539 549 3780 623 ἀνθρὼ-

494 669 637 714 ποις,
685 648 1106 721 προηγουμένως
1145 647 1244 718 μὲν
1270 647 1368 717 τὴν
1405 645 1691 717 ἀναγωγὴν
1717 643 1894 697 αὑτῶν
1934 639 2212 711 ζητητέον,
2265 639 2357 692 τοῦ
2397 640 2569 708 Λόγου
2616 641 2683 694 τὰ
2734 640 2834 710 τῆς
2870 639 3045 711 ψυχῆς
3086 639 3231 711 πάθη
3283 639 3621 708 θεραπεύειν
3677 641 3780 693 διὰ

489 742 694 796 τούτων
717 740 825 794 τῶν
862 738 1148 812 ἱστορικῶν
1187 736 1536 808 δηλουμένου.
1576 738 1690 789 Οὐκ
1725 736 1921 790 ἄτοπον
1953 733 2009 786 δὲ
2047 730 2138 782 ἐπὶ
2177 733 2286 794 τοῖς
2322 731 2580 795 τοιούτοις
2607 731 2864 785 καὶκατὰ
2891 733 2987 802 τὴν
3017 732 3250 802 ἱστορίαν
3295 731 3779 803 ἀπαγγελλόμενα

492 843 630 892 νοεῖν
673 836 949 908 γεγονέναι
998 834 1138 905 ὑπὲρ
1179 830 1570 901 καταπλήξεως
1612 830 1716 884 τῶν
1759 831 1878 884 τότε
1923 824 2243 897 ἀνθρώπων,
2294 825 2382 880 ἴνα
2419 827 2468 879 οἱ
2512 827 2586 899 μὴ
2631 827 2935 897 πειθόμενοι
2975 827 3155 896 λόγοις
3206 825 3613 891 ἀποδεικτικοῖς
3671 830 3776 882 καὶ

490 931 904 992 διδασκαλικοῖς,
922 925 1333 997 δυσωπηθέντες
1356 923 1455 988 τὰς
1477 923 1767 997 τεραστίας
1789 920 2067 989 δυνάμεις,
2097 918 2542 984 συγκαταθῶνται
2567 919 2645 989 τῷ
2669 919 2990 974 διδάσκοντι.

564 1022 731 1076 Vens.
763 1020 815 1074 7.
847 1017 1126 1088 Signatum
1155 1026 1228 1071 est
1261 1031 1420 1085 super
1458 1031 1550 1068 nos
1573 1013 1747 1067 lumen
1769 1010 1940 1067 uultus
1965 1009 2064 1072 tui,
2099 1013 2142 1068 Α

497 1115 745 1178 Domine,
778 1121 885 1167 etc.
919 1113 1086 1165 Deum
1119 1109 1301 1162 lumen
1331 1121 1470 1171 esse,
1506 1107 1583 1160 ait
1612 1105 1850 1161 Joannes
1883 1106 1935 1158 in
1960 1101 2060 1156 Ca-

493 1207 694 1264 tholica
722 1202 951 1275 epistola
972 1201 1017 1233 ⁸³
1051 1220 1064 1256 :
1100 1218 1118 1253 ι
1155 1202 1297 1256 Deus
1321 1200 1410 1254 lux
1437 1208 1540 1263 est,
1583 1206 1638 1252 et
1661 1198 1897 1252 tenebrae
1920 1196 1972 1249 in
1996 1209 2062 1250 eo

491 1315 598 1355 non
623 1306 749 1352 sunt
775 1296 915 1350 ullae.
947 1313 966 1347 ι
1003 1294 1070 1348 Ει
1098 1293 1351 1363 quamvis
1382 1292 1522 1362 ignis
1555 1304 1770 1360 quoque
1810 1289 2057 1351 dicatur,

490 1387 940 1460 quemadmodum
967 1383 1164 1438 Paulus
1186 1382 1240 1436 in
1260 1381 1487 1450 epistola
1517 1383 1582 1436 ad
1616 1380 1875 1437 Hebraeos
1897 1381 1972 1433 ait
1993 1379 2058 1434 “:

494 1501 516 1534 ι
539 1479 753 1535 Etenim
787 1477 929 1532 Deus
963 1483 1151 1530 noster
1177 1474 1316 1544 ignis
1352 1485 1682 1528 consumens
1714 1479 1818 1538 est,
1844 1479 2062 1524 vosten-

491 1572 628 1626 dens
669 1571 845 1640 ipsum
889 1582 1010 1622 esse
1043 1566 1212 1621 Deum
1242 1564 1377 1634 legis
1401 1573 1454 1620 et
1487 1561 1789 1633 Evangelii,
1820 1561 1923 1616 hoc
1955 1567 2058 1625 est,

488 1663 709 1718 Patrem
752 1659 965 1716 Domini
1005 1657 1176 1712 nostri
1224 1656 1351 1712 Jesu
1401 1655 1631 1721 Christi,
1672 1664 1726 1710 et
1776 1659 2060 1723 propterea

489 1754 658 1810 Deum
691 1762 969 1816 nostrum,
1005 1750 1136 1804 nihil
1170 1749 1313 1802 aliud
1365 1748 1655 1817 quidquam
1687 1760 1808 1802 esse
1858 1743 2054 1800 existi-

489 1848 742 1903 mandum
764 1853 847 1901 est
877 1858 1037 1914 quam
1062 1843 1265 1910 lumen,
1307 1843 1451 1913 quod
1481 1842 1700 1912 quidem
1730 1839 2058 1907 cogitatione

490 1939 604 1995 sola
646 1935 821 1991 diﬂert
879 1937 945 1989 ab
992 1935 1126 2000 igne,
1179 1941 1552 1989 consumente.
1597 1931 2058 1999 Quemadmodum

488 2039 671 2086 autem
697 2030 750 2084 in
774 2043 832 2084 re
863 2042 1128 2098 corporea
1154 2042 1252 2083 usu
1291 2026 1461 2090 venit,
1498 2035 1558 2080 ut
1583 2025 1774 2080 eadem
1807 2025 2062 2079 substan-

491 2123 565 2176 tia
597 2129 868 2192 quatenus
910 2119 1208 2185 illuminat,
1255 2118 1435 2172 lumen
1489 2117 1579 2181 sit,
1627 2127 1897 2186 quatenus
1929 2131 2060 2170 vero

487 2215 586 2269 bas
611 2214 692 2268 vel
724 2213 840 2268 illas
870 2212 1131 2268 materias
1163 2210 1528 2267 comburendo
1549 2209 1782 2265 absumit
1806 2224 1872 2264 ac
1899 2209 2064 2264 devo-

485 2316 594 2371 rat,
644 2307 784 2378 ignis
831 2319 1154 2362 consumens
1199 2304 1481 2360 exsistat:
1517 2303 1596 2357 sic
1650 2303 1835 2372 utique
1891 2301 2056 2356 etiam

486 2398 628 2452 Deus
651 2412 712 2451 ea
748 2396 968 2464 quidem
989 2411 1108 2466 qua:
1127 2409 1292 2464 prava
1328 2380 1687 2458 suntabolet,
1712 2403 1768 2448 et
1796 2392 2058 2447 malitiam

487 2487 745 2551 absumit,
782 2485 849 2540 iis
883 2495 1062 2539 autem
1108 2484 1198 2554 qui
1238 2484 1350 2553 apti
1397 2491 1558 2548 sunt,
1601 2490 1656 2535 et
1695 2481 1858 2536 corde
1900 2495 2058 2550 puro,

487 2577 668 2632 lumen
707 2584 810 2632 est.
861 2575 1328 2642 Quemadmodum
1373 2588 1501 2628 vero
1534 2573 1699 2628 simul
1755 2573 1953 2628 accidit
2003 2582 2062 2627 ut

487 2681 754 2736 corporea
804 2665 897 2720 lux
925 2667 992 2720 iis
1025 2665 1114 2734 qui
1171 2680 1332 2720 sanos
1359 2665 1561 2720 habent
1590 2661 1796 2730 oculos,
1828 2672 1941 2718 tum
1977 2662 2060 2718 sui

485 2758 679 2828 ipsius,
707 2767 816 2812 tum
842 2764 1164 2812 cmterorum
1195 2770 1316 2825 quas
1355 2757 1455 2812 sub
1504 2770 1696 2811 sensus
1725 2755 1944 2821 cadunt,
1979 2753 2061 2808 vi-

485 2865 607 2908 sum
634 2851 914 2921 praebeat:
946 2849 1025 2906 sic
1055 2849 1197 2905 Deus
1227 2849 1424 2903 virtute
1457 2845 1691 2919 quadam
1731 2846 1798 2902 ad
1829 2845 2062 2916 singulo-

487 2961 608 3000 rum
637 2953 874 2999 mentem
905 2943 1254 3013 perveniens,
1299 2941 1460 2995 modo
1505 2942 1577 2998 sit
1623 2939 1936 2996 nullatenus
1966 2952 2060 2994 co-

481 3045 697 3105 operta,
711 3050 888 3106 neque
899 3036 966 3091 ab
981 3033 1268 3090 aﬁ‘ectibus
1281 3031 1724 3101 impedimentum
1741 3032 1956 3102 aliquod
1975 3047 2062 3101 pa-

487 3127 679 3190 tiatur,
699 3125 990 3196 quominus
1007 3132 1166 3179 acute
1181 3130 1387 3187 cernat,
1402 3122 1567 3178 ellicit
1582 3131 1638 3177 ut
1656 3131 1710 3176 et
1727 3122 1840 3191 ipse
1863 3121 2060 3178 intelli-

485 3227 667 3289 gatur,
700 3217 840 3273 etad
856 3217 958 3270 alia
988 3229 1203 3285 quoque
1235 3228 1358 3284 quae
1393 3214 1494 3270 sub
1529 3212 1936 3284 intelligentiam
1962 3227 2056 3268 ca-

485 3313 637 3376 dunt,
660 3309 1010 3380 intelligenda
1028 3309 1309 3377 perveniat
1339 3309 1382 3363 is
1398 3309 1550 3379 cujus
1570 3317 1802 3362 mentem
1820 3306 2059 3362 illustra-

484 3402 649 3457 verit.
696 3398 837 3454 Nihil
863 3400 1062 3457 Initum
1089 3409 1268 3454 autem
1300 3399 1347 3452 si
1379 3397 1622 3452 nonnulli
1654 3396 1706 3452 in
1732 3397 1944 3453 artibus
1965 3403 2060 3452 aut

475 3491 732 3554 scientiis
750 3491 1076 3563 quibusdam
1095 3488 1457 3560 perspicaees,
1479 3487 1558 3541 vel
1588 3487 1654 3539 ad
1684 3486 2058 3556 percipiendas

483 3588 748 3659 quasdam
788 3582 1027 3640 morales
1057 3591 1112 3636 et
1141 3579 1452 3636 dialecticas
1493 3579 1819 3648 quaestiones
1853 3579 2055 3632 acutis—

496 3679 621 3735 simi
675 3679 928 3747 ignorant
998 3673 1191 3727 Deum.
1257 3670 1460 3725 llorum
1516 3670 1661 3724 enim
1726 3668 2124 3764 intellectumc

482 3770 644 3841 573
671 3769 902 3824 similem
931 3780 1054 3822 esse
1082 3765 1314 3819 dicimus
1339 3762 1496 3817 oculo
1520 3762 1609 3831 qui
1638 3762 1906 3831 quidlibet
1941 3777 2056 3816 ma-

483 3862 566 3931 gis
620 3861 864 3914 intuetur
901 3871 1062 3926 quam
1104 3853 1306 3918 solem,
1341 3862 1396 3908 et
1441 3867 1715 3921 nunquam
1759 3851 1827 3906 ad
1877 3852 2056 3908 radios

479 3950 599 4019 ejus
653 3947 1033 4021 percipiendos
1074 3945 1356 3999 attollitur.
1401 3943 1868 4012 Quemadmodum
1911 3943 2052 3999 enim

479 4041 677 4098 solaris
709 4038 893 4095 radius
915 4036 1034 4106 ejus
1063 4035 1267 4090 vultum
1302 4036 1536 4102 attingit,
1565 4035 1653 4103 qui
1689 4033 1861 4104 ipsum
1887 4034 2057 4104 respi-

478 4137 580 4201 cit,
620 4147 720 4188 nec
769 4128 1026 4202 possibile
1071 4136 1153 4183 est
1183 4126 1313 4182 solis
1365 4141 1486 4180 esse
1534 4133 1812 4194 expertem
1847 4125 1938 4194 qui
1988 4125 2054 4178 ad

482 4228 660 4296 ipsum
691 4231 818 4290 stat,
843 4223 914 4276 ita
945 4219 1288 4290 cogitandum
1318 4217 1409 4272 Dei
1440 4216 1660 4270 omnino
1682 4227 1800 4270 esse
1830 4214 2058 4286 partici-

479 4335 623 4392 pem,
643 4315 732 4388 qui
756 4314 923 4371 divini
947 4313 1096 4368 verbi
1115 4313 1287 4383 legem
1307 4311 1596 4366 meditatus
1624 4309 1880 4373 fuerit.'et
1905 4324 2055 4364 men-

483 4422 588 4467 tem
615 4425 765 4466 suam
794 4407 860 4462 ad
890 4407 1053 4461 Deum
1083 4404 1517 4472 cognoscendum
1548 4403 1848 4458 tradiderit.
1877 4401 2052 4468 Quod,

474 4506 694 4575 opinor,
725 4505 826 4559 hoc
854 4503 971 4557 loco
998 4497 1269 4570 signiﬁcat
1292 4497 1583 4568 Propheta,
1616 4512 1736 4551 cum
1765 4496 1874 4552 ait:
1907 4515 1926 4548 ι
1965 4497 2054 4551 Si-

477 4605 699 4666 gnatum
741 4604 842 4664 est”
867 4607 1028 4662 super
1061 4605 1158 4644 nos
1180 4591 1360 4644 lumen
1389 4590 1566 4643 vultus
1619 4589 1720 4652 tui,
1751 4589 1997 4644 Domine.
2030 4605 2048 4638 ι

481 4689 708 4759 Signum
741 4686 919 4750 enim,
953 4685 1146 4755 inquit,
1177 4683 1400 4739 luminis
1423 4682 1564 4752 quod
1591 4681 1645 4735 in
1675 4679 1823 4735 vultu
1851 4692 1941 4735 tuo
1964 4695 2050 4734 re-

479 4779 746 4851 splendet,
774 4779 842 4833 ad
887 4792 988 4833 nos
1031 4777 1374 4842 perveniens,
1404 4774 1558 4829 nobis
1593 4775 1915 4844 impressum
1944 4781 2052 4836 est,

483 4882 539 4928 et
563 4871 852 4942 ipsummet
877 4869 1059 4925 lumen
1084 4868 1266 4924 vultus
1294 4867 1369 4922 tui
1398 4867 1476 4922 sic
1501 4879 1821 4940 expressum
1866 4871 1970 4927 est,
1995 4869 2055 4916 ut

482 4964 574 5032 qui
601 4962 783 5018 videre
810 4972 994 5032 potest
1010 4961 1220 5031 signum
1249 4959 1416 5014 divini
1441 4958 1662 5013 luminis
1694 4957 1835 5026 quod
1866 4957 2050 5026 signa-

2253 1008 2607 1079 Ἐσημειώθη
2630 1011 2723 1079 ἐφ’
2737 1009 2893 1080 ἡμᾶς
2907 1010 2974 1063 τὸ
2999 1009 3124 1080 φῶς
3145 1010 3250 1064 τοῦ
3266 1009 3604 1079 προσώπου
3617 1025 3768 1070 σου,

2163 1103 2356 1168 Κύριε,
2391 1121 2444 1156 κ.
2471 1120 2520 1156 τ.
2549 1103 2593 1155 ἐ.
2622 1102 2739 1155 Ὅτι
2765 1102 2879 1170 φῶς
2905 1103 3051 1155 ἐστιν
3083 1105 3112 1156 ό
3147 1102 3277 1166 Θεὸς
3310 1102 3446 1172 (H),
3489 1102 3770 1172 Ἰωάννης

2163 1193 2326 1263 φησὶν
2359 1195 2416 1246 ὲν
2445 1197 2509 1265 τῇ
2539 1181 2812 1264 Καθολικῇ
2845 1195 3118 1265 ἐπιστολῇ·
3164 1215 3180 1244 l
3216 1196 3271 1247 '0
3288 1195 3417 1257 Θεὸς
3453 1195 3579 1263 φῶς
3618 1196 3762 1256 ἐστι,

2162 1287 2254 1338 καὶ
2281 1284 2468 1338 σκοτία
2491 1287 2548 1336 ἐν
2576 1285 2724 1356 αὑτῷ
2750 1287 2896 1338 ἐστιν
2933 1285 3177 1357 οὐδεμία.
3221 1305 3238 1337 ι
3278 1287 3393 1339 Κᾶν
3419 1284 3538 1356 πῦρ
3576 1285 3643 1338 δὲ
3675 1285 3768 1338 λέ-

2161 1394 2346 1448 γηται.
2375 1377 2491 1440 ὠςό
2512 1377 2719 1442 Παῦλος
2750 1381 2808 1431 ἐν
2840 1380 2905 1450 τῇ
2928 1378 3061 1450 πρὸς
3101 1378 3381 1450 Ἐϐραίους
3403 1380 3570 1449 φησί·
3602 1400 3622 1429 ι
3651 1382 3765 1434 Καὶ

2161 1468 2269 1542 γὰρ
2304 1472 2333 1524 ό
2363 1469 2493 1534 Θεὸς
2536 1469 2693 1542 ἡμῶν
2743 1469 2854 1541 πῦρ
2881 1471 3270 1524 καταναλίσκον
3305 1471 3438 1524 ἐστί·
3477 1493 3497 1523 ι
3530 1471 3766 1535 δεικνὺς

2162 1563 2324 1616 αὑτὸν
2341 1557 2629 1616 εἶναιΘεδν
2661 1563 2826 1635 νόμου
2862 1563 2955 1617 καὶ
2997 1562 3350 1630 Εὑαγγελίου,
3385 1565 3648 1617 τουτέστι
3669 1565 3764 1618 τὸν

2162 1654 2381 1727 Πατέρα
2428 1654 2523 1708 τοῦ
2566 1656 2769 1727 Κυρίου
2800 1655 2957 1727 ἡμῶν
3002 1655 3174 1726 Ἰησοῦ
3205 1656 3466 1727 Χριστοῦ,
3519 1659 3626 1710 καὶ
3672 1657 3762 1711 διὰ

2162 1747 2320 1801 τοῦτο
2333 1748 2463 1802 Θεὸν
2491 1751 2665 1822 ἡμῶν·
2692 1753 2790 1806 οὑκ
2821 1752 2946 1807 ἄλλο
2965 1769 3016 1806 τι
3039 1753 3253 1824 νοητέον
3276 1749 3414 1808 εἶναι
3445 1754 3540 1808 τοῦ
3575 1757 3762 1824 (parte;

2165 1843 2231 1911 τῇ
2278 1842 2489 1914 ἐπινοίᾳ
2521 1843 2770 1916 διαφέρον
2801 1845 2894 1898 τοῦ
2934 1845 3102 1916 πυρὸς
3134 1845 3226 1898 τοῦ
3253 1845 3758 1912 καταναλίσκοντος

2161 1931 2256 1984 τοῦ
2302 1933 2451 2003 παρὰ
2506 1933 2566 1987 τὸ
2614 1935 2748 2004 φῶς.
2796 1937 3005 2008 Ὠσπερ
3055 1938 3148 1990 καὶ
3191 1937 3283 1990 ἐπὶ
3321 1936 3400 2007 τῷ
3442 1939 3757 2009 σωματικῷ

2165 2024 2452 2096 συνέτυχεν
2477 2028 2508 2096 ἡ
2541 2026 2638 2097 μὲν
2668 2027 2805 2099 αὑτὴ
2822 2029 2977 2082 οὐσία
3007 2029 3127 2082 καθ’
3160 2029 3188 2082 δ
3215 2030 3312 2100 μὲν
3345 2029 3605 2098 φωτίζει,
3639 2031 3756 2101 φῶς

2162 2115 2297 2180 ἐστι,
2321 2117 2440 2170 καθ’
2473 2119 2500 2171 ὃ
2523 2119 2578 2172 δέ
2601 2121 2887 2192 ἐπικρατεῖ
2901 2123 3008 2176 τῶν
3033 2121 3250 2175 τοιῶνδε
3273 2123 3434 2186 ὑλῶν,
3471 2127 3753 2195 καυστικὴ

2162 2205 2253 2257 καὶ
2279 2208 2687 2280 καταναλωτικὴ
2703 2211 3039 2281 τυγχάνουσα
3065 2211 3266 2275 αὑτῶν,
3303 2211 3413 2282 πῦρ
3441 2212 3564 2264 ἐστι
3589 2230 3759 2265 κατα-

2163 2296 2432 2350 ναλίσκονο
2463 2298 2604 2353 οὕτω
2623 2303 2906 2376 τοιγαροῦν
2934 2305 3027 2356 καὶ
3056 2306 3084 2358 ό
3121 2304 3252 2367 Θεὸς
3277 2304 3384 2358 τῶν
3425 2304 3527 2374 μὲν
3561 2305 3752 2376 χειρό-

2163 2407 2267 2441 νων
2288 2390 2638 2458 ἁφανιστικός
2679 2395 2816 2457 ἐστι,
2851 2395 3062 2466 καὶτῆς
3096 2394 3291 2460 κακίας
3324 2395 3751 2461 ἐξαναλωτικδς,

2161 2480 2275 2542 τοῖς
2322 2478 2378 2531 δέ
2428 2481 2752 2552 ἐπιτηδείοις
2793 2485 2887 2537 καὶ
2932 2484 3361 2558 κεκαθαρμένοις
3393 2487 3493 2558 τὴν
3519 2489 3754 2559 καρδίαν

2163 2569 2278 2638 φῶς
2328 2568 2602 2640 τυγχάνει.
2659 2576 2753 2627 ’ον
2801 2575 3000 2647 τρόπον
3048 2577 3103 2630 δὲ
3139 2579 3238 2631 ἐπὶ
3283 2578 3378 2632 τοῦ
3427 2580 3751 2650 σωματικοῦ

2161 2661 2337 2729 φωτὸς
2372 2663 2689 2736 συντέτευχε
2721 2666 2780 2719 τὸ
2803 2671 3081 2740 συνεργεῖν
3115 2669 3244 2724 αὐτὸ
3269 2674 3379 2735 τοῖς
3398 2671 3753 2740 ὑγιαίνοντας

2160 2751 2372 2824 ἔχουσιν
2435 2755 2741 2829 ὀφθαλμοὺς
2794 2759 2929 2831 πρός
2979 2777 3039 2813 τε
3091 2760 3188 2832 τὴν
3247 2761 3412 2816 αὑτοῦ
3472 2762 3602 2817 θέαν
3650 2764 3754 2817 καὶ

2159 2845 2256 2916 τὴν
2299 2847 2405 2900 τῶν
2466 2848 2758 2921 αἰσθητῶψ
2811 2852 2902 2905 τὸν
2951 2853 3111 2906 αὑτὸν
3158 2854 3358 2925 τρόπον
3391 2857 3420 2908 ὁ
3476 2856 3612 2919 Θεὸς
3656 2857 3752 2909 δυο

2160 2937 2322 3008 νάμει
2369 2940 2476 2992 τινί
2524 2939 2740 3010 φθάνων
2784 2941 2879 2995 ἐπὶ
2919 2943 3009 2996 τὸν
3035 2944 3295 3018 ’ἑκάστων
3327 2945 3472 3014 νοῦν,
3509 2949 3605 3000 ἐάν
3633 2965 3748 3018 μη-

2159 3028 2393 3100 δαμόθεν
2447 3028 2601 3097 οὗτος
2653 3035 2738 3102 ἐφ’
2784 3034 2842 3087 ὃν
2886 3033 3075 3104 φθάνει
3119 3037 3637 3110 συγκεκαλυμμένος
3682 3037 3746 3114 ᾗ,

2162 3121 2297 3192 μηδὲ
2338 3123 2446 3176 ἀπὸ
2495 3123 2680 3179 παθῶν
2712 3143 2764 3178 τι
2796 3126 3092 3181 κωλυτικόν
3153 3131 3431 3194 πεπονθὼς
3463 3132 3561 3203 τῆς
3608 3133 3744 3197 ἰδίας

2159 3212 2496 3285 ὀξυδερκίας,
2539 3215 2711 3281 αἴτιος
2765 3219 2992 3287 γίνεται,
3047 3221 3140 3275 τοῦ
3176 3239 3235 3275 τε
3287 3223 3450 3277 αὑτὸν
3502 3223 3746 3279 νοεῖσθαι

2161 3303 2254 3356 καὶ
2305 3306 2398 3357 ἐπὶ
2439 3305 2506 3358 τά
2561 3306 2695 3360 ἄλλα
2743 3309 2909 3380 νοητὰ
2963 3310 3186 3380 φθάνειν
3236 3312 3326 3365 τὸν
3370 3313 3745 3384 φωτιζόμενον

2161 3394 2251 3446 ὑπ’
2293 3394 2458 3449 αὑτοῦ
2496 3396 2639 3451 νοῦν.
2688 3399 2762 3452 Οὐ
2801 3399 3110 3471 θαυμαστὸν
3149 3402 3205 3456 δὲ
3241 3403 3295 3455 εἴ
3322 3421 3466 3468 τινες
3502 3405 3745 3476 διορατι-

2159 3487 2244 3539 κοὶ
2286 3488 2344 3540 ἐν
2382 3489 2596 3560 τέχναις
2641 3490 2674 3562 ἢ
2733 3493 3059 3564 ἐπιστήμαις
3107 3496 3217 3547 τισὶ
3274 3497 3657 3567 τυγχάνοντες,
3701 3499 3736 3568 ἦ

2159 3578 2404 3644 ὀξύτατοι
2437 3581 2564 3653 περὶ
2613 3583 2934 3654 κατανόησιν
2973 3583 3175 3654 ἠθικῶν
3227 3603 3386 3639 τινων
3435 3589 3530 3640 καὶ
3593 3588 3744 3655 λογι-

2159 3669 2271 3722 κῶν
2304 3672 2724 3744 προϐλημάτων,
2778 3674 3030 3743 ἀγνοοῦσι
3081 3676 3233 3730 Θεόν.
3279 3677 3598 3748 Ὁμοιοῦμεν
3629 3683 3740 3750 γάρ

2157 3763 2334 3817 αὑτῶν
2377 3764 2435 3817 τὸ
2466 3765 2801 3836 διανοητικόν
2849 3767 3110 3838 ὀφθαλμῷ
3163 3769 3512 3833 ἐνατενίζοντι
3573 3773 3740 3825 παντὶ

2162 3856 2360 3926 μᾶλλον
2388 3857 2419 3928 ἦ
2452 3859 2528 3928 τῷ
2567 3859 2722 3930 ἡλίῳ,
2774 3860 2868 3913 καὶ
2914 3859 3178 3930 μηδέποτε
3220 3863 3564 3934 ἐπαιρομένῳ
3601 3863 3736 3935 πρὸς

2158 3947 2217 4000 τὸ
2246 3950 2576 4020 κατανοῆσαι
2620 3950 2718 4014 τὰς
2748 3951 2936 4004 τούτου
2986 3951 3180 4019 αὐγάς.
3229 3954 3437 4025 Ὥσπερ
3486 3955 3736 4025 μέντοιγε

2160 4039 2347 4110 φθάνει
2374 4044 2406 4113 ἠ
2429 4041 2629 4113 ὴλιακὴ
2659 4043 2817 4108 ἀκτὶς
2851 4045 2942 4097 ἐπὶ
2967 4045 3026 4098 τὸ
3060 4045 3346 4118 πρόσωπον
3375 4046 3467 4099 τοῦ
3503 4048 3738 4118 ἐνορῶν-

2158 4149 2246 4196 τος
2279 4133 2447 4203 αὑτῷ,
2483 4135 2577 4187 καὶ
2604 4135 2700 4205 οὑχ
2735 4130 2845 4190 οἷόν
2881 4154 2940 4189 τε
2981 4139 3230 4210 ἀμοιρεῖν
3265 4139 3416 4210 ἡλίου
3464 4140 3557 4193 τὸν
3597 4141 3736 4212 πρὸς

2157 4225 2306 4294 αὐτῷ
2331 4228 2662 4297 τυγχάνοντα
2687 4244 2698 4257 ·
2745 4226 2918 4292 οὕτως
2947 4231 3164 4302 νοητέον
3223 4232 3437 4296 πάντως
3485 4234 3736 4304 μετέχειν

2157 4314 2290 4368 Θεοῦ
2325 4317 2414 4369 τὸν
2443 4317 2810 4372 κατανοοῦντα
2854 4320 2944 4372 τὸν
2997 4322 3180 4392 νόμον.
3210 4322 3301 4374 τοῦ
3355 4321 3500 4376 θείου
3547 4323 3732 4392 λόγου,

2158 4406 2406 4460 ἐπιδόντα
2438 4408 2528 4462 τὸν
2555 4407 2676 4462 νοῦν
2717 4411 2912 4464 ἑαυτοῦ
2961 4413 3098 4484 πρὸς
3141 4412 3203 4467 τὸ
3263 4413 3499 4467 συνιέναι
3561 4415 3732 4468 Θεόνο

2155 4499 2292 4572 ὅπερ
2324 4495 2477 4572 οἶμαι
2509 4501 2770 4574 δηλοῦντα
2792 4505 2882 4558 τὸν
2911 4507 3200 4578 Προφήτην
3235 4507 3416 4561 ἐνθάδε
3442 4507 3622 4577 λέγειν
3645 4509 3732 4563 τό·

2163 4613 2180 4645 ι
2205 4594 2544 4666 Ἐσημειώθη
2577 4598 2661 4666 ἐφ’
2696 4597 2842 4668 ἡμᾶς
2873 4598 2934 4650 τὸ
2976 4598 3091 4667 φῶς
3122 4598 3214 4652 τοῦ
3272 4599 3563 4670 προσώπου
3611 4618 3734 4664 σου,

2157 4687 2350 4759 Κύριε.
2388 4707 2406 4740 ι
2437 4690 2667 4761 Σημεῖον
2699 4689 2824 4761 γὰρ,
2858 4690 3026 4761 φησὶ,
3061 4689 3156 4744 τοῦ
3190 4692 3366 4762 φωτὸς
3403 4692 3498 4745 τοῦ
3547 4693 3605 4744 ἐν
3661 4695 3729 4764 τῇ

2156 4777 2416 4848 προσόψει
2449 4795 2563 4841 σου,
2601 4778 2810 4847 φθάσαν
2839 4780 2916 4842 εἰς
2940 4779 3118 4850 ἡμᾶς,
3153 4781 3518 4835 ἐντετύπωται
3572 4785 3730 4853 ἡμῖν,

2155 4871 2250 4923 καὶ
2277 4869 2410 4924 αὐτὸ
2441 4871 2501 4924 τὺ
2548 4870 2664 4940 φῶς
2688 4872 2784 4942 τῆς
2831 4871 3145 4944 προσόψεως
3179 4891 3272 4926 σου
3305 4876 3731 4947 ἐγκεχάρακται,

2156 4961 2296 5016 ὥστε
2325 4963 2417 5018 τὸν
2445 4964 2619 5018 εἰδότα
2645 4965 2781 5036 ὁρᾷν
2817 4968 3040 5036 σημεῖον
3073 4963 3162 5018 τοῦ
3209 4966 3384 5034 φωτὸς
3429 4983 3736 5038 σεσημειωο

481 5067 594 5112 tum
625 5063 729 5124 est,
755 5056 855 5110 hoc
884 5055 1058 5125 ipsum
1087 5053 1270 5109 statim
1293 5051 1563 5121 intelligat
1590 5051 1644 5104 in
1679 5048 1834 5103 nobis
1856 5047 2053 5102 factum

2162 5052 2319 5122 μένον
2363 5052 2498 5106 Θεοῦ
2556 5048 2854 5124 τηνικαῦτα
2907 5059 3046 5109 νοεῖν
3115 5055 3271 5108 τοῦτο
3323 5052 3612 5126 γενόμενον
3671 5059 3732 5110 ἐν

477 5164 618 5206 esse.
659 5148 914 5204 Arbitror
946 5160 1080 5202 vero
1121 5145 1282 5201 etiam
1313 5146 1420 5200 hoc
1446 5157 1704 5197 arcanum
1759 5141 1812 5196 in
1863 5137 2049 5194 Exodo

476 5239 763 5305 declarari,
799 5255 921 5296 cum
959 5238 1156 5310 lloysis
1185 5253 1311 5293 cum
1353 5236 1464 5291 Deo
1497 5233 1839 5288 familiariter
1882 5233 2049 5288 collo-

474 5331 692 5401 quentis
721 5330 886 5386 facies
919 5331 988 5384 ita
1015 5329 1314 5401 gloriﬁcata
1358 5335 1464 5391 est,
1490 5333 1550 5380 ut
1574 5340 1680 5380 non
1715 5334 1940 5394 possent
1981 5324 2044 5378 ii-

546 5468 591 5500 ”
617 5469 633 5522 Ι
657 5467 814 5524 Joan.
840 5483 879 5534 ι,
911 5468 964 5522 5.
1046 5469 1090 5499 “
1120 5466 1251 5521 Hel).
1287 5481 1394 5529 xit,
1428 5466 1518 5522 29.

2159 5147 2310 5217 ἡμῖν.
2353 5142 2520 5218 Οἶμαι
2570 5149 2625 5202 δέ
2651 5149 2742 5201 καὶ
2788 5149 2848 5201 τὸ
2881 5149 3192 5221 ἀπόρρητον
3241 5149 3398 5204 τοῦτο
3437 5150 3734 5222 δηλοῦσθαι

2155 5238 2212 5289 ἐν
2241 5241 2305 5310 τῇ
2345 5238 2574 5306 Ἐξόδῳ,
2597 5240 2678 5294 ὅτι
2711 5241 2988 5304 Μωῢσέως
3020 5242 3112 5294 ἐπὶ
3135 5240 3290 5296 πλέον
3316 5243 3626 5314 ὁμιλοῦντος
3651 5244 3729 5314 τῷ

2153 5329 2271 5400 Θεῷ
2303 5333 2396 5384 καὶ
2417 5334 2664 5396 συνόντος
2707 5333 2853 5403 αὑτῷ
2882 5327 3192 5400 δεδόξασται
3228 5337 3537 5408 πρόσωπον,
3587 5336 3727 5390 ὥστε

545 5608 656 5678 (Η)
686 5608 804 5663 Ὅτι
835 5608 959 5679 φῶς
1001 5609 1171 5662 ἐστιν
1193 5611 1224 5662 ό
1256 5610 1422 5677 Θεός,
1456 5617 1561 5664 etc.
1610 5607 1918 5676 Corderius,
1956 5609 2059 5666 cod.

2161 5607 2552 5675 Baroccianus,
2579 5607 2766 5663 Daniel
2790 5606 3082 5663 Barbarus.
