3986 6384
188 249 339 308 1165

1188 239 1500 299 SELECTA
1529 237 1598 295 IN
1629 234 1969 294 PSALMOS.
2008 267 2077 278 ——
2114 233 2311 291 PSAL.
2349 231 2439 292 IV.

3322 234 3460 292 H68

189 366 277 439 μὴ
312 359 569 417 δύνασθαι
598 361 732 425 ’τοὺς
781 360 931 424 υίούς
972 355 1188 429 Ἰσραὴλ
1235 355 1478 409 ἀτενίσαι
1538 354 1618 416 εἰς
1674 351 1775 421 τὴν

1905 349 1934 403 ii
1964 346 2129 403 Israel
2155 346 2439 402 intendere
2470 345 2523 399 in
2546 343 2773 415 gloriam
2804 342 2921 414 ejus
2945 352 2999 401 et
3021 342 3226 401 idcirco
3256 359 3462 401 assum-
3502 412 3505 415 η

182 459 354 525 δόξαν
406 454 593 516 αὐτοῦ,
646 454 742 509 καὶ
792 453 881 507 διὰ
939 450 1093 505 τοῦτο
1126 448 1392 519 κάλυμμα
1420 445 1654 501 λαϐόντα
1681 442 1774 497 τδν

189 546 510 619 θεράποντα
533 544 742 616 ὁμιλεῖν
768 541 848 614 τῷ
890 541 1022 612 λαῷ.
1072 541 1231 595 Πᾶσα
1260 539 1317 593 δὲ
1370 537 1515 610 ψυχὴ
1568 536 1780 591 ἀνακει-

193 641 338 714 μένη
377 638 521 709 Θεῷ,
549 638 643 692 καὶ
665 636 747 699 είς
783 636 844 689 τὸ
872 633 1071 705 άληθὲς
1102 631 1266 687 αὐτοῦ
1297 631 1393 685 ml.
1423 632 1537 694 τοῖς
1564 627 1778 691 πολλοῖς

194 732 512 805 ἀθεώρητον
539 728 876 793 εἰσελθοῦσα,
915 725 1294 799 μεταλαϐοῦσά
1324 742 1385 779 τε
1416 724 1514 795 τῆς
1569 721 1781 793 θειότη-

194 842 315 891 τος,
345 825 407 879 οὐ
436 822 658 895 χωρητὴ
687 824 799 885 τοῖς
829 819 1043 882 πολλοῖς
1063 818 1295 888 γίνεται,
1318 815 1459 869 ὥστε
1483 811 1651 885 αὐτὴν
1686 812 1781 880 ὲγ-

198 915 625 987 κεκαλυμμένην
665 914 968 983 οἰκονομεῖν
1027 910 1153 974 τοὺς
1205 905 1620 975 ὑποδεεστέρους
1665 902 1782 957 δια-

199 1003 502 1075 λεγομένην
533 1002 601 1056 τὰ
635 999 951 1072 κατάλληλα
983 999 1188 1062 αὐτοῖς.
1217 998 1337 1051 Ὅτι
1363 996 1420 1050 δὲ
1469 994 1530 1048 τὸ
1587 995 1785 1065 ὀνομα-

199 1091 431 1165 ζόμενον
455 1092 745 1165 πρόσωπον
773 1090 868 1144 τοῦ
902 1089 1035 1143 Θεοῦ
1058 1129 1071 1153 ,
1105 1087 1335 1159 φωτίζον
1393 1086 1454 1141 τὸ
1488 1085 1784 1156 δυνάμενον

202 1183 375 1245 αὐτοῦ
408 1185 654 1257 χωρῆσαι
690 1182 789 1247 τὰς
817 1181 991 1251 αὐγὰς
1021 1180 1382 1253 ἡγεμονικὸν,
1424 1179 1595 1233 αίτιον
1646 1174 1787 1245 γνώ-

202 1292 348 1338 σεως
378 1274 607 1343 γίνεται,
635 1271 724 1326 διὰ
756 1272 849 1325 τοῦ
878 1269 1170 1342 ἑξηκοστοῦ
1209 1270 1368 1323 ἕκτου
1401 1264 1616 1339 ψαλμοῦ
1642 1282 1785 1338 παρ-

202 1367 425 1421 ίσταται
455 1366 627 1429 οὕτως
648 1364 863 1436 ἔχοντος
882 1379 895 1393 ·
938 1380 958 1413 ι
998 1363 1055 1416 '0
1086 1361 1217 1426 Θεὸς
1248 1360 1584 1430 οἰκτειρήσαι
1617 1358 1784 1429 ἡμᾶς,

200 1460 303 1515 καὶ
337 1459 626 1529 εὐλογῆσαι
683 1457 864 1528 ἡμᾶς,
925 1454 1187 1524 ἐπιφάναι
1249 1452 1310 1507 τὺ
1365 1452 1655 1521 πρόσωπον
1702 1452 1787 1521 ἐφ’

203 1554 380 1625 ἡμᾶς,
415 1550 508 1604 τοῦ
543 1549 748 1619 γνῶναι
779 1550 835 1603 ὲν
864 1550 930 1619 τῇ
973 1550 1043 1619 γῇ
1078 1546 1175 1617 τὴν
1207 1545 1323 1599 ὀδόν
1353 1560 1478 1608 σου,
1509 1544 1569 1595 ὲν
1620 1544 1786 1597 πᾶσιν

200 1645 388 1697 ἔθνεσι
419 1641 480 1696 τὸ
508 1639 774 1712 σωτήριόν
811 1656 927 1701 σου,
953 1658 971 1687 ι
1036 1637 1131 1691 καὶ
1160 1634 1227 1689 τὰ
1258 1634 1409 1705 ἑξῆς.
1442 1633 1509 1687 Ol.
1537 1631 1788 1705 μετέχον-

1883 451 1976 512 pto
1999 439 2267 496 velamine
2305 452 2497 493 servus
2525 436 2618 492 Dei
2659 450 2963 492 sermonem
2992 437 3059 493 ad
3085 437 3337 509 pupulum
3365 440 3464 494 ha-

1884 533 2083 589 buerit.
2109 531 2204 589 Sic
2225 531 2403 588 omnis
2436 530 2616 584 anima
2644 543 2765 599 qua:
2807 538 2917 584 tota
2955 530 3063 586 Deo
3097 532 3309 589 addicta
3352 542 3460 601 est,

1884 635 1939 681 et
1960 623 2026 680 ad
2044 625 2329 680 veritatem
2356 621 2476 692 ejus
2506 619 2754 691 plurimis
2780 619 3019 687 ignotam
3042 622 3298 689 accessit,
3324 624 3463 681 divi-

1883 717 2180 787 nitatisque
2202 715 2320 785 ejus
2345 714 2487 769 facta
2510 721 2591 768 est
2612 714 2908 783 particeps,
2930 713 3217 770 multorum
3240 726 3460 788 captum

1884 808 2119 877 excedit,
2140 810 2215 864 ita
2247 815 2307 863 ut
2332 804 2606 862 velamine
2633 816 2912 875 assumpto
2934 806 3132 875 dirigat
3150 807 3459 875 inferiores,

1885 915 1946 955 ea
1959 916 2077 972 quae
2092 900 2161 956 ad
2177 906 2396 969 captum
2416 896 2630 952 illorum
2646 905 2792 959 sunt,
2813 894 3155 964 proferendo.
3173 898 3265 954 Dei
3280 910 3461 955 autem

1887 993 2082 1049 faciem
2111 994 2174 1048 de
2212 1005 2319 1062 qua
2344 990 2550 1047 dictum
2583 996 2691 1054 est,
2718 996 2918 1060 etquae
2946 988 3218 1045 illuminat
3249 990 3467 1054 intellege

1889 1096 2034 1142 ctum
2065 1085 2155 1155 qui
2186 1085 2304 1153 ejus
2328 1082 2510 1139 radios
2549 1081 2798 1151 recipere
2829 1089 3027 1151 potest,
3054 1096 3175 1137 esse
3200 1083 3468 1154 cognitio-

1891 1175 1974 1230 nis
2004 1189 2225 1230 causam
2255 1174 2426 1243 liquet
2473 1186 2537 1228 ex
2596 1170 2683 1226 his
2735 1169 2923 1240 psalmi
2962 1171 3287 1241 sexagesimi
3325 1173 3466 1228 sexti

1890 1268 2071 1324 verbis
2105 1269 2149 1301 ⁸³
2177 1281 2193 1322 :
2226 1285 2245 1319 ι
2284 1269 2425 1323 Deus
2480 1265 2803 1320 misereatur
2856 1264 3050 1331 nostri,
3087 1274 3143 1319 et
3181 1264 3471 1321 benedicat

1890 1361 2069 1429 nobis,
2114 1360 2385 1415 illuminet
2414 1360 2620 1414 vultum
2653 1374 2809 1414 suum
2833 1372 2998 1428 super
3029 1370 3153 1423 nos,
3189 1366 3249 1411 ut
3274 1373 3471 1429 cogno-

1890 1469 2107 1511 scamus
2130 1455 2184 1509 in
2216 1463 2359 1509 terra
2394 1454 2534 1508 viam
2562 1462 2732 1519 tuam,
2753 1452 2808 1507 in
2831 1450 3088 1507 omnibus
3113 1451 3364 1522 gentibus
3384 1467 3473 1508 sa-

1892 1546 2066 1604 lutare
2105 1555 2279 1611 tuum,
2318 1564 2337 1599 ι
2388 1553 2442 1601 et
2497 1560 2619 1617 quae
2661 1554 2983 1615 sequuntur.
3030 1543 3132 1611 Qui
3165 1544 3266 1599 hoc
3310 1545 3472 1599 modo

1892 1639 2118 1695 luminis
2169 1648 2295 1694 sunt
2336 1637 2635 1707 participes
2670 1644 2725 1691 et
2775 1635 2956 1707 reipsa
2986 1636 3167 1691 dicere
3200 1646 3469 1707 possunt:

202 1754 302 1800 τες
344 1734 486 1789 οὕτω
534 1732 627 1787 τοῦ
678 1730 857 1802 φωτὸς
914 1730 1007 1784 ml.
1062 1728 1346 1799 δυνάμενοι
1390 1725 1785 1799 ἔργῳέίπεῖν,·

1905 1753 1918 1787 ι
1942 1731 2225 1802 Signatum
2249 1740 2333 1787 est
2346 1746 2511 1801 super
2538 1743 2636 1785 nos
2661 1729 2842 1783 lumen
2862 1728 3043 1783 vultus
3068 1728 3166 1796 tui,
3189 1728 3468 1794 Domine,»

210 1844 234 1879 ί
279 1822 621 1896 Ἐσημειώθη
651 1820 736 1891 ἐφ’
768 1821 917 1892 ἡμᾶς
942 1820 1003 1874 τὺ
1030 1818 1145 1889 φῶς
1176 1818 1269 1872 τοῦ
1327 1815 1617 1889 προσώπου
1668 1830 1785 1879 σου,

208 1918 408 1991 Κύριε,
442 1936 459 1968 ι
498 1916 668 1969 αίτιον
701 1912 759 1965 δν
786 1912 880 1965 τοῦ
946 1912 1110 1983 μηδὲν
1144 1909 1337 1965 παθεῖν
1392 1909 1450 1962 ὲν
1499 1906 1576 1979 τῷ
1613 1903 1790 1978 καιρῷ

204 2011 304 2066 τοῦ
332 2008 653 2075 κολάζεσθαι
688 2008 816 2070 τοὺς
846 2003 1104 2060 τοιούτων
1135 2000 1442 2074 φαρμάκων
1478 1998 1789 2069 δεομένους,

205 2102 394 2174 ἔχουσι
428 2101 490 2154 τὸ
515 2099 630 2169 φῶς
681 2091 726 2167 ᾧ
758 2094 1234 2165 κεκοινωνήκασιν.
1307 2085 1472 2160 Οἶμαι
1512 2087 1572 2141 δὲ
1635 2085 1794 2139 τοῦτο

208 2192 501 2265 δηλοῦσθαι
530 2193 587 2243 ὲν
616 2192 726 2253 τοῖς
765 2185 1032 2256 Ψαλμοῖς
1062 2183 1157 2237 καὶ
1189 2184 1247 2235 ὲν
1297 2180 1376 2251 τῷ
1417 2177 1701 2251 Ἰεζεκιήλο
1736 2177 1794 2230 ὲν

212 2286 318 2358 μὲν
350 2288 464 2348 τοῖς
503 2281 770 2352 Ψαλμοῖς
799 2279 989 2333 τοῦτον
1036 2275 1273 2347 τρόπον·
1330 2292 1348 2325 ι
1377 2272 1626 2334 Ἔδωκας
1683 2271 1794 2334 τοῖς

215 2374 574 2448 φοϐουμένοις
609 2390 667 2425 σε
712 2370 1051 2443 σημείωσιν,
1087 2364 1177 2419 τοῦ
1226 2364 1416 2434 φυγεῖν
1461 2359 1569 2414 ἀπὸ
1623 2374 1794 2430 προσ-

213 2472 371 2524 ώπου
392 2465 569 2532 τόξου,
594 2466 742 2528 ὅπως
770 2462 834 2517 ἂν
866 2456 1135 2532 ρυσθῷσιν
1164 2456 1213 2508 οἱ
1241 2451 1515 2523 ἀγαπητοί
1543 2466 1656 2503 σου·
1692 2469 1710 2501 ι
1738 2449 1796 2501 ἐν

208 2562 273 2614 δὲ
316 2559 394 2630 τῷ
428 2555 718 2627 Ἰεζεκιήλ·
778 2572 797 2605 ι
846 2552 958 2606 Καὶ
1002 2548 1129 2613 δόξα
1181 2545 1313 2601 Θεοῦ
1356 2542 1572 2615 Ἰσραὴλ
1626 2540 1794 2612 ἀνέϐη

212 2653 329 2708 ἀπὸ
355 2651 464 2704 τῶν
491 2647 806 2722 χερουϐεἱμ,
835 2646 869 2715 ἡ
888 2639 1021 2698 οῦσα
1046 2641 1133 2694 ἐπ’
1165 2636 1363 2701 αὐτῶν,
1394 2636 1473 2713 είς
1502 2633 1562 2688 τὸ
1588 2630 1798 2703 αἴθριον

211 2746 311 2801 τοῦ
345 2744 516 2799 οἴκου.
546 2742 658 2795 Καὶ
719 2738 943 2792 ἐκάλεσε
989 2734 1079 2788 τὸν
1111 2731 1280 2802 ἄνδρα
1340 2727 1437 2781 τὸν
1487 2722 1800 2779 ἐνδεδυκότα

212 2842 309 2893 τὸν
349 2836 581 2911 ποδήρη,
610 2833 669 2897 ὃς
697 2830 841 2903 εἶχεν
867 2828 961 2883 ἐπὶ
992 2826 1091 2897 τῆς
1123 2824 1322 2895 ὀσφύος
1351 2819 1514 2877 αὐτοῦ
1562 2817 1660 2888 τὴν
1696 2813 1801 2879 ζώ-

216 2950 339 3005 νην.
374 2932 485 2985 Καὶ
515 2926 635 2982 εἷπε
663 2925 800 2997 πρὸς
851 2921 1044 2976 αὐτόν·
1077 2917 1262 2971 Δίελθε
1317 2915 1487 2987 μέσην
1529 2912 1800 2982 Ἰερουσα-

218 2997 353 3095 λημ,
375 3022 470 3075 ml.
496 3020 583 3082 δὸς
610 3018 831 3089 σημεῖον
859 3012 952 3067 ἐπὶ
974 3010 1044 3064 τὰ
1080 3010 1307 3081 μέτωπα
1326 3004 1434 3058 τῷν
1466 2999 1675 3072 ἀνδρῶν
1692 2997 1801 3050 τῶν

221 3110 733 3176 καταστεναζόντων
783 3107 875 3161 ml.
929 3099 1385 3171 κατοδυνωμένων
1439 3094 1533 3148 ἐπὶ
1597 3091 1799 3151 πάσαις

218 3389 314 3443 τοῦ
349 3390 428 3451 εἰς
447 3386 544 3457 τὴν
571 3383 745 3446 πόλιν,
773 3380 865 3434 καί
892 3378 1143 3436 κόπτετε,
1173 3371 1268 3426 καὶ
1308 3369 1381 3442 μὴ
1413 3364 1657 3437 φείδεσθε
1690 3361 1801 3422 τοῖς

218 3451 516 3555 ὀφθαλμοῖς
546 3477 697 3549 ὑμῶν
716 3516 729 3539 ,
766 3474 855 3527 καὶ
888 3470 961 3543 μὴ
993 3469 1271 3539 ἐλεήσητε.
1301 3451 1801 3555 Πρεσϐύτερονκκοιὶ

219 3574 524 3634 νεανίσκον,
552 3568 647 3621 καὶ
681 3563 975 3636 παρθένον,
1004 3559 1099 3613 καὶ
1129 3560 1299 3629 νήπια
1318 3595 1333 3618 ,
1389 3552 1483 3606 καὶ
1537 3547 1800 3617 γυναῖκας

220 3632 578 3721 ἀποκτείνατε
630 3659 710 3720 εἰς
754 3632 1026 3719 ἐξάλειψιν
1057 3666 1070 3680 ο
1114 3649 1206 3701 ἐπὶ
1249 3646 1305 3699 δὲ
1339 3643 1545 3703 πάντας
1575 3636 1660 3707 ἐφ’
1714 3632 1807 3695 οῦς

220 3760 341 3811 ὲστι
368 3755 429 3807 τὸ
461 3752 705 3822 σημεῖον,
740 3748 814 3819 μὴ
858 3744 1133 3814 ἐγγίσητε,
1186 3738 1279 3791 καὶ
1313 3734 1423 3789 άπὸ
1476 3730 1598 3822 τῷν
1638 3726 1809 3822 ἁγίων

226 3866 329 3921 μου
374 3816 632 3917 ἄρξασθε.
678 3861 696 3892 t
851 3837 1017 3909 γὰρὴ
1050 3830 1310 3903 δεδομένη
1357 3825 1463 3881 άπὸ
1521 3821 1614 3876 τοῦ
1672 3816 1807 3921 Θεοῦ

227 3909 530 4011 σημείωσις
564 3936 675 3997 τοῖς
705 3925 1079 3996 εὐλαϐέσινςῆ
1109 3924 1162 3978 τί
1192 3922 1250 3975 τὸ
1277 3920 1500 3990 σημεῖον
1525 3914 1586 3967 τὸ
1618 3911 1710 3965 ἐπὶ
1740 3909 1809 4011 τά

230 4001 464 4103 μέτωπα
495 4026 769 4098 διδόμενον
803 4022 911 4075 τῶν
952 4019 1053 4090 τῆς
1100 4013 1358 4087 ἀληθείας
1410 4005 1663 4080 ζηλωτῶν
1714 4001 1810 4056 καὶ

1892 1842 2000 1897 quo
2024 1826 2083 1881 ﬁt
2134 1835 2195 1880 ut
2225 1824 2360 1879 nihil
2388 1823 2440 1878 in
2473 1831 2717 1892 tempore
2741 1835 3027 1892 poenarum
3070 1820 3352 1891 patiantur
3379 1819 3472 1891 qui

1894 1919 2193 1977 istiusmodi
2219 1914 2475 1972 remediis
2493 1914 2757 1984 indigent,
2777 1912 2983 1968 habent
3004 1911 3183 1967 lumen
3208 1913 3296 1968 cui
3323 1926 3474 1968 com-

1893 2012 2269 2069 municarunt.
2299 2007 2414 2063 Hoc
2436 2013 2615 2061 autem
2641 2004 2879 2060 arbitror
2907 2004 2961 2059 in
2991 2003 3225 2059 Psalmis
3250 2012 3306 2060 et
3333 2004 3474 2075 apud

1894 2101 2239 2160 Ezechielem
2287 2096 2635 2170 signiﬁcari;
2681 2096 2733 2150 in
2796 2094 3030 2151 Psalmis
3092 2095 3311 2167 quidem
3371 2096 3477 2150 hoc

1897 2195 2057 2250 modo
2083 2194 2128 2226 “
2160 2209 2173 2244 :
2209 2210 2229 2243 ‹
2269 2190 2471 2246 Dedisti
2510 2188 2877 2243 metuentibus
2908 2197 2959 2241 te
2997 2186 3472 2258 signiﬁcationem,

1899 2298 1957 2344 ut
1983 2286 2194 2358 fugiant
2222 2298 2251 2338 a
2281 2283 2423 2338 facie
2454 2295 2637 2345 arcus,
2672 2286 2732 2334 ut
2758 2279 3062 2335 liberentur
3084 2280 3269 2335 dilecti
3305 2279 3381 2334 tui
3412 2297 3426 2346 ;
3453 2299 3472 2333 ι

1899 2381 2040 2451 apud
2072 2377 2321 2434 Ezechiel
2345 2390 2476 2431 vero
2500 2375 2543 2406 ⁶⁷
2570 2390 2583 2427 :
2620 2390 2639 2424 ι
2676 2372 2745 2427 Ει
2769 2371 2943 2443 gloria
2975 2372 3067 2426 Dei
3092 2371 3257 2426 Israel
3286 2386 3482 2428 ascen-

1898 2475 1978 2530 dit
2003 2474 2068 2529 de
2097 2470 2397 2533 cherubim,
2430 2482 2550 2539 quae
2587 2476 2707 2523 erat
2730 2479 2893 2536 super
2926 2465 3065 2533 ipsa,
3088 2464 3140 2518 in
3167 2463 3362 2520 subdio
3385 2466 3482 2520 do-

1901 2583 2042 2624 mus.
2076 2566 2141 2620 Et
2168 2564 2386 2619 vocavit
2413 2563 2589 2617 virum
2624 2562 2873 2616 indutum
2921 2559 3147 2628 pudore,
3187 2559 3278 2628 qui
3312 2558 3483 2613 habe-

1900 2663 1993 2716 bat
2022 2674 2185 2729 super
2217 2657 2455 2711 lumbum
2507 2668 2663 2709 suum
2696 2666 2910 2706 zonam.
2944 2649 3013 2704 Et
3054 2649 3190 2705 dixit
3218 2650 3283 2704 ad
3313 2663 3438 2704 eum
3464 2666 3483 2705 :

1903 2752 2096 2807 Transi
2125 2748 2358 2805 mediam
2390 2744 2714 2813 Jerusalem,
2736 2753 2791 2799 et
2816 2744 2880 2798 da
2906 2741 3117 2813 signum
3140 2757 3307 2811 super
3336 2742 3487 2797 iron-

1908 2854 1989 2899 tes
2015 2842 2261 2896 virorum
2304 2836 2635 2911 gementium
2673 2843 2729 2890 et
2755 2833 3055 2889 dolentium
3085 2846 3253 2903 super
3276 2835 3488 2891 cunctis

1906 2935 2301 3008 iniquitatibus,
2341 2946 2462 3002 qua:
2488 2929 2623 2984 ﬁunt
2662 2928 2716 2982 in
2747 2927 2926 2982 medio
2979 2927 3246 2996 ipsorum.
3287 2925 3353 2980 Et
3382 2925 3489 2981 illis

1829 3060 1871 3117 ρ
1907 3029 2043 3084 dixit
2073 3026 2326 3081 audiente
2352 3037 2481 3077 me:
2516 3019 2593 3075 lte
2647 3026 2768 3088 post
2814 3031 2939 3073 eum
2989 3017 3043 3071 in
3095 3016 3374 3073 civitatem
3432 3029 3489 3073 et

1910 3118 2214 3190 percutite;
2251 3123 2305 3171 et
2335 3130 2440 3171 non
2468 3111 2677 3185 parcite
2703 3109 2876 3166 oculis
2903 3109 3125 3175 vestris,
3165 3118 3222 3165 et
3249 3124 3355 3165 non
3382 3109 3489 3165 mi-

1908 3214 2186 3270 seremini.
2222 3211 2441 3274 Senem,
2476 3206 2641 3279 575
2667 3214 2723 3260 et
2762 3205 3159 3263 adolescentem
3183 3245 3199 3272 ,
3231 3215 3287 3262 et
3321 3205 3488 3277 virgi-

1910 3323 2055 3373 nem,
2081 3316 2135 3361 et
2166 3303 2518 3375 parvulos,et
2549 3299 2805 3354 mulieres
2831 3298 3116 3353 interﬁcite
3150 3298 3217 3352 ad
3251 3298 3491 3351 interne-

1908 3400 2120 3456 cionem
2146 3413 2160 3450 :
2184 3410 2347 3467 super
2370 3406 2559 3448 omnes
2582 3399 2762 3445 autem
2794 3403 2958 3459 super
2984 3403 3118 3458 quos
3141 3397 3227 3442 est
3254 3387 3491 3457 signum,

1908 3508 1976 3549 ne
1999 3484 2536 3562 appropinquetis,et
2558 3498 2587 3537 a
2615 3481 2826 3539 sanetis
2852 3481 2989 3535 meis
3016 3477 3269 3557 incipite.
3295 3496 3313 3531 ι
3336 3475 3491 3544 Qum-

1909 3556 2300 3639 nam—estenim
2333 3574 2659 3647 significatio
2691 3588 2720 3627 a
2752 3572 2864 3628 Deo
2899 3556 3023 3627 data
3054 3568 3296 3641 piis?vel
3318 3569 3493 3639 quod-

1910 3690 2034 3731 nam
2072 3675 2289 3742 signum
2333 3667 2602 3724 frontibus
2649 3680 2839 3721 eorum
2893 3665 3217 3734 impressum
3261 3670 3367 3726 est,
3398 3662 3492 3731 qui

1908 3767 2192 3823 veritatem
2235 3762 2486 3832 diligunt,
2524 3769 2577 3814 et
2622 3767 2845 3829 propter
2879 3753 3057 3824 populi
3092 3751 3491 3823 transgressio-

1908 3877 2005 3917 nes
2037 3860 2243 3930 lugent,
2273 3856 2375 3911 nisi
2410 3851 2840 3910 communicatio
2889 3846 3194 3903 divinitatis
3222 3859 3385 3916 quam
3410 3858 3494 3900 re.

1908 3953 2116 4025 cipiunt
2141 3950 2177 4005 ii
2203 3950 2295 4019 qui
2322 3962 2453 4003 sane
2484 3947 2629 4001 illam
2656 3942 2963 4012 intelligunt
2996 3939 3020 3993 ι

228 4074 594 4191 ἔτεναζόντων
612 4074 720 4175 Γἐπὶ
771 4122 891 4181 ταῖς
924 4074 1264 4187 παραϐάσεσι
1299 4109 1418 4170 ταῖς
1452 4074 1769 4174 γινομέναις
1808 4099 1864 4150 ὲν
1896 4094 1975 4166 τῷ
2004 4091 2117 4163 λαῷ
2137 4130 2152 4156 ,
2198 4091 2231 4162 ἢ
2262 4090 2295 4160 ἡ
2341 4084 2598 4141 κοινωνία
2627 4082 2726 4156 τῆς
2760 4080 3033 4152 θειότητος
3062 4079 3142 4143 εἰς
3170 4079 3299 4143 τοὺς
3328 4074 3496 4146 ὑγιῶς

226 4218 398 4288 αὐτὴν
431 4214 682 4276 νοοῦντας
712 4209 911 4280 φθάνον
920 4224 985 4258 σα
1002 4222 1016 4270 ;

303 4283 567 4373 ’έδωκας
622 4299 1010 4372 εὐφροσύνην
1057 4296 1143 4361 εις
1190 4291 1305 4360 τὴν
1346 4286 1600 4359 καρδίαν
1638 4301 1757 4355 μου
1791 4322 1805 4347 ,
1840 4283 1886 4337 1)

229 4423 283 4458 κ.
313 4420 364 4456 τ.
399 4403 444 4453 ἑ.
508 4372 732 4466 Σῗυνᾴδει
767 4390 860 4445 τοῦ
901 4387 1082 4459 στίχου
1115 4384 1225 4454 (15)
1277 4383 1305 4434 ό
1335 4381 1459 4444 νοῦς
1486 4372 1566 4441 οἷς
1596 4378 1675 4438 εἰς
1712 4374 1800 4426 τὸν

228 4498 339 4572 πρὸ
364 4494 549 4549 τούτου
582 4491 909 4562 εἰρήκαμεν.
963 4484 1049 4535 Ἐν
1078 4481 1184 4552 γὰρ
1217 4478 1294 4549 τῷ
1328 4471 1684 4547 σημειοῦσθαι
1719 4466 1811 4521 ἐπὶ

226 4559 359 4652 τόῦς
407 4585 592 4655 ἁγίους
621 4559 822 4650 τὸφῶς
868 4574 960 4630 τοῦ
997 4571 1288 4646 προσώπου
1324 4565 1551 4636 Κυρίου,
1593 4562 1644 4615 τί
1686 4559 1813 4613 ἄλλο

228 4684 379 4738 ἐστὶν
419 4653 464 4750 ἢ⁷
499 4672 895 4747 εὐφραινομένη
947 4664 1179 4738 καρδία;
1229 4661 1406 4750 Ὅπερ
1464 4653 1811 4750 λαμϐάνομεν

229 4775 351 4831 ἀντὶ
377 4771 471 4826 τοῦ
522 4764 792 4838 νοητικοῦ,
821 4756 863 4829 ᾧ
885 4760 1083 4813 δίδοται
1107 4758 1140 4826 ἡ
1177 4749 1481 4823 εὐφροσύνη
1519 4743 1812 4815 θεωροῦντι

228 4868 365 4922 Θεὸν
398 4865 491 4919 καὶ
527 4834 807 4933 μετέχοντι
832 4854 931 4923 τῆς
959 4849 1231 4919 θειότητος
1261 4840 1445 4897 αὐτοῦ.
1483 4840 1558 4891 Οὐ
1618 4834 1811 4888 ταυτὸν

227 4958 287 5013 δέ
319 4959 435 5010 ἐστι
481 4926 557 5024 τῷ
604 4926 988 5019 εὐφραίνεσθαι
1037 4937 1264 5010 καρδίαν
1314 4933 1375 4987 τὸ
1428 4926 1812 5000 εὐφραίνεσθαι

231 5052 432 5122 σάρκα.
470 5023 559 5101 Ἑν
594 5045 691 5116 μὲν
724 5040 833 5111 γὰρ
864 5035 1066 5108 θεωρίᾳ
1096 5032 1293 5106 καρδία
1322 5026 1669 5099 εὐφραίνεται
1697 5041 1709 5052 ·
1756 5023 1814 5075 ὲν

228 5146 287 5198 δὲ
312 5114 424 5205 τοῖς
459 5114 661 5199 ὐλικοῖς
710 5130 960 5205 βρώμασί
997 5145 1057 5180 τε
1102 5127 1197 5180 ml.
1240 5124 1446 5193 πόμασι
1499 5118 1591 5170 ml.
1640 5114 1816 5185 μίξεσι

232 5235 374 5303 σάρξ
402 5229 771 5302 εὐφραίνεται,
821 5227 920 5297 τῆς
969 5219 1195 5293 καρδίας
1237 5209 1674 5303 πεπαχυμμένης
1722 5204 1818 5303 καὶ

235 5294 373 5399 πρδς
404 5294 628 5377 τὸνίῖδιον
655 5318 855 5387 ἀγαθὸν
878 5294 1346 5385 ’ἐμποδιζομένης
1368 5301 1549 5399 ΣΕπάν
1595 5294 1686 5352 οὖν
1726 5295 1817 5399 λέ-

233 5388 402 5492 τηται
464 5418 520 5469 ὲν
577 5414 759 5475 αὐτοῖς
792 5410 901 5472 τοῖς
934 5402 1219 5473 Ψαλμοῖς-⁸
1262 5418 1280 5450 ι
1327 5391 1481 5458 Οἷνος
1539 5388 1819 5462 εὐφραίνει

1988 4273 2154 4329 Vens.
2182 4268 2237 4322 7.
2282 4263 2487 4319 Dedisti
2518 4257 2761 4315 lwlitiam
2801 4258 2857 4312 in
2892 4258 3047 4312 corde
3076 4271 3208 4319 meo,
3247 4266 3351 4311 etc.
3387 4254 3498 4309 llu-

1913 4366 2003 4436 jus
2043 4356 2295 4416 versiculi
2332 4368 2522 4411 sensus
2554 4350 2826 4407 consentit
2849 4364 2970 4403 cum
3010 4348 3077 4401 iis
3114 4361 3234 4415 qua:
3271 4345 3323 4400 in
3358 4361 3498 4414 pra:-

1920 4455 2132 4512 cedenti
2182 4451 2439 4507 diximus.
2484 4449 2618 4503 Nam
2663 4444 2791 4517 quid
2821 4441 2965 4495 aliud
2994 4448 3077 4494 est
3102 4439 3283 4492 lumen
3319 4439 3499 4496 vultus

1922 4546 2138 4601 Domini
2169 4544 2441 4613 signatum
2483 4552 2645 4606 super
2683 4541 2922 4594 sanctos,
2965 4545 3127 4599 quam
3166 4543 3261 4584 cor
3299 4529 3499 4587 Iretitia:

1921 4639 2137 4710 plenum
2166 4636 2189 4690 ?
2221 4634 2374 4701 Quod
2399 4630 2695 4699 accipimus
2731 4639 2829 4694 pro
2858 4621 3157 4686 intellectu,
3184 4621 3271 4674 cui
3308 4621 3501 4677 tribui-

1922 4741 2010 4786 tur
2041 4729 2248 4793 laetitia,
2277 4728 2405 4782 dum
2441 4724 2608 4778 Deum
2656 4714 3057 4783 contemplatur
3114 4723 3168 4769 et
3196 4714 3500 4769 divinitatis

1921 4823 2035 4890 ejus
2067 4820 2341 4892 particeps
2375 4810 2841 4873 el'ﬁcitur.Diil’ert
2866 4816 3048 4861 autem
3093 4804 3279 4861 lmtitia
3319 4802 3500 4859 cordis

1922 4932 1951 4970 a
1983 4914 2168 4969 laetitia
2195 4911 2398 4967 carnis.
2418 4909 2473 4963 In
2501 4904 2958 4966 contemplatione
2980 4901 3124 4956 enim
3148 4899 3361 4955 laetatur
3383 4911 3498 4964 cor,

1925 5010 1979 5062 in
2034 5005 2267 5061 terrenis
2299 5017 2427 5057 vero
2466 5002 2602 5055 cibis
2634 5010 2693 5055 et
2737 4998 2953 5071 potibus
2992 5010 3058 5052 ac
3092 4994 3324 5050 coitibus
3355 4992 3502 5047 laeta-

1928 5109 2015 5153 tur
2070 5112 2222 5163 caro,
2260 5094 2423 5147 corde
2474 5092 2773 5147 incrassato
2798 5101 2852 5147 et
2882 5090 2947 5144 ad
2978 5087 3255 5159 proprium
3298 5083 3499 5138 bonum

1929 5189 2204 5260 impedito.
2237 5186 2374 5242 Cum
2411 5185 2575 5256 igitur
2606 5185 2659 5239 in
2686 5184 2878 5240 iisdem
2915 5180 3148 5237 Psalmis
3179 5177 3383 5232 dicitur
3416 5173 3499 5257 “7:

1934 5304 1951 5337 ι
1994 5283 2189 5338 Vinum
2222 5278 2458 5335 laniﬁuat
2486 5292 2581 5333 cor
2608 5278 2862 5343 hominis,
2884 5284 2940 5332 et
2968 5273 3123 5345 panis
3142 5285 3237 5326 cor
3268 5256 3506 5323 hominis

1927 5380 2234 5443 conﬁrmat,
2273 5397 2291 5430 ι
2317 5391 2504 5433 verum
2544 5388 2738 5447 panem
2771 5389 2878 5446 quo
2914 5384 3067 5428 mens
3098 5368 3282 5434 alitur,
3306 5372 3361 5419 et
3385 5361 3501 5419 fruo

311 5603 357 5636 "
378 5601 522 5657 Psal.
574 5614 719 5665 ιινι,
758 5597 810 5651 1.
886 5595 930 5625 ⁸³
960 5590 1105 5647 Psal.
1136 5603 1250 5652 th,
1275 5584 1326 5639 6.
1403 5583 1444 5615 θ’
1479 5579 1675 5634 Ezech.
1716 5593 1791 5639 ιχ,

1905 5582 1938 5627 :t
1970 5585 2124 5639 seqq.
2202 5567 2245 5597 ⁵⁸
2270 5564 2412 5621 Psal.
2453 5579 2568 5632 cnt,
2607 5563 2696 5617 15.

312 5774 700 5849 (15)Συνᾲδει
734 5773 839 5828 τοῦ
876 5771 1113 5839 στίχου,
1153 5774 1259 5824 etc.
1294 5761 1473 5820 Codex
1523 5756 1799 5813 Bal-utciat

1945 5750 2131 5806 Daniel
2155 5748 2459 5816 Barbarus”
