3986 6384
574 244 704 302 1167

1955 230 2045 285 EX
2092 229 2414 285 ORIGENE.

3689 229 3829 284 “63

569 372 715 416 ctum
746 359 868 415 vitis
903 371 1044 413 vera:
1087 353 1443 410 inebriantem
1473 359 1533 404 ut
1561 345 1939 408 fortissimum,
1972 345 2129 398 intel-

2242 340 2463 411 καρδίαν
2506 340 2788 410 ἀνθρώπου
2813 381 2828 402 ,
2881 341 2974 394 καὶ
3029 341 3191 412 ἄρτος
3244 340 3470 412 καρδίαν
3527 339 3828 412 ἀνθρώπου

571 453 735 524 ligere
763 459 994 522 oportet.

2240 432 2501 504 στηρίξει,
2545 452 2563 484 ι
2596 433 2687 486 τὸν
2713 431 2963 503 ἀληθινὸν
3005 433 3168 504 ἄρτον
3203 434 3422 504 νοητέον
3463 432 3832 506 τροφιμώτα-

567 564 660 602 τον
687 548 817 601 δντα
847 550 912 618 τῇ
939 544 1166 616 διανοίᾳ.
1195 541 1289 595 καὶ
1319 539 1382 594 τὸ
1408 537 1652 608 γέννημα
1670 535 1770 605 τῆς
1797 531 2051 603 ἀληθινῆς
2077 528 2318 599 ἀμπέλου
2350 527 2616 599 μεθύσκον
2643 527 2718 589 ὡς
2745 527 3053 598 κράτιστον.

629 649 794 704 Vens.
813 647 868 702 8.
903 647 945 700 Α
976 645 1154 714 fructu
1181 640 1453 702 frumenti,
1473 637 1601 702 uini,
1623 643 1673 689 et
1707 633 1808 688 olei
1840 628 2139 698 sui,multi—

557 740 740 812 plicati
778 748 923 802 sunt,
959 746 1067 792 etc.
1111 735 1165 802 In
1198 732 1459 795 Hebraeo,
1496 747 1515 780 ι
1555 743 1584 782 a
1619 736 1886 796 tempore,
1922 744 1941 777 ι
1974 722 2139 778 habe-

559 847 667 890 tur.
717 834 920 890 Verum
961 826 1318 896 Septuaginta
1360 823 1463 878 hoc
1513 819 1675 876 modo
1719 815 2135 877 transtulerunt,

559 935 614 982 ut
649 925 812 992 totius
853 920 1134 979 sententize
1167 929 1358 972 sensus
1389 913 1476 968 hic
1516 913 1587 967 sit
1618 929 1633 967 :
1668 911 1728 967 In
1765 919 2010 980 tempore
2031 921 2139 977 quo

557 1014 836 1077 frumenti,
862 1011 1052 1068 hordei
1103 1018 1159 1063 et
1188 1004 1520 1077 leguminum
1548 1003 1788 1060 omnium
1815 1000 2008 1056 messis
2032 1007 2136 1060 est,

557 1103 902 1175 multiplicati
933 1109 1080 1156 sunt.
1109 1097 1212 1164 Qui
1257 1096 1312 1151 in
1343 1105 1588 1163 tempore
1629 1107 1940 1148 mensuram
1975 1088 2136 1144 tritici

557 1196 918 1267 accipiebant,
950 1207 980 1246 a
1027 1200 1270 1259 tempore
1309 1186 1475 1242 tritici
1515 1185 1856 1255 multiplicati
1895 1193 2045 1247 sunt,
2076 1195 2139 1236 eo

555 1292 701 1360 quod
721 1285 1095 1359 opportunitas
1128 1279 1390 1351 temporis
1427 1280 1509 1334 eis
1542 1281 1609 1332 ad
1641 1275 2136 1346 multiplicationem

557 1383 910 1439 conduceret.
954 1376 1067 1432 Hoc
1109 1374 1252 1429 idem
1292 1372 1361 1428 de
1400 1371 1530 1426 vino
1563 1384 1657 1426 cor
1687 1369 1927 1424 hominis
1971 1369 2139 1422 laetiti-

557 1479 716 1527 cante
753 1465 1040 1524 dicendum
1067 1475 1174 1523 est.

2323 622 2456 678 Ἀπὸ
2485 619 2719 690 καρποῦ
2750 618 2947 684 σίτου,
2977 619 3170 683 οἶνον,
3214 617 3314 673 καὶ
3357 618 3588 672 ἐλαίου
3644 616 3846 672 αὐτῶν

2240 715 2732 784 ἐπληθύνθησαν,
2787 731 2843 767 κ.
2894 732 2947 768 τ.
2994 713 3040 767 ι.
3102 712 3190 765 Ἐν
3243 710 3322 782 τῷ
3384 709 3681 782 mapasz
3717 709 3842 778 (te),

2248 827 2265 862 t
2302 807 2411 862 ἀπὸ
2436 806 2653 879 καιροῦ,
2687 827 2706 860 ι
2742 802 2877 878 εἶχε.
2927 806 3038 860 Καὶ
3065 806 3116 859 oi
3161 804 3582 876 Ἐὃδομήκοντα
3612 803 3675 856 δὲ
3705 804 3840 856 οὕτω

2238 898 2569 963 τεθείκασιν,
2600 898 2676 962 ὥς
2709 899 2808 970 τῆς
2841 897 2968 968 ὅλης
2999 895 3198 961 λέξεως
3225 891 3365 949 εἶναι
3392 896 3487 948 τὸν
3505 894 3645 948 νοῦν
3671 893 3836 948 moll

2239 1008 2358 1045 τον·
2421 992 2512 1045 Ἐν
2564 990 2643 1062 τῷ
2693 989 2871 1062 καιρῷ
2926 987 3446 1059 τῶν-θεριζομένων
3497 986 3838 1058 σπερμάτων

2242 1087 2388 1141 σίτου
2439 1087 2535 1142 καὶ
2578 1087 2900 1159 κριθῆς,καὶ
2934 1085 3043 1139 τῶν
3073 1085 3315 1156 ὀσπρίων
3344 1085 3580 1138 πάντων
3608 1082 3834 1144 τούτων,

2242 1177 2679 1249 ὲπληθύνθησαν.
2705 1178 2770 1231 Οί
2801 1180 2858 1231 ὲν
2889 1176 2967 1248 τῷ
2987 1175 3164 1246 καιρῷ
3194 1174 3255 1226 τὸ
3296 1173 3660 1243 σιτομέτριον
3708 1171 3836 1240 λαμ-

2207 1270 2492 1335 ’6ἀνοντες
2537 1270 2644 1323 ἀπὸ
2679 1267 2871 1341 καιροῦ
2929 1268 3076 1322 σίτου
3126 1265 3570 1336 ἐπληθύνθησαν,
3632 1264 3730 1317 διὰ
3783 1263 3834 1317 τὸ

2239 1358 2496 1428 εὔκαιρον
2545 1359 2624 1422 είς
2677 1357 2994 1428 πληθυσμδν
3038 1356 3429 1428 ὠφελούμενοι.
3476 1355 3733 1426 Ὁμοίως
3784 1356 3832 1408 δὲ

2239 1451 2332 1502 καὶ
2363 1451 2489 1522 περὶ
2522 1449 2666 1502 οἴνου
2695 1448 2789 1502 τοῦ
2836 1449 3218 1522 εὐφραίνοντος
3249 1447 3479 1520 καρδίαν
3539 1447 3830 1520 ἀνθρώπου

2238 1543 2569 1598 διαλεκτέον.

630 1654 791 1708 Vens.
812 1653 866 1716 9,
897 1652 983 1706 10.
1008 1651 1074 1704 In
1098 1665 1222 1720 pace
1253 1650 1307 1703 in
1331 1648 1555 1715 idipsum
1575 1645 1833 1700 dormiam
1861 1653 1906 1697 et
1938 1641 2133 1712 requie-

2265 1698 2285 1714 .
2324 1639 2420 1692 Ἑν
2459 1637 2666 1707 εἰρήνῃ
2737 1637 2834 1691 ἐπὶ
2891 1637 2957 1692 τὸ
3014 1637 3162 1692 αὐτὸ
3213 1636 3692 1708 κοιμηθήσομαι,
3741 1637 3826 1691 καὶ

556 1761 732 1802 ccam:
753 1746 999 1816 quoniam
1022 1753 1104 1807 tu,
1135 1741 1380 1805 Domine,
1405 1739 1745 1810 singulariter
1766 1737 1818 1790 in
1842 1752 1931 1805 spe
1949 1735 2140 1788 conui—

557 1837 704 1890 luisti
731 1851 830 1903 me,
858 1844 963 1891 etc.
994 1831 1050 1888 Si
1075 1849 1141 1889 ex
1169 1845 1404 1901 persona
1433 1828 1637 1886 Christi
1657 1827 1897 1899 psalmus
1915 1825 2135 1890 dicitur,

555 1929 850 1984 secundum
899 1924 1360 1993 magniﬁcentiam
1403 1935 1524 1992 quae
1553 1919 1630 1974 illi
1663 1936 1690 1974 a
1735 1918 1897 1974 Patre
1928 1919 2138 1973 incom-

555 2017 813 2088 parabilis
842 2015 1035 2071 tradita
1061 2023 1168 2082 est,
1197 2015 1270 2068 ita
1303 2023 1362 2068 ut
1399 2025 1556 2067 nemo
1585 2011 1757 2081 possit
1781 2025 1997 2064 omnem
2022 2007 2138 2075 ejus

555 2109 985 2180 magnitudinem
1025 2104 1504 2176 comprehendere,
1562 2111 1956 2172 consequenter
2003 2103 2078 2156 ait
2119 2119 2134 2156 :

559 2222 578 2256 ι
603 2201 962 2272 Singulariter
975 2197 1303 2256 constituisti
1325 2210 1439 2261 me;
1468 2214 1487 2248 ι
1510 2210 1698 2251 verum
1718 2195 1762 2250 si
1781 2211 1846 2250 ex
1865 2194 2140 2263 pr0phetze

554 2307 813 2363 persona,
845 2289 1102 2345 existimo
1135 2285 1430 2358 signiﬁcari
1475 2284 1758 2340 raritatem
1807 2285 2134 2348 sanctitatis,

553 2395 608 2441 et
637 2383 879 2438 maxime
903 2383 958 2436 in
997 2377 1441 2451 generationibus
1480 2384 1850 2446 peccatorum,
1881 2377 2140 2443 quemad-

555 2475 777 2531 modum
829 2472 1168 2543 temporibus
1216 2470 1342 2526 Elia:
1390 2469 1612 2534 accidit,
1651 2469 1744 2539 qui
1803 2468 2134 2523 dicebat":

561 2586 580 2619 ι
628 2566 872 2632 Domine,
903 2565 1198 2635 prophetas
1238 2572 1358 2618 tuos
1385 2562 1805 2626 interfecerunt,
1837 2561 2136 2616 altariatua

557 2659 964 2722 destruxerunt,
996 2665 1052 2710 et
1071 2670 1175 2724 ego
1209 2654 1430 2710 relictus
1451 2669 1571 2708 sum
1600 2653 1798 2708 solus.»
1822 2651 1986 2707 Forte
2013 2666 2139 2707 vero

553 2749 646 2818 qui
676 2749 924 2805 bravium
959 2749 1159 2817 accipit
1191 2757 1354 2816 atque
1390 2746 1646 2802 omnibus
1689 2745 1805 2801 suis
1849 2747 2139 2801 coaetaneis

554 2841 804 2909 superior
851 2838 1089 2904 exsistit,
1138 2838 1282 2892 hunc
1314 2838 1505 2907 psalmi
1541 2835 1870 2892 versiculum
1904 2850 2139 2904 pronun-

556 2933 730 2987 tiabit.
771 2931 902 2986 Illud
955 2938 1174 2992 autem,
1220 2946 1239 2980 ι
1289 2928 1344 2983 in
1381 2943 1497 2998 spe,
1533 2946 1553 2981 ι
1605 2930 1650 2984 si
1697 2927 1945 2984 Salvator
1995 2930 2138 2983 dicat

2240 1728 2531 1785 ὑπνώσω·
2568 1730 2656 1783 ὅτι
2679 1730 2784 1794 σὺ,
2814 1731 3018 1798 Κύριε,
3071 1731 3223 1784 κατὰ
3253 1731 3448 1800 μόνας
3484 1731 3588 1784 ἐπ’
3632 1730 3829 1784 ἐλπίδι

2241 1821 2580 1889 κατῴκισάς
2603 1841 2699 1893 με,
2735 1841 2788 1877 κ.
2815 1840 2867 1876 τ.
2898 1824 2947 1877 ἐ.
2991 1821 3117 1876 Ἐὰν
3153 1822 3250 1891 μὲν
3274 1825 3339 1876 ὲκ
3365 1822 3681 1893 προσώπου
3729 1823 3828 1892 (IT)

2240 1913 2334 1967 τοῦ
2358 1914 2596 1987 Χριστοῦ
2618 1915 2646 1967 ὁ
2661 1914 2873 1986 ψαλμὸς
2889 1914 3296 1986 ἀπαγγέλληται
3327 1913 3468 1968 κατὰ
3490 1915 3600 1987 τὴν
3623 1915 3827 1985 διδομέο

2241 2025 2339 2079 νην
2367 2007 2516 2079 αὐτῷ
2541 2007 2934 2079 μεγαλειότητα
2951 2007 3058 2060 ἀπὺ
3082 2005 3175 2060 τοῦ
3203 2006 3414 2078 Πατρδς
3435 2006 3828 2078 ἀπαράὃλητον

2238 2099 2425 2166 οὖσαν,
2460 2101 2599 2155 ὥστε
2649 2102 2853 2174 μηδένα
2881 2101 3138 2155 δύνασθαι
3169 2101 3262 2155 τοῦ
3313 2101 3515 2166 παντὸς
3541 2101 3644 2154 τοῦ
3677 2103 3828 2172 μεγέ-

2240 2193 2366 2258 θους
2396 2193 2560 2248 αὑτοῦ
2596 2193 2938 2264 μεταλαϐεῖν,
2975 2192 3282 2256 ἀκολούθως
3310 2193 3444 2264 φησὶ
3473 2191 3560 2259 τὸ,
3620 2213 3642 2244 ‹
3679 2195 3828 2247 Κατά

2243 2287 2406 2358 μόνας
2424 2285 2732 2358 κατῴκισάς
2760 2303 2845 2357 με.
2878 2305 2895 2339 ι
2944 2287 3006 2340 El
3034 2285 3087 2339 δέ
3121 2287 3184 2339 ὲκ
3214 2284 3504 2356 προσώπου
3553 2284 3656 2338 τοῦ
3707 2304 3828 2356 προ-

2241 2379 2432 2448 φήτου,
2489 2373 2641 2447 οἶμαι
2693 2376 2982 2448 δηλοῦσθαι
3021 2377 3083 2430 τὸ
3137 2375 3359 2430 σπάνιον
3387 2375 3482 2430 τοῦ
3524 2378 3824 2449 ἀγιασμσῐ,

2240 2471 2333 2523 καὶ
2368 2469 2602 2540 μάλιστα
2637 2471 2693 2521 ἐν
2730 2471 2940 2538 γενεαῖς
2972 2468 3330 2540 ἁμαρτωλῶν,
3370 2471 3559 2522 ὁποῖον
3583 2465 3658 2540 ἦν
3689 2471 3751 2523 τὸ
3775 2475 3826 2522 ὲν

2239 2563 2358 2622 ταῖς
2383 2560 2615 2631 ἡμέραις
2653 2560 2831 2613 Ἠλίου
2855 2560 3106 2629 λέγοντος
3124 2578 3136 2590 ·
3173 2579 3192 2611 t
3231 2560 3423 2632 Κύριε,
3453 2563 3588 2624 τοὺς
3615 2564 3828 2633 προφή-

2237 2671 2336 2716 ταξ,⁹
2367 2670 2459 2706 σου
2476 2653 2827 2716 ἀπέκτειναν,
2853 2653 2920 2706 τὰ
2937 2653 3301 2725 θυσιαστήριά
3329 2670 3421 2706 σου
3445 2655 3824 2724 κατέσκαψαν,

2238 2747 2331 2799 καὶ
2357 2745 2469 2815 ἐγὼ
2494 2744 2810 2818 ὐπελήφθην
2849 2747 3028 2819 μόνος.
3062 2765 3079 2798 ι
3107 2748 3260 2817 Τάχα
3292 2747 3348 2801 δὲ
3394 2748 3489 2800 καὶ
3529 2749 3559 2801 ὁ
3606 2746 3826 2820 λαμϐαο

2238 2857 2344 2894 νων
2368 2840 2427 2893 τὺ
2472 2840 2751 2911 βραϐεῖον,
2789 2841 2882 2893 καὶ
2935 2841 3074 2912 ὑπὲρ
3124 2842 3249 2904 τοὺς
3283 2839 3424 2893 κατὰ
3477 2839 3584 2912 τὴν
3629 2841 3825 2895 ἑαυτοῦ

2237 2935 2430 3004 γενεὰν
2455 2936 2779 3008 γενόμενος,
2817 2937 2934 3007 ἐρεῖ
2963 2935 3062 3007 τὴν
3091 2935 3236 3000 λέξιν
3282 2925 3484 3006 ταύτην
3543 2935 3644 2990 τοῦ
3695 2937 3828 3006 ψαλο

553 3025 716 3098 575
765 3024 1060 3082 secundum
1121 3030 1454 3090 assumptam
1511 3021 1938 3087 humanitatem,
2002 3021 2133 3075 nihil

2242 3027 2366 3098 μοῦ.
2402 3028 2475 3081 Te
2504 3012 2600 3093 δὲ,
2640 3047 2658 3080 ι
2693 3030 2778 3082 ἐπ’
2817 3029 3013 3092 ἐλπίδι,
3049 3047 3068 3082 ι
3124 3030 3219 3084 ἐὰν
3247 3029 3344 3100 μὲν
3380 3031 3410 3083 δ
3440 3030 3637 3102 Σωτὴρ
3693 3029 3826 3103 λέγε

553 3119 752 3173 mirum
796 3132 921 3173 eum
958 3123 1268 3186 sperantem
1311 3114 1428 3169 fore
1459 3123 1518 3168 ut
1550 3114 1604 3168 in
1625 3113 1904 3184 proprium
1933 3121 2134 3167 statum

555 3211 900 3272 restituatur,
941 3208 1123 3264 dicere
1145 3223 1206 3263 se
1245 3223 1274 3262 a
1309 3207 1419 3263 Deo
1460 3223 1479 3258 ι
1517 3207 1572 3260 in
1599 3221 1694 3277 spe
1729 3225 1749 3259 ι
1781 3205 2134 3260 constitutum

551 3315 696 3368 esse,
717 3301 870 3372 juxta
912 3299 1039 3356 illud
1078 3299 1155 3353 τοι
1185 3317 1206 3350 ι
1241 3299 1492 3355 Clarilica
1531 3314 1638 3367 me,
1666 3302 1848 3360 Pater,
1885 3296 2136 3352 claritate

551 3407 715 3460 quam
759 3391 942 3456 habui,
971 3391 1284 3462 priusquam
1339 3391 1573 3446 mundus
1625 3397 1794 3455 esset,
1825 3389 1965 3460 apud
2001 3397 2072 3443 te.
2109 3405 2129 3439 ι

551 3487 742 3544 Potest
775 3487 942 3543 etiam
981 3504 1010 3540 ιι
1049 3485 1332 3543 Salvatore
1355 3485 1460 3541 dici
1495 3484 1637 3541 istud
1665 3502 1684 3536 ‹
1715 3482 2087 3553 singulariter,
2109 3501 2128 3534 ι

551 3577 624 3634 ob
665 3585 877 3648 tempus
922 3593 1030 3646 quo
1077 3590 1268 3632 omnes
1323 3573 1440 3644 ejus
1489 3575 1739 3644 discipuli
1779 3572 2133 3630 scandalizati

552 3678 680 3726 sunt
722 3681 778 3726 et
816 3669 992 3740 ipsum
1032 3669 1410 3726 deseruerunt.
1443 3666 1556 3724 Nec
1592 3668 1770 3723 minus
1799 3666 1930 3722 illud
1961 3664 2133 3720 mani-

555 3762 753 3817 festum
791 3771 896 3826 est,
929 3760 1147 3816 etiamsi
1187 3775 1219 3816 a
1252 3759 1522 3830 Propheta
1555 3758 1768 3814 dicatur
1802 3774 1821 3808 ι
1857 3757 1911 3811 in
1953 3769 2072 3826 spe,
2107 3775 2125 3808 ι

551 3868 677 3909 cum
695 3853 874 3909 omnis
893 3861 1116 3908 sanctus
1133 3860 1353 3923 propter
1372 3850 1698 3906 charitatem
1720 3848 1902 3906 omnia
1924 3856 2129 3919 speret.

1133 4055 1455 4114 PSALMUS
1489 4056 1551 4112 ν.

624 4151 788 4206 Vens.
816 4151 868 4216 l,
897 4151 953 4217 2,
975 4151 1030 4206 5.
1070 4148 1237 4205 Verba
1269 4167 1381 4205 mea
1404 4153 1620 4207 auribus
1639 4154 1858 4222 percipe,
1885 4154 2129 4219 Domine,

551 4241 782 4312 intellige
803 4240 1083 4296 clamorem
1100 4255 1294 4298 meum.
1311 4240 1535 4296 Intende
1560 4245 1672 4296 voci
1699 4244 1957 4300 orationis
1981 4262 2131 4312 metu,

2236 3119 2378 3174 κατά
2399 3121 2496 3192 τὴν
2528 3121 2864 3191 οἰκονομίαν,
2895 3121 2956 3175 οὐ
2985 3121 3295 3193 θαυμαστὸν
3326 3121 3620 3188 ἐλπίζοντα
3665 3124 3826 3176 αὐτὸν

2233 3210 2335 3278 τὴν
2389 3209 2522 3264 ἰδίαν
2573 3212 3015 3266 ἀποκατάστασιν
3065 3211 3244 3281 λέγειν
3271 3214 3357 3264 ἐπ’
3413 3211 3595 3266 ἐλπίδι
3644 3229 3824 3283 κατῳ-

2237 3301 2418 3355 κίσθαι
2449 3303 2552 3356 ὑπὸ
2575 3302 2667 3356 τοῦ
2698 3303 2857 3367 Θεοῦ,
2879 3303 3021 3358 κατὰ
3051 3305 3130 3364 τὸ,
3169 3323 3188 3356 t
3217 3302 3450 3370 Δόξασόν
3479 3321 3552 3374 με
3573 3345 3588 3368 ,
3623 3303 3822 3376 Πάτερ,

2236 3396 2302 3465 τῇ
2325 3393 2452 3466 δόξα
2554 3390 2698 3464 εἶχον
2726 3395 2830 3468 πρὸ
2861 3395 2954 3450 τοῦ
3008 3395 3211 3467 κόσμον
3255 3391 3392 3450 εἶναι
3448 3397 3606 3469 παρά
3667 3397 3770 3451 σοί.
3800 3417 3818 3451 ι

2237 3487 2470 3542 Δύναται
2508 3488 2760 3559 μέντοιγε
2798 3509 2815 3540 ι
2847 3488 2988 3543 κατά
3013 3489 3181 3561 μόνας
3215 3510 3234 3542 ι
3264 3489 3522 3559 λέγεσθαι
3558 3491 3671 3543 ὑπὸ
3718 3491 3823 3544 Σω-

2235 3576 2399 3648 τῆρος
2425 3578 2514 3632 διὰ
2542 3578 2632 3632 τὸν
2663 3579 2853 3652 καιρὸν
2881 3580 2942 3634 ὃν
2972 3581 3174 3646 πάντες
3227 3582 3740 3652 ἐσκανδαλίσθησαν
3775 3585 3817 3634 οξ

2241 3667 2479 3740 μαθηταὶ
2504 3667 2666 3722 αὐτοῦ
2691 3669 3083 3732 καταλιπόντες
3115 3671 3295 3725 αὐτόν.
3326 3672 3504 3741 Σαφὲς
3533 3671 3618 3737 δὲ,
3651 3671 3756 3726 κᾶν
3791 3673 3818 3724 ὀ

2240 3761 2529 3832 Προφήτης
2556 3761 2694 3836 λέγῃ
2723 3779 2826 3826 τις,
2848 3763 2927 3824 τὸ,
2969 3781 2989 3814 t
3018 3763 3106 3816 ἐπ’
3129 3762 3325 3827 ἐλπίδι,
3360 3784 3378 3816 ι
3413 3764 3624 3827 παντὸς
3665 3765 3816 3832 ἁγίου

2239 3849 2328 3904 διὰ
2350 3850 2447 3922 τὴν
2475 3852 2694 3924 ἀγάπην
2721 3853 2896 3907 πάντα
2915 3853 3245 3920 ἐλπίζοντος.

2818 4057 3110 4144 ΨΑΛΜΟΣΞ
3155 4059 3228 4112 Ε’.

2314 4149 2392 4205 Τὰ
2405 4149 2645 4220 ῥήματά
2681 4167 2802 4220 μου
2851 4148 3164 4214 ἐνώτισαι,
3213 4149 3412 4218 Κύριε,
3469 4151 3666 4218 mire;-
3712 4151 3812 4220 τῆς

2235 4241 2506 4313 κραυγῆς
2542 4259 2682 4312 μουο
2730 4243 3007 4311 Πρόσχες
3058 4241 3130 4310 τῇ
3177 4240 3347 4312 φωνῇ
3386 4239 3495 4311 τῆς
3552 4242 3811 4311 δεήσαίις

551 4349 644 4389 rea:
673 4349 819 4388 meus
844 4341 893 4388 et
933 4331 1074 4388 Deus
1127 4348 1294 4398 meus,
1322 4341 1433 4388 etc.
1467 4331 1938 4390 Considerandum
1971 4336 2131 4392 nobis

2242 4353 2371 4403 μου,
2405 4337 2439 4389 ὁ
2458 4335 2758 4402 ,βασιλεὺς
2778 4352 2898 4405 μου
2921 4333 3022 4388 καὶ
3054 4337 3087 4389 ὁ
3115 4336 3259 4402 Θεός
3280 4353 3421 4404 μου,
3446 4351 3502 4390 κ.
3533 4351 3585 4390 τ.
3616 4337 3666 4389 ὲ.
3698 4334 3812 4408 Χρὴ

551 4438 635 4481 est
658 4424 872 4495 qualem
919 4425 1123 4480 habere
1157 4437 1388 4482 necesse
1424 4424 1494 4480 sit
1526 4426 1791 4496 spiritalis
1837 4429 1985 4484 vocis
2013 4444 2128 4484 ma-

2242 4429 2380 4498 ήμᾶς
2409 4428 2610 4481 ἐννοεῖν
2636 4427 2748 4499 (18)
2780 4429 2963 4482 ὁποῖον
2985 4425 3215 4498 μέγεθος
3241 4425 3439 4498 νοητῆς
3465 4428 3652 4500 φωνῆς
3676 4427 3812 4508 ἔχειν

551 4518 915 4587 gnitudinem,
965 4531 1070 4587 qua
1122 4515 1216 4572 Dei
1257 4515 1670 4587 intelligentiam
1721 4533 2122 4589 provocemus:

555 4607 682 4663 item
719 4607 1025 4680 huiusmodi
1069 4610 1234 4664 verba
1265 4623 1387 4678 quae
1424 4607 1656 4665 Domino
1693 4609 2042 4676 conveniant,
2073 4617 2128 4665 et

552 4714 740 4754 vocem
767 4699 1165 4769 deprecationis
1196 4699 1251 4756 in
1279 4699 1489 4755 Domini
1518 4700 1822 4756 attentione
1852 4701 2130 4759 conliden-

558 4800 687 4846 tem.
715 4789 886 4847 Nemo
920 4803 1100 4850 autem
1127 4795 1220 4863 qui
1250 4810 1281 4850 a
1314 4801 1536 4863 peccato
1567 4794 1952 4862 regitur,dicet
1980 4796 2125 4852 Deo:

560 4897 580 4931 ι
618 4879 735 4935 Rex
785 4897 974 4948 meus;
1009 4901 1027 4935 ›
1067 4892 1120 4938 et
1169 4897 1400 4954 quorum
1443 4879 1579 4938 deus
1617 4893 1808 4938 venter
1841 4893 1955 4948 est,
1985 4884 2126 4940 haud

554 4971 738 5027 dicent
767 4973 878 5028 Deo
907 4990 922 5030 :
967 4993 985 5025 ‹
1017 4973 1157 5030 Deus
1180 4987 1351 5028 meus.
1385 4991 1404 5026 ι

626 5061 792 5118 Vens.
821 5065 872 5120 4.
916 5063 1076 5120 Mane
1123 5064 1374 5118 exaudies
1425 5079 1598 5118 vocem
1645 5079 1836 5130 meam,
1871 5073 1974 5119 etc.
2025 5064 2128 5132 Qui

552 5155 747 5225 abiecit
778 5171 940 5228 opera
971 5157 1317 5212 tenebrarum
1349 5164 1403 5210 et
1431 5154 1606 5211 induit
1655 5171 1805 5209 arma
1834 5155 1994 5223 lucis,
2015 5157 2128 5210 haec

551 5250 714 5305 verba
745 5247 1002 5319 proferat.

622 5364 667 5396 ⁶⁹
693 5361 762 5416 Ill
785 5364 916 5433 Reg.
951 5378 1063 5424 xix,
1094 5362 1181 5416 l0.
1258 5363 1304 5399 "°
1334 5360 1495 5418 Joan.
1521 5379 1655 5431 xvtt,
1679 5363 1736 5422 5.

627 5453 1310 5525 (16)-ἘντῷῂῈΰραϊκῷ,
1369 5465 1474 5507 etc.
1527 5455 1736 5525 Partim
1809 5456 2126 5521 Corderius.

553 5522 730 5647 god?
748 5522 880 5590 Roe,
903 5535 956 5578 et
982 5523 1285 5590 Barbarus;
1314 5526 1493 5580 omnia
1525 5524 1716 5580 Latine
1742 5539 1962 5583 exstant
1989 5531 2130 5600 apud

603 5611 663 5648 ar
703 5609 876 5647 arum.

628 5633 928 5736 (διίῆ
964 5663 1105 5736 per;
1135 5664 1204 5718 ἐκ
1257 5663 1602 5732 προσώπου,
1659 5675 1764 5723 etc.
1817 5669 2137 5736 Cordcrius,‘

556 5732 853 5800 Barbarus.
881 5742 1049 5792 codex
1074 5733 1207 5790 Roe.

2234 4520 2334 4584 δεῖ,
2398 4522 2484 4590 ἐφ’
2513 4513 2558 4589 ᾧ
2583 4519 2905 4594 καλέσωμεν
2933 4519 3031 4592 τὴν
3063 4519 3279 4575 σύνεσιν
3324 4519 3418 4573 τοῦ
3481 4518 3620 4573 Θεοῦ
3649 4537 3663 4548 ·
3722 4521 3812 4576 καὶ

2234 4612 2461 4667 τοιαῦτα
2487 4615 2707 4686 ῥήματα
2732 4614 3044 4686 ἁρμόζοντα
3076 4613 3152 4678 ὡς
3187 4612 3267 4685 τῷ
3321 4611 3532 4684 Κυρίῳ,
3571 4615 3669 4667 καὶ
3703 4632 3811 4684 φω-

2237 4704 2334 4778 νὴν
2357 4706 2592 4778 δεήσεως
2617 4705 2926 4778 θαρροῦσαν
2962 4707 3056 4761 καὶ
3079 4705 3173 4760 ἐπὶ
3216 4707 3281 4777 τῇ
3307 4708 3548 4778 προσοχῇ
3582 4706 3678 4759 τοῦ
3721 4709 3812 4760 Δε-

2238 4797 2456 4851 σπότου.
2481 4797 2670 4862 Οὐδεὶς
2703 4798 2759 4852 δὲ
2787 4797 2892 4852 ὑπὸ
2937 4798 3209 4872 ἁμαρτίας
3243 4797 3662 4869 βασιλευόμενος
3703 4800 3813 4871 ὲρεῖ

2233 4887 2310 4958 τῷ
2338 4889 2456 4960 Θεῷ
2477 4907 2490 4920 ·
2531 4908 2550 4941 ι
2586 4891 2644 4942 Ὁ
2674 4889 2928 4960 βασιλεύς
2963 4907 3065 4962 μου
3084 4907 3132 4943 ’›
3166 4892 3260 4946 καὶ
3283 4884 3358 4946 ὧν
3401 4890 3577 4964 θεδςή
3613 4891 3806 4956 κοιλία,

2233 4979 2334 5032 οῦκ
2366 4979 2570 5050 ἐροῦσι,
2612 5000 2629 5032 t
2665 4980 2800 5045 Θεός
2837 4999 2962 5054 μου,
2999 5002 3018 5036 ι
3052 4982 3130 5054 τῷ
3161 4982 3299 5054 Θεῷ.

2311 5070 2382 5124 Τὸ
2412 5073 2562 5141 πρωῒ
2583 5075 2921 5144 εὶσακούσῃ
2948 5073 3059 5144 τῆς
3085 5075 3291 5145 φωνῆς
3315 5093 3448 5146 μου,
3476 5093 3531 5130 κ.
3564 5094 3615 5131 τ.
3657 5079 3704 5130 ἐ.
3756 5078 3808 5130 Ὀ

2232 5161 2569 5236 ἀποθέμενος
2602 5166 2713 5237 (19)
2739 5167 2808 5222 τὰ
2843 5167 2981 5240 ἔργα
3007 5167 3103 5222 τοῦ
3151 5168 3394 5233 σκότους.
3453 5169 3547 5224 καὶ
3583 5169 3806 5224 ἐνδυσάο

2232 5269 2392 5322 μενος
2431 5257 2498 5311 τὰ
2543 5258 2682 5331 ὅπλα
2707 5258 2801 5314 τοῦ
2831 5259 3027 5330 φωτὸς,
3051 5259 3225 5316 ταῦτα
3250 5259 3453 5330 λεγέτω
3471 5261 3542 5315 τά
3565 5264 3798 5335 ῥήματα.

2312 5461 2424 5535 (l8)
2459 5463 2582 5532 Χρὴ
2635 5465 2796 5535 ἡμᾶς
2828 5466 3084 5534 ἐννοεῖν,
3117 5477 3223 5523 etc.
3262 5467 3553 5534 Barbarus,
3607 5467 3802 5525 Corde-

2239 5535 2376 5593 rius.
2401 5544 2454 5588 et
2482 5535 2696 5588 schcdte
2724 5553 2853 5590 mss.
2883 5537 3094 5593 Ernesti
3121 5537 3330 5593 Grnbii‘.

2235 5603 2422 5729 “Si”?
2465 5605 2518 5657 Ὀ
2544 5605 2930 5676 ἀποθέμενος,
2963 5617 3070 5664 etc.
3131 5609 3354 5665 Scheda:
3415 5607 3624 5676 Grahii,
3671 5609 3798 5664 Bar-
