3986 6384
129 334 274 391 1169

1126 340 1433 399 SELECTA
1474 345 1540 401 IN
1577 346 1911 405 PSALMOS.
1951 378 2020 390 —
2054 349 2249 404 PSAL.
2293 350 2356 404 V.

3246 357 3385 413 H70

207 450 282 545 T6
308 451 460 545 πρωϊ
479 453 944 545 παραστήσομαί
964 473 1083 523 σοι,
1122 460 1219 514 καί
1252 462 1577 534 ἐπόψομαι·
1619 467 1695 521 ὅτι

1887 466 2045 523 Vens.
2080 468 2134 534 5,
2166 467 2219 521 6.
2267 468 2421 523 Mane
2451 470 2634 525 astabo
2667 472 2782 536 tibi,
2813 481 2862 526 et
2894 473 3073 527 videbo
3103 480 3383 545 :quoniam
3435 520 3445 528 .

126 540 269 609 οὐχί
304 539 449 607 Θεὸς
474 540 665 595 θέλων
688 544 947 614 ἀνομίαν
971 546 1052 600 σὺ
1073 548 1147 615 εἴ,
1179 550 1321 605 οὐδὲ
1355 555 1711 623 παροικήσει

125 650 233 688 σοι
259 635 765 705 πονηρευόμενος,
802 637 945 692 οὐδὲ
980 639 1331 713 διαμενοῦσι
1381 646 1711 719 παράνομοι

126 727 454 782 κατέναντι
503 729 622 784 τῶν
672 733 996 803 ὀφθαλμῶν
1025 754 1163 802 σου,
1198 756 1251 791 κ.
1287 757 1337 792 τ.
1364 741 1409 793 ἑ.
1445 741 1597 812 ’Ἅμα
1634 741 1711 814 τῷ

128 821 412 875 ἀνατεῖλαι
436 822 548 893 (20)
602 823 692 878 τὸν
736 826 886 896 ἥλιον
939 833 1359 903 παραστήσομαί
1395 851 1497 899 σοι,
1525 836 1621 887 καὶ
1651 836 1709 889 ἐν

128 910 340 985 θεωρίᾳ
382 913 600 985 ἔσομαι,
635 933 654 966 t
692 915 786 970 τοῦ
828 919 902 989 μὴ
936 916 1073 973 εἷναί
1116 939 1175 975 σε
1226 923 1446 978 θέλοντα
1481 928 1708 998 ἀνομίαν

124 1004 285 1069 Θεὸν,
321 1005 455 1078 μηδὲ
490 1009 815 1079 παροικήσει
844 1028 923 1064 σοι
956 1014 1221 1085 πονηρὸς,
1244 1016 1364 1070 οὐδὲ
1399 1017 1708 1089 διαμενοῦσι

124 1095 440 1168 παράνομοι
476 1099 762 1154 κατέναντι
789 1101 897 1155 τῶν
932 1103 1226 1177 ὀφθαλμῶν
1249 1125 1365 1162 σου.
1404 1130 1424 1162 ι
1471 1113 1560 1176 Ὠς
1599 1112 1708 1185 γὰρ

119 1188 247 1241 οὐδὲ
296 1188 540 1260 διαμένει
589 1192 759 1247 νοσῶν
813 1196 871 1247 ὲν
921 1196 1217 1269 ὀφθαλμοῖς
1266 1200 1358 1255 τοῦ
1410 1203 1706 1275 δυναμένου

121 1278 464 1350 θεραπεῦσαι
529 1283 692 1337 αὑτὸν
737 1286 940 1359 ἰατροῦ,
995 1287 1168 1353 οὕτως
1224 1292 1345 1346 οὐδὲ
1396 1294 1708 1366 διαμενοῦσι

121 1373 433 1445 παράνομοι
462 1376 705 1431 ἐναντίον
731 1378 840 1432 τῶν
880 1380 1173 1453 ὀφθαλμῶν
1200 1385 1295 1438 τοῦ
1320 1386 1475 1441 Θεοῦ.

210 1464 538 1532 Ἐμίο-ησας
556 1467 789 1536 πάντας
813 1470 954 1538 τοὺς
982 1472 1411 1545 ἐργαζομένους
1437 1478 1549 1545 τὴν
1568 1481 1706 1535 άνο-

113 1553 272 1621 μίαν
294 1571 307 1585 ο
341 1556 591 1623 ἀπολεῖς
623 1559 856 1628 πάντας
885 1564 1028 1630 τοὺς
1065 1568 1409 1636 λαλοῦντας
1452 1572 1517 1624 τὸ
1564 1572 1705 1641 ψεῦ-

116 1645 250 1712 δος,
277 1664 329 1700 κ.
366 1666 419 1702 τ.
457 1650 504 1704 ὲ.
538 1650 677 1716 Τοὺς
707 1653 804 1723 μὲν
826 1656 884 1708 ὲν
906 1658 971 1727 τῇ
997 1658 1241 1730 πολιτεία
1270 1660 1380 1731 (2|)
1415 1664 1704 1729 πταίοντας

117 1738 527 1810 ἐργαζομένους
584 1742 684 1814 τὴν
748 1746 979 1816 ἀνομίαν
1039 1748 1326 1821 ὠνόμασε·
1376 1754 1597 1820 τούτους
1646 1757 1702 1810 δὲ

118 1836 333 1904 μισεῖὸ
360 1836 527 1900 Θεόςο
583 1838 710 1903 τοὺς
765 1838 821 1891 δὲ
867 1840 1245 1908 ἀποπεσόντας
1297 1845 1398 1915 τῆς
1446 1845 1703 1917 ἀληθείας

114 1924 459 1996 ἑτεροδόξους
489 1928 783 1994 λαλοῦντας
810 1931 871 1984 τὸ
890 1931 1085 2002 ψεῦδος
1113 1929 1286 2001 εἶπεν,
1330 1935 1424 2002 οὒς
1455 1938 1647 1992 ἀπολεῖ
1673 1941 1701 1993 6

115 2012 273 2077 Θεός.
304 2016 411 2068 Καὶ
435 2017 590 2087 τήρει
619 2018 880 2091 διαφορὰν
902 2021 995 2074 τοῦ
1025 2041 1041 2073 ι
1069 2022 1337 2095 ἐμίσησας
1359 2045 1377 2077 ι
1398 2026 1491 2079 καὶ
1518 2046 1535 2078 ι
1560 2029 1699 2081 ἀπο-

114 2104 254 2168 λείς⁶
284 2127 301 2155 ι
325 2107 537 2177 πρῶτον
559 2109 656 2179 μὲν
679 2111 725 2161 εί
749 2114 926 2181 χεῖρον
943 2111 1034 2165 τοῦ
1064 2134 1081 2165 ι
1102 2116 1324 2180 ἀπολεῖς
1347 2137 1364 2170 ›
1387 2120 1447 2173 τὸ
1470 2139 1487 2170 ι
1514 2121 1701 2193 ἐμίση-

117 2214 240 2261 σας·
285 2218 303 2250 ι
337 2199 588 2270 δεύτερον
616 2200 694 2264 δὲ,
724 2202 812 2255 διὰ
835 2204 886 2255 τί
911 2204 970 2257 τὸ
1006 2206 1103 2275 μὲν
1142 2210 1221 2271 είς
1253 2208 1343 2262 τὸν
1392 2210 1699 2282 παρεληλυ-

114 2286 252 2340 θότα
283 2287 519 2341 ἐνέκλινε
547 2289 757 2359 χρόνον,
788 2293 849 2345 τὸ
877 2293 933 2347 δὲ
963 2297 1041 2358 εἰς
1066 2297 1155 2349 τὸν
1182 2297 1464 2369 μέλλοντα.
1490 2320 1508 2354 ι
1541 2303 1699 2356 Ἀπο-

110 2380 231 2443 λείς
267 2382 473 2446 πάντας
492 2385 618 2447 τοὺς
645 2384 939 2451 λαλοῦντας
968 2389 1028 2441 τὸ
1059 2389 1273 2458 ψεῦδος,
1305 2411 1323 2442 ι
1356 2394 1416 2446 οὐ
1449 2397 1574 2459 τοὺς
1606 2396 1699 2449 λα-

109 2473 406 2545 λήσαντας,
439 2476 575 2531 ἀλλά
608 2480 733 2543 τοὺς
765 2480 1058 2547 λαλοῦντας
1090 2484 1149 2538 τὸ
1174 2484 1385 2555 ψεῦδος.
1407 2489 1470 2542 Et
1503 2489 1558 2543 δὲ
1584 2491 1699 2544 τού-

109 2584 243 2631 τους
271 2568 531 2623 ἀπόλλυσι
577 2571 799 2644 Κύριος,
856 2577 963 2639 πᾶς
1016 2576 1071 2629 δὲ
1114 2577 1399 2651 ἄνθρωπος
1435 2581 1694 2656 ψεύστης,

111 2659 326 2724 πάντας
366 2660 660 2716 ἀπόλλυσιν
711 2666 740 2717 6
789 2664 949 2731 Θεὸς,
984 2667 1091 2732 ἵνα,
1127 2668 1188 2722 τὸ
1238 2667 1376 2725 εἶναι
1421 2673 1697 2746 ἄνθρωποι

107 2750 464 2822 ἀποθέμενοι,
500 2752 755 2822 γίνωνται
785 2755 917 2822 θεοὶ,
949 2758 1067 2811 ἐπεὶ
1097 2760 1191 2815 καὶ
1228 2760 1339 2816 θεοὶ
1392 2766 1694 2834 γεγονότες,

108 2844 212 2897 καὶ
241 2846 346 2898 υἱοὶ
389 2846 646 2916 Ὑψίστου
677 2847 896 2913 πάντες,
922 2852 1208 2919 γεγόνασιν
1238 2854 1535 2927 ἄνθρωποι.
1558 2860 1697 2924 Τοὺς

107 2936 456 3007 ἑτεροδόξους
521 2934 613 2994 οῦν
675 2940 866 2994 ἀπολεῖ
914 2944 942 2995 6
1006 2944 1137 3009 Θεὸς
1198 2948 1256 3002 ὲν
1316 2948 1393 3020 τῷ
1447 2950 1696 3021 μέλλοντι

108 3046 148 3081 α
159 3044 251 3081 ιων
258 3048 272 3080 ι
280 3069 295 3084 ο

191 3124 405 3193 ’Ἄνδρα
430 3127 693 3197 αἱμάτων
746 3131 846 3185 καί
888 3132 1096 3186 δόλιον
1131 3133 1539 3198 ,ϐδελύσσεται
1580 3140 1695 3194 K6-

1814 578 1917 631 non
1970 560 2110 615 Deus
2144 560 2317 613 volens
2362 561 2691 631 iniquitatem
2734 570 2791 615 tu
2815 578 2907 617 es:
2937 580 3099 634 neque
3131 552 3404 648 habitabitj

1814 648 1965 713 iuxta
1996 657 2042 702 te
2092 648 2381 717 malignus,
2437 666 2598 719 neque
2625 653 3002 720 permanebunt
3043 655 3229 724 injusti
3267 666 3387 711 ante

1812 742 1992 797 oculos
2024 751 2168 797 tuos.
2214 740 2389 796 Simul
2422 757 2544 796 cum
2582 746 2794 798 oriente
2827 745 2940 800 sole
2969 748 3155 802 astabo
3184 747 3301 812 tibi,
3330 756 3387 804 et

1810 836 1864 891 in
1893 835 2351 905 contemplatione
2384 834 2664 900 versabor,
2707 852 2725 886 ι
2773 836 2899 905 quia
2951 852 3054 892 non
3104 837 3247 894 Deus
3288 853 3387 894 vo-

1810 927 1927 983 lens
1954 926 2289 995 iniquitatem
2324 933 2379 979 tu
2408 939 2489 988 es,
2516 939 2689 995 neque
2714 926 2979 981 habitabit
3000 927 3149 997 juxta
3187 938 3239 983 te
3268 944 3384 983 ma-

1809 1014 2008 1085 lignus,
2026 1031 2198 1085 neque
2220 1013 2614 1085 permanebunt
2638 1016 2819 1087 injusti
2852 1025 2977 1072 ante
2997 1018 3183 1073 oculos
3207 1025 3380 1075 tuos.»

1809 1103 2271 1172 Quemadmodum
2314 1103 2456 1159 enim
2498 1105 2590 1174 qui
2636 1114 2863 1174 aegrotat
2906 1119 3015 1159 non
3045 1114 3227 1162 manet
3261 1115 3387 1163 ante

1807 1194 1990 1249 oculos
2030 1192 2243 1258 medici,
2275 1193 2366 1263 qui
2417 1194 2567 1249 illum
2617 1208 2815 1249 sanare
2845 1196 3039 1264 possit,
3086 1195 3171 1252 sic
3212 1211 3388 1268 neque

1808 1286 2199 1355 permanebunt
2225 1287 2410 1358 injusti
2448 1296 2577 1342 ante
2605 1289 2793 1343 oculos
2827 1288 2943 1342 Dei.

1878 1472 2043 1529 Vens.
2074 1472 2126 1528 7.
2172 1460 2343 1529 Odisti
2377 1488 2552 1527 omnes
2576 1473 2666 1543 qui
2694 1482 2978 1541 operantur
3008 1470 3335 1543 iniquitatem
3365 1486 3387 1528 :

1803 1567 1984 1637 perdes
2016 1582 2192 1620 omnes
2214 1566 2303 1636 qui
2325 1565 2610 1636 loquuntur
2636 1566 2993 1630 mendacium,
3022 1573 3131 1620 etc.
3164 1564 3270 1620 Eos
3295 1564 3387 1634 qui

1806 1657 1858 1711 in
1891 1657 2013 1711 vitae
2038 1655 2376 1712 institutione
2407 1658 2686 1721 aberrant,
2718 1663 3009 1726 operantes
3039 1653 3385 1724 iniquitatem

1805 1749 2123 1803 nominavit.
2150 1748 2259 1804 Hos
2290 1759 2471 1804 autem
2506 1748 2617 1802 odit
2654 1749 2811 1802 Deus.
2842 1746 2913 1800 At
2942 1759 3036 1802 eos
3072 1746 3164 1815 qui
3190 1760 3220 1800 a
3242 1745 3388 1800 veri-

1735 1835 1776 1890 B
1807 1850 1917 1898 tate
1954 1841 2318 1909 desciverunt,
2351 1848 2402 1896 et
2429 1839 2743 1910 Opinionum
2769 1838 3031 1893 varietate
3058 1853 3088 1892 a
3121 1837 3228 1894 ﬁde
3256 1836 3387 1893 alie-

1806 1950 1874 1989 na
1914 1935 2173 1999 sentiunt,
2203 1935 2485 2006 loquentes
2532 1933 2873 1989 mendacium
2908 1931 3220 2002 appellavit,
3246 1946 3388 2001 quos

1804 2026 1991 2095 perdet
2012 2026 2171 2082 Deus.
2201 2025 2441 2082 Observa
2464 2034 2642 2081 autem
2670 2018 2980 2093 verboru’m,
3014 2041 3035 2077 ι
3067 2022 3251 2090 odisti,
3282 2040 3302 2076 ι
3329 2030 3387 2076 et

1812 2139 1829 2171 ι
1849 2120 2090 2190 perdes,»
2112 2121 2434 2177 discrimen:
2456 2122 2685 2192 primum
2707 2121 2923 2191 quidem
2943 2134 3010 2174 an
3033 2120 3271 2175 deterius
3288 2120 3384 2185 sit,

1810 2228 1829 2260 ι
1854 2212 2060 2280 perdes,
2083 2231 2101 2264 ι
2124 2226 2285 2281 quam
2308 2229 2326 2264 ι
2346 2211 2539 2278 odisti;
2565 2230 2584 2264 ι
2605 2211 2797 2267 deinde
2827 2225 2928 2265 cur
2952 2209 3082 2265 illud
3108 2210 3160 2263 in
3188 2217 3384 2278 praete-

1806 2302 1933 2366 rito,
1967 2304 2153 2359 hocin
2187 2303 2371 2359 futuro
2409 2305 2671 2372 posuerit.
2712 2322 2731 2355 ι
2789 2302 2992 2358 Perdes
3039 2316 3231 2357 omnes
3289 2302 3382 2370 qui

1808 2393 2100 2464 loquuntur
2131 2394 2500 2463 mendacium,
2524 2410 2631 2450 non
2673 2409 2767 2451 eos
2800 2395 2892 2465 qui
2918 2394 3083 2448 locuti
3127 2395 3384 2458 sunt,sed

1805 2485 1892 2551 qui
1930 2482 2094 2556 576
2125 2484 2422 2556 loquuntur
2461 2486 2823 2541 mendacium.
2856 2485 3009 2553 Quod
3036 2486 3079 2540 si
3110 2482 3212 2542 hos
3258 2500 3384 2555 per-

1806 2574 1883 2628 dit
1914 2576 2072 2642 Deus,
2111 2585 2167 2631 et
2219 2576 2399 2632 omnis
2440 2576 2603 2632 homo
2634 2577 2863 2632 mendax
2909 2585 3009 2641 est,
3042 2591 3233 2632 omnes
3260 2592 3385 2645 per-

1805 2670 1884 2724 dit
1939 2668 2105 2735 Deus,
2150 2678 2209 2725 ut
2260 2670 2512 2725 homines
2561 2685 2683 2725 esse
2731 2670 3068 2736 desinentes,
3110 2669 3241 2723 ﬁant
3284 2667 3384 2732 dii,

1804 2761 2241 2831 quandoquidem
2281 2772 2338 2819 et
2371 2764 2464 2833 qui
2499 2762 2571 2817 dii
2620 2762 2746 2818 facti
2791 2771 2917 2818 sunt
2945 2771 3000 2819 et
3032 2762 3125 2818 lilii
3165 2761 3383 2817 Excelsi

1803 2865 2012 2915 omnes,
2050 2850 2104 2905 hi
2132 2851 2351 2908 fuerunt
2381 2853 2648 2909 homines.
2686 2853 2954 2908 Caeterum
2983 2856 3034 2908 in
3064 2853 3249 2909 futuro
3279 2868 3382 2909 sa:-

1805 2942 1927 2999 CUlo
1952 2943 2094 2999 Deus
2118 2944 2306 3014 perdet
2335 2960 2526 3001 omnes
2557 2946 2648 3017 qui
2689 2946 2865 3002 aliena
2914 2961 2944 2999 a
2982 2945 3087 3001 ﬁde
3117 2947 3380 3001 sentiunt.

1880 3126 2042 3181 Vens.
2068 3122 2122 3182 8.
2159 3123 2344 3179 Virum
2370 3127 2690 3195 sanguinum
2721 3137 2769 3182 et
2791 3127 3032 3184 dolosum
3061 3129 3383 3186 abominabi-

96 3235 257 3286 ριος,
284 3235 337 3273 κ.
372 3238 421 3273 τ.
452 3221 497 3272 ὲ.
543 3222 705 3293 Ἀνὴρ
732 3224 979 3294 αἱμάτων
1015 3224 1152 3296 (21‘)
1180 3228 1208 3278 6
1239 3226 1298 3292 ἐξ
1326 3229 1573 3299 αἱμάτων
1605 3247 1695 3299 γε·

1804 3230 1888 3272 tur
1936 3217 2220 3284 Dominus,
2275 3225 2381 3272 etc.
2428 3216 2521 3273 Vir
2578 3222 2921 3292 sanguinum,
2966 3232 3062 3278 aut
3097 3224 3143 3279 is
3193 3224 3282 3293 qui
3314 3236 3383 3279 ex

105 3309 459 3379 γεννημένος,
485 3311 517 3382 ἢ
544 3312 573 3364 6
600 3313 835 3380 φονικός.

195 3400 336 3471 Ἐγὼ
359 3402 427 3455 δὲ
460 3403 528 3456 ἐν
548 3403 628 3470 τῷ
648 3404 863 3472 πλήθει
899 3406 1005 3460 τοῦ
1025 3406 1238 3474 ἐλέους
1265 3422 1380 3462 σου
1430 3411 1694 3466 εἰσελεύ-

103 3509 293 3562 σομαι
315 3496 403 3560 είς
424 3494 531 3549 τὸν
556 3492 725 3549 οἶκόν
744 3514 860 3551 σου
887 3512 901 3526 ο
931 3499 1339 3567 προσκυνήσω
1362 3501 1511 3570 πρὸς
1545 3503 1694 3559 ναόν

102 3584 284 3654 ἅγιόν
316 3600 431 3639 σου
472 3586 542 3639 ἐν
563 3588 724 3656 φόϐῳ
754 3602 891 3653 σου,
926 3607 979 3644 κ.
1004 3609 1053 3644 τ.
1082 3592 1129 3645 ὲ.
1173 3591 1292 3645 Τῶν
1326 3597 1694 3667 πονηρευομέ-

104 3696 219 3731 νων
244 3678 351 3749 (‘22)
373 3679 468 3731 καὶ
502 3682 837 3752 παρανόμων
873 3683 933 3735 ού
962 3684 1367 3755 παροικούντων
1407 3705 1507 3753 σοι,
1570 3690 1690 3742 οὐδὲ

101 3771 470 3840 διαμενόντων
503 3773 608 3826 ὑπὸ
635 3773 731 3845 τὴν
759 3774 992 3847 θεωρίαν
1026 3794 1119 3830 σου
1138 3817 1152 3841 ,
1183 3778 1296 3847 ἐγὼ
1330 3778 1463 3850 ἐλέῳ
1494 3780 1571 3851 τῷ
1613 3780 1691 3852 σῷ

102 3861 486 3933 εἰσελεύσομαι
520 3866 598 3928 είς
626 3865 715 3919 τὸν
754 3862 898 3920 οἶκόν
936 3885 1051 3922 σου.
1088 3868 1243 3922 Οὕτω
1273 3871 1379 3942 γὰρ
1403 3873 1496 3925 καὶ
1518 3876 1689 3927 εἰπεῖν

100 3954 441 4025 δυνήσομαι·
485 3975 502 4007 ι
539 3957 611 4009 Τὸ
646 3959 789 4028 πρωῒ
823 3964 1248 4035 παραστήσομαί
1282 3983 1382 4029 σοι,
1418 3966 1513 4021 καὶ
1563 3967 1688 4019 ἐπός

99 4044 197 4114 ψει
230 4062 316 4115 με.
348 4065 366 4097 ι
402 4046 511 4099 Καὶ
550 4048 671 4101 ἐπεὶ
698 4050 797 4103 οὐκ
831 4050 1004 4117 ἄλλως
1025 4053 1057 4125 ἢ
1077 4054 1211 4125 ἐλέῳ
1243 4055 1319 4126 τῷ
1351 4056 1429 4127 σῷ
1454 4057 1689 4112 εἰσελεύ-

102 4156 272 4210 σομαι
313 4142 393 4204 είς
426 4140 518 4194 τὸν
538 4137 684 4198 οἶκόν
717 4161 830 4209 σου,
870 4146 966 4199 σὺν
995 4147 1252 4221 εὐλαϐείᾳ
1290 4151 1457 4222 πολλῇ
1492 4153 1689 4223 ὀνομα-

103 4232 310 4304 ζομένῃ
341 4233 491 4305 φόϐῳ
514 4252 606 4289 σου
644 4240 1005 4311 προσκυνήσω
1033 4257 1115 4293 σοι
1145 4242 1415 4314 πνεύματι
1444 4246 1538 4298 καὶ
1556 4246 1687 4317 άλη-

100 4326 257 4395 θείᾳ,
287 4325 454 4380 ἐλθὼν
482 4328 618 4399 πρὸς
647 4330 737 4385 τὸν
772 4331 925 4399 ἅγιόν
971 4349 1062 4385 σου
1101 4335 1247 4390 ναόν.
1301 4336 1447 4399 Ναὸς
1476 4336 1532 4389 δὲ
1590 4337 1686 4391 καὶ

98 4416 254 4483 οἶκος
286 4420 420 4474 Θεοῦ
448 4425 479 4494 ἡ
514 4424 642 4492 ἁγία
674 4426 767 4478 καὶ
821 4427 1073 4499 ἐνάρετος
1103 4430 1437 4494 κατάστασις
1465 4471 1479 4494 ,
1527 4432 1592 4502 ἢν
1637 4434 1684 4485 οἱ

99 4510 322 4580 ἔχοντες
349 4512 486 4582 μετά
514 4516 824 4587 παρρησίας
857 4518 1038 4585 φασίν.
1082 4522 1316 4591 Χριστὸς
1354 4522 1409 4575 δὲ
1443 4522 1518 4585 ὡς
1570 4523 1683 4587 υἱὸς

1797 3306 2151 3377 sanguinibus
2186 3315 2345 3362 natus
2370 3315 2473 3374 est,
2508 3318 2603 3363 aut
2634 3311 2680 3364 is
2711 3311 2804 3378 qui
2840 3311 3111 3367 homicida
3140 3321 3247 3368 est.

1867 3399 2035 3455 Vens.
2056 3400 2108 3461 8,
2140 3400 2192 3456 9.
2220 3399 2333 3472 Ego
2361 3412 2532 3455 autem
2562 3409 2614 3455 in
2645 3403 2981 3457 multitudine
3004 3402 3383 3458 misericordia

1795 3503 1901 3548 tua
1932 3495 2163 3549 introibo
2202 3496 2257 3550 in
2286 3496 2501 3550 domum
2540 3506 2726 3549 tuam:
2763 3496 2998 3550 adorabo
3027 3500 3096 3550 ad
3129 3496 3379 3566 templum

1794 3598 2035 3642 sanctum
2078 3597 2225 3639 tuum
2282 3587 2337 3640 in
2366 3587 2554 3641 timore
2588 3598 2701 3653 tuo,
2734 3597 2841 3643 etc.
2889 3587 3025 3643 Cum
3074 3586 3296 3659 maligni
3324 3598 3381 3645 et

1795 3681 1964 3752 iniqui
1993 3696 2097 3736 non
2147 3681 2399 3737 habitent
2424 3681 2578 3749 juxta
2615 3690 2687 3747 te,
2736 3698 2910 3753 neque
2942 3682 3042 3739 sub
3096 3695 3377 3753 aspectum

1795 3783 1942 3827 tuum
1973 3782 2346 3843 permaneant,
2378 3787 2480 3844 ego
2525 3774 2898 3829 misericordia
2925 3783 3017 3830 tua
3049 3776 3283 3831 introibo
3320 3776 3377 3831 in

1792 3868 2011 3920 domum
2044 3873 2209 3919 tuam.
2241 3864 2332 3919 Sic
2380 3865 2522 3919 enim
2551 3864 2715 3921 etiam
2744 3866 2924 3921 dicere
2946 3876 3134 3936 potero
3164 3884 3178 3922 :
3210 3885 3229 3920 ι
3260 3866 3374 3921 Ma-

1796 3973 1861 4013 ue
1894 3960 2084 4015 astabo
2111 3958 2285 4015 tibi.et
2331 3956 2539 4013 videbis
2570 3972 2704 4012 me.»
2744 3957 2812 4012 Et
2841 3959 3097 4027 quoniam
3133 3975 3238 4014 non
3273 3960 3372 4015 ali-

1794 4064 1876 4109 ter
1903 4067 2061 4121 quam
2090 4060 2181 4105 tua
2208 4050 2581 4107 misericordia
2607 4048 2845 4103 introibo
2868 4048 2923 4104 in
2955 4051 3169 4106 domum
3205 4063 3372 4117 luant,

1792 4160 1913 4199 cum
1947 4144 2149 4212 pietate
2177 4143 2345 4197 multa
2370 4158 2489 4213 qum
2524 4141 2726 4196 dicitur
2766 4140 2928 4195 timor
2952 4153 3094 4209 tuus,
3138 4145 3374 4201 adorabo

1790 4248 1844 4292 te
1873 4236 1924 4290 in
1957 4236 2149 4305 spiritu
2183 4244 2237 4289 et
2272 4235 2504 4290 veritate
2549 4232 2828 4303 ingressus
2860 4232 2915 4287 in
2953 4234 3210 4305 templum
3240 4249 3371 4291 san-

1790 4338 1934 4383 etum
1962 4325 2437 4397 tuum.’l‘cmplum
2459 4334 2639 4379 autem
2662 4333 2716 4378 et
2739 4326 2932 4380 domus
2958 4324 3073 4392 Dei,
3124 4335 3210 4380 est
3238 4324 3372 4381 aﬁ'e-

1790 4421 1899 4475 otio
1942 4428 2133 4475 sancta
2191 4428 2245 4474 et
2286 4417 2490 4473 virtute
2528 4418 2778 4487 praedita,
2813 4433 2973 4487 quam
3009 4418 3099 4488 qui
3147 4419 3371 4488 habent,

1791 4512 2088 4581 loquuntur
2127 4527 2249 4568 cum
2284 4510 2633 4567 conﬁdentia.
2679 4510 2931 4567 Christus
2952 4527 3081 4567 vero
3116 4522 3372 4583 tanquam

99 4607 196 4658 ἐπὶ
220 4605 312 4658 τὸν
343 4603 489 4660 οἷκον
515 4584 700 4670 αὐτοῦ,
720 4605 781 4665 οῦ
813 4584 958 4675 οἶκός
979 4584 1145 4685 ἐσμεν
1173 4618 1357 4686 ἡμεῖς,
1406 4584 1565 4669 Ἀλλὰ
1591 4584 1685 4669 καλ

1804 4607 1937 4661 ﬁlius
1978 4606 2125 4661 venit
2166 4606 2219 4660 in
2271 4607 2488 4661 domum
2520 4605 2880 4673 suam,*cujus
2913 4621 3013 4660 nos
3045 4606 3239 4662 domus
3280 4622 3373 4661 su-

98 4699 520 4771 προσφωνοῦσιν
564 4702 769 4773 ἑτέροις
822 4710 1031 4771 πιστοῖς
1075 4708 1408 4778 γράφοντες·
1473 4727 1492 4759 ι
1541 4710 1687 4773 Nam;

93 4794 257 4864 ἅγιός
292 4795 434 4855 ἐστε,
471 4795 565 4848 καὶ
606 4796 674 4848 τὰ
716 4797 942 4867 σώματα
999 4799 1154 4869 ὑμῶν
1201 4800 1327 4863 ναὸς
1376 4799 1469 4853 τοῦ
1529 4801 1686 4869 ἁγίου

106 4886 428 4956 Πνεύματός
455 4887 619 4952 ἐστιν,
648 4879 707 4939 οἷ)
738 4887 890 4955 ἔχετε
921 4888 1028 4942 ὑπὸ
1047 4889 1201 4943 Θεοῦ.
1234 4909 1252 4942 ι
1290 4889 1414 4953 Πῶς
1440 4890 1548 4963 γὰρ
1585 4892 1687 4945 οὐκ

100 4976 256 5041 οἶκος
296 4978 390 5030 καὶ
413 4979 537 5038 ναὸς
561 4978 694 5032 Θεοῦ
729 4982 757 5032 6
777 4981 956 5051 τηρῶν
985 4981 1073 5034 τὸν
1110 4981 1282 5052 Ἰησοῦ
1313 4982 1468 5050 λόγον
1495 5023 1508 5045 ,
1550 4984 1685 5055 πρὸς

94 5072 158 5124 ὃν
187 5071 217 5121 6
249 5068 379 5131 Υἱὸς
407 5069 497 5121 καὶ
526 5071 554 5121 6
579 5069 769 5141 Πατὴρ
793 5070 957 5140 μονὴν
988 5069 1300 5133 ποιοῦνται;
1337 5072 1567 5125 Δυνατὸν
1593 5074 1687 5125 καὶ

92 5162 199 5232 τὴν
246 5160 704 5233 ἑκκλησιαστικὴν
736 5163 959 5232 γνώμην
1004 5163 1099 5216 καὶ
1149 5161 1497 5217 διδασκαλίαν
1541 5160 1686 5217 οἷκον

91 5254 309 5325 Κυρίου
338 5254 503 5322 φάναι
536 5254 630 5308 καὶ
652 5254 777 5308 ναὸν
799 5253 986 5308 αὑτοῦ.
1010 5253 1274 5323 Δηλοῦται
1302 5254 1459 5309 τοῦτο
1492 5257 1556 5308 ὲκ
1577 5255 1685 5309 τῶν

90 5345 466 5419 γραφομένων
522 5345 800 5418 Τιμοθέῳ·
833 5366 850 5397 t
879 5347 994 5400 Ἵνα
1042 5346 1187 5419 εἰδῇς
1222 5346 1339 5411 πῶς
1390 5347 1471 5401 δεῖ
1526 5365 1585 5401 σε
1627 5350 1684 5403 ὲν

153 5441 202 5474 τ’
236 5439 255 5493 1
290 5442 414 5496 Cor.
457 5458 530 5504 vt,
562 5442 649 5499 19.

169 5536 285 5606 (20)
318 5539 463 5607 Ἅμα
483 5536 564 5603 τῷ
592 5536 927 5601 ἀνατεῖλαι,
967 5547 1074 5593 etc.
1129 5536 1443 5601 Corderius,
1478 5538 1682 5595 Barba-

87 5625 217 5671 rus,
259 5609 420 5664 codd.
464 5609 597 5671 Rue,
628 5609 1014 5671 Baroccianus,
1050 5617 1103 5663 et
1154 5608 1368 5663 scheme
1411 5610 1683 5666 Combeti-

90 5700 287 5817 buti!)
324 5747 475 5815 Τοὺς
496 5747 614 5817 μὲν
633 5750 703 5802 ἐν
726 5746 798 5815 τῇ
838 5750 1128 5817 πολιτείᾳ,
1171 5761 1278 5804 etc.
1319 5749 1503 5803 Daniel
1550 5749 1683 5806 Bar-

95 5822 292 5877 barus.
322 5818 536 5873 scheda:
567 5818 904 5884 COInhelisii,
931 5830 983 5874 et
1017 5822 1172 5875 codd.
1202 5821 1503 5885 Anglicani.

1799 4713 1937 4753 lllllS.
1966 4699 2105 4765 Quin
2134 4706 2187 4753 et
2221 4700 2308 4754 alii
2358 4698 2541 4752 ﬁdeles
2572 4712 2670 4766 per
2706 4697 2987 4767 epistolam
3028 4699 3106 4753 sic
3138 4699 3365 4769 compel-

1796 4793 1978 4845 lantur
2007 4794 2052 4826 ⁷¹
2094 4810 2105 4845 :
2143 4810 2163 4843 ι
2216 4792 2495 4860 Templum
2542 4802 2785 4845 sanctum
2842 4792 2997 4859 estis,
3048 4800 3103 4846 et
3142 4806 3370 4860 corpora

1796 4894 1968 4938 vestra
2000 4884 2252 4950 templum
2284 4892 2407 4937 sunt
2438 4883 2674 4951 Spiritus
2724 4883 2917 4947 sancti,
2954 4898 3113 4955 quem
3156 4883 3371 4939 habetis

1791 4994 1817 5028 a
1852 4979 1977 5031 Deo.
2011 4995 2029 5028 ›
2068 4977 2345 5042 Quomodo
2389 4976 2532 5030 enim
2565 4991 2671 5030 non
2704 4977 2774 5032 sit
2798 4976 2993 5031 domus
3020 4985 3075 5030 et
3110 4974 3368 5045 templum

1792 5072 1907 5136 Dei,
1934 5073 2024 5138 qui
2049 5081 2232 5126 servat
2254 5070 2381 5124 Jesu
2406 5088 2733 5138 sermonem,
2760 5081 2813 5126 et
2843 5072 2983 5140 apud
3008 5086 3169 5141 quem
3198 5070 3369 5125 Filius

1788 5174 1844 5217 et
1871 5164 2032 5220 Pater
2057 5168 2387 5221 mansionem
2414 5167 2622 5221 faciunt
2645 5165 2668 5219 ?
2690 5165 2877 5221 Posset
2909 5165 3073 5219 etiam
3103 5162 3363 5219 ecclesia-

1788 5258 1925 5311 stica
1957 5272 2147 5312 norma
2179 5269 2231 5313 et
2267 5260 2513 5314 doctrina
2546 5260 2737 5313 domus
2777 5258 2989 5313 Domini
3030 5269 3084 5311 et
3108 5255 3365 5325 templmn

1790 5353 1907 5422 ejus
1945 5352 2225 5423 appellari.
2257 5353 2314 5409 id
2352 5364 2501 5425 patet
2537 5370 2602 5409 ex
2642 5356 2709 5410 iis
2740 5370 2859 5424 quae
2886 5354 3087 5423 scripta
3119 5360 3246 5407 sunt
3276 5347 3367 5403 Ti-

1861 5546 1997 5617 (21‘)
2045 5546 2214 5615 Ἀνὴρ
2239 5546 2521 5615 αἱμάτων,
2548 5554 2650 5599 etc.
2689 5544 2912 5599 Schedaz
2971 5556 3097 5595 u:ss.
3152 5539 3359 5606 Grabii,

1790 5615 2124 5755 Βδίὲζῖῗῦν
2154 5683 2672 5755 πονηρευομένων,
2700 5693 2802 5737 etc.
2857 5678 3168 5755 Corderius,
3229 5680 3363 5735 Bar-

1789 5753 1972 5824 batus,
2007 5760 2216 5813 schedee
2248 5753 2579 5821 (lenibclisii,
2611 5765 2665 5808 et
2700 5755 2856 5807 codd.
2881 5753 3187 5823 Anglicani.
