3986 6384
587 354 723 410 Ηῖί

2002 344 2094 399 εχ
2132 303 2434 400 carceris

3726 339 3864 394 “72

584 472 806 527 motheo
839 484 854 522 :
895 485 914 518 ι
943 463 1017 520 Ut
1049 463 1192 521 scias
1229 462 1498 533 quomodo
1529 470 1582 518 te
1627 469 1877 532 oporteat
1905 461 1958 516 in
2009 460 2163 516 domo

2274 460 2400 528 οίκῳ
2429 454 2634 528 Κυρίου
2673 453 3107 527 ἀναστρέφεσθαι
3145 493 3160 518 ,
3210 453 3332 524 ἥτις
3363 454 3509 507 ἐστὶν
3557 453 3862 524 Ἐκκλησία

586 561 799 618 Domini
853 556 1188 624 conversari,
1230 571 1352 626 quae
1405 566 1490 613 est
1539 555 1780 612 Ecclesia
1823 557 1920 612 Del
1969 556 2098 610 vivi.
2136 573 2155 606 ι

582 653 747 708 Juxta
774 658 1062 719 utramque
1091 647 1584 703 considerationem
1622 645 1925 718 ingreditur
1953 647 2075 716 quis
2106 647 2159 700 in

584 743 807 798 domum
838 741 1048 797 Domini
1081 749 1136 796 et
1164 739 1358 794 adorat
1385 741 1451 794 ad
1481 740 1737 811 templum
1756 748 2004 796 sanctum
2022 738 2158 808 ejus,

586 835 760 902 magis
815 832 999 887 divina
1054 832 1434 888 misericordia
1469 847 1630 902 quam
1679 831 1897 903 propria
1948 831 2162 886 vivendi

589 926 803 981 ratione
827 934 888 980 'et
919 924 1148 980 consilio
1173 923 1366 980 fretus.

659 1017 826 1072 Vens.
868 1017 957 1071 il.
996 1013 1194 1071 Judica
1235 1015 1550 1084 illos,:Deus
1578 1015 1863 1070 :decidant
1905 1032 1936 1068 a
1968 1015 2164 1085 cogita-

588 1113 823 1167 tionibus
868 1113 1003 1168 δαῖε.
1060 1108 1362 1166 Secundum
1412 1112 1800 1167 multitudinem
1836 1113 2163 1182 impietatum

586 1220 771 1259 eorum
799 1201 998 1273 expelle
1025 1218 1133 1266 eos,
1161 1203 1408 1271 quoniam
1447 1203 1782 1256 irritaverant
1815 1214 1884 1270 te,
1920 1202 2161 1270 Domine,

587 1303 694 1352 etc.
730 1293 986 1352 Peccanti
1031 1296 1204 1366 magis
1247 1294 1467 1366 expedit
1497 1308 1525 1347 a
1571 1294 1681 1350 Deo
1710 1293 1965 1363 iudicari,
2001 1309 2162 1364 quam

587 1401 708 1444 esse
737 1396 891 1442 extra
925 1385 1351 1458 ejusjudicium.
1391 1384 1657 1440 Decidere
1691 1393 1869 1440 autem
1909 1401 1939 1439 a
1980 1386 2165 1456 pravis

588 1478 1028 1551 cogitationibus,
1061 1479 1284 1533 minime
1312 1459 1510 1532 malum
1538 1488 1624 1532 est
1657 1477 1950 1546 decidenti,
1980 1477 2072 1548 qui
2097 1477 2163 1531 ad

589 1569 792 1626 malum
823 1569 1038 1625 illarum
1088 1569 1250 1624 tinem
1301 1583 1404 1623 non
1442 1568 1708 1640 pervenit,
1750 1570 1891 1625 sicut
1932 1583 2033 1625 nec
2065 1569 2164 1624 ho-

589 1681 720 1722 num
753 1675 856 1732 est,
905 1665 974 1720 ad
1013 1663 1177 1720 ﬁnem
1227 1665 1511 1720 meliorum
1550 1680 1656 1720 non
1693 1666 2018 1737 pertingere.
2069 1667 2166 1723 Est

588 1773 718 1815 vero
751 1757 888 1814 scitu
907 1756 1206 1828 jucundum
1239 1771 1338 1814 cur
1361 1771 1468 1812 non
1512 1756 1734 1825 dixerit,
1770 1759 1913 1813 unde
1932 1759 2166 1828 expelle-

591 1860 694 1917 ret,
720 1865 787 1905 ne
809 1850 862 1905 id
888 1848 1070 1905 multis
1098 1848 1444 1920 perspicuum
1472 1848 1634 1906 foret.
1667 1849 1934 1906 Existimo
1977 1866 2069 1907 eos
2097 1850 2164 1906 ab

587 1946 702 2013 ipso
723 1940 980 2012 expulsos
1023 1939 1193 1996 fuisse
1222 1941 1290 1995 ab
1318 1940 1688 2010 impietatibus
1723 1943 1836 1997 suis
1865 1940 2163 1997 secundum

586 2036 988 2092 multitudinem
1016 2049 1228 2090 earnm.
1265 2032 1452 2102 Neque
1479 2035 1624 2088 enim
1660 2034 1801 2090 Deus
1835 2049 1862 2087 a
1887 2048 1945 2089 se
1977 2047 2166 2104 quem-

583 2143 747 2199 quam
791 2126 1025 2194 repellit.
1063 2124 1221 2195 Nam,
1265 2125 1442 2195 inquit
1480 2125 1547 2190 ",
1583 2143 1602 2176 ι
1642 2125 1732 2196 qui
1767 2126 2019 2196 elongant
2047 2140 2107 2182 se
2134 2141 2164 2181 a

587 2229 662 2287 te,
694 2221 964 2288 peribunt.
1007 2237 1027 2270 ι

655 2309 818 2382 577
855 2307 1019 2365 Vens.
1055 2309 1109 2366 9.
1147 2308 1388 2374 Domine,
1415 2310 1580 2366 deduc
1619 2328 1698 2366 me
1726 2312 1779 2366 in
1814 2311 2025 2384 justitia
2075 2322 2166 2368 tua

583 2411 800 2472 propter
826 2402 1071 2457 inimicos
1101 2415 1245 2469 tuor,
1273 2401 1446 2473 dirige
1475 2403 1533 2457 in
1563 2415 1841 2474 conspectu
1889 2415 1978 2459 tuo
2029 2405 2166 2460 viam

583 2511 779 2560 meam,
803 2494 1031 2563 etc.Qui
1060 2495 1162 2551 sibi
1190 2496 1444 2564 proponit
1475 2506 1624 2552 recte
1646 2496 1853 2552 sentire
1873 2506 1929 2553 et
1961 2497 2164 2564 facere,

585 2585 786 2640 multos
829 2584 1178 2640 adversarios
1213 2585 1396 2641 habet.
1439 2584 1577 2640 Sunt
1611 2587 1756 2641 enim
1806 2597 1863 2643 et
1917 2588 2166 2646 homines

583 2693 639 2736 et
665 2680 938 2735 daemones
969 2681 1170 2736 invidia
1197 2678 1362 2749 pleni,
1385 2694 1523 2749 quos
1544 2680 1686 2736 bona
1717 2691 1860 2736 recte
1888 2684 2163 2751 agentium

583 2769 934 2826 contristant.
963 2770 1018 2826 Id
1041 2787 1163 2826 cum
1192 2773 1531 2842 perSpiceret
1571 2770 1872 2842 Propheta,
1895 2788 2001 2828 non
2033 2788 2164 2844 pro-

583 2864 718 2938 priae
763 2879 874 2920 sua:
907 2864 1097 2920 virtuti
1129 2863 1319 2920 tribuit
1362 2879 1605 2935 pugnare
1639 2877 1828 2920 contra
1859 2880 1953 2921 eos
1983 2866 2073 2937 qni
2107 2867 2163 2921 in

2263 549 2396 604 Θεοῦ
2428 547 2649 612 ζῶντος.
2683 566 2703 600 ι
2742 549 2879 601 Κατ’
2906 547 3221 621 ἀμφοτέρας
3263 548 3494 622 θεωρίας
3543 545 3864 618 εἰσέρχεταί

2263 659 2344 705 τις
2365 641 2447 704 εἰς
2468 639 2558 693 τὸν
2589 635 2734 693 οἷκον
2765 639 2858 692 καὶ
2884 641 3182 710 προσκυνεῖ
3210 640 3346 711 πρὸς
3377 639 3504 694 ναὸν
3561 637 3661 690 τὸν
3709 635 3862 706 ἅγιον

2263 733 2490 803 Κυρίου,
2519 732 2654 804 ελέῳ
2709 731 2844 786 Θεοῦ
2896 730 3094 803 μᾶλλον
3144 731 3178 802 ἢ
3230 731 3405 804 οἰκείᾳ
3459 729 3728 802 πολιτεία
3773 733 3862 783 καὶ

2264 826 2548 896 φρονήσει.

2335 1007 2554 1076 Κρῖνον
2601 1007 2848 1074 αὐτοὺς,
2872 1009 2906 1062 ό
2957 1007 3136 1072 Θεόςο
3173 1005 3681 1060 ἀποπεσάτωσαν
3752 1003 3863 1057 ἀπὸ

2265 1100 2383 1156 τῶν
2443 1099 2806 1156 ὃιαϐουλιῶν
2853 1099 3069 1154 αὐτῶν.
3111 1100 3272 1154 Κατὰ
3328 1099 3394 1153 τὸ
3450 1097 3705 1165 πλῆθος
3755 1096 3864 1150 τῶν

2264 1190 2552 1246 ἀσεϐειῶν
2583 1189 2781 1245 αὐτῶν
2808 1189 3043 1254 ἒξωσον
3061 1188 3282 1256 αὐτοὺς
3303 1231 3319 1256 ,
3355 1187 3445 1241 ὅτι
3480 1188 3864 1256 παρεπίκμι-

2265 1283 2380 1337 νάν
2407 1299 2501 1346 σε,
2528 1283 2722 1350 Κύριε,
2751 1299 2802 1334 κ.
2845 1299 2894 1335 τ.
2930 1283 2976 1338 ὲ.
3008 1282 3096 1353 Τῷ
3127 1280 3494 1353 ἁμαρτάνοντι
3529 1278 3654 1350 (23)
3723 1278 3862 1331 λυσι-

2265 1375 2409 1429 τελεῖ
2440 1374 2640 1447 μᾶλλον
2670 1375 2772 1427 ὑπὸ
2796 1373 2930 1427 Θεοῦ
2951 1374 3221 1445 κριθῆναι,
3247 1373 3279 1445 ἢ
3310 1371 3413 1440 ἔξω
3432 1368 3579 1426 εἶναι
3607 1371 3727 1441 τῆς
3750 1372 3860 1441 arpi-

2268 1483 2426 1530 σεως.
2444 1466 2555 1519 Kal.
2582 1464 2642 1518 τὸ
2668 1465 2776 1518 ἀπὸ
2805 1464 3094 1536 μοχθηρῶν
3119 1463 3434 1518 διαϐουλιῶν
3461 1465 3790 1517 ἀποπεσεῖν
3810 1463 3862 1514 οὐ

2266 1558 2436 1614 κακὸν
2454 1557 2532 1629 τῷ
2551 1557 2935 1622 ἁποπίπτοντι,
2964 1558 3062 1610 οὐκ
3101 1554 3378 1627 ἐρχομένῳ
3414 1555 3508 1608 ἐπὶ
3551 1555 3619 1609 τὺ
3665 1555 3864 1626 μοχθη-

2270 1650 2360 1723 ρὸν
2381 1650 2559 1705 αὐτῶν
2589 1650 2744 1713 τέλος
2765 1667 2777 1680 ·
2809 1651 2885 1713 ὠς
2916 1650 2976 1703 ού
3014 1649 3175 1704 καλὸν
3230 1648 3339 1704 τῶν
3395 1649 3752 1720 κρειττόνων
3798 1649 3863 1718 μὴ

2268 1744 2361 1797 ἐπὶ
2392 1742 2545 1807 τέλος
2561 1742 2754 1797 ἐλθεῖν.
2785 1743 2934 1795 Πάνυ
2967 1741 3023 1794 δὲ
3077 1739 3283 1812 χαρίεν,
3337 1739 3453 1804 πῶς
3496 1741 3604 1794 οὐκ
3675 1741 3859 1812 εἴρηκε

2197 1813 2238 1867 Β
2269 1835 2434 1890 πόθεν
2467 1834 2687 1902 ἔξωσεν,
2715 1835 2800 1888 ἵνα
2837 1832 2912 1904 μὴ
2929 1835 3040 1895 τοῖς
3063 1832 3276 1895 πολλοῖς
3305 1831 3474 1902 σαφὲς
3579 1829 3766 1904 Οἶμαι
3792 1835 3858 1894 δὲ,

2266 1931 2348 1984 ὅτι
2375 1929 2484 1984 ἀπὸ
2513 1927 2620 1982 τῶν
2649 1926 2912 1982 ἀσεϐειῶν
2936 1923 3114 1980 αὐτῶν
3141 1924 3278 1978 κατὰ
3301 1925 3362 1978 τὸ
3410 1923 3628 1996 πλῆθος
3659 1926 3856 1980 αὐτῶν.

2267 2025 2342 2077 Οὐ
2375 2021 2484 2094 γὰρ
2521 2022 2613 2091 ἀφ’
2636 2020 2827 2075 ἑαυτοῦ
2856 2019 3049 2086 ἐξωθεῖ
3095 2019 3124 2070 ὁ
3149 2017 3279 2080 Θεός
3329 2033 3487 2082 τινας
3513 2036 3528 2049 ο
3585 2039 3606 2072 ι
3645 2021 3716 2075 Οἱ
3757 2021 3856 2092 γὰρ

2269 2113 2672 2186 μακρύνοντες,
2738 2112 2900 2184 φησιν
2923 2149 2940 2177 ,
3007 2110 3232 2175 ἑαυτοὺς
3280 2111 3386 2164 ἀπὸ
3419 2109 3544 2178 σοῦ,
3601 2111 3859 2166 ἀπολούν-

2267 2223 2380 2263 ται.
2417 2224 2438 2260 ι

2337 2300 2536 2368 Κύριε,
2555 2297 2864 2369 όδήγησόν
2883 2313 2959 2370 με
2983 2297 3056 2351 ἐν
3080 2294 3156 2365 τῇ
3184 2295 3543 2364 δικαιοσύνῃ
3578 2309 3710 2352 σου
3740 2297 3857 2350 ἓνε-

2266 2411 2343 2448 κα
2367 2391 2486 2447 τῶν
2505 2389 2737 2462 ἐχθρῶν
2754 2407 2894 2461 μου,
2911 2389 3280 2444 κατεύθυνον
3311 2387 3578 2442 ἐνώπιόν
3596 2403 3728 2442 σου
3753 2387 3858 2455 τὴν

2265 2483 2411 2539 ὀδόν
2455 2501 2597 2553 μου,
2651 2499 2704 2536 κ.
2754 2498 2806 2535 τ.
2849 2483 2893 2536 ὲ.
2945 2482 3004 2534 'U
3058 2480 3442 2552 προτιθέμενος
3510 2480 3634 2552 (24)
3689 2481 3857 2554 opus;

2266 2579 2481 2649 φρονεῖν
2521 2576 2612 2629 καὶ
2645 2573 2926 2646 πράττειν,
2961 2572 3186 2639 πολλοὺς
3228 2573 3506 2637 ἐναντίους
3556 2573 3702 2644 ἔχει.
3736 2575 3856 2628 Eis!

2264 2668 2373 2740 γὰρ
2410 2668 2505 2722 καὶ
2535 2665 2808 2739 ἄνθρωποι
2830 2666 2923 2720 καὶ
2938 2665 3190 2735 δαίμονες
3213 2663 3482 2737 φθονεροὶ,
3512 2663 3855 2738 λυπούμενοι

2263 2761 2358 2814 ἐπὶ
2389 2762 2501 2825 τοῖς
2525 2759 2749 2829 ἀγαθοῖς
2779 2757 2882 2814 τῶν
2905 2757 3332 2832 κατορθούντων.
3351 2757 3524 2812 Τοῦτο
3551 2760 3610 2814 δὲ
3644 2759 3858 2833 θεωρὴ-

2266 2869 2364 2916 σας
2390 2853 2485 2907 καὶ
2513 2853 2541 2905 ὁ
2569 2851 2930 2924 προκείμενος
2959 2851 3019 2904 οὐ
3062 2853 3126 2924 τῇ
3169 2849 3362 2904 ἑαυτοῦ
3397 2850 3630 2922 δυνάμει
3660 2851 3857 2906 δέδωκε

585 2972 648 3014 se
683 2957 1054 3026 insurgerent,
1081 2959 1173 3012 sed
1198 2957 1474 3012 invocavit
1507 2957 1676 3012 Deum
1715 2967 1774 3012 ut
1810 2973 2028 3013 manum
2059 2958 2160 3028 ipsi

2274 2943 2323 2996 τὸ
2349 2943 2727 3015 ἀπομάχεσθαι
2767 2946 2880 3008 τοῖς
2912 2942 3277 3014 ἐπικειμένοις
3321 2943 3442 2997 κατ’
3472 2942 3671 3009 αὑτοῦ,
3716 2944 3852 2999 am

587 3046 919 3118 porrigeret,
951 3061 1057 3118 qua
1090 3045 1380 3102 incolumis
1402 3047 1660 3103 evaderet
1691 3063 1721 3103 a
1763 3058 1842 3104 tot
1892 3049 2161 3120 tantisque

2262 3036 2601 3122 παρεκάλεσε
2631 3036 2720 3091 τὸν
2751 3036 2883 3090 Θεὸν
2929 3039 3086 3108 χεῖρα
3122 3036 3270 3108 αὐτῷ
3315 3036 3504 3109 ὀρέξαι
3543 3037 3854 3102 σκεπάζου-

583 3139 858 3206 hostibus,
887 3139 1073 3196 dicens
1104 3157 1119 3194 :
1157 3139 1300 3210 Ipse,
1330 3140 1576 3206 Domine,
1607 3141 1780 3197 deduc
1808 3157 1894 3197 me
1921 3141 1974 3196 in
2000 3142 2161 3214 justi-

2274 3143 2362 3180 σαν
2389 3125 2550 3181 αὐτὸν
2577 3125 2787 3196 ἀϐλαϐῆ
2817 3125 2924 3180 ἀπὸ
2949 3124 3057 3179 τῶν
3089 3124 3358 3179 τοσούτων
3389 3126 3483 3179 καὶ
3515 3127 3858 3197 τηλικούτων

587 3233 665 3288 tia
695 3241 820 3300 tua;
857 3232 938 3288 sic
966 3231 1110 3288 enim
1136 3231 1230 3289 ﬁet
1265 3241 1324 3288 ut
1353 3232 1405 3288 in
1433 3244 1725 3303 conspectu
1763 3242 1854 3290 tuo
1893 3234 2160 3306 dirigatur

585 3341 673 3383 VIa
705 3340 850 3382 mea.

659 3485 826 3544 Vens.
856 3487 946 3556 10,
977 3489 1066 3545 Η.
1101 3487 1371 3556 Quoniam
1395 3505 1498 3542 non
1521 3499 1596 3543 est
1622 3491 1678 3542 in
1706 3505 1796 3544 ore
1824 3506 2005 3545 eorum
2031 3489 2164 3545 veri-

583 3589 666 3634 tas
696 3595 715 3634 .'
739 3596 834 3634 εον
856 3596 1038 3637 eorum
1062 3597 1253 3634 vanum
1278 3591 1375 3636 881.
1398 3579 1711 3652 sepulcrum
1736 3592 1920 3650 patens
1947 3591 2024 3637 est
2043 3593 2162 3652 gut-

585 3680 674 3726 tur
701 3686 907 3736 eorum,
935 3671 1129 3742 linguis
1146 3672 1260 3727 suis
1283 3672 1462 3727 dolose
1485 3674 1734 3743 agebant,
1754 3683 1862 3732 etc.
1891 3673 2023 3729 Cum
2056 3675 2162 3731 ini-

587 3764 717 3820 mici
748 3764 1045 3835 impediant
1068 3765 1356 3834 quominus
1378 3765 1464 3820 via
1500 3775 1590 3821 tua
1622 3766 1911 3838 perspicua
1939 3767 2012 3823 sit
2034 3783 2165 3824 ocu-

585 3854 654 3910 iis
689 3856 847 3919 meis,
879 3865 934 3910 tu
981 3855 1156 3926 dirige
1185 3871 1306 3912 eam
1363 3857 1417 3911 in
1473 3869 1774 3928 conspectu
1836 3874 1978 3915 meo.
2028 3858 2164 3916 Novi

584 3945 736 4002 enim
773 3945 893 4002 illos
928 3949 982 4002 in
1013 3947 1079 4004 iis
1124 3964 1244 4018 quae
1268 3951 1334 4006 de
1364 3950 1450 4005 via
1490 3950 1838 4020 pollicentur,
1878 3966 2009 4008 vera
2058 3967 2163 4007 non

586 4035 789 4099 dicere,
815 4051 880 4092 eo
913 4039 1058 4108 quod
1091 4055 1197 4094 non
1249 4040 1322 4094 sit
1366 4039 1420 4096 in
1455 4056 1552 4097 ore
1595 4056 1784 4098 eorum
1827 4043 2052 4108 veritas,
2107 4053 2164 4098 et

584 4145 786 4184 vanum
818 4130 893 4185 sit
916 4145 1013 4186 cor
1035 4147 1249 4188 eorum.
1277 4133 1472 4190 Omnia
1490 4143 1672 4190 autem
1701 4150 1820 4204 qua:
1848 4135 2166 4205 pronuntiat

587 4232 774 4294 guttur
801 4237 1011 4289 eorum,
1046 4233 1258 4280 mortua
1292 4234 1438 4292 sunt,
1471 4226 1616 4296 quod
1649 4227 1824 4296 ipsum
1857 4228 2162 4297 sepulcrum

585 4327 778 4385 patens
805 4315 896 4372 sit.
922 4315 1061 4388 Quin
1093 4326 1150 4374 et
1178 4318 1528 4391 sophismatis
1557 4309 1697 4390 pleni
1733 4328 1858 4375 sunt
1885 4334 2164 4376 sermones

585 4423 800 4468 eorum.

664 4593 824 4650 Vens.
862 4595 950 4650 12.
989 4596 1056 4650 1η
1082 4605 1334 4652 aeternum
1359 4596 1715 4664 exsultabunt,
1742 4608 1791 4652 et
1827 4597 2087 4652 habitabit
2109 4598 2167 4650 in

585 4688 684 4753 eis,
719 4697 827 4744 etc.
868 4688 1035 4758 Δίων,
1068 4692 1348 4761 sarculum,
1381 4701 1467 4749 est
1496 4702 1730 4766 systema
1753 4693 2059 4764 physicum,
2095 4707 2165 4747 ex

587 4779 755 4834 variis
806 4783 1130 4852 corporibus
1165 4783 1504 4841 diil'erentias
1544 4784 1829 4840 continens
1870 4783 2166 4840 rationales

585 4877 809 4940 propter
837 4869 932 4926 Dei
967 4872 1358 4942 cognitionem.
1402 4875 1458 4946 In
1507 4883 1792 4939 teter-num,
1833 4873 2032 4943 inquit,
2065 4887 2163 4929 ex-

587 4962 897 5030 sultahunt,
930 4965 1190 5034 quoniam
1223 4975 1427 5023 aeterna
1457 4965 1592 5037 ipsis
1613 4973 1700 5022 est
1735 4964 2018 5022 habitatio.

658 5055 729 5110 Et
765 5055 1139 5127 gloriabuntur
1183 5059 1243 5113 in
1287 5066 1337 5114 te
1370 5074 1548 5114 omnes
1579 5059 1669 5130 qui
1709 5058 1938 5130 diligunt
1975 5077 2165 5117 nomen

586 5159 757 5215 tuum,
781 5150 1029 5218 quoniam
1067 5159 1126 5202 tu
1157 5149 1424 5205 benedice:
1453 5150 1624 5220 justo,
1667 5147 1912 5217 Domine,
1948 5160 2057 5207 etc.
2106 5151 2164 5208 Si

589 5239 843 5295 meliores
872 5247 998 5294 sunt
1018 5239 1109 5308 qui
1139 5238 1370 5309 diligunt
1399 5254 1560 5307 quam
1587 5240 1682 5309 qui
1715 5242 1928 5305 timent,
1960 5241 2166 5312 gloria-

590 5332 666 5385 tio
699 5331 870 5400 magis
890 5334 1146 5386 convenit
1174 5333 1544 5403 diligentibus.
1571 5333 1626 5388 Si
1643 5346 1766 5402 quae
1787 5340 1969 5387 autent
1997 5331 2164 5386 etiam

658 5421 704 5456 ⁷⁸
736 5419 879 5478 Psal.
911 5425 1081 5488 Lxxri,
1109 5423 1199 5478 27.

662 5537 776 5610 (23)
845 5535 928 5603 Τῷ
971 5538 1388 5608 ἁμαρτάνοντι,
1447 5549 1554 5594 etc.
1593 5538 1908 5607 Corderius,
1961 5539 2165 5596 Barba-

590 5627 774 5804 :"(EQ
811 5679 874 5734 '0
903 5678 1342 5751 προτιθέμενος,
1375 5690 1484 5737 etc.
1505 5680 1676 5738 Codd.
1701 5681 1832 5746 Roe,
1863 5690 1918 5738 et
1961 5681 2162 5737 Baroc-

627 5767 670 5804 ta
717 5767 798 5804 ns.

643 5768 798 5803 unus.

662 5819 773 5889 (25)
812 5819 1074 5889 Ἐχθρῶν
1124 5820 1556 5893 ἐμποδιζόντων
1580 5863 1593 5890 ,
1647 5832 1750 5880 etc.
1793 5821 1959 5879 [idem
2003 5821 2162 5879 codd.

2267 3216 2564 3289 πολεμίων,
2612 3218 2854 3287 φάσκων·
2903 3217 3094 3282 Αὐτὸς,
3147 3211 3192 3271 ὧ
3236 3217 3520 3281 Δέσποτα,
3583 3218 3860 3291 comm

2267 3327 2336 3381 με
2371 3311 2430 3364 ὲν
2460 3313 2525 3382 τῇ
2559 3307 2878 3383 δικαιοσύνῃ
2915 3325 3030 3363 σου·
3073 3308 3215 3362 οὕτω
3245 3310 3355 3380 γὰρ
3386 3309 3770 3383 κατορθωθείη
3799 3311 3857 3365 τὸ

2265 3402 2364 3474 τὴν
2392 3401 2512 3456 ὁδόν
2541 3419 2642 3474 μου
2674 3400 2902 3456 ἐνώπιόν
2933 3418 3027 3456 σου
3057 3399 3512 3472 κατευθυνθῆναι.

2338 3493 2467 3547 Ὅτι
2494 3495 2606 3548 οὐκ
2633 3492 2808 3548 ἐστιν
2851 3493 2923 3546 ἐν
2952 3491 3033 3559 τῷ
3072 3492 3324 3562 στόματι
3355 3490 3558 3546 αὐτῶν
3579 3492 3852 3559 ἀλήθεια,

2265 3586 2305 3653 ἡ
2351 3583 2566 3653 καρδία
2617 3582 2816 3638 αὐτῶν
2862 3583 3104 3652 ματαία.
3167 3581 3358 3651 Τάφος
3411 3583 3796 3651 ἀνεῳγμένος
3823 3587 3855 3637 d

2264 3673 2498 3745 λάρυγξ
2550 3673 2766 3729 αὐτῶν·
2817 3672 2947 3740 ταῖς
2984 3672 3297 3745 γλώσσαις
3335 3670 3538 3726 αὐτῶν
3579 3673 3853 3729 ἐδολιοῦ-

2265 3781 2408 3831 σαν,
2455 3783 2511 3820 κ.
2555 3783 2606 3820 τ.
2645 3767 2692 3820 ὲ.
2753 3765 2990 3838 Ἐχθρῶν
3037 3763 3434 3836 ἐμποδιζόντων
3456 3763 3572 3835 (25)
3599 3763 3702 3836 τὴν
3737 3766 3854 3820 ὁδόν

2267 3875 2361 3912 σου
2395 3856 2775 3929 φανερωθῆναι
2813 3859 2872 3912 έν
2910 3856 3206 3930 ὀφθαλμοῖς
3242 3873 3363 3928 μου,
3417 3856 3483 3909 σὺ
3523 3857 3854 3911 κατεύθυνον

2265 3949 2433 4022 αὐτὴν
2491 3948 2720 4004 ἐνώπιόν
2786 3967 2910 4020 μου.
2961 3945 3092 4004 Οἶδα
3131 3947 3240 4018 γὰρ
3270 3948 3469 4012 αὐτοὺς
3510 3947 3568 4001 ὲν
3617 3942 3700 4012 οἷς
3729 3949 3854 4020 περὶ

2263 4043 2386 4098 ὀδοῦ
2425 4041 2868 4112 ἐπαγγέλλονται,
2910 4041 2986 4114 μὴ
3029 4039 3412 4114 ἀληθεύοντας,
3465 4039 3545 4112 τῷ
3595 4040 3672 4112 μὴ
3716 4037 3854 4094 εἶναι

2264 4138 2324 4191 ὲν
2356 4135 2434 4208 τῷ
2474 4136 2706 4208 στόματι
2736 4134 2917 4191 αὐτῶν
2959 4133 3237 4206 ἀλήθειαν,
3280 4133 3374 4186 καὶ
3421 4133 3664 4204 ματαίαν
3715 4129 3854 4186 εἶναι

2265 4228 2446 4282 αὐτῶν
2483 4227 2580 4300 τὴν
2625 4226 2871 4300 καρδίαν.
2923 4227 3112 4280 Πάντα
3152 4225 3210 4279 δὲ
3247 4223 3317 4278 τὰ
3359 4224 3762 4295 ὲκφωνούμενα
3799 4226 3854 4276 ἐν

2264 4319 2344 4393 τῷ
2369 4320 2602 4393 λάρυγγι
2633 4318 2813 4375 αὐτῶν
2846 4318 3015 4390 νεκρά
3043 4318 3178 4384 ἐστι,
3225 4315 3303 4387 τῷ
3330 4311 3465 4370 εἶναι
3497 4317 3663 4370 αὑτὸν
3685 4317 3854 4383 τάφον

2267 4415 2564 4488 ἀνεῳγότα.
2597 4411 2758 4467 Ἀλλὰ
2772 4411 2865 4466 καὶ
2879 4409 3250 4482 λελογισμένοι
3271 4408 3516 4479 σόφισμα
3538 4408 3686 4472 τινές
3717 4410 3854 4461 εἰσιν

2195 4528 2242 4584 ι)
2267 4511 2317 4563 oi
2344 4507 2492 4576 λόγοι
2518 4505 2717 4561 αὐτῶν.

2337 4599 2443 4664 Εἰς
2471 4595 2656 4651 αιῶνα
2683 4592 3182 4666 ἁγαλλιάσονται,
3225 4591 3325 4646 καὶ
3358 4589 3852 4657 κατασκηνώσεις

2271 4691 2342 4744 ἐν
2370 4687 2594 4755 αὐτοῖς,
2627 4704 2682 4742 κ.
2708 4703 2761 4743 τ.
2791 4687 2837 4739 ἑ.
2867 4684 3010 4740 Atth
3037 4687 3152 4738 ἐστι
3176 4682 3428 4754 σύστημα
3457 4681 3569 4754 (26)
3603 4682 3850 4752 φυσικὸν,

2271 4783 2337 4834 ὲκ
2371 4779 2636 4852 σωμάτων
2658 4777 2918 4832 ποικίλων
2946 4773 3168 4845 λογικὰς
3193 4771 3456 4845 διαφορὰς
3471 4772 3734 4843 περιέχον
3757 4772 3852 4841 τῆς

2271 4873 2366 4928 τοῦ
2395 4872 2528 4927 Θεοῦ
2555 4871 2810 4941 γνώσεως
2829 4871 3035 4925 ἕνεκεν.
3054 4869 3148 4932 Εἰς
3171 4867 3362 4931 αἰῶνα,
3389 4865 3578 4937 φησιν,
3595 4863 3852 4934 ἀγαλλιά-

2274 4982 2477 5030 σονται,
2510 4965 2592 5018 ὃτι
2627 4964 2722 5018 καῖ
2753 4962 2970 5028 αἰώνιος
3001 4962 3214 5026 ἑαυτοῖς
3244 4959 3682 5028 κατασκήνωσις.

2342 5057 2451 5114 Καὶ
2484 5054 2896 5126 καυχήσονται
2922 5054 3022 5108 ἐπὶ
3047 5053 3146 5108 σοί
3180 5049 3400 5114 πάντες
3418 5051 3474 5104 οἱ
3503 5044 3853 5117 ἀγαπῶντες

2270 5149 2339 5204 τὸ
2364 5148 2552 5220 ὄνομά
2586 5164 2722 5204 σου·
2770 5146 2860 5202 ὅτι
2893 5146 2976 5201 σὺ
3015 5142 3373 5214 εὐλοτιήσεις
3415 5141 3684 5204 δίκαιον,
3733 5140 3854 5194 Kri-

2263 5258 2379 5309 ριε,
2409 5258 2462 5296 κ.
2494 5258 2544 5294 τ.
2575 5241 2622 5295 ὲ.
2651 5241 2714 5294 El
2745 5238 3024 5310 κρείττους
3039 5235 3154 5308 (27)
3185 5235 3233 5288 of.
3262 5233 3589 5303 ἀγαπῶντες
3615 5231 3730 5285 τῶν
3761 5248 3856 5301 φο-

2273 5333 2552 5406 6ουμένων
2572 5375 2587 5399 ,
2641 5334 2704 5387 τὸ
2753 5330 3062 5403 καυχᾶσθαι
3109 5327 3309 5402 μᾶλλον
3356 5326 3464 5381 τῶν
3508 5323 3856 5394 ἀγαπώντων

2272 5555 2454 5681 ms(sati)
2487 5603 2641 5662 Αὶών
2697 5607 2828 5658 ἐστι
2871 5605 3178 5672 σύστημα,
3212 5608 3320 5656 etc.
3377 5599 3606 5654 Scheda
3638 5583 3852 5665 Grabil,

2272 5680 2564 5820 Βῧίὲῗίὶῖιὲί
2588 5746 2914 5814 κρείττους,
2948 5755 3055 5802 etc.
3083 5740 3396 5805 Corderitts,
3427 5737 3586 5795 codd.
3621 5737 3757 5805 Roe,
3791 5749 3853 5794 et

2271 5821 2649 5877 Baroccianus.
