  <div class='ocr_page' id='page_1' title='image "/cluster/home/n/w/nwhite01/storage/ocr_20150623/12/hvd.32044019207638/590.png"; bbox 0 0 3986 6384; ppageno 0'>
   <div class='ocr_carea' id='block_1_1' title="bbox 253 376 394 431">
    <p class='ocr_par' dir='ltr' id='par_1_1' title="bbox 253 376 394 431">
     <span class='ocr_line' id='line_1_1' title="bbox 253 376 394 431; baseline 0 -1"><span class='ocrx_word' id='word_1_1' title='bbox 253 376 394 431; x_wconf 78' lang='lat' dir='ltr'><strong>H73</strong></span> 
     </span>
    </p>
   </div>
   <div class='ocr_carea' id='block_1_2' title="bbox 1258 360 2493 439">
    <p class='ocr_par' dir='ltr' id='par_1_2' title="bbox 1258 360 2493 439">
     <span class='ocr_line' id='line_1_2' title="bbox 1258 360 2493 439; baseline -0.006 0"><span class='ocrx_word' id='word_1_2' title='bbox 1258 381 1563 439; x_wconf 70' lang='lat' dir='ltr'><strong>seuseu</strong></span> <span class='ocrx_word' id='word_1_3' title='bbox 1606 379 1669 434; x_wconf 87' lang='lat' dir='ltr'><strong>IN</strong></span> <span class='ocrx_word' id='word_1_4' title='bbox 1708 360 2042 437; x_wconf 58' lang='lat' dir='ltr'><strong>psalmos.</strong></span> <span class='ocrx_word' id='word_1_5' title='bbox 2076 411 2142 421; x_wconf 91' lang='grc'><strong><em>-</em></strong></span> <span class='ocrx_word' id='word_1_6' title='bbox 2174 379 2369 436; x_wconf 74' lang='lat' dir='ltr'><strong>PSAL.</strong></span> <span class='ocrx_word' id='word_1_7' title='bbox 2407 379 2493 436; x_wconf 79' lang='lat' dir='ltr'><strong>vr.</strong></span> 
     </span>
    </p>
   </div>
   <div class='ocr_carea' id='block_1_3' title="bbox 3369 379 3507 435">
    <p class='ocr_par' dir='ltr' id='par_1_3' title="bbox 3369 379 3507 435">
     <span class='ocr_line' id='line_1_3' title="bbox 3369 379 3507 435; baseline 0.007 -1"><span class='ocrx_word' id='word_1_8' title='bbox 3369 379 3507 435; x_wconf 70' lang='lat' dir='ltr'><strong>H74</strong></span> 
     </span>
    </p>
   </div>
   <div class='ocr_carea' id='block_1_4' title="bbox 154 492 1824 569">
    <p class='ocr_par' dir='ltr' id='par_1_4' title="bbox 154 492 1824 569">
     <span class='ocr_line' id='line_1_4' title="bbox 154 492 1824 569; baseline 0.004 -26"><span class='ocrx_word' id='word_1_9' title='bbox 154 540 157 543; x_wconf 91' lang='lat'><strong>.</strong></span> <span class='ocrx_word' id='word_1_10' title='bbox 249 494 418 549; x_wconf 83' lang='grc' dir='ltr'>ἐστίν.</span> <span class='ocrx_word' id='word_1_11' title='bbox 453 494 517 547; x_wconf 72' lang='grc' dir='ltr'><strong>Εἰ</strong></span> <span class='ocrx_word' id='word_1_12' title='bbox 555 492 614 547; x_wconf 85' lang='grc' dir='ltr'><strong>δέ</strong></span> <span class='ocrx_word' id='word_1_13' title='bbox 646 493 764 549; x_wconf 75' lang='grc' dir='ltr'>ἐστί</span> <span class='ocrx_word' id='word_1_14' title='bbox 800 512 883 559; x_wconf 85' lang='grc' dir='ltr'><strong>τις</strong></span> <span class='ocrx_word' id='word_1_15' title='bbox 925 495 1146 565; x_wconf 73' lang='grc' dir='ltr'>εὖλογος</span> <span class='ocrx_word' id='word_1_16' title='bbox 1180 495 1444 569; x_wconf 76' lang='grc' dir='ltr'><strong>καύχησις</strong></span> <span class='ocrx_word' id='word_1_17' title='bbox 1477 498 1569 551; x_wconf 72' lang='grc' dir='ltr'><strong>καὶ</strong></span> <span class='ocrx_word' id='word_1_18' title='bbox 1600 499 1658 550; x_wconf 81' lang='grc' dir='ltr'><strong>ἐν</strong></span> <span class='ocrx_word' id='word_1_19' title='bbox 1685 497 1824 569; x_wconf 68' lang='grc' dir='ltr'><strong>φόϐῳ</strong></span> 
     </span>
    </p>
   </div>
   <div class='ocr_carea' id='block_1_5' title="bbox 1937 492 3505 569">
    <p class='ocr_par' dir='ltr' id='par_1_5' title="bbox 1939 492 3505 563">
     <span class='ocr_line' id='line_1_5' title="bbox 1939 492 3505 563; baseline -0.002 -11"><span class='ocrx_word' id='word_1_20' title='bbox 1939 503 1991 553; x_wconf 92' lang='lat' dir='ltr'><strong>ln</strong></span> <span class='ocrx_word' id='word_1_21' title='bbox 2034 500 2229 553; x_wconf 98' lang='lat' dir='ltr'><strong>timore</strong></span> <span class='ocrx_word' id='word_1_22' title='bbox 2258 497 2351 553; x_wconf 90' lang='lat' dir='ltr'><strong>Dci</strong></span> <span class='ocrx_word' id='word_1_23' title='bbox 2381 493 2672 550; x_wconf 84' lang='lat' dir='ltr'><strong>laudabilis</strong></span> <span class='ocrx_word' id='word_1_24' title='bbox 2702 502 2787 550; x_wconf 90' lang='lat' dir='ltr'><strong>est</strong></span> <span class='ocrx_word' id='word_1_25' title='bbox 2812 492 3084 563; x_wconf 72' lang='lat' dir='ltr'><strong>gloriatio,</strong></span> <span class='ocrx_word' id='word_1_26' title='bbox 3110 492 3294 562; x_wconf 78' lang='lat' dir='ltr'><strong>utique</strong></span> <span class='ocrx_word' id='word_1_27' title='bbox 3327 494 3505 549; x_wconf 91' lang='lat' dir='ltr'><strong>minor</strong></span> 
     </span>
    </p>
   </div>
   <div class='ocr_carea' id='block_1_6' title="bbox 250 586 1828 661">
    <p class='ocr_par' dir='ltr' id='par_1_6' title="bbox 250 586 1828 661">
     <span class='ocr_line' id='line_1_6' title="bbox 250 586 1828 661; baseline 0.002 -21"><span class='ocrx_word' id='word_1_28' title='bbox 250 587 478 659; x_wconf 80' lang='grc' dir='ltr'>Κυρίου,</span> <span class='ocrx_word' id='word_1_29' title='bbox 512 586 748 641; x_wconf 82' lang='grc' dir='ltr'>ἐλάττων</span> <span class='ocrx_word' id='word_1_30' title='bbox 774 589 922 643; x_wconf 74' lang='grc' dir='ltr'>ἐστὶν</span> <span class='ocrx_word' id='word_1_31' title='bbox 949 589 1088 660; x_wconf 83' lang='grc' dir='ltr'>αὑτὴ</span> <span class='ocrx_word' id='word_1_32' title='bbox 1118 588 1234 653; x_wconf 76' lang='grc' dir='ltr'>τοῦ,</span> <span class='ocrx_word' id='word_1_33' title='bbox 1258 591 1621 661; x_wconf 78' lang='grc' dir='ltr'>καυχήσονται</span> <span class='ocrx_word' id='word_1_34' title='bbox 1648 591 1706 643; x_wconf 83' lang='grc' dir='ltr'><strong>ἐν</strong></span> <span class='ocrx_word' id='word_1_35' title='bbox 1727 590 1828 644; x_wconf 90' lang='grc' dir='ltr'>σοί.</span> 
     </span>
    </p>
   </div>
   <div class='ocr_carea' id='block_1_7' title="bbox 250 680 1835 754">
    <p class='ocr_par' dir='ltr' id='par_1_7' title="bbox 250 680 1835 754">
     <span class='ocr_line' id='line_1_7' title="bbox 250 680 1835 754; baseline 0.001 -21"><span class='ocrx_word' id='word_1_36' title='bbox 250 680 479 750; x_wconf 85' lang='grc' dir='ltr'>Εύλογεῖ</span> <span class='ocrx_word' id='word_1_37' title='bbox 514 681 571 734; x_wconf 86' lang='grc' dir='ltr'>δὲ</span> <span class='ocrx_word' id='word_1_38' title='bbox 624 680 748 735; x_wconf 84' lang='grc' dir='ltr'><strong>Νῶε</strong></span> <span class='ocrx_word' id='word_1_39' title='bbox 796 682 889 735; x_wconf 82' lang='grc' dir='ltr'><strong>τὸν</strong></span> <span class='ocrx_word' id='word_1_40' title='bbox 934 682 1055 754; x_wconf 81' lang='grc' dir='ltr'>Σὴμ</span> <span class='ocrx_word' id='word_1_41' title='bbox 1095 682 1189 735; x_wconf 74' lang='grc' dir='ltr'>καὶ</span> <span class='ocrx_word' id='word_1_42' title='bbox 1231 682 1323 735; x_wconf 81' lang='grc' dir='ltr'><strong>τὸν</strong></span> <span class='ocrx_word' id='word_1_43' title='bbox 1381 681 1583 753; x_wconf 75' lang='grc' dir='ltr'>Ἰαφέθο</span> <span class='ocrx_word' id='word_1_44' title='bbox 1626 681 1835 751; x_wconf 86' lang='grc' dir='ltr'>εύλογεῖ</span> 
     </span>
    </p>
   </div>
   <div class='ocr_carea' id='block_1_8' title="bbox 249 771 1830 846">
    <p class='ocr_par' dir='ltr' id='par_1_8' title="bbox 249 771 1830 846">
     <span class='ocr_line' id='line_1_8' title="bbox 249 771 1830 846; baseline -0.001 -19"><span class='ocrx_word' id='word_1_45' title='bbox 249 773 585 845; x_wconf 81' lang='grc' dir='ltr'>Μελχισεδὲκ</span> <span class='ocrx_word' id='word_1_46' title='bbox 619 774 712 827; x_wconf 82' lang='grc' dir='ltr'><strong>τὸν</strong></span> <span class='ocrx_word' id='word_1_47' title='bbox 753 772 1027 846; x_wconf 78' lang='grc' dir='ltr'>Ἀϐραὰμ,</span> <span class='ocrx_word' id='word_1_48' title='bbox 1064 773 1159 826; x_wconf 79' lang='grc' dir='ltr'><strong>καὶ</strong></span> <span class='ocrx_word' id='word_1_49' title='bbox 1190 775 1218 827; x_wconf 92' lang='lat'><strong>6</strong></span> <span class='ocrx_word' id='word_1_50' title='bbox 1254 773 1440 827; x_wconf 75' lang='grc' dir='ltr'>Ἰσαὰκ</span> <span class='ocrx_word' id='word_1_51' title='bbox 1478 772 1569 826; x_wconf 76' lang='grc' dir='ltr'>τὸν</span> <span class='ocrx_word' id='word_1_52' title='bbox 1615 771 1830 840; x_wconf 77' lang='grc' dir='ltr'>Ἰακὼϐ,</span> 
     </span>
    </p>
   </div>
   <div class='ocr_carea' id='block_1_9' title="bbox 249 863 1828 934">
    <p class='ocr_par' dir='ltr' id='par_1_9' title="bbox 249 863 1828 934">
     <span class='ocr_line' id='line_1_9' title="bbox 249 863 1828 934; baseline -0.001 -16"><span class='ocrx_word' id='word_1_53' title='bbox 249 866 346 919; x_wconf 78' lang='grc' dir='ltr'>καὶ</span> <span class='ocrx_word' id='word_1_54' title='bbox 374 868 402 918; x_wconf 98' lang='lat'><strong>6</strong></span> <span class='ocrx_word' id='word_1_55' title='bbox 441 864 637 919; x_wconf 82' lang='grc' dir='ltr'>Ἰακὼὸ</span> <span class='ocrx_word' id='word_1_56' title='bbox 666 865 793 927; x_wconf 81' lang='grc' dir='ltr'>τοὺς</span> <span class='ocrx_word' id='word_1_57' title='bbox 817 864 1045 933; x_wconf 82' lang='grc' dir='ltr'>δώδεκα,</span> <span class='ocrx_word' id='word_1_58' title='bbox 1073 865 1166 919; x_wconf 77' lang='grc' dir='ltr'><strong>καὶ</strong></span> <span class='ocrx_word' id='word_1_59' title='bbox 1194 866 1222 917; x_wconf 87' lang='grc' dir='ltr'><strong>ὁ</strong></span> <span class='ocrx_word' id='word_1_60' title='bbox 1250 865 1493 933; x_wconf 80' lang='grc' dir='ltr'>Μωῦσῆς</span> <span class='ocrx_word' id='word_1_61' title='bbox 1508 865 1607 928; x_wconf 77' lang='grc' dir='ltr'><strong>τὰς</strong></span> <span class='ocrx_word' id='word_1_62' title='bbox 1640 863 1828 934; x_wconf 74' lang='grc' dir='ltr'>φυλάςο</span> 
     </span>
    </p>
   </div>
   <div class='ocr_carea' id='block_1_10' title="bbox 246 955 1833 1028">
    <p class='ocr_par' dir='ltr' id='par_1_10' title="bbox 246 955 1833 1028">
     <span class='ocr_line' id='line_1_10' title="bbox 246 955 1833 1028; baseline -0.001 -19"><span class='ocrx_word' id='word_1_63' title='bbox 246 957 383 1010; x_wconf 74' lang='grc' dir='ltr'>ἀλλὰ</span> <span class='ocrx_word' id='word_1_64' title='bbox 420 957 560 1027; x_wconf 79' lang='grc' dir='ltr'>ὑπὲρ</span> <span class='ocrx_word' id='word_1_65' title='bbox 607 958 784 1011; x_wconf 83' lang='grc' dir='ltr'>πάντα</span> <span class='ocrx_word' id='word_1_66' title='bbox 825 956 1000 1011; x_wconf 77' lang='grc' dir='ltr'>ταῦτα</span> <span class='ocrx_word' id='word_1_67' title='bbox 1055 958 1146 1009; x_wconf 77' lang='grc' dir='ltr'><strong>καὶ</strong></span> <span class='ocrx_word' id='word_1_68' title='bbox 1197 956 1338 1028; x_wconf 85' lang='grc' dir='ltr'>μετὰ</span> <span class='ocrx_word' id='word_1_69' title='bbox 1384 956 1557 1010; x_wconf 80' lang='grc' dir='ltr'>ταῦτα</span> <span class='ocrx_word' id='word_1_70' title='bbox 1598 955 1757 1019; x_wconf 81' lang='grc' dir='ltr'>αὐτὸς</span> <span class='ocrx_word' id='word_1_71' title='bbox 1805 957 1833 1009; x_wconf 91' lang='lat'><strong>6</strong></span> 
     </span>
    </p>
   </div>
   <div class='ocr_carea' id='block_1_11' title="bbox 247 1046 1833 1120">
    <p class='ocr_par' dir='ltr' id='par_1_11' title="bbox 247 1046 1833 1120">
     <span class='ocr_line' id='line_1_11' title="bbox 247 1046 1833 1120; baseline -0.001 -19"><span class='ocrx_word' id='word_1_72' title='bbox 247 1047 450 1119; x_wconf 83' lang='grc' dir='ltr'>Κύριος</span> <span class='ocrx_word' id='word_1_73' title='bbox 475 1048 758 1120; x_wconf 78' lang='grc' dir='ltr'>εύλογήσει</span> <span class='ocrx_word' id='word_1_74' title='bbox 787 1048 878 1101; x_wconf 81' lang='grc' dir='ltr'><strong>τὸν</strong></span> <span class='ocrx_word' id='word_1_75' title='bbox 911 1048 1137 1113; x_wconf 87' lang='grc' dir='ltr'>δίκαιον,</span> <span class='ocrx_word' id='word_1_76' title='bbox 1189 1048 1450 1117; x_wconf 83' lang='grc' dir='ltr'>ἀνάλογον</span> <span class='ocrx_word' id='word_1_77' title='bbox 1479 1048 1578 1119; x_wconf 80' lang='grc' dir='ltr'><strong>τῷ,</strong></span> <span class='ocrx_word' id='word_1_78' title='bbox 1617 1065 1636 1099; x_wconf 74' lang='grc' dir='ltr'><strong>ι</strong></span> <span class='ocrx_word' id='word_1_79' title='bbox 1661 1046 1833 1111; x_wconf 84' lang='grc' dir='ltr'>Αὐτὸς</span> 
     </span>
    </p>
   </div>
   <div class='ocr_carea' id='block_1_12' title="bbox 163 1139 1826 1213">
    <p class='ocr_par' dir='ltr' id='par_1_12' title="bbox 163 1139 1826 1213">
     <span class='ocr_line' id='line_1_12' title="bbox 163 1139 1826 1213; baseline -0.001 -20"><span class='ocrx_word' id='word_1_80' title='bbox 163 1184 178 1201; x_wconf 86' lang='grc'><strong>,</strong></span> <span class='ocrx_word' id='word_1_81' title='bbox 243 1142 273 1193; x_wconf 92' lang='lat'><strong>6</strong></span> <span class='ocrx_word' id='word_1_82' title='bbox 292 1139 468 1194; x_wconf 84' lang='grc' dir='ltr'>λαλῶν</span> <span class='ocrx_word' id='word_1_83' title='bbox 497 1141 746 1211; x_wconf 84' lang='grc' dir='ltr'>πάρειμι,</span> <span class='ocrx_word' id='word_1_84' title='bbox 780 1160 799 1193; x_wconf 70' lang='grc' dir='ltr'><strong>ι</strong></span> <span class='ocrx_word' id='word_1_85' title='bbox 821 1141 914 1193; x_wconf 74' lang='grc' dir='ltr'>καὶ</span> <span class='ocrx_word' id='word_1_86' title='bbox 941 1139 1038 1210; x_wconf 83' lang='grc' dir='ltr'><strong>τῷ,</strong></span> <span class='ocrx_word' id='word_1_87' title='bbox 1064 1158 1082 1191; x_wconf 80' lang='grc' dir='ltr'><strong>ι</strong></span> <span class='ocrx_word' id='word_1_88' title='bbox 1108 1139 1199 1211; x_wconf 86' lang='grc' dir='ltr'><strong>Μὴ</strong></span> <span class='ocrx_word' id='word_1_89' title='bbox 1219 1141 1380 1203; x_wconf 75' lang='grc' dir='ltr'>αὐτὸς</span> <span class='ocrx_word' id='word_1_90' title='bbox 1408 1139 1782 1213; x_wconf 78' lang='grc' dir='ltr'>συμπορεύσῃ.</span> <span class='ocrx_word' id='word_1_91' title='bbox 1807 1158 1826 1191; x_wconf 71' lang='grc' dir='ltr'><strong>ι</strong></span> 
     </span>
    </p>
   </div>
   <div class='ocr_carea' id='block_1_13' title="bbox 326 1230 1829 1301">
    <p class='ocr_par' dir='ltr' id='par_1_13' title="bbox 326 1230 1829 1301">
     <span class='ocr_line' id='line_1_13' title="bbox 326 1230 1829 1301; baseline 0.001 -16"><span class='ocrx_word' id='word_1_92' title='bbox 326 1233 421 1297; x_wconf 81' lang='grc' dir='ltr'><strong>Ὠς</strong></span> <span class='ocrx_word' id='word_1_93' title='bbox 452 1230 620 1298; x_wconf 79' lang='grc' dir='ltr'><strong>ὅπλῳ</strong></span> <span class='ocrx_word' id='word_1_94' title='bbox 644 1231 924 1299; x_wconf 81' lang='grc' dir='ltr'><strong>εὐδοκίας</strong></span> <span class='ocrx_word' id='word_1_95' title='bbox 948 1232 1377 1301; x_wconf 64' lang='grc' dir='ltr'>ἐστεφάνωσας</span> <span class='ocrx_word' id='word_1_96' title='bbox 1403 1230 1582 1301; x_wconf 75' lang='grc' dir='ltr'>ἡμᾶς,</span> <span class='ocrx_word' id='word_1_97' title='bbox 1609 1250 1663 1285; x_wconf 91' lang='grc' dir='ltr'><strong>κ.</strong></span> <span class='ocrx_word' id='word_1_98' title='bbox 1693 1249 1743 1284; x_wconf 88' lang='grc' dir='ltr'><strong>τ.</strong></span> <span class='ocrx_word' id='word_1_99' title='bbox 1782 1233 1829 1287; x_wconf 86' lang='grc' dir='ltr'>ὲ.</span> 
     </span>
    </p>
   </div>
   <div class='ocr_carea' id='block_1_14' title="bbox 244 1322 1828 1394">
    <p class='ocr_par' dir='ltr' id='par_1_14' title="bbox 244 1322 1828 1394">
     <span class='ocr_line' id='line_1_14' title="bbox 244 1322 1828 1394; baseline 0 -19"><span class='ocrx_word' id='word_1_100' title='bbox 244 1323 451 1376; x_wconf 81' lang='grc' dir='ltr'>Ταυτὸν</span> <span class='ocrx_word' id='word_1_101' title='bbox 480 1324 595 1375; x_wconf 84' lang='grc' dir='ltr'>ἐστι</span> <span class='ocrx_word' id='word_1_102' title='bbox 635 1322 741 1375; x_wconf 83' lang='grc' dir='ltr'>τῶν</span> <span class='ocrx_word' id='word_1_103' title='bbox 775 1323 886 1394; x_wconf 70' lang='grc'><strong>(28)</strong></span> <span class='ocrx_word' id='word_1_104' title='bbox 934 1324 1156 1377; x_wconf 89' lang='grc' dir='ltr'>δικαίων</span> <span class='ocrx_word' id='word_1_105' title='bbox 1192 1323 1357 1376; x_wconf 83' lang='grc' dir='ltr'>ὅπλον</span> <span class='ocrx_word' id='word_1_106' title='bbox 1403 1323 1498 1375; x_wconf 74' lang='grc' dir='ltr'><strong>καὶ</strong></span> <span class='ocrx_word' id='word_1_107' title='bbox 1546 1323 1828 1392; x_wconf 76' lang='grc' dir='ltr'>στέφανοςο</span> 
     </span>
    </p>
   </div>
   <div class='ocr_carea' id='block_1_15' title="bbox 240 1415 1832 1487">
    <p class='ocr_par' dir='ltr' id='par_1_15' title="bbox 240 1415 1832 1487">
     <span class='ocr_line' id='line_1_15' title="bbox 240 1415 1832 1487; baseline 0.001 -19"><span class='ocrx_word' id='word_1_108' title='bbox 240 1416 316 1480; x_wconf 85' lang='grc' dir='ltr'>ὡς</span> <span class='ocrx_word' id='word_1_109' title='bbox 358 1417 447 1469; x_wconf 73' lang='grc' dir='ltr'><strong>τὸν</strong></span> <span class='ocrx_word' id='word_1_110' title='bbox 479 1416 842 1487; x_wconf 82' lang='grc' dir='ltr'>ὁπλισάμενον</span> <span class='ocrx_word' id='word_1_111' title='bbox 881 1415 1331 1484; x_wconf 84' lang='grc' dir='ltr'>ἐστεφανοῦσθαι,</span> <span class='ocrx_word' id='word_1_112' title='bbox 1380 1417 1473 1469; x_wconf 75' lang='grc' dir='ltr'><strong>καὶ</strong></span> <span class='ocrx_word' id='word_1_113' title='bbox 1504 1416 1593 1469; x_wconf 79' lang='grc' dir='ltr'><strong>τὸν</strong></span> <span class='ocrx_word' id='word_1_114' title='bbox 1634 1433 1832 1486; x_wconf 85' lang='grc' dir='ltr'>στεφα-</span> 
     </span>
    </p>
   </div>
   <div class='ocr_carea' id='block_1_16' title="bbox 241 1506 1828 1579">
    <p class='ocr_par' dir='ltr' id='par_1_16' title="bbox 241 1506 1828 1579">
     <span class='ocr_line' id='line_1_16' title="bbox 241 1506 1828 1579; baseline 0.001 -20"><span class='ocrx_word' id='word_1_115' title='bbox 241 1506 500 1578; x_wconf 89' lang='grc' dir='ltr'>νούμενον</span> <span class='ocrx_word' id='word_1_116' title='bbox 558 1506 848 1563; x_wconf 82' lang='grc' dir='ltr'>ὡπλίσθαι.</span> <span class='ocrx_word' id='word_1_117' title='bbox 899 1509 1053 1578; x_wconf 85' lang='grc' dir='ltr'>Ἔχει</span> <span class='ocrx_word' id='word_1_118' title='bbox 1097 1508 1154 1561; x_wconf 83' lang='grc' dir='ltr'>δὲ</span> <span class='ocrx_word' id='word_1_119' title='bbox 1195 1506 1353 1561; x_wconf 79' lang='grc' dir='ltr'>τοῦτό</span> <span class='ocrx_word' id='word_1_120' title='bbox 1402 1526 1454 1561; x_wconf 87' lang='grc' dir='ltr'><strong>τι</strong></span> <span class='ocrx_word' id='word_1_121' title='bbox 1498 1509 1683 1578; x_wconf 82' lang='grc' dir='ltr'>ὅμοιον</span> <span class='ocrx_word' id='word_1_122' title='bbox 1730 1508 1828 1579; x_wconf 79' lang='grc' dir='ltr'><strong>τῷ,</strong></span> 
     </span>
    </p>
   </div>
   <div class='ocr_carea' id='block_1_17' title="bbox 247 1599 1830 1672">
    <p class='ocr_par' dir='ltr' id='par_1_17' title="bbox 247 1599 1830 1672">
     <span class='ocr_line' id='line_1_17' title="bbox 247 1599 1830 1672; baseline 0.003 -23"><span class='ocrx_word' id='word_1_123' title='bbox 247 1616 265 1649; x_wconf 75' lang='grc' dir='ltr'><strong>ι</strong></span> <span class='ocrx_word' id='word_1_124' title='bbox 294 1600 552 1670; x_wconf 84' lang='grc' dir='ltr'><strong>Στεφάνῳ</strong></span> <span class='ocrx_word' id='word_1_125' title='bbox 584 1599 640 1652; x_wconf 84' lang='grc' dir='ltr'>δὲ</span> <span class='ocrx_word' id='word_1_126' title='bbox 686 1599 898 1671; x_wconf 80' lang='grc' dir='ltr'>τρυφῆς</span> <span class='ocrx_word' id='word_1_127' title='bbox 945 1600 1307 1672; x_wconf 84' lang='grc' dir='ltr'>ὑπερασπίσει</span> <span class='ocrx_word' id='word_1_128' title='bbox 1348 1618 1427 1655; x_wconf 89' lang='grc' dir='ltr'><strong>σε.</strong></span> <span class='ocrx_word' id='word_1_129' title='bbox 1458 1621 1475 1652; x_wconf 70' lang='grc' dir='ltr'><strong>ι</strong></span> <span class='ocrx_word' id='word_1_130' title='bbox 1521 1602 1586 1654; x_wconf 85' lang='lat' dir='ltr'><strong>&#39;H</strong></span> <span class='ocrx_word' id='word_1_131' title='bbox 1631 1602 1830 1669; x_wconf 79' lang='grc' dir='ltr'>γνῶσις</span> 
     </span>
    </p>
   </div>
   <div class='ocr_carea' id='block_1_18' title="bbox 239 1685 1826 1764">
    <p class='ocr_par' dir='ltr' id='par_1_18' title="bbox 239 1685 1826 1764">
     <span class='ocr_line' id='line_1_18' title="bbox 239 1685 1826 1764; baseline 0.003 -20"><span class='ocrx_word' id='word_1_132' title='bbox 239 1685 332 1744; x_wconf 75' lang='grc' dir='ltr'><strong>οὖν</strong></span> <span class='ocrx_word' id='word_1_133' title='bbox 378 1691 472 1744; x_wconf 79' lang='grc' dir='ltr'>τοῦ</span> <span class='ocrx_word' id='word_1_134' title='bbox 528 1691 702 1758; x_wconf 76' lang='grc' dir='ltr'>Θεοῦ,</span> <span class='ocrx_word' id='word_1_135' title='bbox 750 1693 798 1744; x_wconf 84' lang='grc' dir='ltr'><strong>εί</strong></span> <span class='ocrx_word' id='word_1_136' title='bbox 864 1692 961 1762; x_wconf 82' lang='grc' dir='ltr'><strong>μὲν</strong></span> <span class='ocrx_word' id='word_1_137' title='bbox 1023 1692 1290 1762; x_wconf 78' lang='grc' dir='ltr'><strong>ἀμύνεται</strong></span> <span class='ocrx_word' id='word_1_138' title='bbox 1337 1694 1463 1756; x_wconf 82' lang='grc' dir='ltr'>τοὺς</span> <span class='ocrx_word' id='word_1_139' title='bbox 1516 1692 1826 1764; x_wconf 71' lang='grc' dir='ltr'>πολεμίους,</span> 
     </span>
    </p>
   </div>
   <div class='ocr_carea' id='block_1_19' title="bbox 238 1782 1828 1854">
    <p class='ocr_par' dir='ltr' id='par_1_19' title="bbox 238 1782 1828 1854">
     <span class='ocr_line' id='line_1_19' title="bbox 238 1782 1828 1854; baseline 0 -19"><span class='ocrx_word' id='word_1_140' title='bbox 238 1783 402 1835; x_wconf 83' lang='grc' dir='ltr'>ὅπλον</span> <span class='ocrx_word' id='word_1_141' title='bbox 434 1782 580 1836; x_wconf 76' lang='grc' dir='ltr'>ἐστὶν</span> <span class='ocrx_word' id='word_1_142' title='bbox 613 1782 880 1846; x_wconf 73' lang='grc' dir='ltr'>εὐδοκίαςο</span> <span class='ocrx_word' id='word_1_143' title='bbox 909 1786 956 1836; x_wconf 85' lang='grc' dir='ltr'><strong>εἰ</strong></span> <span class='ocrx_word' id='word_1_144' title='bbox 986 1783 1043 1836; x_wconf 81' lang='grc' dir='ltr'>δὲ</span> <span class='ocrx_word' id='word_1_145' title='bbox 1072 1783 1377 1854; x_wconf 79' lang='grc' dir='ltr'>βασιλεύειν</span> <span class='ocrx_word' id='word_1_146' title='bbox 1403 1787 1546 1837; x_wconf 87' lang='grc' dir='ltr'>ποιεῖ</span> <span class='ocrx_word' id='word_1_147' title='bbox 1569 1801 1689 1836; x_wconf 89' lang='grc' dir='ltr'>τινα</span> <span class='ocrx_word' id='word_1_148' title='bbox 1720 1782 1828 1836; x_wconf 81' lang='grc' dir='ltr'><strong>τῶν</strong></span> 
     </span>
    </p>
   </div>
   <div class='ocr_carea' id='block_1_20' title="bbox 1936 585 3507 661">
    <p class='ocr_par' dir='ltr' id='par_1_20' title="bbox 1936 585 3507 661">
     <span class='ocr_line' id='line_1_20' title="bbox 1936 585 3507 661; baseline -0.003 -15"><span class='ocrx_word' id='word_1_149' title='bbox 1936 602 2019 646; x_wconf 89' lang='lat' dir='ltr'><strong>est</strong></span> <span class='ocrx_word' id='word_1_150' title='bbox 2045 607 2106 647; x_wconf 90' lang='lat' dir='ltr'><strong>ea</strong></span> <span class='ocrx_word' id='word_1_151' title='bbox 2136 606 2241 660; x_wconf 87' lang='lat' dir='ltr'><strong>qua</strong></span> <span class='ocrx_word' id='word_1_152' title='bbox 2268 588 2649 661; x_wconf 90' lang='lat' dir='ltr'><strong>gloriabuntur</strong></span> <span class='ocrx_word' id='word_1_153' title='bbox 2679 586 2733 641; x_wconf 94' lang='lat' dir='ltr'><strong>in</strong></span> <span class='ocrx_word' id='word_1_154' title='bbox 2766 595 2839 642; x_wconf 93' lang='lat' dir='ltr'><strong>te.</strong></span> <span class='ocrx_word' id='word_1_155' title='bbox 2878 586 3164 643; x_wconf 88' lang='lat' dir='ltr'><strong>Benedicit</strong></span> <span class='ocrx_word' id='word_1_156' title='bbox 3190 586 3303 641; x_wconf 79' lang='lat' dir='ltr'><strong>Noe</strong></span> <span class='ocrx_word' id='word_1_157' title='bbox 3342 585 3507 642; x_wconf 90' lang='lat' dir='ltr'><strong>Semo</strong></span> 
     </span>
    </p>
   </div>
   <div class='ocr_carea' id='block_1_21' title="bbox 1933 678 3507 751">
    <p class='ocr_par' dir='ltr' id='par_1_21' title="bbox 1933 678 3507 751">
     <span class='ocr_line' id='line_1_21' title="bbox 1933 678 3507 751; baseline -0.001 -14"><span class='ocrx_word' id='word_1_158' title='bbox 1933 692 1988 737; x_wconf 91' lang='lat' dir='ltr'><strong>et</strong></span> <span class='ocrx_word' id='word_1_159' title='bbox 2016 680 2284 751; x_wconf 79' lang='lat' dir='ltr'><strong>Japlreto;</strong></span> <span class='ocrx_word' id='word_1_160' title='bbox 2319 680 2598 736; x_wconf 85' lang='lat' dir='ltr'><strong>benedicit</strong></span> <span class='ocrx_word' id='word_1_161' title='bbox 2630 678 3024 735; x_wconf 79' lang='lat' dir='ltr'><strong>Melchisedech</strong></span> <span class='ocrx_word' id='word_1_162' title='bbox 3077 680 3409 745; x_wconf 86' lang='lat' dir='ltr'><strong>Abrahamo,</strong></span> <span class='ocrx_word' id='word_1_163' title='bbox 3451 690 3507 735; x_wconf 90' lang='lat' dir='ltr'><strong>et</strong></span> 
     </span>
    </p>
   </div>
   <div class='ocr_carea' id='block_1_22' title="bbox 1934 768 3507 841">
    <p class='ocr_par' dir='ltr' id='par_1_22' title="bbox 1934 768 3507 841">
     <span class='ocr_line' id='line_1_22' title="bbox 1934 768 3507 841; baseline -0.001 -17"><span class='ocrx_word' id='word_1_164' title='bbox 1934 771 2084 826; x_wconf 86' lang='lat' dir='ltr'><strong>lsaac</strong></span> <span class='ocrx_word' id='word_1_165' title='bbox 2113 769 2337 835; x_wconf 83' lang='lat' dir='ltr'><strong>Jacobo,</strong></span> <span class='ocrx_word' id='word_1_166' title='bbox 2366 780 2419 825; x_wconf 91' lang='lat' dir='ltr'><strong>et</strong></span> <span class='ocrx_word' id='word_1_167' title='bbox 2450 768 2622 825; x_wconf 87' lang='lat' dir='ltr'><strong>Jacob</strong></span> <span class='ocrx_word' id='word_1_168' title='bbox 2657 768 2966 837; x_wconf 82' lang='lat' dir='ltr'><strong>duodecim,</strong></span> <span class='ocrx_word' id='word_1_169' title='bbox 2995 778 3051 824; x_wconf 91' lang='lat' dir='ltr'><strong>et</strong></span> <span class='ocrx_word' id='word_1_170' title='bbox 3095 769 3309 841; x_wconf 80' lang='lat' dir='ltr'><strong>Moyses</strong></span> <span class='ocrx_word' id='word_1_171' title='bbox 3333 770 3507 825; x_wconf 63' lang='lat' dir='ltr'><strong>tribuo</strong></span> 
     </span>
    </p>
   </div>
   <div class='ocr_carea' id='block_1_23' title="bbox 1932 861 3508 931">
    <p class='ocr_par' dir='ltr' id='par_1_23' title="bbox 1932 861 3508 931">
     <span class='ocr_line' id='line_1_23' title="bbox 1932 861 3508 931; baseline -0.001 -14"><span class='ocrx_word' id='word_1_172' title='bbox 1932 863 2067 925; x_wconf 86' lang='lat' dir='ltr'><strong>bus;</strong></span> <span class='ocrx_word' id='word_1_173' title='bbox 2122 862 2215 917; x_wconf 90' lang='lat' dir='ltr'><strong>sed</strong></span> <span class='ocrx_word' id='word_1_174' title='bbox 2248 876 2415 931; x_wconf 88' lang='lat' dir='ltr'><strong>super</strong></span> <span class='ocrx_word' id='word_1_175' title='bbox 2452 862 2570 917; x_wconf 67' lang='lat' dir='ltr'><strong>haec</strong></span> <span class='ocrx_word' id='word_1_176' title='bbox 2621 862 2801 916; x_wconf 82' lang='lat' dir='ltr'><strong>omnia</strong></span> <span class='ocrx_word' id='word_1_177' title='bbox 2831 869 2886 917; x_wconf 94' lang='lat' dir='ltr'><strong>et</strong></span> <span class='ocrx_word' id='word_1_178' title='bbox 2930 872 3053 931; x_wconf 90' lang='lat' dir='ltr'><strong>post</strong></span> <span class='ocrx_word' id='word_1_179' title='bbox 3102 861 3237 923; x_wconf 59' lang='lat' dir='ltr'><strong>haec,</strong></span> <span class='ocrx_word' id='word_1_180' title='bbox 3280 861 3508 929; x_wconf 76' lang='lat' dir='ltr'><strong>ipsemet</strong></span> 
     </span>
    </p>
   </div>
   <div class='ocr_carea' id='block_1_24' title="bbox 1934 946 3507 1019">
    <p class='ocr_par' dir='ltr' id='par_1_24' title="bbox 1934 946 3507 1019">
     <span class='ocr_line' id='line_1_24' title="bbox 1934 946 3507 1019; baseline 0.002 -17"><span class='ocrx_word' id='word_1_181' title='bbox 1934 948 2202 1003; x_wconf 89' lang='lat' dir='ltr'><strong>Dominus</strong></span> <span class='ocrx_word' id='word_1_182' title='bbox 2255 947 2544 1003; x_wconf 90' lang='lat' dir='ltr'><strong>benedicet</strong></span> <span class='ocrx_word' id='word_1_183' title='bbox 2586 948 2755 1018; x_wconf 80' lang='lat' dir='ltr'><strong>justo,</strong></span> <span class='ocrx_word' id='word_1_184' title='bbox 2806 948 2962 1019; x_wconf 75' lang='lat' dir='ltr'><strong>juxta</strong></span> <span class='ocrx_word' id='word_1_185' title='bbox 3009 948 3140 1003; x_wconf 90' lang='lat' dir='ltr'><strong>illud</strong></span> <span class='ocrx_word' id='word_1_186' title='bbox 3191 949 3241 989; x_wconf 72' lang='grc'><strong>⁷³</strong></span> <span class='ocrx_word' id='word_1_187' title='bbox 3274 966 3289 1004; x_wconf 91' lang='lat'><strong>:</strong></span> <span class='ocrx_word' id='word_1_188' title='bbox 3326 966 3345 1000; x_wconf 70' lang='grc' dir='ltr'><strong>ι</strong></span> <span class='ocrx_word' id='word_1_189' title='bbox 3386 946 3507 1017; x_wconf 85' lang='lat' dir='ltr'><strong>ipse</strong></span> 
     </span>
    </p>
   </div>
   <div class='ocr_carea' id='block_1_25' title="bbox 1933 1039 3507 1113">
    <p class='ocr_par' dir='ltr' id='par_1_25' title="bbox 1933 1039 3507 1113">
     <span class='ocr_line' id='line_1_25' title="bbox 1933 1039 3507 1113; baseline 0.005 -21"><span class='ocrx_word' id='word_1_190' title='bbox 1933 1040 2024 1109; x_wconf 86' lang='lat' dir='ltr'><strong>qui</strong></span> <span class='ocrx_word' id='word_1_191' title='bbox 2064 1039 2352 1109; x_wconf 84' lang='lat' dir='ltr'><strong>loquebar,</strong></span> <span class='ocrx_word' id='word_1_192' title='bbox 2394 1040 2606 1107; x_wconf 84' lang='lat' dir='ltr'><strong>adsum,</strong></span> <span class='ocrx_word' id='word_1_193' title='bbox 2658 1060 2677 1095; x_wconf 72' lang='grc' dir='ltr'><strong>ι</strong></span> <span class='ocrx_word' id='word_1_194' title='bbox 2734 1050 2789 1097; x_wconf 91' lang='lat' dir='ltr'><strong>et</strong></span> <span class='ocrx_word' id='word_1_195' title='bbox 2842 1041 2989 1097; x_wconf 80' lang='lat' dir='ltr'><strong>istud</strong></span> <span class='ocrx_word' id='word_1_196' title='bbox 3031 1040 3120 1096; x_wconf 71' lang='grc' dir='ltr'><strong>’δι</strong></span> <span class='ocrx_word' id='word_1_197' title='bbox 3159 1061 3177 1094; x_wconf 73' lang='grc' dir='ltr'><strong>ι</strong></span> <span class='ocrx_word' id='word_1_198' title='bbox 3214 1040 3329 1097; x_wconf 84' lang='grc' dir='ltr'>Νοιι</span> <span class='ocrx_word' id='word_1_199' title='bbox 3390 1041 3507 1113; x_wconf 74' lang='lat' dir='ltr'><strong>ipse</strong></span> 
     </span>
    </p>
   </div>
   <div class='ocr_carea' id='block_1_26' title="bbox 1933 1133 2085 1188">
    <p class='ocr_par' dir='ltr' id='par_1_26' title="bbox 1933 1133 2085 1188">
     <span class='ocr_line' id='line_1_26' title="bbox 1933 1133 2085 1188; baseline -0.007 -2"><span class='ocrx_word' id='word_1_200' title='bbox 1933 1133 2085 1188; x_wconf 70' lang='lat' dir='ltr'><strong>ibis.)</strong></span> 
     </span>
    </p>
   </div>
   <div class='ocr_carea' id='block_1_27' title="bbox 2009 1225 3507 1283">
    <p class='ocr_par' dir='ltr' id='par_1_27' title="bbox 2009 1225 3507 1283">
     <span class='ocr_line' id='line_1_27' title="bbox 2009 1225 3507 1283; baseline 0.002 -4"><span class='ocrx_word' id='word_1_201' title='bbox 2009 1225 2169 1280; x_wconf 73' lang='lat' dir='ltr'><strong>Vens.</strong></span> <span class='ocrx_word' id='word_1_202' title='bbox 2207 1226 2294 1282; x_wconf 77' lang='grc'><strong>15.</strong></span> <span class='ocrx_word' id='word_1_203' title='bbox 2329 1225 2397 1281; x_wconf 78' lang='lat' dir='ltr'><strong>Ut</strong></span> <span class='ocrx_word' id='word_1_204' title='bbox 2420 1234 2566 1280; x_wconf 80' lang='lat' dir='ltr'><strong>scuto</strong></span> <span class='ocrx_word' id='word_1_205' title='bbox 2602 1225 2750 1280; x_wconf 72' lang='lat' dir='ltr'><strong>bona:</strong></span> <span class='ocrx_word' id='word_1_206' title='bbox 2784 1226 3069 1281; x_wconf 77' lang='lat' dir='ltr'><strong>voluntatis</strong></span> <span class='ocrx_word' id='word_1_207' title='bbox 3106 1236 3212 1282; x_wconf 73' lang='lat' dir='ltr'><strong>tute</strong></span> <span class='ocrx_word' id='word_1_208' title='bbox 3241 1229 3507 1283; x_wconf 76' lang='lat' dir='ltr'><strong>coronasti</strong></span> 
     </span>
    </p>
   </div>
   <div class='ocr_carea' id='block_1_28' title="bbox 1914 1308 3504 1384">
    <p class='ocr_par' dir='ltr' id='par_1_28' title="bbox 1914 1308 3504 1384">
     <span class='ocr_line' id='line_1_28' title="bbox 1914 1308 3504 1384; baseline 0.002 -14"><span class='ocrx_word' id='word_1_209' title='bbox 1914 1308 2046 1382; x_wconf 47' lang='lat' dir='ltr'><strong>&#39;nos,</strong></span> <span class='ocrx_word' id='word_1_210' title='bbox 2080 1329 2189 1373; x_wconf 86' lang='lat' dir='ltr'><strong>etc.</strong></span> <span class='ocrx_word' id='word_1_211' title='bbox 2217 1318 2361 1373; x_wconf 90' lang='lat' dir='ltr'><strong>Idem</strong></span> <span class='ocrx_word' id='word_1_212' title='bbox 2419 1327 2503 1370; x_wconf 85' lang='lat' dir='ltr'><strong>est</strong></span> <span class='ocrx_word' id='word_1_213' title='bbox 2539 1316 2811 1384; x_wconf 88' lang='lat' dir='ltr'><strong>justorum</strong></span> <span class='ocrx_word' id='word_1_214' title='bbox 2846 1328 3057 1373; x_wconf 80' lang='lat' dir='ltr'><strong>scutum</strong></span> <span class='ocrx_word' id='word_1_215' title='bbox 3083 1326 3138 1373; x_wconf 90' lang='lat' dir='ltr'><strong>et</strong></span> <span class='ocrx_word' id='word_1_216' title='bbox 3175 1333 3397 1382; x_wconf 88' lang='lat' dir='ltr'><strong>corona,</strong></span> <span class='ocrx_word' id='word_1_217' title='bbox 3430 1319 3504 1373; x_wconf 88' lang='lat' dir='ltr'><strong>ita</strong></span> 
     </span>
    </p>
   </div>
   <div class='ocr_carea' id='block_1_29' title="bbox 1928 1411 3508 1481">
    <p class='ocr_par' dir='ltr' id='par_1_29' title="bbox 1928 1411 3508 1481">
     <span class='ocr_line' id='line_1_29' title="bbox 1928 1411 3508 1481; baseline 0.002 -18"><span class='ocrx_word' id='word_1_218' title='bbox 1928 1422 1991 1464; x_wconf 68' lang='lat' dir='ltr'><strong>‘ut</strong></span> <span class='ocrx_word' id='word_1_219' title='bbox 2023 1411 2113 1481; x_wconf 93' lang='lat' dir='ltr'><strong>qui</strong></span> <span class='ocrx_word' id='word_1_220' title='bbox 2146 1412 2249 1466; x_wconf 85' lang='lat' dir='ltr'><strong>hoc</strong></span> <span class='ocrx_word' id='word_1_221' title='bbox 2277 1420 2428 1465; x_wconf 92' lang='lat' dir='ltr'><strong>scuto</strong></span> <span class='ocrx_word' id='word_1_222' title='bbox 2452 1418 2693 1481; x_wconf 84' lang='lat' dir='ltr'><strong>armatus</strong></span> <span class='ocrx_word' id='word_1_223' title='bbox 2718 1420 2821 1476; x_wconf 89' lang='lat' dir='ltr'><strong>est,</strong></span> <span class='ocrx_word' id='word_1_224' title='bbox 2852 1419 3167 1477; x_wconf 85' lang='lat' dir='ltr'><strong>coronetur,</strong></span> <span class='ocrx_word' id='word_1_225' title='bbox 3206 1420 3259 1466; x_wconf 92' lang='lat' dir='ltr'><strong>et</strong></span> <span class='ocrx_word' id='word_1_226' title='bbox 3283 1411 3374 1481; x_wconf 90' lang='lat' dir='ltr'><strong>qui</strong></span> <span class='ocrx_word' id='word_1_227' title='bbox 3410 1426 3508 1466; x_wconf 86' lang='lat' dir='ltr'><strong>co-</strong></span> 
     </span>
    </p>
   </div>
   <div class='ocr_carea' id='block_1_30' title="bbox 1932 1486 3506 1568">
    <p class='ocr_par' dir='ltr' id='par_1_30' title="bbox 1932 1486 3506 1568">
     <span class='ocr_line' id='line_1_30' title="bbox 1932 1486 3506 1568; baseline 0.002 -13"><span class='ocrx_word' id='word_1_228' title='bbox 1932 1513 2153 1557; x_wconf 90' lang='lat' dir='ltr'><strong>ronatus</strong></span> <span class='ocrx_word' id='word_1_229' title='bbox 2175 1486 2279 1568; x_wconf 80' lang='lat' dir='ltr'><strong>est,</strong></span> <span class='ocrx_word' id='word_1_230' title='bbox 2317 1502 2417 1557; x_wconf 85' lang='lat' dir='ltr'><strong>hoc</strong></span> <span class='ocrx_word' id='word_1_231' title='bbox 2458 1510 2614 1556; x_wconf 88' lang='lat' dir='ltr'><strong>scuto</strong></span> <span class='ocrx_word' id='word_1_232' title='bbox 2647 1512 2909 1558; x_wconf 83' lang='lat' dir='ltr'><strong>armetur.</strong></span> <span class='ocrx_word' id='word_1_233' title='bbox 2943 1500 3125 1556; x_wconf 88' lang='lat' dir='ltr'><strong>lnnuit</strong></span> <span class='ocrx_word' id='word_1_234' title='bbox 3172 1511 3353 1558; x_wconf 89' lang='lat' dir='ltr'><strong>autem</strong></span> <span class='ocrx_word' id='word_1_235' title='bbox 3401 1502 3506 1559; x_wconf 90' lang='lat' dir='ltr'><strong>hoc</strong></span> 
     </span>
    </p>
   </div>
   <div class='ocr_carea' id='block_1_31' title="bbox 1930 1592 3507 1665">
    <p class='ocr_par' dir='ltr' id='par_1_31' title="bbox 1930 1592 3507 1665">
     <span class='ocr_line' id='line_1_31' title="bbox 1930 1592 3507 1665; baseline 0.002 -19"><span class='ocrx_word' id='word_1_236' title='bbox 1930 1594 2058 1663; x_wconf 90' lang='lat' dir='ltr'><strong>quid</strong></span> <span class='ocrx_word' id='word_1_237' title='bbox 2085 1593 2259 1649; x_wconf 89' lang='lat' dir='ltr'><strong>simile</strong></span> <span class='ocrx_word' id='word_1_238' title='bbox 2284 1593 2373 1647; x_wconf 90' lang='lat' dir='ltr'><strong>isti</strong></span> <span class='ocrx_word' id='word_1_239' title='bbox 2406 1594 2450 1624; x_wconf 83' lang='grc'><strong><em>⁷⁵</em></strong></span> <span class='ocrx_word' id='word_1_240' title='bbox 2479 1611 2492 1647; x_wconf 90' lang='lat'><strong>:</strong></span> <span class='ocrx_word' id='word_1_241' title='bbox 2533 1612 2550 1643; x_wconf 77' lang='grc' dir='ltr'><strong>ι</strong></span> <span class='ocrx_word' id='word_1_242' title='bbox 2576 1592 2788 1648; x_wconf 88' lang='lat' dir='ltr'><strong>Corona</strong></span> <span class='ocrx_word' id='word_1_243' title='bbox 2819 1602 3000 1648; x_wconf 90' lang='lat' dir='ltr'><strong>autem</strong></span> <span class='ocrx_word' id='word_1_244' title='bbox 3027 1594 3341 1649; x_wconf 80' lang='lat' dir='ltr'><strong>deliciarum</strong></span> <span class='ocrx_word' id='word_1_245' title='bbox 3382 1609 3507 1665; x_wconf 91' lang='lat' dir='ltr'><strong>pro-</strong></span> 
     </span>
    </p>
   </div>
   <div class='ocr_carea' id='block_1_32' title="bbox 1932 1684 3508 1755">
    <p class='ocr_par' dir='ltr' id='par_1_32' title="bbox 1932 1684 3508 1755">
     <span class='ocr_line' id='line_1_32' title="bbox 1932 1684 3508 1755; baseline 0.001 -18"><span class='ocrx_word' id='word_1_246' title='bbox 1932 1696 2076 1755; x_wconf 80' lang='lat' dir='ltr'><strong>teget</strong></span> <span class='ocrx_word' id='word_1_247' title='bbox 2108 1696 2180 1740; x_wconf 88' lang='lat' dir='ltr'><strong>te.</strong></span> <span class='ocrx_word' id='word_1_248' title='bbox 2225 1704 2244 1736; x_wconf 74' lang='grc' dir='ltr'><strong>ι</strong></span> <span class='ocrx_word' id='word_1_249' title='bbox 2284 1684 2525 1740; x_wconf 89' lang='lat' dir='ltr'><strong>Scientia</strong></span> <span class='ocrx_word' id='word_1_250' title='bbox 2563 1685 2746 1754; x_wconf 83' lang='lat' dir='ltr'><strong>itaque</strong></span> <span class='ocrx_word' id='word_1_251' title='bbox 2780 1685 2897 1751; x_wconf 88' lang='lat' dir='ltr'><strong>Dei,</strong></span> <span class='ocrx_word' id='word_1_252' title='bbox 2946 1686 3070 1741; x_wconf 91' lang='lat' dir='ltr'><strong>dum</strong></span> <span class='ocrx_word' id='word_1_253' title='bbox 3105 1687 3321 1755; x_wconf 89' lang='lat' dir='ltr'><strong>quidem</strong></span> <span class='ocrx_word' id='word_1_254' title='bbox 3358 1693 3508 1740; x_wconf 84' lang='lat' dir='ltr'><strong>arcet</strong></span> 
     </span>
    </p>
   </div>
   <div class='ocr_carea' id='block_1_33' title="bbox 1931 1775 3507 1841">
    <p class='ocr_par' dir='ltr' id='par_1_33' title="bbox 1931 1775 3507 1841">
     <span class='ocr_line' id='line_1_33' title="bbox 1931 1775 3507 1841; baseline 0.001 -11"><span class='ocrx_word' id='word_1_255' title='bbox 1931 1776 2138 1841; x_wconf 86' lang='lat' dir='ltr'><strong>hostes,</strong></span> <span class='ocrx_word' id='word_1_256' title='bbox 2166 1787 2380 1832; x_wconf 88' lang='lat' dir='ltr'><strong>scutum</strong></span> <span class='ocrx_word' id='word_1_257' title='bbox 2418 1787 2505 1832; x_wconf 88' lang='lat' dir='ltr'><strong>est</strong></span> <span class='ocrx_word' id='word_1_258' title='bbox 2534 1777 2691 1831; x_wconf 62' lang='lat' dir='ltr'><strong>bona:</strong></span> <span class='ocrx_word' id='word_1_259' title='bbox 2725 1775 3041 1841; x_wconf 82' lang='lat' dir='ltr'><strong>voluntatis,</strong></span> <span class='ocrx_word' id='word_1_260' title='bbox 3072 1777 3200 1831; x_wconf 91' lang='lat' dir='ltr'><strong>dum</strong></span> <span class='ocrx_word' id='word_1_261' title='bbox 3231 1792 3362 1833; x_wconf 88' lang='lat' dir='ltr'><strong>vero</strong></span> <span class='ocrx_word' id='word_1_262' title='bbox 3406 1776 3507 1831; x_wconf 87' lang='lat' dir='ltr'><strong>ali-</strong></span> 
     </span>
    </p>
   </div>
   <div class='ocr_carea' id='block_1_34' title="bbox 239 1860 1824 1944">
    <p class='ocr_par' dir='ltr' id='par_1_34' title="bbox 239 1870 1822 1944">
     <span class='ocr_line' id='line_1_34' title="bbox 239 1870 1822 1944; baseline 0.003 -21"><span class='ocrx_word' id='word_1_263' title='bbox 239 1870 449 1935; x_wconf 76' lang='grc' dir='ltr'>παδῶν,</span> <span class='ocrx_word' id='word_1_264' title='bbox 475 1872 735 1940; x_wconf 89' lang='grc' dir='ltr'>στέφανος</span> <span class='ocrx_word' id='word_1_265' title='bbox 756 1872 1098 1942; x_wconf 75' lang='grc' dir='ltr'>ὀνομάζεται.</span> <span class='ocrx_word' id='word_1_266' title='bbox 1120 1873 1387 1944; x_wconf 86' lang='grc' dir='ltr'>Τέμνεται</span> <span class='ocrx_word' id='word_1_267' title='bbox 1421 1874 1475 1926; x_wconf 86' lang='grc' dir='ltr'>δὲ</span> <span class='ocrx_word' id='word_1_268' title='bbox 1506 1876 1537 1944; x_wconf 79' lang='grc' dir='ltr'>ἡ</span> <span class='ocrx_word' id='word_1_269' title='bbox 1570 1872 1661 1927; x_wconf 82' lang='grc' dir='ltr'>τοῦ</span> <span class='ocrx_word' id='word_1_270' title='bbox 1687 1873 1822 1927; x_wconf 84' lang='grc' dir='ltr'>Θεοῦ</span> 
     </span>
    </p>
   </div>
   <div class='ocr_carea' id='block_1_35' title="bbox 1937 1860 3505 1944">
    <p class='ocr_par' dir='ltr' id='par_1_35' title="bbox 1937 1865 3505 1935">
     <span class='ocr_line' id='line_1_35' title="bbox 1937 1865 3505 1935; baseline 0 -14"><span class='ocrx_word' id='word_1_271' title='bbox 1937 1882 2088 1934; x_wconf 81' lang='lat' dir='ltr'><strong>quem</strong></span> <span class='ocrx_word' id='word_1_272' title='bbox 2134 1882 2314 1935; x_wconf 76' lang='lat' dir='ltr'><strong>regem</strong></span> <span class='ocrx_word' id='word_1_273' title='bbox 2370 1867 2502 1922; x_wconf 81' lang='lat' dir='ltr'><strong>facit</strong></span> <span class='ocrx_word' id='word_1_274' title='bbox 2553 1865 2869 1930; x_wconf 83' lang='lat' dir='ltr'><strong>all‘cctuum,</strong></span> <span class='ocrx_word' id='word_1_275' title='bbox 2917 1881 3120 1921; x_wconf 85' lang='lat' dir='ltr'><strong>corona</strong></span> <span class='ocrx_word' id='word_1_276' title='bbox 3173 1868 3505 1921; x_wconf 82' lang='lat' dir='ltr'><strong>nominatur.</strong></span> 
     </span>
    </p>
   </div>
   <div class='ocr_carea' id='block_1_36' title="bbox 236 1956 1824 2036">
    <p class='ocr_par' dir='ltr' id='par_1_36' title="bbox 236 1962 1824 2036">
     <span class='ocr_line' id='line_1_36' title="bbox 236 1962 1824 2036; baseline -0.001 -20"><span class='ocrx_word' id='word_1_277' title='bbox 236 1964 436 2032; x_wconf 84' lang='grc' dir='ltr'>γνῶσις</span> <span class='ocrx_word' id='word_1_278' title='bbox 468 1965 547 2027; x_wconf 87' lang='grc' dir='ltr'><strong>είς</strong></span> <span class='ocrx_word' id='word_1_279' title='bbox 578 1963 690 2029; x_wconf 79' lang='grc' dir='ltr'>δύο,</span> <span class='ocrx_word' id='word_1_280' title='bbox 723 1966 803 2027; x_wconf 74' lang='grc' dir='ltr'><strong>εἰς</strong></span> <span class='ocrx_word' id='word_1_281' title='bbox 832 1962 1032 2035; x_wconf 76' lang='grc' dir='ltr'>πρᾶξιν</span> <span class='ocrx_word' id='word_1_282' title='bbox 1059 1964 1153 2016; x_wconf 74' lang='grc' dir='ltr'>καὶ</span> <span class='ocrx_word' id='word_1_283' title='bbox 1188 1964 1439 2036; x_wconf 83' lang='grc' dir='ltr'>θεωρίαν·</span> <span class='ocrx_word' id='word_1_284' title='bbox 1476 1965 1571 2017; x_wconf 70' lang='grc' dir='ltr'><strong>καὶ</strong></span> <span class='ocrx_word' id='word_1_285' title='bbox 1597 1964 1697 2034; x_wconf 75' lang='grc' dir='ltr'><strong>τῆς</strong></span> <span class='ocrx_word' id='word_1_286' title='bbox 1724 1964 1824 2034; x_wconf 81' lang='grc' dir='ltr'><strong>μὲν</strong></span> 
     </span>
    </p>
   </div>
   <div class='ocr_carea' id='block_1_37' title="bbox 1937 1956 3508 2036">
    <p class='ocr_par' dir='ltr' id='par_1_37' title="bbox 1937 1956 3508 2022">
     <span class='ocr_line' id='line_1_37' title="bbox 1937 1956 3508 2022; baseline 0 -10"><span class='ocrx_word' id='word_1_287' title='bbox 1937 1956 2099 2012; x_wconf 88' lang='lat' dir='ltr'><strong>Porro</strong></span> <span class='ocrx_word' id='word_1_288' title='bbox 2138 1957 2234 2013; x_wconf 89' lang='lat' dir='ltr'><strong>Dei</strong></span> <span class='ocrx_word' id='word_1_289' title='bbox 2270 1958 2498 2015; x_wconf 92' lang='lat' dir='ltr'><strong>scientia</strong></span> <span class='ocrx_word' id='word_1_290' title='bbox 2533 1956 2783 2012; x_wconf 79' lang='lat' dir='ltr'><strong>bifariam</strong></span> <span class='ocrx_word' id='word_1_291' title='bbox 2815 1957 3097 2022; x_wconf 86' lang='lat' dir='ltr'><strong>dividitur,</strong></span> <span class='ocrx_word' id='word_1_292' title='bbox 3132 1958 3187 2011; x_wconf 91' lang='lat' dir='ltr'><strong>in</strong></span> <span class='ocrx_word' id='word_1_293' title='bbox 3234 1958 3508 2013; x_wconf 88' lang='lat' dir='ltr'><strong>actionem</strong></span> 
     </span>
    </p>
   </div>
   <div class='ocr_carea' id='block_1_38' title="bbox 236 2050 1824 2126">
    <p class='ocr_par' dir='ltr' id='par_1_38' title="bbox 236 2053 1824 2126">
     <span class='ocr_line' id='line_1_38' title="bbox 236 2053 1824 2126; baseline -0.001 -19"><span class='ocrx_word' id='word_1_294' title='bbox 236 2053 488 2126; x_wconf 78' lang='grc' dir='ltr'>πράξεως</span> <span class='ocrx_word' id='word_1_295' title='bbox 517 2054 678 2108; x_wconf 82' lang='grc' dir='ltr'>ὅπλον</span> <span class='ocrx_word' id='word_1_296' title='bbox 717 2054 815 2125; x_wconf 77' lang='grc' dir='ltr'><strong>τῆς</strong></span> <span class='ocrx_word' id='word_1_297' title='bbox 858 2054 1106 2117; x_wconf 75' lang='grc' dir='ltr'>εὐδοκίας</span> <span class='ocrx_word' id='word_1_298' title='bbox 1143 2055 1280 2119; x_wconf 77' lang='grc' dir='ltr'>ἐστὶ,</span> <span class='ocrx_word' id='word_1_299' title='bbox 1317 2056 1415 2126; x_wconf 79' lang='grc' dir='ltr'>τῆς</span> <span class='ocrx_word' id='word_1_300' title='bbox 1448 2056 1503 2108; x_wconf 86' lang='grc' dir='ltr'><strong>δὲ</strong></span> <span class='ocrx_word' id='word_1_301' title='bbox 1534 2054 1764 2126; x_wconf 83' lang='grc' dir='ltr'>θεωρίας</span> <span class='ocrx_word' id='word_1_302' title='bbox 1796 2054 1824 2105; x_wconf 86' lang='grc' dir='ltr'>ὁ</span> 
     </span>
    </p>
   </div>
   <div class='ocr_carea' id='block_1_39' title="bbox 1937 2050 3507 2126">
    <p class='ocr_par' dir='ltr' id='par_1_39' title="bbox 1937 2050 3507 2121">
     <span class='ocr_line' id='line_1_39' title="bbox 1937 2050 3507 2121; baseline 0.001 -17"><span class='ocrx_word' id='word_1_303' title='bbox 1937 2057 1985 2104; x_wconf 85' lang='lat' dir='ltr'><strong>et</strong></span> <span class='ocrx_word' id='word_1_304' title='bbox 2016 2050 2181 2121; x_wconf 77' lang='lat'><strong>578</strong></span> <span class='ocrx_word' id='word_1_305' title='bbox 2214 2050 2771 2121; x_wconf 86' lang='lat' dir='ltr'><strong>contemplationem;</strong></span> <span class='ocrx_word' id='word_1_306' title='bbox 2822 2059 2983 2119; x_wconf 91' lang='lat' dir='ltr'><strong>atque</strong></span> <span class='ocrx_word' id='word_1_307' title='bbox 3011 2051 3242 2105; x_wconf 87' lang='lat' dir='ltr'><strong>actionis</strong></span> <span class='ocrx_word' id='word_1_308' title='bbox 3281 2051 3507 2120; x_wconf 86' lang='lat' dir='ltr'><strong>quidem</strong></span> 
     </span>
    </p>
   </div>
   <div class='ocr_carea' id='block_1_40' title="bbox 234 2141 1824 2218">
    <p class='ocr_par' dir='ltr' id='par_1_40' title="bbox 234 2144 1824 2218">
     <span class='ocr_line' id='line_1_40' title="bbox 234 2144 1824 2218; baseline -0.001 -19"><span class='ocrx_word' id='word_1_309' title='bbox 234 2148 517 2216; x_wconf 80' lang='grc' dir='ltr'>στέφανος.</span> <span class='ocrx_word' id='word_1_310' title='bbox 555 2147 863 2218; x_wconf 80' lang='grc' dir='ltr'>Τετήρηται</span> <span class='ocrx_word' id='word_1_311' title='bbox 898 2146 954 2198; x_wconf 82' lang='grc' dir='ltr'>δὲ</span> <span class='ocrx_word' id='word_1_312' title='bbox 1002 2148 1096 2199; x_wconf 75' lang='grc' dir='ltr'><strong>καὶ</strong></span> <span class='ocrx_word' id='word_1_313' title='bbox 1136 2148 1168 2217; x_wconf 82' lang='grc' dir='ltr'>ἡ</span> <span class='ocrx_word' id='word_1_314' title='bbox 1204 2147 1377 2213; x_wconf 74' lang='grc' dir='ltr'>τάξις·</span> <span class='ocrx_word' id='word_1_315' title='bbox 1428 2146 1534 2217; x_wconf 80' lang='grc' dir='ltr'><strong>πρὸ</strong></span> <span class='ocrx_word' id='word_1_316' title='bbox 1572 2146 1679 2217; x_wconf 82' lang='grc' dir='ltr'>γὰρ</span> <span class='ocrx_word' id='word_1_317' title='bbox 1729 2144 1824 2198; x_wconf 85' lang='grc' dir='ltr'>τοῦ</span> 
     </span>
    </p>
   </div>
   <div class='ocr_carea' id='block_1_41' title="bbox 1937 2141 3507 2218">
    <p class='ocr_par' dir='ltr' id='par_1_41' title="bbox 1937 2141 3507 2207">
     <span class='ocr_line' id='line_1_41' title="bbox 1937 2141 3507 2207; baseline 0.001 -11"><span class='ocrx_word' id='word_1_318' title='bbox 1937 2152 2148 2197; x_wconf 90' lang='lat' dir='ltr'><strong>scutum</strong></span> <span class='ocrx_word' id='word_1_319' title='bbox 2180 2155 2263 2199; x_wconf 92' lang='lat' dir='ltr'><strong>est</strong></span> <span class='ocrx_word' id='word_1_320' title='bbox 2306 2143 2461 2199; x_wconf 85' lang='lat' dir='ltr'><strong>bonae</strong></span> <span class='ocrx_word' id='word_1_321' title='bbox 2490 2141 2811 2207; x_wconf 80' lang='lat' dir='ltr'><strong>voluntatis,</strong></span> <span class='ocrx_word' id='word_1_322' title='bbox 2858 2156 3058 2197; x_wconf 88' lang='lat' dir='ltr'><strong>corona</strong></span> <span class='ocrx_word' id='word_1_323' title='bbox 3102 2157 3233 2198; x_wconf 92' lang='lat' dir='ltr'><strong>vero</strong></span> <span class='ocrx_word' id='word_1_324' title='bbox 3260 2152 3507 2198; x_wconf 89' lang='lat' dir='ltr'><strong>contem-</strong></span> 
     </span>
    </p>
   </div>
   <div class='ocr_carea' id='block_1_42' title="bbox 232 2233 1824 2309">
    <p class='ocr_par' dir='ltr' id='par_1_42' title="bbox 232 2236 1824 2309">
     <span class='ocr_line' id='line_1_42' title="bbox 232 2236 1824 2309; baseline 0.001 -20"><span class='ocrx_word' id='word_1_325' title='bbox 232 2236 501 2305; x_wconf 83' lang='grc' dir='ltr'>στεφάνου</span> <span class='ocrx_word' id='word_1_326' title='bbox 540 2237 601 2290; x_wconf 84' lang='grc' dir='ltr'><strong>τὸ</strong></span> <span class='ocrx_word' id='word_1_327' title='bbox 640 2237 824 2301; x_wconf 79' lang='grc' dir='ltr'>ὅπλον,</span> <span class='ocrx_word' id='word_1_328' title='bbox 863 2237 1052 2308; x_wconf 84' lang='grc' dir='ltr'>ἐπειδὴ</span> <span class='ocrx_word' id='word_1_329' title='bbox 1096 2239 1190 2292; x_wconf 57' lang='grc' dir='ltr'><strong>καὶ⁵</strong></span> <span class='ocrx_word' id='word_1_330' title='bbox 1238 2238 1345 2309; x_wconf 77' lang='grc' dir='ltr'>πρὸ</span> <span class='ocrx_word' id='word_1_331' title='bbox 1381 2238 1481 2308; x_wconf 80' lang='grc' dir='ltr'>τῆς</span> <span class='ocrx_word' id='word_1_332' title='bbox 1514 2236 1749 2308; x_wconf 83' lang='grc' dir='ltr'>Θεωρίας</span> <span class='ocrx_word' id='word_1_333' title='bbox 1789 2236 1824 2308; x_wconf 83' lang='grc' dir='ltr'>ῆ</span> 
     </span>
    </p>
   </div>
   <div class='ocr_carea' id='block_1_43' title="bbox 1937 2233 3505 2309">
    <p class='ocr_par' dir='ltr' id='par_1_43' title="bbox 1937 2233 3505 2302">
     <span class='ocr_line' id='line_1_43' title="bbox 1937 2233 3505 2302; baseline 0.003 -17"><span class='ocrx_word' id='word_1_334' title='bbox 1937 2233 2215 2302; x_wconf 89' lang='lat' dir='ltr'><strong>plationis.</strong></span> <span class='ocrx_word' id='word_1_335' title='bbox 2265 2233 2539 2291; x_wconf 63' lang='lat' dir='ltr'><strong>Cmterum</strong></span> <span class='ocrx_word' id='word_1_336' title='bbox 2586 2238 2674 2294; x_wconf 90' lang='lat' dir='ltr'><strong>hic</strong></span> <span class='ocrx_word' id='word_1_337' title='bbox 2718 2238 2885 2293; x_wconf 91' lang='lat' dir='ltr'><strong>etiam</strong></span> <span class='ocrx_word' id='word_1_338' title='bbox 2930 2245 3177 2292; x_wconf 89' lang='lat' dir='ltr'><strong>servatus</strong></span> <span class='ocrx_word' id='word_1_339' title='bbox 3207 2243 3296 2292; x_wconf 86' lang='lat' dir='ltr'><strong>est</strong></span> <span class='ocrx_word' id='word_1_340' title='bbox 3345 2234 3505 2291; x_wconf 84' lang='lat' dir='ltr'><strong>ordo.</strong></span> 
     </span>
    </p>
   </div>
   <div class='ocr_carea' id='block_1_44' title="bbox 232 2323 3160 2403">
    <p class='ocr_par' dir='ltr' id='par_1_44' title="bbox 232 2323 3160 2403">
     <span class='ocr_line' id='line_1_44' title="bbox 232 2323 3160 2403; baseline 0 -22"><span class='ocrx_word' id='word_1_341' title='bbox 232 2328 435 2403; x_wconf 76' lang='grc' dir='ltr'>πρᾶξις</span> <span class='ocrx_word' id='word_1_342' title='bbox 1936 2323 2158 2381; x_wconf 89' lang='lat' dir='ltr'><strong>Scutum</strong></span> <span class='ocrx_word' id='word_1_343' title='bbox 2189 2327 2338 2383; x_wconf 89' lang='lat' dir='ltr'><strong>enim</strong></span> <span class='ocrx_word' id='word_1_344' title='bbox 2360 2337 2442 2383; x_wconf 91' lang='lat' dir='ltr'><strong>est</strong></span> <span class='ocrx_word' id='word_1_345' title='bbox 2475 2337 2602 2383; x_wconf 90' lang='lat' dir='ltr'><strong>ante</strong></span> <span class='ocrx_word' id='word_1_346' title='bbox 2627 2328 3160 2399; x_wconf 87' lang='lat' dir='ltr'><strong>contemplationem.</strong></span> 
     </span>
    </p>
   </div>
   <div class='ocr_carea' id='block_1_45' title="bbox 819 2532 1824 2602">
    <p class='ocr_par' dir='ltr' id='par_1_45' title="bbox 819 2532 1235 2602">
     <span class='ocr_line' id='line_1_45' title="bbox 819 2532 1235 2602; baseline 0.005 -16"><span class='ocrx_word' id='word_1_347' title='bbox 819 2532 1115 2587; x_wconf 71' lang='grc' dir='ltr'><strong>ΨΑΑΜΟΣ</strong></span> <span class='ocrx_word' id='word_1_348' title='bbox 1144 2533 1235 2602; x_wconf 67' lang='lat' dir='ltr'><strong>q&quot;.</strong></span> 
     </span>
    </p>
   </div>
   <div class='ocr_carea' id='block_1_46' title="bbox 1937 2532 2946 2602">
    <p class='ocr_par' dir='ltr' id='par_1_46' title="bbox 2493 2537 2946 2596">
     <span class='ocr_line' id='line_1_46' title="bbox 2493 2537 2946 2596; baseline 0.004 -5"><span class='ocrx_word' id='word_1_349' title='bbox 2493 2537 2817 2596; x_wconf 81' lang='lat' dir='ltr'><strong>PSALMUS</strong></span> <span class='ocrx_word' id='word_1_350' title='bbox 2857 2538 2946 2594; x_wconf 82' lang='lat' dir='ltr'><strong>Vl.</strong></span> 
     </span>
    </p>
   </div>
   <div class='ocr_carea' id='block_1_47' title="bbox 302 2623 1824 2699">
    <p class='ocr_par' dir='ltr' id='par_1_47' title="bbox 302 2623 1824 2699">
     <span class='ocr_line' id='line_1_47' title="bbox 302 2623 1824 2699; baseline 0.005 -22"><span class='ocrx_word' id='word_1_351' title='bbox 302 2625 409 2691; x_wconf 77' lang='grc' dir='ltr'><strong>Εἰς</strong></span> <span class='ocrx_word' id='word_1_352' title='bbox 446 2624 512 2678; x_wconf 89' lang='grc' dir='ltr'>τὸ</span> <span class='ocrx_word' id='word_1_353' title='bbox 544 2623 719 2691; x_wconf 76' lang='grc' dir='ltr'>τέλος</span> <span class='ocrx_word' id='word_1_354' title='bbox 739 2624 810 2679; x_wconf 81' lang='grc' dir='ltr'>ἐν</span> <span class='ocrx_word' id='word_1_355' title='bbox 831 2624 1042 2695; x_wconf 79' lang='grc' dir='ltr'><strong>ὕμνοις</strong></span> <span class='ocrx_word' id='word_1_356' title='bbox 1073 2625 1227 2696; x_wconf 78' lang='grc' dir='ltr'>ὑπὲρ</span> <span class='ocrx_word' id='word_1_357' title='bbox 1270 2625 1381 2695; x_wconf 83' lang='grc' dir='ltr'><strong>τῆς</strong></span> <span class='ocrx_word' id='word_1_358' title='bbox 1411 2627 1627 2699; x_wconf 72' lang='grc' dir='ltr'>ὀγδόης</span> <span class='ocrx_word' id='word_1_359' title='bbox 1668 2631 1824 2698; x_wconf 77' lang='grc' dir='ltr'><strong>ψαλ-</strong></span> 
     </span>
    </p>
   </div>
   <div class='ocr_carea' id='block_1_48' title="bbox 1937 2623 3513 2699">
    <p class='ocr_par' dir='ltr' id='par_1_48' title="bbox 1998 2626 3513 2699">
     <span class='ocr_line' id='line_1_48' title="bbox 1998 2626 3513 2699; baseline -0.001 -12"><span class='ocrx_word' id='word_1_360' title='bbox 1998 2630 2165 2687; x_wconf 70' lang='lat' dir='ltr'><strong>Vans.</strong></span> <span class='ocrx_word' id='word_1_361' title='bbox 2202 2631 2254 2685; x_wconf 79' lang='grc'>1.</span> <span class='ocrx_word' id='word_1_362' title='bbox 2290 2630 2357 2685; x_wconf 85' lang='grc' dir='ltr'><em>1η</em></span> <span class='ocrx_word' id='word_1_363' title='bbox 2404 2630 2561 2698; x_wconf 80' lang='lat' dir='ltr'><strong>ﬁnem</strong></span> <span class='ocrx_word' id='word_1_364' title='bbox 2595 2630 2650 2684; x_wconf 87' lang='lat' dir='ltr'><strong>in</strong></span> <span class='ocrx_word' id='word_1_365' title='bbox 2694 2630 3015 2685; x_wconf 78' lang='lat' dir='ltr'><strong>carminibus</strong></span> <span class='ocrx_word' id='word_1_366' title='bbox 3060 2628 3295 2699; x_wconf 75' lang='lat' dir='ltr'><strong>psalmus</strong></span> <span class='ocrx_word' id='word_1_367' title='bbox 3334 2626 3513 2685; x_wconf 75' lang='lat' dir='ltr'><strong>Dauid</strong></span> 
     </span>
    </p>
   </div>
   <div class='ocr_carea' id='block_1_49' title="bbox 225 2713 1824 2792">
    <p class='ocr_par' dir='ltr' id='par_1_49' title="bbox 225 2713 1824 2792">
     <span class='ocr_line' id='line_1_49' title="bbox 225 2713 1824 2792; baseline 0.004 -25"><span class='ocrx_word' id='word_1_368' title='bbox 225 2713 343 2783; x_wconf 82' lang='grc' dir='ltr'><strong>μὸς</strong></span> <span class='ocrx_word' id='word_1_369' title='bbox 378 2713 459 2780; x_wconf 82' lang='grc' dir='ltr'>τῷ</span> <span class='ocrx_word' id='word_1_370' title='bbox 490 2715 691 2779; x_wconf 84' lang='grc' dir='ltr'>Δαυῒδ,</span> <span class='ocrx_word' id='word_1_371' title='bbox 737 2733 791 2770; x_wconf 90' lang='grc' dir='ltr'><strong>κ.</strong></span> <span class='ocrx_word' id='word_1_372' title='bbox 836 2733 887 2771; x_wconf 83' lang='grc' dir='ltr'><strong>τ.</strong></span> <span class='ocrx_word' id='word_1_373' title='bbox 924 2716 971 2770; x_wconf 87' lang='grc' dir='ltr'><strong>ἐ.</strong></span> <span class='ocrx_word' id='word_1_374' title='bbox 1018 2717 1192 2789; x_wconf 83' lang='grc' dir='ltr'>’Υπὲρ</span> <span class='ocrx_word' id='word_1_375' title='bbox 1253 2718 1343 2788; x_wconf 82' lang='grc' dir='ltr'><strong>τῆς</strong></span> <span class='ocrx_word' id='word_1_376' title='bbox 1377 2718 1568 2789; x_wconf 79' lang='grc' dir='ltr'><strong>ὀγδόης</strong></span> <span class='ocrx_word' id='word_1_377' title='bbox 1595 2718 1704 2792; x_wconf 70' lang='grc' dir='ltr'><strong>(Ξ9)</strong></span> <span class='ocrx_word' id='word_1_378' title='bbox 1735 2721 1824 2775; x_wconf 71' lang='grc' dir='ltr'><strong>καὶ</strong></span> 
     </span>
    </p>
   </div>
   <div class='ocr_carea' id='block_1_50' title="bbox 1937 2713 3512 2792">
    <p class='ocr_par' dir='ltr' id='par_1_50' title="bbox 1937 2717 3512 2788">
     <span class='ocr_line' id='line_1_50' title="bbox 1937 2717 3512 2788; baseline -0.001 -13"><span class='ocrx_word' id='word_1_379' title='bbox 1937 2739 2019 2776; x_wconf 74' lang='lat' dir='ltr'><strong>oro</strong></span> <span class='ocrx_word' id='word_1_380' title='bbox 2060 2736 2268 2788; x_wconf 78' lang='lat' dir='ltr'><strong>octava,</strong></span> <span class='ocrx_word' id='word_1_381' title='bbox 2312 2732 2421 2778; x_wconf 89' lang='lat' dir='ltr'><strong>etc.</strong></span> <span class='ocrx_word' id='word_1_382' title='bbox 2473 2721 2583 2776; x_wconf 91' lang='lat' dir='ltr'><strong>Pro</strong></span> <span class='ocrx_word' id='word_1_383' title='bbox 2620 2729 2817 2776; x_wconf 91' lang='lat' dir='ltr'><strong>octava</strong></span> <span class='ocrx_word' id='word_1_384' title='bbox 2862 2720 3026 2775; x_wconf 89' lang='lat' dir='ltr'><strong>etiam</strong></span> <span class='ocrx_word' id='word_1_385' title='bbox 3073 2717 3394 2775; x_wconf 84' lang='lat' dir='ltr'><strong>undecimus</strong></span> <span class='ocrx_word' id='word_1_386' title='bbox 3427 2717 3512 2773; x_wconf 86' lang='lat' dir='ltr'><strong>in-</strong></span> 
     </span>
    </p>
   </div>
   <div class='ocr_carea' id='block_1_51' title="bbox 226 2805 1824 2886">
    <p class='ocr_par' dir='ltr' id='par_1_51' title="bbox 226 2805 1824 2881">
     <span class='ocr_line' id='line_1_51' title="bbox 226 2805 1824 2881; baseline 0.005 -22"><span class='ocrx_word' id='word_1_387' title='bbox 226 2807 257 2859; x_wconf 89' lang='lat'><strong>6</strong></span> <span class='ocrx_word' id='word_1_388' title='bbox 283 2805 585 2871; x_wconf 76' lang='grc' dir='ltr'>ἑνδέκατος.</span> <span class='ocrx_word' id='word_1_389' title='bbox 617 2807 945 2880; x_wconf 85' lang='grc' dir='ltr'>Διαφέρουσι</span> <span class='ocrx_word' id='word_1_390' title='bbox 976 2808 1033 2861; x_wconf 81' lang='grc' dir='ltr'>δὲ</span> <span class='ocrx_word' id='word_1_391' title='bbox 1066 2810 1123 2861; x_wconf 74' lang='grc' dir='ltr'>αἱ</span> <span class='ocrx_word' id='word_1_392' title='bbox 1170 2811 1479 2881; x_wconf 72' lang='grc' dir='ltr'>ἐπιγραφαὶ</span> <span class='ocrx_word' id='word_1_393' title='bbox 1510 2812 1702 2866; x_wconf 87' lang='grc' dir='ltr'>τούτου</span> <span class='ocrx_word' id='word_1_394' title='bbox 1733 2813 1824 2867; x_wconf 76' lang='grc' dir='ltr'>καὶ</span> 
     </span>
    </p>
   </div>
   <div class='ocr_carea' id='block_1_52' title="bbox 1937 2805 3511 2886">
    <p class='ocr_par' dir='ltr' id='par_1_52' title="bbox 1937 2809 3511 2886">
     <span class='ocr_line' id='line_1_52' title="bbox 1937 2809 3511 2886; baseline -0.001 -17"><span class='ocrx_word' id='word_1_395' title='bbox 1937 2814 2205 2869; x_wconf 73' lang='lat' dir='ltr'><strong>scribitur.</strong></span> <span class='ocrx_word' id='word_1_396' title='bbox 2257 2814 2428 2886; x_wconf 83' lang='lat' dir='ltr'><strong>Hujus</strong></span> <span class='ocrx_word' id='word_1_397' title='bbox 2478 2823 2662 2870; x_wconf 88' lang='lat' dir='ltr'><strong>autem</strong></span> <span class='ocrx_word' id='word_1_398' title='bbox 2712 2812 2893 2868; x_wconf 76' lang='lat' dir='ltr'><strong>differt</strong></span> <span class='ocrx_word' id='word_1_399' title='bbox 2940 2812 3224 2882; x_wconf 86' lang='lat' dir='ltr'><strong>inscriptio</strong></span> <span class='ocrx_word' id='word_1_400' title='bbox 3282 2825 3313 2865; x_wconf 91' lang='lat' dir='ltr'><strong>a</strong></span> <span class='ocrx_word' id='word_1_401' title='bbox 3352 2809 3511 2868; x_wconf 90' lang='lat' dir='ltr'><strong>titulo</strong></span> 
     </span>
    </p>
   </div>
   <div class='ocr_carea' id='block_1_53' title="bbox 225 2890 1824 2974">
    <p class='ocr_par' dir='ltr' id='par_1_53' title="bbox 225 2890 1821 2972">
     <span class='ocr_line' id='line_1_53' title="bbox 225 2890 1821 2972; baseline 0.004 -22"><span class='ocrx_word' id='word_1_402' title='bbox 225 2897 326 2950; x_wconf 83' lang='grc' dir='ltr'>τοῦ</span> <span class='ocrx_word' id='word_1_403' title='bbox 362 2898 669 2963; x_wconf 79' lang='grc' dir='ltr'>ἑνδεκάτου,</span> <span class='ocrx_word' id='word_1_404' title='bbox 703 2900 786 2953; x_wconf 83' lang='grc' dir='ltr'><strong>ὅτι</strong></span> <span class='ocrx_word' id='word_1_405' title='bbox 837 2890 993 2964; x_wconf 73' lang='grc' dir='ltr'>οὗτος</span> <span class='ocrx_word' id='word_1_406' title='bbox 1044 2901 1142 2972; x_wconf 84' lang='grc' dir='ltr'><strong>μέν</strong></span> <span class='ocrx_word' id='word_1_407' title='bbox 1191 2904 1357 2969; x_wconf 82' lang='grc' dir='ltr'>ἐστιν,</span> <span class='ocrx_word' id='word_1_408' title='bbox 1393 2923 1410 2954; x_wconf 72' lang='grc' dir='ltr'><strong>ι</strong></span> <span class='ocrx_word' id='word_1_409' title='bbox 1435 2904 1530 2967; x_wconf 75' lang='grc' dir='ltr'><strong>Εἰς</strong></span> <span class='ocrx_word' id='word_1_410' title='bbox 1558 2904 1620 2956; x_wconf 86' lang='grc' dir='ltr'><strong>τὸ</strong></span> <span class='ocrx_word' id='word_1_411' title='bbox 1670 2905 1821 2968; x_wconf 81' lang='grc' dir='ltr'>τέλος</span> 
     </span>
    </p>
   </div>
   <div class='ocr_carea' id='block_1_54' title="bbox 1937 2890 3511 2974">
    <p class='ocr_par' dir='ltr' id='par_1_54' title="bbox 1937 2902 3511 2974">
     <span class='ocr_line' id='line_1_54' title="bbox 1937 2902 3511 2974; baseline -0.001 -15"><span class='ocrx_word' id='word_1_412' title='bbox 1937 2905 2217 2972; x_wconf 81' lang='lat' dir='ltr'><strong>undecimi,</strong></span> <span class='ocrx_word' id='word_1_413' title='bbox 2245 2908 2386 2974; x_wconf 89' lang='lat' dir='ltr'><strong>quod</strong></span> <span class='ocrx_word' id='word_1_414' title='bbox 2422 2906 2509 2962; x_wconf 84' lang='lat' dir='ltr'><strong>hic</strong></span> <span class='ocrx_word' id='word_1_415' title='bbox 2533 2906 2868 2962; x_wconf 89' lang='lat' dir='ltr'><strong>inscribatur</strong></span> <span class='ocrx_word' id='word_1_416' title='bbox 2897 2920 2912 2957; x_wconf 90' lang='lat'><strong>:</strong></span> <span class='ocrx_word' id='word_1_417' title='bbox 2949 2924 2966 2955; x_wconf 77' lang='grc' dir='ltr'><strong>ι</strong></span> <span class='ocrx_word' id='word_1_418' title='bbox 3008 2903 3067 2957; x_wconf 84' lang='grc' dir='ltr'><strong>1η</strong></span> <span class='ocrx_word' id='word_1_419' title='bbox 3100 2904 3264 2959; x_wconf 82' lang='lat' dir='ltr'><strong>ﬁnem</strong></span> <span class='ocrx_word' id='word_1_420' title='bbox 3294 2902 3349 2957; x_wconf 88' lang='lat' dir='ltr'><strong>in</strong></span> <span class='ocrx_word' id='word_1_421' title='bbox 3382 2917 3511 2958; x_wconf 84' lang='lat' dir='ltr'><strong>car-</strong></span> 
     </span>
    </p>
   </div>
   <div class='ocr_carea' id='block_1_55' title="bbox 227 2988 1824 3069">
    <p class='ocr_par' dir='ltr' id='par_1_55' title="bbox 227 2988 1824 3064">
     <span class='ocr_line' id='line_1_55' title="bbox 227 2988 1824 3064; baseline 0.006 -23"><span class='ocrx_word' id='word_1_422' title='bbox 227 2990 289 3042; x_wconf 86' lang='grc' dir='ltr'><strong>ἐν</strong></span> <span class='ocrx_word' id='word_1_423' title='bbox 314 2988 505 3059; x_wconf 78' lang='grc' dir='ltr'>ὕμνοις</span> <span class='ocrx_word' id='word_1_424' title='bbox 529 2991 670 3061; x_wconf 84' lang='grc' dir='ltr'>ὑπὲρ</span> <span class='ocrx_word' id='word_1_425' title='bbox 698 2990 797 3061; x_wconf 80' lang='grc' dir='ltr'>τῆς</span> <span class='ocrx_word' id='word_1_426' title='bbox 839 2990 1034 3063; x_wconf 81' lang='grc' dir='ltr'><strong>ὀγδόης</strong></span> <span class='ocrx_word' id='word_1_427' title='bbox 1068 2992 1279 3063; x_wconf 77' lang='grc' dir='ltr'>ψαλμδς</span> <span class='ocrx_word' id='word_1_428' title='bbox 1314 2993 1390 3064; x_wconf 84' lang='grc' dir='ltr'>τῷ</span> <span class='ocrx_word' id='word_1_429' title='bbox 1421 2993 1603 3060; x_wconf 75' lang='grc' dir='ltr'>Δαυῒδ,</span> <span class='ocrx_word' id='word_1_430' title='bbox 1632 3015 1649 3046; x_wconf 71' lang='grc' dir='ltr'><strong>ι</strong></span> <span class='ocrx_word' id='word_1_431' title='bbox 1680 2997 1824 3049; x_wconf 85' lang='grc' dir='ltr'>ἐκεῖ·</span> 
     </span>
    </p>
   </div>
   <div class='ocr_carea' id='block_1_56' title="bbox 1937 2988 3509 3069">
    <p class='ocr_par' dir='ltr' id='par_1_56' title="bbox 1937 2994 3509 3069">
     <span class='ocr_line' id='line_1_56' title="bbox 1937 2994 3509 3069; baseline 0 -18"><span class='ocrx_word' id='word_1_432' title='bbox 1937 2998 2169 3053; x_wconf 79' lang='lat' dir='ltr'><strong>minibus</strong></span> <span class='ocrx_word' id='word_1_433' title='bbox 2201 3014 2301 3068; x_wconf 90' lang='lat' dir='ltr'><strong>pro</strong></span> <span class='ocrx_word' id='word_1_434' title='bbox 2345 3008 2537 3053; x_wconf 89' lang='lat' dir='ltr'><strong>octava</strong></span> <span class='ocrx_word' id='word_1_435' title='bbox 2580 2997 2823 3069; x_wconf 90' lang='lat' dir='ltr'><strong>psalmus</strong></span> <span class='ocrx_word' id='word_1_436' title='bbox 2872 2996 3077 3062; x_wconf 86' lang='lat' dir='ltr'><strong>David;</strong></span> <span class='ocrx_word' id='word_1_437' title='bbox 3110 3015 3130 3049; x_wconf 80' lang='grc' dir='ltr'><strong>ι</strong></span> <span class='ocrx_word' id='word_1_438' title='bbox 3184 2994 3509 3051; x_wconf 85' lang='lat' dir='ltr'><strong>undecimus</strong></span> 
     </span>
    </p>
   </div>
   <div class='ocr_carea' id='block_1_57' title="bbox 227 3081 1824 3160">
    <p class='ocr_par' dir='ltr' id='par_1_57' title="bbox 227 3081 1824 3158">
     <span class='ocr_line' id='line_1_57' title="bbox 227 3081 1824 3158; baseline 0.003 -24"><span class='ocrx_word' id='word_1_439' title='bbox 227 3098 320 3144; x_wconf 82' lang='lat' dir='ltr'><strong>vo;</strong></span> <span class='ocrx_word' id='word_1_440' title='bbox 354 3081 434 3148; x_wconf 84' lang='grc' dir='ltr'><strong>δὲ,</strong></span> <span class='ocrx_word' id='word_1_441' title='bbox 483 3102 499 3134; x_wconf 77' lang='grc' dir='ltr'><strong>ι</strong></span> <span class='ocrx_word' id='word_1_442' title='bbox 524 3083 618 3146; x_wconf 82' lang='grc' dir='ltr'><strong>Εἰς</strong></span> <span class='ocrx_word' id='word_1_443' title='bbox 651 3082 712 3136; x_wconf 81' lang='grc' dir='ltr'><strong>τὸ</strong></span> <span class='ocrx_word' id='word_1_444' title='bbox 751 3082 903 3147; x_wconf 80' lang='grc' dir='ltr'>τέλος</span> <span class='ocrx_word' id='word_1_445' title='bbox 938 3084 1080 3157; x_wconf 81' lang='grc' dir='ltr'>ὑπὲρ</span> <span class='ocrx_word' id='word_1_446' title='bbox 1124 3084 1225 3155; x_wconf 80' lang='grc' dir='ltr'>τῆς</span> <span class='ocrx_word' id='word_1_447' title='bbox 1268 3085 1458 3157; x_wconf 83' lang='grc' dir='ltr'><strong>ὀγδόης</strong></span> <span class='ocrx_word' id='word_1_448' title='bbox 1496 3085 1709 3157; x_wconf 77' lang='grc' dir='ltr'>ψαλμὸς</span> <span class='ocrx_word' id='word_1_449' title='bbox 1746 3086 1824 3158; x_wconf 84' lang='grc' dir='ltr'>τῷ</span> 
     </span>
    </p>
   </div>
   <div class='ocr_carea' id='block_1_58' title="bbox 1937 3081 3507 3160">
    <p class='ocr_par' dir='ltr' id='par_1_58' title="bbox 1937 3086 3507 3160">
     <span class='ocr_line' id='line_1_58' title="bbox 1937 3086 3507 3160; baseline 0.001 -18"><span class='ocrx_word' id='word_1_450' title='bbox 1937 3105 2084 3157; x_wconf 85' lang='lat' dir='ltr'><strong>vero,</strong></span> <span class='ocrx_word' id='word_1_451' title='bbox 2124 3108 2143 3141; x_wconf 75' lang='grc' dir='ltr'><strong>ι</strong></span> <span class='ocrx_word' id='word_1_452' title='bbox 2187 3091 2243 3145; x_wconf 94' lang='lat' dir='ltr'><strong>ln</strong></span> <span class='ocrx_word' id='word_1_453' title='bbox 2279 3092 2441 3146; x_wconf 80' lang='lat' dir='ltr'><strong>tinem</strong></span> <span class='ocrx_word' id='word_1_454' title='bbox 2468 3104 2567 3159; x_wconf 93' lang='lat' dir='ltr'><strong>pro</strong></span> <span class='ocrx_word' id='word_1_455' title='bbox 2596 3100 2788 3144; x_wconf 88' lang='lat' dir='ltr'><strong>octava</strong></span> <span class='ocrx_word' id='word_1_456' title='bbox 2817 3089 3056 3160; x_wconf 82' lang='lat' dir='ltr'><strong>psalmus</strong></span> <span class='ocrx_word' id='word_1_457' title='bbox 3108 3088 3298 3143; x_wconf 75' lang='lat' dir='ltr'><strong>David.</strong></span> <span class='ocrx_word' id='word_1_458' title='bbox 3343 3107 3363 3141; x_wconf 74' lang='grc' dir='ltr'><strong>ι</strong></span> <span class='ocrx_word' id='word_1_459' title='bbox 3402 3086 3507 3144; x_wconf 85' lang='lat' dir='ltr'><strong>0c-</strong></span> 
     </span>
    </p>
   </div>
   <div class='ocr_carea' id='block_1_59' title="bbox 227 3149 1824 3255">
    <p class='ocr_par' dir='ltr' id='par_1_59' title="bbox 227 3149 1819 3251">
     <span class='ocr_line' id='line_1_59' title="bbox 227 3149 1819 3251; baseline 0.004 -26"><span class='ocrx_word' id='word_1_460' title='bbox 227 3174 411 3230; x_wconf 79' lang='grc' dir='ltr'>Δαυῖδ.</span> <span class='ocrx_word' id='word_1_461' title='bbox 443 3194 460 3227; x_wconf 70' lang='grc' dir='ltr'><strong>ι</strong></span> <span class='ocrx_word' id='word_1_462' title='bbox 499 3176 577 3247; x_wconf 82' lang='grc' dir='ltr'><strong>Τῇ</strong></span> <span class='ocrx_word' id='word_1_463' title='bbox 612 3174 668 3228; x_wconf 84' lang='grc' dir='ltr'><strong>δὲ</strong></span> <span class='ocrx_word' id='word_1_464' title='bbox 702 3174 881 3249; x_wconf 84' lang='grc' dir='ltr'>ὀγδόῃ,</span> <span class='ocrx_word' id='word_1_465' title='bbox 913 3149 1086 3247; x_wconf 73' lang='grc' dir='ltr'>οἶμαι,</span> <span class='ocrx_word' id='word_1_466' title='bbox 1123 3149 1537 3250; x_wconf 44' lang='grc' dir='ltr'>θυμὸς-ἐλέγχει</span> <span class='ocrx_word' id='word_1_467' title='bbox 1566 3149 1661 3232; x_wconf 72' lang='grc' dir='ltr'><strong>καὶ</strong></span> 
     </span>
    </p>
   </div>
   <div class='ocr_carea' id='block_1_60' title="bbox 1937 3149 3402 3255">
    <p class='ocr_par' dir='ltr' id='par_1_60' title="bbox 1937 3181 3402 3255">
     <span class='ocr_line' id='line_1_60' title="bbox 1937 3181 3402 3255; baseline -0.001 -17"><span class='ocrx_word' id='word_1_468' title='bbox 1937 3193 2052 3238; x_wconf 78' lang='lat' dir='ltr'><strong>lava</strong></span> <span class='ocrx_word' id='word_1_469' title='bbox 2078 3194 2281 3250; x_wconf 87' lang='lat' dir='ltr'><strong>autem,</strong></span> <span class='ocrx_word' id='word_1_470' title='bbox 2307 3185 2519 3255; x_wconf 84' lang='lat' dir='ltr'><strong>opinor,</strong></span> <span class='ocrx_word' id='word_1_471' title='bbox 2552 3182 2705 3238; x_wconf 87' lang='lat' dir='ltr'><strong>furor</strong></span> <span class='ocrx_word' id='word_1_472' title='bbox 2736 3182 2920 3254; x_wconf 78' lang='lat' dir='ltr'><strong>arguit</strong></span> <span class='ocrx_word' id='word_1_473' title='bbox 2949 3192 3005 3239; x_wconf 92' lang='lat' dir='ltr'><strong>et</strong></span> <span class='ocrx_word' id='word_1_474' title='bbox 3042 3182 3121 3238; x_wconf 84' lang='lat' dir='ltr'><strong>ira</strong></span> <span class='ocrx_word' id='word_1_475' title='bbox 3154 3181 3402 3252; x_wconf 85' lang='lat' dir='ltr'><strong>corripit.</strong></span> 
     </span>
    </p>
   </div>
   <div class='ocr_carea' id='block_1_61' title="bbox 227 3264 498 3318">
    <p class='ocr_par' dir='ltr' id='par_1_61' title="bbox 227 3264 498 3318">
     <span class='ocr_line' id='line_1_61' title="bbox 227 3264 498 3318; baseline 0.011 -3"><span class='ocrx_word' id='word_1_476' title='bbox 227 3264 498 3318; x_wconf 84' lang='grc' dir='ltr'>παιδεύει.</span> 
     </span>
    </p>
   </div>
   <div class='ocr_carea' id='block_1_62' title="bbox 299 3357 1819 3435">
    <p class='ocr_par' dir='ltr' id='par_1_62' title="bbox 299 3357 1819 3435">
     <span class='ocr_line' id='line_1_62' title="bbox 299 3357 1819 3435; baseline 0.006 -24"><span class='ocrx_word' id='word_1_477' title='bbox 299 3360 494 3425; x_wconf 75' lang='grc' dir='ltr'>Κύριε,</span> <span class='ocrx_word' id='word_1_478' title='bbox 524 3357 609 3428; x_wconf 77' lang='grc' dir='ltr'><strong>μὴ</strong></span> <span class='ocrx_word' id='word_1_479' title='bbox 655 3360 738 3427; x_wconf 83' lang='grc' dir='ltr'>τῷ</span> <span class='ocrx_word' id='word_1_480' title='bbox 780 3361 946 3431; x_wconf 82' lang='grc' dir='ltr'>θυμῷ</span> <span class='ocrx_word' id='word_1_481' title='bbox 976 3379 1092 3416; x_wconf 78' lang='grc' dir='ltr'><strong>σου</strong></span> <span class='ocrx_word' id='word_1_482' title='bbox 1138 3364 1393 3435; x_wconf 73' lang='grc' dir='ltr'>ἐλέγξῃς</span> <span class='ocrx_word' id='word_1_483' title='bbox 1420 3383 1516 3435; x_wconf 83' lang='grc' dir='ltr'><strong>με,</strong></span> <span class='ocrx_word' id='word_1_484' title='bbox 1552 3365 1709 3435; x_wconf 84' lang='grc' dir='ltr'>μηδὲ</span> <span class='ocrx_word' id='word_1_485' title='bbox 1744 3364 1819 3435; x_wconf 80' lang='grc' dir='ltr'>τῇ</span> 
     </span>
    </p>
   </div>
   <div class='ocr_carea' id='block_1_63' title="bbox 227 3449 1817 3528">
    <p class='ocr_par' dir='ltr' id='par_1_63' title="bbox 227 3449 1817 3528">
     <span class='ocr_line' id='line_1_63' title="bbox 227 3449 1817 3528; baseline 0.005 -26"><span class='ocrx_word' id='word_1_486' title='bbox 227 3449 379 3519; x_wconf 71' lang='grc' dir='ltr'>ὀργῇ</span> <span class='ocrx_word' id='word_1_487' title='bbox 412 3468 529 3504; x_wconf 86' lang='grc' dir='ltr'><strong>σου</strong></span> <span class='ocrx_word' id='word_1_488' title='bbox 561 3452 896 3522; x_wconf 81' lang='grc' dir='ltr'>παιδεύσῃς</span> <span class='ocrx_word' id='word_1_489' title='bbox 921 3472 1020 3523; x_wconf 84' lang='grc' dir='ltr'><strong>με,</strong></span> <span class='ocrx_word' id='word_1_490' title='bbox 1066 3472 1116 3508; x_wconf 89' lang='grc' dir='ltr'><strong>κ.</strong></span> <span class='ocrx_word' id='word_1_491' title='bbox 1152 3473 1203 3508; x_wconf 89' lang='grc' dir='ltr'><strong>τ.</strong></span> <span class='ocrx_word' id='word_1_492' title='bbox 1236 3457 1283 3509; x_wconf 83' lang='grc' dir='ltr'><strong>ἐ.</strong></span> <span class='ocrx_word' id='word_1_493' title='bbox 1324 3457 1506 3526; x_wconf 85' lang='grc' dir='ltr'>Θυμός</span> <span class='ocrx_word' id='word_1_494' title='bbox 1536 3458 1683 3510; x_wconf 83' lang='grc' dir='ltr'>ἐστιν</span> <span class='ocrx_word' id='word_1_495' title='bbox 1704 3456 1817 3528; x_wconf 80' lang='grc'><strong>(50)</strong></span> 
     </span>
    </p>
   </div>
   <div class='ocr_carea' id='block_1_64' title="bbox 225 3541 1816 3618">
    <p class='ocr_par' dir='ltr' id='par_1_64' title="bbox 225 3541 1816 3618">
     <span class='ocr_line' id='line_1_64' title="bbox 225 3541 1816 3618; baseline 0.004 -25"><span class='ocrx_word' id='word_1_496' title='bbox 225 3541 371 3613; x_wconf 81' lang='grc' dir='ltr'>ὁρμὴ</span> <span class='ocrx_word' id='word_1_497' title='bbox 407 3542 700 3614; x_wconf 79' lang='grc' dir='ltr'>ἐπιθυμίας</span> <span class='ocrx_word' id='word_1_498' title='bbox 727 3544 933 3616; x_wconf 76' lang='grc' dir='ltr'>ἡμέρου</span> <span class='ocrx_word' id='word_1_499' title='bbox 972 3545 1150 3615; x_wconf 76' lang='grc' dir='ltr'>ψυχῆς</span> <span class='ocrx_word' id='word_1_500' title='bbox 1192 3548 1311 3599; x_wconf 82' lang='grc' dir='ltr'>κατ’</span> <span class='ocrx_word' id='word_1_501' title='bbox 1346 3545 1538 3618; x_wconf 79' lang='grc' dir='ltr'>ἐξοχὴν</span> <span class='ocrx_word' id='word_1_502' title='bbox 1577 3547 1816 3618; x_wconf 85' lang='grc' dir='ltr'>ἀμύνης.</span> 
     </span>
    </p>
   </div>
   <div class='ocr_carea' id='block_1_65' title="bbox 228 3626 1819 3709">
    <p class='ocr_par' dir='ltr' id='par_1_65' title="bbox 228 3626 1819 3709">
     <span class='ocr_line' id='line_1_65' title="bbox 228 3626 1819 3709; baseline 0.004 -26"><span class='ocrx_word' id='word_1_503' title='bbox 228 3631 392 3697; x_wconf 87' lang='grc' dir='ltr'>Λέγει</span> <span class='ocrx_word' id='word_1_504' title='bbox 419 3626 530 3683; x_wconf 77' lang='grc' dir='ltr'>οὖν·</span> <span class='ocrx_word' id='word_1_505' title='bbox 564 3632 627 3684; x_wconf 74' lang='lat' dir='ltr'><strong>Et</strong></span> <span class='ocrx_word' id='word_1_506' title='bbox 648 3633 740 3685; x_wconf 78' lang='grc' dir='ltr'><strong>καὶ</strong></span> <span class='ocrx_word' id='word_1_507' title='bbox 765 3631 1017 3704; x_wconf 79' lang='grc' dir='ltr'>ὀξύτερον</span> <span class='ocrx_word' id='word_1_508' title='bbox 1046 3637 1074 3687; x_wconf 88' lang='lat'><strong>6</strong></span> <span class='ocrx_word' id='word_1_509' title='bbox 1104 3634 1273 3706; x_wconf 75' lang='grc' dir='ltr'>θυμὸς</span> <span class='ocrx_word' id='word_1_510' title='bbox 1298 3635 1530 3706; x_wconf 83' lang='grc' dir='ltr'>ἐλέγχει,</span> <span class='ocrx_word' id='word_1_511' title='bbox 1558 3637 1652 3689; x_wconf 73' lang='grc' dir='ltr'>καὶ</span> <span class='ocrx_word' id='word_1_512' title='bbox 1682 3636 1819 3709; x_wconf 81' lang='grc' dir='ltr'>ὀργὴ</span> 
     </span>
    </p>
   </div>
   <div class='ocr_carea' id='block_1_66' title="bbox 227 3722 1819 3799">
    <p class='ocr_par' dir='ltr' id='par_1_66' title="bbox 227 3722 1819 3799">
     <span class='ocr_line' id='line_1_66' title="bbox 227 3722 1819 3799; baseline 0.006 -27"><span class='ocrx_word' id='word_1_513' title='bbox 227 3722 416 3790; x_wconf 75' lang='grc' dir='ltr'>τάχιον</span> <span class='ocrx_word' id='word_1_514' title='bbox 447 3723 712 3787; x_wconf 83' lang='grc' dir='ltr'>παιδεύει,</span> <span class='ocrx_word' id='word_1_515' title='bbox 745 3722 854 3791; x_wconf 83' lang='grc' dir='ltr'><strong>ἐγὼ</strong></span> <span class='ocrx_word' id='word_1_516' title='bbox 887 3723 978 3778; x_wconf 77' lang='grc' dir='ltr'><strong>διὰ</strong></span> <span class='ocrx_word' id='word_1_517' title='bbox 1016 3725 1116 3795; x_wconf 82' lang='grc' dir='ltr'>τὴν</span> <span class='ocrx_word' id='word_1_518' title='bbox 1152 3726 1437 3780; x_wconf 83' lang='grc' dir='ltr'>ἀσθένειάν</span> <span class='ocrx_word' id='word_1_519' title='bbox 1484 3745 1584 3799; x_wconf 89' lang='grc' dir='ltr'><strong>μου</strong></span> <span class='ocrx_word' id='word_1_520' title='bbox 1626 3728 1819 3798; x_wconf 83' lang='grc' dir='ltr'>δέομαι</span> 
     </span>
    </p>
   </div>
   <div class='ocr_carea' id='block_1_67' title="bbox 228 3812 1818 3892">
    <p class='ocr_par' dir='ltr' id='par_1_67' title="bbox 228 3812 1818 3892">
     <span class='ocr_line' id='line_1_67' title="bbox 228 3812 1818 3892; baseline 0.006 -28"><span class='ocrx_word' id='word_1_521' title='bbox 228 3812 325 3864; x_wconf 80' lang='grc' dir='ltr'>τοῦ</span> <span class='ocrx_word' id='word_1_522' title='bbox 351 3812 532 3877; x_wconf 81' lang='grc' dir='ltr'>ἐλέους</span> <span class='ocrx_word' id='word_1_523' title='bbox 558 3831 675 3877; x_wconf 85' lang='grc' dir='ltr'>σου,</span> <span class='ocrx_word' id='word_1_524' title='bbox 702 3814 768 3869; x_wconf 89' lang='grc' dir='ltr'>δι’</span> <span class='ocrx_word' id='word_1_525' title='bbox 795 3815 962 3885; x_wconf 80' lang='grc' dir='ltr'>ἄλλης</span> <span class='ocrx_word' id='word_1_526' title='bbox 988 3816 1311 3888; x_wconf 73' lang='grc' dir='ltr'>ἐλεγχθῆναι</span> <span class='ocrx_word' id='word_1_527' title='bbox 1346 3819 1439 3871; x_wconf 77' lang='grc' dir='ltr'><strong>καὶ</strong></span> <span class='ocrx_word' id='word_1_528' title='bbox 1463 3820 1818 3892; x_wconf 82' lang='grc' dir='ltr'>παιδευθῆναι</span> 
     </span>
    </p>
   </div>
   <div class='ocr_carea' id='block_1_68' title="bbox 230 3904 1710 3980">
    <p class='ocr_par' dir='ltr' id='par_1_68' title="bbox 230 3904 1710 3980">
     <span class='ocr_line' id='line_1_68' title="bbox 230 3904 1710 3980; baseline 0.004 -21"><span class='ocrx_word' id='word_1_529' title='bbox 230 3904 526 3976; x_wconf 76' lang='grc' dir='ltr'>θεραπείας</span> <span class='ocrx_word' id='word_1_530' title='bbox 560 3907 619 3959; x_wconf 82' lang='grc' dir='ltr'><strong>οὐ</strong></span> <span class='ocrx_word' id='word_1_531' title='bbox 657 3904 975 3978; x_wconf 80' lang='grc' dir='ltr'>τηλικοῦτον</span> <span class='ocrx_word' id='word_1_532' title='bbox 1008 3907 1391 3980; x_wconf 78' lang='grc' dir='ltr'>προσαγούσης</span> <span class='ocrx_word' id='word_1_533' title='bbox 1415 3909 1504 3962; x_wconf 83' lang='grc' dir='ltr'><strong>τὸν</strong></span> <span class='ocrx_word' id='word_1_534' title='bbox 1530 3911 1710 3965; x_wconf 84' lang='grc' dir='ltr'>πόνον.</span> 
     </span>
    </p>
   </div>
   <div class='ocr_carea' id='block_1_69' title="bbox 303 4089 1819 4165">
    <p class='ocr_par' dir='ltr' id='par_1_69' title="bbox 303 4089 1819 4165">
     <span class='ocr_line' id='line_1_69' title="bbox 303 4089 1819 4165; baseline 0.005 -23"><span class='ocrx_word' id='word_1_535' title='bbox 303 4089 499 4143; x_wconf 82' lang='grc' dir='ltr'>Ἴασαί</span> <span class='ocrx_word' id='word_1_536' title='bbox 514 4107 612 4159; x_wconf 81' lang='grc' dir='ltr'><strong>με,</strong></span> <span class='ocrx_word' id='word_1_537' title='bbox 635 4091 830 4159; x_wconf 83' lang='grc' dir='ltr'>Κύριε,</span> <span class='ocrx_word' id='word_1_538' title='bbox 852 4090 942 4145; x_wconf 88' lang='grc' dir='ltr'>ὅτι</span> <span class='ocrx_word' id='word_1_539' title='bbox 964 4090 1258 4162; x_wconf 83' lang='grc' dir='ltr'>ἐταράχθη</span> <span class='ocrx_word' id='word_1_540' title='bbox 1286 4094 1357 4148; x_wconf 80' lang='grc' dir='ltr'>τὰ</span> <span class='ocrx_word' id='word_1_541' title='bbox 1387 4092 1536 4149; x_wconf 86' lang='grc' dir='ltr'><em>ὀστᾶ</em></span> <span class='ocrx_word' id='word_1_542' title='bbox 1555 4114 1696 4165; x_wconf 82' lang='grc' dir='ltr'>μου,</span> <span class='ocrx_word' id='word_1_543' title='bbox 1721 4096 1819 4150; x_wconf 78' lang='grc' dir='ltr'>καὶ</span> 
     </span>
    </p>
   </div>
   <div class='ocr_carea' id='block_1_70' title="bbox 227 4180 1820 4253">
    <p class='ocr_par' dir='ltr' id='par_1_70' title="bbox 227 4180 1820 4253">
     <span class='ocr_line' id='line_1_70' title="bbox 227 4180 1820 4253; baseline 0.008 -23"><span class='ocrx_word' id='word_1_544' title='bbox 227 4181 270 4238; x_wconf 75' lang='lat'><strong>1)</strong></span> <span class='ocrx_word' id='word_1_545' title='bbox 306 4181 473 4248; x_wconf 71' lang='grc' dir='ltr'>ψυχή</span> <span class='ocrx_word' id='word_1_546' title='bbox 500 4198 619 4251; x_wconf 78' lang='grc' dir='ltr'><strong>μου</strong></span> <span class='ocrx_word' id='word_1_547' title='bbox 648 4180 945 4251; x_wconf 83' lang='grc' dir='ltr'>ἐταράχθη</span> <span class='ocrx_word' id='word_1_548' title='bbox 987 4183 1242 4253; x_wconf 70' lang='grc' dir='ltr'>σφόδρα,</span> <span class='ocrx_word' id='word_1_549' title='bbox 1274 4202 1327 4238; x_wconf 85' lang='grc' dir='ltr'><strong>κ.</strong></span> <span class='ocrx_word' id='word_1_550' title='bbox 1377 4203 1428 4239; x_wconf 88' lang='grc' dir='ltr'>τ.</span> <span class='ocrx_word' id='word_1_551' title='bbox 1463 4187 1509 4240; x_wconf 87' lang='grc' dir='ltr'><strong>ἐ.</strong></span> <span class='ocrx_word' id='word_1_552' title='bbox 1543 4188 1820 4244; x_wconf 77' lang='grc' dir='ltr'>Νοσοῦντὰ</span> 
     </span>
    </p>
   </div>
   <div class='ocr_carea' id='block_1_71' title="bbox 232 4270 1820 4348">
    <p class='ocr_par' dir='ltr' id='par_1_71' title="bbox 232 4270 1820 4348">
     <span class='ocr_line' id='line_1_71' title="bbox 232 4270 1820 4348; baseline 0.007 -26"><span class='ocrx_word' id='word_1_553' title='bbox 232 4288 302 4340; x_wconf 86' lang='grc' dir='ltr'><strong>με</strong></span> <span class='ocrx_word' id='word_1_554' title='bbox 338 4270 447 4341; x_wconf 79' lang='grc'><strong>(51)</strong></span> <span class='ocrx_word' id='word_1_555' title='bbox 472 4272 573 4343; x_wconf 81' lang='grc' dir='ltr'>τὴν</span> <span class='ocrx_word' id='word_1_556' title='bbox 602 4271 778 4344; x_wconf 79' lang='grc' dir='ltr'>ψυχὴν</span> <span class='ocrx_word' id='word_1_557' title='bbox 814 4274 981 4328; x_wconf 78' lang='grc' dir='ltr'>ἴασαι·</span> <span class='ocrx_word' id='word_1_558' title='bbox 1016 4273 1111 4328; x_wconf 58' lang='grc' dir='ltr'><strong>καὶ⁴</strong></span> <span class='ocrx_word' id='word_1_559' title='bbox 1142 4274 1250 4346; x_wconf 84' lang='grc' dir='ltr'>γὰρ</span> <span class='ocrx_word' id='word_1_560' title='bbox 1280 4278 1682 4348; x_wconf 88' lang='grc' dir='ltr'>τεταραγμέναι</span> <span class='ocrx_word' id='word_1_561' title='bbox 1715 4282 1820 4333; x_wconf 81' lang='grc' dir='ltr'>εἰσὶ</span> 
     </span>
    </p>
   </div>
   <div class='ocr_carea' id='block_1_72' title="bbox 224 4362 1819 4446">
    <p class='ocr_par' dir='ltr' id='par_1_72' title="bbox 224 4362 1819 4446">
     <span class='ocr_line' id='line_1_72' title="bbox 224 4362 1819 4446; baseline 0.008 -31"><span class='ocrx_word' id='word_1_562' title='bbox 224 4363 336 4416; x_wconf 84' lang='grc' dir='ltr'><strong>τῶν</strong></span> <span class='ocrx_word' id='word_1_563' title='bbox 371 4362 546 4417; x_wconf 84' lang='grc' dir='ltr'>ὀστῶν</span> <span class='ocrx_word' id='word_1_564' title='bbox 594 4365 767 4437; x_wconf 80' lang='grc' dir='ltr'>αὐτῆς</span> <span class='ocrx_word' id='word_1_565' title='bbox 797 4368 853 4420; x_wconf 89' lang='grc' dir='ltr'>αἱ</span> <span class='ocrx_word' id='word_1_566' title='bbox 888 4366 1164 4438; x_wconf 86' lang='grc' dir='ltr'>ἁρμονίαι,</span> <span class='ocrx_word' id='word_1_567' title='bbox 1212 4369 1307 4423; x_wconf 74' lang='grc' dir='ltr'><strong>καὶ</strong></span> <span class='ocrx_word' id='word_1_568' title='bbox 1339 4369 1477 4441; x_wconf 81' lang='grc' dir='ltr'>αὑτὴ</span> <span class='ocrx_word' id='word_1_569' title='bbox 1521 4370 1579 4424; x_wconf 85' lang='grc' dir='ltr'>δὲ</span> <span class='ocrx_word' id='word_1_570' title='bbox 1614 4372 1819 4446; x_wconf 83' lang='grc' dir='ltr'>σφόδρα</span> 
     </span>
    </p>
   </div>
   <div class='ocr_carea' id='block_1_73' title="bbox 224 4458 582 4529">
    <p class='ocr_par' dir='ltr' id='par_1_73' title="bbox 224 4458 582 4529">
     <span class='ocr_line' id='line_1_73' title="bbox 224 4458 582 4529; baseline 0.006 -20"><span class='ocrx_word' id='word_1_571' title='bbox 224 4458 582 4529; x_wconf 85' lang='grc' dir='ltr'>τετάρακται.</span> 
     </span>
    </p>
   </div>
   <div class='ocr_carea' id='block_1_74' title="bbox 301 4547 1817 4616">
    <p class='ocr_par' dir='ltr' id='par_1_74' title="bbox 301 4547 1817 4616">
     <span class='ocr_line' id='line_1_74' title="bbox 301 4547 1817 4616; baseline 0.005 -17"><span class='ocrx_word' id='word_1_572' title='bbox 301 4548 412 4600; x_wconf 78' lang='grc' dir='ltr'><strong>Καὶ</strong></span> <span class='ocrx_word' id='word_1_573' title='bbox 453 4547 557 4614; x_wconf 87' lang='grc' dir='ltr'>σὺ,</span> <span class='ocrx_word' id='word_1_574' title='bbox 593 4550 788 4616; x_wconf 84' lang='grc' dir='ltr'>Κύριε,</span> <span class='ocrx_word' id='word_1_575' title='bbox 824 4549 938 4616; x_wconf 80' lang='grc' dir='ltr'><strong>ἕως</strong></span> <span class='ocrx_word' id='word_1_576' title='bbox 977 4550 1158 4613; x_wconf 63' lang='lat' dir='ltr'><strong>adre;</strong></span> <span class='ocrx_word' id='word_1_577' title='bbox 1191 4566 1245 4604; x_wconf 92' lang='grc' dir='ltr'><strong>κ.</strong></span> <span class='ocrx_word' id='word_1_578' title='bbox 1282 4568 1330 4604; x_wconf 85' lang='grc' dir='ltr'><strong>τ.</strong></span> <span class='ocrx_word' id='word_1_579' title='bbox 1369 4552 1418 4605; x_wconf 84' lang='grc' dir='ltr'><strong>ἐ.</strong></span> <span class='ocrx_word' id='word_1_580' title='bbox 1454 4550 1624 4605; x_wconf 83' lang='grc' dir='ltr'>Τοῦτο</span> <span class='ocrx_word' id='word_1_581' title='bbox 1652 4553 1817 4607; x_wconf 87' lang='grc' dir='ltr'>ὲλλει-</span> 
     </span>
    </p>
   </div>
   <div class='ocr_carea' id='block_1_75' title="bbox 230 4638 1818 4718">
    <p class='ocr_par' dir='ltr' id='par_1_75' title="bbox 230 4638 1818 4718">
     <span class='ocr_line' id='line_1_75' title="bbox 230 4638 1818 4718; baseline 0.006 -27"><span class='ocrx_word' id='word_1_582' title='bbox 230 4638 440 4703; x_wconf 85' lang='grc' dir='ltr'>πτικῶς</span> <span class='ocrx_word' id='word_1_583' title='bbox 470 4640 575 4709; x_wconf 72' lang='grc'><strong>(52)</strong></span> <span class='ocrx_word' id='word_1_584' title='bbox 605 4639 820 4711; x_wconf 81' lang='grc' dir='ltr'>εἴρηται</span> <span class='ocrx_word' id='word_1_585' title='bbox 850 4642 969 4693; x_wconf 76' lang='grc' dir='ltr'>ἀντὶ</span> <span class='ocrx_word' id='word_1_586' title='bbox 1004 4640 1118 4703; x_wconf 80' lang='grc' dir='ltr'>τοῦ,</span> <span class='ocrx_word' id='word_1_587' title='bbox 1156 4641 1299 4705; x_wconf 81' lang='grc' dir='ltr'>Ἕως</span> <span class='ocrx_word' id='word_1_588' title='bbox 1334 4642 1463 4695; x_wconf 84' lang='grc' dir='ltr'>πότε</span> <span class='ocrx_word' id='word_1_589' title='bbox 1491 4644 1553 4697; x_wconf 83' lang='grc' dir='ltr'><strong>ού</strong></span> <span class='ocrx_word' id='word_1_590' title='bbox 1587 4644 1688 4717; x_wconf 74' lang='grc' dir='ltr'><strong>ῥύῃ</strong></span> <span class='ocrx_word' id='word_1_591' title='bbox 1716 4654 1818 4718; x_wconf 79' lang='grc' dir='ltr'>τὴν</span> 
     </span>
    </p>
   </div>
   <div class='ocr_carea' id='block_1_76' title="bbox 227 4730 1819 4803">
    <p class='ocr_par' dir='ltr' id='par_1_76' title="bbox 227 4730 1819 4803">
     <span class='ocr_line' id='line_1_76' title="bbox 227 4730 1819 4803; baseline 0.006 -21"><span class='ocrx_word' id='word_1_592' title='bbox 227 4730 407 4801; x_wconf 68' lang='grc' dir='ltr'>ψυχὴν</span> <span class='ocrx_word' id='word_1_593' title='bbox 441 4748 564 4801; x_wconf 90' lang='grc' dir='ltr'>μου,</span> <span class='ocrx_word' id='word_1_594' title='bbox 594 4731 715 4784; x_wconf 79' lang='grc' dir='ltr'>οὐδὲ</span> <span class='ocrx_word' id='word_1_595' title='bbox 748 4732 942 4795; x_wconf 78' lang='grc' dir='ltr'>σώζεις</span> <span class='ocrx_word' id='word_1_596' title='bbox 976 4749 1042 4803; x_wconf 86' lang='grc' dir='ltr'><strong>με</strong></span> <span class='ocrx_word' id='word_1_597' title='bbox 1079 4733 1222 4786; x_wconf 72' lang='grc' dir='ltr'>κατὰ</span> <span class='ocrx_word' id='word_1_598' title='bbox 1257 4732 1349 4786; x_wconf 82' lang='grc' dir='ltr'><strong>τὸν</strong></span> <span class='ocrx_word' id='word_1_599' title='bbox 1381 4733 1528 4789; x_wconf 77' lang='grc' dir='ltr'>ἐλεόν</span> <span class='ocrx_word' id='word_1_600' title='bbox 1557 4753 1671 4800; x_wconf 90' lang='grc' dir='ltr'>σου,</span> <span class='ocrx_word' id='word_1_601' title='bbox 1698 4739 1819 4791; x_wconf 77' lang='grc' dir='ltr'>οὐδὲ</span> 
     </span>
    </p>
   </div>
   <div class='ocr_carea' id='block_1_77' title="bbox 230 4822 1821 4900">
    <p class='ocr_par' dir='ltr' id='par_1_77' title="bbox 230 4822 1821 4900">
     <span class='ocr_line' id='line_1_77' title="bbox 230 4822 1821 4900; baseline 0.006 -26"><span class='ocrx_word' id='word_1_602' title='bbox 230 4822 582 4893; x_wconf 84' lang='grc' dir='ltr'>ἐπιστρέφεις</span> <span class='ocrx_word' id='word_1_603' title='bbox 612 4840 678 4894; x_wconf 92' lang='grc' dir='ltr'><strong>με</strong></span> <span class='ocrx_word' id='word_1_604' title='bbox 700 4840 714 4889; x_wconf 90' lang='lat'><strong>;</strong></span> <span class='ocrx_word' id='word_1_605' title='bbox 756 4824 813 4877; x_wconf 90' lang='lat'><strong>&#39;0</strong></span> <span class='ocrx_word' id='word_1_606' title='bbox 834 4825 907 4895; x_wconf 84' lang='grc' dir='ltr'>μὴ</span> <span class='ocrx_word' id='word_1_607' title='bbox 932 4822 1148 4896; x_wconf 75' lang='grc' dir='ltr'>θαρρῶν</span> <span class='ocrx_word' id='word_1_608' title='bbox 1171 4824 1227 4879; x_wconf 79' lang='grc' dir='ltr'>δὲ</span> <span class='ocrx_word' id='word_1_609' title='bbox 1254 4826 1346 4879; x_wconf 76' lang='grc' dir='ltr'><strong>ἐπὶ</strong></span> <span class='ocrx_word' id='word_1_610' title='bbox 1371 4825 1552 4897; x_wconf 75' lang='grc' dir='ltr'>ἔργοις</span> <span class='ocrx_word' id='word_1_611' title='bbox 1582 4828 1821 4900; x_wconf 84' lang='grc' dir='ltr'>σωθῆναι</span> 
     </span>
    </p>
   </div>
   <div class='ocr_carea' id='block_1_78' title="bbox 229 4912 1822 4984">
    <p class='ocr_par' dir='ltr' id='par_1_78' title="bbox 229 4912 1822 4984">
     <span class='ocr_line' id='line_1_78' title="bbox 229 4912 1822 4984; baseline 0.008 -21"><span class='ocrx_word' id='word_1_612' title='bbox 229 4913 367 4982; x_wconf 78' lang='grc' dir='ltr'>ἐρεῖ·</span> <span class='ocrx_word' id='word_1_613' title='bbox 411 4934 427 4962; x_wconf 75' lang='grc' dir='ltr'><strong>ι</strong></span> <span class='ocrx_word' id='word_1_614' title='bbox 453 4912 632 4966; x_wconf 86' lang='grc' dir='ltr'>Σῶσόν</span> <span class='ocrx_word' id='word_1_615' title='bbox 676 4931 743 4984; x_wconf 89' lang='grc' dir='ltr'><strong>με</strong></span> <span class='ocrx_word' id='word_1_616' title='bbox 783 4915 967 4967; x_wconf 75' lang='grc' dir='ltr'>ἕνεκεν</span> <span class='ocrx_word' id='word_1_617' title='bbox 1013 4913 1105 4968; x_wconf 78' lang='grc' dir='ltr'>τοῦ</span> <span class='ocrx_word' id='word_1_618' title='bbox 1151 4916 1337 4980; x_wconf 85' lang='grc' dir='ltr'>ἐλέους</span> <span class='ocrx_word' id='word_1_619' title='bbox 1369 4935 1484 4971; x_wconf 90' lang='grc' dir='ltr'>σου.</span> <span class='ocrx_word' id='word_1_620' title='bbox 1517 4939 1535 4970; x_wconf 71' lang='grc' dir='ltr'><strong>ι</strong></span> <span class='ocrx_word' id='word_1_621' title='bbox 1576 4921 1728 4974; x_wconf 89' lang='grc' dir='ltr'>Μετὰ</span> <span class='ocrx_word' id='word_1_622' title='bbox 1760 4922 1822 4975; x_wconf 86' lang='grc' dir='ltr'>τὸ</span> 
     </span>
    </p>
   </div>
   <div class='ocr_carea' id='block_1_79' title="bbox 229 5005 1821 5080">
    <p class='ocr_par' dir='ltr' id='par_1_79' title="bbox 229 5005 1821 5080">
     <span class='ocr_line' id='line_1_79' title="bbox 229 5005 1821 5080; baseline 0.004 -23"><span class='ocrx_word' id='word_1_623' title='bbox 229 5005 483 5067; x_wconf 79' lang='grc' dir='ltr'>ακοῦσαι,</span> <span class='ocrx_word' id='word_1_624' title='bbox 514 5005 595 5057; x_wconf 86' lang='grc' dir='ltr'>ὅτι</span> <span class='ocrx_word' id='word_1_625' title='bbox 617 5005 818 5078; x_wconf 82' lang='grc' dir='ltr'>Κύριος</span> <span class='ocrx_word' id='word_1_626' title='bbox 841 5006 1029 5075; x_wconf 83' lang='grc' dir='ltr'>ἀφεῖλε</span> <span class='ocrx_word' id='word_1_627' title='bbox 1057 5007 1118 5060; x_wconf 86' lang='grc' dir='ltr'><strong>τὸ</strong></span> <span class='ocrx_word' id='word_1_628' title='bbox 1146 5009 1449 5080; x_wconf 78' lang='grc' dir='ltr'>ἁμάρτημα</span> <span class='ocrx_word' id='word_1_629' title='bbox 1478 5010 1662 5075; x_wconf 80' lang='grc' dir='ltr'>αὐτοῦ,</span> <span class='ocrx_word' id='word_1_630' title='bbox 1697 5030 1821 5064; x_wconf 87' lang='grc' dir='ltr'>πει-</span> 
     </span>
    </p>
   </div>
   <div class='ocr_carea' id='block_1_80' title="bbox 234 5096 1818 5173">
    <p class='ocr_par' dir='ltr' id='par_1_80' title="bbox 234 5096 1818 5173">
     <span class='ocr_line' id='line_1_80' title="bbox 234 5096 1818 5173; baseline 0.005 -27"><span class='ocrx_word' id='word_1_631' title='bbox 234 5098 462 5167; x_wconf 78' lang='grc' dir='ltr'>ρασμοῖς</span> <span class='ocrx_word' id='word_1_632' title='bbox 504 5097 598 5148; x_wconf 77' lang='grc' dir='ltr'><strong>καί</strong></span> <span class='ocrx_word' id='word_1_633' title='bbox 646 5096 859 5166; x_wconf 78' lang='grc' dir='ltr'>θλίψεσι</span> <span class='ocrx_word' id='word_1_634' title='bbox 909 5098 1153 5152; x_wconf 82' lang='grc' dir='ltr'>παλαίων</span> <span class='ocrx_word' id='word_1_635' title='bbox 1190 5102 1217 5153; x_wconf 90' lang='grc' dir='ltr'>ὁ</span> <span class='ocrx_word' id='word_1_636' title='bbox 1255 5100 1416 5153; x_wconf 79' lang='grc' dir='ltr'>Δαυῒδ</span> <span class='ocrx_word' id='word_1_637' title='bbox 1464 5102 1557 5153; x_wconf 76' lang='grc' dir='ltr'><strong>καὶ</strong></span> <span class='ocrx_word' id='word_1_638' title='bbox 1597 5102 1818 5173; x_wconf 83' lang='grc' dir='ltr'>φαρμά-</span> 
     </span>
    </p>
   </div>
   <div class='ocr_carea' id='block_1_81' title="bbox 232 5186 1818 5263">
    <p class='ocr_par' dir='ltr' id='par_1_81' title="bbox 232 5186 1818 5263">
     <span class='ocr_line' id='line_1_81' title="bbox 232 5186 1818 5263; baseline 0.006 -25"><span class='ocrx_word' id='word_1_639' title='bbox 232 5204 455 5240; x_wconf 84' lang='grc' dir='ltr'>κων.....</span> <span class='ocrx_word' id='word_1_640' title='bbox 485 5186 777 5257; x_wconf 81' lang='grc' dir='ltr'>γευόμενος</span> <span class='ocrx_word' id='word_1_641' title='bbox 808 5189 938 5260; x_wconf 75' lang='grc' dir='ltr'>περὶ</span> <span class='ocrx_word' id='word_1_642' title='bbox 968 5190 1068 5261; x_wconf 83' lang='grc' dir='ltr'><strong>τῆς</strong></span> <span class='ocrx_word' id='word_1_643' title='bbox 1090 5189 1198 5244; x_wconf 84' lang='grc' dir='ltr'><strong>τῶν</strong></span> <span class='ocrx_word' id='word_1_644' title='bbox 1238 5192 1543 5263; x_wconf 82' lang='grc' dir='ltr'>φαρμάκων</span> <span class='ocrx_word' id='word_1_645' title='bbox 1575 5192 1818 5247; x_wconf 72' lang='grc' dir='ltr'>ἀπαλλα-</span> 
     </span>
    </p>
   </div>
   <div class='ocr_carea' id='block_1_82' title="bbox 229 5277 1036 5351">
    <p class='ocr_par' dir='ltr' id='par_1_82' title="bbox 229 5277 1036 5351">
     <span class='ocr_line' id='line_1_82' title="bbox 229 5277 1036 5351; baseline 0.005 -21"><span class='ocrx_word' id='word_1_646' title='bbox 229 5277 333 5346; x_wconf 78' lang='grc' dir='ltr'>γῆς</span> <span class='ocrx_word' id='word_1_647' title='bbox 365 5278 676 5350; x_wconf 84' lang='grc' dir='ltr'>παρακαλεῖ</span> <span class='ocrx_word' id='word_1_648' title='bbox 709 5279 800 5332; x_wconf 84' lang='grc' dir='ltr'><strong>τὸν</strong></span> <span class='ocrx_word' id='word_1_649' title='bbox 835 5280 1036 5351; x_wconf 74' lang='grc' dir='ltr'>ἰατρόν.</span> 
     </span>
    </p>
   </div>
   <div class='ocr_carea' id='block_1_83' title="bbox 306 5462 1900 5536">
    <p class='ocr_par' dir='ltr' id='par_1_83' title="bbox 306 5462 1900 5536">
     <span class='ocr_line' id='line_1_83' title="bbox 306 5462 1900 5536; baseline 0.007 -20"><span class='ocrx_word' id='word_1_650' title='bbox 306 5463 353 5494; x_wconf 80' lang='grc'><strong>⁷³</strong></span> <span class='ocrx_word' id='word_1_651' title='bbox 384 5462 486 5517; x_wconf 89' lang='lat' dir='ltr'><strong>lsa.</strong></span> <span class='ocrx_word' id='word_1_652' title='bbox 525 5479 622 5525; x_wconf 82' lang='grc' dir='ltr'>ιιι.</span> <span class='ocrx_word' id='word_1_653' title='bbox 654 5464 710 5519; x_wconf 90' lang='grc'>6.</span> <span class='ocrx_word' id='word_1_654' title='bbox 787 5463 834 5495; x_wconf 73' lang='grc'><strong>⁷⁸</strong></span> <span class='ocrx_word' id='word_1_655' title='bbox 866 5464 1035 5519; x_wconf 81' lang='lat' dir='ltr'><strong>Exod.</strong></span> <span class='ocrx_word' id='word_1_656' title='bbox 1067 5481 1263 5530; x_wconf 77' lang='lat' dir='ltr'><strong>xxxm,</strong></span> <span class='ocrx_word' id='word_1_657' title='bbox 1300 5465 1385 5523; x_wconf 86' lang='lat' dir='ltr'><strong>l5.</strong></span> <span class='ocrx_word' id='word_1_658' title='bbox 1460 5467 1508 5501; x_wconf 81' lang='lat'>”</span> <span class='ocrx_word' id='word_1_659' title='bbox 1540 5467 1714 5525; x_wconf 86' lang='lat' dir='ltr'><strong>Prov.</strong></span> <span class='ocrx_word' id='word_1_660' title='bbox 1745 5482 1821 5536; x_wconf 82' lang='lat' dir='ltr'><strong>tv,</strong></span> <span class='ocrx_word' id='word_1_661' title='bbox 1845 5469 1900 5527; x_wconf 92' lang='lat'><strong>9.</strong></span> 
     </span>
    </p>
   </div>
   <div class='ocr_carea' id='block_1_84' title="bbox 229 5554 1813 5679">
    <p class='ocr_par' dir='ltr' id='par_1_84' title="bbox 229 5554 1813 5679">
     <span class='ocr_line' id='line_1_84' title="bbox 229 5554 1813 5679; baseline 0.008 -71"><span class='ocrx_word' id='word_1_662' title='bbox 229 5624 273 5679; x_wconf 72' lang='grc' dir='ltr'><strong>Β</strong></span> <span class='ocrx_word' id='word_1_663' title='bbox 304 5554 418 5678; x_wconf 53' lang='lat'><strong>(3.8)</strong></span> <span class='ocrx_word' id='word_1_664' title='bbox 454 5559 678 5612; x_wconf 78' lang='grc' dir='ltr'>Ταυτόν</span> <span class='ocrx_word' id='word_1_665' title='bbox 702 5558 834 5612; x_wconf 84' lang='grc' dir='ltr'>ἐστι</span> <span class='ocrx_word' id='word_1_666' title='bbox 860 5557 999 5622; x_wconf 84' lang='grc' dir='ltr'>τῶν,</span> <span class='ocrx_word' id='word_1_667' title='bbox 1026 5568 1133 5614; x_wconf 89' lang='lat' dir='ltr'><strong>etc.</strong></span> <span class='ocrx_word' id='word_1_668' title='bbox 1175 5560 1485 5626; x_wconf 84' lang='lat' dir='ltr'><strong>Corderius,</strong></span> <span class='ocrx_word' id='word_1_669' title='bbox 1512 5562 1813 5633; x_wconf 87' lang='lat' dir='ltr'><strong>partimque</strong></span> 
     </span>
     <span class='ocr_line' id='line_1_85' title="bbox 278 5642 526 5679; baseline 0 0"><span class='ocrx_word' id='word_1_670' title='bbox 278 5642 337 5679; x_wconf 87' lang='lat' dir='ltr'><strong>ar</strong></span> <span class='ocrx_word' id='word_1_671' title='bbox 362 5642 526 5679; x_wconf 71' lang='lat' dir='ltr'><strong>iarns.</strong></span> 
     </span>
    </p>
   </div>
   <div class='ocr_carea' id='block_1_85' title="bbox 278 5642 526 5680">
    <p class='ocr_par' dir='ltr' id='par_1_85' title="bbox 278 5642 526 5680">
     <span class='ocr_line' id='line_1_86' title="bbox 278 5642 526 5680; baseline 0.004 -1"><span class='ocrx_word' id='word_1_672' title='bbox 278 5642 526 5680; x_wconf 78' lang='lat' dir='ltr'><strong>amarus.</strong></span> 
     </span>
    </p>
   </div>
   <div class='ocr_carea' id='block_1_86' title="bbox 304 5693 1809 5767">
    <p class='ocr_par' dir='ltr' id='par_1_86' title="bbox 304 5693 1809 5767">
     <span class='ocr_line' id='line_1_87' title="bbox 304 5693 1809 5767; baseline 0.006 -19"><span class='ocrx_word' id='word_1_673' title='bbox 304 5693 416 5767; x_wconf 79' lang='lat'><strong>(29)</strong></span> <span class='ocrx_word' id='word_1_674' title='bbox 462 5695 641 5764; x_wconf 79' lang='grc' dir='ltr'>’Υπὲρ</span> <span class='ocrx_word' id='word_1_675' title='bbox 671 5695 783 5766; x_wconf 85' lang='grc' dir='ltr'><strong>τῆς</strong></span> <span class='ocrx_word' id='word_1_676' title='bbox 806 5696 1041 5767; x_wconf 60' lang='grc' dir='ltr'><strong>ὀγδόης,</strong></span> <span class='ocrx_word' id='word_1_677' title='bbox 1082 5710 1188 5755; x_wconf 90' lang='lat' dir='ltr'><strong>etc.</strong></span> <span class='ocrx_word' id='word_1_678' title='bbox 1214 5701 1391 5756; x_wconf 81' lang='lat' dir='ltr'><strong>Codex</strong></span> <span class='ocrx_word' id='word_1_679' title='bbox 1429 5700 1809 5757; x_wconf 88' lang='lat' dir='ltr'><strong>Coislinianus.</strong></span> 
     </span>
    </p>
   </div>
   <div class='ocr_carea' id='block_1_87' title="bbox 228 5766 1815 5894">
    <p class='ocr_par' dir='ltr' id='par_1_87' title="bbox 228 5766 1815 5892">
     <span class='ocr_line' id='line_1_88' title="bbox 228 5766 1815 5892; baseline 0.002 -67"><span class='ocrx_word' id='word_1_680' title='bbox 228 5766 418 5892; x_wconf 52' lang='lat' dir='ltr'><strong>miri?</strong></span> <span class='ocrx_word' id='word_1_681' title='bbox 457 5767 651 5837; x_wconf 85' lang='grc' dir='ltr'>Θυμός</span> <span class='ocrx_word' id='word_1_682' title='bbox 676 5768 869 5834; x_wconf 72' lang='grc' dir='ltr'>ἐστιν,</span> <span class='ocrx_word' id='word_1_683' title='bbox 889 5778 993 5824; x_wconf 89' lang='lat' dir='ltr'><strong>etc.</strong></span> <span class='ocrx_word' id='word_1_684' title='bbox 1024 5770 1339 5836; x_wconf 83' lang='lat' dir='ltr'><strong>Corderius,</strong></span> <span class='ocrx_word' id='word_1_685' title='bbox 1371 5775 1676 5843; x_wconf 87' lang='lat' dir='ltr'><strong>partimque</strong></span> <span class='ocrx_word' id='word_1_686' title='bbox 1692 5773 1815 5828; x_wconf 81' lang='lat' dir='ltr'><strong>Bar-</strong></span> 
     </span>
    </p>
   </div>
   <div class='ocr_carea' id='block_1_88' title="bbox 1999 3361 3510 3430">
    <p class='ocr_par' dir='ltr' id='par_1_88' title="bbox 1999 3361 3510 3430">
     <span class='ocr_line' id='line_1_89' title="bbox 1999 3361 3510 3430; baseline -0.001 -14"><span class='ocrx_word' id='word_1_687' title='bbox 1999 3362 2158 3416; x_wconf 67' lang='lat' dir='ltr'><strong>Vens.</strong></span> <span class='ocrx_word' id='word_1_688' title='bbox 2180 3362 2235 3417; x_wconf 77' lang='lat'><strong>2.</strong></span> <span class='ocrx_word' id='word_1_689' title='bbox 2256 3361 2577 3424; x_wconf 85' lang='lat' dir='ltr'><strong>Domine,ne</strong></span> <span class='ocrx_word' id='word_1_690' title='bbox 2602 3361 2653 3415; x_wconf 87' lang='lat' dir='ltr'><strong>in</strong></span> <span class='ocrx_word' id='word_1_691' title='bbox 2680 3361 2964 3430; x_wconf 70' lang='grc' dir='ltr'>[ανον-ειαο</span> <span class='ocrx_word' id='word_1_692' title='bbox 2990 3377 3188 3430; x_wconf 77' lang='lat' dir='ltr'><strong>arguas</strong></span> <span class='ocrx_word' id='word_1_693' title='bbox 3214 3376 3314 3429; x_wconf 83' lang='lat' dir='ltr'><strong>me,</strong></span> <span class='ocrx_word' id='word_1_694' title='bbox 3343 3376 3510 3428; x_wconf 74' lang='lat' dir='ltr'><strong>neque</strong></span> 
     </span>
    </p>
   </div>
   <div class='ocr_carea' id='block_1_89' title="bbox 1926 3451 3507 3523">
    <p class='ocr_par' dir='ltr' id='par_1_89' title="bbox 1926 3451 3507 3523">
     <span class='ocr_line' id='line_1_90' title="bbox 1926 3451 3507 3523; baseline 0.001 -16"><span class='ocrx_word' id='word_1_695' title='bbox 1926 3456 1979 3508; x_wconf 86' lang='lat' dir='ltr'><strong>in</strong></span> <span class='ocrx_word' id='word_1_696' title='bbox 2015 3456 2096 3507; x_wconf 85' lang='lat' dir='ltr'><strong>ira</strong></span> <span class='ocrx_word' id='word_1_697' title='bbox 2126 3466 2216 3508; x_wconf 85' lang='lat' dir='ltr'><strong>tua</strong></span> <span class='ocrx_word' id='word_1_698' title='bbox 2253 3456 2513 3523; x_wconf 79' lang='lat' dir='ltr'><strong>corripias</strong></span> <span class='ocrx_word' id='word_1_699' title='bbox 2535 3470 2636 3517; x_wconf 85' lang='lat' dir='ltr'><strong>me,</strong></span> <span class='ocrx_word' id='word_1_700' title='bbox 2668 3461 2776 3507; x_wconf 90' lang='lat' dir='ltr'><strong>etc.</strong></span> <span class='ocrx_word' id='word_1_701' title='bbox 2805 3451 2983 3507; x_wconf 82' lang='lat' dir='ltr'><strong>Furor</strong></span> <span class='ocrx_word' id='word_1_702' title='bbox 3007 3462 3089 3508; x_wconf 87' lang='lat' dir='ltr'><strong>est</strong></span> <span class='ocrx_word' id='word_1_703' title='bbox 3121 3453 3355 3523; x_wconf 88' lang='lat' dir='ltr'><strong>impetus</strong></span> <span class='ocrx_word' id='word_1_704' title='bbox 3369 3466 3507 3508; x_wconf 87' lang='lat' dir='ltr'><strong>con-</strong></span> 
     </span>
    </p>
   </div>
   <div class='ocr_carea' id='block_1_90' title="bbox 1926 3544 3501 3616">
    <p class='ocr_par' dir='ltr' id='par_1_90' title="bbox 1926 3544 3501 3616">
     <span class='ocr_line' id='line_1_91' title="bbox 1926 3544 3501 3616; baseline -0.002 -15"><span class='ocrx_word' id='word_1_705' title='bbox 1926 3546 2272 3616; x_wconf 69' lang='lat' dir='ltr'><strong>cupiscentia:</strong></span> <span class='ocrx_word' id='word_1_706' title='bbox 2304 3545 2469 3605; x_wconf 89' lang='lat' dir='ltr'><strong>animi</strong></span> <span class='ocrx_word' id='word_1_707' title='bbox 2505 3545 2770 3601; x_wconf 89' lang='lat' dir='ltr'><strong>mansueti</strong></span> <span class='ocrx_word' id='word_1_708' title='bbox 2796 3560 2894 3615; x_wconf 89' lang='lat' dir='ltr'><strong>per</strong></span> <span class='ocrx_word' id='word_1_709' title='bbox 2916 3557 3202 3600; x_wconf 82' lang='lat' dir='ltr'><strong>excessum</strong></span> <span class='ocrx_word' id='word_1_710' title='bbox 3232 3544 3501 3599; x_wconf 68' lang='lat' dir='ltr'><strong>vindictas.</strong></span> 
     </span>
    </p>
   </div>
   <div class='ocr_carea' id='block_1_91' title="bbox 1924 3632 3507 3706">
    <p class='ocr_par' dir='ltr' id='par_1_91' title="bbox 1924 3632 3507 3706">
     <span class='ocr_line' id='line_1_92' title="bbox 1924 3632 3507 3706; baseline 0 -17"><span class='ocrx_word' id='word_1_711' title='bbox 1924 3636 2018 3690; x_wconf 81' lang='lat' dir='ltr'><strong>Ait</strong></span> <span class='ocrx_word' id='word_1_712' title='bbox 2055 3636 2255 3706; x_wconf 80' lang='lat' dir='ltr'><strong>igitur:</strong></span> <span class='ocrx_word' id='word_1_713' title='bbox 2286 3635 2398 3691; x_wconf 84' lang='lat' dir='ltr'><strong>Etsi</strong></span> <span class='ocrx_word' id='word_1_714' title='bbox 2428 3634 2683 3690; x_wconf 90' lang='lat' dir='ltr'><strong>acerbius</strong></span> <span class='ocrx_word' id='word_1_715' title='bbox 2720 3633 2873 3688; x_wconf 81' lang='lat' dir='ltr'><strong>furor</strong></span> <span class='ocrx_word' id='word_1_716' title='bbox 2903 3641 3114 3703; x_wconf 78' lang='lat' dir='ltr'><strong>arguat,</strong></span> <span class='ocrx_word' id='word_1_717' title='bbox 3144 3642 3200 3689; x_wconf 91' lang='lat' dir='ltr'><strong>et</strong></span> <span class='ocrx_word' id='word_1_718' title='bbox 3232 3635 3312 3687; x_wconf 89' lang='lat' dir='ltr'><strong>ira</strong></span> <span class='ocrx_word' id='word_1_719' title='bbox 3344 3632 3507 3689; x_wconf 89' lang='lat' dir='ltr'><strong>citius</strong></span> 
     </span>
    </p>
   </div>
   <div class='ocr_carea' id='block_1_92' title="bbox 1926 3724 3506 3798">
    <p class='ocr_par' dir='ltr' id='par_1_92' title="bbox 1926 3724 3506 3798">
     <span class='ocr_line' id='line_1_93' title="bbox 1926 3724 3506 3798; baseline -0.001 -17"><span class='ocrx_word' id='word_1_720' title='bbox 1926 3728 2217 3797; x_wconf 85' lang='lat' dir='ltr'><strong>corripiat,</strong></span> <span class='ocrx_word' id='word_1_721' title='bbox 2261 3742 2362 3798; x_wconf 81' lang='lat' dir='ltr'><strong>ego</strong></span> <span class='ocrx_word' id='word_1_722' title='bbox 2394 3737 2578 3782; x_wconf 90' lang='lat' dir='ltr'><strong>tamen</strong></span> <span class='ocrx_word' id='word_1_723' title='bbox 2632 3733 2853 3796; x_wconf 89' lang='lat' dir='ltr'><strong>pr0pter</strong></span> <span class='ocrx_word' id='word_1_724' title='bbox 2898 3724 3274 3780; x_wconf 78' lang='lat' dir='ltr'><strong>inﬁrmitatem</strong></span> <span class='ocrx_word' id='word_1_725' title='bbox 3327 3738 3506 3780; x_wconf 89' lang='lat' dir='ltr'><strong>meam</strong></span> 
     </span>
    </p>
   </div>
   <div class='ocr_carea' id='block_1_93' title="bbox 1926 3817 3506 3889">
    <p class='ocr_par' dir='ltr' id='par_1_93' title="bbox 1926 3817 3506 3889">
     <span class='ocr_line' id='line_1_94' title="bbox 1926 3817 3506 3889; baseline -0.003 -15"><span class='ocrx_word' id='word_1_726' title='bbox 1926 3819 2193 3889; x_wconf 85' lang='lat' dir='ltr'><strong>deprecor</strong></span> <span class='ocrx_word' id='word_1_727' title='bbox 2227 3820 2660 3876; x_wconf 89' lang='lat' dir='ltr'><strong>misericordiam</strong></span> <span class='ocrx_word' id='word_1_728' title='bbox 2698 3828 2940 3879; x_wconf 80' lang='lat' dir='ltr'><strong>tuam,ut</strong></span> <span class='ocrx_word' id='word_1_729' title='bbox 2992 3818 3099 3874; x_wconf 88' lang='lat' dir='ltr'><strong>alia</strong></span> <span class='ocrx_word' id='word_1_730' title='bbox 3144 3817 3372 3873; x_wconf 89' lang='lat' dir='ltr'><strong>curandi</strong></span> <span class='ocrx_word' id='word_1_731' title='bbox 3416 3832 3506 3871; x_wconf 82' lang='lat' dir='ltr'><strong>ra-</strong></span> 
     </span>
    </p>
   </div>
   <div class='ocr_carea' id='block_1_94' title="bbox 1928 3908 3509 3984">
    <p class='ocr_par' dir='ltr' id='par_1_94' title="bbox 1928 3908 3509 3984">
     <span class='ocr_line' id='line_1_95' title="bbox 1928 3908 3509 3984; baseline -0.001 -18"><span class='ocrx_word' id='word_1_732' title='bbox 1928 3911 2074 3967; x_wconf 89' lang='lat' dir='ltr'><strong>tione</strong></span> <span class='ocrx_word' id='word_1_733' title='bbox 2108 3927 2305 3983; x_wconf 89' lang='lat' dir='ltr'><strong>arguar</strong></span> <span class='ocrx_word' id='word_1_734' title='bbox 2333 3924 2388 3969; x_wconf 91' lang='lat' dir='ltr'><strong>et</strong></span> <span class='ocrx_word' id='word_1_735' title='bbox 2421 3914 2709 3984; x_wconf 87' lang='lat' dir='ltr'><strong>corripiar,</strong></span> <span class='ocrx_word' id='word_1_736' title='bbox 2744 3926 2867 3983; x_wconf 72' lang='lat' dir='ltr'><strong>quae</strong></span> <span class='ocrx_word' id='word_1_737' title='bbox 2904 3925 3017 3967; x_wconf 90' lang='lat' dir='ltr'><strong>non</strong></span> <span class='ocrx_word' id='word_1_738' title='bbox 3059 3918 3270 3966; x_wconf 86' lang='lat' dir='ltr'><strong>tantam</strong></span> <span class='ocrx_word' id='word_1_739' title='bbox 3320 3908 3509 3965; x_wconf 79' lang='lat' dir='ltr'><strong>atl‘erat</strong></span> 
     </span>
    </p>
   </div>
   <div class='ocr_carea' id='block_1_95' title="bbox 1927 4006 2260 4062">
    <p class='ocr_par' dir='ltr' id='par_1_95' title="bbox 1927 4006 2260 4062">
     <span class='ocr_line' id='line_1_96' title="bbox 1927 4006 2260 4062; baseline 0 0"><span class='ocrx_word' id='word_1_740' title='bbox 1927 4006 2260 4062; x_wconf 86' lang='lat' dir='ltr'><strong>molestiam.</strong></span> 
     </span>
    </p>
   </div>
   <div class='ocr_carea' id='block_1_96' title="bbox 1997 4096 3507 4172">
    <p class='ocr_par' dir='ltr' id='par_1_96' title="bbox 1997 4096 3507 4172">
     <span class='ocr_line' id='line_1_97' title="bbox 1997 4096 3507 4172; baseline -0.001 -18"><span class='ocrx_word' id='word_1_741' title='bbox 1997 4099 2162 4157; x_wconf 73' lang='lat' dir='ltr'><strong>Vens.</strong></span> <span class='ocrx_word' id='word_1_742' title='bbox 2194 4100 2248 4166; x_wconf 80' lang='lat'><strong>&#39;5,</strong></span> <span class='ocrx_word' id='word_1_743' title='bbox 2280 4101 2333 4155; x_wconf 74' lang='grc'>4.</span> <span class='ocrx_word' id='word_1_744' title='bbox 2363 4099 2509 4155; x_wconf 85' lang='lat' dir='ltr'><strong>Sana</strong></span> <span class='ocrx_word' id='word_1_745' title='bbox 2530 4118 2630 4169; x_wconf 81' lang='lat' dir='ltr'><strong>me,</strong></span> <span class='ocrx_word' id='word_1_746' title='bbox 2655 4100 3165 4172; x_wconf 84' lang='lat' dir='ltr'><strong>Domine,quoniam</strong></span> <span class='ocrx_word' id='word_1_747' title='bbox 3193 4096 3507 4152; x_wconf 81' lang='lat' dir='ltr'><strong>conturbata</strong></span> 
     </span>
    </p>
   </div>
   <div class='ocr_carea' id='block_1_97' title="bbox 1925 4189 3503 4257">
    <p class='ocr_par' dir='ltr' id='par_1_97' title="bbox 1925 4189 3503 4257">
     <span class='ocr_line' id='line_1_98' title="bbox 1925 4189 3503 4257; baseline -0.001 -13"><span class='ocrx_word' id='word_1_748' title='bbox 1925 4201 2047 4244; x_wconf 71' lang='lat' dir='ltr'><strong>sunt</strong></span> <span class='ocrx_word' id='word_1_749' title='bbox 2074 4206 2197 4245; x_wconf 74' lang='lat' dir='ltr'><strong>ossa</strong></span> <span class='ocrx_word' id='word_1_750' title='bbox 2232 4207 2369 4257; x_wconf 83' lang='lat' dir='ltr'><strong>mea,</strong></span> <span class='ocrx_word' id='word_1_751' title='bbox 2396 4200 2447 4246; x_wconf 83' lang='lat' dir='ltr'><strong>et</strong></span> <span class='ocrx_word' id='word_1_752' title='bbox 2483 4193 2665 4248; x_wconf 82' lang='lat' dir='ltr'><strong>anima</strong></span> <span class='ocrx_word' id='word_1_753' title='bbox 2703 4209 2817 4247; x_wconf 81' lang='lat' dir='ltr'><strong>mea</strong></span> <span class='ocrx_word' id='word_1_754' title='bbox 2853 4192 3067 4246; x_wconf 86' lang='lat' dir='ltr'><strong>turbata</strong></span> <span class='ocrx_word' id='word_1_755' title='bbox 3094 4199 3170 4244; x_wconf 81' lang='lat' dir='ltr'><strong>est</strong></span> <span class='ocrx_word' id='word_1_756' title='bbox 3197 4189 3369 4254; x_wconf 82' lang='lat' dir='ltr'><strong>valde,</strong></span> <span class='ocrx_word' id='word_1_757' title='bbox 3398 4195 3503 4243; x_wconf 91' lang='lat' dir='ltr'><strong>etc.</strong></span> 
     </span>
    </p>
   </div>
   <div class='ocr_carea' id='block_1_98' title="bbox 1925 4279 3506 4351">
    <p class='ocr_par' dir='ltr' id='par_1_98' title="bbox 1925 4279 3506 4351">
     <span class='ocr_line' id='line_1_99' title="bbox 1925 4279 3506 4351; baseline -0.003 -15"><span class='ocrx_word' id='word_1_758' title='bbox 1925 4281 2202 4337; x_wconf 87' lang='lat' dir='ltr'><strong>lnlirmum</strong></span> <span class='ocrx_word' id='word_1_759' title='bbox 2236 4297 2324 4338; x_wconf 89' lang='lat' dir='ltr'><strong>me</strong></span> <span class='ocrx_word' id='word_1_760' title='bbox 2363 4284 2541 4339; x_wconf 89' lang='lat' dir='ltr'><strong>anima</strong></span> <span class='ocrx_word' id='word_1_761' title='bbox 2597 4300 2773 4351; x_wconf 87' lang='lat' dir='ltr'><strong>sana;</strong></span> <span class='ocrx_word' id='word_1_762' title='bbox 2814 4300 2938 4338; x_wconf 89' lang='lat' dir='ltr'><strong>nam</strong></span> <span class='ocrx_word' id='word_1_763' title='bbox 2987 4279 3325 4337; x_wconf 76' lang='lat' dir='ltr'><strong>conturbata:</strong></span> <span class='ocrx_word' id='word_1_764' title='bbox 3378 4286 3506 4333; x_wconf 90' lang='lat' dir='ltr'><strong>sunt</strong></span> 
     </span>
    </p>
   </div>
   <div class='ocr_carea' id='block_1_99' title="bbox 1925 4372 3509 4449">
    <p class='ocr_par' dir='ltr' id='par_1_99' title="bbox 1925 4372 3509 4449">
     <span class='ocr_line' id='line_1_100' title="bbox 1925 4372 3509 4449; baseline -0.002 -19"><span class='ocrx_word' id='word_1_765' title='bbox 1925 4390 2122 4432; x_wconf 88' lang='lat' dir='ltr'><strong>omnes</strong></span> <span class='ocrx_word' id='word_1_766' title='bbox 2157 4376 2367 4432; x_wconf 91' lang='lat' dir='ltr'><strong>ossium</strong></span> <span class='ocrx_word' id='word_1_767' title='bbox 2398 4378 2517 4448; x_wconf 74' lang='lat' dir='ltr'><strong>ejus</strong></span> <span class='ocrx_word' id='word_1_768' title='bbox 2550 4378 2923 4449; x_wconf 88' lang='lat' dir='ltr'><strong>compagines,</strong></span> <span class='ocrx_word' id='word_1_769' title='bbox 2950 4385 3005 4431; x_wconf 92' lang='lat' dir='ltr'><strong>et</strong></span> <span class='ocrx_word' id='word_1_770' title='bbox 3034 4375 3149 4445; x_wconf 85' lang='lat' dir='ltr'><strong>ipsa</strong></span> <span class='ocrx_word' id='word_1_771' title='bbox 3178 4372 3392 4428; x_wconf 90' lang='lat' dir='ltr'><strong>turbata</strong></span> <span class='ocrx_word' id='word_1_772' title='bbox 3422 4379 3509 4427; x_wconf 88' lang='lat' dir='ltr'><strong>est</strong></span> 
     </span>
    </p>
   </div>
   <div class='ocr_carea' id='block_1_100' title="bbox 1926 4467 2107 4522">
    <p class='ocr_par' dir='ltr' id='par_1_100' title="bbox 1926 4467 2107 4522">
     <span class='ocr_line' id='line_1_101' title="bbox 1926 4467 2107 4522; baseline 0.011 -2"><span class='ocrx_word' id='word_1_773' title='bbox 1926 4467 2107 4522; x_wconf 76' lang='lat' dir='ltr'><strong>Valde.</strong></span> 
     </span>
    </p>
   </div>
   <div class='ocr_carea' id='block_1_101' title="bbox 1995 4552 3504 4627">
    <p class='ocr_par' dir='ltr' id='par_1_101' title="bbox 1995 4552 3504 4627">
     <span class='ocr_line' id='line_1_102' title="bbox 1995 4552 3504 4627; baseline -0.001 -17"><span class='ocrx_word' id='word_1_774' title='bbox 1995 4556 2242 4614; x_wconf 68' lang='lat' dir='ltr'><strong>Vens.4.</strong></span> <span class='ocrx_word' id='word_1_775' title='bbox 2292 4559 2398 4615; x_wconf 82' lang='lat' dir='ltr'><strong>Sed</strong></span> <span class='ocrx_word' id='word_1_776' title='bbox 2448 4571 2526 4624; x_wconf 88' lang='lat' dir='ltr'><strong>tu,</strong></span> <span class='ocrx_word' id='word_1_777' title='bbox 2582 4558 2823 4625; x_wconf 79' lang='lat' dir='ltr'><strong>Domine,</strong></span> <span class='ocrx_word' id='word_1_778' title='bbox 2877 4553 3184 4627; x_wconf 77' lang='lat' dir='ltr'><strong>usquequo?</strong></span> <span class='ocrx_word' id='word_1_779' title='bbox 3222 4561 3330 4610; x_wconf 88' lang='lat' dir='ltr'><strong>etc.</strong></span> <span class='ocrx_word' id='word_1_780' title='bbox 3387 4552 3504 4611; x_wconf 74' lang='lat' dir='ltr'><strong>Hoc</strong></span> 
     </span>
    </p>
   </div>
   <div class='ocr_carea' id='block_1_102' title="bbox 1922 4649 3502 4720">
    <p class='ocr_par' dir='ltr' id='par_1_102' title="bbox 1922 4649 3502 4720">
     <span class='ocr_line' id='line_1_103' title="bbox 1922 4649 3502 4720; baseline -0.003 -17"><span class='ocrx_word' id='word_1_781' title='bbox 1922 4664 2019 4718; x_wconf 89' lang='lat' dir='ltr'><strong>per</strong></span> <span class='ocrx_word' id='word_1_782' title='bbox 2039 4651 2387 4706; x_wconf 89' lang='lat' dir='ltr'><strong>omissionem</strong></span> <span class='ocrx_word' id='word_1_783' title='bbox 2423 4653 2626 4707; x_wconf 92' lang='lat' dir='ltr'><strong>dictum</strong></span> <span class='ocrx_word' id='word_1_784' title='bbox 2668 4660 2752 4706; x_wconf 90' lang='lat' dir='ltr'><strong>est</strong></span> <span class='ocrx_word' id='word_1_785' title='bbox 2781 4665 2878 4720; x_wconf 91' lang='lat' dir='ltr'><strong>pro</strong></span> <span class='ocrx_word' id='word_1_786' title='bbox 2924 4662 2989 4703; x_wconf 86' lang='lat' dir='ltr'><strong>eo</strong></span> <span class='ocrx_word' id='word_1_787' title='bbox 3030 4649 3363 4718; x_wconf 87' lang='lat' dir='ltr'><strong>:Usquequo</strong></span> <span class='ocrx_word' id='word_1_788' title='bbox 3396 4661 3502 4700; x_wconf 88' lang='lat' dir='ltr'><strong>non</strong></span> 
     </span>
    </p>
   </div>
   <div class='ocr_carea' id='block_1_103' title="bbox 1924 4736 3502 4807">
    <p class='ocr_par' dir='ltr' id='par_1_103' title="bbox 1924 4736 3502 4807">
     <span class='ocr_line' id='line_1_104' title="bbox 1924 4736 3502 4807; baseline -0.002 -14"><span class='ocrx_word' id='word_1_789' title='bbox 1924 4740 2121 4796; x_wconf 85' lang='lat' dir='ltr'><strong>liberas</strong></span> <span class='ocrx_word' id='word_1_790' title='bbox 2154 4743 2391 4796; x_wconf 90' lang='lat' dir='ltr'><strong>animam</strong></span> <span class='ocrx_word' id='word_1_791' title='bbox 2422 4757 2619 4807; x_wconf 89' lang='lat' dir='ltr'><strong>meam,</strong></span> <span class='ocrx_word' id='word_1_792' title='bbox 2652 4750 2707 4797; x_wconf 92' lang='lat' dir='ltr'><strong>et</strong></span> <span class='ocrx_word' id='word_1_793' title='bbox 2740 4756 2847 4795; x_wconf 93' lang='lat' dir='ltr'><strong>non</strong></span> <span class='ocrx_word' id='word_1_794' title='bbox 2878 4754 3065 4795; x_wconf 88' lang='lat' dir='ltr'><strong>servas</strong></span> <span class='ocrx_word' id='word_1_795' title='bbox 3088 4753 3174 4793; x_wconf 93' lang='lat' dir='ltr'><strong>me</strong></span> <span class='ocrx_word' id='word_1_796' title='bbox 3204 4736 3502 4793; x_wconf 88' lang='lat' dir='ltr'><strong>secundum</strong></span> 
     </span>
    </p>
   </div>
   <div class='ocr_carea' id='block_1_104' title="bbox 1927 4826 3505 4901">
    <p class='ocr_par' dir='ltr' id='par_1_104' title="bbox 1927 4826 3505 4901">
     <span class='ocr_line' id='line_1_105' title="bbox 1927 4826 3505 4901; baseline -0.004 -16"><span class='ocrx_word' id='word_1_797' title='bbox 1927 4832 2355 4888; x_wconf 86' lang='lat' dir='ltr'><strong>misericordiam</strong></span> <span class='ocrx_word' id='word_1_798' title='bbox 2385 4842 2554 4899; x_wconf 89' lang='lat' dir='ltr'><strong>tuam,</strong></span> <span class='ocrx_word' id='word_1_799' title='bbox 2582 4846 2758 4901; x_wconf 85' lang='lat' dir='ltr'><strong>neque</strong></span> <span class='ocrx_word' id='word_1_800' title='bbox 2788 4830 3063 4886; x_wconf 85' lang='lat' dir='ltr'><strong>convertis</strong></span> <span class='ocrx_word' id='word_1_801' title='bbox 3107 4827 3231 4883; x_wconf 82' lang='lat' dir='ltr'><strong>me?</strong></span> <span class='ocrx_word' id='word_1_802' title='bbox 3269 4826 3369 4893; x_wconf 87' lang='lat' dir='ltr'><strong>Qui</strong></span> <span class='ocrx_word' id='word_1_803' title='bbox 3404 4841 3505 4880; x_wconf 84' lang='lat' dir='ltr'><strong>an-</strong></span> 
     </span>
    </p>
   </div>
   <div class='ocr_carea' id='block_1_105' title="bbox 1928 4918 3503 4994">
    <p class='ocr_par' dir='ltr' id='par_1_105' title="bbox 1928 4918 3503 4994">
     <span class='ocr_line' id='line_1_106' title="bbox 1928 4918 3503 4994; baseline -0.004 -17"><span class='ocrx_word' id='word_1_804' title='bbox 1928 4932 2035 4979; x_wconf 93' lang='lat' dir='ltr'><strong>tem</strong></span> <span class='ocrx_word' id='word_1_805' title='bbox 2077 4941 2184 4982; x_wconf 91' lang='lat' dir='ltr'><strong>non</strong></span> <span class='ocrx_word' id='word_1_806' title='bbox 2217 4925 2442 4981; x_wconf 81' lang='lat' dir='ltr'><strong>conﬁdit</strong></span> <span class='ocrx_word' id='word_1_807' title='bbox 2476 4925 2529 4979; x_wconf 92' lang='lat' dir='ltr'><strong>in</strong></span> <span class='ocrx_word' id='word_1_808' title='bbox 2579 4925 2838 4994; x_wconf 86' lang='lat' dir='ltr'><strong>operibus</strong></span> <span class='ocrx_word' id='word_1_809' title='bbox 2886 4923 3001 4979; x_wconf 89' lang='lat' dir='ltr'><strong>suis</strong></span> <span class='ocrx_word' id='word_1_810' title='bbox 3046 4936 3105 4976; x_wconf 91' lang='lat' dir='ltr'><strong>se</strong></span> <span class='ocrx_word' id='word_1_811' title='bbox 3158 4918 3503 4982; x_wconf 89' lang='lat' dir='ltr'><strong>salvandum,</strong></span> 
     </span>
    </p>
   </div>
   <div class='ocr_carea' id='block_1_106' title="bbox 1927 5010 3503 5085">
    <p class='ocr_par' dir='ltr' id='par_1_106' title="bbox 1927 5010 3503 5085">
     <span class='ocr_line' id='line_1_107' title="bbox 1927 5010 3503 5085; baseline -0.006 -13"><span class='ocrx_word' id='word_1_812' title='bbox 1927 5017 2072 5072; x_wconf 91' lang='lat' dir='ltr'><strong>dicet</strong></span> <span class='ocrx_word' id='word_1_813' title='bbox 2129 5035 2195 5071; x_wconf 72' lang='grc' dir='ltr'>τι</span> <span class='ocrx_word' id='word_1_814' title='bbox 2232 5015 2454 5071; x_wconf 88' lang='lat' dir='ltr'><strong>Salvum</strong></span> <span class='ocrx_word' id='word_1_815' title='bbox 2507 5032 2594 5071; x_wconf 89' lang='lat' dir='ltr'><strong>me</strong></span> <span class='ocrx_word' id='word_1_816' title='bbox 2647 5014 2732 5071; x_wconf 80' lang='lat' dir='ltr'><strong>fac</strong></span> <span class='ocrx_word' id='word_1_817' title='bbox 2789 5025 3015 5085; x_wconf 89' lang='lat' dir='ltr'><strong>propter</strong></span> <span class='ocrx_word' id='word_1_818' title='bbox 3066 5010 3503 5069; x_wconf 78' lang='lat' dir='ltr'><strong>misericordiam</strong></span> 
     </span>
    </p>
   </div>
   <div class='ocr_carea' id='block_1_107' title="bbox 1929 5106 3500 5179">
    <p class='ocr_par' dir='ltr' id='par_1_107' title="bbox 1929 5106 3500 5179">
     <span class='ocr_line' id='line_1_108' title="bbox 1929 5106 3500 5179; baseline -0.003 -18"><span class='ocrx_word' id='word_1_819' title='bbox 1929 5117 2097 5162; x_wconf 86' lang='lat' dir='ltr'><strong>tuam.</strong></span> <span class='ocrx_word' id='word_1_820' title='bbox 2141 5129 2161 5161; x_wconf 76' lang='grc' dir='ltr'><strong>ι</strong></span> <span class='ocrx_word' id='word_1_821' title='bbox 2195 5109 2489 5179; x_wconf 85' lang='lat' dir='ltr'><strong>Postquam</strong></span> <span class='ocrx_word' id='word_1_822' title='bbox 2529 5108 2737 5163; x_wconf 89' lang='lat' dir='ltr'><strong>audivit</strong></span> <span class='ocrx_word' id='word_1_823' title='bbox 2769 5106 3500 5173; x_wconf 88' lang='lat' dir='ltr'><strong>Dominumabstulissepec—</strong></span> 
     </span>
    </p>
   </div>
   <div class='ocr_carea' id='block_1_108' title="bbox 1925 5193 3500 5269">
    <p class='ocr_par' dir='ltr' id='par_1_108' title="bbox 1925 5193 3500 5269">
     <span class='ocr_line' id='line_1_109' title="bbox 1925 5193 3500 5269; baseline -0.004 -16"><span class='ocrx_word' id='word_1_824' title='bbox 1925 5209 2105 5253; x_wconf 90' lang='lat' dir='ltr'><strong>catum</strong></span> <span class='ocrx_word' id='word_1_825' title='bbox 2154 5200 2292 5269; x_wconf 89' lang='lat' dir='ltr'><strong>ejus,</strong></span> <span class='ocrx_word' id='word_1_826' title='bbox 2329 5202 2723 5256; x_wconf 86' lang='lat' dir='ltr'><strong>tentationibus</strong></span> <span class='ocrx_word' id='word_1_827' title='bbox 2766 5211 2821 5256; x_wconf 93' lang='lat' dir='ltr'><strong>et</strong></span> <span class='ocrx_word' id='word_1_828' title='bbox 2857 5199 3302 5256; x_wconf 88' lang='lat' dir='ltr'><strong>tribulationibus</strong></span> <span class='ocrx_word' id='word_1_829' title='bbox 3331 5193 3500 5249; x_wconf 84' lang='lat' dir='ltr'><strong>col-lu-</strong></span> 
     </span>
    </p>
   </div>
   <div class='ocr_carea' id='block_1_109' title="bbox 1922 5290 3497 5364">
    <p class='ocr_par' dir='ltr' id='par_1_109' title="bbox 1922 5290 3497 5364">
     <span class='ocr_line' id='line_1_110' title="bbox 1922 5290 3497 5364; baseline -0.002 -19"><span class='ocrx_word' id='word_1_830' title='bbox 1922 5301 2078 5349; x_wconf 86' lang='lat' dir='ltr'><strong>ctans</strong></span> <span class='ocrx_word' id='word_1_831' title='bbox 2106 5293 2295 5358; x_wconf 83' lang='lat' dir='ltr'><strong>David,</strong></span> <span class='ocrx_word' id='word_1_832' title='bbox 2328 5305 2385 5349; x_wconf 93' lang='lat' dir='ltr'><strong>et</strong></span> <span class='ocrx_word' id='word_1_833' title='bbox 2417 5297 2673 5351; x_wconf 90' lang='lat' dir='ltr'><strong>remediis</strong></span> <span class='ocrx_word' id='word_1_834' title='bbox 2717 5296 2952 5364; x_wconf 82' lang='lat' dir='ltr'><strong>gustatis</strong></span> <span class='ocrx_word' id='word_1_835' title='bbox 2983 5294 3183 5349; x_wconf 80' lang='lat' dir='ltr'><strong>auraris</strong></span> <span class='ocrx_word' id='word_1_836' title='bbox 3224 5290 3497 5347; x_wconf 90' lang='lat' dir='ltr'><strong>medicum</strong></span> 
     </span>
    </p>
   </div>
   <div class='ocr_carea' id='block_1_110' title="bbox 1927 5385 3035 5456">
    <p class='ocr_par' dir='ltr' id='par_1_110' title="bbox 1927 5385 3035 5456">
     <span class='ocr_line' id='line_1_111' title="bbox 1927 5385 3035 5456; baseline 0.004 -21"><span class='ocrx_word' id='word_1_837' title='bbox 1927 5392 2101 5454; x_wconf 87' lang='lat' dir='ltr'><strong>rogat,</strong></span> <span class='ocrx_word' id='word_1_838' title='bbox 2137 5393 2199 5440; x_wconf 91' lang='lat' dir='ltr'><strong>ut</strong></span> <span class='ocrx_word' id='word_1_839' title='bbox 2225 5385 2497 5456; x_wconf 87' lang='lat' dir='ltr'><strong>ejusmodi</strong></span> <span class='ocrx_word' id='word_1_840' title='bbox 2526 5386 2764 5443; x_wconf 88' lang='lat' dir='ltr'><strong>remedia</strong></span> <span class='ocrx_word' id='word_1_841' title='bbox 2798 5387 3035 5442; x_wconf 78' lang='lat' dir='ltr'><strong>auferat.</strong></span> 
     </span>
    </p>
   </div>
   <div class='ocr_carea' id='block_1_111' title="bbox 1994 5563 3496 5644">
    <p class='ocr_par' dir='ltr' id='par_1_111' title="bbox 1994 5563 3496 5644">
     <span class='ocr_line' id='line_1_112' title="bbox 1994 5563 3496 5644; baseline -0.007 -15"><span class='ocrx_word' id='word_1_842' title='bbox 1994 5569 2105 5641; x_wconf 78' lang='lat'><strong>(5|)</strong></span> <span class='ocrx_word' id='word_1_843' title='bbox 2138 5572 2455 5629; x_wconf 75' lang='grc' dir='ltr'>Νοσοῦντά</span> <span class='ocrx_word' id='word_1_844' title='bbox 2476 5591 2575 5644; x_wconf 86' lang='grc' dir='ltr'><strong>με,</strong></span> <span class='ocrx_word' id='word_1_845' title='bbox 2606 5584 2710 5630; x_wconf 91' lang='lat' dir='ltr'><strong>etc.</strong></span> <span class='ocrx_word' id='word_1_846' title='bbox 2742 5571 2923 5627; x_wconf 80' lang='lat' dir='ltr'><strong>Codex</strong></span> <span class='ocrx_word' id='word_1_847' title='bbox 2950 5567 3334 5630; x_wconf 86' lang='lat' dir='ltr'><strong>Coislinianus,</strong></span> <span class='ocrx_word' id='word_1_848' title='bbox 3365 5563 3496 5619; x_wconf 85' lang='lat' dir='ltr'><strong>Bar-</strong></span> 
     </span>
    </p>
   </div>
   <div class='ocr_carea' id='block_1_112' title="bbox 1922 5639 3501 5782">
    <p class='ocr_par' dir='ltr' id='par_1_112' title="bbox 1922 5639 3501 5782">
     <span class='ocr_line' id='line_1_113' title="bbox 1922 5639 3501 5782; baseline -0.004 -15"><span class='ocrx_word' id='word_1_849' title='bbox 2139 5714 2315 5769; x_wconf 84' lang='grc' dir='ltr'>Τοῦτο</span> <span class='ocrx_word' id='word_1_850' title='bbox 2339 5712 2749 5779; x_wconf 76' lang='grc' dir='ltr'>ἐλλειπτικῶς,</span> <span class='ocrx_word' id='word_1_851' title='bbox 2772 5721 2878 5765; x_wconf 88' lang='lat' dir='ltr'><strong>etc.</strong></span> <span class='ocrx_word' id='word_1_852' title='bbox 2903 5711 3081 5766; x_wconf 73' lang='grc' dir='ltr'>Οοάειι</span> <span class='ocrx_word' id='word_1_853' title='bbox 3111 5707 3501 5773; x_wconf 72' lang='lat' dir='ltr'><strong>(loislinianus,</strong></span> 
     </span>
    </p>
   </div>
   <div class='ocr_carea' id='block_1_113' title="bbox 1923 5781 2899 5855">
    <p class='ocr_par' dir='ltr' id='par_1_113' title="bbox 1923 5781 2899 5855">
     <span class='ocr_line' id='line_1_114' title="bbox 1923 5781 2899 5855; baseline 0 -19"><span class='ocrx_word' id='word_1_854' title='bbox 1923 5781 2221 5852; x_wconf 84' lang='lat' dir='ltr'><strong>Barbarus,</strong></span> <span class='ocrx_word' id='word_1_855' title='bbox 2256 5790 2562 5855; x_wconf 84' lang='lat' dir='ltr'><strong>partimque</strong></span> <span class='ocrx_word' id='word_1_856' title='bbox 2589 5784 2899 5839; x_wconf 78' lang='lat' dir='ltr'><strong>Corderius.</strong></span> 
     </span>
    </p>
   </div>
  </div>
