  <div class='ocr_page' id='page_1' title='image "/cluster/home/n/w/nwhite01/storage/ocr_20150623/12/hvd.32044019207638/591.png"; bbox 0 0 3986 6384; ppageno 0'>
   <div class='ocr_carea' id='block_1_1' title="bbox 48 0 64 84">
    <p class='ocr_par' dir='ltr' id='par_1_1' title="bbox 48 0 64 84">
     <span class='ocr_line' id='line_1_1' title="bbox 48 0 60 24; baseline 0 0"><span class='ocrx_word' id='word_1_1' title='bbox 48 0 60 24; x_wconf 69' lang='grc' dir='ltr'><strong>Β</strong></span> 
     </span>
     <span class='ocr_line' id='line_1_2' title="bbox 48 29 64 52; baseline 0 0"><span class='ocrx_word' id='word_1_2' title='bbox 48 29 64 52; x_wconf 75' lang='grc' dir='ltr'><strong><em>ιι</em></strong></span> 
     </span>
     <span class='ocr_line' id='line_1_3' title="bbox 48 55 60 84; baseline 0 0"><span class='ocrx_word' id='word_1_3' title='bbox 48 55 60 84; x_wconf 86' lang='grc' dir='ltr'><strong><em>ι</em></strong></span> 
     </span>
    </p>
   </div>
   <div class='ocr_carea' id='block_1_2' title="bbox 510 246 2071 328">
    <p class='ocr_par' dir='ltr' id='par_1_2' title="bbox 510 258 2071 328">
     <span class='ocr_line' id='line_1_4' title="bbox 510 258 2071 328; baseline 0.004 -4"><span class='ocrx_word' id='word_1_4' title='bbox 510 271 649 328; x_wconf 80' lang='lat' dir='ltr'><strong><em>ms</em></strong></span> <span class='ocrx_word' id='word_1_5' title='bbox 1918 259 2006 313; x_wconf 73' lang='lat' dir='ltr'><strong><em>EX</em></strong></span> <span class='ocrx_word' id='word_1_6' title='bbox 2049 258 2071 314; x_wconf 85' lang='grc'><strong>(</strong></span> 
     </span>
    </p>
   </div>
   <div class='ocr_carea' id='block_1_3' title="bbox 2187 246 3775 328">
    <p class='ocr_par' dir='ltr' id='par_1_3' title="bbox 2187 246 3775 328">
     <span class='ocr_line' id='line_1_5' title="bbox 2187 246 3775 328; baseline -0.007 -16"><span class='ocrx_word' id='word_1_7' title='bbox 2187 249 2352 314; x_wconf 64' lang='lat' dir='ltr'><strong><em>sane</em></strong></span> <span class='ocrx_word' id='word_1_8' title='bbox 2705 285 2711 290; x_wconf 86' lang='grc'><strong><em>-</em></strong></span> <span class='ocrx_word' id='word_1_9' title='bbox 2790 325 2798 328; x_wconf 16' lang='grc' dir='ltr'><em>Α</em></span> <span class='ocrx_word' id='word_1_10' title='bbox 2883 255 2890 263; x_wconf 93' lang='grc'>·</span> <span class='ocrx_word' id='word_1_11' title='bbox 3632 246 3775 302; x_wconf 75' lang='grc' dir='ltr'>ιιτε</span> 
     </span>
    </p>
   </div>
   <div class='ocr_carea' id='block_1_4' title="bbox 2789 325 2800 352">
    <p class='ocr_par' dir='ltr' id='par_1_4' title="bbox 2789 325 2800 352">
     <span class='ocr_line' id='line_1_6' title="bbox 2789 325 2800 352; baseline 0 0"><span class='ocrx_word' id='word_1_12' title='bbox 2789 325 2800 352; x_wconf 64' lang='grc' dir='ltr'><strong>ἶ</strong></span> 
     </span>
    </p>
   </div>
   <div class='ocr_carea' id='block_1_5' title="bbox 583 367 2071 455">
    <p class='ocr_par' dir='ltr' id='par_1_5' title="bbox 583 384 2070 455">
     <span class='ocr_line' id='line_1_7' title="bbox 583 384 2070 455; baseline -0.007 -11"><span class='ocrx_word' id='word_1_13' title='bbox 583 388 745 444; x_wconf 75' lang='lat' dir='ltr'><strong><em>Vens.</em></strong></span> <span class='ocrx_word' id='word_1_14' title='bbox 786 387 842 442; x_wconf 88' lang='lat'><strong><em>5.</em></strong></span> <span class='ocrx_word' id='word_1_15' title='bbox 883 385 1212 452; x_wconf 78' lang='lat' dir='ltr'><strong><em>Convertere,</em></strong></span> <span class='ocrx_word' id='word_1_16' title='bbox 1263 385 1505 451; x_wconf 81' lang='lat' dir='ltr'><strong><em>Domine,</em></strong></span> <span class='ocrx_word' id='word_1_17' title='bbox 1547 395 1594 440; x_wconf 88' lang='lat' dir='ltr'><strong><em>et</em></strong></span> <span class='ocrx_word' id='word_1_18' title='bbox 1644 384 1785 455; x_wconf 83' lang='lat' dir='ltr'><strong><em>eripe</em></strong></span> <span class='ocrx_word' id='word_1_19' title='bbox 1841 384 2070 437; x_wconf 87' lang='lat' dir='ltr'><strong><em>animam</em></strong></span> 
     </span>
    </p>
   </div>
   <div class='ocr_carea' id='block_1_6' title="bbox 2187 367 3770 455">
    <p class='ocr_par' dir='ltr' id='par_1_6' title="bbox 2259 367 3770 444">
     <span class='ocr_line' id='line_1_8' title="bbox 2259 367 3770 444; baseline -0.007 -14"><span class='ocrx_word' id='word_1_20' title='bbox 2259 375 2680 444; x_wconf 72' lang='grc' dir='ltr'>Ἐπίστρεψον,</span> <span class='ocrx_word' id='word_1_21' title='bbox 2740 373 2938 441; x_wconf 81' lang='grc' dir='ltr'>Κύριε,</span> <span class='ocrx_word' id='word_1_22' title='bbox 2985 367 3328 440; x_wconf 25' lang='grc' dir='ltr'>ρὗαιςτὴν</span> <span class='ocrx_word' id='word_1_23' title='bbox 3373 367 3590 438; x_wconf 66' lang='grc' dir='ltr'>ψυχήν</span> <span class='ocrx_word' id='word_1_24' title='bbox 3628 383 3770 437; x_wconf 84' lang='grc' dir='ltr'>μου·</span> 
     </span>
    </p>
   </div>
   <div class='ocr_carea' id='block_1_7' title="bbox 507 457 2075 552">
    <p class='ocr_par' dir='ltr' id='par_1_7' title="bbox 507 469 2075 552">
     <span class='ocr_line' id='line_1_9' title="bbox 507 469 2075 552; baseline -0.005 -18"><span class='ocrx_word' id='word_1_25' title='bbox 507 495 714 545; x_wconf 86' lang='lat' dir='ltr'><strong><em>meam;</em></strong></span> <span class='ocrx_word' id='word_1_26' title='bbox 745 470 946 533; x_wconf 64' lang='lat' dir='ltr'><strong><em>salvum</em></strong></span> <span class='ocrx_word' id='word_1_27' title='bbox 991 495 1071 532; x_wconf 86' lang='lat' dir='ltr'><strong><em>me</em></strong></span> <span class='ocrx_word' id='word_1_28' title='bbox 1111 469 1198 548; x_wconf 76' lang='lat' dir='ltr'><strong><em>[ac</em></strong></span> <span class='ocrx_word' id='word_1_29' title='bbox 1227 488 1436 552; x_wconf 87' lang='lat' dir='ltr'><strong><em>propter</em></strong></span> <span class='ocrx_word' id='word_1_30' title='bbox 1462 476 1882 531; x_wconf 81' lang='lat' dir='ltr'><strong><em>misericordiam</em></strong></span> <span class='ocrx_word' id='word_1_31' title='bbox 1905 485 2075 541; x_wconf 89' lang='lat' dir='ltr'><strong><em>tuam,</em></strong></span> 
     </span>
    </p>
   </div>
   <div class='ocr_carea' id='block_1_8' title="bbox 506 568 2080 642">
    <p class='ocr_par' dir='ltr' id='par_1_8' title="bbox 506 568 2080 642">
     <span class='ocr_line' id='line_1_10' title="bbox 506 568 2080 642; baseline -0.004 -13"><span class='ocrx_word' id='word_1_32' title='bbox 506 583 616 629; x_wconf 89' lang='lat' dir='ltr'><strong><em>etc.</em></strong></span> <span class='ocrx_word' id='word_1_33' title='bbox 648 572 763 626; x_wconf 89' lang='lat' dir='ltr'><strong><em>Duo</em></strong></span> <span class='ocrx_word' id='word_1_34' title='bbox 799 571 886 626; x_wconf 90' lang='lat' dir='ltr'><strong><em>hic</em></strong></span> <span class='ocrx_word' id='word_1_35' title='bbox 911 573 1082 642; x_wconf 89' lang='lat' dir='ltr'><strong><em>ponit.</em></strong></span> <span class='ocrx_word' id='word_1_36' title='bbox 1118 571 1210 628; x_wconf 87' lang='lat' dir='ltr'><strong><em>Dei</em></strong></span> <span class='ocrx_word' id='word_1_37' title='bbox 1245 570 1687 635; x_wconf 83' lang='lat' dir='ltr'><strong><em>conversionem,</em></strong></span> <span class='ocrx_word' id='word_1_38' title='bbox 1717 577 1774 625; x_wconf 90' lang='lat' dir='ltr'><strong><em>et</em></strong></span> <span class='ocrx_word' id='word_1_39' title='bbox 1799 568 2080 623; x_wconf 86' lang='lat' dir='ltr'><strong><em>liberatio-</em></strong></span> 
     </span>
    </p>
   </div>
   <div class='ocr_carea' id='block_1_9' title="bbox 508 662 2077 734">
    <p class='ocr_par' dir='ltr' id='par_1_9' title="bbox 508 662 2077 734">
     <span class='ocr_line' id='line_1_11' title="bbox 508 662 2077 734; baseline -0.001 -17"><span class='ocrx_word' id='word_1_40' title='bbox 508 678 629 718; x_wconf 90' lang='lat' dir='ltr'><strong><em>nem</em></strong></span> <span class='ocrx_word' id='word_1_41' title='bbox 659 664 855 718; x_wconf 67' lang='lat' dir='ltr'><strong><em>anima:</em></strong></span> <span class='ocrx_word' id='word_1_42' title='bbox 881 678 1014 719; x_wconf 65' lang='lat' dir='ltr'><strong><em>suae.</em></strong></span> <span class='ocrx_word' id='word_1_43' title='bbox 1049 663 1162 720; x_wconf 78' lang='lat' dir='ltr'><strong><em>Hoc</em></strong></span> <span class='ocrx_word' id='word_1_44' title='bbox 1192 666 1338 728; x_wconf 81' lang='lat' dir='ltr'><strong><em>enim</em></strong></span> <span class='ocrx_word' id='word_1_45' title='bbox 1373 662 1539 734; x_wconf 83' lang='lat' dir='ltr'><strong><em>jnstis</em></strong></span> <span class='ocrx_word' id='word_1_46' title='bbox 1567 664 1805 719; x_wconf 83' lang='lat' dir='ltr'><strong><em>maxime</em></strong></span> <span class='ocrx_word' id='word_1_47' title='bbox 1832 673 1952 718; x_wconf 90' lang='lat' dir='ltr'><strong><em>erat</em></strong></span> <span class='ocrx_word' id='word_1_48' title='bbox 1979 677 2077 718; x_wconf 83' lang='lat' dir='ltr'><strong><em>ex-</em></strong></span> 
     </span>
    </p>
   </div>
   <div class='ocr_carea' id='block_1_10' title="bbox 504 756 2079 828">
    <p class='ocr_par' dir='ltr' id='par_1_10' title="bbox 504 756 2079 828">
     <span class='ocr_line' id='line_1_12' title="bbox 504 756 2079 828; baseline 0.001 -20"><span class='ocrx_word' id='word_1_49' title='bbox 504 757 820 826; x_wconf 78' lang='lat' dir='ltr'><strong><em>petendum.</em></strong></span> <span class='ocrx_word' id='word_1_50' title='bbox 868 775 886 808; x_wconf 78' lang='grc' dir='ltr'><strong><em>ι</em></strong></span> <span class='ocrx_word' id='word_1_51' title='bbox 924 756 1277 824; x_wconf 76' lang='lat' dir='ltr'><strong><em>Convertere,</em></strong></span> <span class='ocrx_word' id='word_1_52' title='bbox 1320 777 1338 810; x_wconf 76' lang='grc' dir='ltr'><strong><em>ι</em></strong></span> <span class='ocrx_word' id='word_1_53' title='bbox 1368 757 1525 828; x_wconf 87' lang='lat' dir='ltr'><strong><em>quasi</em></strong></span> <span class='ocrx_word' id='word_1_54' title='bbox 1566 756 1733 822; x_wconf 89' lang='lat' dir='ltr'><strong><em>dicat,</em></strong></span> <span class='ocrx_word' id='word_1_55' title='bbox 1763 756 1908 813; x_wconf 82' lang='lat' dir='ltr'><strong><em>Inter</em></strong></span> <span class='ocrx_word' id='word_1_56' title='bbox 1949 771 2079 826; x_wconf 86' lang='lat' dir='ltr'><strong><em>pro-</em></strong></span> 
     </span>
    </p>
   </div>
   <div class='ocr_carea' id='block_1_11' title="bbox 505 849 2080 919">
    <p class='ocr_par' dir='ltr' id='par_1_11' title="bbox 505 849 2080 919">
     <span class='ocr_line' id='line_1_13' title="bbox 505 849 2080 919; baseline 0.003 -18"><span class='ocrx_word' id='word_1_57' title='bbox 505 849 624 918; x_wconf 87' lang='lat' dir='ltr'><strong><em>pria</em></strong></span> <span class='ocrx_word' id='word_1_58' title='bbox 662 863 884 919; x_wconf 89' lang='lat' dir='ltr'><strong><em>repone.</em></strong></span> <span class='ocrx_word' id='word_1_59' title='bbox 928 849 1034 906; x_wconf 86' lang='lat' dir='ltr'><strong><em>Sed</em></strong></span> <span class='ocrx_word' id='word_1_60' title='bbox 1085 859 1140 906; x_wconf 93' lang='lat' dir='ltr'><strong><em>et</em></strong></span> <span class='ocrx_word' id='word_1_61' title='bbox 1186 851 1355 907; x_wconf 89' lang='lat' dir='ltr'><strong><em>libera</em></strong></span> <span class='ocrx_word' id='word_1_62' title='bbox 1390 867 1510 909; x_wconf 89' lang='lat' dir='ltr'><strong><em>eam</em></strong></span> <span class='ocrx_word' id='word_1_63' title='bbox 1558 854 1702 908; x_wconf 88' lang='lat' dir='ltr'><strong><em>inter</em></strong></span> <span class='ocrx_word' id='word_1_64' title='bbox 1735 851 1921 908; x_wconf 79' lang='lat' dir='ltr'><strong><em>hostes</em></strong></span> <span class='ocrx_word' id='word_1_65' title='bbox 1960 866 2080 905; x_wconf 85' lang='lat' dir='ltr'><strong><em>vcr-</em></strong></span> 
     </span>
    </p>
   </div>
   <div class='ocr_carea' id='block_1_12' title="bbox 509 942 2080 1020">
    <p class='ocr_par' dir='ltr' id='par_1_12' title="bbox 509 942 2080 1020">
     <span class='ocr_line' id='line_1_14' title="bbox 509 942 2080 1020; baseline 0 -24"><span class='ocrx_word' id='word_1_66' title='bbox 509 949 746 997; x_wconf 84' lang='lat' dir='ltr'><strong><em>santem.</em></strong></span> <span class='ocrx_word' id='word_1_67' title='bbox 791 942 1033 999; x_wconf 86' lang='lat' dir='ltr'><strong><em>Aversus</em></strong></span> <span class='ocrx_word' id='word_1_68' title='bbox 1065 959 1126 1000; x_wconf 88' lang='lat' dir='ltr'><strong><em>es</em></strong></span> <span class='ocrx_word' id='word_1_69' title='bbox 1154 955 1378 1014; x_wconf 85' lang='lat' dir='ltr'><strong><em>prepter</em></strong></span> <span class='ocrx_word' id='word_1_70' title='bbox 1407 956 1627 1020; x_wconf 78' lang='lat' dir='ltr'><strong><em>peccata</em></strong></span> <span class='ocrx_word' id='word_1_71' title='bbox 1672 961 1814 1010; x_wconf 87' lang='lat' dir='ltr'><strong><em>mea,</em></strong></span> <span class='ocrx_word' id='word_1_72' title='bbox 1853 958 2080 999; x_wconf 83' lang='lat' dir='ltr'><strong><em>convcr-</em></strong></span> 
     </span>
    </p>
   </div>
   <div class='ocr_carea' id='block_1_13' title="bbox 511 1035 2081 1107">
    <p class='ocr_par' dir='ltr' id='par_1_13' title="bbox 511 1035 2081 1107">
     <span class='ocr_line' id='line_1_15' title="bbox 511 1035 2081 1107; baseline 0.001 -19"><span class='ocrx_word' id='word_1_73' title='bbox 511 1044 627 1088; x_wconf 88' lang='lat' dir='ltr'><strong><em>tere</em></strong></span> <span class='ocrx_word' id='word_1_74' title='bbox 657 1043 890 1102; x_wconf 76' lang='lat' dir='ltr'><strong><em>propter</em></strong></span> <span class='ocrx_word' id='word_1_75' title='bbox 939 1035 1334 1105; x_wconf 69' lang='lat' dir='ltr'><strong><em>benignitatem</em></strong></span> <span class='ocrx_word' id='word_1_76' title='bbox 1377 1046 1547 1103; x_wconf 89' lang='lat' dir='ltr'><strong><em>tuam,</em></strong></span> <span class='ocrx_word' id='word_1_77' title='bbox 1581 1048 1634 1094; x_wconf 92' lang='lat' dir='ltr'><strong><em>et</em></strong></span> <span class='ocrx_word' id='word_1_78' title='bbox 1678 1039 1744 1092; x_wconf 89' lang='lat' dir='ltr'><strong><em>ad</em></strong></span> <span class='ocrx_word' id='word_1_79' title='bbox 1778 1036 2081 1107; x_wconf 90' lang='lat' dir='ltr'><strong><em>correptio-</em></strong></span> 
     </span>
    </p>
   </div>
   <div class='ocr_carea' id='block_1_14' title="bbox 514 1127 1420 1186">
    <p class='ocr_par' dir='ltr' id='par_1_14' title="bbox 514 1127 1420 1186">
     <span class='ocr_line' id='line_1_16' title="bbox 514 1127 1420 1186; baseline 0.007 -6"><span class='ocrx_word' id='word_1_80' title='bbox 514 1140 639 1182; x_wconf 91' lang='lat' dir='ltr'><strong><em>nem</em></strong></span> <span class='ocrx_word' id='word_1_81' title='bbox 675 1127 864 1183; x_wconf 83' lang='lat' dir='ltr'><strong><em>tradas</em></strong></span> <span class='ocrx_word' id='word_1_82' title='bbox 889 1142 976 1182; x_wconf 91' lang='lat' dir='ltr'><strong><em>me</em></strong></span> <span class='ocrx_word' id='word_1_83' title='bbox 1010 1129 1420 1186; x_wconf 85' lang='lat' dir='ltr'><strong><em>tentationibus.</em></strong></span> 
     </span>
    </p>
   </div>
   <div class='ocr_carea' id='block_1_15' title="bbox 585 1216 2081 1292">
    <p class='ocr_par' dir='ltr' id='par_1_15' title="bbox 585 1216 2081 1292">
     <span class='ocr_line' id='line_1_17' title="bbox 585 1216 2081 1292; baseline 0.002 -21"><span class='ocrx_word' id='word_1_84' title='bbox 585 1216 746 1274; x_wconf 74' lang='lat' dir='ltr'><strong><em>Vens.</em></strong></span> <span class='ocrx_word' id='word_1_85' title='bbox 787 1219 842 1276; x_wconf 79' lang='lat'><strong><em>6.</em></strong></span> <span class='ocrx_word' id='word_1_86' title='bbox 902 1219 1166 1285; x_wconf 82' lang='lat' dir='ltr'><strong><em>Quoniam</em></strong></span> <span class='ocrx_word' id='word_1_87' title='bbox 1198 1239 1302 1276; x_wconf 87' lang='lat' dir='ltr'><strong><em>non</em></strong></span> <span class='ocrx_word' id='word_1_88' title='bbox 1349 1231 1425 1276; x_wconf 82' lang='lat' dir='ltr'><strong><em>est</em></strong></span> <span class='ocrx_word' id='word_1_89' title='bbox 1463 1223 1518 1276; x_wconf 90' lang='lat' dir='ltr'><strong><em>in</em></strong></span> <span class='ocrx_word' id='word_1_90' title='bbox 1559 1231 1726 1278; x_wconf 87' lang='lat' dir='ltr'><strong><em>morte</em></strong></span> <span class='ocrx_word' id='word_1_91' title='bbox 1755 1223 1844 1292; x_wconf 85' lang='lat' dir='ltr'><strong><em>qui</em></strong></span> <span class='ocrx_word' id='word_1_92' title='bbox 1883 1238 2081 1277; x_wconf 85' lang='lat' dir='ltr'><strong><em>memor</em></strong></span> 
     </span>
    </p>
   </div>
   <div class='ocr_carea' id='block_1_16' title="bbox 506 1310 2080 1384">
    <p class='ocr_par' dir='ltr' id='par_1_16' title="bbox 506 1310 2080 1384">
     <span class='ocr_line' id='line_1_18' title="bbox 506 1310 2080 1384; baseline 0.002 -21"><span class='ocrx_word' id='word_1_93' title='bbox 506 1311 575 1363; x_wconf 78' lang='lat' dir='ltr'><strong><em>sit</em></strong></span> <span class='ocrx_word' id='word_1_94' title='bbox 630 1311 738 1377; x_wconf 88' lang='lat' dir='ltr'><strong><em>tui,</em></strong></span> <span class='ocrx_word' id='word_1_95' title='bbox 801 1310 968 1382; x_wconf 78' lang='lat'><strong><em>579</em></strong></span> <span class='ocrx_word' id='word_1_96' title='bbox 1025 1313 1081 1367; x_wconf 86' lang='lat' dir='ltr'><strong><em>in</em></strong></span> <span class='ocrx_word' id='word_1_97' title='bbox 1128 1312 1337 1382; x_wconf 80' lang='lat' dir='ltr'><strong><em>inferno</em></strong></span> <span class='ocrx_word' id='word_1_98' title='bbox 1379 1324 1551 1368; x_wconf 88' lang='lat' dir='ltr'><strong><em>autem</em></strong></span> <span class='ocrx_word' id='word_1_99' title='bbox 1595 1316 1711 1384; x_wconf 83' lang='lat' dir='ltr'><strong><em>quis</em></strong></span> <span class='ocrx_word' id='word_1_100' title='bbox 1751 1314 2080 1382; x_wconf 78' lang='lat' dir='ltr'><strong><em>conﬁtebitur</em></strong></span> 
     </span>
    </p>
   </div>
   <div class='ocr_carea' id='block_1_17' title="bbox 509 1403 2080 1478">
    <p class='ocr_par' dir='ltr' id='par_1_17' title="bbox 509 1403 2080 1478">
     <span class='ocr_line' id='line_1_19' title="bbox 509 1403 2080 1478; baseline 0.003 -24"><span class='ocrx_word' id='word_1_101' title='bbox 509 1403 642 1458; x_wconf 80' lang='lat' dir='ltr'><strong><em>tibi?</em></strong></span> <span class='ocrx_word' id='word_1_102' title='bbox 689 1411 799 1459; x_wconf 90' lang='lat' dir='ltr'><strong><em>etc.</em></strong></span> <span class='ocrx_word' id='word_1_103' title='bbox 847 1404 950 1472; x_wconf 92' lang='lat' dir='ltr'><strong><em>Qui</em></strong></span> <span class='ocrx_word' id='word_1_104' title='bbox 1007 1406 1318 1461; x_wconf 87' lang='lat' dir='ltr'><strong><em>meminerit</em></strong></span> <span class='ocrx_word' id='word_1_105' title='bbox 1369 1404 1463 1460; x_wconf 87' lang='lat' dir='ltr'><strong><em>Dei</em></strong></span> <span class='ocrx_word' id='word_1_106' title='bbox 1515 1406 1744 1462; x_wconf 87' lang='lat' dir='ltr'><strong><em>dicentis</em></strong></span> <span class='ocrx_word' id='word_1_107' title='bbox 1780 1407 1868 1461; x_wconf 68' lang='grc' dir='ltr'><strong><em>ται</em></strong></span> <span class='ocrx_word' id='word_1_108' title='bbox 1905 1426 1922 1459; x_wconf 80' lang='grc' dir='ltr'><strong><em>ι</em></strong></span> <span class='ocrx_word' id='word_1_109' title='bbox 1968 1406 2080 1478; x_wconf 84' lang='lat' dir='ltr'><strong><em>Ego</em></strong></span> 
     </span>
    </p>
   </div>
   <div class='ocr_carea' id='block_1_18' title="bbox 508 1495 2080 1570">
    <p class='ocr_par' dir='ltr' id='par_1_18' title="bbox 508 1495 2080 1570">
     <span class='ocr_line' id='line_1_20' title="bbox 508 1495 2080 1570; baseline 0.004 -24"><span class='ocrx_word' id='word_1_110' title='bbox 508 1508 626 1547; x_wconf 91' lang='lat' dir='ltr'><strong><em>sum</em></strong></span> <span class='ocrx_word' id='word_1_111' title='bbox 654 1495 785 1561; x_wconf 90' lang='lat' dir='ltr'><strong><em>vita,</em></strong></span> <span class='ocrx_word' id='word_1_112' title='bbox 819 1513 838 1548; x_wconf 77' lang='grc' dir='ltr'><strong><em>ι</em></strong></span> <span class='ocrx_word' id='word_1_113' title='bbox 866 1497 911 1551; x_wconf 87' lang='lat' dir='ltr'><strong><em>is</em></strong></span> <span class='ocrx_word' id='word_1_114' title='bbox 935 1512 1041 1552; x_wconf 92' lang='lat' dir='ltr'><strong><em>non</em></strong></span> <span class='ocrx_word' id='word_1_115' title='bbox 1073 1507 1156 1554; x_wconf 88' lang='lat' dir='ltr'><strong><em>est</em></strong></span> <span class='ocrx_word' id='word_1_116' title='bbox 1185 1498 1238 1552; x_wconf 92' lang='lat' dir='ltr'><strong><em>in</em></strong></span> <span class='ocrx_word' id='word_1_117' title='bbox 1269 1506 1464 1554; x_wconf 89' lang='lat' dir='ltr'><strong><em>morte.</em></strong></span> <span class='ocrx_word' id='word_1_118' title='bbox 1519 1497 1576 1552; x_wconf 88' lang='lat' dir='ltr'><strong><em>In</em></strong></span> <span class='ocrx_word' id='word_1_119' title='bbox 1612 1509 1787 1554; x_wconf 85' lang='lat' dir='ltr'><strong><em>morte</em></strong></span> <span class='ocrx_word' id='word_1_120' title='bbox 1831 1515 1951 1570; x_wconf 69' lang='lat' dir='ltr'><strong><em>quae</em></strong></span> <span class='ocrx_word' id='word_1_121' title='bbox 1998 1510 2080 1554; x_wconf 90' lang='lat' dir='ltr'><strong><em>est</em></strong></span> 
     </span>
    </p>
   </div>
   <div class='ocr_carea' id='block_1_19' title="bbox 508 1585 2079 1656">
    <p class='ocr_par' dir='ltr' id='par_1_19' title="bbox 508 1585 2079 1656">
     <span class='ocr_line' id='line_1_21' title="bbox 508 1585 2079 1656; baseline 0.003 -16"><span class='ocrx_word' id='word_1_122' title='bbox 508 1585 731 1642; x_wconf 92' lang='lat' dir='ltr'><strong><em>ultimus</em></strong></span> <span class='ocrx_word' id='word_1_123' title='bbox 763 1587 856 1644; x_wconf 87' lang='lat' dir='ltr'><strong><em>Dei</em></strong></span> <span class='ocrx_word' id='word_1_124' title='bbox 887 1588 1081 1654; x_wconf 88' lang='lat' dir='ltr'><strong><em>hostis,</em></strong></span> <span class='ocrx_word' id='word_1_125' title='bbox 1115 1590 1262 1645; x_wconf 83' lang='lat' dir='ltr'><strong><em>nulla</em></strong></span> <span class='ocrx_word' id='word_1_126' title='bbox 1311 1588 1386 1646; x_wconf 89' lang='lat' dir='ltr'><strong><em>tui</em></strong></span> <span class='ocrx_word' id='word_1_127' title='bbox 1438 1592 1702 1647; x_wconf 85' lang='lat' dir='ltr'><strong><em>memoria</em></strong></span> <span class='ocrx_word' id='word_1_128' title='bbox 1757 1591 1946 1648; x_wconf 87' lang='lat' dir='ltr'><strong><em>haberi</em></strong></span> <span class='ocrx_word' id='word_1_129' title='bbox 1981 1606 2079 1656; x_wconf 87' lang='lat' dir='ltr'><strong><em>po-</em></strong></span> 
     </span>
    </p>
   </div>
   <div class='ocr_carea' id='block_1_20' title="bbox 507 1677 2080 1752">
    <p class='ocr_par' dir='ltr' id='par_1_20' title="bbox 507 1677 2080 1752">
     <span class='ocr_line' id='line_1_22' title="bbox 507 1677 2080 1752; baseline 0.004 -22"><span class='ocrx_word' id='word_1_130' title='bbox 507 1685 636 1732; x_wconf 90' lang='lat' dir='ltr'><strong><em>test.</em></strong></span> <span class='ocrx_word' id='word_1_131' title='bbox 665 1677 872 1734; x_wconf 83' lang='lat' dir='ltr'><strong><em>Idcirco</em></strong></span> <span class='ocrx_word' id='word_1_132' title='bbox 897 1679 1068 1736; x_wconf 90' lang='lat' dir='ltr'><strong><em>libera</em></strong></span> <span class='ocrx_word' id='word_1_133' title='bbox 1095 1697 1180 1737; x_wconf 89' lang='lat' dir='ltr'><strong><em>me</em></strong></span> <span class='ocrx_word' id='word_1_134' title='bbox 1209 1683 1278 1738; x_wconf 87' lang='lat' dir='ltr'><strong><em>ab</em></strong></span> <span class='ocrx_word' id='word_1_135' title='bbox 1302 1683 1417 1752; x_wconf 87' lang='lat' dir='ltr'><strong><em>illa,</em></strong></span> <span class='ocrx_word' id='word_1_136' title='bbox 1443 1694 1504 1739; x_wconf 91' lang='lat' dir='ltr'><strong><em>ut</em></strong></span> <span class='ocrx_word' id='word_1_137' title='bbox 1530 1686 1725 1740; x_wconf 82' lang='lat' dir='ltr'><strong><em>iterum</em></strong></span> <span class='ocrx_word' id='word_1_138' title='bbox 1762 1683 1836 1738; x_wconf 87' lang='lat' dir='ltr'><strong><em>tui</em></strong></span> <span class='ocrx_word' id='word_1_139' title='bbox 1869 1699 2080 1739; x_wconf 90' lang='lat' dir='ltr'><strong><em>memor</em></strong></span> 
     </span>
    </p>
   </div>
   <div class='ocr_carea' id='block_1_21' title="bbox 507 1769 2070 1847">
    <p class='ocr_par' dir='ltr' id='par_1_21' title="bbox 507 1769 2070 1847">
     <span class='ocr_line' id='line_1_23' title="bbox 507 1769 2070 1847; baseline 0.005 -23"><span class='ocrx_word' id='word_1_140' title='bbox 507 1769 631 1825; x_wconf 88' lang='lat' dir='ltr'><strong><em>sim.</em></strong></span> <span class='ocrx_word' id='word_1_141' title='bbox 659 1771 951 1842; x_wconf 86' lang='lat' dir='ltr'><strong><em>Propterea</em></strong></span> <span class='ocrx_word' id='word_1_142' title='bbox 981 1783 1035 1830; x_wconf 90' lang='lat' dir='ltr'><strong><em>et</em></strong></span> <span class='ocrx_word' id='word_1_143' title='bbox 1076 1776 1168 1846; x_wconf 87' lang='lat' dir='ltr'><strong><em>qui</em></strong></span> <span class='ocrx_word' id='word_1_144' title='bbox 1224 1785 1353 1832; x_wconf 85' lang='lat' dir='ltr'><strong><em>ante</em></strong></span> <span class='ocrx_word' id='word_1_145' title='bbox 1393 1785 1624 1834; x_wconf 86' lang='lat' dir='ltr'><strong><em>mortem</em></strong></span> <span class='ocrx_word' id='word_1_146' title='bbox 1679 1785 1926 1847; x_wconf 86' lang='lat' dir='ltr'><strong><em>peccant,</em></strong></span> <span class='ocrx_word' id='word_1_147' title='bbox 1964 1792 2070 1832; x_wconf 90' lang='lat' dir='ltr'><strong><em>non</em></strong></span> 
     </span>
    </p>
   </div>
   <div class='ocr_carea' id='block_1_22' title="bbox 506 1864 2083 1925">
    <p class='ocr_par' dir='ltr' id='par_1_22' title="bbox 506 1864 2083 1925">
     <span class='ocr_line' id='line_1_24' title="bbox 506 1864 2083 1925; baseline 0.006 -10"><span class='ocrx_word' id='word_1_148' title='bbox 506 1873 630 1916; x_wconf 83' lang='lat' dir='ltr'><strong><em>sunt</em></strong></span> <span class='ocrx_word' id='word_1_149' title='bbox 673 1878 941 1920; x_wconf 87' lang='lat' dir='ltr'><strong><em>memores</em></strong></span> <span class='ocrx_word' id='word_1_150' title='bbox 967 1864 1083 1921; x_wconf 91' lang='lat' dir='ltr'><strong><em>Dei.</em></strong></span> <span class='ocrx_word' id='word_1_151' title='bbox 1110 1867 1218 1921; x_wconf 82' lang='lat' dir='ltr'><strong><em>Ant</em></strong></span> <span class='ocrx_word' id='word_1_152' title='bbox 1259 1867 1310 1922; x_wconf 93' lang='lat' dir='ltr'><strong><em>in</em></strong></span> <span class='ocrx_word' id='word_1_153' title='bbox 1344 1865 1559 1923; x_wconf 83' lang='lat' dir='ltr'><strong><em>inferno</em></strong></span> <span class='ocrx_word' id='word_1_154' title='bbox 1584 1869 1762 1924; x_wconf 90' lang='lat' dir='ltr'><strong><em>nullus</em></strong></span> <span class='ocrx_word' id='word_1_155' title='bbox 1799 1869 2083 1925; x_wconf 84' lang='lat' dir='ltr'><strong><em>conﬁtebi-</em></strong></span> 
     </span>
    </p>
   </div>
   <div class='ocr_carea' id='block_1_23' title="bbox 508 1954 2082 2024">
    <p class='ocr_par' dir='ltr' id='par_1_23' title="bbox 508 1954 2082 2024">
     <span class='ocr_line' id='line_1_25' title="bbox 508 1954 2082 2024; baseline 0.006 -19"><span class='ocrx_word' id='word_1_156' title='bbox 508 1960 618 2018; x_wconf 87' lang='lat' dir='ltr'><strong><em>tur,</em></strong></span> <span class='ocrx_word' id='word_1_157' title='bbox 660 1961 756 2008; x_wconf 87' lang='lat' dir='ltr'><strong><em>aut</em></strong></span> <span class='ocrx_word' id='word_1_158' title='bbox 791 1954 944 2009; x_wconf 91' lang='lat' dir='ltr'><strong><em>valde</em></strong></span> <span class='ocrx_word' id='word_1_159' title='bbox 975 1956 1150 2024; x_wconf 87' lang='lat' dir='ltr'><strong><em>pauci.</em></strong></span> <span class='ocrx_word' id='word_1_160' title='bbox 1183 1956 1297 2012; x_wconf 81' lang='lat' dir='ltr'><strong><em>Hoc</em></strong></span> <span class='ocrx_word' id='word_1_161' title='bbox 1328 1957 1472 2012; x_wconf 91' lang='lat' dir='ltr'><strong><em>enim</em></strong></span> <span class='ocrx_word' id='word_1_162' title='bbox 1506 1974 1570 2013; x_wconf 77' lang='lat' dir='ltr'><strong><em>ex</em></strong></span> <span class='ocrx_word' id='word_1_163' title='bbox 1612 1973 1677 2014; x_wconf 90' lang='lat' dir='ltr'><strong><em>eo</em></strong></span> <span class='ocrx_word' id='word_1_164' title='bbox 1719 1959 1984 2024; x_wconf 88' lang='lat' dir='ltr'><strong><em>declarat,</em></strong></span> <span class='ocrx_word' id='word_1_165' title='bbox 2028 1970 2082 2016; x_wconf 91' lang='lat' dir='ltr'><strong><em>et</em></strong></span> 
     </span>
    </p>
   </div>
   <div class='ocr_carea' id='block_1_24' title="bbox 505 2035 2082 2122">
    <p class='ocr_par' dir='ltr' id='par_1_24' title="bbox 505 2035 2082 2122">
     <span class='ocr_line' id='line_1_26' title="bbox 505 2035 2082 2122; baseline 0.01 -28"><span class='ocrx_word' id='word_1_166' title='bbox 505 2035 743 2102; x_wconf 74' lang='lat' dir='ltr'><strong><em>idrtasse</em></strong></span> <span class='ocrx_word' id='word_1_167' title='bbox 764 2045 834 2104; x_wconf 87' lang='lat' dir='ltr'><strong><em>ob</em></strong></span> <span class='ocrx_word' id='word_1_168' title='bbox 875 2046 1004 2101; x_wconf 88' lang='lat' dir='ltr'><strong><em>illud</em></strong></span> <span class='ocrx_word' id='word_1_169' title='bbox 1041 2049 1085 2080; x_wconf 85' lang='lat'>&#39;”</span> <span class='ocrx_word' id='word_1_170' title='bbox 1127 2066 1144 2104; x_wconf 88' lang='lat'><strong>:</strong></span> <span class='ocrx_word' id='word_1_171' title='bbox 1191 2067 1210 2101; x_wconf 76' lang='grc' dir='ltr'><strong><em>ι</em></strong></span> <span class='ocrx_word' id='word_1_172' title='bbox 1252 2051 1446 2108; x_wconf 81' lang='lat' dir='ltr'><strong><em>Veniat</em></strong></span> <span class='ocrx_word' id='word_1_173' title='bbox 1497 2068 1648 2107; x_wconf 90' lang='lat' dir='ltr'><strong><em>mors</em></strong></span> <span class='ocrx_word' id='word_1_174' title='bbox 1679 2067 1841 2122; x_wconf 92' lang='lat' dir='ltr'><strong><em>super</em></strong></span> <span class='ocrx_word' id='word_1_175' title='bbox 1865 2053 2004 2119; x_wconf 89' lang='lat' dir='ltr'><strong><em>illos,</em></strong></span> <span class='ocrx_word' id='word_1_176' title='bbox 2028 2064 2082 2109; x_wconf 89' lang='lat' dir='ltr'><strong><em>et</em></strong></span> 
     </span>
    </p>
   </div>
   <div class='ocr_carea' id='block_1_25' title="bbox 503 2134 2079 2212">
    <p class='ocr_par' dir='ltr' id='par_1_25' title="bbox 503 2134 2079 2212">
     <span class='ocr_line' id='line_1_27' title="bbox 503 2134 2079 2212; baseline 0.008 -22"><span class='ocrx_word' id='word_1_177' title='bbox 503 2134 836 2193; x_wconf 88' lang='lat' dir='ltr'><strong><em>descendant</em></strong></span> <span class='ocrx_word' id='word_1_178' title='bbox 860 2138 912 2193; x_wconf 91' lang='lat' dir='ltr'><strong><em>in</em></strong></span> <span class='ocrx_word' id='word_1_179' title='bbox 942 2138 1212 2196; x_wconf 79' lang='lat' dir='ltr'><strong><em>infernum</em></strong></span> <span class='ocrx_word' id='word_1_180' title='bbox 1237 2144 1506 2200; x_wconf 83' lang='lat' dir='ltr'><strong><em>viventes.</em></strong></span> <span class='ocrx_word' id='word_1_181' title='bbox 1549 2163 1568 2198; x_wconf 73' lang='grc' dir='ltr'><strong><em>ι</em></strong></span> <span class='ocrx_word' id='word_1_182' title='bbox 1602 2144 1702 2212; x_wconf 85' lang='lat' dir='ltr'><strong><em>Qui</em></strong></span> <span class='ocrx_word' id='word_1_183' title='bbox 1740 2147 1986 2202; x_wconf 80' lang='lat' dir='ltr'><strong><em>viventes</em></strong></span> <span class='ocrx_word' id='word_1_184' title='bbox 2024 2149 2079 2202; x_wconf 89' lang='lat' dir='ltr'><strong><em>in</em></strong></span> 
     </span>
    </p>
   </div>
   <div class='ocr_carea' id='block_1_26' title="bbox 502 2223 2076 2308">
    <p class='ocr_par' dir='ltr' id='par_1_26' title="bbox 502 2223 2076 2308">
     <span class='ocr_line' id='line_1_28' title="bbox 502 2223 2076 2308; baseline 0.011 -32"><span class='ocrx_word' id='word_1_185' title='bbox 502 2223 780 2280; x_wconf 80' lang='lat' dir='ltr'><strong><em>infernum</em></strong></span> <span class='ocrx_word' id='word_1_186' title='bbox 847 2228 1222 2298; x_wconf 86' lang='lat' dir='ltr'><strong><em>descendunt,</em></strong></span> <span class='ocrx_word' id='word_1_187' title='bbox 1275 2235 1368 2288; x_wconf 85' lang='lat' dir='ltr'><strong><em>Dei</em></strong></span> <span class='ocrx_word' id='word_1_188' title='bbox 1444 2237 1759 2293; x_wconf 82' lang='lat' dir='ltr'><strong><em>meminisse</em></strong></span> <span class='ocrx_word' id='word_1_189' title='bbox 1814 2249 2076 2308; x_wconf 88' lang='lat' dir='ltr'><strong><em>possunt,</em></strong></span> 
     </span>
    </p>
   </div>
   <div class='ocr_carea' id='block_1_27' title="bbox 439 2313 1935 2412">
    <p class='ocr_par' dir='ltr' id='par_1_27' title="bbox 439 2313 1935 2412">
     <span class='ocr_line' id='line_1_29' title="bbox 439 2313 1935 2412; baseline 0.011 -44"><span class='ocrx_word' id='word_1_190' title='bbox 439 2397 445 2412; x_wconf 41' lang='lat'><strong>&#39;</strong></span> <span class='ocrx_word' id='word_1_191' title='bbox 499 2313 716 2386; x_wconf 85' lang='lat' dir='ltr'><strong><em>ipsique</em></strong></span> <span class='ocrx_word' id='word_1_192' title='bbox 742 2319 1015 2390; x_wconf 78' lang='lat' dir='ltr'><strong><em>conﬁteri,</em></strong></span> <span class='ocrx_word' id='word_1_193' title='bbox 1044 2323 1242 2393; x_wconf 87' lang='lat' dir='ltr'><strong><em>quippe</em></strong></span> <span class='ocrx_word' id='word_1_194' title='bbox 1265 2325 1357 2396; x_wconf 84' lang='lat' dir='ltr'><strong><em>qui</em></strong></span> <span class='ocrx_word' id='word_1_195' title='bbox 1384 2341 1490 2382; x_wconf 91' lang='lat' dir='ltr'><strong><em>non</em></strong></span> <span class='ocrx_word' id='word_1_196' title='bbox 1517 2327 1626 2382; x_wconf 87' lang='lat' dir='ltr'><strong><em>sint</em></strong></span> <span class='ocrx_word' id='word_1_197' title='bbox 1655 2329 1710 2383; x_wconf 91' lang='lat' dir='ltr'><strong><em>in</em></strong></span> <span class='ocrx_word' id='word_1_198' title='bbox 1739 2339 1935 2387; x_wconf 90' lang='lat' dir='ltr'><strong><em>morte.</em></strong></span> 
     </span>
    </p>
   </div>
   <div class='ocr_carea' id='block_1_28' title="bbox 571 2477 2079 2562">
    <p class='ocr_par' dir='ltr' id='par_1_28' title="bbox 571 2477 2079 2562">
     <span class='ocr_line' id='line_1_30' title="bbox 571 2477 2079 2562; baseline 0.011 -31"><span class='ocrx_word' id='word_1_199' title='bbox 571 2477 735 2534; x_wconf 76' lang='lat' dir='ltr'><strong><em>Vens.</em></strong></span> <span class='ocrx_word' id='word_1_200' title='bbox 761 2481 815 2534; x_wconf 87' lang='lat'><strong><em>7.</em></strong></span> <span class='ocrx_word' id='word_1_201' title='bbox 841 2479 1102 2537; x_wconf 84' lang='lat' dir='ltr'><strong><em>Laboravi</em></strong></span> <span class='ocrx_word' id='word_1_202' title='bbox 1129 2485 1182 2538; x_wconf 87' lang='lat' dir='ltr'><strong><em>in</em></strong></span> <span class='ocrx_word' id='word_1_203' title='bbox 1203 2488 1397 2555; x_wconf 87' lang='lat' dir='ltr'><strong><em>gemitu</em></strong></span> <span class='ocrx_word' id='word_1_204' title='bbox 1433 2504 1570 2554; x_wconf 90' lang='lat' dir='ltr'><strong><em>meo,</em></strong></span> <span class='ocrx_word' id='word_1_205' title='bbox 1609 2499 1715 2545; x_wconf 88' lang='lat' dir='ltr'><strong><em>etc.</em></strong></span> <span class='ocrx_word' id='word_1_206' title='bbox 1754 2491 1940 2546; x_wconf 87' lang='lat' dir='ltr'><strong><em>Talem</em></strong></span> <span class='ocrx_word' id='word_1_207' title='bbox 1988 2507 2079 2562; x_wconf 81' lang='lat' dir='ltr'><strong><em>ge-</em></strong></span> 
     </span>
    </p>
   </div>
   <div class='ocr_carea' id='block_1_29' title="bbox 501 2567 2074 2647">
    <p class='ocr_par' dir='ltr' id='par_1_29' title="bbox 501 2567 2074 2647">
     <span class='ocr_line' id='line_1_31' title="bbox 501 2567 2074 2647; baseline 0.011 -28"><span class='ocrx_word' id='word_1_208' title='bbox 501 2567 691 2622; x_wconf 88' lang='lat' dir='ltr'><strong><em>mitum</em></strong></span> <span class='ocrx_word' id='word_1_209' title='bbox 724 2568 818 2623; x_wconf 85' lang='lat' dir='ltr'><strong><em>lilii</em></strong></span> <span class='ocrx_word' id='word_1_210' title='bbox 844 2570 1008 2626; x_wconf 84' lang='lat' dir='ltr'><strong><em>Israel</em></strong></span> <span class='ocrx_word' id='word_1_211' title='bbox 1031 2572 1256 2629; x_wconf 86' lang='lat' dir='ltr'><strong><em>edentes</em></strong></span> <span class='ocrx_word' id='word_1_212' title='bbox 1289 2575 1342 2628; x_wconf 94' lang='lat' dir='ltr'><strong><em>in</em></strong></span> <span class='ocrx_word' id='word_1_213' title='bbox 1372 2574 1628 2647; x_wconf 69' lang='lat' dir='ltr'><strong><em>Egypto,</em></strong></span> <span class='ocrx_word' id='word_1_214' title='bbox 1653 2580 1894 2634; x_wconf 86' lang='lat' dir='ltr'><strong><em>exauditi</em></strong></span> <span class='ocrx_word' id='word_1_215' title='bbox 1927 2591 2074 2638; x_wconf 87' lang='lat' dir='ltr'><strong><em>sunt.</em></strong></span> 
     </span>
    </p>
   </div>
   <div class='ocr_carea' id='block_1_30' title="bbox 499 2655 2070 2738">
    <p class='ocr_par' dir='ltr' id='par_1_30' title="bbox 499 2655 2070 2738">
     <span class='ocr_line' id='line_1_32' title="bbox 499 2655 2070 2738; baseline 0.011 -29"><span class='ocrx_word' id='word_1_216' title='bbox 499 2655 642 2725; x_wconf 87' lang='lat' dir='ltr'><strong><em>Quin</em></strong></span> <span class='ocrx_word' id='word_1_217' title='bbox 689 2672 744 2716; x_wconf 87' lang='lat' dir='ltr'><strong><em>et</em></strong></span> <span class='ocrx_word' id='word_1_218' title='bbox 793 2661 991 2721; x_wconf 82' lang='lat' dir='ltr'><strong><em>Paulus</em></strong></span> <span class='ocrx_word' id='word_1_219' title='bbox 1027 2667 1218 2721; x_wconf 86' lang='lat' dir='ltr'><strong><em>eodem</em></strong></span> <span class='ocrx_word' id='word_1_220' title='bbox 1272 2669 1434 2725; x_wconf 91' lang='lat' dir='ltr'><strong><em>modo</em></strong></span> <span class='ocrx_word' id='word_1_221' title='bbox 1493 2668 1642 2738; x_wconf 77' lang='lat' dir='ltr'><strong><em>fecit,</em></strong></span> <span class='ocrx_word' id='word_1_222' title='bbox 1684 2687 1805 2726; x_wconf 92' lang='lat' dir='ltr'><strong><em>cum</em></strong></span> <span class='ocrx_word' id='word_1_223' title='bbox 1857 2673 1936 2727; x_wconf 87' lang='lat' dir='ltr'><strong><em>ait</em></strong></span> <span class='ocrx_word' id='word_1_224' title='bbox 1980 2673 2070 2726; x_wconf 71' lang='lat'><strong><em>7&quot;:</em></strong></span> 
     </span>
    </p>
   </div>
   <div class='ocr_carea' id='block_1_31' title="bbox 503 2749 2068 2831">
    <p class='ocr_par' dir='ltr' id='par_1_31' title="bbox 503 2749 2068 2831">
     <span class='ocr_line' id='line_1_33' title="bbox 503 2749 2068 2831; baseline 0.01 -28"><span class='ocrx_word' id='word_1_225' title='bbox 503 2769 526 2804; x_wconf 71' lang='grc' dir='ltr'><strong><em>ι</em></strong></span> <span class='ocrx_word' id='word_1_226' title='bbox 573 2749 678 2818; x_wconf 88' lang='lat' dir='ltr'><strong><em>Qui</em></strong></span> <span class='ocrx_word' id='word_1_227' title='bbox 723 2767 912 2808; x_wconf 86' lang='lat' dir='ltr'><strong><em>sumus</em></strong></span> <span class='ocrx_word' id='word_1_228' title='bbox 954 2756 1006 2810; x_wconf 93' lang='lat' dir='ltr'><strong><em>in</em></strong></span> <span class='ocrx_word' id='word_1_229' title='bbox 1041 2757 1146 2813; x_wconf 80' lang='lat' dir='ltr'><strong><em>huc</em></strong></span> <span class='ocrx_word' id='word_1_230' title='bbox 1175 2759 1550 2827; x_wconf 85' lang='lat' dir='ltr'><strong><em>tabernaculo,</em></strong></span> <span class='ocrx_word' id='word_1_231' title='bbox 1581 2761 2010 2831; x_wconf 82' lang='lat' dir='ltr'><strong><em>ingemiscimus.</em></strong></span> <span class='ocrx_word' id='word_1_232' title='bbox 2051 2785 2068 2818; x_wconf 75' lang='grc' dir='ltr'><strong><em>ι</em></strong></span> 
     </span>
    </p>
   </div>
   <div class='ocr_carea' id='block_1_32' title="bbox 501 2835 2090 2924">
    <p class='ocr_par' dir='ltr' id='par_1_32' title="bbox 501 2835 2090 2924">
     <span class='ocr_line' id='line_1_34' title="bbox 501 2835 2090 2924; baseline 0.009 -28"><span class='ocrx_word' id='word_1_233' title='bbox 501 2839 632 2899; x_wconf 83' lang='lat' dir='ltr'><strong><em>Tale</em></strong></span> <span class='ocrx_word' id='word_1_234' title='bbox 667 2854 720 2899; x_wconf 90' lang='lat' dir='ltr'><strong><em>et</em></strong></span> <span class='ocrx_word' id='word_1_235' title='bbox 745 2845 872 2900; x_wconf 91' lang='lat' dir='ltr'><strong><em>illud</em></strong></span> <span class='ocrx_word' id='word_1_236' title='bbox 903 2847 948 2878; x_wconf 75' lang='grc' dir='ltr'><strong><em>τ’</em></strong></span> <span class='ocrx_word' id='word_1_237' title='bbox 982 2867 994 2902; x_wconf 92' lang='lat'>:</span> <span class='ocrx_word' id='word_1_238' title='bbox 1033 2867 1050 2899; x_wconf 72' lang='grc' dir='ltr'><strong><em>ι</em></strong></span> <span class='ocrx_word' id='word_1_239' title='bbox 1079 2837 1380 2920; x_wconf 82' lang='lat' dir='ltr'><strong><em>Rugiebam</em></strong></span> <span class='ocrx_word' id='word_1_240' title='bbox 1411 2869 1439 2907; x_wconf 92' lang='lat' dir='ltr'><strong><em>a</em></strong></span> <span class='ocrx_word' id='word_1_241' title='bbox 1461 2854 1662 2924; x_wconf 76' lang='lat' dir='ltr'><strong><em>gemitu</em></strong></span> <span class='ocrx_word' id='word_1_242' title='bbox 1688 2857 1872 2913; x_wconf 88' lang='lat' dir='ltr'><strong><em>cordis</em></strong></span> <span class='ocrx_word' id='word_1_243' title='bbox 1895 2858 2020 2913; x_wconf 92' lang='lat' dir='ltr'><strong><em>mei.</em></strong></span> <span class='ocrx_word' id='word_1_244' title='bbox 2051 2835 2090 2911; x_wconf 50' lang='grc' dir='ltr'>ι’</span> 
     </span>
    </p>
   </div>
   <div class='ocr_carea' id='block_1_33' title="bbox 500 2932 2076 3016">
    <p class='ocr_par' dir='ltr' id='par_1_33' title="bbox 500 2932 2076 3016">
     <span class='ocr_line' id='line_1_35' title="bbox 500 2932 2076 3016; baseline 0.013 -32"><span class='ocrx_word' id='word_1_245' title='bbox 500 2932 684 3002; x_wconf 83' lang='lat' dir='ltr'><strong><em>Neque</em></strong></span> <span class='ocrx_word' id='word_1_246' title='bbox 715 2937 847 2989; x_wconf 88' lang='lat' dir='ltr'><strong><em>satis</em></strong></span> <span class='ocrx_word' id='word_1_247' title='bbox 877 2947 960 2990; x_wconf 90' lang='lat' dir='ltr'><strong><em>cst</em></strong></span> <span class='ocrx_word' id='word_1_248' title='bbox 985 2952 1221 3008; x_wconf 78' lang='lat' dir='ltr'><strong><em>gemere,</em></strong></span> <span class='ocrx_word' id='word_1_249' title='bbox 1268 2941 1360 2996; x_wconf 89' lang='lat' dir='ltr'><strong><em>sed</em></strong></span> <span class='ocrx_word' id='word_1_250' title='bbox 1411 2953 1626 3011; x_wconf 83' lang='lat' dir='ltr'><strong><em>Oportet</em></strong></span> <span class='ocrx_word' id='word_1_251' title='bbox 1673 2947 2076 3016; x_wconf 87' lang='lat' dir='ltr'><strong><em>quodammodo</em></strong></span> 
     </span>
    </p>
   </div>
   <div class='ocr_carea' id='block_1_34' title="bbox 497 3025 2071 3097">
    <p class='ocr_par' dir='ltr' id='par_1_34' title="bbox 497 3025 2071 3097">
     <span class='ocr_line' id='line_1_36' title="bbox 497 3025 2071 3097; baseline 0.011 -18"><span class='ocrx_word' id='word_1_252' title='bbox 497 3025 772 3082; x_wconf 80' lang='lat' dir='ltr'><strong><em>laborare.</em></strong></span> <span class='ocrx_word' id='word_1_253' title='bbox 794 3025 1025 3082; x_wconf 80' lang='lat' dir='ltr'><strong><em>Pulchre</em></strong></span> <span class='ocrx_word' id='word_1_254' title='bbox 1061 3043 1241 3085; x_wconf 89' lang='lat' dir='ltr'><strong><em>autem</em></strong></span> <span class='ocrx_word' id='word_1_255' title='bbox 1274 3033 1342 3087; x_wconf 89' lang='lat' dir='ltr'><strong><em>ad</em></strong></span> <span class='ocrx_word' id='word_1_256' title='bbox 1384 3035 1716 3093; x_wconf 74' lang='lat' dir='ltr'><strong><em>suadendum</em></strong></span> <span class='ocrx_word' id='word_1_257' title='bbox 1763 3041 2071 3097; x_wconf 87' lang='lat' dir='ltr'><strong><em>castitatem</em></strong></span> 
     </span>
    </p>
   </div>
   <div class='ocr_carea' id='block_1_35' title="bbox 497 3117 2074 3200">
    <p class='ocr_par' dir='ltr' id='par_1_35' title="bbox 497 3117 2074 3200">
     <span class='ocr_line' id='line_1_37' title="bbox 497 3117 2074 3200; baseline 0.013 -32"><span class='ocrx_word' id='word_1_258' title='bbox 497 3127 714 3171; x_wconf 86' lang='lat' dir='ltr'><strong><em>utemur</em></strong></span> <span class='ocrx_word' id='word_1_259' title='bbox 748 3117 831 3171; x_wconf 91' lang='lat' dir='ltr'><strong><em>his</em></strong></span> <span class='ocrx_word' id='word_1_260' title='bbox 862 3120 1042 3175; x_wconf 84' lang='lat' dir='ltr'><strong><em>verbis</em></strong></span> <span class='ocrx_word' id='word_1_261' title='bbox 1077 3139 1091 3176; x_wconf 91' lang='lat'><strong>:</strong></span> <span class='ocrx_word' id='word_1_262' title='bbox 1132 3140 1151 3173; x_wconf 73' lang='grc' dir='ltr'><strong><em>ι</em></strong></span> <span class='ocrx_word' id='word_1_263' title='bbox 1194 3122 1412 3180; x_wconf 82' lang='lat' dir='ltr'><strong><em>Lavabo</em></strong></span> <span class='ocrx_word' id='word_1_264' title='bbox 1458 3143 1552 3196; x_wconf 88' lang='lat' dir='ltr'><strong><em>per</em></strong></span> <span class='ocrx_word' id='word_1_265' title='bbox 1599 3128 1838 3200; x_wconf 78' lang='lat' dir='ltr'><strong><em>singulas</em></strong></span> <span class='ocrx_word' id='word_1_266' title='bbox 1887 3141 2074 3188; x_wconf 89' lang='lat' dir='ltr'><strong><em>noctes</em></strong></span> 
     </span>
    </p>
   </div>
   <div class='ocr_carea' id='block_1_36' title="bbox 496 3201 2079 3290">
    <p class='ocr_par' dir='ltr' id='par_1_36' title="bbox 496 3201 2079 3290">
     <span class='ocr_line' id='line_1_38' title="bbox 496 3201 2079 3290; baseline 0.015 -36"><span class='ocrx_word' id='word_1_267' title='bbox 496 3201 695 3256; x_wconf 83' lang='lat' dir='ltr'><strong><em>lectum</em></strong></span> <span class='ocrx_word' id='word_1_268' title='bbox 728 3219 930 3272; x_wconf 89' lang='lat' dir='ltr'><strong><em>meum,</em></strong></span> <span class='ocrx_word' id='word_1_269' title='bbox 971 3226 990 3258; x_wconf 72' lang='grc' dir='ltr'><strong><em>ι</em></strong></span> <span class='ocrx_word' id='word_1_270' title='bbox 1017 3221 1323 3267; x_wconf 87' lang='lat' dir='ltr'><strong><em>asserentes</em></strong></span> <span class='ocrx_word' id='word_1_271' title='bbox 1354 3215 1421 3268; x_wconf 88' lang='lat' dir='ltr'><strong><em>ab</em></strong></span> <span class='ocrx_word' id='word_1_272' title='bbox 1467 3215 1531 3270; x_wconf 93' lang='lat' dir='ltr'><strong><em>iis</em></strong></span> <span class='ocrx_word' id='word_1_273' title='bbox 1582 3217 1710 3273; x_wconf 89' lang='lat' dir='ltr'><strong><em>solis</em></strong></span> <span class='ocrx_word' id='word_1_274' title='bbox 1735 3221 1825 3290; x_wconf 90' lang='lat' dir='ltr'><strong><em>qui</em></strong></span> <span class='ocrx_word' id='word_1_275' title='bbox 1865 3237 1892 3274; x_wconf 90' lang='lat' dir='ltr'><strong><em>a</em></strong></span> <span class='ocrx_word' id='word_1_276' title='bbox 1927 3238 2079 3277; x_wconf 84' lang='lat' dir='ltr'><strong><em>com-</em></strong></span> 
     </span>
    </p>
   </div>
   <div class='ocr_carea' id='block_1_37' title="bbox 499 3295 2072 3384">
    <p class='ocr_par' dir='ltr' id='par_1_37' title="bbox 499 3295 2072 3384">
     <span class='ocr_line' id='line_1_39' title="bbox 499 3295 2072 3384; baseline 0.015 -38"><span class='ocrx_word' id='word_1_277' title='bbox 499 3295 750 3350; x_wconf 84' lang='lat' dir='ltr'><strong><em>mistiene</em></strong></span> <span class='ocrx_word' id='word_1_278' title='bbox 780 3309 906 3352; x_wconf 88' lang='lat' dir='ltr'><strong><em>sunt</em></strong></span> <span class='ocrx_word' id='word_1_279' title='bbox 933 3302 1142 3366; x_wconf 90' lang='lat' dir='ltr'><strong><em>mundi,</em></strong></span> <span class='ocrx_word' id='word_1_280' title='bbox 1176 3315 1324 3361; x_wconf 88' lang='lat' dir='ltr'><strong><em>recte</em></strong></span> <span class='ocrx_word' id='word_1_281' title='bbox 1353 3307 1456 3361; x_wconf 90' lang='lat' dir='ltr'><strong><em>dici</em></strong></span> <span class='ocrx_word' id='word_1_282' title='bbox 1485 3324 1498 3361; x_wconf 87' lang='lat'><strong>:</strong></span> <span class='ocrx_word' id='word_1_283' title='bbox 1527 3328 1544 3359; x_wconf 75' lang='grc' dir='ltr'><strong><em>ι</em></strong></span> <span class='ocrx_word' id='word_1_284' title='bbox 1586 3308 1802 3367; x_wconf 86' lang='lat' dir='ltr'><strong><em>Lavabo</em></strong></span> <span class='ocrx_word' id='word_1_285' title='bbox 1834 3331 1933 3384; x_wconf 89' lang='lat' dir='ltr'><strong><em>per</em></strong></span> <span class='ocrx_word' id='word_1_286' title='bbox 1961 3318 2072 3372; x_wconf 91' lang='lat' dir='ltr'><strong><em>sin-</em></strong></span> 
     </span>
    </p>
   </div>
   <div class='ocr_carea' id='block_1_38' title="bbox 495 3387 2077 3466">
    <p class='ocr_par' dir='ltr' id='par_1_38' title="bbox 495 3387 2077 3466">
     <span class='ocr_line' id='line_1_40' title="bbox 495 3387 2077 3466; baseline 0.018 -27"><span class='ocrx_word' id='word_1_287' title='bbox 495 3387 648 3452; x_wconf 68' lang='lat' dir='ltr'><strong><em>gulas</em></strong></span> <span class='ocrx_word' id='word_1_288' title='bbox 680 3401 868 3446; x_wconf 88' lang='lat' dir='ltr'><strong><em>noctes</em></strong></span> <span class='ocrx_word' id='word_1_289' title='bbox 895 3392 1091 3446; x_wconf 87' lang='lat' dir='ltr'><strong><em>lectum</em></strong></span> <span class='ocrx_word' id='word_1_290' title='bbox 1124 3412 1322 3451; x_wconf 89' lang='lat' dir='ltr'><strong><em>meum.</em></strong></span> <span class='ocrx_word' id='word_1_291' title='bbox 1367 3419 1386 3451; x_wconf 75' lang='grc' dir='ltr'><strong><em>ι</em></strong></span> <span class='ocrx_word' id='word_1_292' title='bbox 1430 3399 1492 3452; x_wconf 82' lang='lat' dir='ltr'><strong><em>lli</em></strong></span> <span class='ocrx_word' id='word_1_293' title='bbox 1528 3411 1708 3458; x_wconf 86' lang='lat' dir='ltr'><strong><em>autem</em></strong></span> <span class='ocrx_word' id='word_1_294' title='bbox 1749 3408 1913 3463; x_wconf 85' lang='lat' dir='ltr'><strong><em>etiam</em></strong></span> <span class='ocrx_word' id='word_1_295' title='bbox 1947 3423 2077 3466; x_wconf 86' lang='lat' dir='ltr'><strong><em>ora-</em></strong></span> 
     </span>
    </p>
   </div>
   <div class='ocr_carea' id='block_1_39' title="bbox 496 3483 2072 3567">
    <p class='ocr_par' dir='ltr' id='par_1_39' title="bbox 496 3483 2072 3567">
     <span class='ocr_line' id='line_1_41' title="bbox 496 3483 2072 3567; baseline 0.016 -36"><span class='ocrx_word' id='word_1_296' title='bbox 496 3483 627 3535; x_wconf 86' lang='lat' dir='ltr'><strong><em>tioni</em></strong></span> <span class='ocrx_word' id='word_1_297' title='bbox 650 3493 925 3549; x_wconf 88' lang='lat' dir='ltr'><strong><em>vacantes,</em></strong></span> <span class='ocrx_word' id='word_1_298' title='bbox 960 3485 1029 3541; x_wconf 88' lang='lat' dir='ltr'><strong><em>ob</em></strong></span> <span class='ocrx_word' id='word_1_299' title='bbox 1052 3502 1115 3542; x_wconf 87' lang='lat' dir='ltr'><strong><em>ea</em></strong></span> <span class='ocrx_word' id='word_1_300' title='bbox 1139 3505 1255 3558; x_wconf 74' lang='lat' dir='ltr'><strong><em>qua:</em></strong></span> <span class='ocrx_word' id='word_1_301' title='bbox 1279 3492 1408 3546; x_wconf 85' lang='lat' dir='ltr'><strong><em>olim</em></strong></span> <span class='ocrx_word' id='word_1_302' title='bbox 1435 3512 1817 3567; x_wconf 86' lang='lat' dir='ltr'><strong><em>peccaverunt,</em></strong></span> <span class='ocrx_word' id='word_1_303' title='bbox 1843 3511 2072 3558; x_wconf 90' lang='lat' dir='ltr'><strong><em>stratum</em></strong></span> 
     </span>
    </p>
   </div>
   <div class='ocr_carea' id='block_1_40' title="bbox 495 3573 2073 3665">
    <p class='ocr_par' dir='ltr' id='par_1_40' title="bbox 495 3573 2073 3665">
     <span class='ocr_line' id='line_1_42' title="bbox 495 3573 2073 3665; baseline 0.016 -42"><span class='ocrx_word' id='word_1_304' title='bbox 495 3586 650 3625; x_wconf 85' lang='lat' dir='ltr'><strong><em>suum</em></strong></span> <span class='ocrx_word' id='word_1_305' title='bbox 690 3573 947 3647; x_wconf 88' lang='lat' dir='ltr'><strong><em>lacrymis</em></strong></span> <span class='ocrx_word' id='word_1_306' title='bbox 1007 3579 1206 3650; x_wconf 84' lang='lat' dir='ltr'><strong><em>rigant.</em></strong></span> <span class='ocrx_word' id='word_1_307' title='bbox 1259 3583 1383 3641; x_wconf 87' lang='lat' dir='ltr'><strong><em>Ideo</em></strong></span> <span class='ocrx_word' id='word_1_308' title='bbox 1439 3589 1575 3644; x_wconf 78' lang='lat' dir='ltr'><strong><em>dixit</em></strong></span> <span class='ocrx_word' id='word_1_309' title='bbox 1607 3592 1651 3623; x_wconf 83' lang='grc' dir='ltr'><strong><em>⁸ο</em></strong></span> <span class='ocrx_word' id='word_1_310' title='bbox 1687 3613 1700 3646; x_wconf 89' lang='grc'>;</span> <span class='ocrx_word' id='word_1_311' title='bbox 1737 3611 1754 3644; x_wconf 78' lang='grc' dir='ltr'><strong><em>ι</em></strong></span> <span class='ocrx_word' id='word_1_312' title='bbox 1788 3591 1937 3648; x_wconf 84' lang='lat' dir='ltr'><strong><em>Beati</em></strong></span> <span class='ocrx_word' id='word_1_313' title='bbox 1981 3598 2073 3665; x_wconf 86' lang='lat' dir='ltr'><strong><em>qui</em></strong></span> 
     </span>
    </p>
   </div>
   <div class='ocr_carea' id='block_1_41' title="bbox 496 3665 888 3723">
    <p class='ocr_par' dir='ltr' id='par_1_41' title="bbox 496 3665 888 3723">
     <span class='ocr_line' id='line_1_43' title="bbox 496 3665 888 3723; baseline 0.02 -9"><span class='ocrx_word' id='word_1_314' title='bbox 496 3679 640 3720; x_wconf 85' lang='lat' dir='ltr'><strong><em>nunc</em></strong></span> <span class='ocrx_word' id='word_1_315' title='bbox 669 3665 826 3723; x_wconf 86' lang='lat' dir='ltr'><strong><em>ﬂetis.</em></strong></span> <span class='ocrx_word' id='word_1_316' title='bbox 869 3690 888 3722; x_wconf 78' lang='grc' dir='ltr'><strong><em>ι</em></strong></span> 
     </span>
    </p>
   </div>
   <div class='ocr_carea' id='block_1_42' title="bbox 567 3758 2074 3836">
    <p class='ocr_par' dir='ltr' id='par_1_42' title="bbox 567 3758 2074 3836">
     <span class='ocr_line' id='line_1_44' title="bbox 567 3758 2074 3836; baseline 0.015 -24"><span class='ocrx_word' id='word_1_317' title='bbox 567 3758 732 3815; x_wconf 76' lang='lat' dir='ltr'><strong><em>Vens.</em></strong></span> <span class='ocrx_word' id='word_1_318' title='bbox 765 3761 819 3816; x_wconf 91' lang='lat'><strong><em>8.</em></strong></span> <span class='ocrx_word' id='word_1_319' title='bbox 867 3761 1134 3821; x_wconf 80' lang='lat' dir='ltr'><strong><em>Turbatus</em></strong></span> <span class='ocrx_word' id='word_1_320' title='bbox 1167 3779 1241 3823; x_wconf 87' lang='lat' dir='ltr'><strong><em>est</em></strong></span> <span class='ocrx_word' id='word_1_321' title='bbox 1279 3789 1309 3825; x_wconf 88' lang='grc' dir='ltr'><strong><em>α</em></strong></span> <span class='ocrx_word' id='word_1_322' title='bbox 1342 3771 1523 3835; x_wconf 77' lang='lat' dir='ltr'><strong><em>furore</em></strong></span> <span class='ocrx_word' id='word_1_323' title='bbox 1557 3777 1740 3832; x_wconf 83' lang='lat' dir='ltr'><strong><em>oculus</em></strong></span> <span class='ocrx_word' id='word_1_324' title='bbox 1767 3796 1911 3834; x_wconf 86' lang='lat' dir='ltr'><strong><em>meus</em></strong></span> <span class='ocrx_word' id='word_1_325' title='bbox 1944 3796 1963 3836; x_wconf 91' lang='lat'><strong><em>:</em></strong></span> <span class='ocrx_word' id='word_1_326' title='bbox 1990 3798 2074 3835; x_wconf 87' lang='lat' dir='ltr'><strong><em>m-</em></strong></span> 
     </span>
    </p>
   </div>
   <div class='ocr_carea' id='block_1_43' title="bbox 495 3850 2072 3941">
    <p class='ocr_par' dir='ltr' id='par_1_43' title="bbox 495 3850 2072 3941">
     <span class='ocr_line' id='line_1_45' title="bbox 495 3850 2072 3941; baseline 0.016 -39"><span class='ocrx_word' id='word_1_327' title='bbox 495 3850 717 3903; x_wconf 72' lang='lat' dir='ltr'><strong><em>ceteravi</em></strong></span> <span class='ocrx_word' id='word_1_328' title='bbox 746 3851 882 3904; x_wconf 87' lang='lat' dir='ltr'><strong><em>inter</em></strong></span> <span class='ocrx_word' id='word_1_329' title='bbox 908 3870 1083 3910; x_wconf 87' lang='lat' dir='ltr'><strong><em>omnes</em></strong></span> <span class='ocrx_word' id='word_1_330' title='bbox 1109 3859 1347 3916; x_wconf 86' lang='lat' dir='ltr'><strong><em>inimicos</em></strong></span> <span class='ocrx_word' id='word_1_331' title='bbox 1379 3880 1541 3930; x_wconf 82' lang='lat' dir='ltr'><strong><em>meos,</em></strong></span> <span class='ocrx_word' id='word_1_332' title='bbox 1582 3875 1691 3927; x_wconf 91' lang='lat' dir='ltr'><strong><em>etc.</em></strong></span> <span class='ocrx_word' id='word_1_333' title='bbox 1739 3868 1885 3925; x_wconf 85' lang='lat' dir='ltr'><strong><em>Nihil</em></strong></span> <span class='ocrx_word' id='word_1_334' title='bbox 1919 3887 2072 3941; x_wconf 65' lang='lat' dir='ltr'><strong><em>aeque</em></strong></span> 
     </span>
    </p>
   </div>
   <div class='ocr_carea' id='block_1_44' title="bbox 497 3940 2069 4029">
    <p class='ocr_par' dir='ltr' id='par_1_44' title="bbox 497 3940 2069 4029">
     <span class='ocr_line' id='line_1_46' title="bbox 497 3940 2069 4029; baseline 0.018 -42"><span class='ocrx_word' id='word_1_335' title='bbox 497 3947 734 3991; x_wconf 85' lang='lat' dir='ltr'><strong><em>mentem</em></strong></span> <span class='ocrx_word' id='word_1_336' title='bbox 763 3940 1103 4010; x_wconf 88' lang='lat' dir='ltr'><strong><em>obteuebrat,</em></strong></span> <span class='ocrx_word' id='word_1_337' title='bbox 1125 3962 1187 4000; x_wconf 90' lang='lat' dir='ltr'><strong><em>ac</em></strong></span> <span class='ocrx_word' id='word_1_338' title='bbox 1208 3950 1423 4004; x_wconf 84' lang='lat' dir='ltr'><strong><em>animus</em></strong></span> <span class='ocrx_word' id='word_1_339' title='bbox 1447 3956 1813 4022; x_wconf 87' lang='lat' dir='ltr'><strong><em>perturbatus.</em></strong></span> <span class='ocrx_word' id='word_1_340' title='bbox 1844 3940 2069 4029; x_wconf 75' lang='lat' dir='ltr'><strong><em>Propter</em></strong></span> 
     </span>
    </p>
   </div>
   <div class='ocr_carea' id='block_1_45' title="bbox 497 4027 2069 4113">
    <p class='ocr_par' dir='ltr' id='par_1_45' title="bbox 497 4027 2069 4113">
     <span class='ocr_line' id='line_1_47' title="bbox 497 4027 2069 4113; baseline 0.016 -33"><span class='ocrx_word' id='word_1_341' title='bbox 497 4027 639 4082; x_wconf 87' lang='lat' dir='ltr'><strong><em>hanc</em></strong></span> <span class='ocrx_word' id='word_1_342' title='bbox 665 4031 808 4085; x_wconf 91' lang='lat' dir='ltr'><strong><em>oculi</em></strong></span> <span class='ocrx_word' id='word_1_343' title='bbox 840 4037 1322 4102; x_wconf 85' lang='lat' dir='ltr'><strong><em>perturbationem,</em></strong></span> <span class='ocrx_word' id='word_1_344' title='bbox 1356 4043 1498 4098; x_wconf 89' lang='lat' dir='ltr'><strong><em>haud</em></strong></span> <span class='ocrx_word' id='word_1_345' title='bbox 1535 4058 1673 4112; x_wconf 88' lang='lat' dir='ltr'><strong><em>pure</em></strong></span> <span class='ocrx_word' id='word_1_346' title='bbox 1705 4050 1802 4102; x_wconf 91' lang='lat' dir='ltr'><strong><em>sed</em></strong></span> <span class='ocrx_word' id='word_1_347' title='bbox 1842 4027 2069 4113; x_wconf 54' lang='lat' dir='ltr'><strong><em>contusa</em></strong></span> 
     </span>
    </p>
   </div>
   <div class='ocr_carea' id='block_1_46' title="bbox 491 4119 2064 4194">
    <p class='ocr_par' dir='ltr' id='par_1_46' title="bbox 491 4119 2064 4194">
     <span class='ocr_line' id='line_1_48' title="bbox 491 4119 2064 4194; baseline 0.014 -22"><span class='ocrx_word' id='word_1_348' title='bbox 491 4119 667 4175; x_wconf 82' lang='lat' dir='ltr'><strong><em>cernit</em></strong></span> <span class='ocrx_word' id='word_1_349' title='bbox 719 4121 765 4175; x_wconf 90' lang='lat' dir='ltr'><strong><em>is</em></strong></span> <span class='ocrx_word' id='word_1_350' title='bbox 810 4122 900 4190; x_wconf 86' lang='lat' dir='ltr'><strong><em>qui</em></strong></span> <span class='ocrx_word' id='word_1_351' title='bbox 949 4123 1210 4193; x_wconf 82' lang='lat' dir='ltr'><strong><em>Spiritalia</em></strong></span> <span class='ocrx_word' id='word_1_352' title='bbox 1267 4129 1464 4185; x_wconf 87' lang='lat' dir='ltr'><strong><em>intueri</em></strong></span> <span class='ocrx_word' id='word_1_353' title='bbox 1516 4135 1749 4190; x_wconf 88' lang='lat' dir='ltr'><strong><em>videtur.</em></strong></span> <span class='ocrx_word' id='word_1_354' title='bbox 1797 4137 2064 4194; x_wconf 68' lang='lat' dir='ltr'><strong><em>Caeterum</em></strong></span> 
     </span>
    </p>
   </div>
   <div class='ocr_carea' id='block_1_47' title="bbox 491 4208 2069 4286">
    <p class='ocr_par' dir='ltr' id='par_1_47' title="bbox 491 4208 2069 4286">
     <span class='ocr_line' id='line_1_49' title="bbox 491 4208 2069 4286; baseline 0.014 -22"><span class='ocrx_word' id='word_1_355' title='bbox 491 4210 656 4276; x_wconf 77' lang='lat' dir='ltr'><strong><em>istud,</em></strong></span> <span class='ocrx_word' id='word_1_356' title='bbox 692 4228 714 4266; x_wconf 76' lang='grc' dir='ltr'><strong><em>ι</em></strong></span> <span class='ocrx_word' id='word_1_357' title='bbox 749 4213 1065 4280; x_wconf 74' lang='lat' dir='ltr'><strong><em>inveteravi,</em></strong></span> <span class='ocrx_word' id='word_1_358' title='bbox 1103 4236 1122 4269; x_wconf 74' lang='grc' dir='ltr'><strong><em>ι</em></strong></span> <span class='ocrx_word' id='word_1_359' title='bbox 1159 4217 1298 4272; x_wconf 92' lang='lat' dir='ltr'><strong><em>idem</em></strong></span> <span class='ocrx_word' id='word_1_360' title='bbox 1331 4208 1413 4276; x_wconf 84' lang='lat' dir='ltr'><strong><em>est</em></strong></span> <span class='ocrx_word' id='word_1_361' title='bbox 1452 4238 1517 4278; x_wconf 91' lang='lat' dir='ltr'><strong><em>ac</em></strong></span> <span class='ocrx_word' id='word_1_362' title='bbox 1547 4227 1594 4278; x_wconf 89' lang='lat' dir='ltr'><strong><em>si</em></strong></span> <span class='ocrx_word' id='word_1_363' title='bbox 1637 4227 1780 4281; x_wconf 86' lang='lat' dir='ltr'><strong><em>dicat</em></strong></span> <span class='ocrx_word' id='word_1_364' title='bbox 1817 4251 1828 4284; x_wconf 89' lang='lat'>:</span> <span class='ocrx_word' id='word_1_365' title='bbox 1875 4230 2069 4286; x_wconf 87' lang='lat' dir='ltr'><strong><em>Senior</em></strong></span> 
     </span>
    </p>
   </div>
   <div class='ocr_carea' id='block_1_48' title="bbox 490 4298 2065 4392">
    <p class='ocr_par' dir='ltr' id='par_1_48' title="bbox 490 4298 2065 4392">
     <span class='ocr_line' id='line_1_50' title="bbox 490 4298 2065 4392; baseline 0.013 -35"><span class='ocrx_word' id='word_1_366' title='bbox 490 4314 543 4357; x_wconf 87' lang='lat' dir='ltr'><strong><em>et</em></strong></span> <span class='ocrx_word' id='word_1_367' title='bbox 571 4305 858 4360; x_wconf 86' lang='lat' dir='ltr'><strong><em>multorum</em></strong></span> <span class='ocrx_word' id='word_1_368' title='bbox 892 4298 1155 4363; x_wconf 77' lang='lat' dir='ltr'><strong><em>annorum</em></strong></span> <span class='ocrx_word' id='word_1_369' title='bbox 1189 4310 1367 4368; x_wconf 80' lang='lat' dir='ltr'><strong><em>factus</em></strong></span> <span class='ocrx_word' id='word_1_370' title='bbox 1397 4329 1541 4377; x_wconf 89' lang='lat' dir='ltr'><strong><em>sum,</em></strong></span> <span class='ocrx_word' id='word_1_371' title='bbox 1582 4322 1707 4372; x_wconf 90' lang='lat' dir='ltr'><strong><em>dum</em></strong></span> <span class='ocrx_word' id='word_1_372' title='bbox 1751 4319 1894 4374; x_wconf 87' lang='lat' dir='ltr'><strong><em>inter</em></strong></span> <span class='ocrx_word' id='word_1_373' title='bbox 1921 4327 2065 4392; x_wconf 87' lang='lat' dir='ltr'><strong><em>ipsos</em></strong></span> 
     </span>
    </p>
   </div>
   <div class='ocr_carea' id='block_1_49' title="bbox 2179 455 3779 536">
    <p class='ocr_par' dir='ltr' id='par_1_49' title="bbox 2179 455 3779 536">
     <span class='ocr_line' id='line_1_51' title="bbox 2179 455 3779 536; baseline -0.008 -16"><span class='ocrx_word' id='word_1_374' title='bbox 2179 467 2389 522; x_wconf 79' lang='grc' dir='ltr'>σῶσόν</span> <span class='ocrx_word' id='word_1_375' title='bbox 2414 483 2490 536; x_wconf 82' lang='grc' dir='ltr'><strong><em>με</em></strong></span> <span class='ocrx_word' id='word_1_376' title='bbox 2517 465 2723 519; x_wconf 81' lang='grc' dir='ltr'>ἕνεκεν</span> <span class='ocrx_word' id='word_1_377' title='bbox 2757 461 2863 517; x_wconf 85' lang='grc' dir='ltr'><strong><em>τοῦ</em></strong></span> <span class='ocrx_word' id='word_1_378' title='bbox 2900 460 3110 526; x_wconf 69' lang='grc' dir='ltr'><strong><em>ἐλέους</em></strong></span> <span class='ocrx_word' id='word_1_379' title='bbox 3140 476 3279 523; x_wconf 89' lang='grc' dir='ltr'>σου,</span> <span class='ocrx_word' id='word_1_380' title='bbox 3306 475 3363 512; x_wconf 89' lang='grc' dir='ltr'><strong><em>κ.</em></strong></span> <span class='ocrx_word' id='word_1_381' title='bbox 3392 475 3443 512; x_wconf 87' lang='grc' dir='ltr'><strong>τ.</strong></span> <span class='ocrx_word' id='word_1_382' title='bbox 3475 459 3524 510; x_wconf 80' lang='grc' dir='ltr'>ὲ.</span> <span class='ocrx_word' id='word_1_383' title='bbox 3555 455 3670 511; x_wconf 80' lang='grc' dir='ltr'><strong><em>Δύο</em></strong></span> <span class='ocrx_word' id='word_1_384' title='bbox 3695 456 3779 508; x_wconf 81' lang='grc' dir='ltr'>τί-</span> 
     </span>
    </p>
   </div>
   <div class='ocr_carea' id='block_1_50' title="bbox 2181 549 3778 630">
    <p class='ocr_par' dir='ltr' id='par_1_50' title="bbox 2181 549 3778 630">
     <span class='ocr_line' id='line_1_52' title="bbox 2181 549 3778 630; baseline -0.007 -19"><span class='ocrx_word' id='word_1_385' title='bbox 2181 557 2338 630; x_wconf 87' lang='grc' dir='ltr'>θησιν</span> <span class='ocrx_word' id='word_1_386' title='bbox 2370 557 2628 619; x_wconf 77' lang='grc' dir='ltr'>ἐνταῦθα,</span> <span class='ocrx_word' id='word_1_387' title='bbox 2653 555 2763 626; x_wconf 79' lang='lat'>(33)</span> <span class='ocrx_word' id='word_1_388' title='bbox 2797 555 2856 607; x_wconf 82' lang='grc' dir='ltr'><strong><em>τὸ</em></strong></span> <span class='ocrx_word' id='word_1_389' title='bbox 2872 551 3216 625; x_wconf 77' lang='grc' dir='ltr'>ἐπιστρέψαι,</span> <span class='ocrx_word' id='word_1_390' title='bbox 3248 551 3344 604; x_wconf 73' lang='grc' dir='ltr'><strong><em>καὶ</em></strong></span> <span class='ocrx_word' id='word_1_391' title='bbox 3374 549 3654 622; x_wconf 81' lang='grc' dir='ltr'>ῥύσασθαι</span> <span class='ocrx_word' id='word_1_392' title='bbox 3675 551 3778 619; x_wconf 74' lang='grc' dir='ltr'><strong><em>τὴν</em></strong></span> 
     </span>
    </p>
   </div>
   <div class='ocr_carea' id='block_1_51' title="bbox 2179 637 3776 721">
    <p class='ocr_par' dir='ltr' id='par_1_51' title="bbox 2179 637 3776 721">
     <span class='ocr_line' id='line_1_53' title="bbox 2179 637 3776 721; baseline -0.008 -18"><span class='ocrx_word' id='word_1_393' title='bbox 2179 650 2353 721; x_wconf 78' lang='grc' dir='ltr'>ψυχὴν</span> <span class='ocrx_word' id='word_1_394' title='bbox 2383 649 2566 702; x_wconf 80' lang='grc' dir='ltr'>αὑτοῦ.</span> <span class='ocrx_word' id='word_1_395' title='bbox 2604 647 2676 701; x_wconf 79' lang='grc' dir='ltr'><strong><em>Τὸ</em></strong></span> <span class='ocrx_word' id='word_1_396' title='bbox 2707 646 2816 717; x_wconf 76' lang='grc' dir='ltr'><strong><em>γάρ</em></strong></span> <span class='ocrx_word' id='word_1_397' title='bbox 2845 645 3075 716; x_wconf 90' lang='grc' dir='ltr'>μάλιστα</span> <span class='ocrx_word' id='word_1_398' title='bbox 3094 643 3205 707; x_wconf 83' lang='grc' dir='ltr'>τοῖς</span> <span class='ocrx_word' id='word_1_399' title='bbox 3237 643 3466 706; x_wconf 87' lang='grc' dir='ltr'>δικαίοις</span> <span class='ocrx_word' id='word_1_400' title='bbox 3495 637 3566 713; x_wconf 83' lang='grc' dir='ltr'>ἦν</span> <span class='ocrx_word' id='word_1_401' title='bbox 3609 657 3776 712; x_wconf 78' lang='grc' dir='ltr'>περι-</span> 
     </span>
    </p>
   </div>
   <div class='ocr_carea' id='block_1_52' title="bbox 2183 729 3778 810">
    <p class='ocr_par' dir='ltr' id='par_1_52' title="bbox 2183 729 3778 810">
     <span class='ocr_line' id='line_1_54' title="bbox 2183 729 3778 810; baseline -0.006 -14"><span class='ocrx_word' id='word_1_402' title='bbox 2183 742 2532 796; x_wconf 82' lang='grc' dir='ltr'>σπούδαστον.</span> <span class='ocrx_word' id='word_1_403' title='bbox 2561 758 2578 791; x_wconf 82' lang='grc' dir='ltr'><strong><em>ι</em></strong></span> <span class='ocrx_word' id='word_1_404' title='bbox 2603 737 2980 810; x_wconf 66' lang='grc' dir='ltr'>Ἐπίστρεψον,</span> <span class='ocrx_word' id='word_1_405' title='bbox 3007 754 3026 788; x_wconf 74' lang='grc' dir='ltr'><strong><em>ι</em></strong></span> <span class='ocrx_word' id='word_1_406' title='bbox 3061 729 3192 798; x_wconf 75' lang='grc' dir='ltr'>οἷον,</span> <span class='ocrx_word' id='word_1_407' title='bbox 3217 732 3306 797; x_wconf 68' lang='lat' dir='ltr'><strong><em>Et;</em></strong></span> <span class='ocrx_word' id='word_1_408' title='bbox 3331 734 3430 806; x_wconf 81' lang='grc' dir='ltr'><strong><em>τὴν</em></strong></span> <span class='ocrx_word' id='word_1_409' title='bbox 3455 733 3778 804; x_wconf 75' lang='grc' dir='ltr'>οἰκειότητα</span> 
     </span>
    </p>
   </div>
   <div class='ocr_carea' id='block_1_53' title="bbox 2181 821 3777 900">
    <p class='ocr_par' dir='ltr' id='par_1_53' title="bbox 2181 821 3777 900">
     <span class='ocr_line' id='line_1_55' title="bbox 2181 821 3777 900; baseline -0.008 -14"><span class='ocrx_word' id='word_1_410' title='bbox 2181 829 2649 900; x_wconf 78' lang='grc' dir='ltr'><strong><em>ἀποκατάστησον.</em></strong></span> <span class='ocrx_word' id='word_1_411' title='bbox 2686 827 2845 881; x_wconf 74' lang='grc' dir='ltr'>Ἀλλὰ</span> <span class='ocrx_word' id='word_1_412' title='bbox 2875 826 2967 879; x_wconf 76' lang='grc' dir='ltr'><strong><em>καὶ</em></strong></span> <span class='ocrx_word' id='word_1_413' title='bbox 2997 822 3158 894; x_wconf 76' lang='grc' dir='ltr'>ῥῦσαι</span> <span class='ocrx_word' id='word_1_414' title='bbox 3201 825 3257 877; x_wconf 78' lang='grc' dir='ltr'>ὲν</span> <span class='ocrx_word' id='word_1_415' title='bbox 3289 822 3572 894; x_wconf 84' lang='grc' dir='ltr'>πολεμίοις</span> <span class='ocrx_word' id='word_1_416' title='bbox 3601 821 3777 894; x_wconf 71' lang='grc' dir='ltr'>αὑτὴν</span> 
     </span>
    </p>
   </div>
   <div class='ocr_carea' id='block_1_54' title="bbox 2179 915 3778 994">
    <p class='ocr_par' dir='ltr' id='par_1_54' title="bbox 2179 915 3778 994">
     <span class='ocr_line' id='line_1_56' title="bbox 2179 915 3778 994; baseline -0.008 -15"><span class='ocrx_word' id='word_1_417' title='bbox 2179 922 2364 980; x_wconf 76' lang='grc' dir='ltr'>οὖσαν.</span> <span class='ocrx_word' id='word_1_418' title='bbox 2405 922 2786 994; x_wconf 77' lang='grc' dir='ltr'>’Λπεστράφης</span> <span class='ocrx_word' id='word_1_419' title='bbox 2806 920 2894 974; x_wconf 82' lang='grc' dir='ltr'>διὰ</span> <span class='ocrx_word' id='word_1_420' title='bbox 2920 919 3019 984; x_wconf 83' lang='grc' dir='ltr'><strong><em>τάς</em></strong></span> <span class='ocrx_word' id='word_1_421' title='bbox 3049 917 3321 990; x_wconf 82' lang='grc' dir='ltr'>ἁμαρτίας</span> <span class='ocrx_word' id='word_1_422' title='bbox 3359 933 3480 988; x_wconf 87' lang='grc' dir='ltr'>μου,</span> <span class='ocrx_word' id='word_1_423' title='bbox 3511 915 3778 988; x_wconf 70' lang='grc' dir='ltr'>ἐπίστρε-</span> 
     </span>
    </p>
   </div>
   <div class='ocr_carea' id='block_1_55' title="bbox 2180 1009 3781 1089">
    <p class='ocr_par' dir='ltr' id='par_1_55' title="bbox 2180 1009 3781 1089">
     <span class='ocr_line' id='line_1_57' title="bbox 2180 1009 3781 1089; baseline -0.006 -17"><span class='ocrx_word' id='word_1_424' title='bbox 2180 1018 2280 1089; x_wconf 77' lang='grc' dir='ltr'><strong><em>ψον</em></strong></span> <span class='ocrx_word' id='word_1_425' title='bbox 2315 1015 2402 1070; x_wconf 77' lang='grc' dir='ltr'><strong><em>διὰ</em></strong></span> <span class='ocrx_word' id='word_1_426' title='bbox 2435 1015 2532 1087; x_wconf 82' lang='grc' dir='ltr'>τὴν</span> <span class='ocrx_word' id='word_1_427' title='bbox 2577 1013 2985 1086; x_wconf 76' lang='grc' dir='ltr'><strong><em>φιλανθρωπίαν</em></strong></span> <span class='ocrx_word' id='word_1_428' title='bbox 3017 1028 3132 1076; x_wconf 88' lang='grc' dir='ltr'>σου,</span> <span class='ocrx_word' id='word_1_429' title='bbox 3182 1011 3276 1064; x_wconf 79' lang='grc' dir='ltr'><strong><em>καὶ</em></strong></span> <span class='ocrx_word' id='word_1_430' title='bbox 3310 1009 3448 1081; x_wconf 81' lang='grc' dir='ltr'>πρὸς</span> <span class='ocrx_word' id='word_1_431' title='bbox 3480 1009 3781 1063; x_wconf 72' lang='grc' dir='ltr'><strong><em>παίδευσιν</em></strong></span> 
     </span>
    </p>
   </div>
   <div class='ocr_carea' id='block_1_56' title="bbox 2182 1108 2977 1180">
    <p class='ocr_par' dir='ltr' id='par_1_56' title="bbox 2182 1108 2977 1180">
     <span class='ocr_line' id='line_1_58' title="bbox 2182 1108 2977 1180; baseline -0.008 -17"><span class='ocrx_word' id='word_1_432' title='bbox 2182 1110 2363 1172; x_wconf 77' lang='grc' dir='ltr'>ἐνδούς</span> <span class='ocrx_word' id='word_1_433' title='bbox 2399 1126 2466 1180; x_wconf 90' lang='grc' dir='ltr'><strong><em>με</em></strong></span> <span class='ocrx_word' id='word_1_434' title='bbox 2491 1110 2600 1172; x_wconf 81' lang='grc' dir='ltr'>τοῖς</span> <span class='ocrx_word' id='word_1_435' title='bbox 2635 1108 2977 1178; x_wconf 79' lang='grc' dir='ltr'>πειρασμοῖς.</span> 
     </span>
    </p>
   </div>
   <div class='ocr_carea' id='block_1_57' title="bbox 2255 1191 3780 1263">
    <p class='ocr_par' dir='ltr' id='par_1_57' title="bbox 2255 1191 3780 1263">
     <span class='ocr_line' id='line_1_59' title="bbox 2255 1191 3780 1263; baseline -0.008 -9"><span class='ocrx_word' id='word_1_436' title='bbox 2255 1201 2380 1254; x_wconf 79' lang='grc' dir='ltr'>Ὀτι</span> <span class='ocrx_word' id='word_1_437' title='bbox 2419 1201 2530 1254; x_wconf 81' lang='grc' dir='ltr'>οὐκ</span> <span class='ocrx_word' id='word_1_438' title='bbox 2583 1197 2755 1252; x_wconf 79' lang='grc' dir='ltr'>ἐστιν</span> <span class='ocrx_word' id='word_1_439' title='bbox 2791 1197 2860 1252; x_wconf 82' lang='grc' dir='ltr'><strong><em>ἐν</em></strong></span> <span class='ocrx_word' id='word_1_440' title='bbox 2909 1195 2987 1263; x_wconf 87' lang='grc' dir='ltr'>τῷ</span> <span class='ocrx_word' id='word_1_441' title='bbox 3034 1193 3270 1261; x_wconf 77' lang='grc' dir='ltr'>θανάτῳ</span> <span class='ocrx_word' id='word_1_442' title='bbox 3309 1195 3342 1248; x_wconf 83' lang='grc' dir='ltr'><strong><em>ό</em></strong></span> <span class='ocrx_word' id='word_1_443' title='bbox 3368 1191 3780 1262; x_wconf 67' lang='grc' dir='ltr'><strong><em>μνημονεύων</em></strong></span> 
     </span>
    </p>
   </div>
   <div class='ocr_carea' id='block_1_58' title="bbox 2182 1282 3772 1358">
    <p class='ocr_par' dir='ltr' id='par_1_58' title="bbox 2182 1282 3772 1358">
     <span class='ocr_line' id='line_1_60' title="bbox 2182 1282 3772 1358; baseline -0.01 -10"><span class='ocrx_word' id='word_1_444' title='bbox 2182 1309 2320 1358; x_wconf 85' lang='grc' dir='ltr'>σου,</span> <span class='ocrx_word' id='word_1_445' title='bbox 2338 1293 2408 1347; x_wconf 78' lang='grc' dir='ltr'><strong><em>ἐν</em></strong></span> <span class='ocrx_word' id='word_1_446' title='bbox 2433 1290 2501 1344; x_wconf 80' lang='grc' dir='ltr'>δὲ</span> <span class='ocrx_word' id='word_1_447' title='bbox 2523 1289 2604 1357; x_wconf 85' lang='grc' dir='ltr'>τῷ</span> <span class='ocrx_word' id='word_1_448' title='bbox 2623 1289 2736 1358; x_wconf 82' lang='grc' dir='ltr'><strong><em>ᾄδῃ</em></strong></span> <span class='ocrx_word' id='word_1_449' title='bbox 2765 1288 2858 1355; x_wconf 85' lang='grc' dir='ltr'><strong><em>τίς</em></strong></span> <span class='ocrx_word' id='word_1_450' title='bbox 2889 1284 3400 1357; x_wconf 72' lang='grc' dir='ltr'>ὲξομολογήσεταί</span> <span class='ocrx_word' id='word_1_451' title='bbox 3413 1299 3514 1336; x_wconf 84' lang='grc' dir='ltr'><strong><em>σοι</em></strong></span> <span class='ocrx_word' id='word_1_452' title='bbox 3533 1298 3552 1345; x_wconf 86' lang='grc'><em>;</em></span> <span class='ocrx_word' id='word_1_453' title='bbox 3571 1299 3632 1334; x_wconf 87' lang='grc' dir='ltr'><strong><em>κ.</em></strong></span> <span class='ocrx_word' id='word_1_454' title='bbox 3653 1298 3704 1333; x_wconf 89' lang='grc' dir='ltr'><strong><em>τ.</em></strong></span> <span class='ocrx_word' id='word_1_455' title='bbox 3726 1282 3772 1334; x_wconf 77' lang='grc' dir='ltr'>ὲ.</span> 
     </span>
    </p>
   </div>
   <div class='ocr_carea' id='block_1_59' title="bbox 2194 1373 3774 1457">
    <p class='ocr_par' dir='ltr' id='par_1_59' title="bbox 2194 1373 3774 1457">
     <span class='ocr_line' id='line_1_61' title="bbox 2194 1373 3774 1457; baseline -0.01 -16"><span class='ocrx_word' id='word_1_456' title='bbox 2194 1387 2252 1442; x_wconf 75' lang='grc' dir='ltr'><strong>Ὀ</strong></span> <span class='ocrx_word' id='word_1_457' title='bbox 2279 1382 2632 1457; x_wconf 80' lang='grc' dir='ltr'><strong><em>μνημονεύων</em></strong></span> <span class='ocrx_word' id='word_1_458' title='bbox 2659 1381 2770 1452; x_wconf 73' lang='grc'><strong><em>(54)</em></strong></span> <span class='ocrx_word' id='word_1_459' title='bbox 2802 1380 2937 1433; x_wconf 88' lang='grc' dir='ltr'>Θεοῦ</span> <span class='ocrx_word' id='word_1_460' title='bbox 2966 1379 3057 1433; x_wconf 92' lang='grc' dir='ltr'><strong><em>τοῦ</em></strong></span> <span class='ocrx_word' id='word_1_461' title='bbox 3089 1378 3357 1447; x_wconf 82' lang='grc' dir='ltr'>λέγοντος·</span> <span class='ocrx_word' id='word_1_462' title='bbox 3383 1394 3402 1428; x_wconf 76' lang='grc' dir='ltr'><strong><em>ι</em></strong></span> <span class='ocrx_word' id='word_1_463' title='bbox 3424 1373 3569 1444; x_wconf 85' lang='grc' dir='ltr'><strong><em>Ἐγώ</em></strong></span> <span class='ocrx_word' id='word_1_464' title='bbox 3594 1375 3718 1444; x_wconf 73' lang='grc' dir='ltr'>εἶμι</span> <span class='ocrx_word' id='word_1_465' title='bbox 3739 1374 3774 1443; x_wconf 69' lang='grc' dir='ltr'><strong>ἡ</strong></span> 
     </span>
    </p>
   </div>
   <div class='ocr_carea' id='block_1_60' title="bbox 2183 1465 3776 1548">
    <p class='ocr_par' dir='ltr' id='par_1_60' title="bbox 2183 1465 3776 1548">
     <span class='ocr_line' id='line_1_62' title="bbox 2183 1465 3776 1548; baseline -0.009 -17"><span class='ocrx_word' id='word_1_466' title='bbox 2183 1477 2319 1548; x_wconf 81' lang='grc' dir='ltr'><strong><em>ζωὴ,</em></strong></span> <span class='ocrx_word' id='word_1_467' title='bbox 2348 1497 2366 1528; x_wconf 74' lang='grc' dir='ltr'><strong><em>ι</em></strong></span> <span class='ocrx_word' id='word_1_468' title='bbox 2390 1475 2491 1530; x_wconf 79' lang='grc' dir='ltr'><strong><em>οὐκ</em></strong></span> <span class='ocrx_word' id='word_1_469' title='bbox 2525 1473 2668 1528; x_wconf 79' lang='grc' dir='ltr'>ἔστιν</span> <span class='ocrx_word' id='word_1_470' title='bbox 2705 1475 2760 1526; x_wconf 82' lang='grc' dir='ltr'>ὲν</span> <span class='ocrx_word' id='word_1_471' title='bbox 2787 1471 2864 1544; x_wconf 77' lang='grc' dir='ltr'>τῷ</span> <span class='ocrx_word' id='word_1_472' title='bbox 2889 1472 3122 1542; x_wconf 80' lang='grc' dir='ltr'><strong><em>θανάτῳ.</em></strong></span> <span class='ocrx_word' id='word_1_473' title='bbox 3155 1471 3269 1524; x_wconf 75' lang='grc' dir='ltr'>Οὐκ</span> <span class='ocrx_word' id='word_1_474' title='bbox 3301 1469 3445 1522; x_wconf 78' lang='grc' dir='ltr'>ἔστιν</span> <span class='ocrx_word' id='word_1_475' title='bbox 3472 1469 3532 1519; x_wconf 87' lang='grc' dir='ltr'>ὲν</span> <span class='ocrx_word' id='word_1_476' title='bbox 3563 1465 3652 1536; x_wconf 79' lang='grc' dir='ltr'>τῷ</span> <span class='ocrx_word' id='word_1_477' title='bbox 3687 1465 3776 1519; x_wconf 78' lang='grc' dir='ltr'>θα-</span> 
     </span>
    </p>
   </div>
   <div class='ocr_carea' id='block_1_61' title="bbox 2183 1556 3776 1640">
    <p class='ocr_par' dir='ltr' id='par_1_61' title="bbox 2183 1556 3776 1640">
     <span class='ocr_line' id='line_1_63' title="bbox 2183 1556 3776 1640; baseline -0.008 -17"><span class='ocrx_word' id='word_1_478' title='bbox 2183 1568 2328 1640; x_wconf 85' lang='grc' dir='ltr'>νάτῳ</span> <span class='ocrx_word' id='word_1_479' title='bbox 2354 1566 2431 1638; x_wconf 82' lang='grc' dir='ltr'><strong><em>τῷ</em></strong></span> <span class='ocrx_word' id='word_1_480' title='bbox 2459 1566 2671 1638; x_wconf 78' lang='grc' dir='ltr'><strong><em>ἐσχάτῳ</em></strong></span> <span class='ocrx_word' id='word_1_481' title='bbox 2703 1563 2878 1636; x_wconf 74' lang='grc' dir='ltr'>ἐχθρῷ</span> <span class='ocrx_word' id='word_1_482' title='bbox 2912 1562 3048 1617; x_wconf 87' lang='grc' dir='ltr'>Θεοῦ</span> <span class='ocrx_word' id='word_1_483' title='bbox 3090 1561 3410 1632; x_wconf 81' lang='grc' dir='ltr'>τυγχάνοντι</span> <span class='ocrx_word' id='word_1_484' title='bbox 3457 1556 3776 1630; x_wconf 78' lang='grc' dir='ltr'>μεμνῆσθαί</span> 
     </span>
    </p>
   </div>
   <div class='ocr_carea' id='block_1_62' title="bbox 2187 1651 3774 1732">
    <p class='ocr_par' dir='ltr' id='par_1_62' title="bbox 2187 1651 3774 1732">
     <span class='ocr_line' id='line_1_64' title="bbox 2187 1651 3774 1732; baseline -0.008 -17"><span class='ocrx_word' id='word_1_485' title='bbox 2187 1679 2314 1715; x_wconf 83' lang='grc' dir='ltr'>σου·</span> <span class='ocrx_word' id='word_1_486' title='bbox 2344 1660 2422 1715; x_wconf 81' lang='grc' dir='ltr'><strong><em>διὸ</em></strong></span> <span class='ocrx_word' id='word_1_487' title='bbox 2457 1659 2617 1732; x_wconf 75' lang='grc' dir='ltr'>ῥῦσαί</span> <span class='ocrx_word' id='word_1_488' title='bbox 2660 1675 2726 1730; x_wconf 90' lang='grc' dir='ltr'><strong><em>με</em></strong></span> <span class='ocrx_word' id='word_1_489' title='bbox 2768 1659 2863 1712; x_wconf 85' lang='grc' dir='ltr'><strong><em>ἀπ’</em></strong></span> <span class='ocrx_word' id='word_1_490' title='bbox 2892 1654 3078 1721; x_wconf 80' lang='grc' dir='ltr'>αὑτοῦ,</span> <span class='ocrx_word' id='word_1_491' title='bbox 3113 1655 3202 1708; x_wconf 83' lang='grc' dir='ltr'><strong><em>ἵνα</em></strong></span> <span class='ocrx_word' id='word_1_492' title='bbox 3242 1652 3404 1708; x_wconf 89' lang='grc' dir='ltr'>πάλιν</span> <span class='ocrx_word' id='word_1_493' title='bbox 3437 1651 3774 1722; x_wconf 75' lang='grc' dir='ltr'>μνημονεύω</span> 
     </span>
    </p>
   </div>
   <div class='ocr_carea' id='block_1_63' title="bbox 2113 1738 3774 1820">
    <p class='ocr_par' dir='ltr' id='par_1_63' title="bbox 2113 1738 3774 1820">
     <span class='ocr_line' id='line_1_65' title="bbox 2113 1738 3774 1820; baseline -0.008 -12"><span class='ocrx_word' id='word_1_494' title='bbox 2113 1738 2155 1792; x_wconf 72' lang='grc' dir='ltr'><strong>Β</strong></span> <span class='ocrx_word' id='word_1_495' title='bbox 2185 1772 2300 1807; x_wconf 84' lang='grc' dir='ltr'>σου.</span> <span class='ocrx_word' id='word_1_496' title='bbox 2334 1751 2432 1807; x_wconf 83' lang='grc' dir='ltr'>Διά</span> <span class='ocrx_word' id='word_1_497' title='bbox 2459 1752 2616 1806; x_wconf 90' lang='grc' dir='ltr'>τοῦτο</span> <span class='ocrx_word' id='word_1_498' title='bbox 2653 1749 2710 1804; x_wconf 82' lang='grc' dir='ltr'>δὲ</span> <span class='ocrx_word' id='word_1_499' title='bbox 2747 1749 2842 1805; x_wconf 69' lang='grc' dir='ltr'>καὶ</span> <span class='ocrx_word' id='word_1_500' title='bbox 2869 1751 2918 1802; x_wconf 84' lang='lat' dir='ltr'><strong><em>ot</em></strong></span> <span class='ocrx_word' id='word_1_501' title='bbox 2954 1747 3059 1820; x_wconf 80' lang='grc' dir='ltr'><strong><em>πρὸ</em></strong></span> <span class='ocrx_word' id='word_1_502' title='bbox 3091 1745 3324 1799; x_wconf 84' lang='grc' dir='ltr'>θανάτου</span> <span class='ocrx_word' id='word_1_503' title='bbox 3355 1743 3774 1816; x_wconf 80' lang='grc' dir='ltr'>ἁμαρτάνοντες</span> 
     </span>
    </p>
   </div>
   <div class='ocr_carea' id='block_1_64' title="bbox 2183 1835 3774 1916">
    <p class='ocr_par' dir='ltr' id='par_1_64' title="bbox 2183 1835 3774 1916">
     <span class='ocr_line' id='line_1_66' title="bbox 2183 1835 3774 1916; baseline -0.008 -18"><span class='ocrx_word' id='word_1_504' title='bbox 2183 1845 2242 1898; x_wconf 78' lang='grc' dir='ltr'><strong><em>οὐ</em></strong></span> <span class='ocrx_word' id='word_1_505' title='bbox 2279 1845 2580 1916; x_wconf 80' lang='grc' dir='ltr'>μέμνηνται</span> <span class='ocrx_word' id='word_1_506' title='bbox 2621 1841 2714 1895; x_wconf 90' lang='grc' dir='ltr'><strong><em>τοῦ</em></strong></span> <span class='ocrx_word' id='word_1_507' title='bbox 2761 1840 2918 1896; x_wconf 88' lang='grc' dir='ltr'>Θεοῦ.</span> <span class='ocrx_word' id='word_1_508' title='bbox 2951 1839 3110 1892; x_wconf 84' lang='grc' dir='ltr'>Ἤτοι</span> <span class='ocrx_word' id='word_1_509' title='bbox 3144 1839 3202 1891; x_wconf 77' lang='grc' dir='ltr'>ὲν</span> <span class='ocrx_word' id='word_1_510' title='bbox 3236 1836 3339 1910; x_wconf 74' lang='grc' dir='ltr'><strong><em>ᾄδῃ</em></strong></span> <span class='ocrx_word' id='word_1_511' title='bbox 3371 1835 3548 1900; x_wconf 74' lang='grc' dir='ltr'>οὐδεὶς</span> <span class='ocrx_word' id='word_1_512' title='bbox 3582 1835 3774 1906; x_wconf 78' lang='grc' dir='ltr'>ἐξομο-</span> 
     </span>
    </p>
   </div>
   <div class='ocr_carea' id='block_1_65' title="bbox 2183 1924 3772 2005">
    <p class='ocr_par' dir='ltr' id='par_1_65' title="bbox 2183 1924 3772 2005">
     <span class='ocr_line' id='line_1_67' title="bbox 2183 1924 3772 2005; baseline -0.006 -17"><span class='ocrx_word' id='word_1_513' title='bbox 2183 1935 2495 2005; x_wconf 86' lang='grc' dir='ltr'>λογήσεται,</span> <span class='ocrx_word' id='word_1_514' title='bbox 2551 1931 2584 2005; x_wconf 81' lang='grc' dir='ltr'>ἢ</span> <span class='ocrx_word' id='word_1_515' title='bbox 2622 1931 2765 1985; x_wconf 87' lang='grc' dir='ltr'>πάνυ</span> <span class='ocrx_word' id='word_1_516' title='bbox 2809 1929 2997 1998; x_wconf 86' lang='grc' dir='ltr'>ὀλίγοι·</span> <span class='ocrx_word' id='word_1_517' title='bbox 3027 1927 3188 1981; x_wconf 90' lang='grc' dir='ltr'>τοῦτο</span> <span class='ocrx_word' id='word_1_518' title='bbox 3225 1927 3334 1998; x_wconf 83' lang='grc' dir='ltr'>γὰρ</span> <span class='ocrx_word' id='word_1_519' title='bbox 3370 1924 3635 1996; x_wconf 77' lang='grc' dir='ltr'><strong><em>ἐμφαίνει</em></strong></span> <span class='ocrx_word' id='word_1_520' title='bbox 3665 1925 3772 1978; x_wconf 69' lang='grc' dir='ltr'><strong><em>ἀπὸ</em></strong></span> 
     </span>
    </p>
   </div>
   <div class='ocr_carea' id='block_1_66' title="bbox 2163 1998 3772 2100">
    <p class='ocr_par' dir='ltr' id='par_1_66' title="bbox 2163 1998 3772 2100">
     <span class='ocr_line' id='line_1_68' title="bbox 2163 1998 3772 2100; baseline -0.007 -17"><span class='ocrx_word' id='word_1_521' title='bbox 2163 1998 2406 2100; x_wconf 43' lang='grc' dir='ltr'>τιαῦτίης,</span> <span class='ocrx_word' id='word_1_522' title='bbox 2457 1998 2810 2097; x_wconf 24' lang='grc' dir='ltr'>καὶγμήποτε</span> <span class='ocrx_word' id='word_1_523' title='bbox 2851 2024 2939 2078; x_wconf 82' lang='grc' dir='ltr'><strong><em>διὰ</em></strong></span> <span class='ocrx_word' id='word_1_524' title='bbox 2986 2023 3082 2077; x_wconf 82' lang='grc' dir='ltr'>τόο</span> <span class='ocrx_word' id='word_1_525' title='bbox 3127 2040 3146 2073; x_wconf 75' lang='grc' dir='ltr'><strong><em>ι</em></strong></span> <span class='ocrx_word' id='word_1_526' title='bbox 3181 2020 3410 2074; x_wconf 84' lang='grc' dir='ltr'>Ἐλθέτω</span> <span class='ocrx_word' id='word_1_527' title='bbox 3438 2018 3508 2090; x_wconf 78' lang='grc' dir='ltr'>δὴ</span> <span class='ocrx_word' id='word_1_528' title='bbox 3541 2018 3772 2082; x_wconf 75' lang='grc' dir='ltr'>Θάνατος</span> 
     </span>
    </p>
   </div>
   <div class='ocr_carea' id='block_1_67' title="bbox 2184 2111 3771 2189">
    <p class='ocr_par' dir='ltr' id='par_1_67' title="bbox 2184 2111 3771 2189">
     <span class='ocr_line' id='line_1_69' title="bbox 2184 2111 3771 2189; baseline -0.008 -14"><span class='ocrx_word' id='word_1_529' title='bbox 2184 2123 2269 2175; x_wconf 76' lang='grc' dir='ltr'><strong><em>ἐπ’</em></strong></span> <span class='ocrx_word' id='word_1_530' title='bbox 2302 2123 2516 2185; x_wconf 77' lang='grc' dir='ltr'>αὐτοὺς,</span> <span class='ocrx_word' id='word_1_531' title='bbox 2551 2119 2644 2175; x_wconf 75' lang='grc' dir='ltr'><strong><em>καὶ</em></strong></span> <span class='ocrx_word' id='word_1_532' title='bbox 2680 2117 3075 2189; x_wconf 77' lang='grc' dir='ltr'>καταϐήτωσαν</span> <span class='ocrx_word' id='word_1_533' title='bbox 3113 2116 3194 2179; x_wconf 85' lang='grc' dir='ltr'><strong><em>είς</em></strong></span> <span class='ocrx_word' id='word_1_534' title='bbox 3224 2114 3353 2186; x_wconf 73' lang='grc' dir='ltr'>ᾅδου</span> <span class='ocrx_word' id='word_1_535' title='bbox 3385 2111 3616 2179; x_wconf 82' lang='grc' dir='ltr'>ζῶντες.</span> <span class='ocrx_word' id='word_1_536' title='bbox 3649 2131 3670 2164; x_wconf 70' lang='grc' dir='ltr'><strong><em>ι</em></strong></span> <span class='ocrx_word' id='word_1_537' title='bbox 3709 2112 3771 2164; x_wconf 84' lang='grc' dir='ltr'>Οί</span> 
     </span>
    </p>
   </div>
   <div class='ocr_carea' id='block_1_68' title="bbox 2182 2201 3771 2283">
    <p class='ocr_par' dir='ltr' id='par_1_68' title="bbox 2182 2201 3771 2283">
     <span class='ocr_line' id='line_1_70' title="bbox 2182 2201 3771 2283; baseline -0.008 -17"><span class='ocrx_word' id='word_1_538' title='bbox 2182 2212 2382 2278; x_wconf 79' lang='grc' dir='ltr'>ζῶντες</span> <span class='ocrx_word' id='word_1_539' title='bbox 2414 2214 2493 2276; x_wconf 86' lang='grc' dir='ltr'>εἰς</span> <span class='ocrx_word' id='word_1_540' title='bbox 2525 2211 2650 2283; x_wconf 72' lang='grc' dir='ltr'>ᾅδου</span> <span class='ocrx_word' id='word_1_541' title='bbox 2691 2208 3110 2271; x_wconf 77' lang='grc' dir='ltr'>καταϐαίνοντες</span> <span class='ocrx_word' id='word_1_542' title='bbox 3166 2201 3477 2276; x_wconf 82' lang='grc' dir='ltr'>μεμνῆσθαι</span> <span class='ocrx_word' id='word_1_543' title='bbox 3515 2202 3771 2256; x_wconf 80' lang='grc' dir='ltr'>δύνανται</span> 
     </span>
    </p>
   </div>
   <div class='ocr_carea' id='block_1_69' title="bbox 2181 2294 3772 2370">
    <p class='ocr_par' dir='ltr' id='par_1_69' title="bbox 2181 2294 3772 2370">
     <span class='ocr_line' id='line_1_71' title="bbox 2181 2294 3772 2370; baseline -0.008 -12"><span class='ocrx_word' id='word_1_544' title='bbox 2181 2304 2274 2358; x_wconf 93' lang='grc' dir='ltr'><strong><em>τοῦ</em></strong></span> <span class='ocrx_word' id='word_1_545' title='bbox 2309 2303 2444 2357; x_wconf 86' lang='grc' dir='ltr'>Θεοῦ</span> <span class='ocrx_word' id='word_1_546' title='bbox 2479 2302 2554 2366; x_wconf 82' lang='grc' dir='ltr'>ὡς</span> <span class='ocrx_word' id='word_1_547' title='bbox 2583 2303 2684 2356; x_wconf 83' lang='grc' dir='ltr'><strong><em>οὑκ</em></strong></span> <span class='ocrx_word' id='word_1_548' title='bbox 2726 2301 2879 2364; x_wconf 73' lang='grc' dir='ltr'>ὄντες</span> <span class='ocrx_word' id='word_1_549' title='bbox 2909 2301 2965 2353; x_wconf 85' lang='grc' dir='ltr'>ὲν</span> <span class='ocrx_word' id='word_1_550' title='bbox 2995 2299 3074 2370; x_wconf 82' lang='grc' dir='ltr'>τῷ</span> <span class='ocrx_word' id='word_1_551' title='bbox 3119 2297 3354 2363; x_wconf 87' lang='grc' dir='ltr'>θανάτω,</span> <span class='ocrx_word' id='word_1_552' title='bbox 3386 2296 3482 2350; x_wconf 75' lang='grc' dir='ltr'><strong><em>καὶ</em></strong></span> <span class='ocrx_word' id='word_1_553' title='bbox 3515 2294 3772 2366; x_wconf 75' lang='grc' dir='ltr'>ἐξομολο-</span> 
     </span>
    </p>
   </div>
   <div class='ocr_carea' id='block_1_70' title="bbox 2181 2394 2596 2466">
    <p class='ocr_par' dir='ltr' id='par_1_70' title="bbox 2181 2394 2596 2466">
     <span class='ocr_line' id='line_1_72' title="bbox 2181 2394 2596 2466; baseline -0.007 -16"><span class='ocrx_word' id='word_1_554' title='bbox 2181 2397 2395 2466; x_wconf 83' lang='grc' dir='ltr'>γεῖσθαι</span> <span class='ocrx_word' id='word_1_555' title='bbox 2426 2394 2596 2466; x_wconf 82' lang='grc' dir='ltr'>αὐτῷ.</span> 
     </span>
    </p>
   </div>
   <div class='ocr_carea' id='block_1_71' title="bbox 2263 2477 3769 2555">
    <p class='ocr_par' dir='ltr' id='par_1_71' title="bbox 2263 2477 3769 2555">
     <span class='ocr_line' id='line_1_73' title="bbox 2263 2477 3769 2555; baseline -0.005 -13"><span class='ocrx_word' id='word_1_556' title='bbox 2263 2477 2586 2543; x_wconf 66' lang='grc' dir='ltr'>Ἑκοὲτίασα</span> <span class='ocrx_word' id='word_1_557' title='bbox 2611 2488 2682 2541; x_wconf 77' lang='grc' dir='ltr'><strong><em>ἐν</em></strong></span> <span class='ocrx_word' id='word_1_558' title='bbox 2711 2485 2790 2552; x_wconf 84' lang='grc' dir='ltr'>τῷ</span> <span class='ocrx_word' id='word_1_559' title='bbox 2823 2484 3136 2555; x_wconf 78' lang='grc' dir='ltr'>στεναγμῷ</span> <span class='ocrx_word' id='word_1_560' title='bbox 3152 2501 3294 2554; x_wconf 85' lang='grc' dir='ltr'>μου,</span> <span class='ocrx_word' id='word_1_561' title='bbox 3323 2501 3378 2538; x_wconf 85' lang='grc' dir='ltr'><strong><em>κ.</em></strong></span> <span class='ocrx_word' id='word_1_562' title='bbox 3405 2500 3456 2537; x_wconf 87' lang='grc' dir='ltr'>τ.</span> <span class='ocrx_word' id='word_1_563' title='bbox 3492 2485 3538 2537; x_wconf 85' lang='grc' dir='ltr'>ὲ.</span> <span class='ocrx_word' id='word_1_564' title='bbox 3577 2480 3769 2536; x_wconf 74' lang='grc' dir='ltr'>Τοιοῦ-</span> 
     </span>
    </p>
   </div>
   <div class='ocr_carea' id='block_1_72' title="bbox 2180 2575 3770 2651">
    <p class='ocr_par' dir='ltr' id='par_1_72' title="bbox 2180 2575 3770 2651">
     <span class='ocr_line' id='line_1_74' title="bbox 2180 2575 3770 2651; baseline -0.004 -16"><span class='ocrx_word' id='word_1_565' title='bbox 2180 2599 2269 2635; x_wconf 88' lang='grc' dir='ltr'><strong><em>τον</em></strong></span> <span class='ocrx_word' id='word_1_566' title='bbox 2304 2579 2605 2651; x_wconf 84' lang='grc' dir='ltr'>στεναγμὸν</span> <span class='ocrx_word' id='word_1_567' title='bbox 2645 2578 2757 2649; x_wconf 81' lang='lat'>(35)</span> <span class='ocrx_word' id='word_1_568' title='bbox 2805 2577 2854 2631; x_wconf 84' lang='grc' dir='ltr'>οἱ</span> <span class='ocrx_word' id='word_1_569' title='bbox 2903 2577 3011 2630; x_wconf 74' lang='grc' dir='ltr'>υἱοὶ</span> <span class='ocrx_word' id='word_1_570' title='bbox 3064 2575 3282 2649; x_wconf 80' lang='grc' dir='ltr'>Ἰσραὴλ</span> <span class='ocrx_word' id='word_1_571' title='bbox 3310 2575 3674 2640; x_wconf 82' lang='grc' dir='ltr'>στενάξαντες</span> <span class='ocrx_word' id='word_1_572' title='bbox 3711 2576 3770 2629; x_wconf 74' lang='grc' dir='ltr'>ἐν</span> 
     </span>
    </p>
   </div>
   <div class='ocr_carea' id='block_1_73' title="bbox 2178 2665 3770 2742">
    <p class='ocr_par' dir='ltr' id='par_1_73' title="bbox 2178 2665 3770 2742">
     <span class='ocr_line' id='line_1_75' title="bbox 2178 2665 3770 2742; baseline -0.004 -18"><span class='ocrx_word' id='word_1_573' title='bbox 2178 2671 2457 2742; x_wconf 78' lang='grc' dir='ltr'>Αἰγύπτῳ,</span> <span class='ocrx_word' id='word_1_574' title='bbox 2488 2667 2940 2739; x_wconf 78' lang='grc' dir='ltr'>εἰσηκούσθησαν.</span> <span class='ocrx_word' id='word_1_575' title='bbox 2973 2669 3084 2722; x_wconf 76' lang='grc' dir='ltr'><strong><em>Καὶ</em></strong></span> <span class='ocrx_word' id='word_1_576' title='bbox 3116 2667 3327 2730; x_wconf 87' lang='grc' dir='ltr'>Παῦλος</span> <span class='ocrx_word' id='word_1_577' title='bbox 3349 2666 3406 2720; x_wconf 81' lang='grc' dir='ltr'>δὲ</span> <span class='ocrx_word' id='word_1_578' title='bbox 3431 2665 3630 2734; x_wconf 80' lang='grc' dir='ltr'>λέγων·</span> <span class='ocrx_word' id='word_1_579' title='bbox 3662 2685 3681 2717; x_wconf 77' lang='grc' dir='ltr'><strong><em>ι</em></strong></span> <span class='ocrx_word' id='word_1_580' title='bbox 3704 2667 3770 2721; x_wconf 84' lang='grc' dir='ltr'><strong><em>οι</em></strong></span> 
     </span>
    </p>
   </div>
   <div class='ocr_carea' id='block_1_74' title="bbox 2177 2759 3766 2834">
    <p class='ocr_par' dir='ltr' id='par_1_74' title="bbox 2177 2759 3766 2834">
     <span class='ocr_line' id='line_1_76' title="bbox 2177 2759 3766 2834; baseline -0.003 -17"><span class='ocrx_word' id='word_1_581' title='bbox 2177 2764 2328 2828; x_wconf 78' lang='grc' dir='ltr'>ὅντες</span> <span class='ocrx_word' id='word_1_582' title='bbox 2370 2765 2427 2816; x_wconf 82' lang='grc' dir='ltr'>ὲν</span> <span class='ocrx_word' id='word_1_583' title='bbox 2468 2761 2544 2834; x_wconf 81' lang='grc' dir='ltr'>τῷ</span> <span class='ocrx_word' id='word_1_584' title='bbox 2590 2763 2777 2833; x_wconf 82' lang='grc' dir='ltr'>σκήνει</span> <span class='ocrx_word' id='word_1_585' title='bbox 2825 2759 3174 2832; x_wconf 79' lang='grc' dir='ltr'>στενάζομεν,</span> <span class='ocrx_word' id='word_1_586' title='bbox 3200 2779 3220 2812; x_wconf 70' lang='grc' dir='ltr'><strong><em>ι</em></strong></span> <span class='ocrx_word' id='word_1_587' title='bbox 3268 2759 3330 2813; x_wconf 85' lang='grc' dir='ltr'>τὺ</span> <span class='ocrx_word' id='word_1_588' title='bbox 3375 2760 3558 2831; x_wconf 83' lang='grc' dir='ltr'>ὅμοιον</span> <span class='ocrx_word' id='word_1_589' title='bbox 3598 2762 3766 2813; x_wconf 84' lang='grc' dir='ltr'>ποιεῖ.</span> 
     </span>
    </p>
   </div>
   <div class='ocr_carea' id='block_1_75' title="bbox 2177 2852 3772 2926">
    <p class='ocr_par' dir='ltr' id='par_1_75' title="bbox 2177 2852 3772 2926">
     <span class='ocr_line' id='line_1_77' title="bbox 2177 2852 3772 2926; baseline -0.002 -16"><span class='ocrx_word' id='word_1_590' title='bbox 2177 2856 2429 2911; x_wconf 87' lang='grc' dir='ltr'>Τοιοῦτόν</span> <span class='ocrx_word' id='word_1_591' title='bbox 2459 2859 2574 2910; x_wconf 78' lang='grc' dir='ltr'>ἐστι</span> <span class='ocrx_word' id='word_1_592' title='bbox 2605 2856 2699 2909; x_wconf 76' lang='grc' dir='ltr'>καὶ</span> <span class='ocrx_word' id='word_1_593' title='bbox 2729 2854 2808 2920; x_wconf 84' lang='grc' dir='ltr'>τὸ,</span> <span class='ocrx_word' id='word_1_594' title='bbox 2850 2875 2868 2906; x_wconf 77' lang='grc' dir='ltr'><strong><em>ι</em></strong></span> <span class='ocrx_word' id='word_1_595' title='bbox 2907 2855 3174 2926; x_wconf 85' lang='grc' dir='ltr'>Ὠρυόμην</span> <span class='ocrx_word' id='word_1_596' title='bbox 3201 2853 3308 2908; x_wconf 82' lang='grc' dir='ltr'><strong><em>ἀπὸ</em></strong></span> <span class='ocrx_word' id='word_1_597' title='bbox 3333 2852 3644 2923; x_wconf 79' lang='grc' dir='ltr'>στεναγμοῦ</span> <span class='ocrx_word' id='word_1_598' title='bbox 3670 2854 3772 2924; x_wconf 79' lang='grc' dir='ltr'>τῆς</span> 
     </span>
    </p>
   </div>
   <div class='ocr_carea' id='block_1_76' title="bbox 2177 2945 3771 3021">
    <p class='ocr_par' dir='ltr' id='par_1_76' title="bbox 2177 2945 3771 3021">
     <span class='ocr_line' id='line_1_78' title="bbox 2177 2945 3771 3021; baseline -0.004 -17"><span class='ocrx_word' id='word_1_599' title='bbox 2177 2949 2406 3021; x_wconf 76' lang='grc' dir='ltr'>καρδίας</span> <span class='ocrx_word' id='word_1_600' title='bbox 2459 2967 2580 3020; x_wconf 88' lang='grc' dir='ltr'>μου.</span> <span class='ocrx_word' id='word_1_601' title='bbox 2614 2967 2630 3000; x_wconf 75' lang='grc' dir='ltr'><strong><em>ι</em></strong></span> <span class='ocrx_word' id='word_1_602' title='bbox 2668 2947 2774 3002; x_wconf 79' lang='grc' dir='ltr'>Καὶ</span> <span class='ocrx_word' id='word_1_603' title='bbox 2813 2948 2914 3002; x_wconf 76' lang='grc' dir='ltr'><strong><em>οὐκ</em></strong></span> <span class='ocrx_word' id='word_1_604' title='bbox 2958 2948 3119 3018; x_wconf 85' lang='grc' dir='ltr'>ἀρκεῖ</span> <span class='ocrx_word' id='word_1_605' title='bbox 3158 2945 3430 3010; x_wconf 81' lang='grc' dir='ltr'>στενάξαι,</span> <span class='ocrx_word' id='word_1_606' title='bbox 3473 2945 3589 2999; x_wconf 81' lang='grc' dir='ltr'>ἀλλ’</span> <span class='ocrx_word' id='word_1_607' title='bbox 3625 2945 3771 2998; x_wconf 81' lang='grc' dir='ltr'>ὥστε</span> 
     </span>
    </p>
   </div>
   <div class='ocr_carea' id='block_1_77' title="bbox 2177 3035 3770 3113">
    <p class='ocr_par' dir='ltr' id='par_1_77' title="bbox 2177 3035 3770 3113">
     <span class='ocr_line' id='line_1_79' title="bbox 2177 3035 3770 3113; baseline -0.003 -17"><span class='ocrx_word' id='word_1_608' title='bbox 2177 3042 2434 3097; x_wconf 84' lang='grc' dir='ltr'>κοπιάσαι</span> <span class='ocrx_word' id='word_1_609' title='bbox 2477 3042 2577 3096; x_wconf 89' lang='grc' dir='ltr'>δεῖ.</span> <span class='ocrx_word' id='word_1_610' title='bbox 2616 3043 2931 3113; x_wconf 82' lang='grc' dir='ltr'>Χαριέντως</span> <span class='ocrx_word' id='word_1_611' title='bbox 2979 3040 3036 3093; x_wconf 84' lang='grc' dir='ltr'>δὲ</span> <span class='ocrx_word' id='word_1_612' title='bbox 3075 3042 3153 3103; x_wconf 87' lang='grc' dir='ltr'><strong><em>είς</em></strong></span> <span class='ocrx_word' id='word_1_613' title='bbox 3198 3035 3510 3110; x_wconf 74' lang='grc' dir='ltr'>προτροπὴν</span> <span class='ocrx_word' id='word_1_614' title='bbox 3541 3039 3770 3107; x_wconf 80' lang='grc' dir='ltr'>ἁγνείας</span> 
     </span>
    </p>
   </div>
   <div class='ocr_carea' id='block_1_78' title="bbox 2183 3131 3766 3206">
    <p class='ocr_par' dir='ltr' id='par_1_78' title="bbox 2183 3131 3766 3206">
     <span class='ocr_line' id='line_1_80' title="bbox 2183 3131 3766 3206; baseline -0.004 -16"><span class='ocrx_word' id='word_1_615' title='bbox 2183 3133 2496 3206; x_wconf 83' lang='grc' dir='ltr'>χρησόμεθα</span> <span class='ocrx_word' id='word_1_616' title='bbox 2537 3134 2614 3205; x_wconf 84' lang='grc' dir='ltr'>τῷ</span> <span class='ocrx_word' id='word_1_617' title='bbox 2659 3133 2802 3204; x_wconf 85' lang='grc' dir='ltr'>λόγῳ</span> <span class='ocrx_word' id='word_1_618' title='bbox 2847 3132 3039 3203; x_wconf 79' lang='grc' dir='ltr'>τούτῳ·</span> <span class='ocrx_word' id='word_1_619' title='bbox 3089 3151 3106 3184; x_wconf 78' lang='grc' dir='ltr'><strong><em>ι</em></strong></span> <span class='ocrx_word' id='word_1_620' title='bbox 3131 3131 3322 3185; x_wconf 82' lang='grc' dir='ltr'>Λούσω</span> <span class='ocrx_word' id='word_1_621' title='bbox 3361 3131 3485 3184; x_wconf 80' lang='grc' dir='ltr'>καθ’</span> <span class='ocrx_word' id='word_1_622' title='bbox 3520 3131 3766 3202; x_wconf 76' lang='grc' dir='ltr'>ἑκάστην</span> 
     </span>
    </p>
   </div>
   <div class='ocr_carea' id='block_1_79' title="bbox 2181 3222 3762 3297">
    <p class='ocr_par' dir='ltr' id='par_1_79' title="bbox 2181 3222 3762 3297">
     <span class='ocr_line' id='line_1_81' title="bbox 2181 3222 3762 3297; baseline 0.001 -20"><span class='ocrx_word' id='word_1_623' title='bbox 2181 3227 2348 3279; x_wconf 81' lang='grc' dir='ltr'>νύκτα</span> <span class='ocrx_word' id='word_1_624' title='bbox 2384 3227 2484 3297; x_wconf 81' lang='grc' dir='ltr'><strong><em>τὴν</em></strong></span> <span class='ocrx_word' id='word_1_625' title='bbox 2517 3225 2704 3297; x_wconf 83' lang='grc' dir='ltr'>κλίνην</span> <span class='ocrx_word' id='word_1_626' title='bbox 2752 3244 2874 3297; x_wconf 90' lang='grc' dir='ltr'>μου,</span> <span class='ocrx_word' id='word_1_627' title='bbox 2899 3245 2916 3277; x_wconf 75' lang='grc' dir='ltr'><strong><em>ι</em></strong></span> <span class='ocrx_word' id='word_1_628' title='bbox 2952 3224 3056 3278; x_wconf 79' lang='grc' dir='ltr'>ὑπὸ</span> <span class='ocrx_word' id='word_1_629' title='bbox 3100 3225 3277 3295; x_wconf 88' lang='grc' dir='ltr'>μόνων</span> <span class='ocrx_word' id='word_1_630' title='bbox 3311 3222 3419 3276; x_wconf 84' lang='grc' dir='ltr'><strong><em>τῶν</em></strong></span> <span class='ocrx_word' id='word_1_631' title='bbox 3463 3223 3550 3277; x_wconf 71' lang='grc' dir='ltr'><strong><em>ἀεὶ</em></strong></span> <span class='ocrx_word' id='word_1_632' title='bbox 3594 3223 3762 3278; x_wconf 75' lang='grc' dir='ltr'>καθα-</span> 
     </span>
    </p>
   </div>
   <div class='ocr_carea' id='block_1_80' title="bbox 2183 3314 3765 3389">
    <p class='ocr_par' dir='ltr' id='par_1_80' title="bbox 2183 3314 3765 3389">
     <span class='ocr_line' id='line_1_82' title="bbox 2183 3314 3765 3389; baseline -0.001 -19"><span class='ocrx_word' id='word_1_633' title='bbox 2183 3319 2445 3389; x_wconf 84' lang='grc' dir='ltr'>ρευόντων</span> <span class='ocrx_word' id='word_1_634' title='bbox 2480 3319 2588 3372; x_wconf 83' lang='grc' dir='ltr'><strong><em>άπὸ</em></strong></span> <span class='ocrx_word' id='word_1_635' title='bbox 2620 3318 2820 3389; x_wconf 81' lang='grc' dir='ltr'>μίξεως</span> <span class='ocrx_word' id='word_1_636' title='bbox 2863 3319 3160 3387; x_wconf 82' lang='grc' dir='ltr'>φάσκοντες</span> <span class='ocrx_word' id='word_1_637' title='bbox 3195 3315 3372 3380; x_wconf 82' lang='grc' dir='ltr'>καλῶς</span> <span class='ocrx_word' id='word_1_638' title='bbox 3398 3315 3653 3385; x_wconf 83' lang='grc' dir='ltr'>λέγεσθαι</span> <span class='ocrx_word' id='word_1_639' title='bbox 3678 3314 3765 3380; x_wconf 77' lang='grc' dir='ltr'><strong><em>τὺ,</em></strong></span> 
     </span>
    </p>
   </div>
   <div class='ocr_carea' id='block_1_81' title="bbox 2184 3403 3765 3480">
    <p class='ocr_par' dir='ltr' id='par_1_81' title="bbox 2184 3403 3765 3480">
     <span class='ocr_line' id='line_1_83' title="bbox 2184 3403 3765 3480; baseline 0 -20"><span class='ocrx_word' id='word_1_640' title='bbox 2184 3430 2202 3460; x_wconf 85' lang='grc'><em>‹</em></span> <span class='ocrx_word' id='word_1_641' title='bbox 2227 3409 2414 3463; x_wconf 85' lang='grc' dir='ltr'>Λούσω</span> <span class='ocrx_word' id='word_1_642' title='bbox 2441 3409 2562 3464; x_wconf 83' lang='grc' dir='ltr'>καθ’</span> <span class='ocrx_word' id='word_1_643' title='bbox 2589 3411 2824 3480; x_wconf 77' lang='grc' dir='ltr'>ἑκάστην</span> <span class='ocrx_word' id='word_1_644' title='bbox 2856 3409 3025 3463; x_wconf 77' lang='grc' dir='ltr'>νύκτα</span> <span class='ocrx_word' id='word_1_645' title='bbox 3060 3409 3159 3480; x_wconf 80' lang='grc' dir='ltr'>τὴν</span> <span class='ocrx_word' id='word_1_646' title='bbox 3185 3409 3374 3479; x_wconf 84' lang='grc' dir='ltr'>κλίνην</span> <span class='ocrx_word' id='word_1_647' title='bbox 3405 3425 3526 3478; x_wconf 79' lang='grc' dir='ltr'>μου·</span> <span class='ocrx_word' id='word_1_648' title='bbox 3563 3427 3582 3459; x_wconf 72' lang='grc' dir='ltr'><strong><em>ι</em></strong></span> <span class='ocrx_word' id='word_1_649' title='bbox 3616 3403 3765 3462; x_wconf 80' lang='grc' dir='ltr'>οῦτοι</span> 
     </span>
    </p>
   </div>
   <div class='ocr_carea' id='block_1_82' title="bbox 2175 3497 3770 3572">
    <p class='ocr_par' dir='ltr' id='par_1_82' title="bbox 2175 3497 3770 3572">
     <span class='ocr_line' id='line_1_84' title="bbox 2175 3497 3770 3572; baseline 0.001 -20"><span class='ocrx_word' id='word_1_650' title='bbox 2175 3501 2252 3564; x_wconf 85' lang='grc' dir='ltr'>δὲ,</span> <span class='ocrx_word' id='word_1_651' title='bbox 2283 3502 2376 3555; x_wconf 72' lang='grc' dir='ltr'><strong><em>καὶ</em></strong></span> <span class='ocrx_word' id='word_1_652' title='bbox 2402 3501 2750 3572; x_wconf 80' lang='grc' dir='ltr'>σχολάζοντες</span> <span class='ocrx_word' id='word_1_653' title='bbox 2776 3504 2841 3572; x_wconf 83' lang='grc' dir='ltr'>τῇ</span> <span class='ocrx_word' id='word_1_654' title='bbox 2874 3503 3172 3572; x_wconf 77' lang='grc' dir='ltr'>προσευχῇ,</span> <span class='ocrx_word' id='word_1_655' title='bbox 3195 3502 3252 3554; x_wconf 84' lang='grc' dir='ltr'>ὲν</span> <span class='ocrx_word' id='word_1_656' title='bbox 3279 3499 3508 3571; x_wconf 84' lang='grc' dir='ltr'>δάκρυσι</span> <span class='ocrx_word' id='word_1_657' title='bbox 3537 3497 3770 3570; x_wconf 79' lang='grc' dir='ltr'>βρέχου-</span> 
     </span>
    </p>
   </div>
   <div class='ocr_carea' id='block_1_83' title="bbox 2178 3589 3766 3662">
    <p class='ocr_par' dir='ltr' id='par_1_83' title="bbox 2178 3589 3766 3662">
     <span class='ocr_line' id='line_1_85' title="bbox 2178 3589 3766 3662; baseline 0.001 -20"><span class='ocrx_word' id='word_1_658' title='bbox 2178 3607 2259 3644; x_wconf 86' lang='grc' dir='ltr'><strong><em>σιν</em></strong></span> <span class='ocrx_word' id='word_1_659' title='bbox 2292 3590 2500 3645; x_wconf 83' lang='grc' dir='ltr'>ἑαυτῶν</span> <span class='ocrx_word' id='word_1_660' title='bbox 2539 3592 2629 3644; x_wconf 77' lang='grc' dir='ltr'>ἐπὶ</span> <span class='ocrx_word' id='word_1_661' title='bbox 2663 3593 2775 3655; x_wconf 85' lang='grc' dir='ltr'>τοῖς</span> <span class='ocrx_word' id='word_1_662' title='bbox 2809 3591 3218 3662; x_wconf 76' lang='grc' dir='ltr'>ἡμαρτημένοις</span> <span class='ocrx_word' id='word_1_663' title='bbox 3256 3590 3424 3645; x_wconf 88' lang='grc' dir='ltr'>πάλαι</span> <span class='ocrx_word' id='word_1_664' title='bbox 3452 3589 3550 3661; x_wconf 75' lang='grc' dir='ltr'><strong><em>τὴν</em></strong></span> <span class='ocrx_word' id='word_1_665' title='bbox 3583 3606 3766 3662; x_wconf 81' lang='grc' dir='ltr'>στρω-</span> 
     </span>
    </p>
   </div>
   <div class='ocr_carea' id='block_1_84' title="bbox 2175 3675 3759 3752">
    <p class='ocr_par' dir='ltr' id='par_1_84' title="bbox 2175 3675 3759 3752">
     <span class='ocr_line' id='line_1_86' title="bbox 2175 3675 3759 3752; baseline -0.001 -18"><span class='ocrx_word' id='word_1_666' title='bbox 2175 3682 2332 3752; x_wconf 87' lang='grc' dir='ltr'>μνήν.</span> <span class='ocrx_word' id='word_1_667' title='bbox 2365 3680 2461 3735; x_wconf 76' lang='grc' dir='ltr'><strong><em>Διὰ</em></strong></span> <span class='ocrx_word' id='word_1_668' title='bbox 2495 3681 2651 3734; x_wconf 90' lang='grc' dir='ltr'>τοῦτο</span> <span class='ocrx_word' id='word_1_669' title='bbox 2675 3675 2814 3733; x_wconf 74' lang='grc' dir='ltr'>εἷπε·</span> <span class='ocrx_word' id='word_1_670' title='bbox 2856 3700 2874 3731; x_wconf 74' lang='grc' dir='ltr'><strong><em>ι</em></strong></span> <span class='ocrx_word' id='word_1_671' title='bbox 2900 3681 3174 3750; x_wconf 83' lang='grc' dir='ltr'>Μακάριοι</span> <span class='ocrx_word' id='word_1_672' title='bbox 3202 3682 3248 3732; x_wconf 89' lang='grc' dir='ltr'>οἱ</span> <span class='ocrx_word' id='word_1_673' title='bbox 3278 3679 3558 3743; x_wconf 81' lang='grc' dir='ltr'>κλαίοντες</span> <span class='ocrx_word' id='word_1_674' title='bbox 3591 3679 3710 3734; x_wconf 86' lang='grc' dir='ltr'>νῦν.</span> <span class='ocrx_word' id='word_1_675' title='bbox 3739 3699 3759 3732; x_wconf 79' lang='grc' dir='ltr'><strong><em>ι</em></strong></span> 
     </span>
    </p>
   </div>
   <div class='ocr_carea' id='block_1_85' title="bbox 2257 3769 3766 3841">
    <p class='ocr_par' dir='ltr' id='par_1_85' title="bbox 2257 3769 3766 3841">
     <span class='ocr_line' id='line_1_87' title="bbox 2257 3769 3766 3841; baseline -0.003 -16"><span class='ocrx_word' id='word_1_676' title='bbox 2257 3769 2584 3841; x_wconf 81' lang='grc' dir='ltr'>Ἐταράχθη</span> <span class='ocrx_word' id='word_1_677' title='bbox 2643 3771 2762 3826; x_wconf 79' lang='grc' dir='ltr'><strong><em>ἀπὸ</em></strong></span> <span class='ocrx_word' id='word_1_678' title='bbox 2809 3769 2998 3840; x_wconf 78' lang='grc' dir='ltr'>θυμοῦ</span> <span class='ocrx_word' id='word_1_679' title='bbox 3031 3774 3063 3823; x_wconf 86' lang='grc' dir='ltr'><strong><em>ό</em></strong></span> <span class='ocrx_word' id='word_1_680' title='bbox 3095 3772 3399 3839; x_wconf 61' lang='grc' dir='ltr'>ὀφθαλμός</span> <span class='ocrx_word' id='word_1_681' title='bbox 3429 3787 3571 3839; x_wconf 77' lang='grc' dir='ltr'>μου,</span> <span class='ocrx_word' id='word_1_682' title='bbox 3612 3771 3766 3822; x_wconf 71' lang='grc' dir='ltr'><strong><em>ἐπα-</em></strong></span> 
     </span>
    </p>
   </div>
   <div class='ocr_carea' id='block_1_86' title="bbox 2172 3861 3761 3931">
    <p class='ocr_par' dir='ltr' id='par_1_86' title="bbox 2172 3861 3761 3931">
     <span class='ocr_line' id='line_1_88' title="bbox 2172 3861 3761 3931; baseline -0.001 -15"><span class='ocrx_word' id='word_1_683' title='bbox 2172 3862 2433 3930; x_wconf 73' lang='grc' dir='ltr'>λαιώθην</span> <span class='ocrx_word' id='word_1_684' title='bbox 2457 3864 2528 3916; x_wconf 78' lang='grc' dir='ltr'>ἐν</span> <span class='ocrx_word' id='word_1_685' title='bbox 2558 3862 2708 3920; x_wconf 80' lang='grc' dir='ltr'>πᾶσι</span> <span class='ocrx_word' id='word_1_686' title='bbox 2744 3862 2866 3928; x_wconf 81' lang='grc' dir='ltr'>τοῖς</span> <span class='ocrx_word' id='word_1_687' title='bbox 2895 3861 3130 3930; x_wconf 82' lang='grc' dir='ltr'>ἐχθροῖς</span> <span class='ocrx_word' id='word_1_688' title='bbox 3156 3879 3296 3931; x_wconf 85' lang='grc' dir='ltr'>μου,</span> <span class='ocrx_word' id='word_1_689' title='bbox 3338 3879 3394 3915; x_wconf 89' lang='grc' dir='ltr'><strong><em>κ.</em></strong></span> <span class='ocrx_word' id='word_1_690' title='bbox 3427 3877 3478 3914; x_wconf 92' lang='grc' dir='ltr'><strong><em>τ.</em></strong></span> <span class='ocrx_word' id='word_1_691' title='bbox 3510 3862 3559 3913; x_wconf 78' lang='grc' dir='ltr'>ὲ.</span> <span class='ocrx_word' id='word_1_692' title='bbox 3585 3861 3761 3916; x_wconf 76' lang='grc' dir='ltr'>Οὐδὲν</span> 
     </span>
    </p>
   </div>
   <div class='ocr_carea' id='block_1_87' title="bbox 2173 3953 3764 4026">
    <p class='ocr_par' dir='ltr' id='par_1_87' title="bbox 2173 3953 3764 4026">
     <span class='ocr_line' id='line_1_89' title="bbox 2173 3953 3764 4026; baseline 0.001 -19"><span class='ocrx_word' id='word_1_693' title='bbox 2173 3954 2313 4007; x_wconf 70' lang='grc' dir='ltr'>οὕτω</span> <span class='ocrx_word' id='word_1_694' title='bbox 2330 3954 2436 4025; x_wconf 85' lang='lat'>(36)</span> <span class='ocrx_word' id='word_1_695' title='bbox 2453 3954 2642 4024; x_wconf 76' lang='grc' dir='ltr'>τυφλοῖ</span> <span class='ocrx_word' id='word_1_696' title='bbox 2657 3953 2780 4007; x_wconf 90' lang='grc' dir='ltr'>νοῦν</span> <span class='ocrx_word' id='word_1_697' title='bbox 2795 3953 2869 4018; x_wconf 82' lang='grc' dir='ltr'>ὡς</span> <span class='ocrx_word' id='word_1_698' title='bbox 2889 3953 3054 4024; x_wconf 75' lang='grc' dir='ltr'>θυμὸς</span> <span class='ocrx_word' id='word_1_699' title='bbox 3073 3954 3491 4026; x_wconf 82' lang='grc' dir='ltr'>ταρασσόμενος.</span> <span class='ocrx_word' id='word_1_700' title='bbox 3506 3955 3606 4008; x_wconf 72' lang='grc' dir='ltr'><strong><em>Διὰ</em></strong></span> <span class='ocrx_word' id='word_1_701' title='bbox 3626 3956 3764 4009; x_wconf 73' lang='grc' dir='ltr'>ταῦ-</span> 
     </span>
    </p>
   </div>
   <div class='ocr_carea' id='block_1_88' title="bbox 2169 4045 3756 4119">
    <p class='ocr_par' dir='ltr' id='par_1_88' title="bbox 2169 4045 3756 4119">
     <span class='ocr_line' id='line_1_90' title="bbox 2169 4045 3756 4119; baseline 0.001 -20"><span class='ocrx_word' id='word_1_702' title='bbox 2169 4063 2270 4118; x_wconf 84' lang='grc' dir='ltr'><strong><em>την</em></strong></span> <span class='ocrx_word' id='word_1_703' title='bbox 2308 4047 2406 4119; x_wconf 80' lang='grc' dir='ltr'>τὴν</span> <span class='ocrx_word' id='word_1_704' title='bbox 2445 4045 2537 4100; x_wconf 90' lang='grc' dir='ltr'><strong><em>τοῦ</em></strong></span> <span class='ocrx_word' id='word_1_705' title='bbox 2579 4046 2856 4117; x_wconf 64' lang='grc' dir='ltr'>ὀφθαλμοῦ</span> <span class='ocrx_word' id='word_1_706' title='bbox 2897 4047 3137 4118; x_wconf 78' lang='grc' dir='ltr'>ταραχὴν</span> <span class='ocrx_word' id='word_1_707' title='bbox 3183 4047 3244 4099; x_wconf 84' lang='grc' dir='ltr'><strong><em>οὐ</em></strong></span> <span class='ocrx_word' id='word_1_708' title='bbox 3295 4045 3573 4118; x_wconf 80' lang='grc' dir='ltr'>καθαρῶς,</span> <span class='ocrx_word' id='word_1_709' title='bbox 3611 4047 3756 4102; x_wconf 74' lang='grc' dir='ltr'>ἀλλὰ</span> 
     </span>
    </p>
   </div>
   <div class='ocr_carea' id='block_1_89' title="bbox 2173 4139 3763 4211">
    <p class='ocr_par' dir='ltr' id='par_1_89' title="bbox 2173 4139 3763 4211">
     <span class='ocr_line' id='line_1_91' title="bbox 2173 4139 3763 4211; baseline 0.001 -19"><span class='ocrx_word' id='word_1_710' title='bbox 2173 4139 2592 4211; x_wconf 82' lang='grc' dir='ltr'>συγκεχυμένως</span> <span class='ocrx_word' id='word_1_711' title='bbox 2621 4141 2723 4211; x_wconf 83' lang='grc' dir='ltr'>όρᾷ</span> <span class='ocrx_word' id='word_1_712' title='bbox 2752 4141 2845 4192; x_wconf 75' lang='grc' dir='ltr'><strong><em>καὶ</em></strong></span> <span class='ocrx_word' id='word_1_713' title='bbox 2873 4141 2900 4192; x_wconf 88' lang='grc' dir='ltr'>ὁ</span> <span class='ocrx_word' id='word_1_714' title='bbox 2928 4139 3144 4210; x_wconf 81' lang='grc' dir='ltr'>βλέπειν</span> <span class='ocrx_word' id='word_1_715' title='bbox 3178 4139 3246 4192; x_wconf 77' lang='grc' dir='ltr'><strong><em>τά</em></strong></span> <span class='ocrx_word' id='word_1_716' title='bbox 3279 4139 3442 4210; x_wconf 78' lang='grc' dir='ltr'>νοητά</span> <span class='ocrx_word' id='word_1_717' title='bbox 3465 4140 3656 4193; x_wconf 83' lang='grc' dir='ltr'>δοκῶν.</span> <span class='ocrx_word' id='word_1_718' title='bbox 3681 4143 3763 4194; x_wconf 79' lang='grc' dir='ltr'>Τὸ</span> 
     </span>
    </p>
   </div>
   <div class='ocr_carea' id='block_1_90' title="bbox 2168 4223 3764 4304">
    <p class='ocr_par' dir='ltr' id='par_1_90' title="bbox 2168 4223 3764 4304">
     <span class='ocr_line' id='line_1_92' title="bbox 2168 4223 3764 4304; baseline 0 -19"><span class='ocrx_word' id='word_1_719' title='bbox 2168 4231 2245 4296; x_wconf 83' lang='grc' dir='ltr'>δὲ,</span> <span class='ocrx_word' id='word_1_720' title='bbox 2271 4251 2289 4283; x_wconf 70' lang='grc' dir='ltr'><strong><em>ι</em></strong></span> <span class='ocrx_word' id='word_1_721' title='bbox 2309 4230 2676 4302; x_wconf 84' lang='grc' dir='ltr'>ὲπαλαιώθην,</span> <span class='ocrx_word' id='word_1_722' title='bbox 2695 4223 3094 4296; x_wconf 75' lang='grc' dir='ltr'>ιοῖον,ῐ1αλαιὺς</span> <span class='ocrx_word' id='word_1_723' title='bbox 3115 4233 3208 4286; x_wconf 71' lang='grc' dir='ltr'><strong><em>καὶ</em></strong></span> <span class='ocrx_word' id='word_1_724' title='bbox 3223 4232 3574 4304; x_wconf 79' lang='grc' dir='ltr'>πολυχρόνιος</span> <span class='ocrx_word' id='word_1_725' title='bbox 3598 4233 3764 4301; x_wconf 72' lang='grc' dir='ltr'>γέγο-</span> 
     </span>
    </p>
   </div>
   <div class='ocr_carea' id='block_1_91' title="bbox 2171 4322 3762 4396">
    <p class='ocr_par' dir='ltr' id='par_1_91' title="bbox 2171 4322 3762 4396">
     <span class='ocr_line' id='line_1_93' title="bbox 2171 4322 3762 4396; baseline 0.001 -20"><span class='ocrx_word' id='word_1_726' title='bbox 2171 4339 2256 4385; x_wconf 90' lang='grc' dir='ltr'>να,</span> <span class='ocrx_word' id='word_1_727' title='bbox 2285 4326 2342 4376; x_wconf 82' lang='grc' dir='ltr'>ὲν</span> <span class='ocrx_word' id='word_1_728' title='bbox 2370 4324 2551 4386; x_wconf 75' lang='grc' dir='ltr'>αὐτοῖς</span> <span class='ocrx_word' id='word_1_729' title='bbox 2580 4323 2870 4396; x_wconf 77' lang='grc' dir='ltr'>διατρίϐων</span> <span class='ocrx_word' id='word_1_730' title='bbox 2910 4325 2968 4378; x_wconf 81' lang='grc' dir='ltr'>ἐν</span> <span class='ocrx_word' id='word_1_731' title='bbox 2995 4324 3072 4396; x_wconf 78' lang='grc' dir='ltr'>τῷ</span> <span class='ocrx_word' id='word_1_732' title='bbox 3119 4324 3217 4395; x_wconf 78' lang='grc' dir='ltr'><strong><em>βίῳ</em></strong></span> <span class='ocrx_word' id='word_1_733' title='bbox 3256 4325 3386 4378; x_wconf 81' lang='grc' dir='ltr'>ὅπου</span> <span class='ocrx_word' id='word_1_734' title='bbox 3414 4322 3762 4392; x_wconf 77' lang='grc' dir='ltr'>εί’σίν·ἦ,Τδν</span> 
     </span>
    </p>
   </div>
   <div class='ocr_carea' id='block_1_92' title="bbox 491 4403 2071 4490">
    <p class='ocr_par' dir='ltr' id='par_1_92' title="bbox 491 4403 2066 4471">
     <span class='ocr_line' id='line_1_94' title="bbox 491 4403 2066 4471; baseline 0.013 -22"><span class='ocrx_word' id='word_1_735' title='bbox 491 4412 854 4454; x_wconf 74' lang='lat' dir='ltr'><strong><em>conmoratus</em></strong></span> <span class='ocrx_word' id='word_1_736' title='bbox 881 4417 999 4455; x_wconf 84' lang='lat' dir='ltr'><strong><em>sum</em></strong></span> <span class='ocrx_word' id='word_1_737' title='bbox 1036 4403 1088 4455; x_wconf 91' lang='lat' dir='ltr'><strong><em>in</em></strong></span> <span class='ocrx_word' id='word_1_738' title='bbox 1123 4403 1220 4458; x_wconf 88' lang='lat' dir='ltr'><strong><em>hac</em></strong></span> <span class='ocrx_word' id='word_1_739' title='bbox 1250 4406 1355 4459; x_wconf 85' lang='lat' dir='ltr'><strong><em>vita</em></strong></span> <span class='ocrx_word' id='word_1_740' title='bbox 1395 4409 1481 4463; x_wconf 88' lang='lat' dir='ltr'><strong><em>ubi</em></strong></span> <span class='ocrx_word' id='word_1_741' title='bbox 1514 4414 1808 4467; x_wconf 82' lang='lat' dir='ltr'><strong><em>exsistunt.</em></strong></span> <span class='ocrx_word' id='word_1_742' title='bbox 1843 4413 2066 4471; x_wconf 82' lang='lat' dir='ltr'><strong><em>Velzln-</em></strong></span> 
     </span>
    </p>
   </div>
   <div class='ocr_carea' id='block_1_93' title="bbox 2187 4403 3765 4490">
    <p class='ocr_par' dir='ltr' id='par_1_93' title="bbox 2187 4417 3765 4490">
     <span class='ocr_line' id='line_1_95' title="bbox 2187 4417 3765 4490; baseline 0.001 -20"><span class='ocrx_word' id='word_1_743' title='bbox 2187 4417 2401 4470; x_wconf 67' lang='grc' dir='ltr'>παλαιὸν</span> <span class='ocrx_word' id='word_1_744' title='bbox 2436 4417 2566 4488; x_wconf 78' lang='grc' dir='ltr'>παρ’</span> <span class='ocrx_word' id='word_1_745' title='bbox 2620 4417 2806 4480; x_wconf 80' lang='grc' dir='ltr'>αὐτοῖς</span> <span class='ocrx_word' id='word_1_746' title='bbox 2855 4418 3113 4471; x_wconf 75' lang='grc' dir='ltr'>ἀνέλαϐον</span> <span class='ocrx_word' id='word_1_747' title='bbox 3159 4417 3442 4490; x_wconf 82' lang='grc' dir='ltr'>ἄνθρωπον</span> <span class='ocrx_word' id='word_1_748' title='bbox 3487 4420 3586 4472; x_wconf 79' lang='grc' dir='ltr'><strong><em>σὺν</em></strong></span> <span class='ocrx_word' id='word_1_749' title='bbox 3631 4424 3765 4486; x_wconf 80' lang='grc' dir='ltr'>ταῖς</span> 
     </span>
    </p>
   </div>
   <div class='ocr_carea' id='block_1_94' title="bbox 490 4501 2104 4571">
    <p class='ocr_par' dir='ltr' id='par_1_94' title="bbox 490 4501 2104 4571">
     <span class='ocr_line' id='line_1_96' title="bbox 490 4501 2104 4571; baseline 0.016 -32"><span class='ocrx_word' id='word_1_750' title='bbox 490 4501 572 4541; x_wconf 86' lang='lat' dir='ltr'><strong><em>ter</em></strong></span> <span class='ocrx_word' id='word_1_751' title='bbox 612 4504 706 4545; x_wconf 87' lang='lat' dir='ltr'><strong><em>eos</em></strong></span> <span class='ocrx_word' id='word_1_752' title='bbox 735 4505 968 4550; x_wconf 88' lang='lat' dir='ltr'><strong><em>veterem</em></strong></span> <span class='ocrx_word' id='word_1_753' title='bbox 1024 4513 1146 4553; x_wconf 91' lang='lat' dir='ltr'><strong><em>cum</em></strong></span> <span class='ocrx_word' id='word_1_754' title='bbox 1201 4501 1414 4557; x_wconf 89' lang='lat' dir='ltr'><strong><em>actibus</em></strong></span> <span class='ocrx_word' id='word_1_755' title='bbox 1466 4503 1583 4571; x_wconf 83' lang='lat' dir='ltr'><strong><em>ejus</em></strong></span> <span class='ocrx_word' id='word_1_756' title='bbox 1647 4506 1919 4563; x_wconf 88' lang='lat' dir='ltr'><strong><em>hominem</em></strong></span> <span class='ocrx_word' id='word_1_757' title='bbox 1972 4526 2104 4564; x_wconf 91' lang='lat' dir='ltr'><strong><em>as-.</em></strong></span> 
     </span>
    </p>
   </div>
   <div class='ocr_carea' id='block_1_95' title="bbox 489 4585 2063 4662">
    <p class='ocr_par' dir='ltr' id='par_1_95' title="bbox 489 4585 2063 4662">
     <span class='ocr_line' id='line_1_97' title="bbox 489 4585 2063 4662; baseline 0.016 -30"><span class='ocrx_word' id='word_1_758' title='bbox 489 4585 711 4650; x_wconf 85' lang='lat' dir='ltr'><strong><em>sumpsi,</em></strong></span> <span class='ocrx_word' id='word_1_759' title='bbox 749 4605 766 4636; x_wconf 73' lang='grc' dir='ltr'><strong><em>ι</em></strong></span> <span class='ocrx_word' id='word_1_760' title='bbox 807 4587 896 4656; x_wconf 87' lang='lat' dir='ltr'><strong><em>qui</em></strong></span> <span class='ocrx_word' id='word_1_761' title='bbox 943 4594 1309 4662; x_wconf 81' lang='lat' dir='ltr'><strong><em>corrumpitur</em></strong></span> <span class='ocrx_word' id='word_1_762' title='bbox 1333 4597 1628 4651; x_wconf 87' lang='lat' dir='ltr'><strong><em>secundum</em></strong></span> <span class='ocrx_word' id='word_1_763' title='bbox 1666 4598 1933 4656; x_wconf 77' lang='lat' dir='ltr'><strong><em>desideria</em></strong></span> <span class='ocrx_word' id='word_1_764' title='bbox 1977 4619 2063 4657; x_wconf 88' lang='lat' dir='ltr'><strong><em>cr-</em></strong></span> 
     </span>
    </p>
   </div>
   <div class='ocr_carea' id='block_1_96' title="bbox 491 4675 774 4730">
    <p class='ocr_par' dir='ltr' id='par_1_96' title="bbox 491 4675 774 4730">
     <span class='ocr_line' id='line_1_98' title="bbox 491 4675 774 4730; baseline -0.004 -5"><span class='ocrx_word' id='word_1_765' title='bbox 491 4675 628 4728; x_wconf 77' lang='lat' dir='ltr'><strong><em>t&#39;ot‘is</em></strong></span> <span class='ocrx_word' id='word_1_766' title='bbox 659 4676 726 4730; x_wconf 75' lang='grc'><strong><em>⁸³.</em></strong></span> <span class='ocrx_word' id='word_1_767' title='bbox 755 4692 774 4724; x_wconf 85' lang='grc'><strong><em>›</em></strong></span> 
     </span>
    </p>
   </div>
   <div class='ocr_carea' id='block_1_97' title="bbox 559 4761 2062 4850">
    <p class='ocr_par' dir='ltr' id='par_1_97' title="bbox 559 4761 2062 4850">
     <span class='ocr_line' id='line_1_99' title="bbox 559 4761 2062 4850; baseline 0.015 -36"><span class='ocrx_word' id='word_1_768' title='bbox 559 4761 721 4820; x_wconf 75' lang='lat' dir='ltr'><strong><em>Vens.</em></strong></span> <span class='ocrx_word' id='word_1_769' title='bbox 765 4767 815 4822; x_wconf 88' lang='lat'><strong><em>9.</em></strong></span> <span class='ocrx_word' id='word_1_770' title='bbox 851 4768 1114 4828; x_wconf 74' lang='lat' dir='ltr'><strong><em>Discedite</em></strong></span> <span class='ocrx_word' id='word_1_771' title='bbox 1146 4792 1176 4827; x_wconf 91' lang='lat' dir='ltr'><strong><em>a</em></strong></span> <span class='ocrx_word' id='word_1_772' title='bbox 1206 4792 1487 4835; x_wconf 68' lang='lat' dir='ltr'><strong><em>memmnes</em></strong></span> <span class='ocrx_word' id='word_1_773' title='bbox 1512 4781 1601 4850; x_wconf 84' lang='lat' dir='ltr'><strong><em>qui</em></strong></span> <span class='ocrx_word' id='word_1_774' title='bbox 1633 4783 1924 4848; x_wconf 84' lang='lat' dir='ltr'><strong><em>operamini</em></strong></span> <span class='ocrx_word' id='word_1_775' title='bbox 1954 4783 2062 4836; x_wconf 81' lang='lat' dir='ltr'><strong><em>ini-</em></strong></span> 
     </span>
    </p>
   </div>
   <div class='ocr_carea' id='block_1_98' title="bbox 485 4855 2060 4946">
    <p class='ocr_par' dir='ltr' id='par_1_98' title="bbox 485 4855 2060 4946">
     <span class='ocr_line' id='line_1_100' title="bbox 485 4855 2060 4946; baseline 0.017 -40"><span class='ocrx_word' id='word_1_776' title='bbox 485 4855 759 4925; x_wconf 83' lang='lat' dir='ltr'><strong><em>quitatem,</em></strong></span> <span class='ocrx_word' id='word_1_777' title='bbox 802 4870 906 4917; x_wconf 89' lang='lat' dir='ltr'><strong><em>etc.</em></strong></span> <span class='ocrx_word' id='word_1_778' title='bbox 957 4865 1232 4922; x_wconf 68' lang='lat' dir='ltr'><strong><em>Daamones</em></strong></span> <span class='ocrx_word' id='word_1_779' title='bbox 1284 4883 1497 4940; x_wconf 84' lang='lat' dir='ltr'><strong><em>semper</em></strong></span> <span class='ocrx_word' id='word_1_780' title='bbox 1537 4873 1876 4941; x_wconf 88' lang='lat' dir='ltr'><strong><em>iniquitatem</em></strong></span> <span class='ocrx_word' id='word_1_781' title='bbox 1933 4890 2060 4946; x_wconf 64' lang='lat' dir='ltr'><strong><em>ope»</em></strong></span> 
     </span>
    </p>
   </div>
   <div class='ocr_carea' id='block_1_99' title="bbox 487 4952 1948 5035">
    <p class='ocr_par' dir='ltr' id='par_1_99' title="bbox 487 4952 1948 5035">
     <span class='ocr_line' id='line_1_101' title="bbox 487 4952 1948 5035; baseline 0.012 -36"><span class='ocrx_word' id='word_1_782' title='bbox 487 4959 700 5015; x_wconf 76' lang='lat' dir='ltr'><strong><em>tantur;</em></strong></span> <span class='ocrx_word' id='word_1_783' title='bbox 738 4952 984 5010; x_wconf 84' lang='lat' dir='ltr'><strong><em>homines</em></strong></span> <span class='ocrx_word' id='word_1_784' title='bbox 1011 4974 1141 5011; x_wconf 75' lang='lat' dir='ltr'><strong><em>non</em></strong></span> <span class='ocrx_word' id='word_1_785' title='bbox 1167 4974 1412 5030; x_wconf 85' lang='lat' dir='ltr'><strong><em>semper;</em></strong></span> <span class='ocrx_word' id='word_1_786' title='bbox 1449 4965 1624 5034; x_wconf 82' lang='lat' dir='ltr'><strong><em>angeli</em></strong></span> <span class='ocrx_word' id='word_1_787' title='bbox 1654 4981 1948 5035; x_wconf 86' lang='lat' dir='ltr'><strong><em>tmnquam.</em></strong></span> 
     </span>
    </p>
   </div>
   <div class='ocr_carea' id='block_1_100' title="bbox 556 5130 2052 5205">
    <p class='ocr_par' dir='ltr' id='par_1_100' title="bbox 556 5130 2052 5205">
     <span class='ocr_line' id='line_1_102' title="bbox 556 5130 2052 5205; baseline 0.014 -21"><span class='ocrx_word' id='word_1_788' title='bbox 556 5130 716 5190; x_wconf 73' lang='lat' dir='ltr'><strong><em>Vens.</em></strong></span> <span class='ocrx_word' id='word_1_789' title='bbox 750 5136 802 5200; x_wconf 88' lang='lat'><strong><em>9,</em></strong></span> <span class='ocrx_word' id='word_1_790' title='bbox 839 5136 926 5192; x_wconf 85' lang='grc'><strong><em>10.</em></strong></span> <span class='ocrx_word' id='word_1_791' title='bbox 971 5138 1234 5204; x_wconf 82' lang='lat' dir='ltr'><strong><em>Quoniam</em></strong></span> <span class='ocrx_word' id='word_1_792' title='bbox 1282 5147 1545 5199; x_wconf 70' lang='lat' dir='ltr'><strong><em>exaudivit</em></strong></span> <span class='ocrx_word' id='word_1_793' title='bbox 1585 5145 1839 5202; x_wconf 82' lang='lat' dir='ltr'><strong><em>Dominus</em></strong></span> <span class='ocrx_word' id='word_1_794' title='bbox 1879 5167 2052 5205; x_wconf 86' lang='lat' dir='ltr'><strong><em>vocem</em></strong></span> 
     </span>
    </p>
   </div>
   <div class='ocr_carea' id='block_1_101' title="bbox 2171 4506 3762 4580">
    <p class='ocr_par' dir='ltr' id='par_1_101' title="bbox 2171 4506 3762 4580">
     <span class='ocr_line' id='line_1_103' title="bbox 2171 4506 3762 4580; baseline 0.002 -20"><span class='ocrx_word' id='word_1_795' title='bbox 2171 4507 2435 4578; x_wconf 76' lang='grc' dir='ltr'>πράξεσιν</span> <span class='ocrx_word' id='word_1_796' title='bbox 2475 4506 2661 4571; x_wconf 83' lang='grc' dir='ltr'>αὐτοῦ,</span> <span class='ocrx_word' id='word_1_797' title='bbox 2699 4525 2717 4558; x_wconf 76' lang='grc' dir='ltr'><strong><em>ι</em></strong></span> <span class='ocrx_word' id='word_1_798' title='bbox 2755 4507 2844 4561; x_wconf 84' lang='grc' dir='ltr'>τὸν</span> <span class='ocrx_word' id='word_1_799' title='bbox 2875 4508 3226 4580; x_wconf 72' lang='grc' dir='ltr'>φθειρόμενον</span> <span class='ocrx_word' id='word_1_800' title='bbox 3259 4509 3400 4563; x_wconf 79' lang='grc' dir='ltr'>κατὰ</span> <span class='ocrx_word' id='word_1_801' title='bbox 3440 4510 3536 4573; x_wconf 73' lang='grc' dir='ltr'><strong><em>τὰς</em></strong></span> <span class='ocrx_word' id='word_1_802' title='bbox 3565 4510 3762 4563; x_wconf 73' lang='grc' dir='ltr'>ἐπιθυ-</span> 
     </span>
    </p>
   </div>
   <div class='ocr_carea' id='block_1_102' title="bbox 2174 4600 2742 4672">
    <p class='ocr_par' dir='ltr' id='par_1_102' title="bbox 2174 4600 2742 4672">
     <span class='ocr_line' id='line_1_104' title="bbox 2174 4600 2742 4672; baseline 0 -20"><span class='ocrx_word' id='word_1_803' title='bbox 2174 4601 2301 4671; x_wconf 87' lang='grc' dir='ltr'>μίας</span> <span class='ocrx_word' id='word_1_804' title='bbox 2331 4601 2428 4672; x_wconf 80' lang='grc' dir='ltr'>τῆς</span> <span class='ocrx_word' id='word_1_805' title='bbox 2461 4600 2696 4671; x_wconf 82' lang='grc' dir='ltr'>ἀπάτης.</span> <span class='ocrx_word' id='word_1_806' title='bbox 2724 4619 2742 4652; x_wconf 74' lang='grc' dir='ltr'><strong><em>ι</em></strong></span> 
     </span>
    </p>
   </div>
   <div class='ocr_carea' id='block_1_103' title="bbox 2249 4780 3766 4853">
    <p class='ocr_par' dir='ltr' id='par_1_103' title="bbox 2249 4780 3766 4853">
     <span class='ocr_line' id='line_1_105' title="bbox 2249 4780 3766 4853; baseline -0.002 -15"><span class='ocrx_word' id='word_1_807' title='bbox 2249 4786 2568 4851; x_wconf 78' lang='grc' dir='ltr'>Ἀπόστητε</span> <span class='ocrx_word' id='word_1_808' title='bbox 2599 4784 2881 4852; x_wconf 77' lang='grc' dir='ltr'><strong><em>ἀπ’ἑμοῦ,</em></strong></span> <span class='ocrx_word' id='word_1_809' title='bbox 2907 4782 3129 4850; x_wconf 68' lang='grc' dir='ltr'>πάντες</span> <span class='ocrx_word' id='word_1_810' title='bbox 3159 4787 3214 4836; x_wconf 85' lang='grc' dir='ltr'>οἱ</span> <span class='ocrx_word' id='word_1_811' title='bbox 3245 4781 3615 4853; x_wconf 64' lang='grc' dir='ltr'>ἐρππζόμενοι</span> <span class='ocrx_word' id='word_1_812' title='bbox 3636 4780 3766 4851; x_wconf 74' lang='grc' dir='ltr'><strong><em>τήν</em></strong></span> 
     </span>
    </p>
   </div>
   <div class='ocr_carea' id='block_1_104' title="bbox 2167 4875 3760 4949">
    <p class='ocr_par' dir='ltr' id='par_1_104' title="bbox 2167 4875 3760 4949">
     <span class='ocr_line' id='line_1_106' title="bbox 2167 4875 3760 4949; baseline 0.001 -21"><span class='ocrx_word' id='word_1_813' title='bbox 2167 4876 2442 4944; x_wconf 73' lang='grc' dir='ltr'>ἀνομίαν,</span> <span class='ocrx_word' id='word_1_814' title='bbox 2475 4893 2529 4928; x_wconf 93' lang='grc' dir='ltr'><strong><em>κ.</em></strong></span> <span class='ocrx_word' id='word_1_815' title='bbox 2560 4893 2616 4930; x_wconf 78' lang='grc' dir='ltr'><strong><em>τ.</em></strong></span> <span class='ocrx_word' id='word_1_816' title='bbox 2658 4877 2704 4928; x_wconf 83' lang='grc' dir='ltr'>ὲ.</span> <span class='ocrx_word' id='word_1_817' title='bbox 2746 4875 3026 4946; x_wconf 85' lang='grc' dir='ltr'>Δαιμόνων</span> <span class='ocrx_word' id='word_1_818' title='bbox 3067 4875 3127 4928; x_wconf 84' lang='grc' dir='ltr'><strong><em>τὸ</em></strong></span> <span class='ocrx_word' id='word_1_819' title='bbox 3161 4875 3272 4946; x_wconf 79' lang='lat'>(37)</span> <span class='ocrx_word' id='word_1_820' title='bbox 3301 4875 3388 4929; x_wconf 81' lang='grc' dir='ltr'>διὰ</span> <span class='ocrx_word' id='word_1_821' title='bbox 3423 4875 3624 4938; x_wconf 77' lang='grc' dir='ltr'>παντὸς</span> <span class='ocrx_word' id='word_1_822' title='bbox 3653 4878 3760 4949; x_wconf 76' lang='grc' dir='ltr'>τὴν</span> 
     </span>
    </p>
   </div>
   <div class='ocr_carea' id='block_1_105' title="bbox 2165 4966 3756 5040">
    <p class='ocr_par' dir='ltr' id='par_1_105' title="bbox 2165 4966 3756 5040">
     <span class='ocr_line' id='line_1_107' title="bbox 2165 4966 3756 5040; baseline 0.001 -20"><span class='ocrx_word' id='word_1_823' title='bbox 2165 4967 2393 5038; x_wconf 86' lang='grc' dir='ltr'>ἀνομίαν</span> <span class='ocrx_word' id='word_1_824' title='bbox 2437 4967 2782 5039; x_wconf 78' lang='grc' dir='ltr'>ἐργάζεσθαι·</span> <span class='ocrx_word' id='word_1_825' title='bbox 2825 4966 3126 5039; x_wconf 77' lang='grc' dir='ltr'>ἀνθρώπων</span> <span class='ocrx_word' id='word_1_826' title='bbox 3175 4967 3236 5021; x_wconf 79' lang='grc' dir='ltr'><strong><em>τὸ</em></strong></span> <span class='ocrx_word' id='word_1_827' title='bbox 3284 4968 3358 5040; x_wconf 80' lang='grc' dir='ltr'>μὴ</span> <span class='ocrx_word' id='word_1_828' title='bbox 3397 4967 3483 5022; x_wconf 80' lang='grc' dir='ltr'>διὰ</span> <span class='ocrx_word' id='word_1_829' title='bbox 3528 4970 3756 5032; x_wconf 65' lang='grc' dir='ltr'>παντός’</span> 
     </span>
    </p>
   </div>
   <div class='ocr_carea' id='block_1_106' title="bbox 2165 5059 2830 5132">
    <p class='ocr_par' dir='ltr' id='par_1_106' title="bbox 2165 5059 2830 5132">
     <span class='ocr_line' id='line_1_108' title="bbox 2165 5059 2830 5132; baseline 0.005 -20"><span class='ocrx_word' id='word_1_830' title='bbox 2165 5060 2412 5130; x_wconf 78' lang='grc' dir='ltr'>ἀγγέλων</span> <span class='ocrx_word' id='word_1_831' title='bbox 2443 5060 2503 5114; x_wconf 86' lang='grc' dir='ltr'><strong><em>τὸ</em></strong></span> <span class='ocrx_word' id='word_1_832' title='bbox 2542 5059 2808 5132; x_wconf 80' lang='grc' dir='ltr'>μηδέποτε</span> <span class='ocrx_word' id='word_1_833' title='bbox 2819 5102 2830 5116; x_wconf 96' lang='grc'><strong><em>.</em></strong></span> 
     </span>
    </p>
   </div>
   <div class='ocr_carea' id='block_1_107' title="bbox 2238 5151 3754 5223">
    <p class='ocr_par' dir='ltr' id='par_1_107' title="bbox 2238 5151 3754 5223">
     <span class='ocr_line' id='line_1_109' title="bbox 2238 5151 3754 5223; baseline -0.001 -16"><span class='ocrx_word' id='word_1_834' title='bbox 2238 5154 2365 5208; x_wconf 85' lang='grc' dir='ltr'>Ὅτι</span> <span class='ocrx_word' id='word_1_835' title='bbox 2381 5152 2707 5220; x_wconf 76' lang='grc' dir='ltr'>είσὴκουσε</span> <span class='ocrx_word' id='word_1_836' title='bbox 2728 5153 2943 5221; x_wconf 82' lang='grc' dir='ltr'>Κύριος</span> <span class='ocrx_word' id='word_1_837' title='bbox 2960 5151 3069 5221; x_wconf 81' lang='grc' dir='ltr'>τῆς</span> <span class='ocrx_word' id='word_1_838' title='bbox 3091 5151 3296 5223; x_wconf 68' lang='grc' dir='ltr'>φωνῆς</span> <span class='ocrx_word' id='word_1_839' title='bbox 3316 5152 3423 5207; x_wconf 82' lang='grc' dir='ltr'><strong><em>τοῦ</em></strong></span> <span class='ocrx_word' id='word_1_840' title='bbox 3439 5151 3754 5223; x_wconf 70' lang='grc' dir='ltr'>κλαυθμοῦ</span> 
     </span>
    </p>
   </div>
   <div class='ocr_carea' id='block_1_108' title="bbox 553 5272 2071 5362">
    <p class='ocr_par' dir='ltr' id='par_1_108' title="bbox 553 5272 2065 5358">
     <span class='ocr_line' id='line_1_110' title="bbox 553 5272 2065 5358; baseline 0.014 -29"><span class='ocrx_word' id='word_1_841' title='bbox 553 5272 598 5306; x_wconf 73' lang='grc'><strong><em>⁷⁸</em></strong></span> <span class='ocrx_word' id='word_1_842' title='bbox 622 5275 779 5332; x_wconf 80' lang='lat' dir='ltr'><strong><em>Joan.</em></strong></span> <span class='ocrx_word' id='word_1_843' title='bbox 813 5295 926 5345; x_wconf 77' lang='lat' dir='ltr'><strong><em>xw,</em></strong></span> <span class='ocrx_word' id='word_1_844' title='bbox 960 5282 1014 5336; x_wconf 87' lang='lat'><strong><em>6.</em></strong></span> <span class='ocrx_word' id='word_1_845' title='bbox 1091 5284 1136 5314; x_wconf 72' lang='lat'><strong><em>7&quot;</em></strong></span> <span class='ocrx_word' id='word_1_846' title='bbox 1166 5282 1310 5340; x_wconf 88' lang='lat' dir='ltr'><strong><em>Psal.</em></strong></span> <span class='ocrx_word' id='word_1_847' title='bbox 1336 5302 1445 5354; x_wconf 73' lang='grc' dir='ltr'>ων,</span> <span class='ocrx_word' id='word_1_848' title='bbox 1481 5287 1568 5342; x_wconf 83' lang='grc'><strong><em>16.</em></strong></span> <span class='ocrx_word' id='word_1_849' title='bbox 1644 5289 1688 5320; x_wconf 82' lang='grc'><strong><em>⁷⁸</em></strong></span> <span class='ocrx_word' id='word_1_850' title='bbox 1714 5288 1754 5342; x_wconf 88' lang='grc' dir='ltr'><strong><em>ιι</em></strong></span> <span class='ocrx_word' id='word_1_851' title='bbox 1779 5291 1902 5346; x_wconf 89' lang='lat' dir='ltr'><strong><em>Cor.</em></strong></span> <span class='ocrx_word' id='word_1_852' title='bbox 1934 5294 2065 5358; x_wconf 70' lang='lat' dir='ltr'><strong><em>v.4.</em></strong></span> 
     </span>
    </p>
   </div>
   <div class='ocr_carea' id='block_1_109' title="bbox 2187 5272 3752 5362">
    <p class='ocr_par' dir='ltr' id='par_1_109' title="bbox 2217 5292 3752 5362">
     <span class='ocr_line' id='line_1_111' title="bbox 2217 5292 3752 5362; baseline -0.005 -12"><span class='ocrx_word' id='word_1_853' title='bbox 2217 5295 2359 5352; x_wconf 86' lang='lat' dir='ltr'><strong><em>Psal.</em></strong></span> <span class='ocrx_word' id='word_1_854' title='bbox 2388 5311 2595 5360; x_wconf 76' lang='lat' dir='ltr'><strong><em>xxxvu,</em></strong></span> <span class='ocrx_word' id='word_1_855' title='bbox 2637 5295 2690 5349; x_wconf 89' lang='lat'><strong><em>9.</em></strong></span> <span class='ocrx_word' id='word_1_856' title='bbox 2767 5294 2812 5326; x_wconf 81' lang='grc' dir='ltr'><strong><em>⁸ο</em></strong></span> <span class='ocrx_word' id='word_1_857' title='bbox 2842 5293 2971 5349; x_wconf 86' lang='lat' dir='ltr'><strong><em>an.</em></strong></span> <span class='ocrx_word' id='word_1_858' title='bbox 3000 5293 3181 5362; x_wconf 67' lang='lat'><strong><em>&quot;,21.</em></strong></span> <span class='ocrx_word' id='word_1_859' title='bbox 3257 5293 3301 5324; x_wconf 83' lang='grc'><strong><em>⁸¹</em></strong></span> <span class='ocrx_word' id='word_1_860' title='bbox 3327 5292 3524 5362; x_wconf 83' lang='lat' dir='ltr'><strong><em>Ephes.</em></strong></span> <span class='ocrx_word' id='word_1_861' title='bbox 3555 5307 3633 5356; x_wconf 73' lang='grc' dir='ltr'><strong><em>ιγ,</em></strong></span> <span class='ocrx_word' id='word_1_862' title='bbox 3659 5293 3752 5346; x_wconf 67' lang='lat'><strong><em>2.9..</em></strong></span> 
     </span>
    </p>
   </div>
   <div class='ocr_carea' id='block_1_110' title="bbox 553 5414 2061 5488">
    <p class='ocr_par' dir='ltr' id='par_1_110' title="bbox 553 5414 2061 5488">
     <span class='ocr_line' id='line_1_112' title="bbox 553 5414 2061 5488; baseline 0.012 -22"><span class='ocrx_word' id='word_1_863' title='bbox 553 5414 663 5486; x_wconf 75' lang='lat'>(33)</span> <span class='ocrx_word' id='word_1_864' title='bbox 696 5415 809 5469; x_wconf 87' lang='grc' dir='ltr'><strong><em>Δύο</em></strong></span> <span class='ocrx_word' id='word_1_865' title='bbox 839 5417 1081 5486; x_wconf 78' lang='grc' dir='ltr'>τίθησιν</span> <span class='ocrx_word' id='word_1_866' title='bbox 1108 5421 1398 5488; x_wconf 74' lang='grc' dir='ltr'>ἐνταῦθα,</span> <span class='ocrx_word' id='word_1_867' title='bbox 1429 5436 1535 5480; x_wconf 90' lang='lat' dir='ltr'><strong><em>etc.</em></strong></span> <span class='ocrx_word' id='word_1_868' title='bbox 1579 5426 1803 5483; x_wconf 77' lang='lat' dir='ltr'><strong><em>Schcda:</em></strong></span> <span class='ocrx_word' id='word_1_869' title='bbox 1846 5428 2061 5485; x_wconf 83' lang='lat' dir='ltr'><strong><em>Ernesti</em></strong></span> 
     </span>
    </p>
   </div>
   <div class='ocr_carea' id='block_1_111' title="bbox 482 5484 1378 5557">
    <p class='ocr_par' dir='ltr' id='par_1_111' title="bbox 482 5484 1378 5557">
     <span class='ocr_line' id='line_1_113' title="bbox 482 5484 1378 5557; baseline 0.007 -17"><span class='ocrx_word' id='word_1_870' title='bbox 482 5484 691 5557; x_wconf 63' lang='lat' dir='ltr'><strong><em>omnis,</em></strong></span> <span class='ocrx_word' id='word_1_871' title='bbox 713 5484 1034 5557; x_wconf 3' lang='lat' dir='ltr'><strong><em>(partimque</em></strong></span> <span class='ocrx_word' id='word_1_872' title='bbox 1065 5489 1378 5546; x_wconf 75' lang='lat' dir='ltr'><strong><em>Cortlerius.</em></strong></span> 
     </span>
    </p>
   </div>
   <div class='ocr_carea' id='block_1_112' title="bbox 485 5555 2062 5677">
    <p class='ocr_par' dir='ltr' id='par_1_112' title="bbox 485 5555 2062 5677">
     <span class='ocr_line' id='line_1_114' title="bbox 485 5555 2062 5677; baseline 0.011 -69"><span class='ocrx_word' id='word_1_873' title='bbox 485 5555 665 5677; x_wconf 54' lang='lat'>“(34)</span> <span class='ocrx_word' id='word_1_874' title='bbox 709 5556 769 5607; x_wconf 90' lang='lat'><strong><em>&#39;0</em></strong></span> <span class='ocrx_word' id='word_1_875' title='bbox 793 5555 1207 5628; x_wconf 64' lang='grc' dir='ltr'>μνημονεύων,</span> <span class='ocrx_word' id='word_1_876' title='bbox 1241 5574 1345 5618; x_wconf 87' lang='lat' dir='ltr'><strong><em>etc.</em></strong></span> <span class='ocrx_word' id='word_1_877' title='bbox 1372 5563 1832 5632; x_wconf 71' lang='lat' dir='ltr'><strong><em>SchcdteGrabii,</em></strong></span> <span class='ocrx_word' id='word_1_878' title='bbox 1860 5569 2062 5624; x_wconf 81' lang='lat' dir='ltr'><strong><em>Barba-</em></strong></span> 
     </span>
    </p>
   </div>
   <div class='ocr_carea' id='block_1_113' title="bbox 556 5665 2058 5776">
    <p class='ocr_par' dir='ltr' id='par_1_113' title="bbox 556 5695 2058 5776">
     <span class='ocr_line' id='line_1_115' title="bbox 556 5695 2058 5776; baseline 0.012 -27"><span class='ocrx_word' id='word_1_879' title='bbox 556 5695 666 5767; x_wconf 70' lang='grc'><strong><em>455)</em></strong></span> <span class='ocrx_word' id='word_1_880' title='bbox 707 5699 979 5755; x_wconf 72' lang='grc' dir='ltr'>Τοιοῦτον</span> <span class='ocrx_word' id='word_1_881' title='bbox 1008 5706 1366 5775; x_wconf 72' lang='grc' dir='ltr'>στεναγμόν,</span> <span class='ocrx_word' id='word_1_882' title='bbox 1405 5715 1510 5762; x_wconf 88' lang='lat' dir='ltr'><strong><em>etc.</em></strong></span> <span class='ocrx_word' id='word_1_883' title='bbox 1547 5705 1857 5776; x_wconf 78' lang='lat' dir='ltr'><strong><em>Corderius,</em></strong></span> <span class='ocrx_word' id='word_1_884' title='bbox 1889 5712 2058 5768; x_wconf 63' lang='lat' dir='ltr'><strong><em>codex</em></strong></span> 
     </span>
    </p>
   </div>
   <div class='ocr_carea' id='block_1_114' title="bbox 2171 5430 2882 5486">
    <p class='ocr_par' dir='ltr' id='par_1_114' title="bbox 2171 5430 2882 5486">
     <span class='ocr_line' id='line_1_116' title="bbox 2171 5430 2882 5486; baseline 0 -1"><span class='ocrx_word' id='word_1_885' title='bbox 2171 5430 2554 5486; x_wconf 73' lang='lat' dir='ltr'><strong><em>Cuislinianns.</em></strong></span> <span class='ocrx_word' id='word_1_886' title='bbox 2592 5430 2882 5485; x_wconf 83' lang='lat' dir='ltr'><strong><em>Barbarus.</em></strong></span> 
     </span>
    </p>
   </div>
   <div class='ocr_carea' id='block_1_115' title="bbox 2243 5497 3756 5572">
    <p class='ocr_par' dir='ltr' id='par_1_115' title="bbox 2243 5497 3756 5572">
     <span class='ocr_line' id='line_1_117' title="bbox 2243 5497 3756 5572; baseline -0.002 -18"><span class='ocrx_word' id='word_1_887' title='bbox 2243 5500 2353 5572; x_wconf 80' lang='lat'>(56)</span> <span class='ocrx_word' id='word_1_888' title='bbox 2384 5499 2574 5554; x_wconf 80' lang='grc' dir='ltr'><strong><em>Οὐδὲν</em></strong></span> <span class='ocrx_word' id='word_1_889' title='bbox 2604 5500 2776 5566; x_wconf 82' lang='grc' dir='ltr'>οὕτω,</span> <span class='ocrx_word' id='word_1_890' title='bbox 2800 5511 2907 5556; x_wconf 91' lang='lat' dir='ltr'><strong><em>etc.</em></strong></span> <span class='ocrx_word' id='word_1_891' title='bbox 2939 5498 3250 5564; x_wconf 91' lang='lat' dir='ltr'><strong><em>Corderius,</em></strong></span> <span class='ocrx_word' id='word_1_892' title='bbox 3275 5499 3442 5555; x_wconf 78' lang='lat' dir='ltr'><strong><em>codex</em></strong></span> <span class='ocrx_word' id='word_1_893' title='bbox 3463 5497 3756 5553; x_wconf 78' lang='lat' dir='ltr'><strong><em>Coislinia-</em></strong></span> 
     </span>
    </p>
   </div>
   <div class='ocr_carea' id='block_1_116' title="bbox 2171 5571 3752 5711">
    <p class='ocr_par' dir='ltr' id='par_1_116' title="bbox 2171 5571 3752 5711">
     <span class='ocr_line' id='line_1_118' title="bbox 2171 5571 2614 5630; baseline 0.002 -6"><span class='ocrx_word' id='word_1_894' title='bbox 2171 5571 2294 5630; x_wconf 79' lang='lat' dir='ltr'><strong><em>nus.</em></strong></span> <span class='ocrx_word' id='word_1_895' title='bbox 2321 5571 2614 5625; x_wconf 85' lang='lat' dir='ltr'><strong><em>Barbarus.</em></strong></span> 
     </span>
     <span class='ocr_line' id='line_1_119' title="bbox 2243 5639 3752 5711; baseline -0.001 -17"><span class='ocrx_word' id='word_1_896' title='bbox 2243 5641 2354 5711; x_wconf 83' lang='lat'>(37)</span> <span class='ocrx_word' id='word_1_897' title='bbox 2391 5643 2694 5711; x_wconf 78' lang='grc' dir='ltr'>Δαιμόνων</span> <span class='ocrx_word' id='word_1_898' title='bbox 2713 5642 2801 5709; x_wconf 81' lang='grc' dir='ltr'>τό,</span> <span class='ocrx_word' id='word_1_899' title='bbox 2845 5651 2951 5698; x_wconf 87' lang='lat' dir='ltr'><strong><em>etc.</em></strong></span> <span class='ocrx_word' id='word_1_900' title='bbox 3008 5641 3231 5698; x_wconf 79' lang='lat' dir='ltr'><strong><em>Sciteda:</em></strong></span> <span class='ocrx_word' id='word_1_901' title='bbox 3260 5639 3445 5696; x_wconf 85' lang='lat' dir='ltr'><strong><em>Grabii</em></strong></span> <span class='ocrx_word' id='word_1_902' title='bbox 3473 5679 3489 5706; x_wconf 89' lang='lat'><strong><em>,</em></strong></span> <span class='ocrx_word' id='word_1_903' title='bbox 3540 5639 3752 5694; x_wconf 77' lang='lat' dir='ltr'><strong><em>Barba-</em></strong></span> 
     </span>
    </p>
   </div>
   <div class='ocr_carea' id='block_1_117' title="bbox 2168 5727 2279 5765">
    <p class='ocr_par' dir='ltr' id='par_1_117' title="bbox 2168 5727 2279 5765">
     <span class='ocr_line' id='line_1_120' title="bbox 2168 5727 2279 5765; baseline 0.009 -1"><span class='ocrx_word' id='word_1_904' title='bbox 2168 5727 2228 5765; x_wconf 83' lang='lat' dir='ltr'><strong><em>l‘ll</em></strong></span> <span class='ocrx_word' id='word_1_905' title='bbox 2235 5728 2279 5765; x_wconf 81' lang='lat' dir='ltr'><strong><em>S.</em></strong></span> 
     </span>
    </p>
   </div>
  </div>
