3986 6384
253 265 393 322 1177
1194 282 1199 287 ⁴
1254 278 1559 331 διιωιΑ
1598 280 1662 329 ΙΝ
1705 281 1858 332 νδΑι

1949 283 2041 337 JS.
2077 308 2151 323 —
2186 285 2381 336 PSAL.
2431 288 2535 336 νιι.
3365 291 3503 347 H78

244 400 384 453 μου.
417 380 759 449 Εισήκουσε
778 383 991 452 Κύριος
1023 385 1131 455 τῆς
1160 387 1423 457 δεήσεώς
1456 409 1597 461 μου,
1618 394 1831 463 Κύριος

1949 398 2088 451 θείας
2111 398 2234 451 mei.
2257 397 2540 452 E‘a‘audivit
2568 397 2826 452 Dominus
2856 398 3273 468 deprecatiOnem
3314 418 3506 468 meam,

246 474 366 544 τὴν
396 474 747 545 προσευχήν
767 484 887 545 μου
922 478 1347 549 προσεδέξατο,
1379 502 1431 537 κ.
1463 502 1513 537 τ.
1545 486 1593 540 ὲ.
1635 487 1694 539 '0
1723 486 1833 541 τῶν

1949 486 2191 542 Dominus
2234 488 2525 543 orationem
2571 504 2738 542 meum
2787 490 3031 559 suscepit,
3078 501 3183 545 etc.
3221 489 3323 557 Qui
3372 488 3508 545 ﬂen-

249 566 547 620 κλαιόντων
569 568 679 638 (58)
702 570 1048 642 μακαρισμὸν
1066 575 1285 637 συνιεὶς,
1311 576 1403 628 καὶ
1418 575 1639 639 κλαίων,
1661 576 1831 631 ταῦτα

247 662 367 731 ἐρεῖ
395 660 527 712 πᾶσι
558 662 671 723 τοῖς
696 661 961 731 παροῦσιν
993 662 1141 733 αὐτῷ
1173 666 1558 737 ἐργαζομένοις
1588 668 1684 740 τὴν
1709 670 1832 722 dvo-

250 752 405 822 μίαν,
439 755 672 824 ὁρατοῖς,
725 754 998 825 ἀοράτοις.
1049 756 1273 827 Πρῶτον
1300 758 1359 810 δὲ
1401 761 1429 811 ὁ
1472 760 1607 824 Θεὸς
1649 763 1833 833 φωνῆς

246 845 341 897 καὶ
374 845 653 916 κλαυθμοῦ
677 846 884 914 ἀκούει,
908 842 1027 902 εἶτα
1053 846 1311 919 δεήσεως,
1337 848 1455 904 εἶτα
1477 852 1575 923 τὴν
1602 869 1833 924 προσευ-

246 937 349 1007 χὴν
383 938 759 1009 προσδέχεται.

318 1031 809 1100 Αἰσχυνθείησαν
836 1033 932 1086 καὶ
961 1037 1398 1105 ταραχθείησαν
1418 1036 1653 1106 σφόδρα
1680 1038 1830 1091 πάν-

245 1123 410 1185 τεςοί
424 1121 776 1193 ἐχθροίμου,
797 1142 850 1181 κ.
868 1144 919 1179 τ.
935 1127 980 1178 ὲ.
998 1127 1061 1179 Ἠ
1078 1127 1305 1199 αἰσχύνη
1324 1128 1431 1199 (59)
1450 1130 1529 1193 εἰς
1544 1130 1831 1202 συναίσθη-

247 1226 333 1264 σιν
370 1211 493 1281 ἄγει
535 1213 626 1267 τὸν
672 1216 1073 1287 ἁμαρτάνοντα.
1121 1220 1429 1285 Παύσασθε,
1479 1218 1662 1293 φησὶν,
1709 1223 1830 1292 ἐμοὶ

242 1301 315 1355 τὰ
348 1303 521 1376 ὀνείδη
558 1308 978 1379 προσφέροντεςο
1024 1310 1093 1364 τὰ
1134 1314 1306 1365 οἰκεῖα
1343 1313 1400 1366 δὲ
1449 1312 1596 1367 κακὰ
1623 1311 1831 1381 λογιζό-

244 1412 420 1465 μειιοι,
453 1398 713 1470 αἰσχύνης
747 1402 837 1454 καὶ
870 1404 1117 1474 ταραχῆς
1160 1404 1564 1477 ἀναπλήσθητε.
1613 1407 1831 1462 Δίκαιον

239 1487 353 1556 γὰρ
385 1490 479 1542 καὶ
505 1490 734 1561 φοϐερὸν
766 1492 827 1546 τὸ
859 1495 1003 1549 θεῖον
1029 1499 1332 1568 κριτήριον.

330 1583 873 1654 Ἐπιστραφείησαν
919 1589 1019 1642 καὶ
1070 1591 1551 1659 αἰσχυνθείησαν
1596 1590 1831 1661 σφόδρα

241 1673 344 1727 διὰ
368 1674 610 1745 τάχους,
643 1696 695 1731 κ.
714 1696 760 1733 τ.
780 1681 827 1732 ἑ.
876 1682 1001 1734 Ἐὰν
1040 1685 1353 1755 νικήσωμεν
1368 1683 1500 1754 (40),
1518 1684 1586 1737 τὰ
1607 1686 1830 1738 ἀντιπα-

1935 580 2070 634 tium
2095 580 2483 635 beatitudinem
2522 580 2790 652 intelligit,
2815 593 2869 637 et
2899 583 3010 647 ﬂet,
3048 583 3163 637 haec
3199 582 3345 639 dicet
3383 598 3507 637 om-

1936 670 2097 725 nibus
2128 669 2229 739 ipsi
2259 670 2592 735 astantibus,
2622 672 2977 740 Operantibus
3011 674 3371 742 iniquitatem,
3399 684 3506 728 tam

1936 762 2239 816 visibilibus
2272 777 2435 832 quam
2472 762 2859 819 invisibilibus.
2892 764 3133 820 Primum
3158 776 3339 822 autem
3366 767 3509 822 Deus

1933 869 2123 908 vocem
2154 865 2209 909 et
2232 854 2419 908 ﬂetum
2454 854 2621 919 audit,
2648 855 2841 911 deinde
2865 859 3326 926 deprecationem,
3353 859 3509 913 deni—

1934 961 2039 1019 que
2062 948 2288 1019 suscipit
2318 949 2646 1003 orationem.

2004 1039 2170 1095 Vens.
2214 1042 2299 1094 II.
2339 1040 2663 1096 Erubescant
2693 1052 2741 1096 et
2777 1041 3152 1097 conturbentur
3191 1047 3512 1098 vehementer

1934 1149 2108 1186 omnes
2131 1131 2295 1203 580
2317 1133 2520 1187 inimici
2561 1134 2681 1200 mei,
2717 1144 2828 1189 etc.
2868 1132 3048 1187 Pudor
3085 1143 3401 1204 peccantem
3442 1137 3509 1188 ad

1934 1226 2015 1279 sui
2050 1226 2216 1295 ipsius
2249 1241 2462 1281 sensum
2502 1235 2740 1281 revocat.
2789 1226 3048 1289 Desinite.
3113 1227 3318 1298 inquit,
3377 1227 3509 1282 mihi

1934 1319 2176 1375 convicia
2204 1319 2473 1390 ingerere,
2505 1329 2559 1375 et
2589 1320 2809 1392 propria
2849 1321 2990 1374 mala
3032 1330 3370 1389 reputantes,
3404 1336 3508 1391 pu-

1933 1413 2064 1467 dore
2098 1421 2154 1466 et
2180 1413 2598 1482 perturbatione
2642 1413 2983 1483 repleamini.
3025 1410 3237 1468 Iustum
3281 1412 3425 1468 enim
3454 1422 3513 1468 et

1934 1503 2275 1557 tremendum
2310 1513 2393 1559 est
2423 1504 2515 1559 Dei
2538 1504 2823 1573 judicium.

2006 1592 2173 1650 Vens.
2213 1595 2300 1651 Il.
2335 1593 2719 1651 Convertuntur
2762 1609 2809 1651 et
2852 1596 3160 1652 erubescant
3200 1594 3351 1651 valde
3383 1593 3514 1649 velo-

1934 1685 2083 1752 citer,
2124 1697 2233 1744 etc.
2265 1686 2320 1741 Si
2347 1689 2582 1743 victores
2610 1688 2913 1753 evadimus,
2937 1704 3000 1743 ea
3027 1702 3151 1758 quae
3182 1696 3371 1742 contra
3414 1701 3511 1741 nos

240 1763 462 1818 λαίοντα
492 1770 961 1839 καταισχύνονται,
999 1773 1231 1843 μάλιστα
1257 1776 1343 1829 ὅτε
1372 1793 1454 1839 τις
1484 1777 1513 1828 ὁ
1545 1775 1823 1847 ἄνθρωπος

1949 1788 2190 1846 iugnant,
2244 1780 2450 1850 pudore
2515 1778 2965 1844 confunduntur,
3030 1779 3331 1849 praesertim
3386 1792 3510 1832 cum

239 1854 448 1909 τούτων
481 1860 744 1930 κρείττων
778 1862 1111 1933 εὑρίσκεται,
1147 1865 1242 1917 καὶ
1274 1866 1518 1935 συγχέων
1558 1868 1825 1938 ταράσσει

240 1946 383 2000 αὐτὰ
413 1951 478 2020 τῇ
508 1950 700 2004 ἑαυτοῦ
736 1953 913 2025 σοφία.
946 1956 1101 2027 Τάχα
1132 1957 1187 2010 δὲ
1221 1957 1314 2010 καὶ
1344 1958 1662 2029 ἐπιστρέφει
1688 1959 1826 2012 αὐτὰ

238 2039 621 2108 αἰσχυνθέντα,
650 2044 744 2098 καὶ
773 2047 981 2116 ταχέως
1010 2051 1038 2101 ὁ
1069 2042 1224 2118 ἅγιος
1265 2048 1423 2101 τοῦτο
1449 2051 1610 2101 ποιεῖ.

318 2222 429 2276 Τοῦ
456 2212 662 2281 αὑτοῦ.
689 2226 925 2298 Νοήσεις
952 2230 1122 2282 ταῦτα
1150 2229 1403 2298 λέγεσθαι
1432 2229 1525 2283 καὶ
1549 2228 1686 2299 πρὸς
1706 2227 1833 2291 τοὺς

236 2313 339 2383 τὴν
390 2318 733 2390 κατασκευὴν
783 2320 931 2391 αὐτῷ
986 2321 1504 2392 κατεργασαμένους
1561 2319 1829 2390 ἀοράτους

238 2404 470 2476 ἐχθροὺς
507 2407 998 2483 διαφθονουμένους
1033 2417 1099 2485 τῇ
1147 2413 1287 2468 κατὰ
1321 2413 1453 2466 Θεὸν
1485 2411 1647 2465 αὐτοῦ
1694 2426 1827 2482 προ-

240 2501 407 2569 κυπῇ,
444 2502 536 2555 καὶ
572 2505 708 2572 μετὰ
738 2506 837 2577 τὴν
893 2507 1169 2579 ἁμαρτίαν
1221 2507 1615 2571 ἐπιϐαίνοντας,
1652 2507 1710 2559 ὲν
1746 2498 1829 2567 οἷς

1932 1869 2093 1925 homo
2123 1871 2395 1941 quispiam
2429 1873 2515 1928 his
2539 1871 2730 1928 melior
2764 1872 3062 1939 invenitur,
3090 1882 3146 1927 et
3172 1869 3512 1926 confundens

1932 1974 1994 2014 ea
2022 1965 2305 2030 perturbat
2330 1966 2597 2034 sapientia
2642 1982 2763 2021 sua.
2812 1966 2973 2021 Forte
3018 1965 3182 2019 etiam
3230 1963 3430 2017 accidit
3453 1971 3515 2016 ut

1933 2067 1995 2106 ea
2023 2052 2311 2121 pudefacta
2340 2066 2649 2113 convertat.
2694 2058 2835 2126 Quin
2878 2068 2933 2113 et
2975 2067 3201 2112 sanctus
3257 2054 3367 2111 cito
3406 2054 3512 2111 hoc

1934 2153 2177 2213 praestat.

2004 2228 2281 2299 Eiusdem.
2319 2235 2444 2291 Ilazc
2478 2236 2643 2291 etiam
2680 2237 2785 2292 dici
2821 2236 3037 2306 putabis
3083 2236 3348 2290 adversus
3372 2232 3513 2288 invi--

1930 2321 2118 2378 sibiles
2155 2326 2360 2391 hostes,
2400 2328 2491 2397 qui
2523 2330 2763 2382 divinum
2806 2328 2924 2399 ejus
2970 2342 3319 2397 progressum
3372 2326 3513 2380 invi-

1932 2411 2141 2479 dentes,
2176 2415 2398 2474 insidias
2428 2420 2476 2473 ei
2522 2427 2861 2484 struxerunt,
2895 2429 2949 2473 et
2985 2427 3107 2489 post
3143 2418 3260 2487 ejus
3314 2431 3512 2487 pecca-

1930 2511 2041 2555 tum
2067 2505 2399 2563 iusultabant
2432 2509 2678 2565 dicentes
2709 2509 2755 2540 ⁸¹
2788 2525 2803 2564 :
2842 2527 2861 2561 ι
2893 2508 3008 2563 Non
3043 2516 3127 2564 est
3151 2507 3297 2563 salus
3328 2507 3429 2579 ipsi
3457 2506 3514 2562 in

1941 2595 2048 2650 Deo
2074 2596 2209 2665 ejus.
2252 2618 2273 2653 ι

240 2588 442 2658 ἔλεγον·
476 2611 493 2645 ι
517 2594 631 2648 Οὐκ
660 2595 773 2649 ἔστι
808 2599 1054 2671 σωτηρία
1084 2598 1232 2669 αὐτῷ
1266 2600 1324 2652 ὲν
1350 2597 1427 2669 τῷ
1455 2598 1574 2671 Θεῴ
1605 2595 1825 2651 αὐτοῦ.»

1057 2826 1147 2880 EX
1180 2822 1714 2883 COMMENTARIIS
1749 2823 2079 2880 ORIGENIS
2122 2825 2184 2881 IN
2224 2824 2563 2884 PSALMUM
2615 2825 2705 2885 Vl.

324 3075 589 3132 Possibile
620 3076 729 3148 (Η)
757 3086 837 3132 est
861 3079 1216 3141 considerare
1243 3096 1309 3136 ex
1339 3079 1426 3135 his
1467 3080 1704 3136 maxime
1726 3080 2026 3146 doloribus,
2050 3096 2189 3150 quos
2222 3080 2276 3134 in
2303 3081 2408 3136 hoc
2433 3096 2663 3149 corpore
2688 3082 2847 3151 positi
2872 3083 3159 3146 sentimus,
3199 3081 3290 3151 qui
3322 3096 3513 3151 quam-

236 3173 320 3227 vis
360 3171 542 3239 magni
572 3170 701 3235 sint,
734 3172 913 3226 brevis
946 3181 1093 3227 certe
1122 3183 1250 3227 sunt
1279 3174 1559 3241 temporis,
1590 3188 1687 3241 pro
1709 3188 1774 3226 eo
1806 3175 1949 3241 quod
1981 3173 2024 3227 si
2052 3172 2211 3241 paulo
2238 3172 2675 3228 vehementiores
2706 3173 3032 3236 exstiterint,
3066 3174 3326 3228 continuo
3349 3171 3512 3227 etiam
3548 3222 3571 3245 ,ν

237 3268 361 3320 vitae
383 3266 613 3321 celerem
642 3265 878 3320 inferunt
910 3266 1091 3320 linem.
1135 3266 1379 3335 Denique
1420 3267 1594 3333 multi,
1628 3266 1671 3320 si
1712 3280 1803 3320 res
1830 3266 2163 3336 poposcerit,
2196 3281 2295 3335 pro
2335 3266 2557 3336 pictatis
2598 3264 2943 3322 confessione
2984 3266 3034 3321 in
3068 3266 3197 3335 ipsis
3227 3265 3512 3320 tormentis
3576 3250 3595 3263 “⁷

239 3361 477 3416 animum
507 3360 783 3415 reddunt:
816 3361 908 3415 alii
941 3378 1075 3417 vero
1101 3363 1152 3416 in
1183 3362 1299 3432 ipso
1321 3362 1432 3433 jam
1461 3377 1677 3417 coronae
1708 3361 1855 3416 aditu
1901 3363 2063 3431 positi
2093 3362 2365 3431 deuegant
2392 3362 2570 3427 ﬁdem,
2599 3379 2761 3431 quam
2800 3378 2971 3431 usque
3009 3362 3074 3414 ad
3111 3371 3339 3415 mortem
3383 3376 3510 3430 pro-

239 3463 537 3523 pomerant
566 3438 835 3507 cenliteri.
881 3451 945 3507 Et
974 3455 1073 3508 hoc
1107 3471 1213 3507 non
1238 3454 1424 3523 utique
1468 3452 1836 3506 diminutione
1878 3452 2141 3521 propositi
2191 3450 2495 3521 patiuntur,
2529 3450 2625 3505 sed
2660 3451 2709 3503 vi
2744 3449 2946 3504 doloris
2973 3449 3136 3502 nimia
3170 3456 3224 3502 et
3254 3448 3512 3504 intolera-

236 3545 332 3600 bili
365 3543 632 3615 superati.
661 3542 718 3598 Si
750 3560 878 3611 ergo
912 3546 963 3599 in
997 3547 1096 3600 hac
1130 3546 1388 3615 praesenti
1427 3546 1538 3599 vita
1574 3554 1680 3597 tam
1715 3543 2091 3598 intolerabiles
2138 3556 2267 3598 sunt
2309 3559 2598 3614 pomorum
2645 3542 2883 3604 dolores.
2911 3541 3039 3611 quid
3074 3540 3369 3610 putandum
3406 3550 3508 3603 est,

234 3655 361 3696 cum
396 3656 501 3693 non
525 3640 635 3708 jam
662 3640 922 3694 crassiori
950 3641 1133 3695 anima
1163 3651 1347 3695 utetur
1388 3641 1727 3703 indumento,
1760 3639 1854 3693 sed
1881 3653 2003 3692 cmn
2039 3638 2091 3692 id
2131 3639 2421 3708 spiritnale
2456 3636 2710 3695 ell'ectum
2736 3653 2801 3691 ex
2830 3636 3235 3692 resurrectione
3262 3634 3509 3704 recipiet,

235 3743 291 3789 et
320 3746 385 3787 eo
421 3734 807 3789 vehementius
846 3736 1036 3804 utique
1068 3752 1176 3805 quo
1208 3735 1464 3790 subtilius
1495 3744 1601 3801 est,
1638 3735 1840 3788 sentiet
1866 3734 1971 3787 vim
2007 3733 2250 3789 doloris?
2289 3734 2427 3788 Puto
2473 3737 2616 3789 enim
2655 3735 2797 3804 quod
2841 3744 3041 3803 quanta
3088 3731 3396 3785 differentia
3426 3738 3513 3784 est

236 3826 295 3883 in
320 3829 574 3896 praesenti
600 3829 799 3883 saeculo
831 3831 1029 3883 nudum
1056 3831 1365 3896 verberari,
1388 3846 1551 3901 quam
1578 3829 1856 3893 vestitum,
1894 3830 1960 3881 ad
1990 3830 2435 3909 persentiendiun
2477 3828 2690 3883 scilicet
2721 3830 3052 3892 cruciatum,
3086 3840 3151 3881 eo
3177 3826 3319 3896 quod
3346 3825 3511 3880 vehe-

235 3924 473 3979 tnentius
521 3924 719 3978 nudum
772 3941 970 3995 corpus
1018 3928 1263 3982 crueient
1322 3928 1551 3983 verbera
1603 3939 1764 3995 quam
1808 3925 2063 3979 vestitum
2114 3943 2127 3979 :
2180 3936 2390 3979 tantum
2436 3936 2569 3993 puto
2623 3923 2861 3978 futuram
2891 3920 3251 3976 diﬂ‘erentiam
3282 3919 3507 3982 doloris,

240 4034 367 4073 cum
397 4032 593 4086 corpus
625 4018 917 4072 humanum
954 4020 1337 4075 crassitudinis
1367 4018 1525 4088 hujus
1584 4018 1898 4072 indumento
1935 4016 2180 4086 deposito
2216 4018 2360 4071 velut
2392 4019 2591 4071 nudum
2618 4031 2819 4085 corpus
2850 4015 3077 4085 cmperit
3100 4013 3370 4070 sustinere
3394 4022 3507 4069 tor-

238 4124 444 4167 menta.

830 4333 974 4386 ΨΑΛ
983 4334 1125 4386 ΜοΣ
1164 4335 1237 4386 Z’.

313 4426 509 4494 Κύριε,
548 4426 581 4478 ό
618 4425 763 4490 Θεός
786 4443 925 4494 μου,
958 4425 1056 4478 ἐπὶ
1093 4425 1191 4479 0'02
1235 4424 1490 4492 ἤλπισα,
1522 4425 1730 4480 σῶσόν
1756 4442 1833 4495 με

2493 4332 2814 4389 I‘SALMUS
2854 4333 2960 4388 VII.

2010 4426 2173 4480 Vens.
2202 4425 2258 4489 2,
2284 4423 2338 4477 5.
2372 4422 2594 4479 Domine
2628 4424 2764 4478 Dens
2792 4441 2959 4487 meus,
2998 4423 3051 4477 in
3081 4432 3129 4476 te
3149 4424 3376 4492 speravi,
3403 4425 3514 4479 sal-

240 4520 309 4572 ἐκ
339 4518 582 4572 πάντων
610 4518 727 4571 τῶν
754 4518 1090 4571 διωκόντων
1118 4534 1214 4586 με,
1252 4518 1349 4574 καὶ
1376 4518 1566 4586 ῥῦσαί
1592 4535 1688 4588 με,
1718 4519 1834 4588 μή·

1949 4534 2050 4570 ι’ωιι
2077 4533 2155 4571 me
2176 4516 2262 4584 fac
2284 4533 2348 4570 ea:
2381 4518 2621 4570 omnibus
2670 4516 3098 4584 persequentibus
3131 4531 3233 4581 me,
3261 4524 3308 4569 et
3348 4516 3511 4571 libera

238 4628 385 4664 ποτε
414 4609 663 4678 ἁρπάσῃ
697 4610 778 4675 ὡς
819 4609 977 4664 λέων
1005 4608 1119 4677 τὴν
1158 4610 1368 4678 ψυχήν
1402 4626 1543 4678 μου,
1587 4629 1640 4663 κ.
1690 4628 1740 4665 τ.
1780 4612 1828 4664 ὲ.

239 4702 374 4756 Καθ’
398 4702 625 4755 ἕκαστον
646 4701 755 4772 (42)
776 4702 884 4755 τῶν
905 4702 995 4753 ἐπὶ
1014 4701 1259 4772 ἁμαρτία
1282 4700 1611 4771 ἐρεθισμῶν,
1638 4701 1829 4755 διωκό-

246 4790 385 4860 μεθα
415 4792 520 4843 ὑπὸ
569 4789 661 4843 τοῦ
702 4789 1049 4861 ἐνεργοῦντος
1097 4789 1156 4840 τὸ
1206 4787 1469 4859 ἑρεθίζον.
1522 4790 1722 4860 Διόπερ
1760 4793 1825 4844 ὲκ

239 4883 427 4936 τούτου
470 4884 580 4937 νόει
620 4884 733 4936 ὅσοι
778 4882 1031 4935 διώκουσι
1084 4881 1174 4934 τὸν
1223 4879 1529 4950 ἄνθρωπον,
1565 4882 1623 4947 ἐξ
1672 4873 1746 4934 ὧν
1797 4883 1826 4934 ὁ

238 4976 522 5046 Προφήτης
574 4973 839 5045 ρυσθῆναι
899 4971 1139 5042 εὔχεται,
1186 4971 1233 5023 εἰ
1288 4971 1362 5041 μὴ
1421 4970 1665 5042 ρυσθείη,
1718 4972 1824 5042 τῆς

238 5068 415 5139 ιζυχῆς
452 5066 615 5122 αὑτοῦ
663 5068 737 5129 ὡς
768 5066 873 5118 ὑπὸ
901 5066 1113 5123 λέοντος
1141 5062 1653 5135 ἁρπασθησομένης.

312 5161 490 5229 Κύριε
519 5162 551 5214 ό
594 5161 738 5224 Θεός
774 5176 915 5227 μου,
952 5160 1005 5211 εἰ
1045 5158 1303 5224 ἐποίησα
1334 5155 1528 5219 τοῦτο,
1570 5160 1623 5209 εὶ
1652 5158 1825 5211 ἔστιν

240 5253 439 5309 ἀδικία
495 5254 565 5307 ἐν
614 5253 787 5321 χερσί
841 5268 982 5321 μου,
1040 5269 1094 5305 κ.
1133 5268 1183 5303 τ.
1232 5252 1278 5304 ὲ.
1331 5250 1473 5321 Πρὸς
1518 5251 1825 5322 ἀμνησικα-

308 5390 352 5420 ⁸⁸
381 5387 521 5444 Psal.
562 5404 641 5455 ιιι,
673 5390 726 5443 5.

313 5501 424 5570 (59)
473 5503 529 5555 Ὀ
559 5502 676 5557 τῶν
704 5504 1054 5559 κλαιόντων.
1083 5512 1185 5556 etc.
1217 5502 1533 5557 Corderius.

308 5574 419 5641 ὧν)
461 5572 522 5625 Ἡ
550 5574 833 5641 αἰσχύνη,
865 5582 965 5625 etc.
998 5572 1222 5627 Scltedre
1257 5571 1474 5636 Graliii,
1518 5574 1812 5629 Barbarus.

238 5636 420 5758 ΝΜΟ)
457 5643 600 5698 Ἐὰν
628 5636 987 5713 νικήσωμεν,
1017 5654 1120 5699 etc.
1144 5643 1369 5700 Scheduc
1394 5644 1600 5709 Grabii,
1626 5644 1819 5701 Barba-

308 5723 353 5762 s.
1350 5758 1357 5762 .

1934 4628 2035 4675 me,
2080 4627 2142 4664 ne
2194 4611 2404 4681 quando
2451 4609 2624 4677 rapiat
2657 4618 2709 4659 ut
2751 4608 2830 4660 leo
2883 4608 3115 4661 animam
3160 4624 3348 4673 meum,
3401 4619 3509 4664 etc.

1935 4703 2160 4769 Quoties
2187 4703 2251 4755 ad
2290 4710 2572 4771 peceatum
2618 4698 2929 4763 incitamur,
2966 4698 3129 4753 toties
3166 4714 3422 4768 urgemur
3442 4703 3512 4755 ab

1934 4810 1998 4846 eo
2025 4794 2116 4863 qui
2154 4791 2317 4847 eﬂicit
2362 4792 2801 4846 incitamentum.
2850 4790 3197 4859 Quapropter
3243 4792 3370 4847 hinc
3423 4792 3510 4846 in-

1931 4888 2111 4957 tellige
2137 4895 2269 4957 quot
2325 4896 2707 4956 persecutores
2749 4884 2944 4940 habent
2991 4887 3153 4941 homo
3206 4902 3273 4942 ex
3309 4887 3507 4957 quibus

1932 4978 2156 5033 liberari
2198 4994 2257 5033 se
2291 4988 2415 5033 orat
2448 4976 2738 5048 Propheta,
2779 4979 2931 5048 cujus
2965 4979 3168 5042 anima,
3201 4978 3254 5032 ni
3284 4977 3512 5033 liberat.-

1929 5070 2116 5135 fuerit,
2146 5071 2309 5125 veluti
2343 5071 2411 5124 ab
2443 5072 2599 5125 leone
2621 5070 2929 5126 devoranda
2965 5072 3055 5124 sit.

2006 5161 2169 5215 Vens.
2209 5160 2266 5214 Δ.
2305 5159 2529 5214 Domine
2562 5159 2701 5215 Deus
2749 5178 2913 5226 meus,
2946 5164 2991 5215 si
3023 5161 3123 5230 feci
3151 5160 3318 5225 istud,
3354 5158 3400 5213 si
3435 5170 3509 5213 est

1931 5256 2182 5317 iniquitas
2208 5256 2260 5308 in
2281 5255 2520 5308 manibus
2546 5255 2915 5319 meis,etc.Ad
2938 5251 3508 5323 injuriarumoblivio-

2001 5508 2111 5581 (41)
2142 5509 2487 5578 Desumptum
2515 5517 2595 5563 est
2628 5509 2727 5562 hoc
2759 5509 3121 5574 fragmentum
3151 5518 3217 5559 ex
3242 5504 3505 5578 Apologia

1928 5602 2191 5670 Pamphili
2226 5602 2479 5670 martyris
2507 5617 2601 5670 pro
2641 5599 2883 5668 Origene.

2001 5714 2109 5775 lit!)
2146 5714 2285 5768 Καθ’
2312 5713 2591 5773 ἕκαστον.
2629 5719 2734 5767 etc.
2763 5707 2943 5767 Codex
2977 5707 3110 5766 Roe.
