3986 6384
493 363 630 416 11⁸19

1901 355 1990 405 ιλ
2032 354 2333 407 υιςιῦΕινΕ

3617 357 3764 413 1180

492 499 617 539 nem
642 482 772 538 utile
804 479 1013 537 esthoc
1040 478 1273 536 dictum.
1308 477 1366 534 Si
1409 477 1536 542 feci,
1563 476 1763 547 inquit,
1787 475 1932 545 quod
1967 489 2056 544 pa-

2174 473 2288 527 κίαν
2308 473 2419 544 (45)
2434 474 2703 545 χρήσιμον
2725 474 2786 526 τὸ
2816 473 3000 545 ῥητόν.
3023 473 3086 527 Ei
3103 473 3354 546 ἐποίησα,
3371 492 3444 546 φη
3455 477 3528 541 σι,
3545 476 3710 531 τοῦτο
3732 480 3761 531 ὅ

494 578 636 633 tior:
668 577 711 632 si
738 575 1007 633 insurrexi
1035 573 1298 629 adversus
1348 582 1580 642 patrem,
1619 581 1712 625 aut
1744 571 1925 641 inique
1956 571 2062 640 egi.

489 667 749 738 Proponit
780 667 926 722 enim
953 664 1276 735 injuriarum
1316 661 1474 732 58.1
1523 662 1879 727 oblivionem,
1929 661 2066 716 divi-

492 773 617 812 nam
649 759 912 812 invocans
955 754 1410 811 misericordiam.

565 846 727 904 γεω.
757 849 814 904 5.
855 847 913 903 Si
945 848 1151 904 reddidi
1185 845 1594 901 retribuenlibus
1617 846 1750 900 mihi
1779 845 1950 910 mala,
1975 845 2067 900 de-

490 943 663 997 cidam
693 942 880 997 merito
911 942 976 996 ab
1004 941 1233 996 inimicis
1264 941 1394 995 meis
1427 940 1623 1004 inanis,
1666 950 1770 994 etc.
1801 939 1908 993 Lex
1946 949 2063 993 tanv

489 1049 652 1104 quam
686 1035 1009 1103 ptedagogus
1046 1041 1104 1087 ut
1130 1031 1368 1103 parvulis
1411 1030 1504 1100 qui
1531 1031 1707 1085 adhuc
1741 1031 2067 1087 erudiuntur

489 1127 719 1183 reddere
771 1126 912 1181 mala
951 1127 1236 1196 permittit,
1267 1134 1323 1179 at
1372 1123 1460 1178 hic
1512 1138 1618 1179 non
1669 1123 1899 1192 amplius
1947 1134 2066 1179 erat

488 1219 747 1289 parvulus
801 1220 856 1274 in
897 1219 1112 1275 Christo
1141 1259 1157 1286 ,
1207 1218 1306 1274 sed
1343 1219 1454 1288 jam
1503 1216 1586 1270 vir
1626 1215 1847 1285 quidam
1899 1231 2064 1270 evan-

490 1314 718 1386 gelicus.
775 1332 794 1367 ι
855 1313 1109 1368 Decidam
1166 1313 1388 1366 merito.
1444 1329 1465 1362 ι
1501 1307 1690 1364 Justus
1735 1307 1909 1362 victor
1953 1308 2063 1378 ple-

489 1421 594 1461 nus
647 1406 716 1461 ab
784 1406 1020 1462 inimicis
1085 1405 1400 1476 egreditur.
1464 1403 1638 1457 malus
1699 1417 1828 1458 vero
1889 1402 2065 1458 victus

490 1499 694 1553 decidit
725 1499 792 1555 ab
829 1498 939 1554 illis
981 1497 1189 1565 inanis,
1225 1511 1325 1552 nec
1366 1495 1533 1551 ullam
1567 1494 1734 1564 habet
1767 1495 2061 1567 plenitudi-

489 1607 636 1646 netu.

560 1681 837 1751 Ejusdem.
883 1681 1063 1738 Inanis
1117 1691 1202 1737 est
1253 1681 1347 1752 qui
1395 1697 1502 1736 non
1539 1682 1664 1737 dicit
1701 1682 1794 1734 ⁸³ε
1837 1699 1854 1732 ι
1905 1680 1969 1734 Ει
1997 1681 2063 1735 de

2173 569 2385 639 πάσχων
2416 571 2462 623 εἰ
2493 569 2794 639 ἐπανέστην
2820 568 2896 639 τῷ
2924 569 3113 639 πατρὶ,
3139 568 3170 640 ἢ
3205 571 3589 642 παρενόμησα.
3615 571 3760 644 “per

2173 661 2424 716 ϐάλλεται
2463 663 2572 735 γὰρ
2612 662 2674 715 τὸ
2713 663 3108 733 ἀμνησίκακον,
3151 661 3243 716 τὸν
3286 662 3380 716 τοῦ
3430 662 3565 716 Θεοῦ
3604 662 3757 717 ἔλεον

2173 755 2404 810 ὲκκαλοῦ
2413 773 2590 826 μενος.

2243 851 2311 902 ΕΖ
2341 846 2727 901 ἀνταπέὸιυκα
2768 845 2892 912 τοῖς
2917 844 3390 900 ἀνταποδιδοῦσι
3425 864 3528 916 μοι
3567 846 3751 907 κακὰ,

2172 939 2528 1008 ἀποπέσοιμι
2553 939 2668 1007 ἄρα
2685 939 2801 992 ἀπὸ
2821 938 2938 992 τῶν
2955 937 3181 1006 ἐχθρῶν
3196 958 3315 1009 μου
3337 939 3534 1006 κενός,
3556 957 3608 992 κ.
3623 956 3677 992 τ.
3701 940 3749 992 ὲ.

2172 1032 2234 1084 Εἰ
2270 1034 2298 1084 6
2331 1030 2672 1100 παιδαγωγὸς
2715 1031 2876 1101 νόμος
2908 1031 3018 1102 (Η)
3037 1034 3308 1103 συγχωρεῖ
3337 1032 3751 1086 ἀνταποδιδόναι

2173 1124 2338 1188 κακὰ,
2356 1124 2430 1186 ὡς
2445 1123 2658 1195 νηπίοις
2683 1126 2793 1188 τοῖς
2809 1124 3342 1196 παιδαγωγουμένοις
3355 1125 3453 1189 ἔτι,
3481 1119 3634 1189 οὗτος
3647 1127 3752 1178 οῦκ

2172 1219 2251 1271 ἔτι
2281 1221 2473 1290 νήπιος
2497 1214 2565 1290 ἦν
2588 1221 2645 1271 ἐν
2667 1217 3036 1291 Χριστῷ,ἀλλ’
3051 1219 3234 1271 ἔκτοτε
3266 1218 3618 1287 εὐαγγελικός
3641 1236 3748 1282 τις.

2177 1330 2194 1360 ι
2221 1310 2578 1380 Ἀποπέσοιμι
2607 1309 2734 1381 ἄρα.
2780 1330 2798 1362 ι
2843 1311 2902 1363 'l)
2933 1311 3030 1381 μὲν
3057 1310 3282 1374 δίκαιος,
3323 1311 3574 1380 νικήσας,
3609 1308 3750 1378 πλη-

2174 1418 2272 1472 ρης
2306 1402 2414 1455 ἀπὸ
2454 1401 2562 1454 τῶν
2611 1400 2818 1472 ἐχθρῶν
2869 1399 3178 1472 ἐξέρχεται·
3225 1401 3253 1452 6
3301 1399 3357 1453 δὲ
3400 1398 3621 1468 φαῦλος,
3673 1398 3749 1462 ὡς

2170 1493 2432 1564 νικηθεὶς,
2478 1493 2773 1547 ἀποπίπτει
2804 1491 2983 1546 αὐτῶν
3036 1492 3211 1558 κενὸς,
3260 1492 3356 1546 καὶ
3399 1491 3549 1545 οὐδὲν
3607 1489 3748 1562 ἔχων

2171 1586 2555 1659 πληρώματος.

2246 1679 2354 1734 Τοῦ
2406 1678 2612 1734 αὐτοῦ.
2651 1679 2821 1742 Κενός
2850 1683 2996 1732 ἐστιν
3037 1680 3066 1732 6
3098 1678 3170 1754 μὴ
3213 1678 3387 1748 λέγων
3412 1697 3424 1711 ’
3467 1699 3486 1731 ι
3532 1681 3646 1734 Καὶ
3681 1680 3748 1732 ἐκ

488 1772 826 1842 plenitudine
869 1774 988 1845 ejus
1018 1789 1122 1828 nos
1147 1789 1337 1829 omnes
1368 1775 1699 1843 accepimus.
1741 1792 1758 1826 ι
1797 1774 1898 1840 Qui
1932 1789 2056 1828 vero

2174 1771 2262 1825 τοῦ
2294 1771 2662 1842 πληρώματος
2715 1770 2882 1824 αὑτοῦ
2933 1772 3093 1842 ἡμεῖς
3139 1770 3339 1834 πάντες
3389 1770 3676 1841 ἐλάϐομεν.
3721 1791 3739 1822 s

489 1865 753 1934 ejusmodi
786 1876 934 1930 sunt,
967 1867 1264 1922 arundines
1315 1867 1480 1921 etiam
1531 1877 1820 1931 vocantur,
1857 1881 1976 1935 qua:
2010 1868 2056 1919 in

2174 1863 2226 1913 Ui
2280 1860 2335 1913 δὲ
2378 1861 2605 1914 τοιοῦτοι
2640 1863 2734 1915 καὶ
2781 1861 3014 1933 κάλαμοι
3059 1861 3305 1930 λέγονται
3354 1861 3645 1932 τρέφοντες
3687 1862 3746 1913 ἐν

490 1971 549 2012 se
597 1957 883 2011 enutriunt
935 1956 1124 2026 feras,
1187 1959 1255 2013 de
1313 1958 1512 2028 quibus
1558 1957 1759 2011 dictum
1811 1968 1896 2012 est
1945 1958 1992 1990 ⁸⁸
2047 1975 2060 2011 :

492 2067 512 2102 ι
556 2048 785 2118 lncrepa
837 2049 980 2105 feras
1030 2050 1333 2106 arundinis.
1396 2068 1415 2102 ι
1471 2049 1601 2109 Ει,‹
1652 2049 1930 2114 Diabolus,
1977 2050 2062 2103 in-

486 2141 606 2212 quit
633 2140 732 2197 Job
765 2141 835 2207 3',
871 2141 1073 2197 dormit
1094 2141 1252 2212 juxta
1281 2157 1571 2212 papyrum,
1599 2153 1652 2196 et
1687 2142 1980 2207 calamum,
2008 2152 2063 2198 et

367 2271 372 2276 ρ
441 2293 450 2302 I
486 2241 784 2288 carectum.
837 2249 858 2285 ι
903 2230 1022 2302 ipse
1063 2233 1208 2286 etnim
1244 2246 1337 2286 rex
1369 2241 1453 2286 est
1479 2244 1669 2286 eorum
1697 2245 1814 2300 qua:
1847 2243 1974 2288 sum
2008 2234 2061 2287 in

485 2339 662 2394 aquis.

563 2414 724 2469 Vens.
765 2413 818 2468 6.
851 2411 1211 2484 Persequatur
1241 2413 1487 2469 inimicm
1522 2415 1753 2470 animam
1788 2431 1981 2481 meam,
2015 2425 2062 2471 et

485 2505 911 2574 comprehendat,
938 2500 987 2559 et
1017 2506 1286 2560 conculcet
1317 2505 1372 2558 in
1419 2514 1558 2560 terra
1594 2506 1759 2561 vitam
1789 2522 1977 2570 meam,
2013 2518 2062 2562 et

483 2595 708 2663 gloriam
745 2611 915 2649 meam
956 2596 1011 2648 in
1038 2595 1304 2664 pulverem
1350 2596 1600 2659 deducat,
1649 2607 1759 2654 etc.
1795 2596 1913 2652 Vita
1943 2599 2062 2668 ejus

483 2685 572 2754 qui
610 2687 787 2740 adhuc
811 2687 1013 2748 terreni
1048 2687 1340 2756 imaginem
1366 2698 1569 2755 portat,
1602 2689 1656 2743 in
1689 2701 1895 2745 terram
1935 2707 2065 2746 con-

483 2775 738 2830 culcatur
765 2778 834 2831 ab
860 2777 1100 2832 inimico.
1143 2777 1273 2846 Ejus
1318 2765 1491 2847 gloria
1521 2778 1624 2833 etsi
1647 2779 1918 2836 celebrari
1955 2782 2062 2836 ali-

483 2867 703 2938 quando
753 2867 1024 2931 videatur,
1055 2867 1110 2923 in
1159 2867 1434 2938 pulverem
1464 2876 1649 2924 tamen
1696 2871 1923 2925 deducta
1955 2882 2059 2939 est,

485 2975 589 3014 non
622 2974 778 3015 secus
824 2975 889 3015 ac
931 2975 1121 3016 eorum
1171 2960 1341 3030 gloria
1386 2960 1479 3028 qui
1521 2960 1794 3033 quidpiam
1828 2961 2061 3030 faciunt,

483 3062 541 3104 ut
571 3049 797 3122 gloriam
829 3061 884 3107 et
919 3050 1130 3107 laudem
1186 3052 1325 3124 vulgi
1359 3062 1576 3124 captent
1607 3061 1663 3109 et
1695 3053 1764 3110 ab
1819 3053 1924 3109 illis
1952 3070 2050 3124 ap-

486 3145 811 3213 probentur.

554 3233 722 3288 Vsns.
757 3235 810 3290 7.
850 3235 1114 3307 Exsurge,
1136 3237 1380 3304 Domine,
1403 3241 1456 3294 in
1479 3241 1559 3296 ira
1589 3252 1702 3308 tua,
1731 3252 1780 3296 et
1818 3240 2056 3296 exaltare

481 3329 534 3381 in
587 3329 785 3397 ﬁnibus
835 3329 1173 3384 inimicorum
1220 3347 1494 3398 meorum,
1541 3346 1646 3390 etc.
1691 3335 1833 3390 lstud
1885 3353 1903 3386 ι
1955 3350 2055 3388 ex-

482 3434 664 3489 surge,
725 3440 744 3472 ›
805 3436 910 3476 non
963 3437 1248 3492 corporeo,
1302 3426 1396 3480 sed
1437 3441 1502 3480 eo
1547 3427 1923 3496 accipiendum
1972 3435 2052 3481 est

480 3527 642 3568 sensu
719 3511 811 3581 qui
874 3513 1170 3568 vindictam
1228 3523 1284 3569 et
1355 3515 1782 3573 internecionem
1841 3517 2053 3588 signiﬁ-

479 3615 584 3660 cet.

551 3697 826 3768 Ejusdem.
879 3695 936 3752 Si
982 3697 1061 3752 ira
1096 3696 1192 3752 Dei
1233 3698 1462 3768 corripit
1495 3713 1590 3754 eos
1623 3699 1711 3768 qui
1739 3699 1860 3770 ejus
1887 3701 2054 3755 verbo

479 3789 682 3858 corripi
719 3789 1024 3856 noluerunt,
1059 3789 1106 3844 is
1129 3788 1223 3859 qui
1257 3791 1373 3846 haec
1424 3791 1579 3857 dicit,
1617 3791 1905 3847 nonnullos
1935 3808 2056 3847 ror-

482 3878 586 3947 ripi
617 3889 794 3947 rogat.
834 3878 1062 3944 Quando
1095 3895 1227 3936 vero
1267 3880 1426 3935 linem
1463 3897 1527 3937 ac
1572 3883 1869 3938 terminum
1894 3898 2052 3938 acce-

481 3969 624 4037 perit
678 3969 988 4036 inimicitia,
1033 3971 1268 4026 inimicis
1315 3972 1520 4028 Christi
1562 3974 1675 4042 jam
1733 3973 1954 4038 deletis,
1997 3973 2050 4028 in

479 4057 614 4127 ipsis
644 4058 994 4114 inimicorum
1049 4059 1251 4115 finibus
1288 4060 1548 4117 Dominus
1585 4063 1878 4128 exaltatur,
1915 4073 1968 4117 et
1995 4063 2050 4118 in

478 4151 722 4221 quolibet
755 4167 941 4206 eorum
977 4153 1067 4222 qui
1112 4165 1333 4223 propter
1379 4155 1645 4210 malitiam
1696 4156 1919 4213 Christo
1957 4157 2052 4211 ini-

477 4244 604 4299 mici
652 4254 832 4310 erant,
887 4246 1147 4301 Dominus
1195 4247 1513 4313 extollitur,
1551 4249 1838 4303 inimicitia
1886 4249 2048 4304 linem

477 4334 724 4403 capiente
751 4376 765 4400 ,
795 4344 966 4404 atque
999 4338 1447 4393 reconciliatione
1496 4340 1850 4410 amicitiaque
1895 4355 2049 4396 exor-

461 4421 676 4486 'diente.
714 4426 907 4484 Simile
935 4430 1066 4499 quid
1096 4430 1245 4486 dices
1279 4443 1337 4486 et
1367 4433 1434 4487 de
1464 4431 1704 4488 inimicis
1744 4433 1902 4504 justi.

2088 3201 2132 3260 ϐ

2167 1955 2380 2017 ἑαυτοῖς
2411 1954 2596 2025 θηρία,
2630 1955 2759 2027 περὶ
2788 1948 2864 2009 ὧν
2888 1954 3132 2027 εἴρηται*
3175 1973 3192 2006 ι
3239 1954 3592 2026 Ἐπιτίμησον
3631 1959 3745 2018 τοῖς

2165 2045 2374 2118 θηρίοις
2407 2048 2675 2119 καλάμου.
2719 2068 2737 2101 s
2771 2048 2902 2114 Καὶ,
2939 2066 2958 2100 ι
2998 2048 3058 2102 Ἰ)
3087 2047 3333 2112 διάϐολος
3357 2048 3413 2100 δὲ
3450 2048 3601 2119 παρὰ
3633 2048 3742 2101 πάι

2165 2157 2334 2212 πυρον
2358 2142 2638 2211 κοιμᾶται,
2666 2164 2682 2193 ο
2714 2140 2878 2213 φησὶν
2908 2143 2937 2194 6
2974 2139 3113 2207 Ἰὼϐ,
3157 2159 3175 2192 ι
3218 2141 3313 2193 καὶ
3336 2139 3617 2212 βούτομον,
3649 2142 3744 2196 καὶ

2166 2230 2426 2301 κάλαμον.
2472 2249 2490 2284 s
2539 2232 2727 2296 Ἀὐτὸς
2756 2231 2866 2303 γάρ
2913 2234 3029 2286 ἐστι
3071 2230 3324 2302 βασιλεὺς
3368 2230 3475 2284 τῶν
3527 2233 3584 2284 ἐν
3627 2233 3740 2294 τοῖς

2165 2323 2341 2377 ὕδασι.

2233 2417 2602 2484 Καταδιώξαι
2625 2417 2741 2486 ἄρα
2770 2419 2802 2471 ὀ
2827 2416 3042 2486 ἐχθρός
3066 2415 3181 2485 τὴν
3211 2415 3423 2486 ψυχήν
3453 2433 3594 2486 μου,
3642 2416 3738 2470 καὶ

2164 2513 2507 2576 καταλάϐοι,
2563 2509 2664 2565 καὶ
2708 2509 3127 2577 καταπατῆσαι
3169 2512 3256 2575 εις
3300 2507 3418 2578 γῆν
3445 2507 3557 2576 τὴν
3584 2507 3742 2574 ζωήν

2157 2624 2299 2676 μου,
2323 2606 2418 2660 καὶ
2451 2604 2566 2673 τὴν
2589 2604 2780 2670 δόξαν
2804 2621 2924 2674 μου
2951 2606 3039 2670 εις
3074 2601 3228 2672 χοῦν
3256 2600 3737 2668 κατασκηνώσαι,

2163 2717 2217 2752 κ.
2250 2717 2297 2752 τ.
2331 2700 2377 2751 ἐ.
2418 2698 2482 2751 Ἢ
2512 2697 2625 2768 ζωὴ
2667 2696 2775 2768 (45)
2819 2695 2913 2750 τοῦ
2946 2694 3025 2749 ἔτι
3053 2695 3152 2766 τὴν
3191 2694 3374 2748 εἰκόνα
3419 2693 3515 2746 τοῦ
3553 2692 3737 2763 χοϊκοῦ

2164 2790 2457 2864 φοροῦντος
2489 2791 2949 2860 καταπεπάτηται
2983 2788 3088 2842 ὑπὸ
3130 2785 3225 2841 τοῦ
3266 2785 3460 2858 ἐχθροῦ
3502 2789 3582 2844 εἰς
3611 2786 3735 2856 γῆν.

2163 2879 2332 2946 Οὗτος
2361 2883 2438 2946 δὲ,
2461 2882 2566 2935 κᾶν
2595 2879 2912 2948 δοξάζεσθαί
2951 2895 3080 2932 ποτε
3129 2878 3282 2949 δοκῇ,
3323 2879 3737 2949 κατεσκήνωσεν

2161 2973 2326 3029 αὐτοῦ
2353 2975 2385 3046 ἡ
2418 2972 2545 3041 δόξα
2578 2975 2656 3037 εἰς
2691 2971 2842 3042 χοῦν,
2867 2972 2944 3034 ὼς
2973 2971 3081 3024 τῶν
3115 2969 3409 3023 ποιούντων
3437 2987 3490 3022 τι
3530 2969 3615 3022 διὰ
3654 2969 3738 3023 δό-

2165 3067 2259 3132 ξαν
2288 3067 2382 3121 καὶ
2414 3067 2504 3120 τὸν
2546 3066 2695 3138 ποιρά
2728 3064 2940 3119 πολλῶν
2985 3063 3223 3128 ἔπαινον,
3259 3061 3292 3134 ἦ
3342 3060 3443 3132 τὴν
3477 3060 3606 3131 παρ’
3635 3060 3734 3114 αὑ-

2162 3155 2272 3209 τῶν
2296 3155 2590 3226 ἀποδοχήν.

2246 3246 2575 3313 Ἀνάστηθι,
2627 3246 2827 3314 Κύριε,
2862 3245 2933 3297 ἐν
2977 3241 3124 3312 ὀργῇ
3174 3256 3311 3306 σου,
3363 3241 3632 3310 ὑψώθητι
3667 3240 3738 3294 ἐν

2163 3336 2288 3403 τοῖς
2329 3337 2545 3405 πέρασι
2574 3335 2693 3391 τῶν
2730 3333 2957 3404 ἐχθρῶν
2991 3353 3133 3404 μου,
3171 3353 3224 3388 κ.
3259 3351 3310 3387 τ.
3354 3336 3400 3387 ὲ.
3431 3331 3515 3386 Οὐ
3554 3351 3738 3403 σωμα-

2161 3429 2328 3494 τικῶς
2359 3427 2466 3497 (46)
2493 3428 2711 3500 νοητέον
2731 3428 2809 3494 τὸ,
2825 3451 2842 3479 ι
2871 3427 3192 3498 ἀναστῆναι,
3216 3447 3234 3480 ›
3251 3426 3385 3481 ἀλλὰ
3407 3426 3466 3479 τὸ
3487 3443 3736 3498 τιμωρη-

2161 3522 2313 3576 τικὺν
2349 3521 2440 3575 καὶ
2461 3520 2812 3575 ἀναλωτικόν.

2237 3705 2348 3762 Τοῦ
2378 3705 2584 3760 αὐτοῦ.
2616 3706 2679 3758 El
2712 3707 2746 3776 ὴ
2766 3705 2902 3778 ὀργὴ
2923 3703 3035 3776 (47)
3056 3703 3147 3757 τοῦ
3175 3702 3311 3757 Θεοῦ
3337 3701 3579 3757 παιδεύει
3609 3703 3737 3766 τοὺς

2167 3798 2241 3870 μὴ
2273 3798 2416 3870 λόγῳ
2476 3797 2831 3868 παιδευθῆναι
2881 3797 3208 3869 θελήσαντας
3261 3795 3446 3861 αὑτοῦ,
3493 3796 3524 3848 ό
3562 3794 3737 3848 ταῦτα

2159 3891 2335 3960 λέγων
2389 3889 2744 3961 παιδευθῆναι
2796 3906 2948 3953 τινας
3005 3887 3239 3960 εῠχεται.
3282 3888 3448 3941 Ὅταν
3485 3886 3542 3939 δὲ
3581 3887 3736 3950 τέλος

2164 3983 2258 4037 καὶ
2286 3982 2458 4055 πέρας
2486 3982 2625 4056 λάϐῃ
2652 3984 2685 4052 ἡ
2729 3980 2920 4053 ἔχθρα,
2971 3979 3076 4034 τῶν
3112 3980 3320 4052 ἐχθρῶν
3358 3979 3455 4034 τοῦ
3496 3978 3732 4052 Χριστοῦ

2163 4075 2643 4148 καταργουμένων,
2685 4071 2914 4144 ὑψοῦται
2955 4074 3011 4126 ἐν
3047 4074 3232 4138 αὐτοῖς
3282 4073 3481 4144 πέρασι
3507 4072 3615 4126 τῶν
3641 4075 3732 4143 ἐχ-

2159 4145 2319 4239 θρῶν-
2353 4170 2381 4222 6
2433 4145 2656 4239 Κύριος,
2695 4167 2789 4220 καὶ
2823 4165 2946 4219 καθ’
2975 4164 3204 4219 ἕκαστον
3247 4165 3356 4219 τῶν
3405 4165 3489 4218 διὰ
3537 4166 3735 4229 κακίας
3779 4145 3796 4156 ’

2159 4259 2368 4329 ἐχθρῶν
2400 4257 2642 4330 Χριστοῦ
2665 4257 2893 4328 ὑψοῦται
2931 4258 2959 4309 6
2990 4255 3214 4326 Κύριος,
3251 4258 3422 4328 πέρας
3463 4257 3733 4328 λαϐούσης

2157 4351 2257 4421 τῆς
2285 4349 2504 4422 ἔχθρας,
2535 4350 2629 4403 καὶ
2657 4348 2831 4421 ἀρχὴν
2860 4348 3092 4419 ἐχούσης
3123 4349 3223 4418 τῆς
3262 4347 3606 4420 καταλλαγῆς
3636 4347 3733 4401 καὶ

2158 4439 2358 4510 φιλίας.
2385 4439 2459 4492 Τὸ
2485 4437 2543 4492 δὲ
2571 4439 2754 4510 ὅμοιον
2787 4439 2932 4508 ἐρεῖς
2964 4437 3059 4489 καὶ
3092 4438 3218 4510 περὶ
3252 4437 3360 4492 τῶν
3392 4437 3600 4510 ἐχθρῶν
3634 4438 3731 4490 τοῦ

2073 4550 2120 4604 Ῑ)
2145 4532 2378 4592 δικαίου.

548 4612 711 4665 Vsus.
743 4611 796 4665 8.
831 4611 1092 4682 Exsurge,
1126 4611 1350 4667 Domine
1404 4613 1545 4668 Deus
1585 4629 1729 4668 meus
1752 4653 1768 4680 ,
1811 4615 1866 4667 in
1910 4633 2048 4684 prte-

473 4711 620 4768 cepto
666 4700 803 4769 quod
839 4701 1128 4765 mandasti,
1172 4711 1221 4755 et
1261 4719 1530 4773 synagoga
1573 4701 1889 4774 populorum
1936 4707 2046 4760 cir-

474 4789 738 4843 cumdabit
769 4799 836 4852 te,
872 4800 976 4844 etc.
1008 4792 1173 4857 Quasi
1218 4793 1382 4860 dicat,
1427 4794 1562 4850 Cum
1590 4805 1862 4865 praecepto
1900 4797 2042 4867 quod

474 4883 762 4948 mandasti,
784 4898 1040 4954 exsurge,
1062 4884 1352 4942 declarans
1377 4887 1507 4942 illud
1538 4889 1904 4956 potestatibus
1923 4906 2044 4960 qua:

437 4975 795 5051 populorum
849 4991 1144 5049 synagoga:
1199 4987 1252 5035 te
1304 4979 1677 5036 circumdanti
1744 4981 2043 5052 adiutrices

474 5079 625 5126 sunt.

546 5163 708 5221 Vsus.
740 5163 796 5231 8,
829 5164 884 5220 9.
925 5162 994 5219 Et
1018 5175 1232 5234 propter
1266 5165 1401 5222 Itane
1440 5147 1504 5222 in.
1541 5169 1712 5224 altum
1744 5175 2040 5243 regredere.

474 5255 728 5313 Dominus
768 5256 983 5328 judicat
1031 5259 1278 5329 populos,
1324 5269 1435 5316 etc.
1473 5261 1525 5315 In
1559 5263 1731 5320 altum
1778 5268 1922 5324 unde
1946 5269 2045 5324 de-

469 5349 748 5417 scendisti,
772 5349 1059 5420 regredere
1092 5361 1211 5420 post
1243 5356 1717 5412 resurrectionem.

535 5441 582 5475 ⁸³
605 5441 763 5499 Joan.
792 5461 832 5512 ι,
872 5444 962 5502 16.
1035 5445 1083 5477 ⁸⁸
1114 5445 1256 5504 Psal.
1285 5463 1454 5514 uvn,
1483 5448 1576 5504 3t.
1648 5451 1694 5484 ⁸⁸
1717 5450 1838 5508 Job.
1877 5469 1962 5514 τι..
1995 5452 2083 5509 16.

471 5533 834 5664 Βέῇῐίέρὸς
873 5538 1337 5608 ἀμησικακίαν,
1386 5551 1493 5598 etc.
1550 5542 1776 5601 Scheda:
1824 5546 2035 5658 Crabii,

539 5653 804 5753 (Π).
820 5678 1197 5753 ,παιδαγωγὸς
1229 5685 1429 5753 νόμος,
1460 5692 1564 5738 etc.
1589 5685 1799 5741 Ezedem
1826 5653 2039 5742 scheda:

470 5761 601 5799 tnss.
629 5758 682 5799 et
711 5747 998 5803 Barbarus.

545 5814 656 5887 MS)
691 5817 757 5871 Ἦ
783 5816 899 5887 ζωὴ
926 5820 1060 5886 τοῦ,
1094 5832 1198 5878 ctc.
1235 5823 1444 5879 Emdem
1476 5825 1707 5894 schedm,
1747 5826 2034 5885 Barbarus.

2235 4624 2618 4695 Ἐξεγέρθητι,
2670 4626 2848 4691 Κύριε
2877 4627 2910 4678 ό
2956 4626 3104 4691 Θεός
3152 4642 3292 4694 μου,
3345 4624 3416 4678 ἐν
3470 4621 3734 4692 προστά-

2149 4737 2322 4790 πιατι
2355 4711 2402 4785 ᾧ
2429 4717 2724 4778 ἐνετείλω,
2749 4716 2847 4770 καὶ
2880 4717 3201 4787 συναγωγὴ
3237 4714 3401 4770 λαῶν·
3432 4714 3731 4770 κυκλώσει

2148 4828 2242 4876 σε,
2272 4829 2323 4865 κ.
2360 4828 2410 4864 τ.
2439 4812 2484 4863 ἐ.
2530 4809 2674 4862 Ἀντὶ
2719 4808 2835 4873 τοῦ,
2865 4808 3000 4863 Μεθ’
3030 4802 3090 4864 οὗ
3124 4809 3233 4882 (48)
3261 4809 3511 4863 ἐνετείλω
3557 4825 3729 4881 προσ-

2146 4904 2422 4974 τάγματος
2473 4900 2824 4972 ἐξεγέρθητι,
2873 4902 3229 4974 προστάσσων
3282 4901 3414 4956 αὐτὸ
3465 4901 3728 4972 δυνάμεσι

2149 4995 2537 5066 συνεργοῦσαις
2566 4995 2633 5064 τῇ
2667 4992 2941 5068 κυκλούσῃ
2983 5011 3042 5048 σε
3085 4997 3376 5065 συναγωγῇ
3409 4993 3576 5046 λαῶν.

2212 5176 2320 5232 καὶ
2349 5173 2501 5243 ὑπὲρ
2533 5176 2752 5243 ταύτης
2772 5177 2860 5242 εὶς
2894 5176 3050 5245 ὕψος
3091 5177 3479 5246 ἐπιστρεψον.
3509 5178 3724 5246 Κύριος

2146 5266 2340 5336 κρινεῖ
2371 5267 2583 5334 λαοὺς,
2625 5285 2678 5321 κ.
2711 5284 2764 5322 τ.
2799 5268 2845 5320 ἑ.
2888 5267 2982 5332 Εἰς
3008 5269 3070 5322 τὸ
3114 5267 3247 5339 ὕψος
3278 5269 3388 5341 (49)
3411 5269 3533 5324 ὅθεν
3554 5285 3722 5324 κατα-

2147 5360 2414 5433 ϐέϐηκας,
2450 5359 2778 5432 ἐπίστρεψον
2813 5361 2952 5432 μετὰ
2985 5362 3084 5434 τὴν
3110 5361 3426 5418 ἀνάστασιν.

2216 5547 2328 5616 (46)
2348 5549 2430 5601 Οὐ
2461 5544 2826 5616 σωματικῶς,
2854 5556 2961 5604 etc.
2998 5547 3226 5604 Schedae
3245 5547 3455 5614 Grabii.

2218 5617 2330 5690 (4'7)
2368 5621 2435 5672 Et
2462 5619 2694 5690 qidprﬁ,
2726 5628 2833 5690 etc.
2857 5617 3166 5690 ϐριάει-ἰαῦ.

2185 5684 2330 5769 μδ)
2361 5684 2521 5744 Ἀντὶ
2553 5684 2677 5744 ὶόῦλ
2699 5689 2838 5744 Μεθ’
2865 5684 2960 5752 οὗ,
2997 5699 3104 5744 etc.
3151 5688 3375 5745 Schedae
3415 5705 3543 5746 mss.
3579 5689 3712 5746 Gra-

2146 5760 2329 5896 lmiw)
2362 5831 2464 5895 Εἰς
2490 5828 2554 5884 τὸ
2589 5828 2764 5896 ὕψος,
2799 5840 2903 5885 etc.
2931 5829 3139 5885 Ezrdem
3167 5831 3398 5886 schedzc.
