3822 6504
202 414 319 472 1181

1150 408 1461 465 SELECTA
1498 408 1564 463 IN
1599 407 1942 466 PSALMOS.
1982 440 2056 453 —
2088 407 2287 463 PSAL.
2329 406 2464 465 VIII.

3282 406 3423 464 1182

272 532 369 588 Τυῦ
388 529 589 585 αὐτοῦ.
627 549 645 581 ι
690 530 859 585 Ὅταν
875 530 1094 601 ὑψωθῶ,
1120 532 1273 603 φησὶ,
1305 532 1512 594 πάντας
1532 530 1727 584 έλκύσιι

1918 520 2197 599 Ejusdem.
2230 547 2252 583 ι
2292 530 2426 585 Cum
2449 526 2715 585 exaltatus
2745 526 2920 597 fuero,
2949 525 3124 600 inquit
3147 526 3214 593 ⁸⁸,
3235 528 3417 583 omnia

199 622 321 695 πρὸς
349 618 593 692 ἐμαυτόν.
633 638 652 671 s

260 709 701 779 Συντελεσθήτω
716 711 792 781 δὴ
826 714 1083 782 πονηρία
1104 712 1488 783 ἁμαρτωλῶν,
1519 731 1574 768 κ.
1608 731 1662 767 τ.
1692 714 1738 765 ὲ.

196 807 346 861 Ὅταν
379 804 558 857 οὐκέτι
603 802 715 875 (50)
748 802 1036 876 ἁμαρτάνῃ
1062 821 1167 869 τις,
1202 804 1536 857 συντελεῖται
1573 802 1741 857 αὑτοῦ

192 902 222 970 ἡ
253 898 461 971 πονηρία
483 916 497 929 ·
535 898 568 970 ἦ
617 897 853 970 πονηρία
883 898 991 954 τῶν
1041 896 1381 969 ἁμαρτωλῶν
1418 899 1445 951 6
1495 896 1741 960 διάϐολός

189 994 317 1047 ἐστι.

268 1076 383 1129 Ἐὰν
424 1078 504 1144 μὴ
549 1080 977 1150 ἐπιστραρῆτε,
1004 1078 1109 1143 ἕως
1149 1078 1266 1143 τοῦ,
1308 1078 1725 1145 καταϐήσεται,

180 1180 236 1219 κ.
268 1181 313 1220 τ.
355 1166 397 1220 ὲ.
456 1169 684 1237 Μήποτε
751 1172 1327 1243 παρασεσιωπημένως
1385 1170 1495 1241 (51)
1553 1169 1729 1224 ταῦτα

178 1259 303 1330 περὶ
340 1258 424 1312 τοῦ
453 1259 701 1313 διαϐόλου
737 1260 967 1332 εἴρηται.
999 1257 1165 1327 Οὗτος
1199 1263 1307 1333 γὰρ
1351 1262 1486 1333 πρὸς
1518 1261 1729 1325 τούτοις

176 1354 271 1405 καὶ
288 1352 533 1423 ὠδίνησεν
566 1354 777 1407 ἀδικίαν
829 1356 921 1408 καὶ
954 1356 1021 1408 τὰ
1068 1356 1215 1425 ἑξῆς,
1250 1356 1386 1427 ὀργὴ
1423 1355 1728 1426 τυγχάνων.

189 1446 248 1498 ’0
273 1444 443 1516 Πατὴρ
476 1444 531 1497 δὲ
557 1446 649 1499 τοῦ
682 1446 953 1511 εἰπόντος’
997 1468 1013 1499 ι
1050 1448 1189 1517 Ἐγώ
1214 1451 1329 1519 εἰμι
1356 1451 1388 1519 ἡ
1412 1449 1545 1519 ζωὴ,
1582 1468 1600 1499 ι
1634 1448 1731 1518 οὐχ

174 1534 433 1605 ἑτοιμάζει
462 1535 518 1587 ἐν
547 1535 624 1605 τῷ
654 1535 792 1607 τόξῳ
826 1538 990 1591 αὑτοῦ
1028 1538 1195 1609 σκεύη
1247 1538 1477 1592 Θανάτου
1500 1555 1511 1567 ·
1550 1536 1730 1606 τίθησι

172 1627 298 1693 γοῦν
321 1626 375 1677 τὸ
399 1624 549 1690 τόξον
581 1627 745 1680 αὑτοῦ
782 1630 840 1681 ὲν
874 1632 938 1699 τῇ
972 1630 1188 1709 νεφέλῃ,
1238 1630 1324 1682 ἵνα
1360 1629 1433 1700 μὴ
1477 1628 1730 1700 ἐπαγάγῃ

172 1718 310 1789 ὕδωρ
340 1716 717 1787 κατακλυσμοῦ
760 1719 851 1771 ἐπὶ
885 1720 983 1791 τὴν
1026 1721 1149 1790 γῆν.
1186 1721 1277 1773 Διὸ
1324 1720 1451 1792 περὶ
1483 1718 1576 1772 τοῦ
1619 1718 1733 1771 δια-

170 1808 319 1860 ϐόλου
364 1806 534 1861 ταῦτα
572 1807 826 1878 λέγεσθαι
859 1811 1159 1881 νομιστέον.
1205 1811 1317 1864 Καὶ
1361 1809 1729 1882 πεπυρωμένα

168 1900 263 1953 τοῦ
283 1901 507 1971 πονηροῦ
538 1902 703 1967 ἐστιν,
731 1900 766 1956 ἀ
791 1899 1145 1974 ἐξειργάσατο
1168 1906 1280 1966 τοῖς
1308 1903 1615 1974 καιομένοις
1639 1903 1731 1955 καὶ

168 1994 515 2067 πυρουμένοις
540 1994 645 2047 ὑπὸ
680 1995 886 2049 παθῶν.

242 2088 338 2141 Τοῦ
364 2088 526 2142 αὐτοῦ
557 2092 637 2153 εἰς
670 2090 732 2144 τό
755 2108 767 2121 ·
806 2082 913 2145 Kal
939 2092 1009 2146 ἐν
1037 2090 1199 2158 αὑτῷ
1225 2093 1514 2161 ἡτοίμασε
1541 2092 1730 2160 σκεύη

164 2181 437 2248 θανάτου,
487 2200 541 2235 κ.
600 2200 650 2237 τ.
698 2185 746 2236 ἐ.
796 2184 970 2255 Σκεύη
1008 2184 1239 2238 θανάτου
1276 2185 1385 2255 (52)
1422 2186 1559 2239 εἰσὶν
1597 2186 1733 2240 ἀκά-

164 2273 333 2345 Οαρτα
361 2274 575 2343 λογικά,
623 2275 655 2347 ἢ
691 2278 747 2329 αἱ
780 2276 871 2329 τὸν
904 2276 1132 2331 Θάνατον
1170 2278 1389 2347 ἔχουσαι
1419 2278 1617 2348 ψυχαίο
1657 2278 1733 2341 ὡς

164 2368 327 2438 σκεύη
360 2366 503 2439 ζωῆς
536 2371 589 2422 αἱ
635 2369 733 2441 τὴν
763 2368 906 2441 ζωὴν
940 2369 1155 2441 ἔχουσαι
1200 2372 1388 2442 ψυχαί.
1434 2371 1589 2425 Οὕτω
1624 2372 1734 2444 γάρ

160 2460 259 2513 καὶ
291 2458 494 2513 Παῦλον
522 2460 714 2525 σκεῦος
743 2462 974 2533 ἐκλογῆς
1014 2463 1295 2533 ὠνόμασεν
1340 2465 1369 2515 6
1406 2464 1627 2535 Κύριος.

247 2550 384 2606 Ἰδοὺ
422 2551 720 2619 ὠδίνησεν
758 2550 1017 2617 ἀδικίαν,
1056 2552 1355 2607 συνέλαϐε
1389 2554 1598 2617 πόνον,
1634 2553 1731 2607 καὶ

154 2643 360 2697 ἔτεκεν
383 2644 657 2713 ἀνομίαν,
694 2662 746 2697 κ.
776 2661 827 2699 τ.
856 2645 903 2697 ὲ.
954 2644 1010 2698 Ὀ
1046 2644 1120 2715 μὴ
1161 2643 1403 2713 φιλόθεος
1440 2644 1570 2715 (55),
1601 2644 1734 2699 ἀλλά

155 2736 457 2807 φιλήδονος,
482 2739 743 2807 ἀνάλογον
764 2732 851 2802 αἷς
879 2737 1116 2791 δουλεύει
1143 2739 1353 2810 ἡδοναῖς
1372 2738 1733 2808 συλλαμϐάνει

153 2828 320 2882 πόνον
358 2828 454 2882 ἕνα
481 2829 847 2901 συνημμένον,
891 2830 984 2882 καὶ
1024 2829 1098 2901 μὴ
1141 2830 1331 2900 ἔχοντα
1382 2828 1583 2900 μεταξὺ
1616 2830 1732 2885 διά-

150 2928 384 2993 ⁴λειμμα,
422 2922 515 2975 καὶ
545 2922 723 2975 ώδίνει
757 2922 992 2986 ἀδικίαν,
1028 2923 1123 2976 καὶ
1162 2922 1333 2975 τίκτει
1371 2923 1620 2993 ἀνομίαν.
1643 2924 1737 2981 Ἐκ

149 3016 215 3067 δὲ
236 3017 339 3067 τῶν
360 3016 614 3068 ἐναντίων
637 3018 664 3069 6
697 3015 769 3087 μὴ
816 3015 1113 3088 φιλήδονος,
1145 3015 1279 3069 ἀλλά
1310 3015 1572 3085 φιλόθεος,
1606 3017 1738 3074 ἀνά-

155 3115 312 3176 λογον
342 3103 423 3172 οἷς
448 3109 762 3179 ἀναδέχεται
790 3108 859 3161 δι’
888 3108 1088 3180 ἀρετὴν
1131 3109 1331 3174 πόνοις,
1370 3108 1737 3179 συλλαμϐάνει

150 3200 471 3265 εὐπάθειαν,
522 3200 620 3271 τὴν
663 3200 861 3271 χαρὰν,
906 3200 1035 3269 μίαν
1079 3198 1454 3271 συνημμένην,
1505 3200 1602 3256 καὶ
1661 3202 1734 3274 μὴ

150 3295 384 3365 ἔχουσαν
417 3292 617 3365 μεταξὺ
651 3293 971 3364 διάλειμμα,
1003 3294 1097 3346 καὶ
1143 3292 1324 3347 ὠδίνει
1366 3293 1731 3364 δικαιοσύνην,

152 3384 251 3438 καὶ
279 3384 449 3438 τίκτει
480 3384 736 3455 εὐνομίαν
755 3400 768 3413 °
799 3384 889 3438 καὶ
920 3382 1094 3450 οὕτως
1126 3385 1315 3440 τέκνον
1348 3383 1557 3454 γίνεται
1582 3386 1726 3439 εὐνο-

153 3478 308 3548 μίας,
335 3476 564 3548 ἀνομίαν
598 3477 834 3549 ἑκάστην
864 3476 1058 3549 μισῶν.

228 3762 341 3817 Τοῦ
385 3761 573 3817 αὐτοῦ
620 3762 707 3829 εις
752 3760 819 3815 τὸ
866 3761 1035 3817 αὐτό.
1067 3760 1295 3815 Ἔτεκεν
1336 3760 1566 3832 ἀνομίαν
1596 3760 1731 3833 (54),

139 3854 338 3927 ἐπειδὴ
374 3854 633 3909 συνέλαϐε
668 3855 848 3922 πόνον,
884 3856 979 3909 καὶ
1008 3854 1269 3924 ὡδίνησεν
1314 3853 1552 3908 ἀδικίαν.
1582 3852 1730 3924 Αὕτη

139 3948 257 4020 γάρ
308 3949 455 4001 ἐστιν
490 3947 780 4002 ἀκολουθία
826 3947 1063 4019 φύσεως.
1111 3948 1388 4020 Ὠδίνησεν
1447 3946 1734 4017 Ἀχιτόφελ

1849 622 2061 676 traham
2094 622 2163 676 ad
2194 636 2281 677 me
2308 623 2510 691 ipsum.
2545 640 2565 674 s

1918 714 2082 785 582
2117 714 2281 769 Vens.
2326 714 2414 772 10.
2454 713 2861 769 Consummatur
2898 713 3129 783 nequitia
3176 722 3422 782 peccato-

1847 823 1988 871 rum,
2018 816 2127 861 etc.
2158 803 2389 872 Quando
2419 803 2617 875 aliquis
2652 805 2766 876 iam
2803 802 3036 872 amplius
3066 819 3173 858 non
3205 813 3418 874 peccat,

1847 908 1974 955 tunc
1992 898 2109 969 ejus
2149 896 2415 967 iniquitas
2442 905 2891 962 consummatur;
2916 896 3001 952 vel
3023 897 3191 952 etiam
3220 896 3423 967 iniqui-

1846 1002 1927 1047 tas
1952 999 2301 1060 peccatorum
2333 989 2585 1045 diabolus
2616 998 2718 1044 est.

1916 1082 2079 1137 Vens.
2106 1081 2298 1136 15-18.
2323 1079 2448 1136 Nisi
2474 1083 2707 1137 conversi
2729 1082 2958 1151 fueritis,
2980 1095 3150 1151 usque
3174 1080 3241 1135 ad
3267 1079 3418 1145 illud,

1845 1173 2142 1238 descendet,
2181 1181 2289 1229 etc.
2341 1174 2505 1228 Forte
2556 1173 2672 1227 hare
2726 1174 2886 1227 tacite
2932 1174 2997 1228 de
3025 1170 3242 1227 diabolo
3274 1170 3418 1225 dicta

1846 1275 1989 1322 sunt.
2024 1266 2122 1322 llic
2159 1271 2305 1321 enim
2352 1283 2474 1321 cum
2508 1265 2623 1335 ipsa
2651 1263 2731 1317 ira
2778 1266 2874 1329 sit,
2906 1266 3163 1332 parturiit
3197 1262 3416 1332 iniusti-

1849 1361 2003 1427 tiam,
2034 1370 2089 1417 et
2118 1372 2314 1418 caetera
2337 1374 2456 1429 qua:
2483 1367 2807 1427 sequuntur.
2842 1355 3005 1409 Pater
3053 1365 3234 1410 autem
3272 1355 3417 1410 illius

1845 1456 1936 1524 qui
1978 1454 2161 1509 dixit:
2198 1473 2215 1506 ι
2258 1454 2368 1522 Ego
2411 1467 2531 1506 sum
2580 1450 2710 1514 vita,
2757 1467 2775 1500 ι
2815 1463 2921 1503 non
2974 1456 3130 1517 parat
3179 1448 3231 1502 in
3284 1442 3417 1502 arcu

1846 1561 1949 1601 suo
1983 1560 2113 1601 vasa
2139 1548 2354 1608 mortis,
2383 1544 2475 1600 sed
2504 1542 2655 1615 ponit
2693 1555 2879 1595 arcum
2904 1554 3061 1595 suum
3093 1540 3145 1593 in
3174 1539 3333 1604 nube,
3361 1548 3419 1591 ut

1850 1654 1953 1693 non
1982 1638 2207 1694 inducat
2233 1652 2433 1707 aquam
2482 1634 2669 1690 diluvii
2720 1635 2773 1687 in
2820 1640 3042 1687 terram.
3076 1629 3423 1698 Quapropter

1848 1732 1965 1788 btec
1993 1733 2060 1788 de
2104 1732 2321 1788 diabolo
2354 1730 2462 1786 dici
2496 1726 2921 1784 existimandum
2948 1733 3052 1780 est.
3084 1722 3254 1793 lgnita
3294 1730 3421 1775 sunt

1848 1824 2068 1893 maligni
2111 1823 2294 1891 iacula
2350 1835 2471 1890 quae
2506 1816 2831 1890 pmparavit
2883 1816 2950 1872 iis
3005 1828 3141 1885 quos
3195 1811 3424 1868 allectus

1775 1898 1812 1953 Β
1844 1926 2008 1970 urunt
2039 1925 2091 1969 et
2122 1915 2440 1971 incendunt.

1921 2099 2083 2156 Vsus.
2134 2099 2221 2152 M.
2276 2098 2529 2167 Eiusdem
2589 2099 2640 2153 in
2691 2096 2821 2151 illud
2857 2116 2869 2151 :
2900 2093 2968 2148 Et
3005 2094 3059 2148 in
3109 2110 3169 2148 eo
3214 2093 3421 2160 paravit

1843 2209 1967 2247 vasa
2017 2190 2241 2255 mortis,
2287 2200 2395 2244 etc.
2448 2189 2587 2243 Vasa
2638 2188 2830 2243 mortis
2885 2184 3120 2255 appellat
3177 2184 3423 2253 impurus

1844 2285 2075 2343 animas,
2118 2282 2262 2350 quod
2333 2288 2561 2334 mortem
2633 2279 2994 2341 contineant,
3060 2278 3417 2345 quemadmo-

1842 2375 1968 2429 dum
2018 2388 2145 2427 vasa
2194 2372 2319 2426 vita:
2373 2380 2499 2425 sunt
2550 2372 2748 2424 anima:
2804 2385 2925 2440 qua:
2967 2370 3133 2424 vitam
3192 2367 3415 2422 habent.

1815 2465 1936 2521 'Sic
1964 2465 2107 2521 enim
2136 2474 2187 2519 et
2211 2462 2438 2518 Paulum
2464 2478 2560 2517 vas
2589 2461 2874 2516 electionis
2897 2460 3110 2517 vocavit
3136 2459 3417 2513 Dominus.

1910 2560 2079 2616 Vens.
2112 2560 2200 2615 15.
2235 2558 2373 2613 Ecce
2401 2558 2652 2627 parturiit
2681 2556 3024 2625 injustitiam,
3056 2555 3293 2624 concepit
3321 2554 3421 2609 do-

1840 2652 2002 2706 lorem
2043 2660 2091 2706 et
2138 2650 2337 2719 peperit
2381 2646 2741 2716 iniquitatem,
2791 2656 2897 2701 etc.
2948 2646 3049 2713 Qui
3082 2660 3191 2700 non
3222 2644 3418 2711 Deum,

1841 2745 1935 2801 sed
1976 2744 2282 2815 voluptates
2308 2750 2479 2807 amat,
2532 2739 2584 2792 id
2631 2755 2699 2794 ex
2747 2739 2813 2793 iis
2844 2739 3042 2807 quibus
3069 2741 3240 2794 servit
3268 2738 3421 2792 volu-

1840 2836 2082 2910 ptatibus
2129 2832 2449 2904 assequitur
2478 2839 2536 2885 ut
2566 2829 2840 2899 concipiat
2869 2829 3111 2883 laborem
3149 2844 3255 2882 una
3283 2842 3420 2882 con-

1840 2944 2065 2995 nexum,
2117 2941 2219 2983 nec
2258 2925 2367 2979 ullo
2415 2919 2707 2977 intervallo
2760 2920 3113 2990 disiunctum,
3148 2919 3420 2988 simulque

1840 3022 2112 3092 parturiat
2158 3016 2483 3087 iniustitiam
2522 3029 2588 3069 ac
2625 3012 2803 3082 pariat
2840 3012 3207 3080 iniquitatem.
3237 3011 3417 3065 Econ-

1841 3113 2015 3167 trario
2060 3110 2153 3179 qui
2192 3124 2301 3164 non
2333 3106 2666 3174 voluptates,
2710 3105 2803 3159 sed
2852 3105 3017 3158 Deum
3060 3115 3227 3169 amat,
3261 3105 3313 3158 id
3347 3119 3418 3159 ex

1842 3206 1908 3259 iis
1935 3219 2074 3273 quos
2123 3214 2341 3272 propter
2367 3201 2625 3256 virtutem
2672 3197 2901 3266 suscipit
2928 3196 3232 3264 laboribus,
3266 3211 3419 3252 asse-

1840 3296 2048 3367 quitur,
2075 3305 2132 3349 ut
2159 3293 2433 3362 concipiat
2460 3293 2624 3347 animi
2656 3290 3128 3359 tranquillitatem,
3159 3289 3417 3359 gaudium

1846 3404 1952 3444 una
2002 3401 2329 3452 connexum,
2355 3401 2456 3440 nec
2485 3383 2595 3439 ullo
2630 3384 2920 3439 intervallo
2956 3381 3309 3452 disiunctum,
3341 3381 3417 3435 si-

1839 3479 2060 3547 mulque
2091 3478 2364 3549 parturiat
2396 3477 2664 3548 iustitiatn
2700 3488 2756 3532 et
2789 3476 2970 3546 pariat
2991 3474 3325 3544 aequitatem.
3350 3470 3420 3527 Et

1837 3570 1917 3625 sic
1965 3568 2111 3625 illius
2157 3567 2341 3624 evadit
2371 3568 2671 3638 aequitatis,
2699 3567 2827 3623 odio
2876 3568 3083 3622 habens
3118 3561 3420 3637 quamlibet

1839 3664 2208 3732 iniquitatem.

1907 3755 2188 3825 Ejusdem.
2225 3752 2443 3824 Peperit
2476 3752 2843 3823 iniquitatem,
2873 3750 3132 3822 quoniam
3166 3748 3419 3820 concepit

1837 3848 2081 3904 dolorem
2108 3857 2163 3903 et
2190 3846 2445 3918 parturiit
2480 3845 2831 3912 iniustitiam.
2870 3841 2996 3898 Haec
3021 3842 3167 3897 enim
3197 3849 3280 3896 est
3314 3855 3414 3894 na-

1838 3953 1972 3993 turae
2017 3938 2430 4007 consequentia.
2473 3935 2739 3991 Parturiit
2794 3935 3119 4005 Acbitopbel
3166 3932 3418 4004 malignae

1835 4039 2029 4087 auctor
2061 4030 2370 4085 sententiae.

135 4042 243 4113 τὴν
267 4040 509 4114 πονηρὰν
540 4041 975 4113 εἰσηγησάμενος
1000 4038 1247 4112 γνώμην.

210 4132 461 4188 Admean
492 4131 706 4201 ὤρυξε,
747 4132 845 4186 καὶ
888 4132 1245 4201 ἀνέσκαψεν
1272 4130 1478 4191 αὐτόν.
1507 4130 1604 4185 καὶ
1636 4131 1735 4200 ἐμ-

135 4224 413 4277 πεσεῖται
444 4227 531 4291 εὶς
557 4225 785 4293 βόθρον
808 4224 879 4278 ὃν
897 4223 1235 4293 εἰργάσατο.
1287 4221 1671 4292 Ἑπιστρέψει
1700 4226 1733 4277 d

134 4320 336 4384 πόνος
375 4318 561 4373 αὐτοῦ
594 4321 683 4384 εἰς
710 4318 987 4388 κεφαλὴν
1022 4317 1233 4382 αὐτοῦ,
1270 4317 1371 4371 καὶ
1406 4317 1503 4370 ἐπὶ
1554 4334 1730 4385 κορυ-

132 4408 274 4477 φὴν
294 4408 482 4463 αὑτοῦ
520 4410 558 4477 ἡ
599 4407 801 4462 ἀδικία
841 4406 1026 4462 αὑτοῦ
1057 4405 1478 4473 καταϐήσεται,
1513 4424 1567 4459 κ.
1598 4422 1649 4459 τ.
1683 4406 1727 4459 έ.

1857 4398 2132 4463 lescendet,
2180 4408 2288 4453 etc.
2325 4396 2492 4452 Forte
2539 4396 2689 4450 lacus
2722 4394 2971 4465 supplicii
3027 4393 3177 4448 locus
3222 4403 3310 4447 est
3359 4392 3415 4447 in

130 4504 375 4573 Μήποτε
405 4504 433 4556 6
465 4501 668 4566 λάκκος
838 4501 1037 4572 χωρίον
1067 4499 1340 4565 κολάσεώς
1366 4502 1534 4565 ἐστιν,
1562 4501 1641 4563 είς
1673 4498 1727 4552 ὃν

1857 4505 1996 4559 luem
2031 4490 2376 4559 providentia
2404 4488 2499 4543 Dei
2550 4486 2762 4543 incidet
2812 4488 2905 4557 qui
2960 4500 3084 4540 eum
3136 4482 3410 4540 ell'oderit.

131 4594 374 4676 προνοίᾳ
392 4594 525 4647 Θεοῦ
568 4594 730 4658 αὐτὸς
758 4594 953 4666 ὀρύξας
984 4596 1328 4665 ἐμπεσεῖται.
1372 4592 1639 4655 Ἰσόπεδος
1670 4591 1727 4645 δέ

1857 4584 2163 4653 ﬁxazquatur
2194 4592 2374 4638 autem
2430 4597 2689 4637 cacumen
2740 4580 2859 4651 eius
2912 4579 3123 4649 reliquo
3174 4575 3413 4647 corpori.

126 4672 548 4761 ἐστινάύτοῦὴ
576 4689 789 4761 κορυφὴ
818 4688 896 4759 τῷ
924 4686 1097 4758 λοιπῷ
1138 4686 1350 4758 σώματι
1369 4704 1383 4717 ο
1419 4686 1570 4740 οὐδὲν
1617 4685 1726 4756 γὰρ

1857 4676 1983 4730 iibil
2014 4676 2158 4731 enim
2188 4684 2274 4729 est
2313 4689 2501 4744 supra.
2528 4674 2895 4741 Quamobrem
2931 4682 2987 4727 et
3012 4670 3177 4725 draco
3208 4668 3411 4724 alicubi

123 4779 310 4832 αὐτοῦ
348 4779 488 4833 ἄνω·
524 4779 604 4833 διὸ
654 4779 749 4833 καὶ
782 4778 1000 4850 δράκων
1056 4794 1159 4830 που
1213 4777 1449 4846 λέγεται.
1485 4776 1725 4839 Εἰκότως

1857 4772 2056 4827 linitur.
2105 4768 2299 4823 Merito
2351 4782 2483 4837 ergo
2539 4783 2662 4837 qua:
2719 4766 2984 4821 attollitur
3032 4775 3089 4820 et
3142 4762 3415 4820 exaltatur

120 4868 231 4924 οῦν
265 4873 300 4943 ἠ
336 4871 638 4944 ἐπαρθεῖσα
698 4872 794 4926 καὶ
828 4870 1103 4940 ὑψωθεῖσα
1146 4868 1286 4923 κατά
1334 4867 1434 4939 τῆς
1462 4867 1726 4937 γνώσεως

1857 4873 2027 4918 :ontra
2065 4860 2160 4915 Dei
2199 4859 2568 4929 cognitionem
2615 4859 2878 4929 iniustitia
2927 4858 3066 4928 eius,
3102 4859 3415 4915 destruetur

116 4964 230 5019 τοῦ
258 4965 396 5019 Θεοῦ
420 4966 603 5019 ἀδικία
633 4965 799 5020 αὐτοῦ
844 4963 1256 5037 καθαιρουμένη
1305 4963 1399 5016 ἐπὶ
1430 4961 1527 5033 τὴν
1560 4977 1727 5032 κορυ-

1857 4968 1887 5011 :t
1924 4958 1977 5012 in
2018 4953 2278 5009 verticem
2312 4953 2482 5023 ipsius
2512 4954 2847 5021 descendet.

117 5057 243 5129 φὴν
279 5057 447 5111 αὑτοῦ
481 5057 874 5131 καταϐήσεται.

1910 4120 2076 4176 Vens.
2106 4120 2195 4188 16,
2229 4121 2317 4178 17.
2372 4118 2570 4173 Lucum
2608 4118 2839 4187 aperuit,
2880 4127 2927 4172 et
2957 4116 3140 4186 effodit
3183 4129 3323 4181 eum,
3365 4124 3416 4169 st

1834 4214 2029 4287 incidet
2052 4213 2107 4266 in
2128 4212 2337 4280 foveam
2364 4226 2523 4281 quam
2568 4209 2714 4281 fecit.
2740 4207 3089 4264 Convertetur
3121 4206 3275 4261 dolor
3300 4204 3416 4277 ejus

1834 4307 1889 4360 in
1939 4315 2095 4375 caput
2142 4308 2279 4374 ejus,
2323 4316 2369 4358 et
2404 4306 2459 4359 in
2502 4303 2749 4359 verticem
2790 4304 2955 4371 ipsius
3003 4302 3255 4371 iniquitas
3298 4298 3415 4369 ejits

723 5241 1018 5295 ΨΑΛΜΟΣ
1057 5242 1139 5296 H'.

2376 5229 2696 5286 PSALMUS
2728 5228 2862 5286 VIII.

201 5332 319 5398 Εις
370 5331 438 5385 τὸ
502 5331 680 5398 τέλος
727 5331 881 5401 ὑπὲρ
926 5333 1047 5388 τῶν
1102 5332 1309 5401 ληνῶν
1354 5329 1599 5402 ψαλμὸς
1638 5325 1721 5393 τῷ

1903 5329 2065 5403 583
2095 5330 2260 5387 Vens.
2298 5333 2351 5387 1.
2393 5330 2460 5386 In
2485 5332 2641 5401 linem
2662 5344 2759 5400 pro
2789 5324 3145 5380 torcularibus
3169 5323 3407 5388 psalmus

108 5423 341 5487 Δαυτό,
381 5442 436 5479 κ.
472 5443 523 5480 τ.
572 5426 617 5477 ὲ.
674 5426 785 5478 Καὶ
826 5428 883 5479 ὲν
924 5426 1003 5498 τῷ
1027 5426 1138 5497 (56)
1172 5433 1227 5480 π’
1256 5427 1349 5480 καὶ
1402 5432 1492 5495 πγθ
1522 5420 1722 5495 ψαλμῷ

1857 5421 2028 5494 David,
2058 5434 2166 5482 etc.
2204 5426 2266 5480 Et
2316 5425 2372 5481 in
2425 5425 2761 5495 octogesimo
2793 5435 2857 5476 ac
2890 5416 3219 5487 octogesimo
3250 5416 3409 5471 tertio

195 5519 249 5550 “
276 5517 437 5575 Joan.
476 5536 574 5587 xu,
604 5521 694 5575 32.

198 5612 325 5754 $59)
362 5615 538 5669 Ὅταν
568 5615 789 5675 οὐκέτι.
826 5626 932 5671 etc.
964 5618 1282 5683 Corderius,
1312 5621 1607 5677 Barbarus.

229 5686 328 5754 51)
370 5684 613 5751 Μήποτε
663 5690 1289 5754 παρασεσιωπημένως
1313 5733 1327 5754 ,
1385 5701 1488 5748 etc.
1539 5693 1607 5749 Cu

104 5684 613 5809 cogfliiz‘bhiaoce
663 5690 1327 5760 παρασεσιωπημένως,
1385 5701 1488 5748 etc.
1539 5693 1718 5750 codex

199 5794 549 5895 (ἓξῖξῖκεύη
587 5827 867 5895 θανάτου,
903 5839 1007 5883 etc.
1039 5828 1264 5885 Schetlze
1293 5832 1504 5888 Grabii.

199 5895 328 5968 (53)
370 5897 432 5951 Ὀ
459 5897 543 5970 μὴ
578 5901 874 5970 φιλόθεος.
920 5900 1100 5957 Codex
1144 5901 1370 5958 COISIIII.
1414 5914 1471 5960 et
1513 5903 1708 5959 Εοιιιδν

1826 5636 2013 5774 “ngf?
2041 5692 2292 5774 37.":st
2316 5688 2590 5774 ἀνομίαν,
2618 5694 2725 5774 etc.
2751 5684 2975 5774 S'chelda:
3003 5679 3209 5774 Grabii:

1899 5750 2013 5831 (55)
2034 5760 2279 5826 Μήποτε
2307 5750 2607 5831 όγλάκκος,
2640 5766 2746 5831 etc.
2771 5755 2989 5831 Eaedem
3018 5750 3236 5831 scholia:
3260 5764 3398 5831 mss.

1905 5820 2017 5901 (56)
2047 5820 2153 5885 Καὶ
2186 5830 2378 5901 ἐντῷ.
2418 5841 2523 5901 etc.
2558 5820 2871 5895 Corderius,
2910 5824 3203 5880 Barbarus.
3250 5820 3404 5876 sebo—

1830 5899 1919 5959 «Iat
1944 5899 2131 5960 Ctnnb.
2176 5910 2229 5957 et
2253 5899 2459 5956 Grabii.
