3822 6570
283 423 426 480 H83

1703 413 1796 469 EX
1834 411 2142 470 ORIGENE

3428 411 3571 469 “86

283 537 493 611 psalmo
540 536 974 609 inscriptionem,
1014 557 1035 593 ι
1083 537 1190 595 Pro
1220 535 1610 603 torcularibus,
1648 550 1669 587 ι
1705 531 1859 588 inve-

2012 545 2082 601 πν,
2129 546 2151 581 ι
2206 526 2381 602 ’Υπὲρ
2411 525 2521 582 τῶν
2580 525 2782 599 ληνῶν,
2835 544 2856 579 ι
2906 526 3162 600 εὑρήσεις
3221 525 3565 599 ὲπιγραςγήν.

286 630 425 685 nies.
462 629 544 684 Ad
575 630 689 685 haec
719 644 937 700 quoque
971 629 1224 700 accipere
1253 641 1545 697 possumus
1567 624 1712 695 quod
1733 624 1867 680 scri-

283 732 435 792 ptum
456 732 544 779 est
565 726 632 779 de
649 720 763 779 Noe
789 724 1000 779 vineam
1026 721 1327 793 plantante,
1350 731 1407 778 et
1427 720 1867 777 benedictionem

282 813 455 870 Jacob
480 814 547 870 de
580 813 737 881 Juda,
775 831 796 867 ι
829 813 1001 886 ligans
1031 814 1098 869 ad
1124 814 1287 868 vitem
1314 812 1521 883 pullum
1543 825 1701 867 suum
1726 809 1808 875 l'7;
1841 827 1860 861 ι

283 916 340 962 et
392 908 459 963 de
510 906 798 973 lssachar,
850 908 946 978 qui
993 906 1184 964 videns
1242 906 1486 976 requiem
1533 904 1678 975 quod
1722 911 1871 958 esset

286 1001 451 1063 bona,
481 1008 538 1054 et
572 1010 773 1055 terram
802 1000 948 1069 quod
989 999 1207 1071 pinguis
1233 1006 1402 1062 esset,
1434 996 1727 1068 supposuit
1768 995 1871 1051 hu-

286 1104 500 1143 merum
536 1090 604 1143 ad
652 1089 1037 1155 laborandum,
1079 1098 1135 1145 et
1175 1089 1356 1145 factus
1379 1097 1465 1144 est
1492 1088 1579 1143 vir
1607 1084 1867 1158 agricola.

286 1178 449 1235 Ozias
488 1194 705 1250 quoque
731 1181 970 1252 agricola
1008 1189 1146 1247 eral,
1178 1180 1352 1235 vineae
1379 1178 1619 1235 cultores
1661 1176 1873 1233 habens

288 1273 343 1328 in
374 1273 674 1329 montanis.
730 1273 873 1341 Quin
921 1284 977 1330 et
1003 1290 1141 1330 uxor
1170 1273 1354 1329 omnis
1396 1271 1531 1342 justi
1558 1279 1644 1327 est
1682 1289 1703 1324 ι
1743 1277 1871 1325 tan—

289 1380 456 1436 quam
486 1366 614 1422 vitis
642 1367 933 1425 abundans
971 1368 1025 1422 in
1067 1367 1332 1424 lateribus
1359 1368 1554 1422 domus
1585 1379 1699 1421 suac
1738 1363 1807 1430 ⁸⁸,
1847 1382 1867 1417 ι

287 1471 354 1511 ex
381 1472 487 1527 qua
520 1457 709 1513 vinum
763 1459 821 1513 lit
852 1461 997 1528 quod
1027 1460 1270 1515 laetiﬁcat
1298 1474 1396 1514 cor
1427 1456 1669 1514 hominis
1693 1457 1762 1513 “.
1803 1454 1875 1512 Et

290 1549 652 1606 Ecclesiastes
681 1552 953 1621 plantavit
985 1553 1196 1619 vineas,
1235 1551 1371 1607 fodit
1420 1549 1666 1607 torcular
1692 1550 1761 1605 9°.
1805 1548 1891 1625 Et.

289 1639 546 1697 Salomon
580 1643 659 1699 ait
690 1645 734 1677 “
776 1662 790 1699 :
843 1662 863 1697 ι
916 1642 1055 1700 Viuo
1106 1644 1403 1700 torcularia
1449 1654 1543 1699 tua
1597 1641 1872 1700 redunda-

288 1733 444 1789 bunt.
484 1753 505 1788 ι

362 1824 642 1897 Ejusdem.
668 1825 989 1885 Torcularia
1034 1836 1162 1883 sunt
1193 1838 1402 1883 naturae
1433 1827 1727 1883 rationales
1753 1840 1875 1897 quae

290 1929 362 1972 ex
391 1916 626 1987 spiritali
657 1918 815 1973 vinea
845 1917 1055 1974 fructus
1079 1920 1408 1990 suscipiunt.

365 2101 531 2160 Vens.
567 2102 620 2157 5.
652 2102 736 2157 Ea:
764 2119 854 2158 ore
897 2103 1187 2174 infantium
1226 2114 1277 2159 et
1319 2103 1627 2159 laetantium
1653 2104 1878 2175 perfeci-

291 2193 359 2249 sti
381 2194 615 2262 laudem,
645 2206 752 2251 etc.
782 2197 842 2250 ln
889 2194 1185 2267 Evangelio
1211 2196 1516 2251 secundum
1547 2194 1862 2252 Mattltteum

294 2286 529 2356 primum
569 2287 790 2358 quidem
834 2289 925 2360 qui
976 2289 1361 2358 praecedebant
1406 2287 1773 2354 Salvatorem,
1823 2300 1882 2345 et

292 2377 383 2447 qui
423 2379 815 2449 sequebantur,
854 2398 874 2432 ι
930 2382 1246 2436 clamabant
1288 2380 1584 2437 dicentes:
1623 2379 1879 2437 Hosanna

295 2468 407 2524 lilio
458 2468 648 2535 David,
694 2470 1019 2527 benedictus
1073 2471 1165 2542 qui
1224 2471 1375 2527 venit
1416 2471 1470 2526 in
1506 2471 1729 2527 nomine
1772 2470 1881 2528 Do-

293 2558 448 2625 mini,
481 2562 729 2617 hosanna
758 2562 813 2617 in
841 2562 1122 2619 altissimis
1143 2564 1213 2620 ".
1259 2583 1279 2617 ι
1324 2563 1498 2619 Paulo
1529 2572 1654 2633 post
1696 2572 1878 2620 autem

294 2652 562 2721 scriptum
615 2639 708 2710 est
765 2655 1026 2712 videntes
1084 2656 1365 2726 principes
1423 2657 1771 2711 sacerdotum
1826 2666 1884 2718 et

293 2749 510 2805 scribas
544 2747 812 2804 mirabilia
847 2764 969 2821 qua:
999 2749 1150 2816 fecit,
1182 2760 1236 2805 et
1265 2763 1465 2822 pueros
1504 2752 1805 2807 clamantes
1826 2750 1882 2808 in

298 2839 499 2910 templo
528 2850 584 2895 et
612 2839 878 2906 dicentes,
921 2859 940 2892 ι
974 2839 1229 2896 ilosanua
1280 2840 1391 2896 lilio
1439 2841 1635 2908 David,
1675 2861 1694 2896 ι
1728 2842 1876 2898 indi-

296 2943 489 3007 gnatos
536 2950 660 2992 esse
704 2944 761 2991 et
782 2936 987 2993 dixisse
1017 2937 1067 2992 ei
1109 2936 1202 2992 ”:
1238 2953 1258 2988 ι
1298 2936 1472 2993 Audis
1517 2938 1649 3009 quid
1685 2937 1774 2994 isti
1798 2936 1885 2992 di-

296 3027 475 3083 cunt?
522 3026 682 3083 Jesus
729 3039 914 3083 autem
966 3027 1101 3084 dixit
1137 3029 1217 3084 eis
1261 3046 1276 3085 :
1315 3028 1536 3101 Utique.
1591 3029 1882 3100 Nunquam

298 3119 512 3191 legistis
555 3121 684 3190 quia
716 3136 786 3176 ex
816 3135 913 3177 ore
947 3119 1237 3176 infantium
1286 3131 1342 3178 et
1380 3122 1722 3192 lactentium,
1763 3141 1782 3176 ι
1827 3132 1884 3180 et

234 3218 243 3229 ‘
300 3213 530 3285 reliqua.
583 3212 811 3270 Videtur
872 3214 1039 3299 igitur
1078 3214 1365 3272 Mattltzeus
1420 3220 1643 3273 easdem
1696 3217 1954 3299 turbasc

300 3321 501 3377 pueros
527 3323 753 3372 vocare,
780 3316 836 3364 et
869 3295 1124 3364 Salvator
1152 3325 1257 3364 non
1298 3309 1627 3380 simpliciter
1658 3325 1880 3379 pueros,

301 3400 396 3455 sed
424 3409 479 3456 et
525 3401 764 3457 infantes
790 3410 846 3457 et
883 3400 1164 3467 lactentes,
1198 3403 1381 3458 verbis
1421 3403 1614 3474 psalmi
1648 3419 1769 3474 quae
1807 3406 1887 3459 al-

301 3490 538 3564 legorice
583 3492 854 3565 exposuit,
908 3492 1111 3547 docens
1150 3507 1249 3548 nos
1278 3502 1336 3549 et
1382 3493 1680 3565 allegorico
1719 3510 1884 3551 sensu

301 3599 424 3640 esse
457 3593 633 3642 totum
663 3585 934 3655 psalmum
983 3584 1386 3655 accipiendum.
1426 3585 1650 3651 Qttaercs
1703 3596 1885 3642 autem

302 3691 372 3730 an
402 3676 543 3732 idem
579 3677 649 3732 sit
676 3677 868 3733 domus
898 3677 1089 3741 David,
1142 3686 1199 3730 et
1243 3675 1390 3731 [ilius
1428 3676 1615 3733 David.
1651 3678 1807 3744 Quod
1838 3677 1885 3732 si

304 3766 445 3822 idem
478 3782 584 3822 non
612 3777 716 3836 est,
740 3783 897 3823 error
922 3769 1276 3823 amanuensis
1308 3768 1524 3838 irrepsit
1560 3769 1613 3824 in
1640 3769 1889 3840 Evange-

303 3857 433 3913 lium
462 3862 759 3915 secundum
790 3860 1122 3927 Mattlneum,
1151 3860 1239 3915 ubi
1274 3859 1444 3916 scribi
1473 3861 1662 3917 debuit
1695 3862 1781 3918 bis
1804 3861 1889 3918 vel

304 3951 488 4006 domui
520 3951 709 4017 David,
737 3952 822 4006 vel
846 3952 956 4007 tilio
984 3953 1173 4006 David.

378 4043 544 4098 Vens.
582 4042 636 4097 ὃ.
668 4043 896 4114 Propter
925 4045 1167 4099 inimicos
1192 4054 1333 4112 tuos,
1366 4056 1421 4099 ut
1442 4046 1686 4100 destruas
1711 4046 1891 4101 inimio

307 4149 429 4187 cum
453 4143 503 4187 et
545 4135 792 4202 ultorem,
840 4144 947 4190 etc.
1002 4136 1282 4190 Inimicum
1319 4148 1377 4192 et
1424 4139 1652 4193 ultorem
1703 4155 1887 4194 verum

306 4226 548 4296 intellige
579 4226 1105 4285 Nabuchodonosor.
1135 4230 1415 4285 Diabolum
1437 4232 1703 4286 destruxit
1733 4232 1893 4286 Clui-

309 4328 395 4373 tus
445 4336 545 4390 per
590 4319 894 4388 piscatores
936 4330 993 4377 et
1042 4321 1356 4378 illitteratos
1400 4332 1455 4379 et
1503 4325 1708 4377 malitia
1755 4339 1889 4392 puc-

308 4425 419 4467 I'OS.

379 4502 543 4557 Vens.
577 4503 631 4558 4.
690 4502 957 4570 Quoniam
995 4503 1176 4563 videbo
1211 4502 1368 4560 celos
1399 4517 1517 4561 tuos
1560 4524 1718 4578 opera
1751 4509 1891 4580 digi-

1966 621 2114 694 Πρὸς
2170 619 2235 675 δὲ
2283 620 2456 674 ταῦτα
2487 618 2744 690 λάϐωμεν
2770 617 2839 672 τά
2885 618 3015 690 περὶ
3057 617 3184 673 Νῶε
3237 618 3572 688 φυτεύοντος

1967 712 2237 785 ἄμπελον,
2274 714 2374 785 τήν
2402 730 2464 767 τε
2491 712 2621 785 περὶ
2650 710 2745 766 τοῦ
2785 710 2957 765 Ἰούδα
2984 710 3137 783 παρὰ
3172 709 3373 765 Ἰακὼσ
3410 710 3572 764 εὐλο-

1967 805 2114 875 γίαν,
2154 824 2174 858 ι
2211 804 2493 876 δεσμεύων
2522 802 2659 877 πρὸς
2684 802 2928 875 ἄμπελον
2953 803 3049 857 τὸν
3074 802 3260 857 πῶλον
3292 802 3502 857 αὐτοῦ’
3547 822 3571 857 s

1970 899 2065 952 καί⁵
2092 896 2191 970 τὴν
2220 897 2509 970 Ἶσσάχαρ,
2530 895 2610 962 ὃς,
2640 894 2764 950 ίδὼν
2789 896 2888 967 τὴν
2914 896 3247 961 ἀνάπαυσιν,
3282 897 3370 951 ὅτι
3402 895 3573 969 καλὴ,

1970 990 2067 1043 καὶ
2101 989 2199 1061 τὴν
2227 988 2360 1061 γῆν,
2399 990 2482 1043 ὅτι
2506 989 2669 1053 πίων,
2700 988 2946 1059 ὑπέθηκε
2967 987 3058 1042 τὸν
3076 981 3228 1060 ὦμον
3262 990 3345 1054 είς
3375 989 3443 1042 τδ
3473 1006 3577 1042 πο-

1971 1083 2104 1146 νεῖν,
2146 1081 2241 1136 καὶ
2267 1080 2506 1153 ἐγενήθη
2554 1081 2694 1154 ἀνὴρ
2738 1080 3005 1154 γεωργός.
3058 1080 3174 1136 Καὶ
3221 1081 3334 1152 μὴν
3384 1080 3576 1147 Ὀζίας

1972 1172 2219 1244 γεωργὸς
2251 1168 2347 1245 ἦν,
2395 1171 2815 1246 ἀμπελουργοὺς
2854 1172 2994 1244 ἔχων
3025 1172 3086 1226 ὲν
3109 1174 3177 1244 τῇ
3214 1172 3428 1245 ὀρεινῇ.
3460 1173 3579 1227 Καὶ

1974 1266 2008 1338 ή
2038 1266 2176 1338 γυνὴ
2202 1265 2259 1319 δὲ
2290 1264 2497 1329 παντὸς
2533 1264 2745 1320 δικαίου
2778 1284 2798 1318 ι
2838 1264 2917 1330 ὡς
2939 1264 3187 1336 ἀμπελός
3221 1266 3377 1319 ἐστιν
3410 1265 3580 1338 εὐθηο

1973 1358 2141 1412 νοῦσα
2174 1360 2232 1412 ὲν
2258 1360 2376 1423 τοῖς
2405 1357 2613 1413 κλίτεσι
2643 1359 2742 1430 τῆς
2770 1359 2951 1423 οἰκίας
2978 1357 3168 1423 αὑτοῦ,
3208 1378 3230 1413 s
3265 1351 3314 1427 ᾧ
3359 1358 3578 1428 γίνεται

1973 1445 2116 1514 οἶνος
2148 1449 2461 1522 εὐφραίνων
2508 1450 2736 1523 καρδίαν
2778 1451 3092 1525 ἀνθρώπου.
3127 1454 3243 1507 Καὶ
3267 1453 3299 1505 6
3342 1452 3581 1523 Ἐκκληο

1977 1544 2204 1616 σιαστὴς
2241 1543 2542 1613 ἐφύτευσεν
2571 1543 2924 1616 ἀμπελῶνας,
2954 1545 3131 1618 ὤρυξε
3166 1544 3354 1617 ληνόν.
3378 1545 3496 1598 Καὶ
3549 1546 3581 1599 6

1976 1635 2233 1707 Σολομῶν
2265 1646 2468 1709 φησιν’
2515 1655 2534 1688 ι
2588 1635 2731 1709 Οίνῳ
2763 1637 2824 1691 δὲ
2871 1638 2928 1692 αἱ
2971 1637 3123 1711 ληνοί
3155 1655 3253 1692 σου
3294 1636 3582 1703 tuasqu-

1892 1781 1899 1786 _
1980 1743 2085 1781 σιν.
2127 1748 2146 1780 ι

2055 1822 2168 1879 Τοῦ
2205 1822 2416 1878 αὐτοῦ.
2448 1824 2615 1896 Ληνοί
2661 1825 2768 1879 είσι
2795 1824 2909 1898 (57)
2944 1825 3136 1897 φύσεις
3166 1826 3418 1896 λογικαὶ,
3452 1825 3580 1889 τοὺς

1978 1914 2044 1969 ὲκ
2110 1915 2209 1987 τῆς
2263 1915 2645 1987 πνευματικῆς
2686 1916 2934 1988 ἀμπέλου
3002 1919 3254 1991 καρποὺς
3312 1914 3583 1982 ὑποδεξάο

1981 2023 2162 2078 μεναι.

2063 2099 2166 2153 Ἐκ
2200 2100 2503 2169 στόματος
2532 2099 2769 2167 νηπίων
2795 2098 3316 2169 κάλ’θηλαζόντων
3353 2117 3582 2169 erumpe

1978 2192 2127 2246 τίσω
2171 2187 2366 2261 αἶνον,
2402 2209 2459 2248 κ.
2502 2209 2555 2246 τ.
2608 2193 2655 2245 ἑ.
2698 2192 2786 2247 Ἑν
2821 2191 2902 2265 τῷ
2939 2192 3081 2247 κατά
3130 2192 3423 2249 Ματθαῖον
3469 2192 3577 2263 (58)

1980 2285 2245 2359 πρότερον
2278 2286 2379 2356 μὲν
2409 2287 2459 2339 oi
2505 2285 2840 2358 προάγοντες
2870 2285 2963 2339 τὸν
3009 2286 3264 2358 Σωτῆρα,
3312 2285 3457 2340 ἀλλά
3489 2287 3582 2340 καὶ⁵

1980 2381 2029 2434 oi
2057 2378 2477 2443 ἀκολουθοῦντες
2516 2379 2667 2451 αὐτῷ
2708 2395 2727 2428 ι
2758 2376 2985 2449 ἔκραζον
3011 2379 3263 2449 λέγοντες
3287 2393 3305 2410 ⁸
3349 2379 3579 2434 Ὡσαννὰ

1982 2473 2059 2545 τῷ
2089 2473 2192 2544 υίῴ
2229 2471 2414 2536 Δαυῒδ,
2451 2470 2815 2543 εὐλογημένος
2844 2473 2873 2524 6
2906 2471 3203 2543 ἐρχόμενος
3247 2474 3311 2525 ὲν
3353 2471 3582 2543 ὀνόματι

1983 2566 2213 2638 Κυρίου,
2237 2565 2457 2620 ὠσαννὰ
2483 2567 2542 2619 ὲν
2569 2569 2683 2629 τοῖς
2703 2564 2947 2635 ὑψίστοις
2967 2582 2982 2595 ⁸
3014 2584 3033 2618 ι
3053 2563 3234 2635 ὀλίγον
3261 2564 3325 2619 δὲ
3353 2563 3581 2636 ὕστερον

1984 2658 2316 2731 γέγραπται,
2360 2659 2443 2713 ὅτι
2474 2657 2674 2722 ἰδόντες
2707 2659 2755 2712 oi
2785 2658 3065 2730 ἀρχιερεῖς
3094 2659 3191 2713 καὶ
3219 2658 3272 2713 οἱ
3314 2674 3582 2731 γραμμα-

1985 2754 2099 2815 τεῖς
2120 2748 2189 2804 τὰ
2212 2748 2493 2821 θαυμάσια
2517 2746 2553 2802 ἃ
2573 2747 2819 2818 ἐποίησε,
2845 2748 2940 2802 καὶ
2967 2749 3092 2813 τοὺς
3123 2748 3326 2813 παῖδας
3348 2748 3583 2820 κράζον-

1984 2858 2099 2908 ταςσ
2137 2843 2196 2897 ὲν
2242 2840 2322 2913 τῷ
2352 2841 2484 2914 ἱερῷ
2547 2842 2641 2896 καὶ
2697 2839 2977 2909 λέγοντας,
3015 2859 3034 2892 ι
3082 2840 3320 2896 Ὡσαννά
3351 2842 3435 2913 τῷ
3482 2842 3582 2914 υἱῷ

1987 2933 2169 2999 Δαυῒδ,
2212 2954 2232 2987 ›
2263 2934 2676 3005 ἠγανάκτησαν,
2714 2934 2809 2987 καὶ
2842 2928 2996 2986 εἷπον
3036 2931 3187 3005 αὺτῷ
3211 2949 3224 2963 ·
3260 2951 3283 2984 s
3334 2934 3580 2999 Ἀκούεις

1986 3028 2040 3083 τί
2071 3022 2216 3082 οὗτοι
2240 3026 2526 3097 λέγουσιν;
2578 3025 2641 3082 '0
2667 3025 2724 3079 δὲ
2762 3023 2974 3098 Ἰησοῦς
3016 3025 3166 3095 λέγει
3203 3025 3411 3092 αὐτοῖς’
3444 3024 3570 3079 Ναί.

1989 3119 2259 3174 Οὐδέποτε
2285 3119 2579 3188 ἀνέγνωτε.
2609 3118 2693 3171 ὅτι
2716 3118 2782 3170 ὲκ
2811 3117 3080 3189 στόματος
3105 3118 3321 3188 νηπίων
3364 3119 3459 3171 καὶ
3481 3117 3577 3189 θη-

1988 3212 2284 3279 λαζόντων,
2329 3233 2348 3266 ι
2371 3214 2465 3267 καὶ
2512 3211 2583 3266 τά
2624 3212 2809 3269 λοιπά.
2845 3213 3063 3266 Ἔοικεν
3102 3210 3198 3267 οὖν
3232 3215 3261 3267 6
3300 3212 3580 3276 Ματθαίος

1988 3310 2112 3373 τοὺς
2140 3308 2336 3372 αὐτοὺς
2362 3307 2553 3378 ὄχλους
2589 3306 2769 3376 λέγειν
2816 3307 3029 3370 παῖδας,
3069 3307 3165 3361 καὶ
3197 3308 3227 3359 6
3259 3306 3455 3378 Σωτὴρ
3486 3306 3581 3378 οὐχ

1986 3400 2175 3466 ἁπλῶς
2225 3401 2444 3465 παῖδας,
2485 3399 2621 3454 ἀλλά
2660 3400 2756 3454 καὶ
2800 3400 3028 3471 νηπίους
3080 3400 3177 3454 καὶ
3220 3398 3580 3473 θηλάζοντας,

1987 3494 2253 3549 διδάσκων
2304 3496 2456 3567 ἡμᾶς
2501 3493 2568 3547 δι’
2598 3488 2672 3547 ὧν
2728 3493 2943 3558 ἐξέθετο
2988 3493 3167 3566 ῥητῶν
3219 3493 3317 3547 τοῦ
3361 3493 3581 3565 ψαλμοῦ

1993 3586 2132 3659 μετά
2163 3585 2513 3659 ἀλληγορίας,
2563 3585 2886 3658 ἀλληγορεῖν
2925 3585 3018 3638 καὶ
3062 3586 3154 3639 τὸν
3189 3584 3428 3657 ψαλμόν.
3477 3588 3580 3656 Ζηο

1988 3682 2175 3752 τήσεις
2196 3679 2254 3733 δὲ
2287 3679 2515 3751 πότερον
2543 3678 2739 3731 ταυτὸν
2771 3679 2918 3730 ἐστιν
2950 3673 3097 3742 οἶκος
3131 3676 3316 3743 Δαυῖδ,
3344 3679 3443 3733 καὶ
3471 3679 3581 3743 υὲδς

1991 3772 2173 3827 Δαυῖδ.
2204 3774 2315 3827 Καὶ
2344 3775 2392 3825 εί
2429 3772 2502 3844 μὴ
2529 3771 2726 3826 ταυτόν
2753 3773 2921 3836 ἐστιν,
2967 3771 3286 3842 ἡμάρτηται
3340 3771 3404 3824 τὸ
3444 3770 3579 3825 κατά

1991 3865 2268 3921 Ματθαῖον
2306 3864 2613 3938 γραφικῶς,
2644 3863 2859 3934 ὀφεῖλον
2898 3862 3041 3933 ἔχειν
3083 3863 3204 3935 ἦτοι
3234 3862 3319 3928 δὶς
3343 3862 3426 3936 τῷ
3451 3862 3579 3935 olm;

1992 3956 2175 4022 Δαυῒδ,
2211 3957 2328 4029 ἦτοι
2352 3956 2430 4027 τῷ
2463 3955 2564 4028 υἰῴ
2584 3956 2770 4010 Δαυῖδ.

1998 4098 2003 4101 .
2067 4051 2283 4104 Ἕνεκα
2306 4048 2425 4103 τῶν
2447 4048 2678 4120 ἐχθρῶν
2699 4065 2837 4114 σου,
2870 4049 2975 4104 τοῦ
2998 4048 3345 4104 καταλῦσαι
3365 4046 3576 4118 ἐχθρὸν

1994 4142 2095 4197 καί
2129 4142 2474 4211 ἐκδικητὴν,
2505 4161 2560 4200 κ.
2593 4160 2643 4196 τ.
2678 4143 2724 4195 ὲ.
2769 4141 2993 4214 Ἐχθρὸν
3015 4143 3109 4196 καὶ
3127 4140 3422 4212 ἐκδικητὴν
3447 4139 3575 4212 (59},

1993 4236 2084 4290 τὸν
2105 4234 2355 4307 ἀληθινὸν
2387 4235 2497 4291 νόει
2520 4234 3007 4306 Ναϐουχοδονόσορ.
3043 4235 3148 4289 Τὸν
3170 4234 3422 4288 διάϐολον
3448 4250 3574 4288 κατ-

1997 4326 2183 4379 έλυσεν
2227 4328 2256 4378 6
2303 4326 2539 4396 Χριστὸς
2587 4323 2656 4378 δι’
2699 4324 2894 4379 ἀλιέων
2937 4324 3031 4378 καὶ
3072 4326 3461 4396 ἀγραμμάτων
3491 4321 3577 4377 καὶ

1994 4422 2060 4491 τῇ
2094 4419 2264 4490 κακίᾳ
2289 4418 2683 4490 νηπιαζόντων.

2067 4517 2187 4569 Ὅτι
2216 4515 2438 4585 ὄψομαι
2462 4513 2605 4580 τοὺς
2633 4513 2930 4584 οὐρανοὺς
2947 4514 3091 4583 ἔργα
3118 4510 3242 4567 τῶν
3268 4509 3572 4566 δακτύλων

305 4602 482 4649 torum
510 4604 743 4661 tuorum,
764 4595 945 4650 lunam
964 4604 1013 4650 et
1043 4596 1246 4665 stellas,
1268 4613 1387 4667 quia
1408 4608 1464 4652 tu
1487 4599 1749 4668 fundasti,
1774 4610 1880 4660 etc.

2012 4624 2126 4675 νου,
2159 4608 2436 4675 σελήνην
2460 4607 2560 4661 καὶ
2588 4606 2867 4676 ἀστέρας,
2893 4605 2933 4660 ἆ
2964 4605 3046 4659 σὺ
3071 4604 3498 4674 ἐθεμελίωσας,
3525 4620 3573 4656 κ.

312 4702 334 4738 ι
392 4687 666 4752 Quoniam
696 4688 890 4744 videbo
944 4689 1132 4744 cmlos.
1171 4708 1192 4743 ι
1242 4690 1374 4744 Rem
1413 4691 1559 4746 illam
1590 4694 1752 4764 plane
1780 4697 1889 4751 sci-

309 4793 449 4843 mus,
487 4777 655 4851 584
685 4781 901 4849 quando
932 4792 988 4836 et
1013 4783 1283 4838 rationem
1308 4784 1432 4852 ejus
1460 4793 1517 4839 et
1542 4799 1765 4840 causam
1799 4803 1892 4842 co-

308 4874 646 4942 guoscimus.
687 4893 706 4926 ι
746 4872 924 4943 Opera
973 4875 1269 4946 digitorum
1320 4887 1556 4933 tuorum.
1607 4898 1627 4933 ι
1667 4879 1893 4948 Quaeres

307 4980 379 5018 an
411 4964 514 5019 alia
547 4966 656 5020 sint
699 4981 864 5035 opera
915 4966 1206 5036 digitorum
1237 4968 1332 5024 Dei
1363 4971 1431 5025 ab
1461 4972 1723 5041 operibus
1772 4990 1891 5029 ma-

308 5069 476 5108 nuum
527 5055 887 5126 integrarum,
935 5067 989 5111 et
1022 5072 1143 5126 quae
1180 5060 1364 5127 priora
1410 5072 1561 5127 sunt,
1608 5064 1661 5118 in
1710 5077 1892 5135 poste-

308 5149 515 5199 riorum
546 5156 701 5215 parte
742 5146 1100 5202 collocentur.
1138 5166 1158 5199 ι
1191 5148 1406 5205 Lunam
1433 5163 1488 5207 et
1521 5155 1733 5221 stellas,
1769 5174 1891 5228 quae

309 5245 365 5290 tu
422 5236 689 5294 fundasti.
728 5259 748 5292 ι
783 5240 895 5295 Cur
945 5240 1115 5296 solem
1166 5256 1274 5296 non
1328 5247 1676 5304 nominavit?
1725 5250 1893 5310 Forte

306 5328 433 5398 quia
465 5346 590 5384 cuin
638 5330 1014 5389 introducitur
1037 5334 1331 5403 quispiam,
1385 5337 1430 5393 is
1477 5340 1715 5407 primum
1768 5359 1890 5414 qua:

1994 4720 2045 4755 τ.
2081 4703 2127 4755 ὲ.
2159 4720 2178 4752 ι
2217 4700 2339 4753 Ὅτι
2370 4699 2572 4771 ὄψομαι
2596 4697 2706 4769 (60)
2739 4698 2867 4762 τοὺς
2913 4696 3196 4771 οὐρανούς.
3245 4717 3264 4750 ι
3300 4696 3474 4749 Τοῦτο
3521 4696 3578 4749 τδ

1998 4796 2231 4867 πρᾶγμα
2251 4791 2436 4863 σαφῶς
2463 4790 2828 4863 ἐπιστάμεθα,
2858 4792 2947 4847 ὅτε
2976 4790 3179 4844 καὶτὸν
3198 4789 3361 4859 λόγον
3393 4790 3575 4852 αὑτοῦ,

1997 4887 2091 4941 καὶ
2120 4885 2223 4958 τὴν
2248 4884 2428 4938 αἰτίαν
2474 4880 2838 4952 γινώσκομεν.
2877 4899 2896 4930 ι
2932 4881 3112 4952 Ἔργα
3157 4880 3266 4933 τῶν
3305 4879 3577 4933 Burriava

1999 4997 2116 5036 σου,
2144 4998 2162 5032 ι
2196 4978 2463 5050 Ζητήσεις
2494 4977 2543 5029 εί
2573 4974 2737 5047 ἕτερά
2761 4976 2877 5027 ἐστι
2905 4973 2974 5026 τὰ
3006 4973 3141 5044 ἔργα
3170 4972 3278 5027 τῶν
3306 4971 3576 5026 δακτύλων

2000 5072 2096 5126 τοῦ
2131 5070 2267 5125 Θεοῦ
2304 5069 2441 5140 πρὸς
2473 5068 2543 5121 τὰ
2577 5067 2716 5138 ἔργα
2743 5064 2852 5118 τῶν
2880 5064 3017 5118 ὅλων
3067 5063 3266 5136 χειρῶν
3302 5064 3488 5128 αὐτοῦ,
3530 5066 3575 5118 εί

2000 5166 2058 5218 ὲν
2096 5163 2250 5235 μέρει
2278 5161 2396 5213 ἐστὶ
2422 5158 2493 5213 τὰ
2522 5159 2763 5228 πρότερα
2792 5154 2901 5207 τῶν
2946 5153 3232 5227 δευτέρων.
3288 5174 3307 5207 ι
3349 5154 3574 5225 Σελήνην

2000 5257 2094 5311 καὶ
2123 5253 2382 5326 ἀστέρας,
2411 5252 2450 5306 ἀ
2475 5252 2540 5305 σὺ
2563 5246 2951 5319 ἐθεμελίωσας.
2991 5265 3011 5298 ι
3058 5245 3157 5299 Διά
3198 5246 3252 5299 τί
3298 5245 3450 5317 ἣλιον
3480 5246 3572 5299 οὐκ

2000 5346 2320 5419 ὼνόμασεν;
2366 5344 2595 5416 Μήποτε
2635 5340 2724 5394 ὅτε
2772 5338 2870 5410 μὲν
2914 5336 3195 5406 εἰσάγεται
3241 5354 3349 5404 τις,
3394 5337 3571 5409 πρῶτα

377 5473 423 5561 f’
448 5473 757 5561 geminet
779 5493 929 5561 sttit:
1022 5479 1069 5512 ⁸⁸
1093 5480 1240 5536 Psal.
1276 5496 1482 5550 cum,
1506 5486 1562 5543 ὅ.
1636 5488 1682 5521 ⁸⁸
1706 5489 1851 5546 Psal.
1885 5510 2004 5561 cm,
2038 5494 2127 5549 15.
2203 5495 2250 5526 ⁹⁰
2293 5493 2500 5550 Eccles.
2546 5507 2608 5557 ll,
2635 5491 2690 5546 4.
2766 5489 2810 5520 ⁹¹
2841 5486 3002 5543 Prov.
3029 5500 3113 5551 Ill,
3151 5481 3239 5537 l0.
3313 5479 3359 5513 ⁹¹
3389 5477 3567 5533 Matth.

308 5559 424 5609 xu,
458 5543 512 5600 9.
603 5546 649 5579 ³³
677 5547 811 5603 ibid.
854 5549 938 5604 16.

378 5683 491 5755 (57)
523 5687 713 5753 Auro!
739 5691 879 5753 εισι,
906 5698 1011 5743 etc.
1042 5690 1270 5744 Scbedae
1303 5688 1512 5754 Grabii,
1542 5689 1832 5745 Barbarus.

381 5753 494 5827 (5g)
537 5757 642 5827 Ἐν
671 5757 752 5824 τῷ
797 5761 947 5814 κατὰ
971 5759 1296 5827 Ματθαῖον,
1328 5772 1437 5817 etc.
1485 5761 1714 5816 Scheda:
1760 5762 1898 5817 Gra-

308 5824 404 5887 bii,
443 5823 733 5883 Barbarus.

386 5894 498 5963 (59)
535 5896 783 5967 Ἐχθρὸν
807 5899 902 5953 καί
931 5898 1278 5968 ἐκδικητὴν,
1326 5908 1432 5957 etc.
1472 5899 1683 5959 Eaedem
1734 5903 1895 5961 sche-

1997 5696 2100 5752 ἀπ.
2126 5707 2177 5753 et
2214 5697 2507 5754 Barbarus.

2079 5766 2344 5839 (61))Ὂτι
2391 5768 2634 5838 ὄψομαι.
2678 5761 3006 5839 Cordcrilts:
3037 5757 3363 5839 “Barbarus,
3416 5754 3563 5812 codd.

2004 5832 2401 5905 Baroc'cianus,
2431 5832 2485 5894 et
2505 5832 2739 5894 'scheda:
2764 5832 3095 5889 Cotnbellsii.
