3986 6384
282 268 418 326 1185

1258 260 1569 318 SELECTA
1609 258 1676 313 IN
1710 257 2051 314 PSALMOS.
2095 290 2163 300 —
2196 255 2392 313 PSAL.
2431 257 2522 315 IX.

3399 266 3538 325 H86

279 384 496 457 συνίησι
525 383 595 438 τά
630 384 727 456 τῆς
757 384 972 448 νυκτὸς,
1008 383 1233 455 ὕστερον
1259 382 1315 435 δέ
1348 399 1478 436 ποτε
1506 382 1574 435 τά
1596 382 1694 453 τῆς
1720 380 1856 452 ἡμέ-

1987 378 2144 433 loctis
2180 391 2328 446 sunt,
2379 378 2656 449 intelligit,
2702 379 2902 436 deinde
2930 395 3050 451 qua:
3081 382 3151 438 ad
3180 384 3324 441 diem
3369 390 3542 457 perti-

281 495 402 551 ρας.

358 570 419 626 Τί
443 569 614 624 ἐστιν
634 567 963 636 ἄνθρωπος,
984 567 1071 621 ὅτι
1089 566 1402 637 μιμνήσκῃ
1427 566 1650 630 αὑτοῦ;
1672 566 1708 634 ἣ
1732 566 1861 632 υίὸς

278 662 617 731 ἀνθρώπου,
648 661 737 714 ὅτι
770 661 1102 730 ἐπισκέπτῃ
1129 662 1337 726 αὐτὸν,
1369 678 1422 715 κ.
1456 678 1505 714 τ.
1538 661 1585 713 ἐ.
1626 661 1690 713 El
1727 659 1860 713 θαυ-

284 756 471 828 μάζων
501 753 639 825 (61),
673 753 755 805 ὅτι
794 753 1157 824 μιμνήσκεται
1191 751 1395 823 Κύριος
1422 750 1514 803 τοῦ
1548 750 1859 823 ἀνθρώπου,

280 847 377 899 καὶ
401 846 481 899 ὅτι
512 842 902 895 ὲπισκέπτεται
955 843 1069 895 υἱὸν
1114 840 1425 913 ἀνθρώπου,
1478 838 1654 893 ταῦτά
1704 856 1858 911 φησι,

280 936 462 1006 δῆλον,
495 935 576 987 ὅτι
608 932 910 1003 εὐεργετῶν
942 932 1354 985 ὲπισκέπτεται.
1384 928 1553 983 Τοῦτο
1583 929 1640 982 δὲ
1667 946 1862 1001 σημει-

280 1028 400 1101 ώσῃ
431 1026 521 1081 διὰ
545 1027 626 1090 τὸ,
666 1043 684 1075 ι
736 1024 1136 1096 Ἐπισκέψομαι
1177 1024 1233 1076 ὲν
1289 1023 1469 1094 ῥάϐδῳ
1500 1022 1598 1086 τὰς
1635 1023 1864 1093 ἀνομίας

283 1120 486 1185 αὐτῶν,
521 1120 615 1173 καὶ
650 1121 706 1172 ὲν
743 1116 963 1190 μάστιξι
997 1117 1096 1181 τὰς
1129 1117 1339 1181 ἀδικίας
1372 1116 1572 1182 αὐτῶν,
1609 1136 1628 1169 t
1663 1118 1757 1171 καὶ
1777 1116 1864 1171 διά

285 1216 366 1277 τὸ,
405 1232 424 1264 ι
474 1214 588 1266 Οὐκ
642 1211 1009 1283 ἐπισκέψομαι
1058 1210 1150 1264 ἐπὶ
1179 1210 1278 1273 τάς
1325 1210 1632 1283 θυγατέρας
1690 1209 1863 1279 ὑμῶν,

284 1306 413 1359 ὅταν
461 1302 791 1375 πορνεύωσι,
845 1304 939 1357 καὶ
974 1303 1066 1357 ἐπὶ
1104 1302 1205 1366 τὰς
1252 1302 1468 1374 νύμφας
1510 1301 1686 1373 ὑμῶν,
1737 1301 1865 1356 ὅταν

290 1396 609 1470 μοιχεύωσι,
651 1416 668 1448 ι
712 1397 899 1449 καὶτὰ
930 1396 1112 1467 ὃμοια.

369 1488 746 1553 Ἠλάττωσας
782 1488 972 1542 αὑτὸν
1014 1488 1218 1557 ,βραχύ
1262 1505 1317 1541 τι
1368 1488 1505 1557 παρ’
1547 1488 1863 1559 ἀγγέλους,

285 1600 339 1637 κ.
370 1600 417 1635 τ.
442 1582 488 1636 ὲ.
517 1582 624 1634 Καὶ
642 1580 801 1642 αὐτὰ
824 1578 931 1651 γάρ
957 1596 1047 1632 σου
1072 1578 1178 1650 (69.)
1202 1579 1401 1648 γνῶσιν
1417 1580 1560 1651 ἔχειν
1587 1578 1866 1650 πεφυκὼς,

1961 480 2113 529 nent.

2034 559 2197 616 Vsus.
2230 562 2283 616 5.
2314 560 2455 626 Quid
2481 571 2556 616 est
2589 563 2745 615 homo
2779 562 2922 631 quod
2946 579 3147 617 memor
3176 581 3228 620 es
3257 565 3372 633 ejus
3392 568 3419 623 ἵ
3448 577 3543 622 aut

1960 652 2108 721 ﬁlius
2145 655 2397 721 hominis,
2429 656 2680 724 quoniam
2720 656 2905 710 visitas
2947 673 3067 710 eum
3097 657 3122 711 I’
3160 666 3268 712 etc.
3309 657 3465 725 Quod
3496 661 3541 715 si

1963 746 2196 800 miratus
2244 744 2532 800 Dominum
2584 746 2823 803 hominis
2874 749 3195 805 meminisse
3239 760 3292 805 et
3321 750 3543 806 visitare

1966 838 2135 891 ﬁlium
2177 838 2436 902 hominis,
2488 839 2607 894 hinc
2635 839 2788 904 dicit,
2824 839 3031 895 clarum
3055 852 3138 896 est
3169 858 3291 897 eum
3321 843 3544 899 benefa-

1966 930 2160 986 ciendo
2194 930 2441 986 visitare.
2476 930 2593 987 lloc
2640 941 2823 987 autem
2858 932 3177 991 observabis
3227 946 3448 1007 propter
3477 937 3543 992 il-

1966 1022 2055 1076 lud
2086 1022 2174 1076 ’δε
2214 1040 2232 1073 ι
2284 1022 2528 1077 Visitabo
2576 1022 2630 1078 in
2677 1025 2827 1095 virga
2880 1025 3201 1095 iniquitates
3246 1044 3459 1095 eorum,
3493 1039 3548 1085 et

1967 1115 2020 1169 in
2054 1114 2371 1170 verberibus
2397 1128 2626 1185 peccata
2660 1132 2872 1183 eorum,
2916 1137 2935 1170 ι
2969 1128 3024 1174 ct
3052 1122 3440 1189 propteristud
3460 1123 3543 1175 "z

1973 1226 1991 1258 ι
2024 1207 2139 1263 Νοιι
2180 1209 2413 1265 visitabo
2459 1225 2623 1280 super
2663 1211 2805 1267 tilias
2838 1220 3069 1278 vestras,
3097 1228 3220 1269 cum
3266 1214 3549 1269 fornicata:

1968 1300 2194 1365 fuerint,
2244 1311 2301 1358 et
2354 1318 2519 1373 super
2552 1318 2749 1359 uxores
2781 1314 3011 1369 vestras,
3043 1320 3165 1360 cum
3204 1306 3549 1363 adulterave-

1970 1396 2099 1458 rint,
2141 1415 2160 1448 ι
2199 1404 2255 1451 et
2290 1396 2509 1452 similia.

2044 1489 2209 1545 Vsus.
2237 1487 2290 1546 6.
2321 1487 2568 1543 Minuim‘
2595 1506 2713 1544 eum
2736 1490 3077 1559 paulominus
3100 1494 3164 1546 ab
3193 1494 3548 1565 angelis,etc.

1975 1583 2185 1639 Etenim
2218 1597 2340 1637 cum
2388 1582 2505 1652 ipse
2552 1592 2742 1637 natura
2791 1593 2951 1655 aptus
2982 1586 3054 1640 sit
3083 1588 3149 1641 ad
3180 1588 3256 1641 tui
3287 1590 3543 1643 notitiam

284 1675 385 1728 οὐκ
432 1672 785 1727 ἀπολείπεται
826 1673 966 1727 λίαν.
1006 1672 1316 1743 Ὀμοιοῦται
1342 1673 1450 1745 γάρ
1493 1690 1596 1735 σοι,
1634 1671 1778 1726 κατά
1808 1672 1869 1725 τὸ

1987 1675 2440 1744 :onsequendam,
2477 1689 2580 1729 non
2610 1675 2904 1732 admodum
2937 1677 3004 1732 ab
3032 1677 3140 1733 illis
3183 1679 3369 1735 distat.
3400 1680 3552 1735 Assi-

282 1767 525 1830 δυνατὸν,
558 1765 842 1837 ἁγιότητος
865 1765 957 1819 καὶ
985 1765 1183 1836 ἀρετῆς
1202 1764 1486 1836 ἀναλήψει.
1514 1764 1622 1819 Καὶ
1647 1764 1734 1819 διὰ
1768 1763 1867 1836 τὴν

284 1859 468 1912 εἰκόνα
500 1858 594 1913 καὶ
620 1857 719 1929 τὴν
750 1857 1007 1928 ὁμοίωσιν
1032 1857 1129 1929 τὴν
1159 1856 1269 1911 τῶν
1295 1856 1503 1928 θνητῶν
1534 1856 1682 1927 αὑτῷ
1712 1856 1866 1921 ζώων

288 1950 623 2022 προστασίαν
663 1950 989 2021 άπένειμας.
1036 1949 1250 2013 Ταύτας
1278 1949 1528 2021 εἰρῆσθαι
1560 1950 1689 2022 περ)⁵
1730 1952 1867 2023 Χρι-

290 2042 417 2097 στοῦ
440 2043 538 2107 τάς
567 2042 740 2108 λέξεις
768 2044 796 2095 ό
825 2041 1034 2106 Παῦλος
1067 2041 1338 2114 Ἑϐραίοις
1370 2041 1523 2112 φησί.
1552 2041 1713 2111 Λέγει
1736 2044 1863 2112 γάρ·

292 2152 312 2187 ι
344 2136 447 2188 Τὸν
475 2136 531 2188 δὲ
563 2133 736 2206 βραχύ
766 2151 818 2186 τι
849 2134 980 2207 παρ’
1026 2132 1293 2202 ἀγγέλους
1334 2133 1716 2205 ἠλαττωμένον
1745 2135 1867 2204 βλέ-

287 2245 463 2297 πομεν
503 2226 728 2298 Ἰησοῦν,
758 2226 847 2280 διὰ
878 2226 938 2279 τὸ
972 2224 1204 2297 πάθημα
1229 2225 1323 2279 τοῦ
1354 2225 1587 2280 θανάτου
1616 2226 1741 2298 δόξῃ
1775 2227 1871 2281 καὶ

283 2322 420 2392 τιμῇ
447 2317 911 2389 ἐστεφανωμένον.
958 2336 976 2368 ι

360 2590 515 2660 Δόξῃ
545 2589 641 2644 καὶ
671 2587 813 2659 τιμῇ
844 2585 1274 2657 ἐστεφάνωσας
1300 2585 1489 2640 αὐτόν
1508 2602 1522 2615 ο
1562 2583 1660 2641 καὶ
1697 2582 1871 2639 κατέ-

288 2700 527 2753 στησας
556 2681 743 2735 αὐτὸν
792 2680 888 2734 ἐπὶ
926 2679 998 2733 τὰ
1038 2678 1183 2747 ἔργα
1223 2676 1342 2731 τῶν
1378 2673 1591 2746 χειρῶν
1631 2688 1770 2737 σου,
1813 2690 1868 2726 κ.

288 2794 341 2832 τ.
373 2776 420 2829 ὲ.
456 2775 567 2828 Καὶ
594 2774 623 2826 ὁ
664 2772 986 2835 ’Λπόστολος
1028 2770 1138 2843 (65)
1166 2768 1415 2823 ἐντεῦθεν
1444 2768 1694 2838 ὠνόμασε
1724 2784 1742 2817 ι
1779 2763 1872 2818 τὸν

292 2868 603 2941 ἀμάραντον
626 2867 723 2938 τῆς
750 2864 908 2935 δόξης
950 2864 1229 2933 στέφανον.
1268 2883 1284 2913 ι
1316 2861 1425 2915 Καὶ
1468 2859 1580 2912 ἔσθ’
1604 2860 1694 2912 ὅτε
1737 2858 1870 2928 τιμῇ

289 2958 735 3031 ὶστεφανωμένος
766 2974 850 3019 τις
872 2956 933 3007 οὐ
970 2954 1313 3026 συνῆκεν,ὠς
1346 2955 1403 3006 ὲν
1432 2950 1512 3023 τῷ
1531 2968 1545 2983 ο
1580 2969 1599 3002 ι
1637 2948 1874 3021 Ἀνθρω-

1974 1766 2199 1820 milatur
2237 1767 2385 1821 enim
2441 1766 2560 1830 tibi,
2596 1767 2775 1835 quoad
2813 1766 2930 1821 fieri
2958 1775 3155 1836 potest,
3189 1784 3313 1824 cum
3347 1771 3553 1826 sancti-

1971 1865 2138 1912 tatem
2172 1867 2231 1912 et
2258 1856 2514 1913 virtutem
2538 1857 2641 1913 sibi
2666 1859 3029 1929 comparavit.
3057 1859 3125 1915 Et
3165 1872 3394 1931 propter
3415 1863 3553 1917 ima-
3582 1924 3585 1927 _

1970 1949 2150 2020 ginem
2208 1966 2271 2005 ac
2322 1951 2787 2012 similitudinem,
2842 1951 3132 2023 imperium
3186 1954 3287 2024 ipsi
3344 1964 3551 2009 morta-

1971 2038 2101 2095 lium
2144 2041 2465 2096 animalium
2514 2042 2814 2098 tradidisti.
2861 2043 3038 2099 Verba
3070 2045 3184 2099 haec
3211 2046 3277 2099 de
3330 2044 3554 2101 Christo

1972 2130 2083 2186 dici
2145 2128 2352 2189 Paulus
2413 2133 2468 2188 in
2543 2134 2790 2204 Epistola
2851 2135 2920 2189 ad
2976 2134 3234 2192 Hebraeos
3297 2136 3551 2191 aiIirmat.

1970 2228 2064 2281 Ait
2113 2226 2261 2280 enim
2319 2227 2364 2257 9“
2421 2247 2434 2282 :
2499 2244 2521 2279 ι
2575 2226 2713 2282 Eum
2756 2236 2939 2283 autem
2988 2229 3079 2297 qui
3133 2228 3347 2283 modico
3390 2244 3552 2299 quam

1973 2322 2151 2393 angeli
2228 2320 2536 2377 minoratus
2601 2330 2727 2387 est,
2788 2321 3038 2377 videmus
3110 2318 3341 2387 Iesum,
3425 2337 3552 2390 pro-

1971 2423 2097 2482 pter
2144 2412 2453 2482 passionem
2504 2413 2720 2481 mortis,
2773 2412 2945 2485 gloria
2990 2421 3045 2467 et
3080 2413 3293 2468 honore
3325 2428 3556 2468 corona-

1975 2519 2111 2561 ιυιη,
2150 2522 2170 2555 ι

2048 2594 2211 2650 Vens.
2242 2596 2296 2661 6,
2327 2596 2379 2651 7.
2425 2596 2613 2651 Gloria
2653 2606 2703 2651 et
2752 2597 2950 2651 honore
2999 2598 3270 2653 coronasti
3312 2613 3453 2664 eum,
3506 2606 3558 2652 et

1973 2689 2296 2744 constituisti
2324 2706 2445 2743 eum
2487 2705 2648 2756 super
2682 2706 2840 2759 opera
2879 2705 3136 2744 manuum
3175 2700 3414 2755 tuarum,
3445 2697 3557 2745 etc.

1980 2781 2119 2837 llinc
2167 2782 2332 2836 etiam
2384 2779 2677 2850 Apostolus
2732 2797 2765 2831 ιν
2812 2779 3326 2836 immarcescibilem
3372 2779 3561 2851 gloriae

1974 2888 2235 2929 coronam
2294 2892 2314 2928 ι
2371 2872 2675 2927 nominavit
2706 2872 2774 2927 ’7.
2830 2872 2920 2927 Fit
2957 2872 3124 2929 etiam
3159 2873 3456 2943 aliquando
3499 2880 3562 2927 ut

1975 2967 2098 3036 quis
2147 2981 2207 3021 se
2234 2965 2409 3036 gloria
2443 2971 2763 3020 coronatum
2813 2979 2920 3019 non
2974 2964 3263 3035 intelligat,
3297 2964 3457 3035 juxta
3493 2965 3561 3018 il-

289 3072 391 3119 πος
411 3056 469 3107 ὲν
502 3054 631 3123 τιμῇ
672 3052 746 3104 ὢν
784 3050 845 3103 οὐ
877 3048 1130 3119 συνῆκεν.
1174 3067 1191 3098 ι
1227 3042 1565 3100 ΟὐκἝπὶτά
1602 3042 1737 3113 ἔργα
1777 3058 1870 3095 σου

1987 3059 2069 3113 Ind
2099 3059 2146 3091 °°
2180 3076 2193 3113 :
2235 3075 2254 3108 ι
2290 3055 2460 3111 llomo
2490 3070 2616 3111 cum
2658 3057 2710 3111 in
2743 3057 2952 3112 honore
2984 3065 3150 3121 esset,
3182 3071 3291 3110 non
3345 3055 3559 3110 intelle-

289 3151 348 3204 δὲ
389 3144 564 3211 εἶπεν,
594 3146 738 3218 ἅπερ
772 3140 925 3215 οἶμαι
962 3138 1102 3196 εἶναι
1134 3140 1202 3194 τὰ
1238 3140 1312 3211 μὴ
1337 3138 1661 3209 βλεπόμενα.
1715 3134 1873 3207 Πρῶ-

292 3260 374 3295 τοι
406 3241 503 3313 μὲν
538 3235 629 3293 οὖν
678 3240 735 3291 ὲν
785 3237 967 3309 ἔργοις
1002 3232 1169 3305 ἐσμὲν
1199 3231 1397 3304 χειρῶν
1434 3230 1592 3295 Θεοῦ,
1626 3228 1875 3283 τουτέστι

286 3338 402 3399 τοῖς
443 3333 519 3406 μὴ
552 3330 928 3404 βλεπομένοις.
963 3326 1153 3380 Ταῦτα
1180 3325 1235 3379 δὲ
1269 3325 1364 3378 καὶ
1399 3323 1540 3396 μετά
1580 3322 1677 3393 τὴν
1718 3324 1867 3375 ὲναν-

289 3428 577 3503 θρώπησιν
603 3427 805 3480 νοεῖται
837 3422 930 3476 τοῦ
953 3419 1088 3474 Θεοῦ
1118 3419 1214 3473 καὶ
1242 3418 1493 3489 Σωτῆρος
1528 3415 1685 3487 ἡμῶν
1708 3432 1719 3444 ·
1750 3411 1874 3485 δόξῃ

288 3526 400 3594 γὰρ
431 3523 526 3576 καὶ
558 3521 689 3591 τιμῇ
725 3519 753 3571 ό
784 3516 1069 3587 ἄνθρωπος
1096 3511 1503 3581 ὲστεφάνωται’
1528 3530 1545 3561 ι
1580 3510 1875 3580 Συνήγειρε

286 3617 398 3688 γὰρ
424 3617 571 3686 ἡμᾶς
604 3614 698 3667 καὶ
726 3608 1077 3665 συνεκάθισεν
1102 3608 1159 3662 ὲν
1189 3610 1300 3670 τοῖς
1327 3602 1690 3676 ἐπουρανίοις,
1722 3620 1740 3653 ι
1774 3618 1878 3654 -κα-

288 3709 401 3774 θὼς
427 3723 591 3781 φησιν
619 3709 647 3760 ὀ
686 3703 1024 3768 Ἀπόστολος.

364 3886 568 3942 Πάντα
604 3884 909 3951 ὑπέταξας
934 3879 1217 3938 ὑποκάτω
1255 3877 1375 3933 τῶν
1418 3874 1621 3930 ποδῶν
1665 3872 1875 3937 αὑτοῦ,

291 3981 560 4049 πρόϐατα
603 3977 701 4033 καὶ
734 3976 892 4044 ,ϐόας
942 3973 1168 4039 πάσας,
1200 3971 1287 4026 ἔτι
1334 3968 1401 4023 δὲ
1448 3967 1548 4022 καὶ
1583 3966 1657 4021 τὰ
1685 3964 1875 4032 κτήνη

292 4072 402 4128 τοῦ
447 4072 679 4135 πεδίου,
722 4071 793 4126 τὰ
833 4066 1073 4123 πετεινὰ
1110 4064 1217 4119 τοῦ
1266 4061 1549 4132 οὐρανοῦ,
1591 4059 1690 4113 καὶ
1736 4057 1877 4123 τοὺς

291 4167 507 4236 ἰχθύας
533 4162 641 4232 τῆς
671 4161 1011 4228 θαλάσσης,
1043 4177 1098 4213 κ.
1130 4176 1181 4212 τ.
1232 4157 1279 4210 ὲ.
1310 4156 1483 4209 Ὅπου
1529 4153 1627 4225 μὲν
1658 4150 1877 4222 καθαρά

293 4259 405 4333 (64)
442 4257 689 4330 πρόϐατα
715 4256 809 4308 καὶ
844 4253 985 4324 βόες,
1019 4271 1037 4303 ι
1077 4250 1256 4303 πάντα
1286 4268 1304 4299 ι
1341 4245 1710 4318 προσέθηκεν·
1748 4243 1878 4333 ἔνθα

289 4332 349 4404 δὲ
387 4348 660 4419 ἐνδέχεται
710 4344 806 4398 καὶ
855 4342 1164 4413 ἀκάθαρτα,
1220 4337 1296 4402 ὡς
1344 4338 1437 4392 ἐπὶ
1490 4337 1599 4390 τῶν
1661 4332 1874 4405 κτηνῶν

1978 3150 2076 3205 xit.
2111 3169 2130 3203 ι
2171 3147 2289 3203 Non
2317 3149 2454 3203 dixit
2486 3158 2692 3215 autem,
2730 3147 2904 3219 Super
2933 3162 3096 3218 opera
3136 3156 3248 3217 tua,
3296 3163 3418 3219 qua}
3445 3150 3561 3205 exi-

1979 3242 2142 3296 snmo
2171 3253 2291 3296 esse
2323 3254 2387 3293 ea
2426 3256 2549 3308 qua:
2579 3255 2687 3294 non
2728 3241 2998 3295 videntur.
3031 3240 3143 3296 Nos
3179 3242 3346 3312 igitur
3398 3241 3557 3311 primi

1977 3348 2167 3389 sumus
2196 3332 2248 3387 in
2280 3332 2536 3402 operibus
2568 3348 2824 3386 manuum
2857 3332 2975 3398 Dei,
3009 3333 3061 3387 id
3091 3344 3178 3388 est
3205 3333 3273 3388 iis
3305 3348 3427 3403 qua:
3452 3349 3557 3389 non

1978 3425 2255 3480 videntur.
2307 3422 2434 3478 llam
2482 3422 2647 3477 etiam
2704 3432 2827 3493 post
2882 3424 3314 3479 incarnationem
3361 3424 3455 3480 Dei
3504 3433 3563 3480 et

1979 3516 2282 3572 Salvatoris
2318 3514 2511 3579 nostri,
2550 3515 2725 3571 locum
2761 3517 2965 3572 habere
3000 3516 3397 3585 intelliguntur.
3431 3530 3559 3570 nam

1977 3611 2147 3681 gloria
2178 3618 2233 3665 et
2265 3609 2471 3687 honore
2511 3618 2807 3665 coronatus
2834 3619 2917 3664 est
2947 3610 3112 3664 homo
3143 3626 3157 3663 :
3196 3625 3215 3658 ι
3257 3607 3561 3663 Conresus-

1978 3702 2169 3759 citavit
2208 3704 2353 3757 enim
2387 3718 2484 3759 nos
2517 3713 2574 3759 et
2595 3702 2893 3758 consedere
2922 3700 3053 3756 iecit
3081 3700 3135 3755 in
3168 3698 3503 3762 cmlestibus,
3534 3718 3554 3751 s

1981 3806 2039 3851 ut
2071 3796 2147 3850 ait
2169 3796 2463 3866 Apostolus
2490 3797 2557 3852 ’°.

2055 3887 2219 3941 Vens.
2252 3888 2306 3952 8,
2334 3888 2388 3943 9.
2438 3888 2633 3942 Omnia
2687 3887 2955 3957 subjecisti
3006 3885 3102 3941 sub
3148 3884 3370 3956 pedibus
3418 3882 3559 3953 ejus,

1981 3992 2096 4031 oves
2120 3986 2168 4031 et
2200 3978 2351 4031 boves
2379 3980 2673 4041 universas,
2705 3979 2920 4047 insuper
2946 3986 2993 4031 et
3028 3965 3220 4046 pecora
3250 3974 3445 4043 campi,
3476 3989 3566 4026 oo-

1979 4070 2154 4124 lucres
2183 4072 2295 4124 caeli
2317 4081 2367 4124 et
2394 4072 2562 4141 pisces
2589 4071 2775 4135 maris,
2797 4080 2905 4126 etc.
2928 4068 3380 4138 Quandoquidem
3408 4079 3565 4120 mun-

1981 4162 2062 4216 da:
2091 4172 2220 4218 sunt
2256 4177 2387 4218 oves
2437 4172 2491 4218 et
2535 4164 2724 4229 boves,
2761 4162 2967 4217 addidit
3001 4179 3020 4214 ι
3051 4161 3370 4224 universas;
3409 4178 3430 4212 s
3467 4156 3563 4213 ubi

1981 4268 2115 4309 vero
2158 4255 2436 4310 immunda
2467 4269 2589 4311 esse
2635 4255 2892 4309 animalia
2941 4261 3194 4325 possunt,
3225 4260 3286 4307 ut
3314 4251 3367 4304 in
3402 4264 3566 4319 peco-

1984 4346 2132 4401 ribus
2164 4348 2368 4417 campi,
2400 4362 2510 4401 non
2542 4347 2678 4402 dicit
2712 4346 2919 4401 omnia.
2950 4345 3027 4399 Ita
3065 4352 3119 4400 et
3152 4344 3206 4398 in
3245 4340 3567 4397 volucribus

288 4442 388 4497 τοῦ
417 4442 624 4504 πεδίου,
646 4439 747 4492 οὐκ
793 4437 1008 4508 εἴρηται
1058 4454 1076 4487 ι
1106 4435 1303 4489 πάντα.
1334 4453 1352 4485 s
1394 4430 1626 4503 Ὁμοίως
1649 4429 1744 4481 καὶ
1781 4426 1872 4479 ἐπὶ
1908 4445 1951 4500 ι)
1984 4440 2111 4494 cum
2145 4450 2200 4495 ει
2240 4442 2709 4511 ρίεοίυυςηιηιηίς,

288 4535 401 4590 τῶν
443 4532 705 4587 πετεινῶν
734 4529 828 4584 τοῦ
864 4528 1095 4601 οὐρανοῦ
1138 4528 1233 4580 καὶ
1285 4524 1483 4595 ἰχθύων
1518 4522 1616 4592 τῆς
1669 4520 1871 4573 θαλάσ-

292 4645 416 4702 σηςο

889 4802 1182 4858 ΨΑᾹΜΟΣ
1206 4800 1283 4853 Θ’.

365 4906 469 4971 Εἰς
512 4903 573 4957 τὸ
603 4901 777 4967 τέλος
803 4899 956 4967 ὑπὲρ
984 4895 1102 4951 τῶν
1130 4894 1399 4964 κρυφίων
1427 4892 1533 4947 τοῦ
1560 4892 1695 4947 υίοῦ
1725 4894 1884 4961 ψαλ-

2557 4793 2876 4851 PSALMUS
2913 4792 3004 4848 lx.

2061 4890 2226 4962 585
2265 4892 2429 4947 Vsus.
2457 4891 2507 4944 1.
2556 4888 2619 4944 In
2653 4889 2809 4958 ﬁnem
2839 4903 2937 4956 pro
2965 4882 3185 4939 occultis
3209 4883 3309 4953 ﬁlii
3332 4882 3568 4954 psalmus

292 4998 412 5070 μὸς
456 4995 537 5063 τῷ
577 4993 797 5058 Δαυῒδ,
828 5010 882 5045 κ.
925 5008 974 5043 τ.
1010 4990 1055 5042 ὲ.
1101 4986 1327 5059 Κρύφιά
1368 4988 1485 5039 ἐστι
1529 4983 1637 5055 (65)
1683 4982 1870 5053 γνῶσις

1995 4982 2196 5045 David,
2247 4989 2353 5035 etc.
2407 4978 2629 5036 Occulta
2691 4987 2775 5034 est
2839 4975 3127 5033 ineliabilis
3177 4977 3567 5046 mysteriorum

295 5089 607 5162 ἀπόρρητος
637 5085 745 5140 τῶν
783 5083 910 5156 περὶ
933 5079 1169 5155 Χριστοῦ
1196 5077 1291 5133 τοῦ
1331 5076 1585 5151 ἀληθινοῦ
1614 5075 1748 5131 Θεοῦ
1784 5093 1870 5148 μυ-

1990 5074 2195 5129 Christi
2220 5076 2331 5128 veri
2368 5073 2460 5127 Dei
2493 5072 2751 5143 cognitio.

299 5182 557 5254 στηρίων.

372 5300 420 5332 ⁸⁸
452 5297 595 5352 Ρειιι.
642 5308 905 5357 Lxxxvnt,
947 5291 1038 5347 55.
1144 5290 1191 5322 ’⁸
1234 5288 1394 5346 Osee.
1446 5299 1534 5351 tv,
1588 5281 1676 5337 M.

302 5371 349 5404 ’θ
376 5370 571 5441 Ephes.
602 5384 662 5432 ll,
698 5366 754 5421 6.

379 5488 490 5555 (61)
541 5488 611 5540 Et
656 5481 984 5554 θαυμάζων,
1012 5489 1156 5555 etc;
1200 5475 1517 5555 Corderius,
1570 5472 1879 5533 Barbarus,

304 5549 522 5616 schedia
551 5549 891 5616 Combelisii,
925 5552 1097 5605 codex
1122 5549 1509 5604 Baroccianus.

377 5611 619 5701 (Gil—Kal
655 5625 840 5692 αὐτὸς
1016 5637 1154 5686 σου,
1182 5630 1286 5676 etc.
1324 5616 1649 5674 Corderius.
1681 5611 1886 5673 Barba-

307 5718 422 5759 TUS.

1778 5281 1824 5314 ’°
1865 5279 2029 5337 llebr.
2084 5294 2161 5345 tt,
2210 5278 2266 5334 9.

2371 5275 2636 5357 "l‘Petr.
2686 5291 2741 5342 ν,
2772 5276 2827 5332 4.
2931 5275 2978 5307 ’⁸
3029 5272 3174 5328 Psal.
3224 5285 3427 5339 vam,
3478 5270 3566 5327 l3.

1991 5462 2328 5529 Comboﬁsii,
2358 5462 2542 5517 Daniel
2566 5460 2863 5516 Barbarus.

2064 5536 2177 5609 (64)
2202 5525 2394 5609 Ὅπου
2416 5532 2813 5609 μὲιχκαθαρά,
2833 5541 2940 5585 etc.
2969 5525 3151 5582 Codex
3174 5526 3546 5582 Baroccianus
3614 5594 3617 5603 τ

1993 5604 2206 5664 schedia:
2248 5604 2581 5667 Cotnbelisii,
2613 5615 2667 5657 et
2698 5604 2983 5655 Barbarus.
3120 5666 3127 5667 ί
3614 5608 3620 5615 ·

2065 5673 2179 5750 (65)
2207 5677 2436 5748 ιιζρύεριὰ
2477 5677 2645 5741 ἐστι,
2694 5682 2798 5728 etc.
2837 5668 3063 5726 Schedaa
3101 5666 3328 5734 Grabii,
3368 5667 3569 5724 Barba-

378 5750 488 5841 ξόὅ)
520 5768 691 5825 Καὶό
725 5765 1131 5830 Ἀπόστολος,
1176 5768 1282 5817 etc.
1324 5757 1551 5815 Schedaa
1596 5750 1782 5812 Grabii
1831 5761 1888 5810 ct
1995 5766 2109 5807 rus.
