3822 6504
395 296 527 353 H87

1802 294 1895 352 EX
1935 293 2242 352 ORIGENE

3529 309 3667 364 H88

462 418 632 472 Vens.
682 415 738 484 2,
787 415 843 471 3.
899 415 1200 485 Conﬁtebor
1274 416 1404 483 tibi,
1457 415 1714 485 Domine,
1757 418 1814 472 in
1863 427 1964 474 tota

2149 419 2704 492 Ἐξομολοτήσομαί
2719 437 2839 490 σοι,
2857 423 3054 492 Κύριε,
3071 422 3142 480 ἐν
3159 424 3274 496 ὅλῃ
3298 427 3514 497 καρδίᾳ
3531 449 3664 500 μετ’

389 510 547 565 corde
571 525 683 564 meo
709 524 724 574 ;
755 507 988 563 narrabo
1039 509 1218 562 omnia
1257 509 1525 563 mirabilia
1564 520 1675 564 tua.
1723 508 1972 565 Lwtabor

390 613 441 656 et
467 601 742 655 exsultabo
791 600 951 667 inte,
995 600 1224 670 psallam
1276 601 1478 657 nomini
1513 611 1638 666 tuo,
1681 601 1971 670 Altissime,

391 701 499 749 etc.
543 691 644 759 Qui
694 707 761 747 ex
815 699 928 746 toto
975 692 1143 747 corde
1194 691 1388 764 diligit,
1434 694 1480 748 is
1535 703 1719 763 potest
1746 711 1816 752 ex
1859 706 1972 752 toto

391 788 557 843 corde
589 785 864 842 conﬁteri.
917 804 937 838 ‹
972 785 1218 841 Narrabo
1251 787 1434 841 omnia
1480 787 1748 842 mirabilia
1798 796 1908 851 tua,
1948 807 1967 842 ι

390 890 447 935 et
474 895 595 950 quae
645 887 970 950 sequuntur.
1026 878 1253 946 Quando
1302 879 1427 948 quis
1469 881 1673 950 scripta
1723 881 1971 952 prodigia

391 984 514 1038 quae
537 969 811 1023 mirabilia
842 977 970 1024 sunt
992 969 1203 1037 aperire
1229 978 1430 1038 potest,
1457 983 1559 1039 qua
1595 970 1806 1025 ratione
1830 970 1971 1025 facta

392 1060 524 1124 sint,
559 1069 612 1114 et
641 1058 799 1128 cujus
830 1058 909 1114 rei
943 1059 1055 1114 sint
1087 1059 1356 1130 symbola,
1395 1069 1519 1114 tunc
1551 1060 1682 1115 fecit
1714 1076 1835 1130 quae
1883 1062 1973 1117 hic

393 1150 670 1205 dicuntur.
731 1148 844 1205 Hoc
903 1159 1084 1207 autem
1120 1150 1289 1206 solius
1315 1165 1436 1206 esse
1471 1150 1770 1208 Salvatoris
1813 1167 1972 1219 opus,

391 1240 571 1309 palam
601 1251 702 1298 est.
733 1240 888 1308 Quod
919 1241 962 1296 si
998 1250 1053 1295 et
1087 1251 1342 1296 creatura
1368 1250 1423 1296 et
1452 1244 1638 1297 omnia
1678 1258 1800 1313 quae
1845 1244 1974 1300 fecit

393 1333 556 1400 Deus,
589 1335 864 1389 mirabilia
897 1333 1014 1400 ejus
1042 1345 1190 1399 sunt,
1227 1335 1396 1388 multo
1427 1335 1596 1406 magis
1625 1337 1970 1407 perspicuum

392 1429 500 1483 erit
554 1426 858 1482 Salvatoris
909 1440 1032 1481 esse
1085 1427 1415 1482 orationem.
1474 1426 1609 1494 Quis
1643 1428 1789 1483 enim
1843 1443 1973 1484 vero

395 1520 642 1573 narrabit
687 1518 871 1572 omnia
928 1516 1197 1571 mirabilia
1247 1517 1461 1584 Patris,
1518 1506 1626 1574 nisi
1685 1519 1972 1586 Dominus,

396 1614 557 1684 idque
595 1613 854 1682 perlectis
899 1611 991 1681 qui
1044 1610 1349 1681 intelligere
1409 1611 1676 1680 ejusmodi
1724 1612 1972 1682 prodigia

394 1713 641 1776 possunt,
666 1713 720 1759 et
750 1705 816 1760 de
844 1702 1042 1773 quibus
1074 1703 1416 1772 potissimum
1458 1706 1672 1762 dicetur
1704 1705 1767 1775 ﬂ:
1817 1724 1838 1760 ι
1869 1702 1972 1759 Sa-

2073 511 2433 583 διηγήσομαι
2449 512 2646 570 πάντα
2665 514 2739 568 τὰ
2756 514 3061 585 θαυμάσιὰ
3083 530 3218 572 σου.
3238 518 3672 588 Εὐφρανθήσο-

2067 621 2173 674 μαι
2189 605 2285 658 καὶ
2303 605 2746 676 ἁγαλλιάσομαι
2759 606 2830 660 ἐν
2844 608 2964 669 σοι,
2979 607 3154 677 ψαλῶ
3170 608 3250 675 τῷ
3263 611 3518 680 ὀνόματί
3529 627 3668 675 σου,

2076 699 2343 766 "rmore,
2375 716 2428 752 κ.
2464 717 2512 751 τ.
2540 700 2586 751 ὲ.
2617 700 2677 751 Ὀ
2694 698 2753 762 ἐξ
2777 699 2906 770 ὅλης
2933 698 3158 770 καρδίας
3186 699 3422 770 ἀγαπῶν
3446 701 3670 756 δύναται

2073 790 2132 856 ἐξ
2158 790 2284 861 ὅλης
2313 789 2538 861 καρδίας
2567 788 3025 860 ἐξομολογεῖσθαι.
3057 808 3076 841 ι
3107 792 3457 864 Διηγήσομαι
3490 794 3669 847 πάντα

2076 877 2144 931 τά
2171 876 2446 946 Θαυμάσιά
2473 894 2596 941 σου,
2636 896 2656 929 ι
2688 878 2781 932 καὶ
2816 878 2885 932 τὰ
2915 878 3061 949 ἑξῆς.
3100 882 3266 937 Ὅταν
3295 886 3660 956 ἀναγεγραμ-

2081 971 2217 1041 μένα
2258 971 2532 1042 τεράστια,
2579 971 2867 1044 Θαυμαστὰ
2901 974 3261 1045 τυγχάνοντα,
3308 981 3662 1048 παραστῆσαι

2077 1060 2372 1132 δυνάμενος
2411 1055 2454 1130 ᾧ
2495 1062 2638 1134 λόγῳ
2674 1064 2892 1132 γέγονε,
2923 1065 3018 1119 καὶ
3058 1065 3199 1130 τίνος
3233 1067 3349 1120 ἐστὶ
3387 1067 3660 1136 σύμϐολα,

2079 1156 2347 1225 πεποίηκε
2381 1156 2444 1209 τὰ
2470 1157 2755 1228 εἰρημένα.
2794 1158 2964 1212 Τοῦτο
2989 1159 3044 1213 δὲ
3077 1160 3236 1231 μόνου
3276 1158 3373 1212 τοῦ
3404 1158 3666 1228 Σωτῆρος

2079 1246 2235 1318 ἔργον
2265 1247 2410 1302 ἔστιν
2453 1249 2600 1302 ἰδεῖν.
2630 1250 2692 1303 Ei
2720 1251 2777 1304 δὲ
2808 1253 2902 1304 καὶ
2945 1254 2977 1322 ἡ
3005 1254 3183 1316 κτίσις
3222 1253 3319 1305 καὶ
3350 1253 3540 1306 πάντα
3567 1254 3664 1304 ὅσα

2079 1339 2332 1408 ἐποίησεν
2358 1341 2385 1392 ὁ
2413 1339 2574 1406 Θεὸς,
2604 1340 2878 1412 θαυμάσια
2911 1342 3074 1396 αὑτοῦ
3120 1345 3256 1404 ἐστι,
3288 1342 3475 1412 πολλῷ
3501 1342 3663 1394 πλέον

2081 1436 2362 1502 φανεῖται,
2393 1434 2474 1487 δτι
2500 1433 2593 1487 τοῦ
2628 1434 2877 1505 Σωτῆρος
2908 1435 3055 1488 ἐστιν
3098 1437 3130 1506 ἠ
3163 1435 3317 1506 εὐχή.
3347 1434 3449 1497 Τίς
3477 1434 3534 1487 δὲ
3561 1435 3661 1503 ἀρα

2079 1525 2393 1596 διηγήσεται
2423 1527 2598 1580 πάντα
2630 1526 2699 1579 τὰ
2745 1525 3022 1596 θαυμάσια
3062 1526 3154 1579 τοῦ
3196 1525 3414 1596 Πατρὸς
3440 1526 3490 1577 εξ
3535 1527 3610 1594 μὴ
3637 1530 3662 1578 ὁ

2081 1615 2416 1687 Κύριος”τοϊς
2433 1615 2625 1687 νοῆσαι
2647 1615 2963 1686 δυναμένοις
2989 1616 3057 1668 τά
3079 1615 3384 1687 τηλικαῦτα
3408 1614 3660 1684 θαύματα

2080 1707 2334 1771 τελείοις,
2387 1709 2514 1779 περὶ
2559 1701 2633 1762 ὧν
2686 1708 2883 1778 μᾶλλον
2924 1708 3260 1779 λεχθήσεται·
3306 1725 3325 1758 ι
3359 1706 3571 1775 Σοφίαν
3609 1707 3660 1758 ἇὲ

397 1797 653 1866 pientiam
683 1806 861 1852 autem
892 1795 1127 1865 loquitur
1151 1795 1292 1852 inter
1320 1796 1624 1867 perfectos?
1658 1815 1677 1847 ι
1707 1826 1779 1836 -
1807 1815 1826 1848 ‹
1854 1796 1964 1849 Lae-

2087 1799 2280 1871 μᾶλλον
2310 1776 2574 1869 λαλοῦμεν
2607 1802 2663 1853 ὲν
2691 1776 2806 1864 τοῖς
2843 1776 3091 1864 τελείο-ιςς
3129 1819 3148 1852 ι
3177 1829 3249 1839 —
3277 1819 3297 1851 ι
3336 1798 3662 1870 Εὐφρανθήο

396 1889 552 1942 tabor
577 1896 631 1943 et
655 1888 932 1942 exsultabo
963 1907 982 1938 ι
1015 1888 1294 1942 sciscitans
1322 1889 1390 1942 ab
1421 1889 1485 1942 iis
1511 1889 1603 1958 qui
1644 1888 1698 1942 in
1733 1890 1960 1960 quibus-

396 1980 520 2036 dam
549 1981 813 2045 lastantur,
839 1995 971 2034 num
999 1979 1052 2032 in
1084 1979 1194 2034 Deo
1218 1980 1486 2041 laatentur.
1517 1988 1577 2036 ut
1594 1979 1681 2035 vel
1701 1980 1756 2034 in
1777 1980 1960 2036 lzetitia

392 2085 490 2124 sua
543 2078 934 2137 permaneant,
985 2068 1067 2122 vel
1103 2069 1170 2123 ab
1224 2082 1286 2123 ea
1339 2070 1644 2126 discedant.
1689 2071 1973 2139 Qui‘vero

391 2163 638 2217 ascendit
661 2161 712 2213 in
742 2161 1018 2215 excelsum
1049 2169 1288 2216 montem
1311 2161 1440 2217 Sion
1473 2174 1526 2218 et
1547 2163 1764 2219 extollit
1783 2178 1970 2219 vocem

391 2272 570 2322 suam,
612 2258 791 2326 psallit
835 2256 1040 2312 nomini
1074 2256 1365 2313 Altissimi.

464 2351 632 2409 Vens.
677 2351 733 2406 4.
776 2351 840 2405 In
872 2352 1212 2407 convertenda
1243 2353 1517 2406 inimicum
1549 2367 1720 2405 meum
1769 2361 1969 2404 retror-

388 2461 544 2508 sum,
577 2445 986 2514 inﬁrmabuntur
1033 2455 1080 2500 et
1131 2448 1373 2515 peribunt
1433 2463 1465 2500 a
1515 2447 1651 2515 facie
1704 2453 1820 2508 tua,
1859 2453 1966 2499 etc.
2009 2499 2012 2503 .

390 2538 622 2606 Quinam
683 2539 996 2595 inlirmandi
1065 2544 1178 2596 sint
1243 2553 1298 2597 et
1349 2541 1574 2610 perituri
1623 2539 1818 2594 afacie
1852 2538 1966 2606 Dei,

392 2651 417 2686 ι
449 2634 629 2689 vultus
657 2635 798 2688 enim
830 2633 1039 2689 Domini
1071 2652 1234 2706 super
1263 2635 1528 2688 facientes
1558 2633 1699 2686 mala
1725 2634 1768 2699 ',
1800 2649 1818 2683 ι
1841 2647 1966 2686 cum

389 2747 501 2786 non
547 2732 883 2801 praedixerit,
959 2733 1116 2788 nobis
1193 2733 1414 2802 reliquit
1484 2728 1964 2785 considerandum.

389 2823 619 2890 Quando
648 2823 860 2878 deletus
912 2823 1078 2878 fuerit
1126 2824 1378 2878 inimicus
1422 2822 1474 2876 in
1517 2819 1726 2874 malitia
1776 2832 1969 2888 proce-

391 2915 548 2980 dens,
601 2925 655 2968 ct
703 2925 1005 2970 retrorsum
1067 2914 1341 2980 resilieril,
1396 2927 1462 2967 ex
1513 2927 1578 2966 eo
1611 2911 1755 2981 quod
1805 2908 1966 2964 fuerit

389 3007 702 3078 impeditus,
743 3017 870 3063 tunc
907 3008 961 3062 hi
993 3008 1086 3077 qui
1131 3007 1338 3062 malitia
1373 3015 1622 3076 potentes
1656 3010 1836 3067 erant,
1879 3001 1964 3055 iu-

392 3098 779 3153 tirmabuntur.
854 3099 1059 3154 Deinde
1135 3100 1430 3154 secundum
1492 3097 1636 3166 quod
1705 3103 2034 3176 peccant,c

391 3199 642 3261 pereunt,
689 3191 922 3246 faciente
971 3192 1075 3247 hoc
1131 3192 1265 3262 ipsis
1312 3189 1451 3244 facie
1493 3189 1607 3243 Dei.
1656 3187 1777 3242 Haec
1819 3187 1962 3241 enim

386 3284 632 3354 cognita,
673 3283 858 3338 abolet
888 3292 1132 3337 terrena.

461 3376 624 3432 Vens.
667 3376 722 3432 5.
762 3375 960 3431 Sedistt
997 3392 1154 3443 super
1185 3372 1962 3444 tltronum,quijttdicasjusti-

387 3469 539 3532 tiam,
579 3476 686 3522 etc.
713 3465 971 3520 Thronus
1023 3467 1239 3534 quidem
1286 3465 1380 3518 Dei
1428 3464 1721 3530 Christus;
1760 3463 1964 3519 Christi

391 3574 526 3614 vero
555 3559 782 3613 thronus
813 3569 896 3613 est
925 3559 1192 3629 spiritalis
1221 3569 1440 3612 natura.

458 3647 626 3702 Vens.
667 3650 721 3702 6.
782 3647 1077 3717 Increpain
1133 3662 1351 3719 gentes,
1413 3660 1461 3702 et
1502 3650 1662 3716 periit
1718 3649 1907 3720 impius
1946 3665 1964 3704 :

389 3760 571 3797 nomen
600 3760 782 3796 eorum
813 3743 1020 3806 delesti,
1059 3753 1166 3798 etc.
1198 3742 1456 3808 Verbum,
1511 3763 1529 3795 ι
1586 3744 1902 3814 increpasti,
1940 3763 1959 3796 ι

389 3837 788 3891 correctionem
832 3836 1124 3905 signiﬁcat,
1173 3845 1232 3890 ut
1274 3845 1419 3904 patet
1465 3851 1531 3890 ex
1585 3837 1669 3891 his
1698 3836 1762 3892 ⁸ι
1808 3855 1827 3888 ι
1861 3837 1965 3890 Ar-

392 3937 516 3993 gue,
548 3924 770 3977 obsecra
789 3965 802 3989 ,
835 3923 1074 3995 increpa.
1114 3944 1130 3977 ι
1157 3955 1227 3966 -
1257 3945 1276 3977 ι
1307 3926 1514 3980 Nomen
1544 3927 1663 3996 ejus
1689 3926 1903 3982 delesti.
1941 3948 1964 3984 ι

396 4013 601 4067 Delevit
665 4015 806 4067 Deus
877 4031 1077 4070 nomen
1141 4034 1159 4068 ι
1201 4017 1428 4082 Abram,
1471 4035 1490 4068 ι
1527 4015 1730 4072 faciens
1789 4015 1969 4086 ipsum

393 4117 415 4152 ι
453 4099 748 4166 Abraham,
785 4119 804 4153 ι
835 4100 910 4155 uti
937 4110 990 4156 et
1023 4119 1042 4153 ι
1074 4099 1249 4168 Sane,
1279 4120 1298 4152 ι
1334 4117 1539 4158 vocans
1572 4104 1744 4171 ipsam
1779 4122 1798 4155 ι
1837 4103 1964 4161 Sar-

388 4206 521 4254 ran,
565 4210 583 4243 ι
627 4190 710 4246 sic
742 4199 798 4245 et
830 4209 850 4242 ‹
884 4190 1166 4256 Simonis,
1202 4211 1223 4244 ι
1263 4194 1556 4249 nominans
1595 4195 1769 4264 ipsum
1814 4215 1833 4247 ι
1862 4196 1965 4252 Pe-

389 4295 553 4340 trum.
607 4305 625 4338 ι
668 4285 848 4353 Atque
903 4284 976 4339 ita
1017 4301 1359 4354 consequens
1417 4286 1582 4358 586
1635 4300 1718 4343 est
1770 4290 1962 4343 borum

385 4394 601 4450 quoque
650 4395 845 4433 nomen
897 4377 1063 4460 deleri
1102 4391 1241 4446 quos
1272 4377 1614 4446 increpavit:
1659 4383 1961 4448 priesertim

2084 1907 2245 1961 σομαι
2291 1891 2381 1943 καὶ
2426 1889 2844 1959 ἀγαλλιάσομαι,
2885 1908 2903 1941 t
2957 1887 3358 1960 πυνθανόμενος
3409 1888 3523 1941 τῶν
3571 1888 3655 1939 ἐπὶ

2081 2001 2218 2037 τισιν
2248 1983 2705 2053 εὐφραινομένων,
2741 1985 2789 2037 εί
2832 1983 2890 2037 ὲν
2913 1982 3030 2054 Θεῷ
3069 1983 3484 2054 εὐφραίνονται,
3520 1981 3602 2032 ἵνα
3631 1981 3657 2048 ἢ

2082 2075 2378 2146 ἐπιμένωσι
2422 2077 2488 2146 τῇ
2536 2073 2870 2145 εὐφροσύνῃ,
2911 2073 2944 2146 ἢ
2988 2074 3318 2127 ἀποστῶσιν.
3359 2073 3424 2124 Ὀ
3477 2071 3535 2125 δὲ
3577 2074 3654 2124 ἐπ’

2081 2169 2204 2240 ὅρος
2256 2167 2458 2231 ἀναϐὰς
2498 2167 2698 2238 ὑψηλὸν
2735 2166 2795 2219 τὸ
2834 2167 2968 2221 Σιὼν
3013 2165 3106 2219 κα).
3143 2164 3295 2235 ὑψῶν
3333 2165 3442 2237 τὴν
3486 2163 3660 2234 φωνὴν

2083 2262 2247 2315 αὑτοῦ
2274 2262 2463 2331 ψάλλει
2483 2261 2561 2332 τῷ
2590 2261 2812 2332 ὀνόματι
2839 2258 2934 2313 τοῦ
2969 2258 3245 2328 Ὑψίστου.

2152 2353 2255 2405 Ἔν
2285 2350 2364 2414 τῷ
2386 2347 2849 2417 ἀποστραφῆναι
2896 2347 3004 2400 τὸν
3038 2346 3258 2414 ἐχθρόν
3291 2361 3418 2413 μου
3464 2345 3555 2408 εις
3596 2341 3659 2394 τὰ

2071 2444 2282 2506 ὀπίσω,
2313 2440 2731 2507 ἀσθενήσουσι
2762 2440 2858 2493 καὶ
2904 2437 3276 2503 ἀπολοῦνται
3321 2436 3448 2489 ἀπὸ
3481 2451 3660 2502 προσ-

2067 2535 2232 2589 ώπου
2265 2551 2403 2599 σου,
2433 2550 2489 2589 κ.
2521 2549 2570 2584 τ.
2607 2532 2653 2584 ἑ.
2689 2531 2845 2595 Τίνες
2876 2529 3233 2601 ἁσθενήσουσι
3251 2526 3368 2599 (67)
3405 2526 3504 2579 καὶ
3531 2528 3657 2578 ἀπο-

2067 2628 2282 2682 λοῦνται
2329 2626 2436 2680 ἀπὸ
2479 2622 2768 2696 προσώπου
2807 2622 2902 2676 τοῦ
2949 2622 3084 2676 Θεοῦ
3115 2622 3259 2692 (ἐπεὶ
3307 2637 3326 2671 ι
3365 2620 3657 2690 πρόσωπον

2069 2715 2273 2788 Κυρίου
2305 2715 2397 2767 ἐπὶ
2431 2712 2716 2776 ποιοῦντας
2760 2712 2907 2765 κακά
2928 2728 2942 2741 °
2977 2712 3023 2781 ι)
3055 2712 3118 2764 οὐ
3165 2708 3454 2782 προειπὼν
3475 2751 3490 2768 ,
3531 2711 3656 2778 ﬁgi!

2069 2807 2455 2862 καταλέλοιπεν
2481 2807 2701 2859 ἐννοεῖν.
2741 2806 2908 2859 Ὅταν
2938 2802 3259 2874 καταργηθῇ
3290 2805 3320 2856 ὁ
3364 2800 3564 2872 ἐχθρὸς
3592 2803 3652 2870 τῇ

2067 2902 2237 2974 κακίᾳ
2271 2902 2495 2974 προῖὼν,
2524 2901 2618 2954 καὶ
2648 2898 2948 2972 ἀναποδίσῃ
2977 2899 3258 2951 ὀπίσω-ὲκ
3305 2895 3401 2948 τοῦ
3436 2896 3654 2964 ἐμποδί-

2068 2993 2273 3059 ζεσθαι,
2303 2994 2423 3048 τότε
2457 2995 2504 3046 οἱ
2536 2996 2602 3064 τῇ
2637 2993 2804 3064 κακίᾳ
2835 2991 3044 3063 ἰσχυροὶ
3077 2991 3498 3061 ἀσθενήσουσιν.
3529 2985 3656 3044 Εἶτα

2068 3089 2189 3142 καθ’
2217 3087 2246 3141 δ
2273 3087 2697 3159 ἁμαρτάνουσιν,
2716 3083 3061 3146 ἀπολοῦνται,
3100 3083 3256 3136 τοῦτο
3286 3080 3652 3153 ἐργαζομένου

2067 3181 2248 3244 αὐτοῖς
2280 3179 2373 3234 τοῦ
2397 3177 2688 3251 προσώπου
2716 3178 2808 3230 τοῦ
2841 3177 2998 3230 Θεοῦ.
3025 3175 3236 3246 Νοηθὲν
3269 3173 3652 3248 γάρρῖξανίζει

2067 3275 2134 3329 τὰ
2165 3276 2349 3346 γήϊνα.
3597 3333 3620 3351 _

2150 3367 2466 3433 Ἐκὰθισας
2499 3367 2596 3421 ἐπὶ
2637 3367 2872 3436 θρόνου,
2911 3367 2943 3419 ό
2981 3365 3203 3432 κρίνων
3230 3363 3651 3428 δικαιοσύνην.

2067 3478 2121 3514 κ.
2157 3478 2205 3512 τ.
2237 3462 2283 3513 ἑ.
2321 3460 2520 3531 Θρόνος
2558 3461 2654 3530 μὲν
2689 3458 2823 3512 Θεοῦ
2852 3457 2960 3528 (68)
2996 3461 3025 3511 ὁ
3067 3456 3341 3528 Χριστὸς,
3382 3455 3575 3528 θρόνος
3602 3455 3653 3506 δὲ

2067 3552 2299 3625 Χριστοῦ
2331 3555 2363 3625 ή
2397 3551 2686 3624 ἀσώματος
2721 3551 2896 3621 φύσις.

2153 3646 2550 3715 Ἐπετίμησας
2575 3645 2796 3708 ἔθνεσι,
2824 3642 2920 3697 καὶ
2945 3640 3212 3696 ἀπώλετο
3237 3645 3271 3694 ὀ
3297 3640 3532 3707 ἀσεϐής
3551 3659 3564 3670 ·
3590 3641 3651 3693 τὸ

2069 3739 2255 3807 ὄνομα
2287 3738 2486 3792 αὐτῶν
2523 3737 2854 3806 ἐξήλειψας
2879 3778 2892 3802 ,
2922 3753 2977 3788 κ.
3008 3752 3059 3789 τ.
3093 3735 3137 3788 ὲ.
3171 3734 3242 3786 Τὸ
3267 3776 3282 3799 ,
3326 3752 3344 3785 ι
3391 3735 3653 3802 ἐπετίμη-

2071 3849 2168 3896 σας
2201 3831 2333 3904 (69),
2371 3852 2388 3882 ι
2421 3830 2705 3902 διόρθωσιν
2735 3828 3025 3900 σημαίνει,
3058 3827 3196 3897 ὅπερ
3236 3826 3400 3897 δῆλον
3430 3827 3495 3878 ἐκ
3521 3825 3612 3878 τοῦ
3635 3841 3647 3853 ο

2075 3945 2091 3977 ι
2129 3923 2404 3991 Ἔλεγξον,
2434 3918 2830 3990 παρακάλεσον,
2859 3918 3200 3987 ἐπιτίμησον.
3233 3936 3250 3966 ι
3281 3948 3349 3958 —
3374 3935 3394 3965 ς
3432 3915 3507 3966 Τὸ
3531 3914 3645 3965 6-m-

2074 4035 2149 4089 μα
2174 4016 2336 4071 αὐτοῦ
2367 4011 2669 4083 ἐξήλειψαςο
2697 4030 2714 4060 ³
2734 4010 3008 4082 Ἐξῆλειψε
3032 4011 3086 4063 δὲ
3112 4013 3139 4063 ὁ
3157 4010 3290 4071 Θεὸς
3309 4010 3404 4063 τοῦ
3439 4012 3648 4075 Ἀἴρίίίι

2071 4110 2132 4162 τὸ
2158 4108 2328 4178 ὄνομα
2357 4107 2585 4176 ποιήσας
2615 4103 2774 4156 αὑτὸν
2793 4104 3055 4171 Ἀϐραὰμ,
3083 4106 3175 4158 καὶ
3199 4103 3302 4172 τῆς
3338 4100 3537 4168 Σάρης
3561 4120 3649 4153 κι-

2064 4196 2172 4249 λών
2213 4195 2381 4266 αὐτὴν
2411 4195 2676 4264 Σάρραν,
2704 4193 2797 4246 καὶ
2827 4192 2920 4245 τοῦ
2951 4191 3216 4261 Σιμῶνος
3243 4193 3525 4262 ὀνομάσας
3561 4193 3648 4244 αὖ.

2064 4288 2154 4340 τὸν
2180 4287 2421 4355 Πέτρον.
2459 4285 2615 4340 Οὕτω
2640 4303 2698 4339 τε
2748 4284 3039 4338 ἀκόλουθόν
3083 4287 3199 4336 ἐστι
3244 4284 3308 4336 τὸ
3347 4283 3519 4354 ὄνομα
3567 4284 3648 4347 ἐξα

2065 4380 2378 4450 ἀλείφεσθαι
2411 4379 2611 4434 τούτων
2639 4373 2720 4442 οἷς
2752 4378 3080 4448 ἐπετίμησε·
3118 4376 3213 4429 καὶ
3255 4376 3495 4447 μάλιστα
3531 4377 3648 4427 ἐπεὶ

383 4472 511 4540 quia
547 4470 887 4524 subinl'ertur
915 4486 929 4522 :
973 4486 993 4520 ι
1027 4469 1364 4522 Annunliate
1391 4470 1535 4524 inter
1558 4481 1750 4539 gentes
1778 4472 1954 4527 studia

2084 4476 2378 4548 ,πιφέρεται
2401 4476 2459 4527 τό
2482 4492 2494 4504 ·
2533 4492 2549 4523 ι
2596 4472 2978 4541 Ἀναγγείλατε
3006 4473 3062 4523 ὲν
3085 4473 3197 4532 τοῖς
3224 4469 3405 4521 ἔθνεσι
3432 4469 3500 4522 τά
3528 4472 3646 4521 ἐπιο

383 4562 521 4628 ejus,
554 4562 810 4630 quoniam
848 4561 1132 4629 requirens
1165 4561 1484 4630 sanguinem
1538 4577 1725 4617 eorum
1774 4578 1959 4618 recor-

384 4655 545 4707 datus
590 4663 694 4708 est.
743 4671 762 4705 ι
821 4652 1062 4708 Observa
1115 4662 1296 4708 autem
1355 4668 1462 4708 non
1518 4656 1725 4710 dictum
1783 4670 1955 4711 esse:

384 4742 590 4798 Nomen
625 4759 810 4799 eorum
839 4745 1027 4799 delesﬁ
1059 4745 1125 4798 de
1151 4744 1289 4801 libro
1320 4748 1617 4803 viventium
1652 4750 1779 4819 (non
1812 4747 1954 4801 enim

384 4840 438 4894 in
498 4839 635 4894 libro
689 4842 984 4896 viventium
1032 4853 1220 4912 gentes
1262 4854 1419 4907 erant
1459 4843 1721 4916 scriptar),
1772 4843 1866 4899 sed
1925 4859 1955 4898 ιι

383 4932 728 4987 cautionibus
765 4948 900 5001 quas
945 4934 1299 5004 scripserant,
1345 4937 1396 4991 in
1449 4937 1584 4990 libro
1628 4935 1955 5001 debitorum,

383 5024 466 5078 vel
511 5024 648 5078 libro
697 5033 1032 5080 mortuorum
1079 5028 1218 5095 apud
1249 5028 1549 5097 iniquitatis
1592 5040 1958 5091 (nconomum,

382 5115 494 5185 qui,
533 5124 593 5170 ut
619 5115 913 5170 verisimile
945 5124 1051 5181 est,
1092 5126 1337 5173 mortuos
1375 5119 1584 5184 scribit,
1623 5127 1678 5172 et
1718 5117 1772 5171 in
1814 5126 1958 5171 terra

382 5208 591 5264 scribit.
646 5209 901 5266 Salvator
942 5209 1087 5265 enim
1135 5210 1189 5264 in
1239 5213 1395 5268 cmlis
1442 5210 1703 5267 describit
1743 5210 1956 5264 nomina

381 5303 784 5372 discipulorum.

449 5397 728 5468 Ejusdem.
779 5399 836 5454 Si
883 5415 1082 5455 nomen
1132 5401 1236 5456 hoc
1276 5398 1394 5452 loco
1422 5381 1623 5451 malum
1677 5393 1951 5466 signiﬁcat

452 5494 468 5524 ¹
493 5492 510 5546 1
535 5493 658 5548 Cor.
688 5510 749 5560 ιι,
783 5495 836 5550 6.
911 5498 931 5528 ’
966 5495 1106 5551 Psal.
1130 5510 1324 5558 χχχιιι,
1359 5490 1447 5546 10.
1525 5491 1546 5522 ³
1572 5489 1613 5543 ιι
1637 5488 1778 5543 Tim.
1811 5504 1886 5552 ιν,
1922 5488 1977 5541 (ἱ.

449 5586 560 5659 (66)
593 5586 652 5640 Ὁ
685 5589 754 5655 ἐξ
794 5590 942 5658 ὅλης
974 5589 1250 5660 καρδίας,
1294 5599 1400 5660 etc.
1438 5585 1619 5660 code;
1661 5583 1953 5640 Coisliuia-

379 5656 512 5723 nus;
543 5656 726 5713 rerum
757 5656 1061 5716 Cord'erius'
1079 5656 1288 5717 tantum
1319 5658 1479 5715 habet
1504 5656 1742 5710 innitimur.

451 5728 562 5801 (θῖ)
594 5731 758 5796 Τίνες
781 5730 1194 5801 ἀσθενήσουσι
1219 5773 1234 5800 ,
1271 5741 1376 5788 etc.
1419 5727 1738 5794 Corderius,
1783 5734 1839 5783 et
1863 5740 1955 5782 co-

378 5798 479 5856 dex
504 5800 883 5859 Coisliuianus.

2061 4567 2375 4639 τηδεύματα
2414 4565 2578 4620 αὐτοῦ
2607 4605 2621 4628 ,
2677 4565 2757 4616 ὃτι
2794 4561 3039 4633 ἐκζητῶν
3095 4562 3163 4614 τὰ
3218 4561 3432 4630 αἵματα
3475 4559 3648 4613 αὐτῶν

2064 4660 2328 4731 ἐμνήσθη.
2369 4679 2386 4710 ›
2425 4658 2667 4731 Πρόσχες
2698 4658 2791 4711 καὶ
2834 4658 2915 4710 ὅτι
2944 4656 3044 4708 οὐκ
3090 4654 3339 4725 εἴρηται·
3375 4653 3455 4705 Τὸ
3485 4652 3649 4721 om;

2063 4753 2242 4805 αὐτῶν
2288 4751 2573 4822 ἐξήλειψας
2613 4753 2675 4803 ἐκ
2718 4750 2901 4821 βίϐλου
2935 4749 3185 4814 ζώντων,
3215 4747 3298 4818 (οὔ
3333 4745 3446 4816 γὰρ
3480 4752 3536 4797 ἐν
3571 4744 3648 4814 βέ-

2064 4843 2173 4913 ὅλῳ
2221 4842 2436 4907 ζώντων
2478 4839 2545 4913 ἦν
2591 4842 3016 4915 ἐγγεγραμμένα
3050 4840 3117 4893 τὰ
3149 4838 3277 4907 ἔθνη
3299 4837 3338 4907 ·)
3373 4836 3497 4889 ἀλλ’
3525 4839 3650 4889 ἁκο-

2063 4931 2406 4995 λούθωςτοῖς
2435 4932 2557 4984 κατ’
2586 4930 2766 4983 αὐτῶν
2793 4929 3197 5002 χειρογράφοις.
3222 4929 3280 4979 ἐν
3304 4925 3477 4996 βίϐλῳ
3503 4926 3649 4993 ὀφει-

2059 5025 2278 5088 λόντων,
2315 5025 2346 5095 ἢ
2379 5024 2546 5095 βίϐλῳ
2568 5023 2809 5095 νεκρῶν,
2842 5023 2992 5094 παρὰ
3016 5021 3092 5092 τῷ
3129 5021 3228 5091 τῆς
3259 5019 3479 5081 ἀδικίας
3505 5020 3648 5070 οἱκο-

2060 5119 2208 5189 νὸμῳ
2227 5159 2240 5180 ,
2267 5118 2341 5181 ὡς
2370 5118 2512 5181 εξκὸς
2533 5158 2546 5180 ,
2573 5117 2941 5187 ἀναγράφοντι
2984 5115 3212 5187 νεκροὺς
3237 5155 3252 5179 ,
3287 5113 3380 5166 καὶ
3410 5112 3648 5183 ἀναγρά-

2060 5227 2210 5278 φοντι
2236 5213 2315 5274 εἰς
2349 5211 2472 5281 γῆν.
2518 5211 2574 5264 '0
2605 5211 2712 5281 γὰρ
2741 5209 2932 5281 Σωτὴρ
2968 5208 3271 5279 ἀναγράφει
3309 5207 3366 5259 ὲν
3396 5206 3646 5277 οὐρα-κὰ

2059 5303 2126 5356 τὰ
2157 5303 2395 5374 ὀνόματα
2421 5303 2528 5357 τῶν
2557 5302 2832 5374 μαθητῶν.

2133 5396 2241 5450 Τοῦ
2277 5396 2485 5451 αὑτοῦ.
2522 5397 2586 5448 Εἰ
2614 5395 2674 5448 τὸ
2714 5395 2882 5467 ὄνομα
2911 5392 3020 5464 (70)
3049 5390 3290 5447 ἐνταῦθα
3323 5390 3424 5462 τὴν
3465 5389 3643 5458 κακὴν

2134 5581 2483 5652 (68)Θρόνος
2510 5577 2626 5652 μὲν
2653 5578 2823 5643 Θεοῦ,
2852 5584 2958 5630 etc.
2987 5573 3212 5652 Scheda;
3232 5570 3450 5652 Graltii.

2133 5641 2243 5721 (69)
2273 5641 2366 5721 Τὸ,
2396 5641 2815 5718 Ὲᾶτέτίμησας,
2851 5645 3276 5721 etc._Corde_rius
3296 5681 3312 5702 ,
3344 5641 3642 5700 Barbarus.

2034 5715 2273 5779 .scliedie
2297 5715 2630 5780 Gottibeﬁsi'i,
2658 5715 2719 5773 et
2747 5721 2917 5774 codex
2954 5715 3342 5768 Baroccianus.

2127 5791 2239 5865 (70)
2268 5790 2418 5848 Εὶτὸ
2448 5791 2654 5862 ὄνομα,
2679 5799 2782 5845 etc.
2817 5787 3042 5844 Schedae
3072 5783 3281 5840 Grabii.
