3822 6494
150 252 292 308 1189

1145 247 1453 305 SELECTA
1490 251 1556 304 IN
1592 247 1928 310 Pf’ALJO'S.
1963 289 2034 301 —-
2072 257 2266 313 PSAL.
2299 258 2390 316 IX.

3273 264 3410 320 “90

149 366 407 439 σημαίνει
450 362 781 418 κατάστασιν
806 401 821 424 ,
875 360 1123 433 ἐξήλειψε
1169 363 1226 418 δὲ
1259 365 1320 418 τὸ
1345 362 1439 418 τοῦ
1471 367 1716 436 ἀμαρτω-

1846 367 2112 433 habitum,
2165 378 2221 424 et
2265 367 2462 424 delevit
2511 369 2816 438 peccatoris
2852 384 3069 438 nomen,
3104 371 3292 444 utique
3317 376 3410 431 de—

142 459 240 514 λοῧ
271 459 462 528 ὄνομα,
487 453 767 526 ἐξήλειψεν
801 453 912 526 ἄρα
933 453 1033 526 τὴν
1062 455 1342 527 χειρίστην
1366 457 1531 510 αὐτοῦ
1561 459 1728 512 κατά-

145 564 360 604 στασιν.

220 640 332 694 Καὶ
371 637 798 693 ἐλπισάτωσαν
834 637 933 690 ἐπὶ
978 636 1054 690 σὲ
1112 640 1166 690 οὶ
1224 639 1620 709 γινώσκοντες
1661 641 1724 694 τὸ

143 731 337 803 ὄνομά
364 746 501 794 σου,
521 729 608 782 ὅτι
629 732 740 784 οὐκ
770 729 1157 798 ἐγκατέλιπες
1177 732 1315 797 τοὺς
1337 731 1730 799 ἐκζῆτοῦντάς

143 840 251 887 σε,
279 824 454 892 Κύριε
478 862 492 885 ,
517 839 572 875 κ.
601 839 654 875 τ.
695 822 741 874 ὲ.
768 822 832 874 υἱ
861 820 1216 892 ὲκζητοῦντες
1245 823 1354 894 (91)
1384 823 1474 876 τὸν
1503 823 1725 896 Κύριον,

142 917 243 972 καὶ
274 916 371 986 οὐχ
400 917 447 968 οἱ
482 913 998 984 ἐγκαταλειφθέντες
1029 913 1120 968 ὑπ’
1153 914 1317 969 αὐτοῦ
1339 957 1352 982 ,
1396 915 1635 984 ἔγνωσαν
1667 915 1728 969 τὸ

140 1008 317 1080 ὄνομα
342 1005 529 1060 αὑτοῦ.

222 1099 460 1155 uisitata
501 1096 581 1163 τῷ
610 1097 804 1165 Kvplq)
843 1095 923 1161 τῷ
951 1097 1323 1152 κατοικοῦντι
1353 1097 1423 1151 ἐν
1460 1098 1633 1161 Σιὼν,
1669 1117 1722 1152 κο

139 1211 193 1248 τ.
231 1193 278 1246 ὲ.
323 1192 556 1254 Ἐκεῖνος
586 1188 778 1258 ψάλλει
805 1188 916 1259 (72)
946 1191 974 1242 6
1005 1189 1142 1260 ἔχων
1173 1190 1230 1244 ὲν
1262 1190 1441 1260 ἐαυτῷ
1471 1189 1562 1243 τὸν
1594 1191 1727 1262 Χρι-

143 1286 291 1340 στόν.
327 1283 496 1338 Τοῦτο
539 1283 681 1336 κατά
719 1281 818 1353 τὴν
851 1281 1087 1336 παλαιὰν
1126 1282 1234 1336 τῶν
1280 1283 1544 1338 Ἰουδαίων
1567 1281 1725 1348 δόξαν

138 1375 296 1432 εἶπεν
319 1377 348 1429 6
378 1376 684 1448 Προφήτης.
725 1375 914 1446 Ὅμως
953 1374 1068 1426 ἐστὶ
1109 1375 1203 1428 κα)⁸
1243 1374 1412 1446 νοητὴ
1440 1375 1533 1428 καὶ
1561 1375 1724 1428 ὲπου-

141 1470 328 1544 ράνιος
358 1467 514 1522 Σιών.
549 1467 658 1521 Καὶ
697 1467 754 1520 ὲν
782 1466 931 1538 πάσῃ
971 1465 1026 1519 δὲ
1061 1465 1206 1538 ψυχῇ
1237 1467 1370 1539 οὔσῃ
1399 1468 1535 1520 Σιὼν
1555 1507 1569 1531 ,
1605 1469 1725 1539 ἥτις

136 1562 500 1637 ἑρμηνεύεται
553 1560 945 1631 σκοπευτήριον
972 1599 987 1623 ,
1040 1560 1109 1613 τά
1153 1561 1272 1614 θεῖα
1305 1560 1566 1631 διηνεκῶς
1600 1578 1725 1614 σκο-

137 1655 320 1708 ποῦσα
343 1653 436 1706 καὶ
468 1649 876 1721 φανταζομένη,
922 1652 1062 1704 οίκεῖ
1096 1652 1123 1703 6
1147 1650 1300 1715 Θεός.
1347 1649 1599 1723 Ἐκζητεῖ
1629 1654 1722 1706 καὶ

1831 456 1964 514 levit
1994 459 2290 527 pessimum
2321 459 2440 529 ejus
2482 459 2751 516 habitum.

1901 636 2066 694 Vens.
2111 641 2202 697 Η.
2246 641 2311 696 Et
2350 653 2556 710 sperent
2598 646 2652 698 in
2704 656 2752 702 te
2801 648 2891 718 qui
2931 661 3183 704 noverunt
3222 667 3409 709 nomen

1829 739 2022 784 munt:
2051 733 2301 800 quoniam
2345 748 2445 786 non
2490 736 2820 807 dereliquisti
2846 749 3138 810 quwrentes
3182 752 3251 802 te,
3298 742 3406 795 Do-

1827 823 1986 888 mine,
2039 834 2144 878 etc.
2207 823 2309 891 Qui
2371 827 2665 896 exquirunt
2735 827 3054 897 Dominum,
3115 849 3222 887 non
3277 849 3407 888 vero

1827 914 1881 969 hi
1917 915 2008 985 qui
2051 917 2120 971 ab
2148 916 2266 987 ipso
2290 917 2534 973 derelicti
2568 931 2717 987 sunt,
2741 935 3008 979 noverunt
3039 940 3233 981 nomen
3264 925 3402 996 ejus.

1898 1097 2066 1154 Vens.
2113 1098 2196 1152 12.
2240 1097 2465 1152 Ριιιίιὶιε
2519 1097 2747 1154 Domino
2791 1101 2882 1170 qui
2921 1101 3118 1156 habitat
3159 1104 3213 1158 in
3252 1103 3408 1169 Sion,

1827 1199 1934 1247 etc.
1970 1188 2162 1244 Psallit
2210 1189 2256 1243 is
2301 1187 2392 1258 qui
2441 1188 2496 1242 in
2543 1203 2602 1243 se
2638 1189 2803 1244 habet
2834 1188 3133 1245 Christum.
3177 1191 3288 1248 Hoc
3319 1207 3407 1249 se-

1829 1281 2065 1337 cundum
2108 1288 2350 1336 veterem
2385 1277 2701 1335 Iudaeorum
2751 1280 3057 1349 opinionem
3103 1285 3237 1338 dixit
3275 1287 3407 1342 Pro-

1826 1376 2010 1444 pheta.
2047 1371 2414 1429 Nihilominus
2454 1379 2538 1427 est
2570 1373 2831 1441 spiritalis
2875 1385 2926 1430 et
2970 1374 3210 1431 caelestis
3253 1374 3405 1430 Siou.

1828 1463 1893 1519 Et
1918 1464 1972 1518 in
2006 1463 2154 1518 omni
2187 1462 2368 1517 anima
2397 1476 2520 1532 qua:
2558 1471 2642 1517 est
2675 1463 2824 1528 Sion,
2849 1481 2970 1536 qum
3017 1466 3410 1536 interpretatur

1825 1555 2082 1627 specula,
2140 1554 2192 1609 id
2241 1563 2326 1610 est
2369 1568 2490 1623 qua:
2535 1554 2714 1608 divina
2755 1571 2974 1628 semper
3004 1560 3318 1628 speculatur
3355 1565 3412 1611 et

1831 1649 2054 1718 cogitat,
2107 1647 2254 1702 Deus
2284 1647 2518 1702 habitat.
2578 1645 2827 1716 Exquirit
2870 1649 3034 1705 etiam
3089 1651 3406 1720 sanguinem

133 1743 210 1796 τὰ
245 1742 453 1813 αἵματα
490 1739 597 1793 τῶν
632 1738 798 1792 ἐθνῶν
821 1740 930 1792 ἀπὸ
955 1742 1063 1793 τῶν
1090 1741 1526 1796 ἀποκτεινάντων
1560 1743 1716 1808 αύτά,

1833 1743 2069 1814 gentium
2103 1741 2288 1795 abhis
2325 1741 2415 1809 qui
2457 1755 2550 1795 eas
2590 1742 2935 1807 occiderunt,
2977 1751 3033 1796 et
3081 1757 3293 1797 memor
3324 1751 3408 1798 est

135 1835 237 1890 καὶ
278 1833 642 1905 μιμνήσκεται
686 1829 887 1895 αὐτῶν,
927 1831 1150 1895 ἀνιστὰς
1185 1831 1342 1886 αύτά.
1393 1834 1600 1888 Οὐκοῦν
1640 1835 1722 1898 τὸ,

142 1944 164 1976 ι
189 1923 460 1978 Ἀπώλετο
482 1923 542 1975 τὸ
573 1921 914 1992 μνημόσυνον
939 1921 1102 1975 αὐτοῦ
1132 1924 1247 1993 μετ’
1273 1925 1428 1995 ήχου,
1458 1944 1476 1977 ι
1511 1926 1603 1978 ἐπὶ
1624 1926 1725 1991 τὰς

139 2016 418 2090 ῥομφαίας
449 2015 920 2087 μετενεχθήσεται.
962 2013 1216 2068 Ἐκείνων
1240 2015 1296 2069 δὲ
1323 2015 1613 2089 μέμνηται,
1649 2011 1723 2074 ὧν

135 2109 358 2179 ἐγένετο
390 2109 698 2178 καταφυγή.

222 2204 641 2274 Ἀναγνγείλατε
670 2203 739 2256 ἐν
772 2201 897 2268 τοῖς
925 2203 1125 2256 ἔθνεσι
1165 2202 1235 2257 τὰ
1285 2203 1723 2275 ἐπιτηδεύματα

131 2296 352 2359 κὺτοῦ,
384 2314 433 2349 κ.
472 2313 520 2349 τ.
559 2296 603 2348 ἑ.
640 2297 772 2348 Ποῖα
809 2294 1211 2366 ἐπιτηδεύματα
1252 2295 1407 2368 (75);
1464 2297 1642 2350 πάντα
1684 2297 1722 2352 ἃ

132 2388 372 2460 Χριστὸς
393 2390 502 2452 τοῖς
527 2388 792 2459 μαθηταῖς
822 2387 1068 2440 Ἰωάννου
1087 2387 1179 2440 τοῦ
1207 2389 1508 2442 Βαπτιστοῦ
1533 2389 1684 2458 ἔλεγε
1701 2407 1716 2421 ο

139 2499 159 2530 ι
202 2479 566 2550 Πορευθέντες
601 2479 788 2533 εἴπατε
827 2478 860 2532 ἃ
909 2480 1046 2533 ἴδετε
1070 2498 1083 2510 ’
1116 2481 1304 2550 τυφλοὶ
1333 2482 1716 2549 ἀναϐλέπουσι,

132 2571 301 2642 χωλοὶ
332 2569 710 2642 περιπατοῦσι,
739 2571 930 2641 λεπροὶ
961 2571 1366 2642 καθαρίζονται,
1398 2575 1582 2644 νεκροὶ
1627 2575 1720 2628 ἁν-

135 2662 404 2716 ίστανται.
443 2681 460 2714 ι
512 2661 694 2714 Ταῦτα
725 2657 817 2714 οὖν
859 2664 926 2715 τὰ
966 2662 1239 2736 θεοπρεπῆ
1282 2665 1712 2736 ἐπιτηδεύματα·

131 2756 231 2809 καὶ
275 2758 323 2808 οἱ
370 2755 655 2808 ἀπόστολοι
697 2757 810 2818 τοῖς
854 2754 1061 2808 ἔθνεσιν
1095 2757 1422 2828 ἀνήγγειλαν
1447 2775 1462 2788 ο
1499 2761 1592 2812 καὶ
1634 2761 1718 2814 ὅτι

129 2845 222 2898 διὰ
246 2845 474 2899 θανάτου
503 2844 792 2907 ἀθανασία,
824 2844 911 2896 διὰ
943 2846 1176 2916 σταυροῦ
1215 2849 1473 2919 σωτηρία,
1507 2851 1601 2904 κα).
1632 2851 1720 2905 διὰ.

128 2939 312 3009 ταφῆς
353 2925 688 3003 ἀνάστασις,
736 2938 829 2991 καὶ
878 2937 1144 3008 νέκρωσις
1200 2939 1292 2992 τοῦ
1345 2941 1717 3013 νεκρώσαντος

131 3037 284 3109 ἡμᾶς
311 3035 578 3089 διαϐόλου.

216 3126 278 3177 '0
305 3124 478 3193 ὑψῶν
498 3142 574 3193 με
599 3123 680 3188 ἐκ,
701 3124 818 3179 τῶν
847 3121 1059 3180 πυλῶν
1085 3126 1190 3180 τοῦ
1228 3127 1486 3181 θανάτου
1506 3167 1520 3193 ,
1556 3128 1716 3196 ὅπως

127 3215 211 3269 ἂν
243 3215 568 3285 ἐξαγγείλω
602 3215 805 3283 πάσας
855 3218 963 3283 τὰς
1015 3217 1277 3284 αἱνέσεις
1321 3234 1438 3272 σου
1481 3219 1549 3272 ἐν
1586 3221 1715 3289 ταῖς

128 3306 356 3371 πύλαις
383 3303 489 3372 τῆς
521 3307 811 3376 θυγατρὸς
851 3307 1002 3360 Σιὼν
1025 3346 1038 3369 ,
1082 3325 1134 3359 κ.
1176 3325 1223 3360 τ.
1256 3309 1300 3359 ὲ.
1347 3307 1519 3362 Πύλαι
1552 3309 1715 3363 θανά-

125 3415 226 3450 του
259 3397 368 3469 (74)
394 3399 447 3450 αἱ
484 3398 618 3470 πρὸς
652 3399 879 3452 θάνατον
914 3401 1216 3472 ἁμαρτίαι,
1252 3400 1344 3469 ἀφ’
1374 3393 1447 3454 ὧν
1489 3401 1715 3470 ὑψοῦται

125 3493 159 3544 6
215 3490 352 3562 μηδὲ
393 3491 748 3562 λογισάμενος
796 3493 963 3556 αὑτὰς
1025 3495 1315 3564 ἁμαρτεῖν,
1373 3494 1432 3558 ὃς
1477 3496 1570 3548 καὶ
1617 3496 1714 3567 μό-

125 3599 218 3645 νος
271 3582 490 3636 δύναται
543 3584 882 3652 ἐξαγγέλλειν
939 3585 1117 3648 πάσας
1163 3584 1262 3649 τὰς
1321 3587 1554 3650 αἰνέσεις
1605 3590 1717 3641 Κυ-

129 3673 251 3744 ρίου
295 3674 352 3726 ἐν
383 3677 501 3738 ταῖς
538 3675 730 3739 πύλαις
778 3676 877 3746 τῆς
919 3675 1184 3747 θυγατρὸς
1233 3675 1404 3746 Σιὼν,
1435 3681 1554 3742 ταῖς
1584 3679 1715 3750 ἀρε-

122 3767 275 3828 ταῖς.

214 3857 634 3928 Ἐνεπάγησαν
683 3858 826 3926 ἔθνη
854 3859 924 3912 ἐν
964 3858 1251 3928 διαφθορᾷ
1305 3855 1344 3931 ᾖ
1396 3861 1710 3930 ἐποίησαν.

136 3948 240 4000 Ἐν
280 3949 478 4018 παγίδι
520 3951 702 4019 ταύτῃ
740 3945 778 4022 ᾗ
811 3951 1086 4019 ἔκρυψαν
1117 3951 1472 4021 συνελήφθη
1506 3957 1538 4006 ὁ
1561 3955 1715 4021 ποῦς

123 4038 350 4094 αὐτῶν.
377 4041 741 4095 Γινώσκεται
763 4043 978 4110 Κύριος
1007 4043 1259 4112 κρίματα
1284 4045 1490 4108 ποιῶν,
1514 4062 1566 4096 κ.
1591 4063 1639 4098 τ.
1664 4046 1708 4097 ἐ.

136 4131 520 4203 Ἐνεπὰγησαν
550 4131 674 4203 ἔθνη
708 4133 844 4201 (75),
873 4132 1071 4204 δηλαδὴ
1101 4134 1174 4196 ὡς
1204 4137 1260 4188 ὲν
1289 4134 1464 4206 πηλῷ,
1497 4135 1576 4205 τῷ
1611 4135 1714 4188 σώ-

125 4240 265 4296 ματι
288 4264 302 4288 ,
349 4224 415 4277 δι’
445 4225 510 4296 ἣν
540 4225 800 4296 ἐποίησαν
833 4226 1127 4297 διαφθοράν
1149 4244 1162 4258 ο
1196 4227 1290 4280 καὶ
1339 4226 1649 4298 συνελήφθη
1684 4230 1712 4280 6

122 4316 264 4382 ποῦς
292 4317 470 4372 αὐτῶν
489 4359 502 4383 ,
533 4321 560 4372 6
583 4318 771 4389 νοητὸς
802 4319 1062 4391 δηλονότι.
1094 4321 1203 4373 Καὶ
1238 4319 1565 4389 γινώσκεται
1600 4321 1712 4374 Κύ-

1827 1849 2038 1900 earum,
2093 1834 2218 1888 dum
2270 1847 2363 1888 eas
2410 1832 2722 1888 resuscitat.
2752 1835 2939 1904 Itaque
2969 1834 3137 1900 istud,
3191 1853 3208 1886 ι
3241 1833 3410 1891 Periit

1827 1927 2089 1982 memoria
2124 1926 2242 1996 ejus
2269 1940 2397 1981 cum
2435 1927 2642 1990 sonitu,
2688 1945 2706 1979 ι
2751 1925 2819 1980 ad
2867 1926 3104 1982 frameas
3144 1927 3403 1982 reducen-

1827 2017 1952 2072 dum
1984 2017 2088 2072 e'st.
2120 2016 2338 2070 Illorum
2358 2025 2540 2072 autem
2572 2018 2841 2085 meminit,
2871 2034 3104 2089 quorum
3130 2020 3404 2088 refugium

1825 2106 2000 2162 factus
2028 2115 2131 2164 est.

1892 2197 2217 2252 Annuntiate
2249 2198 2388 2254 inter
2417 2209 2596 2270 gentes
2626 2201 2807 2255 studia
2847 2201 2986 2269 eius,
3018 2212 3123 2259 etc.
3149 2203 3404 2271 Quaenam

1823 2288 2048 2344 studia?
2092 2303 2154 2342 ea
2186 2291 2367 2343 omnia
2413 2306 2532 2359 qua:
2580 2291 2833 2347 Christus
2874 2293 3101 2350 Joannis
3150 2294 3406 2364 Baptistae

1823 2379 2104 2449 discipulis
2154 2379 2375 2436 dicebat
2403 2381 2465 2438 δι
2501 2401 2519 2433 ι
2552 2380 2757 2438 Euntes
2797 2386 3109 2442 renuntiate
3157 2402 3280 2456 quae
3326 2388 3407 2442 vi-

1823 2474 1982 2530 distis
2017 2498 2028 2531 ;
2067 2475 2198 2529 caeci
2229 2475 2436 2542 vident,
2468 2475 2647 2531 claudi
2681 2476 2984 2543 ambulant,
3016 2479 3212 2548 leprosi
3244 2496 3404 2534 mun-

1821 2567 2044 2632 dantur,
2087 2568 2288 2622 mortui
2326 2579 2641 2638 resurgunt.
2683 2589 2701 2622 ι
2735 2569 2859 2626 llaec
2892 2571 3057 2640 igitur
3091 2571 3201 2627 Deo
3239 2573 3401 2644 digna

1821 2667 1946 2714 sunt
1986 2652 2184 2725 studia,
2227 2667 2282 2714 et
2318 2658 2405 2711 illa
2439 2660 2666 2727 apostoli
2704 2659 2955 2730 gentibus
2987 2651 3403 2730 annuntiarunt,

1821 2751 2090 2822 simulque
2139 2767 2235 2821 per
2289 2763 2522 2808 mortem
2577 2768 2700 2806 esse
2742 2753 3250 2818 immortalitatem,
3309 2770 3407 2823 per

1822 2859 2038 2898 crucem
2079 2843 2330 2911 salutem,
2368 2859 2466 2914 per
2517 2848 2823 2914 sepulcrum
2860 2846 3320 2902 resurrectionem
3349 2856 3406 2905 et

1825 2945 2054 2989 mortem
2085 2935 2283 2990 diaboli
2318 2937 2409 3006 qui
2441 2951 2538 2992 nos
2567 2949 2742 2992 morte
2771 2937 3050 2993 all'ecerat.

1742 3069 1788 3132 ϐ
1896 3105 2063 3163 Vens.
2113 3109 2194 3162 15.
2239 3107 2344 3174 Qui
2385 3108 2594 3163 exultas
2645 3125 2727 3164 me
2766 3109 2832 3163 de
2877 3111 3044 3178 portis
3091 3112 3297 3174 mortis,
3344 3119 3403 3165 ut

1831 3202 2143 3254 nnnuntiem
2197 3217 2374 3256 omnes
2410 3202 2746 3256 laudationes
2783 3213 2905 3256 tua:
2945 3203 3001 3256 in
3057 3204 3224 3272 portis
3271 3203 3403 3272 ﬁlia:

1823 3293 1978 3356 Sion,
2015 3303 2119 3346 etc.
2151 3291 2329 3347 Porta:
2365 3293 2559 3353 mortis
2611 3301 2741 3346 sunt
2780 3301 3002 3362 peccata
3050 3294 3326 3359 mortalia,
3369 3309 3403 3349 ι

1821 3384 2018 3453 quibus
2048 3384 2324 3438 exaltatur
2351 3385 2441 3452 qui
2483 3399 2551 3438 ne
2583 3385 2785 3454 cogitat
2817 3384 3038 3453 quidem
3079 3384 3168 3439 illa
3211 3399 3405 3455 perpe-

1823 3485 2008 3530 trare:
2059 3476 2156 3544 qui
2201 3476 2364 3530 etiam
2412 3476 2562 3532 solus
2617 3476 2946 3530 annuntiare
2979 3484 3160 3543 potest
3210 3491 3402 3532 omnes

1822 3569 2160 3624 laudationes
2214 3569 2426 3624 Domini
2484 3569 2536 3623 in
2585 3567 2760 3638 portis
2808 3566 2934 3623 lilia:
2980 3565 3136 3634 Sion,
3185 3568 3288 3623 hoc
3317 3581 3377 3623 es

1820 3662 2134 3716 virtutibus.

1890 3865 2055 3921 Vens.
2111 3864 2210 3928 16,
2269 3865 2355 3918 l7.
2416 3863 2605 3932 Inﬁxae
2676 3871 2800 3917 sunt
2859 3872 3036 3934 gentes
3083 3862 3139 3916 in
3184 3862 3398 3917 interitu

1817 3974 1970 4028 quem
1998 3958 2253 4026 fecerunt.
2295 3955 2360 4008 In
2395 3954 2556 4025 587
2588 3955 2775 4024 laqueo
2826 3955 2929 4008 isto
2982 3969 3134 4024 quem
3171 3953 3398 4007 abscon-

1818 4051 2034 4112 dernnt,
2065 4047 2468 4116 comprehensus
2516 4056 2592 4099 est
2647 4062 2735 4114 pes
2789 4061 2992 4100 eorum.
3043 4043 3392 4114 Cognoscetur

1820 4139 2080 4193 Dominus
2103 4139 2314 4208 judicia
2351 4137 2577 4205 faciens,
2609 4146 2712 4190 etc.
2769 4135 2951 4189 lulixa:
3000 4143 3130 4190 sunt
3179 4144 3393 4203 gentes,

1818 4227 2028 4282 scilicet
2063 4237 2318 4294 tauquam
2378 4228 2428 4279 in
2480 4226 2614 4289 luto,
2665 4225 2907 4296 corpori,
2967 4239 3062 4294 per
3110 4224 3396 4279 interitum

1817 4334 1978 4388 quem
2014 4318 2284 4382 fecerunt,
2334 4327 2390 4372 et
2433 4316 2856 4386 comprehensus
2904 4325 2986 4369 est
3037 4329 3133 4384 pes
3181 4328 3392 4382 eorum,

125 4426 266 4481 ριος,
299 4411 418 4462 ἐπεὶ
446 4449 460 4472 ,
483 4411 609 4464 ὅταν
634 4411 816 4474 αὐτοῖς
850 4412 909 4464 τὸ
944 4415 1116 4483 κρῖμα
1148 4413 1535 4484 γενηθήσεται,
1572 4413 1710 4482 γνώ-

1837 4424 2010 4480 tempe
2041 4408 2322 4478 spiritalis.
2341 4409 2404 4462 Et
2431 4416 2796 4479 cognoscetur
2822 4405 3104 4466 Dominus,
3130 4407 3390 4474 quoniam.

121 4517 315 4556 σονται
350 4501 440 4556 τὸν
466 4503 718 4573 κρίνοντα
747 4505 803 4556 ὲν
826 4503 1160 4578 δικαιοσύνῃ.

202 4682 790 4752 Ἀποστραφήτωσαν
819 4684 873 4736 οὶ
901 4683 1233 4752 ἁμαρτωλοὶ
1269 4686 1355 4748 εἰς
1388 4683 1492 4736 τὸν
1532 4683 1706 4751 ᾅδην,

116 4793 178 4830 κ.
215 4793 269 4828 τ.
303 4777 349 4828 ὲ.
385 4777 593 4847 Ὥσπερ
622 4777 650 4828 6
676 4776 1005 4848 παράδεισος
1033 4776 1145 4848 (76)
1177 4776 1282 4828 τῶν
1306 4776 1528 4829 δικαίων
1561 4778 1708 4830 ἐστὶν

113 4869 460 4940 οἰκητήριον,
482 4867 652 4932 οὔτως
674 4868 804 4940 ᾅδης
826 4868 933 4922 τῶν
956 4867 1294 4940 ἁμαρτωλῶν
1329 4870 1701 4941 κολαστήριον.

128 4960 675 5033 Ἀποκλεισθήτωσαν
701 5001 716 5021 .
763 4963 927 5032 φησὶν
951 5004 965 5028 ,
1007 4961 1153 5025 ὅπως
1203 4960 1276 5033 μὴ
1315 4961 1494 5014 ἴδωσιν
1533 4963 1704 5034 Ἰησοῦ

111 5053 301 5124 ψυχὴν
331 5055 760 5108 καταϐαίνουσαν
794 5055 890 5107 καὶ
935 5053 1328 5108 ἀναϐαίνουσαν
1349 5094 1363 5116 ,
1416 5055 1563 5109 ἔνδον
1593 5057 1705 5109 ἀπ-

109 5147 509 5218 εστραμμένοι.
556 5150 618 5202 Οἱ
657 5148 766 5219 γὰρ
799 5147 1266 5219 προσδοκήσαντες
1297 5147 1463 5220 αὐτὴν
1492 5149 1708 5220 ὠσπερ.

109 5239 168 5292 εἰ
224 5237 332 5303 ἔξω
399 5238 624 5293 ἔϐλεπον
698 5239 1084 5312 καθειργμένοι
1145 5241 1203 5292 ὲν
1271 5239 1430 5310 ᾅδου,
1489 5241 1703 5312 πρῶτον

189 5381 213 5414 ⁸
242 5381 431 5437 Matth.
469 5398 548 5450 ιι,
576 5383 632 5439 5.

189 5494 306 5564 (71)
327 5498 390 5550 Ol
409 5493 820 5565 ἐπιζητοῦντες,
853 5507 958 5552 etc.
993 5499 1306 5554 Corderius.

191 5566 313 5637 (7‘2)
357 5567 621 5640 Ἐκεῖνος
647 5567 898 5640 ψάυζλει.
928 5577 1037 5622 etc.
1068 5569 1292 5626 Schedat
1313 5567 1526 5636 Grabii,
1571 5584 1698 5640 par-

111 5638 328 5702 timque
350 5639 644 5691 Cortlerius
674 5646 729 5691 et
764 5639 1058 5692 Barbarus.

186 5707 304 5779 (75)
331 5706 478 5762 Ποῖα
500 5707 958 5778 ἐπιτηδεύματα,
991 5718 1099 5766 etc.
1130 5707 1356 5766 Scheda:
1385 5708 1592 5766 Grabii.

1816 4502 2374 4571 cumjudicabuntur,
2418 4509 2747 4571 cognoscent
2799 4513 2921 4552 eum
2954 4497 3049 4565 qui
3079 4496 3293 4566 iudicat
3329 4500 3386 4554 in

1805 4594 2038 4664 justitia.

1886 4689 2053 4742 Vens.
2097 4687 2184 4742 18.
2226 4685 2619 4740 Convertuntur
2653 4693 2950 4752 peccatores
3002 4683 3058 4736 in
3101 4683 3392 4753 infernum,

1814 4789 1921 4835 ctc.
1960 4780 2111 4833 Sicut
2140 4777 2718 4846 paradisusjustorum
2752 4783 2836 4828 est
2875 4773 3270 4839 habitaculum,
3315 4775 3394 4829 sic

1814 4869 2060 4925 internus
2091 4876 2439 4938 peccatorum
2487 4873 2574 4920 est
2608 4864 2676 4917 ad
2719 4863 2940 4918 ferenda
2992 4861 3257 4932 supplicia
3289 4863 3389 4916 do-

1815 4964 2099 5019 micilium.
2132 4959 2570 5026 Concludantur,
2608 4956 2805 5026 inquit.
2843 4969 2911 5009 ne
2945 4954 3093 5010 intus
3142 4952 3392 5008 conversi

1814 5057 2032 5109 videant
2095 5053 2331 5106 animam
2391 5049 2521 5104 Jesu
2593 5046 3018 5103 descendentem
3077 5053 3131 5100 et
3194 5059 3392 5098 ascen-

1814 5149 2053 5200 dentem.
2099 5144 2200 5211 Qui
2231 5143 2377 5197 enim
2429 5141 2571 5194 illam
2617 5145 3026 5209 exspectarunt,
3078 5136 3130 5190 in
3176 5134 3388 5188 inferno

1812 5239 2038 5303 detenti,
2079 5247 2336 5305 tauquam
2379 5241 2537 5290 extra
2572 5232 2861 5296 viderunt,
2900 5229 3134 5301 primum
3171 5226 3384 5298 quidem

1882 5494 1996 5565 (74)
2030 5486 2660 5565 Hdlat_0ardtou,elc.
2687 5479 3203 5565 Cord_erit_ts,'Barba
3216 5503 3330 5546 rus,

1880 5553 1991 5634 (75)
2024 5559 2448 5634 ῘΕν-επάγησαν
2471 5559 2638 5634 ξᾷνη.
2666 5565 2769 5610 etc.
2799 5553 3109 5634 perdemus.

1879 5623 1992 5705 (76)
2019 5623 2318 5705 Ὦοκτιερξςῦ⁷
2339 5628 2703 5705 παράδεισος
2720 5632 2869 5705 ,‘etc.
2911 5623 3146 5705 ξριτιξ)ίαῖ
3178 5629 3390 5692 Grabii,

1812 5717 1865 5764 et
1884 5692 2229 5767 ‘Co'mbelisii',
2256 5692 2552 5765 Barbatus,
2590 5714 2674 5764 pa:
2693 5700 2896 5760 timquc
2921 5692 3245 5756 Corderius,

3263 5797 3423 5814 ,,,,,-Α
