3822 6492
520 327 652 386 1191

1931 329 2017 387 EX
2056 329 2358 387 OlllGENE

3628 338 3731 396 11ῧέ

519 456 815 522 prophetae,
857 451 1049 506 deinde
1087 451 1280 521 reliqui
1319 453 1656 523 omnesjnsti
1687 471 1701 508 ι
1732 464 1826 509 aut
1849 456 2082 525 primum

2204 456 2289 522 μὲν
2335 455 2383 508 οἱ
2425 455 2733 526 προφῆται,
2781 453 2972 507 ἔπειτα
3005 454 3054 505 οἱ
3086 453 3263 506 λοιποὶ
3306 453 3506 516 πάντες
3536 454 3728 510 δίκαιον

519 543 737 614 quidem
783 543 877 612 qui
935 543 1074 598 inter
1128 558 1226 598 nos
1273 559 1434 599 erant
1497 556 1850 615 peccatores,
1904 559 2089 618 postea

519 643 726 705 gentes.

590 727 752 782 νῆας.
797 727 881 782 19.
929 727 1196 782 Patientia
1237 745 1525 799 pauperum
1577 746 1678 784 non
1722 733 1906 799 peribit
1938 735 1991 787 in
2025 733 2093 801 ﬁ-

525 834 663 882 nem,
731 829 836 874 etc.
902 821 1367 886 Quemadmodum
1425 823 1650 891 spiritus
1713 840 1815 878 non
1885 826 2092 880 exstin-

518 912 720 980 guitur,
767 913 847 966 sic
898 914 1159 980 patientia
1214 930 1320 969 non
1369 917 1532 982 perit.
1582 935 1599 967 ι
1638 917 1900 971 Dominus
1946 918 2089 971 enim

519 1004 744 1073 spiritus
772 1014 854 1059 est
885 1004 906 1035 ⁸
939 1021 952 1070 ;
993 1023 1012 1056 ι
1037 1015 1087 1060 et
1109 1023 1127 1057 ι
1149 1004 1411 1059 Patientia
1464 1022 1582 1060 mea
1625 1007 1879 1061 Dominus
1925 1007 2093 1063 °.»Sic

520 1106 576 1151 et
615 1096 668 1150 in
710 1097 918 1151 Galatis
971 1096 1235 1152 formatur
1270 1097 1521 1152 Christus
1547 1099 1636 1168 qui
1670 1099 1816 1153 onmi
1850 1109 1998 1154 caret
2026 1101 2090 1153 li-

520 1202 652 1257 gnra
695 1187 738 1240 ⁷.
794 1187 893 1242 llic
937 1197 1138 1242 autem
1175 1189 1378 1245 dicitur
1423 1190 1662 1244 dormire
1708 1208 1720 1244 :
1764 1210 1780 1236 ι
1825 1191 2088 1260 Exsurge,

520 1279 648 1349 quid
683 1278 891 1333 dormis
923 1279 944 1332 ?
978 1297 994 1330 ι

590 1367 756 1424 Vens.
797 1369 888 1425 ‘20.
935 1370 1215 1442 Exsurge,
1280 1372 1538 1437 Domine,
1608 1390 1710 1427 non
1768 1373 2094 1442 confortetnr

523 1462 699 1527 homo,
737 1471 840 1516 etc.
879 1462 1086 1517 Dicenti
1123 1465 1514 1535 igitur,‘llobur
1546 1481 1748 1530 meum,
1783 1481 2009 1535 repones
2037 1479 2090 1519 ιιι

523 1549 690 1603 Deum
721 1565 842 1606 esse
875 1553 964 1620 qui
999 1554 1286 1609 conﬁrmat
1329 1555 1555 1623 justum,
1610 1557 1800 1612 deletis
1843 1559 1960 1627 ejus
1997 1560 2094 1612 ltu-

522 1641 699 1695 manis
731 1642 1148 1713 cositatiouibus
1183 1655 1234 1700 et
1271 1647 1441 1700 animi
1479 1647 1736 1702 motibus.

1085 1968 1405 2027 PSALMUS
1453 1971 1522 2027 X.

1015 2060 1348 2132 (Secundum
1405 2066 1598 2138 Hebr.)

595 2152 755 2209 Vens.
801 2154 851 2207 1.
893 2151 1113 2225 thuid,
1162 2156 1405 2223 Domine,
1465 2159 1722 2213 recessisti
1750 2159 1948 2229 longe?
1985 2169 2089 2216 etc.

517 2242 880 2314 lnterrogauti
939 2247 1266 2314 respondere
1323 2248 1516 2317 aliquis
1565 2250 1764 2317 poterit
1825 2251 1954 2304 illud
2005 2251 2028 2283 ⁸
2075 2269 2088 2306 :

523 2351 545 2386 ι
587 2333 746 2401 Ecce,
777 2335 868 2404 qui
899 2335 1162 2404 elongaut
1187 2352 1244 2391 se
1277 2352 1306 2390 a
1340 2349 1390 2393 te
1421 2339 1710 2407 peribunt;
1742 2359 1760 2392 ›
1793 2350 1846 2395 et
1875 2342 2002 2395 illud
2026 2343 2046 2374 θ
2077 2360 2091 2396 :

521 2444 542 2478 ι
588 2426 727 2480 Deus
779 2429 1169 2497 approximaus
1222 2444 1322 2500 ego
1381 2446 1520 2495 sum,
1566 2440 1620 2484 et
1673 2448 1776 2485 non
1843 2433 1981 2487 Deus
2027 2433 2092 2486 de

519 2515 696 2584 longe,
732 2533 752 2566 ›
784 2516 916 2570 dicit
961 2516 1219 2569 Dominus
1246 2516 1298 2569 in
1337 2517 1644 2587 prophetis.
1668 2517 1941 2572 Auxilium
1988 2534 2090 2571 non

520 2605 701 2660 ferens
728 2607 810 2660 his
831 2607 923 2676 qui
954 2607 1152 2677 injuria
1181 2607 1506 2672 alliciuntur,
1531 2609 1736 2664 videris
1765 2625 1870 2664 non
1900 2611 2093 2666 adesse

519 2696 604 2750 his
630 2711 751 2765 qua:
784 2697 936 2762 tiuut,
968 2699 1059 2752 sed
1087 2711 1234 2754 stare
1271 2699 1460 2768 procul
1492 2709 1546 2752 ct
1573 2716 1682 2754 non
1712 2700 1920 2756 videre.
1964 2702 2092 2767 Qua:

521 2778 607 2840 res
637 2785 794 2840 mali’s
824 2787 1230 2857 improbitatem
1277 2798 1464 2857 auget,
1517 2798 1665 2844 tuum
1718 2805 1846 2846 vero
1883 2805 2091 2860 paupe-

521 2888 634 2928 rem
663 2874 901 2930 incendit
933 2887 987 2932 et
1018 2878 1071 2932 in
1104 2879 1538 2948 desperationem
1572 2879 1760 2934 mittit.

589 3076 757 3131 Vens.
793 3078 849 3133 5.
889 3075 1153 3142 Quoniam
1183 3076 1442 3131 laudatur
1457 3088 1700 3145 peccator
1730 3079 1783 3132 in
1812 3079 2090 3135 desideriis

516 3168 710 3221 anima:
762 3184 900 3234 sum,
948 3178 1055 3222 etc.
1107 3167 1262 3238 Swpe
1302 3171 1556 3224 usuvenit
1605 3179 1664 3224 ut
1706 3180 1996 3240 peccantes
2035 3173 2086 3226 in

519 3260 719 3313 mundo
767 3258 994 3314 feliciter
1027 3269 1210 3330 agant.
1245 3260 1360 3316 lloc
1384 3262 1528 3316 enim
1576 3270 1632 3317 et
1673 3262 1964 3332 Apostolus
2001 3265 2084 3318 di-

513 3351 590 3406 cit
625 3353 667 3384 “
698 3370 712 3407 :
751 3370 770 3404 ι
808 3353 929 3407 Mali
961 3354 1235 3420 homines,
1268 3365 1322 3410 et
1358 3356 1679 3412 seductores
1709 3357 1996 3427 proﬁcient
2031 3358 2079 3412 iu

513 3443 684 3514 pejus,
715 3454 966 3500 errantes
1015 3455 1070 3501 et
1109 3448 1162 3501 iu
1216 3461 1461 3502 errorem
1503 3450 1797 3505 mittentes.
1852 3469 1872 3502 ι
1923 3450 1992 3505 Ει
2031 3451 2083 3504 in

514 3535 623 3590 alio
647 3537 854 3606 psalmo
885 3539 1102 3593 canitur
1131 3539 1173 3570 ¹¹
1203 3557 1216 3594 :
1281 3557 1300 3590 ι
1343 3539 1446 3608 Ipsi
1485 3551 1805 3610 peccatores
1837 3553 1892 3596 et
1915 3541 2087 3596 abun-

514 3629 706 3684 dantes
753 3631 806 3684 in
864 3631 1092 3696 szeculo,
1148 3632 1504 3687 obtinuerant
1555 3633 1722 3704 588
1775 3635 2010 3689 divitias.
2061 3655 2079 3687 ι

512 3721 811 3778 Peccantes
842 3722 1005 3794 igitur
1034 3733 1091 3779 et
1121 3724 1330 3792 injusti,
1371 3736 1481 3780 tum
1521 3740 1549 3778 a
1583 3727 1802 3795 seipsis,
1857 3736 1967 3780 tum
2017 3729 2086 3780 ab

513 3813 887 3869 adulatoribus
938 3826 991 3871 et
1044 3817 1300 3886 parasitis
1345 3816 1458 3872 suis
1505 3816 1818 3882 laudantur,
1866 3827 1923 3873 et
1961 3834 2082 3874 cum

513 3905 930 3974 benedicuntur,
963 3908 1134 3979 magis
1166 3909 1232 3963 ad
1271 3919 1556 3978 peccatum
1585 3909 1904 3964 incitantur.

585 4104 748 4158 Vens.
790 4105 846 4160 4.
888 4103 1187 4160 Secundum
1231 4107 1620 4163 multitudinem
1669 4109 1767 4164 ira:
1819 4125 1931 4164 sure
1982 4128 2082 4164 non

509 4207 727 4267 qureret,
758 4207 866 4251 etc.
901 4196 1030 4262 Quis
1057 4198 1080 4250 ?
1113 4214 1180 4252 an
1214 4200 1492 4263 Dominus,
1521 4215 1587 4254 an
1621 4202 1916 4270 peccator?
1947 4203 2084 4258 forte

513 4298 792 4358 peccator.
825 4288 1011 4359 Neque
1039 4291 1182 4344 enim
1220 4293 1286 4345 de
1321 4293 1399 4345 ira
1427 4292 1516 4347 Dei
1545 4293 1809 4350 sollicitus
1843 4305 1948 4359 est,
1983 4311 2082 4351 nec

508 4391 666 4435 curat
693 4396 751 4436 se
775 4381 1126 4436 multitudine
1159 4393 1508 4454 peccatorum
1528 4386 1873 4456 prmgravari.
1905 4387 2082 4454 Quare

506 4481 560 4526 et
587 4471 875 4543 plurimum
907 4484 1114 4545 peccat.

586 4563 750 4619 Vsus.
791 4564 844 4618 5.
884 4564 1188 4635 Inquinatte
1227 4575 1349 4620 sunt
1378 4566 1476 4620 vite
1504 4566 1648 4620 illius
1680 4569 1736 4620 in
1761 4569 1904 4622 omni
1951 4578 2083 4624 tom-

507 4672 654 4724 pore,
691 4667 795 4711 etc.
833 4655 1017 4712 Justus
1058 4658 1334 4712 benedicit
1365 4657 1650 4713 Dominum
1683 4661 1735 4713 in
1773 4662 1919 4714 omni
1949 4671 2079 4716 tem-
2112 4680 2154 4733 ι)

507 4762 659 4814 pore,
688 4757 946 4817 peccator
986 4758 1168 4803 autem
1217 4751 1466 4820 inquinat
1503 4752 1620 4806 vias
1664 4765 1792 4806 suas
1835 4753 1886 4807 in
1928 4754 2074 4806 omni

508 4847 770 4905 tempore.
805 4857 824 4890 ι
859 4840 1162 4909 lnquinatze
1199 4855 1350 4911 sunt,
1388 4863 1406 4896 ι
1455 4844 1610 4914 quasi
1641 4845 1788 4900 dicat
1824 4862 1838 4898 :
1871 4845 1925 4899 In
1960 4860 2077 4900 ma-

508 4930 624 4984 litia
654 4931 915 4987 demersae
951 4947 1100 4992 sunt.

577 5023 828 5078 Omnium
863 5027 1198 5082 inimicorum
1257 5046 1473 5084 suorum
1525 5030 1924 5095 dominabitur,
1967 5039 2076 5084 etc.

504 5117 890 5174 Tentatiouum
921 5119 1040 5174 alia:
1070 5123 1308 5190 corpori,
1352 5123 1472 5176 alia;
1503 5123 1719 5186 animae,
1753 5121 1873 5175 alia:
1918 5122 2079 5176 rebus

577 5215 599 5246 ⁸
625 5214 785 5271 Joan.
817 5233 890 5280 ιν,
921 5216 1012 5270 24.
1091 5218 1504 5285 ‘Psal.l.xx,5.
1579 5221 1598 5252 ⁷
1629 5219 1806 5275 Galat.
1835 5233 1910 5272 IV.
1987 5218 2008 5249 ⁸
2043 5215 2082 5270 Ρ

2212 5231 2382 5277 Lxxu,
2408 5213 2497 5266 27.
2574 5210 2594 5242 ’
2622 5209 3000 5273 Jeremaxttt,
3034 5204 3130 5260 25.

508 5285 550 5316 ¹¹
588 5285 730 5340 l’sal.
761 5301 928 5352 Lxxu,
965 5286 1049 5340 l2.

575 5376 687 5445 (77)
722 5377 945 5444 Ὥσπερ
986 5375 1051 5430 τὸ
1105 5374 1361 5442 πνεῦμα,
1417 5379 1523 5426 etc.
1589 5371 1818 5426 Scheda:
1869 5369 2078 5434 Grabii,

503 5446 803 5588 φῶὺῶΐῖξ
825 5513 938 5574 οὖν
965 5516 1226 5587 λέγοντι,
1253 5519 1359 5565 etc.
1391 5509 1604 5566 Ezedcm
1628 5510 1929 5576 schedze,et
1951 5509 2080 5564 Bar-

707 5658 1104 5726 Ἀποκρίνεται
1131 5655 1207 5709 ἄν
1239 5671 1348 5718 τις,
1369 5661 1476 5706 etc.
1505 5649 1730 5706 Schedte
1771 5651 1956 5706 Grabii
1980 5689 1995 5715 ,
2026 5659 2079 5704 et

506 5724 700 5858 misti).
711 5745 1012 5860 [1,150.11qu
1033 5791 1474 5860 ἀμαρτάνοντές
1504 5809 1660 5859 τινες
1677 5833 1692 5858 ,
1719 5802 1826 5848 etc.
1860 5791 2074 5846 Eaedem

2192 547 2224 618 ἢ
2277 548 2489 620 πρῶτον
2540 548 2636 618 μὲν
2695 548 2743 600 οἱ
2803 549 2860 600 ἐν
2923 549 3056 617 ἡμῖν
3117 545 3476 618 ἁμαρτωλοὶ,
3533 542 3639 599 εἶτα
3682 555 3727 601 τὰ

2193 637 2338 694 ἔθνη.

2276 727 2346 781 ἸΙ
2378 728 2652 797 ὑπομονὴ
2698 727 2817 782 τῶν
2871 727 3145 794 πενήτων
3183 731 3295 782 οὐκ
3341 729 3636 782 ἀπολεῖται
3665 735 3730 797 εις

2193 817 2298 871 τὸν
2325 819 2528 883 αἰῶνα,
2563 837 2615 873 κ.
2647 837 2697 873 τ.
2727 821 2772 872 ὲ.
2810 820 3020 890 Ὤαπερ
3048 820 3108 872 τὸ
3133 819 3352 890 πνεῦμα
3388 819 3501 888 (77)
3533 822 3588 872 οὔ
3613 822 3728 874 τεὸ-

2192 929 2377 973 νυται,
2434 912 2604 976 οὕτως
2640 916 2672 981 ἡ
2722 913 2965 984 ὑπομονὴ
3009 914 3110 966 οὐκ
3161 913 3487 966 ἀπόλλυται.
3545 915 3598 966 Ὀ
3645 921 3726 987 γὰρ

2205 1021 2222 1052 ι
2264 1004 2466 1075 Κύριος
2499 1004 2559 1057 τὸ
2590 1004 2806 1075 πνεῦμά
2837 1006 2980 1057 ἐστι’
3015 1024 3032 1056 ι
3071 1005 3195 1070 καί,
3223 1023 3241 1056 ι
3279 1006 3345 1057 Ἡ
3379 1006 3615 1077 ὑπομονὴ
3654 1028 3726 1077 μου

2194 1095 2415 1167 Κύριος.
2435 1117 2450 1148 ι
2492 1095 2646 1148 Οὕτω
2680 1098 2774 1149 καὶ
2795 1099 2852 1148 ὲν
2872 1088 3156 1160 Γαλάταις
3184 1095 3504 1167 μορφοῦται
3545 1098 3729 1168 Χριστὸς

2192 1185 2434 1258 ἄμορφος
2455 1187 2547 1241 ῶν.
2586 1187 2843 1240 Ἐνταῦθα
2878 1188 3090 1256 λέγεται
3120 1189 3211 1242 καὶ
3240 1189 3574 1259 κοιμᾶςθαιο
3612 1210 3625 1241 ι
3655 1192 3725 1256 Ἐξ-

2193 1279 2467 1351 εγέρθητι,
2503 1280 2588 1333 ἵνα
2621 1281 2672 1333 τί
2703 1282 2918 1344 (macie;
2955 1299 2972 1332 ι

2273 1371 2600 1439 Ἀνάστηθι,
2639 1374 2850 1441 Κύριε,
2880 1371 2965 1440 μὴ
2998 1374 3412 1439 κραταιούσθω
3448 1372 3727 1440 ἇνθρωαςς,

2193 1481 2244 1516 κ.
2264 1482 2312 1516 τ.
2336 1466 2380 1518 ὲ.
2405 1464 2493 1535 Τῷ
2510 1461 2601 1518 οὖν
2620 1466 2829 1533 λέγοντι
2846 1464 2976 1536 (78),
3002 1466 3342 1536 Κραταίωμά
3368 1481 3498 1534 μου,
3527 1465 3652 1534 ἐρεῖς
3671 1469 3728 1518 :L.

2192 1554 2272 1606 ὃτι
2305 1556 2332 1607 6
2364 1556 2494 1619 θεός
2518 1558 2664 1609 ἐστιν
2692 1557 2790 1627 ἤδη
2817 1558 2843 1609 6
2873 1557 3299 1627 κραταιούμενος
3332 1557 3512 1623 ἅγιον,
3544 1555 3638 1606 τῶν
3665 1558 3729 1607 ἁν-

2193 1646 2479 1716 Θρωπίνων
2511 1649 2673 1703 αὐτοῦ
2703 1649 2976 1721 λογισμῶν
3001 1651 3093 1703 καὶ
3125 1650 3447 1720 κινημάτων
3473 1649 3731 1718 ἀναιρεθέν-

2195 1754 2323 1792 ταηι

2788 1979 3078 2032 ΨΑΛΜΟΣ
3113 1981 3168 2032 l'.

2761 2069 2955 2141 (Κατὰ
3008 2069 3198 2140 Ἐ6ρ.)

2269 2165 2401 2218 Ἵνα
2441 2164 2529 2228 τί,
2580 2163 2756 2232 Κύριε
2775 2202 2789 2226 ,
2826 2161 3172 2232 ἀφέστηκας
3195 2162 3535 2230 μακρόθεν,
3567 2178 3613 2212 κ.
3636 2178 3673 2211 -..
3693 2163 3726 2212 ἐ.

2206 2258 2581 2330 Ἀποκρίνεται
2603 2257 2665 2311 ἄν
2687 2274 2772 2320 τις
2794 2255 2905 2328 (79)
2941 2253 3074 2327 πρὸς
3099 2255 3192 2307 τὸν
3224 2255 3642 2324 ὲπαπορήταντι
3667 2255 3720 2310 τὲ,

2199 2369 2218 2401 ι
2265 2351 2393 2404 Ἰδοὺ
2413 2353 2461 2402 οἱ
2488 2348 2850 2423 μακρύνοντες
2879 2348 3103 2409 ἑαυτοὺς
3125 2345 3234 2398 ἀπὸ
3261 2345 3358 2397 σοῦ
3378 2344 3726 2400 ἀπολοῦνται-ι

2195 2439 2285 2491 καὶ
2310 2437 2390 2503 τὸ,
2425 2457 2446 2488 ι
2477 2437 2608 2501 Θεὸς
2631 2437 2863 2505 ὲγγίζων
2892 2435 3001 2504 ἐγώ
3028 2439 3160 2506 εἰμι,
3187 2436 3280 2488 καὶ
3311 2437 3374 2487 οὐ
3406 2435 3541 2498 Θεὸς
3572 2437 3734 2506 πόρρω

2193 2527 2313 2593 Θεν,
2354 2547 2372 2580 ι
2426 2528 2572 2596 λέγει
2605 2527 2807 2598 Κύριος
2841 2527 2898 2580 ἐν
2925 2530 3038 2589 τοῖς
3068 2527 3399 2598 προφήταις.
3437 2526 3529 2596 Mi;

2191 2625 2304 2684 τοῖς
2346 2620 2751 2691 ἀδικουμένοις,
2789 2620 2966 2684 δοκεῖς
3005 2620 3079 2691 μὴ
3116 2622 3374 2690 παρεῖναι
3406 2623 3523 2681 τοῖς
3554 2618 3734 2686 γινομέ-

2191 2729 2323 2776 νοις,
2352 2713 2526 2775 δοκεῖς
2558 2710 2693 2763 ἀλλὰ
2724 2710 3004 2782 πόρρωθεν
3034 2709 3251 2763 ἑστάναι
3300 2710 3396 2761 καὶ
3437 2710 3570 2778 μηδὲ
3601 2712 3733 2778 ὁρᾷ-ν

2191 2803 2327 2874 ὅπερ
2358 2805 2470 2866 τοῖς
2513 2803 2608 2873 μὲν
2647 2804 2902 2872 πονηροῖς
2943 2799 3094 2864 αὔξει
3130 2801 3228 2871 τὴν
3261 2801 3568 2870 πονηρίαν,
3595 2800 3670 2852 τὸν
3695 2800 3738 2854 ἃ

2193 2894 2282 2949 σὺν
2317 2895 2520 2965 πένητα
2547 2893 2838 2968 ὲμπυρξζει
2868 2895 2961 2948 καὶ
2992 2895 3251 2966 ἀθυμίαις
3283 2893 3566 2963 ἐμϐάλλει.

2264 3077 2394 3131 Ὀτι
2419 3075 2742 3131 ἐπαινεῖται
2761 3078 2794 3129 ό
2819 3074 3168 3144 ἁμαρτωλὸς
3193 3075 3261 3127 ἐν
3280 3075 3415 3141 ταῖς
3443 3074 3742 3141 ἐπιθυμίαις

2189 3167 2298 3236 τῆς
2325 3167 2532 3237 ψυχῆς
2556 3166 2774 3230 αὐτοῦ,
2809 3183 2860 3218 κ.
2893 3184 2940 3219 τ.
2975 3166 3021 3218 ὲ.
3063 3164 3332 3228 Πολλάκις
3366 3167 3740 3236 ἁμαρτάνοντες

2189 3280 2332 3326 τινες
2363 3260 2472 3333 (80)
2508 3259 2825 3332 εὐθηνοῦσιν
2854 3263 2912 3314 ὲν
2944 3259 3022 3330 τῷ
3069 3259 3279 3330 κόσμῳ.
3318 3259 3499 3312 Τοῦτο
3525 3258 3628 3329 γὰρ
3661 3257 3741 3324 ἐτη

2111 3334 2152 3392 C
2188 3356 2280 3408 καὶ
2330 3356 2357 3406 ὁ
2397 3353 2713 3416 Ἀπόστολος
2737 3370 2750 3382 ·
2801 3371 2820 3404 ι
2856 3353 3089 3424 Πονηροὶ
3132 3353 3412 3423 ἄνθρωποι
3449 3352 3545 3404 καὶ
3581 3350 3741 3418 γόητες

2191 3447 2553 3518 προκόψουσιν
2581 3447 2673 3499 ἐπὶ
2700 3445 2760 3498 τὸ
2789 3447 2988 3518 χεῖρον,
3018 3444 3325 3508 πλανῶντες
3359 3445 3461 3496 καὶ
3495 3442 3744 3510 πλανώμε-

2189 3558 2286 3593 νοι.
2332 3560 2350 3591 ι
2388 3540 2497 3593 Καὶ
2545 3541 2602 3593 ὲν
2644 3539 2814 3611 ἑτέρῳ
2843 3537 3042 3610 ψαλμῷ
3072 3539 3288 3609 ᾅδεται’
3326 3557 3344 3587 ι
3381 3532 3547 3590 Οὗτοι
3593 3538 3738 3604 ἁμαρ-

2188 3631 2345 3685 τωλοὶ
2373 3631 2468 3684 καὶ
2497 3629 2844 3702 εὐθηνοῦντες
2880 3632 2960 3694 εἰς
2989 3629 3080 3683 τὸν
3111 3629 3281 3682 αἰῶνα
3305 3629 3582 3698 κατέτχον
3609 3627 3742 3678 πλαι-

2187 3744 2330 3790 τους.
2383 3746 2401 3778 ι
2471 3725 2846 3779 Ἐπαινοῦνται
2906 3723 3000 3777 οὖν
3044 3725 3148 3778 ὑπό
3193 3741 3252 3776 τε
3307 3722 3526 3775 ἑαυτῶν
3579 3723 3742 3789 iunp-

2187 3819 2346 3872 τωλοὶ
2374 3819 2466 3872 καὶ
2499 3818 2671 3871 ἄδικοι
2700 3818 2794 3871 καὶ
2830 3817 2981 3888 παρὰ
3013 3817 3120 3870 τῶν
3158 3817 3412 3870 κολάκων
3456 3816 3553 3868 καὶ
3593 3831 3744 3884 παρα-

2189 3911 2349 3964 σίτων
2386 3909 2564 3964 αὐτῶν
2586 3950 2601 3975 ,
2633 3909 2725 3963 καὶ
2768 3909 3144 3980 εὐλογοῦμενοι
3189 3908 3352 3962 πλέον
3382 3907 3656 3960 κινοῦνται

2188 4005 2477 4076 ἁμαρτίαν.

2255 4098 2414 4153 Κατὰ
2459 4098 2524 4151 τὸ
2557 4097 2789 4164 πλῆθος
2816 4095 2926 4164 τῆς
2959 4093 3140 4164 ὀργῆς
3167 4094 3353 4147 αὐτοῦ
3388 4095 3502 4147 οὐκ
3534 4091 3746 4156 ἐκζητή-

2185 4204 2298 4254 σει,
2330 4207 2382 4243 κ.
2409 4207 2458 4241 τ.
2492 4190 2536 4241 ὲ.
2575 4189 2698 4251 Τίς;
2725 4188 2953 4257 πότερον
2989 4187 3016 4238 6
3046 4185 3247 4257 Κύριος
3278 4186 3416 4256 (81),
3454 4186 3487 4255 ἦ
3521 4187 3750 4253 ἁμαρτω-

2184 4280 2272 4344 λός
2299 4297 2313 4345 ;
2341 4281 2434 4334 καὶ
2469 4281 2680 4351 μήποτε
2709 4280 2736 4331 6
2766 4277 3109 4350 ἁμαρτωλός.
3151 4279 3226 4330 οὐ
3250 4277 3358 4348 γὰρ
3385 4277 3610 4346 ὲκξῃτεῖ
3641 4277 3746 4342 περὶ

2183 4372 2353 4442 ὀργῆς
2383 4371 2475 4423 τοῦ
2506 4368 2640 4422 θεοῦ
2662 4409 2675 4430 ,
2702 4368 2808 4422 οὐδ’
2842 4369 2924 4421 ὅτι
2959 4367 3158 4438 πλῆθος
3191 4367 3479 4440 ἁμαρτιῶν
3510 4367 3644 4436 ἕχει.
3672 4365 3748 4416 Διὶ

2186 4465 2277 4516 καὶ
2311 4463 2450 4516 κατὰ
2473 4461 2672 4534 πλῆθος
2697 4461 3020 4532 ἁμαρτάνει.

2258 4553 2661 4622 Βεϐηλοῦνται
2710 4555 2768 4606 al
2817 4551 2942 4605 ὁδοὶ
2975 4549 3161 4604 αὐτοῦ
3202 4551 3271 4602 ἐν
3318 4549 3501 4602 παντὶ
3558 4547 3744 4617 χωρεῖ.

2185 4669 2238 4708 κ.
2268 4669 2318 4706 τ.
2354 4653 2399 4705 ἐ.
2440 4651 2497 4703 ’0
2541 4651 2638 4722 μὲν
2677 4649 2879 4711 δίκαιος
2912 4647 3021 4717 (89.)
3075 4647 3284 4714 εὐλογεῖ
3328 4646 3424 4698 τὸν
3468 4644 3679 4715 Κύριον
3703 4647 3744 4693 7:.

2184 4745 2344 4797 παντὶ
2375 4742 2552 4814 καιρῷ
2574 4760 2587 4771 ⁸
2620 4745 2647 4794 6
2674 4742 2729 4794 δὲ
2763 4739 3083 4812 ἁμαρτωλὸς
3111 4738 3326 4808 βεϐηλοί
3357 4738 3457 4798 τὰς
3481 4737 3640 4796 666-2.;
3669 4737 3750 4786 21-

2184 4834 2275 4888 τοῦ
2311 4836 2368 4887 ὲν
2391 4836 2552 4887 παντὶ
2581 4831 2775 4904 καιρῷ.
2814 4851 2831 4883 ι
2863 4830 3220 4903 Βεϐηλοῦνται
3248 4829 3322 4892 δὲ,
3355 4849 3374 4878 ι
3403 4830 3528 4882 ἀντὶ
3559 4826 3744 4892 τοῦ.ἶξ

2185 4927 2352 4998 κακία
2386 4927 2709 4998 βυθίζονται.
3511 4989 3514 4991 _

2256 5023 2504 5076 Πάντων
2523 5021 2642 5075 τῶν
2657 5019 2882 5090 ἐχθρῶν
2899 5016 3086 5072 αὑτοῦ
3099 5016 3552 5084 κατακιφιεύσει
3564 5031 3695 5074 ,κ-τ.
3713 5015 3746 5065 ἓ.

2189 5111 2309 5166 Τῶν
2341 5112 2660 5185 πειρασμῶν
2689 5109 2801 5181 (85)
2830 5110 2879 5161 οἱ
2925 5109 3021 5180 μὲν
3047 5106 3128 5178 τῷ
3167 5104 3376 5176 σώματι
3408 5105 3742 5174 agebam;

3232 5202 3278 5234 “
3303 5201 3347 5256 ll
3379 5199 3525 5256 Tim.
3557 5218 3645 5267 ιη,
3677 5203 3742 5254 Li.

2180 5369 2416 5431 schedia,
2442 5376 2496 5419 et
2531 5365 2824 5422 Barbarus.

2276 5438 2364 5508 8|)
2401 5439 2494 5503 Τίς
2511 5452 2529 5501 ;
2552 5439 2802 5506 πότερον
2830 5440 2862 5492 ό
2891 5438 3125 5506 Κύριος,
3148 5445 3258 5492 clc.
3283 5434 3494 5491 Eaedem
3524 5437 3744 5490 schetie.

2181 5519 2232 5564 ει
2256 5510 2606 5647 gibbis,-
2636 5576 2884 5645 δίκαιος,
2911 5587 3019 5635 etc.
3052 5579 3265 5634 Ezedem
3290 5578 3525 5645 schcda',
3552 5587 3600 5632 et
3636 5578 3742 5631 Bar-

2399 5719 2520 5774 Τῶν
2535 5717 2905 5789 πειρασμῶν,
2934 5727 3038 5774 etc.
3068 5717 3281 5776 Eaedem
3310 5719 3543 5782 scltedz,
3568 5729 3619 5772 et
3641 5717 3700 5770 l1.-
3729 5745 3736 5752 ι

2220 5805 2366 5844 arus.

2220 5805 2366 5844 QYUS.
