3986 6384
224 379 364 435 H93

1224 376 1534 438 SELECTA
1567 376 1634 434 IN
1672 376 2007 435 PSALMOS.
2050 412 2118 422 —-
2155 380 2349 437 PSAL.
2410 379 2474 435 Χ.

3332 380 3466 435 ΗΜ

217 500 269 553 οἱ
293 498 351 552 δὲ
385 496 551 569 ψυχῇ,
586 499 633 552 οί
663 498 719 553 δὲ
746 500 857 563 τοῖς
889 498 1045 564 ἐκτός
1070 517 1082 530 ·
1119 501 1210 555 καὶ
1234 503 1284 555 οἱ
1309 503 1406 574 μέν
1435 503 1540 556 είσι
1576 501 1792 572 πληγῶν

1902 502 2144 558 externis
2189 503 2512 569 inferuntur,
2553 510 2607 557 ct
2653 499 2772 556 alia:
2806 500 2858 555 in
2903 512 3066 554 causa
3109 505 3237 554 sunt
3279 498 3466 572 βιηθε-

218 588 313 642 καὶ
340 586 721 658 στρεϐλώσεων
742 589 835 642 καὶ
854 589 1107 661 διωγμῶν
1130 591 1223 644 καὶ
1251 592 1505 661 φυλακῶν
1523 590 1685 646 αἴτιοι
1704 609 1717 621 '
1745 593 1795 645 οἱ

216 680 273 733 δέ
314 683 449 734 εἰσιν
472 681 773 754 ἀκάθαρτοι
799 683 1049 753 λογισμοί⁵
1076 684 1373 753 γεννῶντες
1397 686 1668 756 ἁμαρτίαν
1702 686 1797 739 καὶ

215 771 459 843 δόγματα
490 773 660 844 ψευδῆ
683 791 696 805 ·
722 774 772 828 οἱ
802 774 860 829 δὲ
891 775 1094 846 ζημίας
1114 776 1295 847 έχουσι
1325 776 1642 849 χρημάτων,
1670 777 1796 830 ἀπο-

216 866 377 929 ϐολάς
420 866 656 929 τέκνων,
691 867 785 921 καὶ
826 868 1100 937 γυναικῶν
1129 870 1479 942 ἀφαιρέσεις·
1516 870 1609 924 καὶ
1640 869 1794 942 δῆλον

216 961 282 1013 ὲκ
308 956 512 1014 τούτων
531 1000 545 1024 ,
575 958 657 1012 ὅτι
685 959 970 1032 ἐκυρίευσε
999 961 1198 1025 παντὸς
1228 962 1436 1015 δικαίου
1471 964 1499 1014 6
1529 964 1791 1027 Σατανᾶς.

215 1051 278 1104 Ei
318 1051 428 1122 γάρ
479 1051 694 1105 πάντων
731 1052 839 1105 τῶν
880 1052 1089 1125 ἐχθρῶν
1117 1053 1281 1108 αὐτοῦ
1321 1056 1735 1128 κατακυριεύσει
1766 1059 1795 1111 6

213 1142 480 1207 Σατανᾶς,
517 1142 611 1196 καὶ
638 1143 834 1197 δίκαιοι
864 1145 1062 1208 πάντες
1091 1144 1255 1199 αὑτοῦ
1279 1146 1461 1219 ἐχθροί
1491 1150 1617 1212 εἰσι,
1656 1148 1793 1202 πάν-

209 1252 319 1288 των
352 1234 459 1307 ἀρα
504 1236 944 1307 κατακυριεύσει.
977 1236 1052 1290 Οὐ
1103 1236 1201 1307 μὲν
1252 1238 1415 1293 παντὶ
1453 1239 1509 1291 δὲ
1554 1238 1795 1310 δηλονότι

213 1326 500 1397 πράγματι
528 1328 828 1400 κυριεύσει,
858 1328 969 1380 ἀλλ’
1004 1327 1060 1381 ἐν
1088 1346 1194 1381 τινι
1218 1346 1231 1358 ·
1272 1328 1429 1400 μόνος
1453 1330 1560 1402 γὰρ
1602 1332 1631 1382 6
1663 1329 1796 1402 Χρι-

210 1420 335 1483 στὸς
361 1421 634 1492 ἁμαρτίαν
663 1423 763 1475 οὐκ
793 1422 1073 1494 ἐποίησεν,
1094 1422 1204 1476 οὐδ’
1236 1422 1433 1495 εὑρέθη
1461 1423 1610 1487 δόλος
1634 1425 1691 1476 ὲν
1715 1422 1793 1493 τῷ

210 1511 440 1581 στόματι
488 1512 672 1567 αὐτοῦ.
704 1514 773 1566 Ἦ
817 1515 957 1586 τάχα
1005 1514 1064 1570 τὸ
1096 1514 1339 1587 βούλημα
1383 1515 1549 1570 αὐτοῦ
1583 1515 1794 1587 τίθησιν

207 1603 243 1673 ἠ
262 1602 379 1656 Θεία
402 1603 612 1675 Γραφὴ,
642 1605 779 1677 ὅπερ
810 1607 926 1659 ἐστὶ
957 1609 1036 1670 εἰς
1059 1608 1231 1678 πέρας
1252 1609 1481 1677 ἀγαγεῖν
1507 1607 1569 1661 τὸ
1587 1607 1685 1660 οὐκ
1716 1609 1797 1660 ὲν-

208 1693 516 1766 δεχόμενονο
549 1696 686 1765 εἴγε
724 1717 741 1748 ι
776 1697 1144 1766 διελογίσαντο
1171 1700 1361 1769 βουλὰς
1399 1695 1487 1764 αἷς
1513 1702 1575 1753 οὐ
1608 1700 1684 1772 μὴ
1710 1699 1795 1754 δύ-

206 1803 404 1841 νωνται
445 1789 649 1858 στῆναι.
684 1808 702 1841 ι
744 1790 853 1844 Καὶ
892 1790 1000 1861 γὰρ
1042 1792 1099 1844 ἐν
1131 1791 1208 1862 τῷ
1258 1792 1376 1845 Ἰὼϐ
1401 1793 1731 1864 ψευδόμενος
1762 1794 1791 1845 6

205 1877 448 1943 διάϐολός
484 1898 615 1952 φησι
636 1898 648 1911 ·
684 1900 702 1933 ι
732 1883 1040 1955 Περιελθὼν
1089 1884 1185 1957 τὴν
1219 1887 1319 1957 γῆν
1360 1888 1452 1941 καί⁵
1478 1888 1791 1959 ἐμπεριπαο

205 1973 379 2043 τήσας
406 1972 506 2043 τὴν
537 1974 626 2027 ὑπ’
654 1974 900 2047 οὐρανὸν,
929 1977 1180 2049 πάρειμι,
1214 1999 1231 2032 ι
1271 1980 1450 2033 καίτοι
1480 1981 1645 2052 μηδὲν
1673 1982 1791 2034 πεί-

207 2082 311 2129 σας
338 2065 416 2136 τῷ
454 2066 571 2119 Ἰὼϐ
605 2066 802 2120 ἄτοπον
837 2069 1196 2139 πεπραχέναι.

287 2160 398 2213 Τοῦ
436 2160 642 2213 αὐτοῦ.
678 2160 741 2213 Ei
781 2161 831 2213 οί
876 2161 1276 2232 προκόπτοντες
1308 2161 1420 2232 (84)
1453 2162 1593 2217 κατὰ
1630 2161 1791 2234 μείω-

209 2266 296 2303 σιν
332 2250 529 2313 κακίας
557 2249 960 2320 προκόπτουσι,
994 2250 1191 2304 δίκαιοι
1220 2250 1469 2319 λέγονται
1502 2252 1551 2304 οί
1582 2252 1790 2307 τελείαν

204 2340 321 2409 ῐξιν
341 2343 440 2411 τῆς
464 2342 804 2412 δικαιοσύνης
832 2344 1181 2415 κτησάμενοι,
1202 2345 1292 2397 καὶ
1318 2346 1365 2397 oi
1389 2344 1794 2414 ἀνεμποδίστως

206 2432 626 2503 προκόπτοντες.
661 2451 679 2482 ι
704 2433 923 2497 Δίκαιος
962 2432 1091 2505 γάρ,
1118 2436 1303 2505 φησὶν,
1337 2435 1525 2488 ἑαυτοῦ
1555 2438 1792 2507 κατήγο-

207 2540 301 2597 ρος
329 2526 386 2577 ἐν
409 2525 767 2598 πρωτολογίᾳ.
800 2545 819 2578 ι
848 2526 955 2579 Καὶ
988 2528 1036 2578 εἰ
1068 2524 1294 2590 δίκαιος,
1313 2526 1429 2590 πῶς
1449 2530 1787 2600 κατήγορος;

206 2618 321 2670 Καὶ
362 2618 409 2669 εί
435 2618 758 2689 κατήγορος,
796 2618 1013 2681 πάντως
1040 2618 1102 2671 οὐ
1136 2616 1342 2682 δίκαιος
1367 2618 1588 2684 τέλειος.
1626 2641 1645 2672 ι
1680 2622 1789 2675 Καὶ

205 2706 440 2776 γνώριζε
459 2708 671 2780 δικαίῳ,
696 2710 790 2762 καὶ
815 2708 1114 2781 προσθήσει
1134 2708 1227 2762 τοῦ
1249 2709 1520 2779 δέχεσθαι.
1549 2730 1567 2763 ›
1594 2711 1789 2777 Καλῶς

202 2796 299 2856 οὖν
338 2801 551 2869 λέγεται
594 2803 622 2854 6
662 2801 907 2864 διάϐολος
958 2802 1173 2855 πάντων
1223 2800 1334 2854 τῶν
1372 2802 1583 2874 ἐχθρῶν
1622 2804 1789 2859 αὑτοῦ

204 2892 627 2963 κατακυριεύειν
650 2935 665 2958 ,
700 2893 762 2946 οὐ
790 2891 898 2945 τῶν
940 2890 1158 2946 τελείων
1186 2891 1461 2963 δηλονότι,
1504 2894 1638 2947 ἀλλὰ
1679 2894 1788 2951 τῶν

207 2985 546 3039 σπευδόντων
580 2987 673 3039 ἐπὶ
706 2986 802 3057 τὴν
837 2984 1171 3057 τελειότητα.
1207 2986 1270 3038 Εἰ
1292 2985 1401 3055 γὰρ
1432 2986 1505 3057 μὴ
1534 2982 1602 3057 ἦν
1636 2989 1790 3057 μῖσος

205 3077 344 3147 πρὸς
371 3077 459 3131 τὸν
480 3078 721 3131 Σατανᾶν
753 3078 847 3131 καὶ
871 3077 1058 3140 ἀτελὲς
1083 3078 1177 3130 καὶ
1206 3076 1429 3140 τέλειον,
1455 3078 1554 3132 οὐκ
1582 3078 1646 3133 ἂν
1676 3078 1792 3132 ἕλε-

205 3184 303 3235 γεν
334 3169 361 3220 ό
383 3167 544 3221 Δαυῒδ
564 3185 577 3198 ·
612 3185 631 3217 ι
665 3165 880 3219 Τέλειον
910 3166 1064 3236 μῖσος
1089 3163 1309 3235 ἐμίσουν
1338 3163 1535 3230 αὐτούς
1555 3182 1567 3194 ·
1593 3166 1673 3229 είς
1698 3167 1789 3236 ὲχ-
1812 3209 1858 3269 c

205 3258 371 3330 θροῦς
406 3256 653 3327 ἐγένοντό
688 3273 795 3327 μοι.
835 3273 855 3305 ι

281 3430 365 3490 Οὖ
392 3431 541 3502 ἀρᾶς
570 3430 635 3485 τὸ
658 3432 853 3499 στόμα
877 3428 1062 3483 αὑτοῦ
1088 3427 1268 3499 γέμει,
1296 3427 1394 3481 καί
1419 3428 1657 3495 πικρίας
1686 3426 1786 3482 καὶ

200 3528 427 3591 δόλου,
462 3543 517 3578 κ.
562 3541 613 3577 τ.
646 3524 693 3577 ὲ.
738 3520 844 3575 Τοῦ
887 3520 1120 3593 πονηροῦ
1164 3504 1224 3573 τὸ
1273 3520 1444 3591 στόμα
1485 3520 1597 3591 (85)
1636 3520 1785 3574 οὐδὲν

204 3619 510 3692 προσφέρει
540 3614 859 3687 εὔχρηστον,
895 3612 1008 3667 ἀλλ’
1037 3613 1138 3665 ὅσα
1171 3612 1330 3665 πόνον
1365 3612 1455 3665 καὶ
1496 3612 1662 3665 κόπον
1688 3613 1787 3681 ἐμ-

203 3716 354 3768 ποιεῖ
384 3715 494 3776 τοῖς
530 3711 859 3783 δεχομένοις.
889 3711 999 3763 Καὶ
1044 3709 1114 3764 τὰ
1162 3707 1270 3761 τῶν
1300 3706 1501 3777 ἐτέρων
1543 3704 1788 3776 στόματα

201 3807 369 3877 γέμει
395 3806 532 3875 ἀρᾶς
560 3803 668 3856 τῶν
699 3801 1137 3871 κακολογούντων
1160 3800 1250 3853 τὸν
1279 3796 1619 3870 Δημιουργὸν
1637 3838 1652 3862 ,
1680 3796 1788 3850 λοι-

200 3894 390 3967 δορίας
412 3893 516 3947 τῶν
539 3892 814 3965 λοιδόρων,
836 3889 1057 3962 πικρίας
1085 3888 1193 3943 τῶν
1216 3886 1482 3959 θυμικῶν,
1516 3884 1609 3937 καὶ
1638 3880 1785 3935 δόλου

201 3986 315 4041 τῶν
349 3986 560 4040 δολίων.

283 4165 395 4220 Τοῦ
433 4163 639 4220 αὑτοῦ.
698 4163 758 4216 Ὀ
785 4164 886 4235 τῆς
931 4163 1214 4234 ἁγιότητος
1242 4155 1490 4214 ἐκπεσὼν
1522 4154 1656 4228 (86),
1686 4154 1789 4225 τῆς

202 4256 468 4329 ἀληθείας
511 4256 603 4310 καὶ
638 4256 885 4325 εὐλογίας
928 4256 1116 4327 πόρρω
1149 4250 1339 4306 ἑαυτὸν
1369 4248 1690 4317 ἀπαγαγὼν,
1728 4245 1789 4298 τὸ

204 4350 390 4420 στόμα
417 4349 845 4420 πεπληρωμένον
879 4349 1016 4418 ἀρᾶς
1046 4347 1180 4418 ἔχει,
1216 4344 1281 4397 δι’
1309 4337 1383 4398 ὧν
1411 4342 1557 4411 λέγει
1587 4336 1788 4411 πειρώ-

206 4460 375 4514 μενος
418 4442 521 4495 ὑπὸ
565 4442 783 4496 κόλασιν
819 4440 913 4495 καὶ
941 4438 1079 4513 ἀρὰν
1114 4440 1287 4492 ποιεῖν
1337 4436 1462 4499 τοὺς
1491 4431 1786 4503 ἀπατωμέ-

203 4552 353 4596 νους.
393 4535 544 4605 Ἔχει
577 4534 634 4587 δὲ
662 4532 825 4587 αὑτοῦ
862 4535 891 4586 6
917 4531 1072 4600 λόγος
1113 4530 1209 4583 σὺν
1247 4527 1324 4598 τῷ
1361 4524 1562 4597 δολερῴ
1588 4523 1786 4594 πολλὴν
1819 4558 1863 4613 D

201 4626 515 4695 δεινότητα·
557 4625 638 4677 διδ
663 4626 757 4679 σὺν
791 4627 857 4697 τῇ
890 4625 999 4696 ἀρᾷ
1032 4622 1125 4677 καὶ
1168 4619 1394 4691 πικρίας
1442 4617 1534 4671 καὶ
1573 4615 1724 4670 δόλου
1758 4614 1787 4666 6

202 4717 366 4787 λόγος
390 4717 553 4770 αὑτοῦ
583 4717 956 4789 πεπλήρωται.

297 4808 646 4879 Ἐγκάθηται
667 4808 879 4877 ἐνέδρα
906 4804 1055 4875 μετὰ
1093 4802 1411 4859 πλουσίων
1438 4800 1507 4853 ἐν
1534 4799 1791 4866 ἀποκρύ-

204 4919 368 4971 φοις,
407 4918 461 4954 κ.
503 4918 552 4953 τ.
609 4902 656 4956 ἐ.
723 4901 810 4953 Ἐν
863 4900 961 4970 μὲν
1006 4900 1119 4960 τοῖς
1162 4895 1344 4966 ἔχουσι
1396 4892 1506 4962 (87)
1560 4889 1789 4943 πλοῦτον

206 4992 487 5064 ἀγνωσίας
521 4994 615 5046 καὶ
646 4990 855 5055 ἀδικίας
883 4993 911 5046 6
949 4987 1191 5051 διάϐολος
1218 4981 1571 5054 ὲγκαθέζεται
1591 4999 1605 5013 ·
1647 4983 1704 5035 ἐν
1732 4980 1788 5034 δὲ

204 5086 323 5147 τοῖς
369 5080 727 5153 κεκτημένοις
755 5080 955 5150 γνῶσιν
991 5078 1084 5134 καὶ
1115 5076 1313 5148 ἀρετὴν
1346 5074 1401 5127 αἱ
1438 5072 1589 5141 ἅγιαι
1629 5069 1789 5124 δυνά-

210 5194 337 5249 μεις
365 5173 822 5235 ὲπαναπαύονται,
844 5165 917 5226 ὧν
947 5168 1191 5241 σύμϐολά
1217 5168 1332 5219 ἐστι
1355 5165 1425 5220 τά
1450 5161 1670 5216 πετεινὰ
1696 5160 1792 5215 τοῦ

206 5268 447 5341 οὐρανοῦ
490 5265 931 5337 κατασκηνοῦντα
970 5267 1026 5317 ὲν
1068 5266 1180 5328 τοῖς
1228 5261 1441 5324 κλάδοις
1486 5258 1788 5320 σινάπεως’

205 5363 237 5416 ὃ
271 5359 527 5432 σημαίνει
556 5359 652 5431 τὴν
681 5357 1088 5429 ἐνυπάρχουσαν
1115 5357 1244 5427 ἡμῖν
1277 5352 1418 5408 κατὰ
1440 5350 1667 5423 δύναμιν
1698 5347 1795 5419 βα-

208 5453 422 5509 σιλείαν
455 5451 717 5524 οὐρανῶν.

289 5552 333 5582 ¹¹
370 5550 508 5604 l’sal.
553 5566 643 5610 xx,
686 5547 770 5601 12.
846 5545 890 5576 ¹⁸
916 5542 1038 5599 Job.
1070 5558 1108 5609 t,
1139 5543 1192 5597 7.
1270 5542 1315 5573 ¹³
1343 5540 1503 5597 Prov.
1540 5552 1691 5600 xvttt,
1728 5535 1820 5591 i7.

294 5646 406 5715 (84)
432 5648 501 5701 Et
522 5648 573 5699 οἱ
598 5643 1061 5711 προκόπτοντες,
1089 5646 1194 5693 ειε.
1237 5636 1449 5692 Eazdem
1486 5632 1700 5689 schedze
1734 5637 1789 5685 et

213 5723 554 5861 Βθίὲἓλῃᾶῗῦ
579 5781 846 5861 ποτηροῦ
873 5780 937 5861 εὐ
956 5778 1286 5861 στόμωειε.
1318 5764 1537 5834 Eaedem
1553 5770 1789 5841 schedae,

215 5851 517 5921 Barbarus,
545 5854 852 5926 partimque
876 5851 1153 5905 Eusebius.

540 5948 812 6008 ΡΑτιιοι..
837 5943 956 6005 Gn.
988 5939 1132 6002 XII.

1903 610 2059 660 rum,
2113 604 2551 657 tormentorum,
2609 592 3087 663 persecutionum,
3157 604 3462 646 carcerum.

1897 687 2030 742 Alia:
2060 702 2190 742 vero
2224 688 2447 755 impura:
2472 695 2599 741 sunt
2627 684 2984 756 cogitationes
3013 700 3131 755 qua:
3162 693 3385 755 peccata
3411 697 3468 741 et

1900 778 2031 834 falsa
2081 778 2333 848 dogmata
2379 788 2668 846 generant.
2713 776 2971 844 Quaedam
3023 774 3218 830 damna
3282 793 3466 832 rerum

1899 870 2127 935 habent,
2152 869 2449 924 liberorum
2484 870 2854 935 amissionem,
2895 886 3128 926 uxorum
3168 869 3465 940 jacturam.

1897 960 2073 1030 Atque
2098 960 2222 1014 hinc
2252 960 2429 1029 palam
2481 967 2565 1013 est
2607 960 2756 1015 omni
2794 958 2942 1029 justo
2991 959 3259 1017 dominari
3308 958 3466 1014 Sata-

1898 1067 2045 1107 nam.
2089 1049 2147 1105 Si
2175 1052 2319 1105 enim
2344 1049 2587 1105 omnium
2636 1050 2981 1105 inimicorum
3028 1066 3248 1106 suorum
3291 1050 3467 1106 domi-

1899 1144 2117 1199 nabitur
2156 1143 2412 1207 Satanas,
2439 1143 2645 1213 ctjusti
2679 1159 2869 1199 omnes
2909 1144 3026 1214 ejus
3073 1144 3277 1198 inimici
3312 1151 3463 1206 sunt,

1897 1234 2146 1289 omnibus
2192 1248 2326 1304 ergo
2390 1233 2627 1290 Satanas
2676 1234 3069 1292 dominabitur.
3104 1236 3199 1289 ‘At
3250 1252 3356 1291 non
3410 1237 3463 1290 in

1895 1322 2041 1374 omni
2086 1335 2144 1375 re
2174 1320 2561 1386 dominabitur,
2594 1322 2687 1377 sed
2729 1324 2780 1377 in
2819 1323 3078 1394 quadam.
3125 1323 3285 1380 Solus
3312 1326 3461 1380 enim

1894 1412 2147 1467 Christus
2187 1423 2469 1481 peccatmu
2517 1430 2621 1467 non
2672 1414 2833 1480 fecit,
2872 1430 2971 1471 nec
2996 1425 3080 1471 est
3112 1417 3360 1472 iuventus
3408 1418 3461 1470 in

1895 1516 1989 1557 ore
2015 1502 2132 1572 ejus
2148 1502 2323 1557 dolus.
2352 1503 2446 1558 Vel
2475 1503 2708 1559 fortasse
2740 1505 2917 1560 divina
2952 1506 3230 1576 Scriptura
3257 1507 3326 1559 ad
3347 1507 3465 1575 ejus

1896 1593 2133 1663 respexit
2192 1592 2521 1647 voluntatem
2582 1608 2703 1663 quas
2759 1603 2843 1649 est
2895 1595 2959 1649 ad
3025 1595 3186 1650 ﬁnem
3260 1597 3463 1651 ducere

1895 1685 2039 1754 quod
2074 1700 2179 1739 non
2216 1693 2415 1754 potest,
2445 1685 2489 1738 si
2518 1686 2736 1754 quidem
2774 1704 2793 1737 ι
2823 1687 3203 1755 cogitaverunt
3235 1687 3463 1742 consilia

1895 1793 2017 1846 qua:
2050 1792 2155 1833 non
2202 1786 2496 1847 potuerunt
2548 1777 2796 1832 stabilire
2823 1776 2886 1833 “.
2928 1796 2947 1829 ι
2984 1777 3115 1830 Nam
3152 1787 3206 1832 et
3258 1779 3309 1831 in
3360 1776 3463 1832 Job

1892 1872 2148 1940 deceptor
2187 1872 2434 1927 diabolus
2465 1872 2540 1926 ait
2567 1872 2611 1903 ¹³
2640 1888 2653 1925 :
2712 1888 2733 1923 ι
2767 1870 3003 1926 Circuivi
3044 1880 3269 1936 terram,
3294 1879 3351 1925 ct
3380 1871 3464 1924 in-

1892 1960 2175 2014 ambulans
2207 1969 2374 2015 lotam
2412 1975 2535 2030 quae
2568 1961 2668 2016 sub
2695 1961 2836 2017 cmlo
2872 1971 2975 2024 cst,
2996 1962 3206 2014 adsum.
3239 1980 3259 2013 ι
3297 1960 3461 2032 Atqui

1892 2049 2101 2105 elIicerc
2129 2067 2236 2106 non
2267 2051 2446 2120 potuit
2481 2059 2537 2105 ut
2561 2049 2665 2105 Joh
2693 2052 2988 2122 quidquam
3020 2061 3292 2120 peccaret.

1963 2141 2237 2211 Ejusdem.
2285 2139 2470 2211 Siqui
2518 2140 2829 2212 proficiunt,
2896 2156 2992 2209 per
3053 2144 3459 2195 decrementum

1894 2234 2114 2289 malitia:
2164 2232 2475 2303 proﬁciunt,
2517 2233 2651 2304 justi
2702 2232 2961 2288 dicuntur
3016 2233 3108 2302 qui
3159 2232 3458 2301 perfectum

1893 2326 2136 2381 habitum
2163 2326 2387 2395 justitia:
2416 2325 2714 2394 possident,
2745 2334 2798 2380 et
2824 2325 2917 2394 qni
2960 2323 3169 2394 absque
3212 2324 3321 2378 ullo
3357 2324 3461 2377 im-

1890 2418 2202 2487 pedimento
2234 2416 2543 2486 proficiunt.
2602 2431 2621 2467 ι
2660 2414 2845 2471 Justus
2888 2416 3051 2481 enim,
3102 2417 3277 2485 inquit
3307 2415 3372 2482 “,
3403 2416 3456 2469 in

1892 2508 2160 2579 principio
2187 2508 2452 2563 sermonis
2488 2518 2773 2562 accusator
2795 2518 2879 2563 est
2908 2509 3011 2562 sui.
3044 2524 3064 2558 ι
3099 2507 3164 2561 Et
3191 2508 3233 2562 si
3252 2507 3457 2574 justus,

1890 2602 2161 2673 quomodo
2210 2599 2553 2655 accusator?
2609 2601 2667 2654 Si
2728 2611 2908 2655 autem
2987 2608 3296 2662 accusator,
3354 2613 3461 2653 non

1891 2696 2051 2766 plane
2090 2695 2364 2765 perfectus
2394 2700 2477 2747 est
2503 2692 2700 2762 justus.
2733 2711 2751 2742 ι
2790 2692 2931 2747 Doce
2958 2692 3187 2762 justum,
3219 2701 3271 2746 et
3305 2690 3459 2745 festi—

1892 2787 2044 2842 nabit
2074 2788 2324 2857 accipere
2372 2784 2439 2837 ³⁸.
2479 2803 2499 2836 ι
2554 2786 2721 2839 Recte
2770 2786 2937 2855 igitur
2968 2784 3215 2839 diabolus
3258 2784 3463 2839 dicitur

1892 2878 2134 2933 omnium
2169 2879 2515 2933 inimicorum
2562 2891 2786 2931 suorum
2832 2876 3123 2940 dominari,
3173 2890 3277 2929 non
3335 2891 3458 2946 per-

1892 2969 2158 3026 fectorum
2193 2970 2468 3035 videlicet,
2501 2968 2594 3023 sed
2618 2984 2805 3023 eorum
2834 2970 2927 3037 qui
2960 2968 3025 3021 ad
3067 2966 3457 3037 perfectionen.

1894 3064 2140 3119 tendunt.
2162 3061 2296 3116 Nam
2322 3063 2365 3117 si
2386 3077 2493 3116 non
2515 3069 2662 3114 esset
2682 3060 2943 3114 adversus
2975 3058 3232 3113 Satanam
3251 3060 3458 3127 odium,

1892 3166 1947 3212 et
1974 3155 2350 3227 imperfectum
2379 3164 2433 3209 et
2469 3153 2793 3224 perfectum,
2843 3167 2950 3206 non
3006 3153 3197 3222 utique
3237 3151 3462 3205 dixisset

1893 3248 2062 3303 David
2091 3249 2134 3279 ¹⁸
2167 3266 2182 3302 :
2228 3265 2247 3298 ι
2280 3246 2529 3302 Perfecto
2558 3245 2684 3301 odio
2711 3244 2934 3300 oderam
2966 3243 3109 3309 illos,
3155 3252 3208 3297 et
3250 3242 3458 3298 inimici

1891 3340 2018 3395 facti
2046 3349 2171 3395 sunt
2206 3338 2360 3394 mihi.
2393 3356 2413 3390 ι

1957 3431 2124 3488 Vens.
2164 3431 2218 3485 7.
2256 3430 2423 3500 Cujus
2470 3429 2837 3485 maledictione
2878 3444 2933 3482 οι
2989 3426 3198 3496 plenum
3244 3436 3345 3493 est,
3406 3437 3457 3480 et

1889 3524 2245 3579 amaritudine
2271 3533 2319 3578 et
2357 3522 2501 3589 dolo,
2532 3532 2638 3577 etc.
2675 3521 2752 3576 Ex
2775 3536 2871 3575 ore
2895 3519 3137 3591 perversi
3163 3518 3295 3575 nihil
3329 3519 3457 3573 boni

1888 3616 2096 3686 prodit,
2129 3615 2222 3671 sed
2251 3629 2587 3684 qumcunqne
2622 3612 2865 3667 dolorem
2917 3621 2972 3665 et
3016 3609 3258 3663 laborem
3293 3608 3459 3681 5&9

1890 3707 2318 3779 percipientibus
2369 3706 2607 3775 pariunt.
2673 3702 2918 3756 Aliorum
2970 3716 3207 3772 quoque,
3266 3716 3457 3755 eorum

1891 3812 2085 3868 nempe
2132 3798 2224 3867 qui
2269 3798 2338 3853 de
2387 3796 2652 3851 Creatore
2686 3794 2829 3849 male
2876 3793 3193 3863 loquuntur,
3230 3792 3459 3848 maledi~

1889 3889 2072 3944 ctione
2103 3906 2118 3954 ;
2145 3902 2331 3942 eorum
2360 3888 2449 3956 qui
2482 3886 2882 3951 conviciantur,
2900 3883 3163 3938 conviciis
3190 3900 3204 3947 ;
3240 3883 3459 3937 iracun—

1893 3978 2083 4033 dorum
2122 3977 2507 4040 amaritudine,
2541 3983 2596 4031 et
2639 3973 2946 4029 dolosorum
2989 3987 3050 4028 os
3091 3970 3213 4026 dolo
3239 3971 3457 4040 plenum

1890 4079 1998 4126 est.

1962 4162 2240 4234 Ejusdem.
2283 4159 2387 4229 Qui
2428 4175 2471 4234 ε,
2492 4159 2782 4214 sanctitate
2811 4155 3050 4221 excidit,
3081 4164 3135 4211 et
3166 4169 3195 4207 a
3229 4153 3461 4209 veritate

1893 4272 1958 4314 ac
1982 4229 2357 4312 benedictione
2386 4229 2740 4322 semetipsum
2784 4249 3029 4315 abduxit,
3059 4249 3104 4303 is
3134 4262 3197 4301 os
3236 4247 3452 4315 plenum

1891 4346 2055 4405 habet
2094 4345 2491 4409 maledictione,
2530 4356 2628 4413 per
2650 4358 2711 4396 ea
2740 4356 2859 4412 quae
2888 4340 3016 4395 dicit
3040 4379 3055 4402 ,
3089 4346 3303 4391 tentans
3328 4351 3454 4403 scp-

1890 4440 2054 4511 plicio
2101 4447 2158 4494 et
2206 4435 2572 4494 maledictioni
2624 4437 2880 4504 deceptos
2929 4430 3217 4499 subjicere.
3287 4425 3460 4482 liabet

1892 4543 2072 4590 autem
2118 4544 2296 4586 sermo
2336 4529 2453 4599 ejus
2496 4543 2600 4581 una
2636 4541 2758 4580 cum
2788 4522 2999 4577 fallacia
3033 4534 3279 4589 magnam
3321 4520 3462 4574 acri-

1896 4624 2157 4688 moniam,
2196 4622 2422 4691 ideoque
2462 4634 2643 4675 sermo
2686 4616 2804 4686 ejus
2844 4614 2983 4669 ultra
3019 4610 3459 4666 maledictiouem

1894 4713 2259 4771 amaritudine
2293 4720 2348 4766 et
2370 4710 2493 4765 dolo
2516 4708 2706 4779 plenus
2735 4714 2840 4761 est.

1964 4808 2127 4863 Vens.
2165 4806 2216 4861 8.
2260 4804 2417 4860 Sedet
2444 4804 2496 4856 in
2522 4800 2731 4853 insidiis
2778 4814 2894 4851 cum
2922 4795 3165 4850 divitibus
3200 4794 3255 4847 in
3285 4791 3462 4847 occul-

1890 4903 1977 4968 tis,
2008 4911 2115 4957 etc.
2158 4898 2215 4952 In
2240 4898 2323 4954 his
2360 4897 2450 4967 qui
2478 4908 2685 4949 summa
2739 4890 3041 4962 ignorantia
3084 4899 3141 4944 et
3195 4886 3459 4956 injustitia

1895 4992 2190 5056 abundant,
2225 4989 2424 5044 insidet
2448 4985 2692 5042 diabolus
2728 5003 2742 5040 :
2774 4984 2827 5039 in
2870 4984 2954 5039 bis
2993 4997 3122 5036 vero
3162 4981 3252 5050 qui
3280 4981 3459 5034 scicn-

1894 5084 2026 5140 tiam
2057 5091 2110 5136 et
2139 5081 2390 5136 virtutem
2416 5078 2519 5134 sibi
2543 5083 2964 5147 compararunt,
2989 5083 3189 5130 sanctrc
3221 5077 3459 5141 pntcsta-

1896 5186 1976 5231 tes
2007 5175 2394 5246 requiescunt,
2450 5186 2679 5241 quorum
2752 5168 2992 5240 symbolo
3033 5174 3159 5220 sunt
3211 5162 3461 5215 volucres

1896 5268 2016 5323 coeli
2049 5268 2099 5321 in
2148 5267 2315 5321 ramis
2368 5265 2542 5334 sinapi
2590 5263 2919 5318 habitantes.
2962 5258 3078 5323 Ouo
3118 5252 3462 5324 significatur

1901 5372 2124 5430 regnum
2156 5342 2443 5421 cmlorum,
2480 5355 2622 5425 quod
2654 5353 2853 5408 virtute
2885 5351 2937 5404 in
2971 5348 3124 5402 nobis
3147 5352 3248 5397 cst.

1894 5535 1937 5568 "
1967 5533 2127 5588 Prov.
2160 5548 2237 5597 ix,
2268 5531 2321 5587 9.
2400 5532 2445 5564 ¹⁶
2477 5529 2622 5585 Psal.
2656 5541 2916 5588 cxxxvm,
2943 5522 3035 5575 9.2.

1967 5630 2077 5701 (86)
2125 5628 2179 5681 Ὀ
2212 5627 2321 5696 τῆς
2350 5628 2660 5697 ἁγιότητος
2685 5617 2980 5680 ἐκπεσών,
3009 5621 3114 5669 etc.
3146 5606 3459 5701 Corderius.

1895 5791 1937 5847 Β
1968 5718 2079 5845 (Ἦ)
2123 5720 2218 5774 Ἐν
2240 5718 2497 5791 μὲν-τοῖς
2523 5718 2757 5787 έχουσι,
2785 5721 2891 5768 etc.
2920 5706 3145 5764 Schedae
3171 5700 3378 5768 Grabii,
3407 5703 3465 5754 ει

1942 5807 2002 5847 ar
2046 5805 2190 5846 arus.

1942 5805 2190 5847 aruarus.

3072 5910 3152 5973 38
