3986 6384
537 350 672 407 “95
1943 340 2033 397 EX
2069 338 2109 396 Ο

2186 337 2368 396 GENE
3633 342 3758 400 "93

605 467 750 523 Vens
787 466 840 522 9.
885 463 1180 520 lusidiatttr
1217 470 1273 517 ut
1329 463 1500 531 rapiat
1545 477 1823 533 pauperem
1866 478 1882 516 :
1921 475 2106 526 rapere
2143 463 2179 516 Α

2290 437 2612 527 Ἐνεέρεῦει
2675 456 2782 513 τοῦ
2851 456 3118 527 ἁρπάσαι
3183 455 3441 527 πτωχὸν,
3510 457 3757 526 ἁρπάσαι

535 575 811 629 pauperem
847 558 970 611 dum
1012 558 1233 611 attrahit
1263 573 1404 623 eum,
1461 566 1565 610 etc.
1624 555 1735 611 lloe
1767 555 1913 610 dicto
1950 563 2105 608 uten-

2208 551 2449 620 πτωχὸν
2485 552 2555 605 ἐν
2585 551 2664 617 τῷ
2701 551 2954 606 autem.
2982 551 3186 617 αὑτὸν,
3227 568 3280 603 κ.
3315 568 3367 604 τ.
3403 551 3452 604 ὲ.
3487 551 3663 624 Τούτῳ
3692 555 3761 625 τῷ

537 657 660 708 dum
697 661 779 707 est
805 651 1067 705 adversus
1097 649 1314 704 divites.

2210 643 2356 714 ῥητῷ
2382 643 2495 715 (88)
2537 643 2796 715 χρηστέον
2825 644 2961 714 πρὸς
2990 645 3113 707 τοὺς
3143 643 3447 707 πλουσίους.

608 742 769 800 Vens.
813 742 901 800 M.
953 740 1110 795 Vides
1149 741 1402 811 quoniam
1436 749 1490 793 tu
1519 739 1752 794 laborem
1787 748 1836 793 et
1873 737 2105 792 delerent

2277 734 2550 802 Βλέπεις,
2592 735 2680 790 ὅτι
2721 733 2798 790 σὺ
2836 736 3027 788 πόνον
3071 735 3169 789 καὶ
3213 736 3407 806 θυμὸν
3452 737 3759 804 κατανοεῖς,

537 836 837 892 consideras
861 872 877 898 ,
905 842 974 902 ut
994 832 1175 886 tradas
1214 846 1302 884 eos
1333 833 1386 884 in
1418 847 1604 886 manus
1635 840 1789 894 tuas,
1831 838 1936 884 etc.
1971 827 2104 883 Cum

2206 825 2314 881 τοῦ
2349 828 2717 896 παραδοῦναι
2750 827 2974 895 αὐτοὺς
3009 831 3096 894 εὶς
3141 828 3341 898 χεῖράς
3368 846 3516 895 σου,
3559 847 3610 883 κ.
3643 848 3690 884 τ.
3717 833 3758 885 ὲ.

535 929 763 1001 labores;
808 935 861 982 et
913 925 1131 981 dolores
1165 935 1422 995 operatur
1451 924 1719 988 Satanas,
1763 921 1970 976 animas
2001 935 2104 985 pu-

2208 921 2411 986 Πόνους
2438 923 2531 976 καὶ
2561 923 2766 994 θυμοὺς
2794 923 2906 995 (89)
2935 926 2963 977 6
2993 924 3235 986 Σατανᾶς
3267 923 3646 995 ἐργαζόμενος,
3668 941 3762 977 πα-

537 1021 766 1075 niendas
797 1017 962 1074 tradit
991 1015 1186 1085 judici.
1217 1015 1366 1072 «Tibi
1399 1017 1690 1072 derelictus
1725 1022 1810 1069 est
1844 1024 2099 1082 pauper”

2210 1015 2458 1086 ραδίδωσι
2493 1015 2607 1079 ,τὰς
2648 1015 2826 1087 ψυχὰς
2862 1018 2943 1079 εἰς
2981 1015 3200 1069 κόλασιν
3243 1015 3320 1086 τῷ
3367 1019 3547 1087 κριτῇ.
3604 1034 3622 1067 ι
3681 1016 3762 1070 Σοὶ

535 1115 602 1168 ab
648 1114 736 1169 his
777 1116 869 1182 qul
919 1111 986 1165 ad
1045 1117 1219 1163 sortes
1254 1109 1518 1164 veniunt:
1552 1123 1675 1160 nam
1706 1103 1882 1161 'stulta
1921 1101 2104 1172 mundi

2207 1107 2686 1176 ἐγκαταλέλειπται
2718 1110 2745 1162 6
2773 1108 3006 1179 πτωχὸς,
3054 1127 3072 1160 ι
3110 1108 3219 1161 ἀπὸ
3254 1106 3362 1160 τῶν
3389 1110 3466 1172 εἰς
3493 1109 3615 1170 τοὺς
3642 1109 3763 1178 κλή-

535 1205 690 1276 eligit
723 1207 884 1261 Deus.
922 1223 940 1256 ι
977 1203 1238 1273 Orphano
1266 1209 1320 1254 tu
1349 1215 1472 1255 eras
1505 1199 1738 1270 adjutor.
1770 1215 1788 1247 ι
1815 1195 2105 1266 Orplianus

2211 1216 2335 1268 ρους
2369 1201 2674 1271 ἐρχομένων
2693 1218 2706 1231 ⁸
2738 1201 2817 1254 διὸ
2847 1200 2914 1254 τά
2945 1200 3103 1272 μωρὰ
3131 1199 3224 1254 τοῦ
3255 1200 3461 1270 κόσμου
3496 1201 3761 1268 ἐκλέγεται

535 1308 622 1359 est
668 1299 758 1369 qui
815 1289 1105 1366 malignum
1159 1306 1362 1358 patrem
1396 1291 1612 1361 alijecit.
1674 1309 1691 1340 ι
1725 1287 1831 1343 Vos
1881 1306 1901 1340 ι
1933 1286 2103 1352 enim,

2205 1295 2234 1346 6
2260 1291 2412 1356 Θεός.
2447 1311 2466 1344 ι
2518 1293 2766 1364 Ὀρφανῷ
2795 1294 2858 1346 σὺ
2882 1288 3024 1364 ἦσθα
3049 1292 3257 1363 βοηθός.
3292 1311 3312 1345 ι
3351 1293 3613 1365 Ὀρφανός
3630 1293 3762 1346 ἐστιν

533 1391 714 1462 inquit
743 1389 994 1444 Salvator
1031 1389 1098 1452 ‘7,
1135 1404 1153 1437 ι
1191 1401 1256 1441 ex
1286 1395 1438 1455 patre
1465 1382 1676 1438 diabolo
1714 1381 1864 1438 estis.
1905 1399 1922 1433 ι

2207 1386 2234 1438 6
2273 1385 2562 1439 ἀποϐαλὼν
2594 1386 2684 1440 τὸν
2731 1387 2964 1458 πονηρὸν
3010 1389 3240 1461 πατέρα.
3292 1407 3311 1440 ι
3367 1386 3552 1457 Ὑμεῖς
3591 1405 3610 1438 ι
3643 1385 3760 1456 γὰρ,

2208 1478 2369 1548 φησὶ-ι
2395 1479 2423 1530 6
2448 1478 2657 1550 Σωτὴρ,
2687 1498 2706 1532 ι
2744 1481 2808 1533 ὲκ
2829 1480 2921 1532 τοῦ
2944 1482 3148 1552 πατρὸς
3174 1478 3268 1532 τοῦ
3293 1477 3537 1532 διαϐόλου
3553 1477 3706 1530 ἐστέ.
3740 1494 3760 1527 ι

604 1571 772 1626 Vens.
817 1568 902 1623 15.
930 1567 1150 1622 Contere
1177 1564 1445 1619 brachium
1466 1562 1756 1632 peccatoris
1784 1569 1831 1616 et
1863 1558 2104 1630 maligni,

2276 1569 2614 1636 Σύντριψον
2659 1569 2766 1622 τὸν
2804 1569 3103 1638 βραχίονα
3147 1567 3254 1622 τοῦ
3294 1565 3643 1638 ἀμαρτωλυῦ
3675 1567 3763 1620 καὶ

534 1672 644 1720 etc.
689 1663 745 1717 Si
799 1660 1055 1716 contritio
1119 1656 1328 1712 brachii
1387 1653 1528 1709 delet
1588 1662 1830 1723 peccata,
1882 1651 2104 1707 liberari

2205 1659 2492 1727 πονηροῦ,
2523 1677 2574 1712 κ.
2612 1678 2660 1713 τ.
2695 1662 2740 1714 ὲ.
2771 1659 2834 1714 Εἰ
2863 1664 2895 1732 ἡ
2932 1661 3188 1732 συντριὸὴ
3224 1660 3336 1732 (90)
3362 1658 3456 1714 τοῦ
3493 1659 3765 1732 βραχίονος

535 1772 665 1812 vero
697 1773 724 1810 a
768 1754 1008 1824 peccatis
1043 1749 1401 1808 beneﬁcentia
1429 1757 1550 1813 est,
1587 1749 1657 1801 ita
1698 1747 1828 1801 mihi
1876 1761 2102 1816 persua-

2206 1753 2453 1823 ὰφανὶζει
2479 1754 2578 1818 τὰς
2599 1755 2893 1827 ἁμαρτίας,
2923 1755 2983 1808 τὸ
3007 1755 3063 1808 δὲ
3089 1753 3470 1824 ἀπαλλαγῆναι
3494 1751 3767 1823 ἁμαρτιῶν

534 1867 656 1907 sum
687 1814 784 1906 εει.
802 1849 966 1904 Deum
1007 1848 1220 1919 punire.
1259 1843 1548 1899 Braeliiuu:
1590 1849 1768 1895 autem
1803 1839 1936 1894 dicit
1982 1838 2098 1892 ani-

2205 1814 2511 1918 ευεργεσία,
2549 1814 3140 1919 οὕτωςιὲγὼνπεξθομαι
3173 1814 3420 1910 κολάξειν
3452 1814 3768 1916 ΘεόνίΒρα-

533 1956 679 1995 mam
719 1955 841 2010 quae
867 1938 1007 1993 mala
1042 1948 1269 2008 operata
1307 1944 1411 1990 est.
1457 1951 1475 1984 ι
1503 1931 1788 1999 Qmeretur
1823 1937 2100 2000 peccatum

2205 1939 2356 2010 χξονα
2391 1939 2448 1992 δὲ
2487 1939 2634 2009 λέγει
2673 1940 2770 2011 τὴν
2813 1939 3023 2012 πονηρά
3063 1940 3549 2012 κατεργασαμένην
3577 1938 3762 2010 ψυχήν.

533 2031 696 2096 illius,
733 2040 786 2086 et
815 2045 920 2090 non
949 2029 1278 2084 invenietur.
1305 2045 1322 2078 ι
1351 2025 1446 2081 Vel
1468 2041 1590 2078 cum
1619 2030 1891 2092 quaeretur
1916 2034 2104 2091 pecca-

2212 2050 2229 2082 ι
2261 2029 2629 2103 Ζητηθήσεται
2652 2034 2685 2102 ἡ
2717 2032 2956 2106 ἁμαρτία
2978 2031 3163 2094 αὐτοῦ,
3188 2032 3281 2084 καὶ
3309 2032 3370 2084 οὐ
3403 2032 3478 2103 μὴ
3501 2031 3713 2103 εὑρεθῇ.
3743 2049 3766 2082 ι

533 2131 644 2177 tum
701 2120 1007 2191 peccatoris
1041 2127 1098 2174 et
1153 2116 1396 2187 maligni,
1446 2130 1551 2170 non
1617 2113 1922 2169 invenietur
1966 2111 2102 2181 ipse,

2209 2121 2362 2173 Ἤτοι
2397 2120 2733 2193 ζητουμένης
2760 2123 2856 2192 τῆς
2887 2121 3159 2193 ἁμαρτίας
3199 2121 3292 2175 τοῦ
3328 2119 3652 2191 ἀμαρτωλοῦ
3679 2120 3769 2173 καὶ

533 2217 731 2287 quippe
759 2215 850 2286 qui
883 2223 1026 2268 totus
1059 2211 1236 2267 factus
1268 2210 1340 2265 sit
1384 2217 1662 2279 peccatum
1709 2215 1765 2262 et
1810 2204 2101 2274 iniquitas;

2207 2211 2463 2283 πονηροῦ,
2517 2213 2684 2276 αὐτὸς
2733 2214 2830 2283 οὐχ
2887 2213 3260 2284 εὑρεθήσεται,
3311 2210 3430 2275 ὅλος
3485 2210 3771 2280 γενόμενος

531 2309 641 2376 vel,
673 2310 886 2378 quando
916 2316 1191 2379 quaeretur
1217 2303 1360 2359 illius
1391 2313 1698 2374 peccatum,
1729 2314 1837 2356 non
1864 2298 2105 2354 invenie-

2205 2304 2450 2376 ἁμαρτία
2492 2305 2584 2376 καὶ
2614 2305 2872 2376 πονηρίαο
2909 2305 2940 2376 ἢ
2973 2304 3124 2358 ἔσται
3165 2304 3252 2356 ὅτε
3283 2302 3649 2376 ζητηθήσεται
3675 2303 3769 2356 αὐ-

531 2413 645 2468 tur,
677 2415 744 2457 eo
771 2400 910 2470 quod
941 2400 1054 2470 ipse
1090 2397 1377 2454 mundatus
1412 2396 1502 2452 sit.

2207 2397 2296 2451 τοῦ
2328 2400 2360 2470 ἡ
2393 2397 2654 2470 ἁμαρτία,
2691 2399 2782 2451 καὶ
2805 2398 2904 2469 οὐχ
2937 2396 3308 2470 εὑρεθήσεται,
3335 2395 3413 2467 τῷ
3441 2394 3771 2468 κεκαθάρθαι

2206 2489 2387 2543 αὐτόν.

605 2581 771 2636 Vens.
819 2578 901 2633 l6.
945 2576 1201 2630 Dominus
1237 2573 1472 2645 regnabit
1518 2573 1572 2626 in
1614 2582 1902 2638 internum,
1955 2582 2004 2626 et
2048 2574 2102 2626 in

2274 2582 2636 2636 Βασιλεύσει
2667 2582 2879 2650 Κύριος
2911 2583 2999 2649 εις
3034 2580 3142 2635 τὸν
3178 2580 3384 2646 αἰῶνα,
3418 2579 3519 2635 καί
3553 2581 3640 2646 εις
3667 2578 3775 2634 τὸν

533 2670 786 2728 circulum
812 2667 1016 2733 swculi,
1042 2675 1147 2721 etc.
1196 2683 1216 2716 ι
1247 2664 1472 2735 Oportet
1503 2663 1645 2718 enim
1676 2661 1962 2717 Dominum
1994 2681 2014 2716 ι
2050 2664 2103 2719 1η

2205 2667 2389 2722 αἰῶνα
2412 2668 2518 2723 τοῦ
2546 2668 2780 2737 αἰῶνος,
2814 2687 2867 2724 κ.
2899 2687 2950 2723 τ.
2982 2671 3027 2723 ὲ.
3066 2688 3085 2721 ι
3123 2671 3214 2723 Δεῖ
3253 2689 3272 2722 ι
3305 2669 3416 2743 γὰρ
3467 2688 3485 2721 ι
3528 2671 3618 2724 τὸν
3658 2668 3773 2723 Κύ-

533 2772 795 2818 teternum
822 2778 839 2811 ι
867 2772 1118 2830 regnare,
1156 2756 1328 2812 donec
1366 2764 1530 2826 ponat
1569 2753 1818 2810 inimicos
1843 2769 1972 2811 suos
2006 2755 2106 2812 sub

2210 2774 2322 2830 ριον
2355 2751 2476 2831 (91)
2511 2759 2812 2830 βασιλεύειν
2850 2781 2868 2813 ι
2898 2761 2987 2814 διὰ
3014 2760 3124 2815 τῶν
3161 2760 3390 2827 αἰώνων,
3434 2780 3453 2813 ι
3499 2762 3656 2831 ἄχρις
3705 2760 3776 2814 ἂν

537 2855 761 2927 pedibus
812 2851 995 2921 ejus.»
1057 2849 1190 2904 Nam
1235 2863 1460 2920 regnum
1513 2848 1678 2917 ipsius
1723 2848 2106 2919 contemplatio

2207 2853 2272 2923 θῇ
2313 2834 2517 2917 πάντας
2553 2855 2676 2918 τοὺς
2706 2854 2932 2926 ἐχθροὺς
2957 2854 3121 2908 αὑτοῦ
3165 2855 3272 2908 ὑπὸ
3317 2856 3437 2918 τοὺς
3475 2855 3639 2920 πόδας
3674 2855 3776 2909 αὐ-

533 2957 619 3002 est
653 2945 894 3000 omnium
920 2942 1322 3013 praeteritorum
1347 2949 1400 2996 et
1433 2939 1733 2995 futurorum
1764 2941 2103 3007 saeculorum,

2205 2943 2321 2997 τοῦ.
2353 2963 2372 2995 ι
2413 2944 2477 2996 Ἦ
2503 2943 2610 3016 γὰρ
2643 2945 2883 3016 βασιλεία
2908 2944 3072 2999 αὐτοῦ
3100 2947 3244 3000 ἐστιν
3275 2947 3306 3017 ή
3335 2946 3533 3018 θεωρία
3561 2946 3779 3000 πάντων

531 3055 630 3109 per
686 3051 848 3107 quam
904 3033 1413 3103 contemplationem
1484 3034 1649 3087 etiam
1707 3033 1913 3088 inimici
1972 3032 2105 3088 ﬁunt

2208 3038 2316 3090 τῶν
2338 3038 2636 3106 γεγονότων
2670 3039 2764 3092 καὶ
2791 3039 3172 3110 γενησομένων
3199 3038 3428 3102 αἰώνων,
3455 3037 3522 3091 δι’
3551 3033 3619 3108 ἧς
3642 3037 3782 3092 θεω-

534 3128 718 3184 amici.
760 3126 873 3182 lloc
906 3126 1048 3182 enim
1092 3136 1175 3180 est
1212 3124 1357 3194 quod
1389 3124 1518 3179 dicit
1563 3124 1691 3179 illud
1721 3142 1735 3180 :
1774 3143 1792 3176 ι
1823 3123 2106 3192 ριιιιιτεῑυτ

2211 3131 2331 3206 ρίας
2355 3132 2449 3186 καὶ
2475 3133 2523 3186 οἱ
2548 3131 2734 3204 ἐχθροὶ
2756 3132 2896 3201 φίλοι
2922 3133 3178 3202 γίνονται.
3207 3134 3271 3186 '0
3302 3133 3400 3204 μὲν
3424 3133 3574 3203 φησὶ,
3615 3150 3633 3184 ι
3667 3134 3781 3203 Ζη-

534 3174 716 3184 _....-..
760 3174 872 3182 --η
1100 3174 1174 3180 ν--
1394 3174 1516 3179 ν---
1563 3174 1691 3179 -_-__
1721 3174 1735 3180 -
1780 3174 1791 3176 -
1831 3174 2096 3192 re“---

534 3228 820 3288 peccatum
871 3217 1039 3281 illius,
1095 3227 1149 3274 et
1205 3231 1308 3271 non
1354 3215 1674 3271 invenietur.
1705 3233 1722 3266 ι
1793 3215 2004 3286 Regnat
2049 3215 2103 3270 in

2211 3174 2328 3206 r""
2359 3174 2449 3186 ""'
2476 3174 2523 3186 "'
2548 3174 2734 3204 'A'F"
2758 3174 2896 3201 T"“"
2934 3174 3178 3202 6"""""
3233 3174 3268 3186 ν
3302 3174 3396 3204 Γ’“’
3425 3174 3574 3203 Υ¹ί’“ν
3616 3174 3632 3184 “
3667 3174 3750 3203 “Ἶ

2208 3225 2500 3298 τηθήσεται
2534 3227 2567 3298 ἠ
2602 3225 2842 3297 ἁμαρτία
2875 3224 3058 3288 αὐτοῦ,
3090 3226 3183 3278 καὶ
3204 3226 3302 3296 οὐχ
3334 3225 3706 3296 εὑρεθήσεται.
3757 3245 3777 3278 ι

533 3321 795 3368 aeternum
823 3309 1103 3374 Dominus,
1135 3309 1411 3379 proprium
1447 3317 1626 3362 autem
1652 3323 1836 3378 regum
1864 3318 1946 3363 est
1973 3308 2102 3363 sub-

2210 3319 2490 3375 Βασιλεύει
2509 3321 2564 3374 δὲ
2589 3322 2668 3385 είς
2687 3320 2778 3374 τὸν
2803 3319 2970 3373 αἰῶνα
2992 3322 3019 3372 6
3041 3319 3259 3390 Κύριος*
3283 3319 3412 3372 ἴδιον
3433 3317 3488 3372 δὲ
3512 3317 3784 3388 βασιλέων

529 3405 692 3474 jectis
716 3403 878 3475 590
907 3404 1017 3458 suis
1053 3401 1384 3472 prospicere.
1427 3418 1445 3451 ι
1474 3399 1747 3464 Peribitis,
1783 3407 1974 3468 gentes
1994 3438 2011 3466 ,
2041 3398 2106 3454 de
2206 3413 2267 3466 τδ
2297 3415 2539 3485 προνοεῖν
2561 3413 2666 3466 τῶν
2691 3413 2794 3466 ὑπὸ
2823 3412 2920 3484 τὴν
2947 3415 3124 3484 χεῖρα,
3150 3430 3169 3463 ι
3192 3411 3694 3482 Ἀπολεῖσθε,εθνη,
3721 3413 3786 3465 εκ

531 3506 681 3553 terra
727 3496 893 3553 illius.
926 3513 944 3546 ι
993 3493 1159 3548 Terra
1208 3491 1424 3546 Domini
1461 3501 1540 3546 est
1577 3491 1956 3561 contemplatio
1986 3507 2104 3546 om-

2215 3505 2303 3576 τῆς
2328 3505 2432 3575 γῆς
2472 3504 2654 3558 αὐτοῦ.
2697 3524 2715 3555 ι
2755 3505 2829 3576 Γῆ
2877 3504 3082 3576 Κυρίου
3118 3503 3384 3576 ὴθεωρία
3423 3503 3641 3558 πάντων
3671 3504 3789 3558 τῶν

535 3591 685 3644 nium
719 3588 1143 3658 praeteritorum,
1170 3602 1331 3656 quam
1367 3595 1421 3641 et
1453 3599 1676 3653 regnum
1701 3583 1960 3638 caelorum
1987 3597 2106 3638 esse

2212 3597 2525 3665 γεγονότων,
2563 3597 2629 3668 ἢν
2673 3597 2766 3650 καὶ
2811 3596 3084 3667 βασιλείαν
3121 3596 3364 3670 οὐρανῶν
3400 3593 3540 3649 εἷναί
3575 3613 3786 3668 φαμεν.

537 3683 790 3738 dicimus.
823 3678 1028 3735 Gentes
1061 3687 1221 3744 sunt,
1251 3692 1372 3746 qum
1408 3677 1597 3731 salutis
1633 3675 1962 3746 praeconium
1996 3690 2103 3730 non

2217 3691 2376 3762 Ἐθνη
2412 3690 2481 3744 τὰ
2515 3690 2589 3762 μὴ
2638 3689 2904 3761 δεξάμενα
2935 3690 2995 3743 τὸ
3030 3691 3294 3762 σωτήριον
3324 3690 3616 3760 κήρυγμα,
3666 3689 3791 3742 ἀλλ’

538 3773 826 3838 admisere,
855 3770 946 3826 sed
978 3770 1030 3824 in
1057 3784 1248 3824 omnes
1275 3770 1460 3824 divisa:
1491 3779 1633 3824 sunt.
1665 3768 1946 3833 Peribitis,
1975 3782 2106 3838 gen-

2219 3784 2285 3846 εἰς
2312 3783 2516 3845 πάντας
2560 3782 3024 3854 κατατεμνόμενα.
3092 3781 3419 3848 Ἀπολεῖσθε,
3451 3781 3603 3853 ἔθνη,
3645 3782 3793 3838 καθὸ

537 3879 642 3932 tes,
669 3873 935 3936 quatenus
962 3874 1149 3932 gentes
1168 3864 1322 3918 estis.
1369 3862 1481 3917 Una
1523 3864 1663 3918 enim
1707 3877 1838 3932 gens
1871 3872 1952 3918 est
1987 3859 2106 3916 uui-

2063 3859 2106 3914 Ῐ-
2205 3873 2332 3945 ἔθνη
2361 3874 2501 3928 ἐστέ.
2531 3874 2625 3927 Ἓν
2648 3874 2755 3946 γὰρ
2782 3873 2930 3937 ἔθνος
2953 3875 3098 3927 πᾶσα
3121 3875 3154 3945 ἠ
3182 3873 3274 3944 γῆ,
3302 3872 3394 3928 ἐὰν
3417 3873 3637 3943 ὁμονοῇ.

539 3973 692 4012 versa
731 3965 899 4022 terra,
923 3955 966 4010 si
996 3956 1048 4010 in
1082 3969 1244 4009 unum
1270 3957 1628 4010 consenserit.
2812 3955 2814 3957 ’

609 4047 772 4104 Vens.
817 4047 904 4101 17.
948 4046 1277 4102 Desidet-ium
1332 4064 1624 4118 pauperum
1664 4049 1934 4103 exaudivit
1992 4047 2100 4102 Do-

2281 4048 2400 4118 Τὴν
2420 4049 2738 4118 ἐπιθυμίαν
2752 4047 2871 4102 τῶν
2890 4046 3165 4116 πενήτων
3183 4047 3510 4117 εὶσήκουσε
3537 4048 3794 4115 Κύριος.

535 4142 730 4204 minus,
757 4151 862 4195 etc.
899 4138 1239 4194 Desiderium
1270 4151 1400 4195 tunc
1423 4141 1641 4195 exaudit
1671 4139 1952 4204 Dominus,
1979 4156 2102 4196 cum

2230 4161 2254 4198 :.
2277 4161 2327 4196 τ.
2351 4143 2394 4194 ὲ.
2425 4141 2736 4214 Τηνικαῦτα
2763 4142 3036 4194 είσακούει
3059 4141 3170 4212 (99.)
3186 4139 3284 4209 τῆς
3307 4137 3601 4210 ἐπιθυμίας
3628 4140 3664 4192 6
3683 4142 3804 4196 K13—

537 4233 869 4290 desideranti
893 4231 1090 4286 anima:
1119 4232 1298 4301 cupita
1334 4231 1580 4302 largitur.
1609 4231 1929 4287 Desiderant
1959 4233 2102 4286 enim

2228 4251 2341 4298 νιος,
2375 4233 2612 4303 ὁπηνίκα
2646 4233 2710 4286 ἂν
2743 4233 2802 4286 τὸ
2833 4231 3164 4304 ἐπιθυμητὸν
3202 4230 3458 4302 παράσχῃ
3484 4234 3552 4303 τῇ
3595 4232 3802 4285 ἐπιθυ-

536 4332 597 4379 ut
649 4322 932 4378 brachium
993 4322 1297 4388 peccatoris
1353 4333 1698 4387 conteratur,
1766 4330 1817 4376 ct
1873 4323 1940 4377 ab
1989 4321 2105 4390 ejus

2229 4329 2382 4402 ιούσῃ
2434 4329 2597 4400 ψυχῇ.
2663 4327 3018 4399 Ἐπιθυμοῦσι
3086 4327 3194 4399 γὰρ
3263 4325 3614 4396 συντριϐῆναι
3699 4327 3803 4381 τ’σῦ

538 4415 825 4487 tyrannide
857 4415 1181 4470 liberentur.
1219 4413 1370 4480 Quod
1411 4425 1464 4471 et
1510 4415 1708 4470 factum
1742 4423 1843 4470 est.
1887 4414 2108 4470 Deside-

2231 4421 2529 4493 ιμαρτωλοῦ
2565 4420 2654 4474 τὸν
2701 4419 2958 4490 βραχίονα
2997 4419 3217 4491 καὶτῆς
3261 4418 3424 4474 αὑτοῦ
3465 4420 3805 4491 τυραννίδος

535 4510 678 4564 rium
713 4508 857 4563 enim
902 4510 1058 4563 bona:
1104 4508 1301 4562 mentis
1354 4517 1438 4562 est
1483 4506 1670 4562 efﬁcax
1712 4508 1908 4575 oratio,
1941 4522 2102 4578 quam

2237 4512 2655 4584 λευθερωθῆναι.
2700 4515 2763 4565 Ὃ
2796 4512 2889 4564 καὶ
2925 4511 3165 4580 γέγονεν.
3212 4509 3503 4582 Ἐπιθυμῐα
3538 4510 3656 4582 γὰρ
3685 4511 3809 4566 δια-

536 4601 726 4657 videns
759 4601 806 4655 is
840 4600 932 4670 qui
973 4599 1134 4654 corda
1182 4600 1370 4665 novit,
1431 4601 1706 4669 adimplet.
1749 4598 1866 4655 Non
1921 4608 2100 4655 autem

2236 4605 2356 4669 ηοίας
2383 4604 2591 4676 ἀγαθῆς
2621 4604 2847 4675 ἐνεργής
2878 4604 2992 4654 ὲστι
3019 4601 3312 4674 προσευχὴ,
3343 4601 3410 4673 ἢν
3446 4601 3569 4656 ἰδὼν
3591 4603 3624 4654 ὁ
3655 4619 3810 4674 καρ-

537 4693 720 4745 omnia
753 4693 1019 4746 desideria
1069 4691 1245 4747 audiri
1291 4692 1664 4747 arbitrandum
1705 4700 1821 4759 est,
1849 4694 1943 4746 sed
1981 4706 2103 4762 qua:

2235 4696 2538 4768 ξιογνώστης
2563 4695 2869 4766 ἐπλήρωσε.
2905 4695 2980 4747 Οὐ
3028 4694 3207 4757 πάσας
3237 4693 3530 4764 ἐπιθυμίας
3560 4695 3684 4766 χρὴ
3719 4712 3809 4749 vo-

536 4785 763 4840 honesta
787 4793 932 4839 sunt.
957 4804 975 4836 ι
999 4784 1454 4855 Praeparationem
1477 4787 1657 4840 contis
1683 4802 1868 4842 eorum
1895 4787 2104 4843 audivit

2241 4789 2389 4856 ιίζειν
2420 4786 2729 4851 ἀκούεσθαι,
2760 4785 2894 4839 ἀλλὰ
2920 4785 3018 4848 τὰς
3055 4786 3299 4848 ἀστείας.
3337 4803 3356 4836 ι
3391 4785 3468 4855 Τῇ
3498 4786 3815 4858 ἑτοιμασίᾳ

535 4880 686 4934 auris
747 4889 910 4936 tua.»
974 4877 1431 4948 Prmparationem
1514 4879 1692 4933 cordis
1766 4880 2102 4936 beandorum

2238 4883 2308 4953 ἧς
2347 4881 2572 4954 καρδίας
2601 4877 2779 4933 αὐτῶν
2809 4878 3082 4949 προσέσχε
3112 4878 3172 4930 τὸ
3198 4872 3289 4941 οὖς
3318 4894 3431 4930 σου.
3472 4896 3490 4928 ι
3539 4878 3812 4949 Ἑτοιμόο

534 4987 834 5041 pauperum
867 4973 1020 5026 audit
1046 4971 1196 5026 auris
1219 4971 1452 5036 Domini,
1499 4987 1604 5025 non
1647 4972 1878 5026 attendit
1921 4982 2102 5028 autem

2243 4993 2330 5047 ητι
2372 4975 2600 5046 καρδίας
2647 4971 3097 5044 μακαριζομένων
3137 4972 3382 5042 πενήτων
3425 4970 3702 5042 προσέχει
3745 4972 3813 5024 τὸ

534 5067 602 5122 iis
638 5066 730 5136 qui
778 5065 1060 5136 praeparati
1101 5078 1208 5118 non
1260 5071 1402 5116 sunt.
1457 5063 1588 5127 lloc,
1647 5064 1855 5134 inquit,
1901 5067 2106 5134 appetit

2243 5066 2301 5134 ὗς
2326 5068 2417 5122 τοῦ
2444 5067 2669 5139 Κυρίου,
2699 5065 2759 5119 οὐ
2788 5065 3042 5136 προσέχει
3071 5063 3126 5116 δὲ
3158 5066 3270 5127 τοῖς
3297 5063 3632 5133 ἀνετοίμοις.
3666 5064 3817 5117 Τού-

533 5160 762 5230 quilibet
795 5174 982 5214 eorum
1004 5159 1096 5228 qui
1120 5157 1330 5227 injuriis
1357 5157 1683 5235 afﬁciuntur.
1711 5158 1842 5210 Nam
1875 5159 1918 5213 si
1944 5159 2100 5214 modo

2243 5179 2322 5228 ου,
2345 5161 2526 5232 φησὶν,
2550 5160 2776 5222 ἕκαστος
2803 5159 3014 5229 ἐφίεται
3035 5157 3141 5210 τῶν
3167 5154 3556 5227 ἀδικουμένων.
3588 5158 3666 5211 Εἰ
3691 5158 3815 5228 γὰρ

536 5255 678 5309 Deus
723 5264 989 5323 pauperes
1015 5260 1070 5306 et
1103 5252 1392 5307 destitutos
1425 5252 1746 5314 vindicaret,
1799 5267 1958 5306 nemo
1989 5268 2104 5306 am-

2241 5269 2268 5305 ν
2296 5252 2374 5324 τῷ
2403 5251 2627 5324 παρόντι
2649 5250 2869 5320 γένηται
2900 5249 3049 5321 παρὰ
3075 5247 3168 5300 τοῦ
3202 5247 3336 5301 Θεοῦ
3363 5247 3660 5319 ἐκδίκησις
3693 5250 3815 5302 τῶν

534 5346 675 5416 plius
710 5345 1058 5414 gloriaretur,
1083 5345 1175 5399 sed
1205 5353 1259 5399 et
1280 5343 1369 5412 qui
1404 5343 1630 5412 injurias
1663 5344 1925 5408 inierunt,
1958 5345 2096 5400 male

2245 5345 2584 5416 ηπεριστάτων
2611 5345 2703 5397 καὶ
2731 5340 3020 5408 ταπεινῶν,
3047 5341 3219 5406 οὐδεὶς
3245 5341 3324 5393 ἐτι
3353 5339 3819 5412 μεγαλαυχήσει,

609 5439 648 5472 ⁸⁷
684 5434 840 5491 Joan.
883 5449 998 5500 vui,
1059 5435 1147 5489 M.

605 5532 716 5600 (88)
775 5531 966 5594 Τούτῳ
1012 5529 1091 5597 τῷ
1137 5526 1321 5599 ῥητῷ,
1373 5535 1478 5582 etc.
1522 5527 1731 5583 Emdem
1775 5529 2007 5595 schedia,
2042 5539 2098 5586 et

1012 5529 1091 5597 τῷ
1137 5526 1321 5599 ῥητῷ,
1373 5535 1478 5582 etc.
1522 5527 1731 5583 Emdem
1775 5529 2007 5595 schedia,
2042 5539 2098 5586 et
2208 5538 2262 5584 et
2292 5523 2583 5600 llat'luprLIS-

532 5602 977 5719 Balligg‘lnhsrirmm
1007 5671 1102 5719 καὶ
1127 5671 1372 5719 θυιιούρ.
1400 5678 1504 5719 etc.
1543 5668 1764 5719 Scllelim
1785 5668 1994 5719 Grabii.
2034 5685 2097 5719 ac

2247 5591 2656 5719 gap
2705 5588 2812 5643 τὸν
2851 5589 3090 5658 Κύριον,
3139 5599 3247 5643 etc.
3288 5586 3497 5642 Eaedem
3539 5587 3821 5651 sclredaa,

607 5672 718 5747 ($9)
744 5674 977 5738 Πόνους
1007 5671 1102 5725 καὶ
1127 5671 1372 5740 θυμούς,
1400 5678 1504 5725 etc.
1543 5668 1764 5725 Sclledae
1785 5668 1994 5736 Grabii,
2034 5685 2097 5726 ac

1434 5678 1504 5725 tc.
1543 5668 1764 5725 Scliedae
1785 5668 1994 5736 Grabii,
2034 5685 2097 5726 ac
2208 5679 2260 5724 cl
2286 5665 2581 5747 Eiﬁbjrm-
2647 5734 2671 5743 -
2804 5733 2815 5747 .
2853 5744 2860 5747 _
2893 5746 2896 5747 ν
2956 5745 2964 5747 _
2997 5729 3007 5747 .

539 5729 829 5797 Bi‘rba'rus.
953 5729 969 5738 ’
1197 5729 1214 5740 ’
1328 5729 1344 5738 ’
1359 5729 1371 5737 ’
1981 5729 1993 5736 1

2279 5736 2390 5807 (92)
2418 5734 2753 5802 Τηνικαῦτα
2765 5729 3087 5797 εισακούει,
3107 5739 3212 5786 etc.
3240 5729 3444 5785 Eaedem
3469 5729 3740 5796 schcdz,
3765 5736 3825 5786 el

610 5811 718 5881 (90)
758 5813 826 5862 Et
853 5811 890 5879 ἡ
925 5811 1233 5879 avi-cpida,
1263 5820 1365 5867 ctc.
1400 5810 1605 5866 Emdem
1643 5809 1850 5866 seliedae
1888 5809 2096 5878 Grabii,

925 5811 1233 5879 συντριϐῇ,
1263 5820 1365 5867 etc.
1400 5810 1605 5866 Emdem
1643 5809 1850 5866 seltedae
1888 5809 2096 5878 Grabii,
2209 5808 2497 5862 Barbarus.
