3822 6506
190 429 211 482 l
230 430 326 485 197
1213 437 1519 495 SELECTA
1556 439 1625 496 IN
1659 437 1727 496 PS

1828 441 1999 500 .MOS.
2040 474 2108 487 —-
2145 446 2340 505 PSAL.
2367 451 2435 508 Χ.
3294 466 3430 522 1198

183 523 318 577 ἀλλὰ
350 523 442 577 καὶ
485 527 533 579 οἱ
574 527 889 593 ἀδικοῦντες
934 531 1230 587 παύσονται
1257 533 1352 589 τοῦ
1388 536 1571 601 κακῶς
1603 535 1727 608 δρᾷν

1828 551 2038 604 agere,
2073 550 2124 595 et
2163 542 2199 596 ii
2244 544 2438 613 quibus
2489 546 2698 618 injuria:
2740 549 3075 630 inferuntur,
3131 555 3270 613 male
3318 561 3429 630 pati

184 615 278 668 καὶ
305 617 352 669 at
380 616 724 690 ἀδικούμενοι
749 621 842 676 τοῦ
873 623 1120 696 πάσχειν.

1865 629 2212 688 desisterent.
2540 615 2554 618 ⁷
2976 627 2990 636 ’

776 801 1064 858 ΨΑΛΜΟΣ
1102 808 1156 860 l'.

2429 822 2748 886 PSALMUS
2789 833 2854 886 X.

251 886 367 939 Ὅτι
395 887 524 942 ἰδοὺ
553 893 606 944 οἱ
644 891 978 962 ἁμαρτωλοὶ
1023 899 1326 955 ἐνέτειναν
1361 903 1560 969 τόξον,
1595 907 1727 974 vita!

1931 909 2094 965 Vens.
2145 914 2198 967 5.
2244 913 2506 978 Quoniam
2556 935 2673 973 ecce
2727 935 3026 991 peccatores
3087 930 3424 990 intenderunt

171 992 379 1043 μασαν
409 978 568 1048 ,ϐέλη
606 983 692 1047 εἰς
723 985 1040 1054 φαρέτραν,
1069 989 1175 1042 τοῦ
1213 994 1643 1057 κατατοξεῦσαι
1685 999 1727 1052 ἐι

1855 1016 2060 1066 arcum,
2110 1015 2428 1069 paraverunt
2488 1011 2712 1077 sagittas
2763 1029 2888 1068 suos
2942 1017 2996 1070 in
3045 1021 3319 1088 pharetra,
3366 1033 3425 1082 ut

173 1070 519 1140 σκοτομήνῃ
554 1073 694 1140 τοὺς
721 1077 915 1143 εὐθεῖς
943 1079 1016 1147 τῇ
1041 1082 1272 1150 καρδίᾳ,
1306 1103 1358 1138 κ.
1388 1104 1438 1141 τ.
1469 1089 1514 1140 ὲ.
1539 1089 1630 1158 Μὴ
1659 1091 1752 1161 ἁρ-

174 1159 449 1232 κούμενοι,
493 1167 646 1236 φησὶ,
697 1171 762 1240 τῇ
800 1171 912 1242 (95)
946 1173 1153 1228 ἑαυτῶν
1189 1177 1434 1251 ἀπωλείᾳ
1476 1182 1525 1234 οἱ
1571 1159 1748 1254 ἀμαρ-

169 1251 350 1317 τωλοὶ,
397 1254 513 1309 ἀλλ’
554 1260 922 1334 ἐπισπώμενοι
964 1267 1062 1331 τὰς
1101 1269 1376 1341 ἁμαρτίας
1418 1273 1494 1337 ὡς
1528 1251 1745 1348 σχοινίῳ

171 1346 390 1418 μακρῷ,
436 1351 548 1412 τοῖς
593 1351 686 1406 τοῦ
720 1352 854 1408 Θεοῦ
898 1357 1222 1430 πολεμοῦσιν
1269 1363 1593 1436 ἀνθρώποις,
1648 1346 1743 1421 καλ

167 1438 548 1505 κατατοξεύειν
590 1445 786 1510 αὐτοὺς
820 1450 1114 1522 πειρῶνται
1153 1457 1264 1519 τοῖς
1295 1457 1393 1528 τῆς
1425 1458 1604 1512 αὐτῶν
1644 1457 1741 1514 κα-

165 1530 293 1595 κίας
328 1535 445 1598 ἰοῖς,
480 1535 572 1588 καὶ
607 1537 684 1607 τῷ
718 1539 1028 1608 βασκαίνειν
1061 1546 1237 1600 αὐτῶν
1270 1550 1335 1620 τῇ
1366 1551 1604 1626 τοσαύτῃ
1643 1553 1736 1607 τοῦ

162 1627 492 1696 ἡγεμονικοῦ
521 1630 866 1704 καθαρότητι,
895 1635 954 1688 τὸ
985 1639 1172 1702 σκότος
1206 1640 1594 1711 προϐάλλονται
1619 1649 1738 1700 κατ’

159 1719 364 1784 αὐτῶν,
399 1721 474 1785 ὡς
512 1724 566 1776 αἱ
607 1724 794 1794 σηπίαι
841 1727 901 1780 τὸ
950 1729 1142 1798 μέλαν.
1189 1731 1299 1785 Καὶ
1329 1733 1499 1788 ταῦτα
1546 1737 1758 1809 δρῶσι,’

1851 1092 2101 1160 sagittent
2129 1094 2184 1148 in
2212 1095 2432 1152 obscuro
2460 1109 2626 1155 rectos
2649 1104 2824 1169 corde,
2854 1114 2962 1161 etc.
3004 1109 3117 1164 Non
3152 1114 3417 1178 contenti,

1852 1181 2049 1250 inquit,
2084 1195 2404 1252 peccatores
2449 1192 2654 1260 seipsos
2698 1209 2818 1249 esse
2857 1199 3134 1265 perditos,
3171 1205 3262 1258 sed
3297 1222 3420 1276 pec-

1852 1282 1970 1328 cata
2022 1277 2175 1344 quasi
2225 1277 2349 1334 fune
2407 1283 2562 1352 longo
2614 1287 2971 1354 attrahentes,
3023 1291 3117 1345 Dei
3177 1295 3421 1354 homines

1851 1363 2146 1435 infestant,
2207 1383 2407 1440 cOSQue
2458 1378 2738 1432 venenatis
2794 1380 3014 1436 malitiae
3062 1397 3172 1438 suae
3222 1385 3419 1454 jaculis

1846 1453 2133 1520 perfodere
2175 1459 2445 1528 nituntur,
2477 1473 2531 1516 et
2564 1478 2750 1519 eorum
2785 1469 2998 1524 eximiae
3024 1453 3244 1540 puritati
3281 1477 3419 1532 invi-

1847 1547 2055 1613 dentes,
2081 1551 2330 1607 tenebras
2357 1554 2486 1623 ipsis
2514 1554 2820 1623 otlundunt,
2852 1576 2957 1616 non
2985 1578 3143 1618 secus
3166 1580 3230 1620 ac
3253 1568 3417 1636 sepiae

1846 1645 2230 1696 atramentum.
2310 1644 2491 1714 Atque
2554 1647 2657 1702 hoc
2712 1649 2956 1719 faciunt,
3031 1657 3306 1713 naturales
3362 1669 3418 1714 et

1845 1732 2140 1787 secundum
2191 1743 2438 1790 naturam
2485 1750 2682 1806 rectas,
2729 1758 2863 1813 quas
2907 1745 3048 1802 Deus
3086 1748 3412 1818 inseruerat,

156 1808 260 1873 τὰς
282 1814 514 1880 φυσικὰς
543 1819 634 1869 καὶ
657 1819 794 1872 κατὰ
816 1818 976 1886 φύσιν
999 1820 1162 1892 ὀρθάς
1185 1823 1503 1891 καθελόντες
1528 1808 1727 1894 ἐννοίας

1843 1822 2199 1892 cogitationes
2225 1843 2289 1882 ex
2323 1831 2514 1901 seipsis
2551 1833 2833 1891 abolendo.

155 1901 220 1966 ἐξ
249 1904 477 1969 ἑαυτῶν,
510 1906 576 1970 ἃς
603 1909 665 1980 δὴ
710 1911 840 1974 Θεὸς
865 1913 1247 1984 κατηρτίσατο.

237 1993 349 2048 Τοῦ
397 1997 603 2051 αὐτοῦ.
659 2000 823 2066 Τόξον
889 2003 1036 2055 ἐστὶν
1075 2005 1383 2078 ἀκάθαρτος
1437 2010 1558 2075 νοῦς
1602 2013 1734 2084 (94).

170 2081 336 2152 Ἐγὼ,
369 2088 551 2157 φησὶν,
586 2089 677 2142 ἐπὶ
708 2090 784 2161 τῷ
819 2092 1009 2163 Κυρίῳ
1052 2095 1303 2151 πέποιθα.
1351 2101 1412 2153 Οἱ
1443 2081 1738 2174 πολεμοῦν-

153 2191 249 2239 τες
305 2177 637 2248 ἁμαρτωλοί.
681 2182 777 2246 Τίς
823 2183 890 2238 ἂν
938 2180 1029 2239 οὖν
1077 2187 1229 2261 δείσῃ
1277 2192 1370 2244 καὶ
1427 2193 1571 2266 φύγῃ
1605 2195 1735 2250 Θεὸν

151 2263 295 2335 ἔχων
343 2266 555 2338 βοηθὸν,
591 2272 686 2324 καὶ
719 2273 1010 2344 πολεμίους
1047 2277 1430 2348 ἁμαρτωλούς;
1473 2301 1492 2334 ι
1545 2263 1732 2339 -Ἦτοί-

154 2374 340 2426 μασαν
387 2359 512 2434 βέλη
546 2363 627 2427 εἰς
660 2365 950 2437 φαρέτραν.
1015 2387 1034 2420 ι
1087 2369 1248 2435 Βέλος
1289 2373 1436 2427 ἐστὶν
1481 2377 1734 2448 ἐμπαθὴς

147 2446 433 2519 λογισμὸς,
481 2455 726 2526 φαρέτρα
759 2457 816 2510 δὲ
857 2456 968 2524 ἕξις
1011 2460 1257 2532 χειρίστη
1291 2463 1565 2537 λογισμῶν
1595 2446 1732 2523 ἀκα-

149 2539 371 2614 θάρτων
421 2546 846 2619 πεπληρωμένη.
902 2550 1086 2605 Ταῦτα
1125 2552 1218 2606 ἐπὶ
1261 2553 1528 2627 δαιμόνων
1574 2561 1731 2614 πολε-

150 2631 400 2700 μούντων
451 2635 816 2707 λαμϐάνονται
861 2640 1084 2708 νοητῶς.
1139 2644 1399 2716 Νοηθεῐεν
1445 2647 1489 2701 δ’
1523 2648 1588 2703 ἂν
1634 2650 1729 2705 καὶ

146 2725 429 2798 αἰσθητῶς
470 2730 562 2782 ἐπὶ
595 2730 866 2802 αἰσθητῶν
894 2733 1120 2804 ἐχθρῶν.
1162 2755 1180 2787 ι
1219 2738 1306 2791 Ἐν
1331 2743 1658 2817 σκοτομήνῃ.
1701 2763 1720 2796 s

145 2813 468 2888 Σκοτομήνη
517 2819 660 2872 ἐστὶν
706 2821 896 2888 ἄγνοια
944 2822 1120 2894 ψυχῆς
1169 2824 1410 2898 λογικῆς.
1468 2813 1564 2883 Ἐν
1603 2813 1727 2884 ἀσε-

148 2904 300 2976 λήνῳ
339 2909 493 2963 νυκτί
527 2927 688 2982 φησιν
732 2912 928 2977 αὐτοὺς
963 2915 1281 2986 ἐνεδρεύειν,
1327 2919 1500 2990 δηλῶν
1535 2921 1594 2976 τὸ
1626 2921 1723 2976 λα-

143 2996 338 3069 θραῖον
370 3000 470 3070 τῆς
510 3002 818 3075 ἐπιϐουλῆς.
865 3002 1057 3070 Εὐθεῖς
1085 3006 1141 3059 δὲ
1181 3011 1246 3080 τῇ
1293 3011 1490 3082 καρδίᾳ
1531 3014 1724 3068 ἑαυτὸν

138 3086 295 3159 λέγει
345 3093 438 3146 καὶ
475 3094 599 3158 τοὺς
632 3097 748 3166 μετ’
799 3097 987 3164 αὐτοῦ,
1021 3099 1081 3151 οὐ
1119 3100 1441 3170 κομπάζων,
1476 3103 1591 3158 ἀλλ’
1621 3107 1721 3177 ὲμ-

1867 2038 1870 2039 ν
1914 1999 2182 2070 Ejusdem.
2228 2007 2402 2064 Arcus
2456 2021 2802 2080 peccatorum
2847 2026 2929 2071 est
2969 2018 3178 2088 impura
3233 2038 3404 2080 mens.

1838 2091 1971 2163 Ego,
2039 2095 2235 2165 inquit,
2302 2099 2355 2154 in
2409 2101 2639 2160 Domino
2689 2108 2921 2164 confido.
2981 2108 3081 2177 Qui
3141 2125 3404 2182 pugnant,

1836 2194 2148 2253 peccatores
2181 2200 2327 2246 sunt.
2363 2192 2493 2260 Quis
2530 2203 2709 2251 autem
2746 2198 2956 2255 timebit
2985 2213 3038 2256 et
3072 2202 3278 2273 fugiet,
3310 2208 3404 2276 qui

1835 2274 2190 2342 epitulantem
2219 2278 2410 2346 Deum,
2442 2291 2495 2338 et
2516 2297 2820 2356 pugnantes
2842 2289 3038 2346 habeat
3067 2274 3406 2363 peccatores?

1839 2384 1858 2417 c
1901 2365 2241 2427 Paraverunt
2296 2375 2521 2445 sagittas
2569 2378 2620 2431 in
2667 2380 2940 2448 pharetra.
2975 2404 2992 2436 ι
3061 2385 3264 2456 Sagitta
3319 2401 3405 2444 est

1834 2456 1996 2512 animi
2063 2459 2342 2520 affectibus
2405 2468 2719 2536 perturbata
2776 2473 3067 2542 cogitatio;
3146 2478 3452 2548 pharetra'

1833 2549 2006 2607 malus
2057 2553 2272 2611 habitus
2307 2568 2389 2613 est
2431 2560 2658 2630 impuris
2709 2566 3126 2634 cogitationibus
3186 2572 3398 2640 plenus.

1830 2641 1957 2699 llaec
1985 2645 2343 2715 spiritualiter
2385 2651 2454 2708 de
2491 2653 2822 2710 daemonibus
2855 2661 3218 2728 pugnantibus
3241 2663 3401 2717 intel-

1830 2739 2089 2807 liguntur.
2122 2741 2320 2802 Verum
2364 2749 2409 2804 si
2449 2749 2516 2804 ad
2546 2764 2762 2806 sensum
2802 2753 3128 2822 referantur,
3169 2757 3399 2815 sensiles

1826 2830 2008 2890 hostes
2041 2835 2286 2895 innuent.
2323 2860 2342 2894 ι
2377 2840 2432 2896 lu
2459 2842 2712 2899 obscuro.
2743 2865 2760 2898 ι
2788 2845 2944 2918 591
2968 2844 3280 2905 Obseuritas
3311 2859 3397 2905 est

1827 2923 2136 2993 ignorantia
2171 2932 2448 2990 rationalis
2470 2936 2685 2993 animae.
2731 2937 2788 2992 lu
2828 2940 2976 2993 illum
3013 2950 3172 2997 nocte
3202 2943 3276 2997 ait
3301 2958 3395 2999 eos

1824 3015 2096 3087 insidiari,
2132 3022 2447 3094 significans
2470 3027 2699 3086 latentes
2726 3031 2970 3086 insidias.
3003 3032 3198 3090 Ret-tos
3227 3037 3394 3092 corde

1825 3109 1974 3176 dicit,
2001 3121 2055 3166 et
2082 3128 2160 3180 se,
2198 3124 2253 3171 et
2281 3131 2379 3173 eos
2413 3121 2502 3189 qui
2533 3134 2712 3176 secum
2749 3133 2924 3190 erant,
2956 3139 3128 3193 neque
3159 3127 3208 3180 id
3239 3141 3393 3182 arro-

136 3183 350 3250 φαίνων
383 3185 481 3257 τὴν
527 3187 719 3242 ἑαυτοῦ
753 3188 980 3253 ἔννοιαν,
1029 3191 1122 3245 καὶ
1169 3191 1333 3264 μηδὲν
1385 3195 1721 3268 ἐργάσασθαι

1828 3212 2021 3271 ganter
2046 3205 2209 3272 dicit,
2240 3209 2334 3264 sed
2366 3183 2688 3270 ut-meutem
2724 3229 2878 3269 suam
2915 3218 3199 3282 ostendat,
3248 3222 3390 3289 quod

133 3274 220 3336 εἰς
246 3272 450 3345 βλάϐην
480 3275 572 3329 τοῦ
606 3276 794 3330 Σαούλ.

211 3367 430 3434 Κύριος
453 3368 523 3421 ἐν
554 3368 679 3434 ναῷ
715 3370 861 3441 ἁγίῳ
895 3373 1104 3428 αὐτοῦ’
1132 3377 1367 3444 Κύριος,
1392 3376 1461 3429 ἐν
1485 3379 1719 3446 οἰιρανῷ

133 3459 171 3510 o'
205 3457 419 3525 θρόνος
458 3459 662 3514 αὐτοῦ.
703 3464 766 3514 Οἱ
810 3463 1103 3533 ὀφθαλμοὶ
1148 3466 1334 3521 αὑτοῦ
1362 3469 1448 3533 είς
1482 3468 1590 3521 τὸν
1616 3469 1719 3523 πέ-

128 3564 294 3615 νητα
336 3549 746 3606 ἀποϐλέπουσι
768 3592 782 3617 ,
822 3555 894 3608 τὰ
925 3554 1206 3625 ,βλέφαρα
1239 3558 1424 3613 αὑτοῦ
1463 3559 1717 3624 ἐξετάζει

126 3640 281 3707 τοὺς
305 3641 472 3707 υἱοὺς
501 3641 618 3696 τῶν
637 3643 983 3713 ἀνθρώπων,
1019 3662 1071 3701 κ.
1101 3666 1151 3701 τ.
1182 3650 1228 3701 ἐ.
1267 3651 1422 3703 Οίκεῑ
1443 3650 1575 3712 Θεὸς
1601 3652 1714 3724 (95)

127 3735 191 3787 ὲν
223 3733 358 3804 ἁγία
384 3735 474 3787 καὶ
496 3736 734 3808 οὐρανίῳ
765 3739 968 3808 νοήσει,
995 3739 1264 3810 οὐρανίως
1293 3739 1590 3810 βασιλεύων
1618 3743 1713 3796 καὶ

126 3823 353 3888 θεῖκῶς.
401 3827 466 3878 Ai
505 3827 560 3880 δὲ
600 3828 895 3883 έποπτικαὶ
927 3830 1091 3884 αὐτοῦ
1125 3832 1381 3904 δυνάμεις
1419 3834 1712 3905 φρουροῦσι

125 3915 226 3971 τὸν
276 3917 500 3988 πένητα.
563 3920 650 3983 Ὠς
697 3921 900 3989 ἀγαθὸς
933 3922 990 3975 δὲ
1039 3923 1328 3996 βλεφάροις
1369 3925 1610 3993 ἐξετάζει
1643 3927 1711 3980 τά

128 4007 260 4061 καθ’
294 4011 460 4080 ἡμᾶς,
501 4010 614 4064 ἀλλ’
648 4012 749 4066 οὐκ
788 4014 1104 4085 ὀφθαλμοῖς,
1139 4016 1215 4080 ὡς
1255 4016 1320 4070 ἂν
1355 4018 1429 4090 μὴ
1463 4038 1710 4091 παρατη-

129 4096 399 4168 ρηύμενος
435 4101 614 4154 αὐτῶν
647 4102 823 4158 πάντα
867 4104 934 4158 τὰ
969 4105 1372 4177 ἁμαρτήματα·
1416 4108 1574 4164 τοῦτο
1602 4113 1708 4184 γὰρ

121 4188 440 4261 ἀνθρώποις
479 4193 767 4264 ἀφόρητον.
832 4197 1156 4269 Ὀφθαλμοίς
1183 4199 1239 4252 δὲ
1272 4199 1457 4269 βλέπει
1489 4201 1580 4255 τὸν
1613 4204 1710 4256 πέ-

118 4298 289 4352 νητα,
327 4281 519 4354 δαψιλῆ
566 4285 661 4356 τὴν
699 4287 1014 4358 εὐεργεσίαν
1054 4289 1396 4360 ποιούμενος,
1431 4292 1531 4346 κᾶν
1573 4287 1653 4357 εἷς
1678 4296 1706 4347 ό

115 4372 302 4445 πένης
331 4374 582 4448 ὑπάρχῃ·
620 4377 726 4432 τῶν
757 4379 815 4432 δὲ
846 4379 1054 4433 πολλῶν
1079 4381 1177 4444 τὰς
1201 4381 1448 4449 κολάσεις
1482 4385 1703 4440 συστέλ-

112 4462 255 4528 λων,
291 4465 346 4517 αἳ
377 4467 468 4519 καὶ
498 4467 632 4521 πολὺ
660 4469 720 4521 τὸ
750 4471 1128 4543 κεκρυμμένον
1157 4474 1388 4544 ἔχουσιν.
1435 4477 1522 4529 Ἐν
1549 4477 1605 4530 δὲ
1631 4481 1698 4550 τῇ

111 4555 262 4609 Θεοῦ
317 4557 555 4622 ἐξετάσει
616 4563 898 4634 παρρησία
957 4563 1065 4618 τῶν
1122 4565 1344 4633 ἀγαθῶν
1404 4570 1700 4640 γινομένων

111 4649 316 4721 πολλή.
359 4670 376 4702 ι
428 4652 516 4724 Τῷ
571 4653 772 4726 βήματι
829 4675 848 4707 ι
902 4659 1009 4728 γὰρ
1043 4676 1062 4710 ι
1111 4658 1274 4712 αὑτοῦ
1323 4662 1700 4733 φανερωθῆναι

110 4742 335 4805 πάντας
363 4743 462 4810 δεῖ,
500 4746 585 4799 ἵνα
623 4747 916 4819 κομίσηται
960 4749 1189 4813 ἕκαστος
1230 4750 1299 4802 τὰ
1330 4751 1434 4804 ίδια
1463 4751 1556 4805 τοῦ
1590 4753 1696 4806 σώ-

111 4851 315 4905 ματος,
340 4837 375 4890 ἃ
407 4837 663 4911 ἔπραξεν,
690 4842 798 4895 εἴτε
823 4841 1026 4911 ἀγαθὸν
1049 4841 1158 4895 εἴτε
1183 4843 1369 4897 κακόν.
1417 4862 1435 4895 ›

202 4929 316 4982 Τοῦ
356 4932 560 4985 αὑτοῦ.
596 4931 887 5002 Γενὼμεθα
928 4935 1157 5006 πένητες
1188 4933 1321 5005 (96),
1360 4935 1448 4988 ἵνα
1483 4935 1692 5005 βλέπω-

104 5045 202 5082 σιν
235 5027 384 5097 ἠμᾶς
419 5027 466 5078 οἱ
504 5024 598 5078 τοῦ
627 5027 834 5098 Κυρίου
863 5027 1164 5098 ὀφθαλμοί..
1195 5029 1258 5080 Εἰ
1288 5027 1343 5080 δὲ
1373 5029 1418 5080 οἱ
1453 5027 1695 5081 πλούσιοι

95 5121 213 5175 οὐκ
259 5118 366 5171 είσλ.
411 5110 663 5188 πένητες,
695 5119 796 5172 οὐκ
834 5118 1119 5172 ὲπιὸλέπει
1169 5120 1296 5182 τοὺς
1341 5118 1628 5183 πλουσίους
1667 5121 1696 5173 ὁ

96 5211 340 5281 Κύριος.
377 5209 501 5272 Τοῖς
531 5209 824 5281 ὀφθαλμοῖς
852 5209 1035 5282 βλέπει
1085 5211 1176 5264 τὸν
1224 5212 1451 5282 πένητα,
1499 5211 1691 5283 δαψιλῆ

93 5307 210 5376 τὴν
240 5303 552 5374 εὐεργεσίαν
587 5303 924 5375 ποιούμενος,
961 5302 1062 5359 κᾶν
1091 5301 1169 5368 εἷς
1193 5306 1220 5356 ὁ
1245 5303 1539 5375 πενόμενος
1563 5320 1693 5372 τυγ-

93 5411 289 5466 χανει.

186 5535 232 5570 ⁸³
268 5534 311 5588 ll
350 5533 476 5589 Cor.
517 5549 570 5600 v,
607 5533 694 5591 10.

178 5669 423 5744 (βω-Μὴ
453 5670 828 5740 ἀρκούμενοι,
876 5671 1050 5740 φησὶ,
1092 5671 1187 5741 τῇ,
1219 5681 1324 5728 etc.
1364 5670 1682 5744 Corderius,

91 5755 160 5800 et
193 5741 494 5796 Barbarus.
1500 5742 1504 5744 ’

177 5812 296 5884 (94)
338 5809 518 5884 TdEgr
547 5808 719 5884 έστὶν
739 5810 1070 5881 ἀκάθαρτος
1115 5811 1282 5881 νοῦς,
1323 5820 1430 5869 etc.
1462 5809 1686 5867 Scltedtc

89 5878 320 5950 Grabii,
354 5891 408 5937 et
445 5878 738 5937 Barbarus.

1824 3297 1958 3352 nihil
1993 3315 2227 3369 unquam
2261 3301 2312 3356 in
2341 3302 2595 3360 damnum
2623 3307 2749 3362 Saul
2783 3310 3072 3378 paraverit.

1893 3390 2056 3446 Vens.
2081 3392 2136 3447 5.
2177 3392 2432 3450 Dominus
2468 3398 2520 3450 iu
2550 3397 2739 3467 templo
2764 3410 2944 3455 sancto
2965 3417 3086 3465 suo;
3113 3402 3386 3468 Dominus,

1818 3480 1874 3534 in
1913 3482 2038 3536 caelo
2099 3485 2245 3539 sedes
2301 3488 2438 3556 ejus.
2471 3486 2626 3542 Oculi
2668 3490 2784 3557 ejus
2818 3491 2871 3546 in
2899 3480 3179 3560 pauperem
3221 3495 3385 3558 respi—
3484 3513 3491 3517 ·

1817 3573 1983 3640 cium,
2039 3576 2297 3647 palpebra:
2347 3579 2462 3647 eius
2509 3581 2834 3651 interrogant
2891 3581 3033 3651 ﬁlios
3096 3584 3382 3652 honu'num,

1815 3676 1921 3722 etc.
1964 3667 2184 3724 l-labitat
2219 3671 2360 3726 Deus
2394 3672 2445 3726 in
2477 3682 2663 3728 sancta
2705 3683 2759 3728 et
2788 3673 2994 3729 caalcsti
3028 3675 3382 3746 cogitatione,

1815 3756 2022 3812 caelesti
2065 3773 2130 3813 ac
2161 3759 2344 3816 divino
2378 3763 2536 3818 modo
2571 3779 2830 3834 regnans.
2873 3764 3223 3834 lnspectrices
3264 3768 3384 3839 ejus

1813 3849 1957 3903 vires
1990 3849 2283 3906 defendunt
2317 3867 2630 3923 pauperem.
2671 3856 2740 3910 At
2785 3871 2913 3911 vero
2952 3865 3009 3911 ut
3039 3858 3234 3926 bonus,
3265 3859 3384 3928 pal-

1812 3939 2014 4008 pebris,
2067 3956 2172 3996 non
2231 3942 2403 3998 oculis
2449 3946 2729 4000 examinat
2769 3960 2854 4000 res
2884 3955 3137 4012 nostras,
3185 3949 3381 4019 quippe

1810 4031 1900 4098 qui
1951 4046 2058 4084 non
2105 4033 2284 4086 omnia
2315 4047 2500 4088 earum
2533 4034 2725 4090 delicta
2767 4035 3062 4091 observet:
3097 4037 3196 4090 hoc
3233 4039 3378 4091 enim

1809 4122 2114 4178 hominibus
2189 4125 2526 4181 intolerabile
2595 4125 2757 4181 foret.
2837 4125 3021 4182 Oculis
3088 4142 3378 4197 pauperem

1810 4213 2054 4284 respicit,
2089 4217 2306 4273 uberem
2333 4219 2747 4274 beneficentiam
2775 4221 3058 4283 exhibens,
3090 4229 3379 4290 quantum-

1805 4307 1888 4362 vis
1936 4307 2128 4364 unicus
2183 4311 2228 4363 is
2279 4324 2482 4379 pauper
2537 4309 2737 4376 fuerit;
2789 4310 3141 4379 plurimorum
3195 4321 3376 4366 autem

1805 4387 2068 4470 supplicia
2109 4399 2389 4467 cohibens,
2426 4416 2545 4470 quae
2578 4402 2739 4457 etiam
2778 4402 2936 4456 valde
2968 4401 3180 4456 occulta
3225 4413 3370 4458 sunt.

1803 4490 2070 4546 Caeterum
2102 4492 2155 4545 in
2195 4491 2378 4547 divino
2423 4493 2669 4548 examine
2707 4505 2900 4559 magna
2953 4492 3058 4544 erit
3083 4491 3372 4547 bonorum

1806 4583 2088 4640 securitas.
2124 4602 2144 4636 ι
2174 4581 2402 4640 Omnes»
2433 4585 2574 4638 enim
2613 4582 2972 4637 rmanifestari
3012 4593 3222 4653 oportet
3245 4593 3372 4638 ante

1805 4678 2038 4734 tribunal
2083 4677 2217 4746 ejus,
2268 4688 2327 4733 ut
2359 4678 2555 4732 referat
2585 4678 2953 4748 unusquisque
3001 4678 3213 4747 propria
3247 4694 3370 4734 cor-

1799 4771 1968 4840 poris,
1996 4779 2156 4840 prout
2184 4771 2370 4840 gessit,
2399 4771 2512 4824 sive
2540 4771 2764 4836 bonum,
2802 4770 2915 4824 sive
2946 4768 3143 4823 malum
3175 4769 3238 4822 ¹⁸.
3273 4787 3291 4822 ι

1867 4948 2140 5016 Eiusdem.
2198 4947 2418 5002 Fiamus
2444 4959 2706 5016 pauperes
2746 4956 2806 5001 ut
2850 4963 2948 5003 nos
2977 4947 3116 5004 oculi
3154 4950 3368 5004 Domini

1799 5038 2116 5108 respiciant.
2149 5035 2206 5091 Si
2229 5034 2424 5090 divites
2455 5050 2560 5088 non
2589 5042 2717 5090 sunt
2744 5049 3031 5104 pauperes,
3056 5050 3158 5089 non
3195 5035 3368 5102 respi-

1798 5130 1872 5185 cit
1902 5129 2096 5185 divites
2125 5128 2404 5184 Dominus.
2436 5127 2622 5183 Oculis
2649 5139 2940 5196 pauperem
2985 5126 3203 5194 respicit
3231 5127 3366 5179 ube-

1797 5234 1912 5275 rem
1962 5219 2372 5275 beneﬁcentiam
2411 5217 2702 5286 exhibens,
2763 5218 3010 5290 quamvis
3059 5217 3246 5272 unicus
3293 5217 3364 5270 sit

1796 5324 2018 5382 pauper.

1861 5665 1980 5734 (95)
2002 5664 2166 5718 Οίκεῖ
2197 5663 2359 5729 Θεός,
2391 5671 2496 5716 etc.
2538 5659 2719 5715 Codex
2743 5654 3126 5719 Coislinianus,
3158 5653 3360 5710 Corde-

1791 5735 2256 5807 rius._Bal'b=‘-r!13-
2447 5801 2458 5807 ,
2873 5796 2904 5807 ,.
2948 5795 2960 5807 .
3037 5795 3050 5807 .
3153 5792 3187 5807 η

1865 5792 1976 5877 (uti)
2034 5803 2346 5875 Γενώμεθα
2385 5801 2657 5869 πένητες,
2716 5807 2820 5854 etc.
2873 5795 3100 5851 Schedm
3149 5792 3360 5862 Grabii,

1794 5876 2088 5932 Barbarus.
