3986 6384
539 359 676 417 “99
1954 354 2104 413 EX(

2219 355 2382 414 ΞΕΝΕ
3651 367 3774 426 1200

607 479 774 533 Vsus.
815 477 866 532 6.
910 473 1167 530 Dominus
1206 476 1498 544 interrogat
1528 472 1736 544 justum
1778 477 1827 526 et
1859 470 2104 540 impium;

2286 474 2503 546 Κύριος
2526 473 2785 541 ἐξετάζει
2827 475 2936 530 τὸν
2965 475 3201 532 δίκαιον
3235 478 3335 534 καὶ
3367 479 3472 535 τὸν
3502 482 3682 555 ἀσεϐῆ
3701 505 3714 519 ο
3745 491 3772 543 δ

537 576 630 646 qui
673 583 845 628 autem
885 571 1060 642 diligit
1105 569 1441 640 iniquitatem
1482 567 1592 622 odit
1636 567 1875 620 animum
1935 582 2113 628 suam,

537 674 644 722 etc.
681 663 1029 732 Quapropter
1064 659 1243 715 omnis
1276 659 1366 729 qui
1411 666 1606 728 peccat
1636 672 1742 712 non
1773 670 1934 711 secus
1965 671 2030 712 ac
2067 658 2112 711 si

537 759 734 821 oderit,
787 756 1078 811 insidiatur
1117 753 1351 824 propriae
1393 751 1588 807 animae
1615 773 1627 807 :
1658 751 2113 820 quemadmodum

536 861 591 906 et
622 851 712 921 qui
735 849 880 919 juste
912 849 1044 920 agit,
1081 848 1322 919 seipsum
1355 845 1554 917 diligit,
1595 844 1722 900 dum
1763 852 1817 898 et
1844 842 1910 900 de
1933 845 2116 913 seipso

535 956 592 1004 et
626 949 693 1001 de
733 945 985 1018 proximo
1032 943 1170 1000 bene
1211 951 1470 1010 meretur,
1518 949 1811 1010 utrumque
1847 938 2011 994 simul
2048 938 2112 992 ad

532 1041 788 1096 virtutem
819 1037 1158 1094 adducendo.
1204 1035 1432 1106 lmpium
1478 1043 1658 1089 autem
1704 1033 1838 1088 dicit
1865 1046 1989 1086 eum
2019 1030 2112 1100 qui

533 1131 809 1206 peccando
838 1132 1008 1186 Deum
1039 1128 1364 1195 contemnit,
1401 1127 1494 1197 qui
1526 1135 1579 1179 et
1610 1140 1734 1180 cum
1776 1124 1925 1196 justo
1963 1122 2114 1195 judi-

533 1235 708 1290 catur,
762 1233 819 1278 ut
865 1231 1012 1293 patet
1039 1237 1104 1276 ex
1139 1219 1385 1292 pluribus
1433 1218 1592 1284 locis,
1645 1226 1758 1272 tum
1803 1216 2112 1288 praesertim

534 1334 600 1373 cx
634 1318 725 1375 illo
767 1317 1025 1372 Geneseos
1055 1316 1098 1348 ¹⁹
1129 1332 1145 1370 :
1183 1333 1202 1366 ι
1231 1313 1298 1368 Et
1337 1313 1442 1368 crit
1459 1312 1645 1384 justus
1667 1310 1810 1365 sicut
1840 1308 2055 1380 impius.
2089 1327 2108 1362 ι

530 1411 668 1468 Nam
711 1410 803 1481 qui
850 1424 1075 1482 prorsus
1111 1408 1230 1464 sine
1277 1407 1389 1462 Deo
1445 1412 1550 1470 est,
1605 1417 1714 1458 non
1768 1411 2017 1472 resurget
2059 1400 2112 1456 in

525 1505 755 1578 judicio.

601 1597 878 1669 Ejusdem.
927 1593 1172 1650 Tametsi
1199 1592 1322 1663 quis
1368 1591 1514 1648 dicat
1543 1605 1604 1647 se
1644 1605 1754 1645 non
1785 1589 1967 1646 odisse
1997 1589 2115 1644 ani-

533 1707 676 1747 mam
707 1705 884 1755 suam,
920 1687 1192 1744 evincitur
1223 1697 1404 1740 tamen
1441 1684 1610 1753 ipsam
1650 1683 1849 1749 odisse,
1879 1697 1943 1737 eo
1968 1681 2113 1752 quod

531 1783 873 1853 iniquitatem
913 1780 1100 1850 diligat
1139 1795 1153 1832 :
1183 1777 1439 1832 similiter
1466 1776 1631 1832 etiam
1663 1775 1710 1830 is
1741 1776 1833 1846 qui
1876 1775 2114 1830 inconti-

531 1877 771 1936 nentiam
799 1873 996 1944 diligit,
1029 1871 1114 1926 vel
1153 1870 1450 1940 ignaviam,
1477 1867 1562 1924 vel
1593 1867 1926 1923 vecordiam.

603 1966 762 2022 Vens.
804 1966 857 2030 7.
918 1962 1072 2018 Pluet
1132 1979 1292 2033 super
1345 1972 1640 2032 peccatores
1693 1959 1928 2030 laqueos,
1996 1967 2102 2014 etc.

527 2060 598 2117 Ut
618 2074 711 2116 eos
742 2057 950 2127 laqueis
978 2055 1092 2112 suis
1132 2054 1387 2111 irreliens
1417 2063 1471 2109 et
1498 2051 1776 2123 subjectos
1808 2050 2104 2122 accipiens,

520 2155 772 2223 disponat
809 2162 1064 2220 tanquam
1095 2148 1253 2204 ﬁlios.

594 2245 760 2301 Vsus.
800 2244 855 2301 8.
900 2243 1166 2310 Quoniam
1205 2240 1386 2313 justus
1445 2237 1706 2294 Dominus
1772 2247 1821 2293 et
1865 2238 2104 2309 justitias

523 2339 730 2406 dilexit,
753 2348 861 2393 etc.
914 2335 1187 2398 Justitias,
1219 2333 1270 2389 id
1303 2342 1388 2388 est
1422 2332 1597 2401 iustos
1623 2345 1759 2400 quos
1791 2330 1860 2384 ab
1891 2331 2106 2386 actione

522 2432 602 2486 sic
627 2427 878 2502 appellat.
913 2423 1229 2496 llujusmodi
1259 2431 1341 2480 est
1379 2422 1510 2477 illud
1541 2422 1588 2452 '°
1620 2438 1635 2476 :
1668 2442 1686 2474 ι
1716 2419 1968 2476 Charitas
1996 2434 2102 2476 non

523 2523 634 2596 agit
665 2534 971 2594 perperam,
1001 2538 1020 2573 ι
1053 2519 1105 2573 id
1145 2525 1250 2584 est,
1285 2516 1378 2588 qui
1411 2516 1576 2572 habet
1611 2514 1962 2570 clraritatem.

1081 2861 1202 2916 PSA
1219 2857 1404 2916 ΙΜυὸ
1444 2857 1536 2917 XI.

596 2959 758 3032 592
783 2956 946 3012 Vens.
978 2955 1033 3010 9..
1068 2952 1287 3009 Salvum
1319 2969 1401 3006 me
1428 2950 1536 3021 fac,
1579 2948 1822 3018 Domine,
1851 2951 2102 3020 quoniam

524 3053 710 3123 defecit
776 3057 1024 3113 sanctus,
1096 3051 1202 3100 etc.
1261 3041 1560 3098 Deﬁciente
1603 3051 1816 3106 saneto,
1877 3040 2104 3098 salutem

521 3153 803 3216 precatur,
831 3149 890 3196 ut
926 3138 1018 3210 qui
1043 3135 1317 3193 dill‘tcilius
1351 3148 1618 3190 evasurus
1655 3134 1746 3188 sit.
1791 3151 1810 3185 ι
1835 3132 2105 3201 Quoniam

522 3241 810 3296 diminuta.
833 3246 962 3294 sunt
982 3237 1240 3291 veritates
1273 3249 1301 3286 a
1323 3231 1450 3288 [iliis
1477 3231 1818 3286 hominum.»
1849 3230 1905 3285 Si
1931 3231 2104 3286 sancti

522 3332 861 3398 deiecerunt;
898 3339 956 3384 et
989 3327 1255 3383 veritates
1281 3323 1558 3379 diminuta!
1590 3331 1746 3390 sunt,
1779 3338 1887 3378 non
1918 3323 2106 3391 utique

520 3423 575 3480 in
613 3423 743 3481 solis
789 3420 994 3478 sanctis
1030 3419 1327 3482 veritates,
1385 3430 1487 3471 nec
1533 3416 1588 3471 in
1617 3417 1761 3472 veris
1820 3416 2102 3472 sanctitas.

522 3517 594 3572 At
627 3515 886 3588 quoniam
918 3512 1094 3569 sancti
1127 3509 1465 3575 defecerunt,
1515 3517 1802 3579 propterea
1848 3509 2105 3565 veritates

521 3608 804 3664 diminuta:
853 3613 999 3661 sunt.
1070 3601 1137 3656 Et
1185 3599 1421 3657 fortasse
1474 3607 1788 3654 sanctorum
1856 3598 2103 3668 paucitas

519 3714 686 3756 causa
751 3698 854 3753 fuit
900 3697 1092 3752 harum
1148 3692 1444 3748 multarum
1510 3691 1837 3746 haeresenm.
1908 3689 2104 3746 Dolose

520 3801 710 3847 mutuo
756 3789 1164 3860 colloquuntur,
1196 3796 1253 3842 et
1280 3799 1376 3856 per
1422 3783 1656 3855 maligna
1712 3783 1853 3839 labia
1896 3783 1948 3838 in
2004 3797 2101 3839 sua

521 3883 752 3940 invicem
777 3881 944 3936 corda
969 3879 1268 3933 immittunt
1298 3875 1432 3932 falsa
1459 3893 1472 3929 :
1501 3889 1625 3931 cum
1651 3883 1832 3930 autem
1860 3876 2102 3940 scientia:

520 3989 627 4030 non
657 3972 958 4036 studemus,
999 3979 1125 4024 tunc
1161 3967 1418 4024 veritates
1450 3966 1871 4023 imminnuntur.

589 4145 756 4202 Vens.
796 4145 851 4200 5.
907 4143 1054 4198 Vana
1077 4141 1240 4197 locuti
1274 4151 1394 4197 sunt
1437 4143 1884 4214 unusquisque.“
1920 4148 2102 4214 promi.

516 4257 660 4296 mum
707 4254 884 4302 suum,
919 4245 1028 4292 etc.
1071 4234 1361 4306 Propterea
1397 4249 1571 4304 neque
1607 4242 1811 4292 temere
1865 4239 2099 4294 otiosqu

2216 565 2285 620 δὲ
2334 567 2583 637 ἀγαπῶν
2629 568 2869 623 ἀδικίαν
2909 568 3083 639 μισεῖ
3131 567 3246 639 τὴν
3294 572 3516 628 ἑαυτοῦ
3561 576 3772 645 ψυχὴν,

2216 675 2270 711 κ.
2305 675 2356 712 τ.
2390 659 2436 712 ὲ.
2471 659 2562 712 Διὸ
2596 661 2702 723 πᾶς
2735 662 2763 714 ὁ
2792 661 3120 733 ἁμαρτάνων
3153 661 3264 734 (97)
3301 663 3377 728 ὡς
3414 665 3480 718 ἄν
3511 683 3595 731 τις
3622 671 3776 738 μισῶν

2215 751 2550 806 ἐπιϐουλεύει
2579 755 2643 824 τῇ
2685 753 2789 825 ἰδίᾳ
2819 752 2988 826 ψυχῇ.
3029 755 3238 827 Ὥσπερ
3265 754 3360 810 οὖν
3389 760 3418 813 ὁ
3452 759 3696 831 πράττων
3723 765 3778 818 τὸ

2213 845 2419 900 δίκαιον
2467 847 2628 902 αὑτὸν
2678 848 2890 920 ἀγαπᾷ,
2937 850 3130 904 ἑαυτόν
3181 869 3241 904 τε
3284 852 3380 905 καὶ
3428 854 3519 907 τὸν
3572 855 3778 926 πλησίον

2213 939 2539 1012 εὐεργετῶν,
2586 940 2666 1012 τῷ
2696 944 2776 1004 είς
2808 941 3008 1014 ἀρετὴν
3057 943 3221 998 αὑτὸν
3265 945 3421 1014 ἄγειν
3460 946 3536 1010 ὡς
3581 948 3774 1002 ἑαυτόν.

2225 1031 2422 1103 Ἀσεϐἧ
2445 1032 2500 1086 δὲ
2529 1031 2625 1086 νῦν
2654 1032 2801 1103 λέγει
2832 1034 2923 1088 τὸν
2947 1033 3034 1088 διά
3061 1034 3122 1088 τὸ
3150 1035 3490 1106 ἁμαρτάνειν
3521 1055 3780 1112 καταφρο-

2213 1123 2407 1180 νοῦντα
2438 1124 2594 1194 Θεοῦ,
2637 1125 2697 1188 ὃς
2741 1126 2834 1181 καὶ
2869 1127 3110 1200 κρίνεται
3151 1128 3289 1198 μετὰ
3316 1128 3410 1182 τοῦ
3456 1129 3685 1196 δικαίου,
3711 1132 3780 1198 ὡς

2214 1217 2545 1289 πολλαχόθεν
2592 1218 2773 1290 δῆλον,
2815 1221 2909 1274 καὶ
2953 1221 3018 1278 ὲκ
3065 1220 3162 1274 τοῦ
3191 1222 3247 1274 ὲν
3305 1221 3553 1276 Γενέσει
3573 1239 3588 1255 ~
3624 1242 3642 1274 r
3682 1225 3781 1278 Καὶ

2216 1309 2370 1364 ἔσται
2399 1310 2606 1376 δίκαιος
2643 1311 2718 1376 ὡς
2762 1313 2792 1366 ὁ
2840 1312 3077 1385 ἀσεϐήςο
3133 1333 3154 1370 ι
3203 1316 3232 1369 ὁ
3265 1313 3376 1386 γὰρ
3422 1314 3602 1388 πάντη
3639 1317 3783 1380 ἄθεος

2212 1402 2313 1456 οὐκ
2343 1405 2704 1477 ἀναστήσεται
2730 1408 2788 1462 ὲν
2816 1406 3017 1479 κρίσει.

2289 1585 2399 1640 Τοῦ
2429 1585 2635 1642 αὐτοῦ.
2676 1586 2797 1643 Κᾶν
2839 1587 2916 1659 μὴ
2955 1585 3088 1661 λέγῃ
3121 1603 3203 1651 τις
3232 1585 3365 1657 (98),
3398 1587 3478 1640 ὅτι
3516 1588 3667 1658 μισεῖ
3692 1586 3783 1659 τὴν

2213 1679 2407 1734 ἑαυτοῦ
2440 1680 2642 1753 ψυχὴν,
2699 1681 2982 1752 ἐλέγχεται
3029 1681 3117 1736 διὰ
3167 1681 3262 1736 τοῦ
3310 1680 3526 1735 ἀδικίαν
3575 1681 3784 1752 ἀγαπᾷν

2217 1771 2389 1844 μισῶν
2439 1774 2629 1845 αὑτήν·
2675 1773 2875 1844 ὁμοίως
2921 1775 2978 1828 δὲ
3017 1775 3110 1830 καὶ
3137 1776 3166 1829 ὁ
3209 1773 3503 1828 ἀκολασίαν
3539 1773 3784 1842 ἀγαπῶν,

2143 1843 2185 1902 Β
2213 1867 2246 1938 ἢ
2279 1867 2497 1934 δειλίαν,
2599 1868 2931 1942 ἀφροσύνην.

2295 1960 2622 2030 Ἔπιϐρέξει
2658 1962 2758 2016 ἐπὶ
2806 1963 3196 2032 ἁμαρτωλοὺς
3239 1961 3515 2033 παγίδας,
3551 1979 3606 2016 κ.
3655 1979 3703 2014 τ.
3739 1959 3786 2014 ἑ.

2214 2051 2331 2104 Ἵνα
2373 2052 2476 2106 ὑπὸ
2522 2055 2619 2118 τὰς
2659 2054 2854 2110 ἑαυτοῦ
2896 2055 3132 2124 παγίδας
3157 2054 3268 2125 (99)
3300 2056 3534 2126 ποιήσας
3576 2054 3786 2118 αὐτοὺς,

2211 2142 2305 2196 καὶ
2333 2143 2510 2198 λαϐὼν
2536 2146 2903 2217 ὑποχειρίους,
2931 2147 3265 2220 οἰκονομὴσῃ
3290 2146 3367 2208 ὡς
3395 2145 3582 2209 ἰδίους.

2283 2235 2411 2288 Ὅτι
2459 2236 2689 2304 δίκαιος
2735 2239 2950 2307 Κύριος
2982 2238 3080 2294 καὶ
3124 2239 3518 2304 δικαιοσύνας
3563 2237 3790 2307 ἠγάπη-

2211 2341 2344 2391 σεν,
2385 2344 2440 2383 κ.
2491 2347 2544 2382 τ.
2593 2330 2640 2383 ἐ.
2691 2329 3049 2394 Δικαιοσύνας
3083 2328 3161 2400 (l)
3200 2331 3326 2394 τοὺς
3369 2328 3616 2392 δικαίους
3652 2327 3792 2396 λέγει

2210 2419 2321 2474 ἀπὸ
2372 2421 2472 2493 τῆς
2517 2421 2772 2494 πράξεως
2819 2421 3017 2486 αὑτοὺς
3063 2423 3354 2494 ὀνομάσας.
3401 2423 3660 2477 Τοιοῦτον
3679 2423 3791 2477 καίο

2217 2529 2237 2563 ι
2297 2512 2363 2566 Ἦ
2394 2513 2586 2586 ἀγάπη
2607 2515 2666 2568 οὐ
2698 2513 3100 2586 περισσεύεται,
3138 2533 3156 2566 ι
3183 2514 3303 2569 ἀντὶ
3328 2513 3447 2580 τοῦ,
3467 2516 3502 2570 ὁ
3529 2513 3672 2584 ἔχων
3694 2513 3794 2586 τὴν

2213 2605 2453 2677 ἀγάπην.

2782 2860 2988 2915 ΨΑΛΜ
2993 2860 3077 2912 ΟΣ
3121 2861 3224 2915 IA'.

2280 2951 2492 3007 Σῶσόν
2515 2968 2610 3022 με,
2642 2953 2838 3021 Κύριε,
2864 2953 2952 3006 ὅτι
2970 2952 3330 3010 ἐκλέλοιπεν
3350 2953 3541 3020 ὅσιος,
3571 2972 3627 3008 κ.
3661 2973 3718 3011 τ.
3746 2958 3795 3010 ι.

2220 3042 2593 3109 Ἐκλείποντος
2615 3044 2762 3100 ὁσίου
2801 3044 2898 3117 (2),
2936 3045 3211 3117 σωτηρίας
3241 3045 3411 3100 δεῖται
3441 3045 3519 3110 ὼς
3541 3047 3796 3118 χαλεπώ-

2205 3153 2368 3209 τερον
2392 3137 2834 3210 περιγενόμενος.
2871 3157 2889 3190 ι
2926 3139 3046 3193 Ὅτι
3070 3137 3425 3212 ὠλιγὼθησαν
3459 3141 3515 3193 αἱ
3546 3140 3797 3211 άλήθειαι

2207 3228 2316 3282 ἀπὸ
2348 3229 2455 3284 τῶν
2483 3229 2614 3282 υίῶν
2637 3229 2744 3285 τῶν
2776 3229 3098 3302 ἀνθρώπων.
3137 3251 3156 3284 ι
3191 3233 3253 3286 Et
3276 3232 3324 3285 οἱ
3353 3231 3456 3302 μὲν
3485 3233 3624 3286 ὅσιοι
3643 3231 3798 3285 ἐκλε-

2207 3321 2478 3387 λοίπασιν,
2513 3323 2570 3378 αἱ
2599 3321 2655 3377 δὲ
2687 3321 2940 3394 ἀλήθειαι
2967 3321 3347 3394 ὠλιγώθησαν,
3373 3324 3475 3378 οὐκ
3510 3325 3570 3378 ὲν
3611 3325 3796 3396 μόνοις

2205 3418 2319 3479 τοῖς
2367 3415 2539 3480 ὁσίοις
2593 3416 2649 3470 at
2695 3415 2966 3486 άλήθειαι,
3013 3416 3110 3470 καὶ
3154 3417 3254 3470 οὐκ
3286 3417 3343 3469 ἐν
3381 3420 3494 3481 τοῖς
3537 3417 3798 3490 ἀληθέσιν

2205 3509 2446 3582 ὁσιότης.
2489 3508 2598 3574 Καὶ
2631 3507 2818 3579 ἐπειδὴ
2851 3509 2902 3561 ot
2933 3508 3068 3562 ὅσιοι
3111 3507 3475 3575 ἐκλελοίπασι,
3509 3508 3600 3563 διὰ
3637 3509 3799 3565 τοῦτο

2205 3599 2565 3673 ὠλιγώθησαν
2612 3600 2669 3654 αἱ
2707 3599 2976 3672 άλήθειαι.
3022 3601 3132 3654 Καὶ
3164 3601 3305 3670 τάχα
3355 3601 3390 3673 η
3437 3600 3638 3666 σπάνις
3687 3601 3800 3656 τῶν

2205 3695 2368 3748 ὁσίων
2421 3691 2570 3747 αἰτία
2602 3692 2794 3762 γέγονε
2847 3693 2956 3748 τῶν
2998 3693 3210 3748 πολλῶν
3259 3693 3463 3749 τούτων
3500 3696 3797 3768 αἱρέσεων.

2205 3786 2357 3846 Μετὰ
2387 3786 2538 3840 δόλου
2584 3786 2835 3860 ἀλλήλοις
2868 3787 3367 3859 προσδιαλέγονται,
3407 3787 3496 3841 διὰ
3537 3788 3802 3861 πονηρῶν

2204 3878 2432 3952 χειλέων
2470 3881 2550 3944 εἰς
2593 3878 2690 3950 τὴν
2728 3879 2972 3952 ἀλλήλων
3021 3879 3248 3952 καρδίαν
3287 3879 3355 3934 τὰ
3396 3879 3569 3951 ψευδῆ
3616 3897 3800 3952 παρα-

2205 3972 2550 4044 πέμποντεςο
2595 3972 2686 4026 ὅτε
2730 3972 2786 4025 δὲ
2823 3971 2953 4045 περὶ
2995 3971 3194 4040 γνῶσιν
3241 3971 3341 4027 οὐκ
3386 3972 3798 4044 ἀσχολούμεθα,

2202 4061 2509 4131 ὁλιγοῦνται
2542 4062 2599 4116 αἱ
2623 4062 2894 4135 άλήθειαι,

2273 4153 2507 4208 Μάταια
2543 4152 2854 4222 ἐλάλησεν
2887 4153 3148 4223 ἕκαστος
3185 4157 3337 4225 πρὸς
3375 4157 3484 4212 τὸν
3514 4160 3804 4229 πλησίοι·

2202 4247 2411 4312 αὐτοῦ,
2437 4265 2491 4301 κ.
2520 4265 2569 4301 τ.
2608 4247 2655 4302 ὲ.
2683 4247 2784 4300 Διὰ
2807 4245 2963 4300 τοῦτο
2990 4247 3065 4318 (5)
3093 4249 3229 4319 μήτε
3262 4247 3419 4318 λόγον
3442 4250 3612 4320 ἀργὸν
3645 4253 3802 4323 elati}.

516 4348 842 4400 sermonem,
871 4344 1043 4400 neque
1075 4328 1451 4400 blaspltemum
1479 4369 1494 4394 ,
1528 4343 1704 4399 neque
1736 4333 1958 4390 omnino
2005 4336 2096 4405 qui

2219 4339 2343 4410 uires
2369 4337 2706 4409 βλάσφημον,
2733 4335 2768 4408 ἢ
2790 4337 2924 4402 ὅλως
2947 4337 3242 4409 ἐπίληπτον
3275 4339 3647 4412 προσάγωμεν
3683 4347 3806 4407 τοῖς

517 4427 666 4498 carpi
696 4425 888 4497 possit,
914 4423 1165 4496 proximo
1199 4422 1534 4494 ingeramus.
1572 4442 1590 4476 ι
1619 4422 1788 4482 Labia
1825 4427 2008 4484 dolosa
2042 4431 2094 4484 iu

515 4521 678 4576 corde
699 4527 756 4575 et
776 4518 940 4574 corde
967 4515 1131 4572 locuti
1165 4523 1312 4571 sunt.
1345 4532 1365 4568 ι
1405 4515 1675 4584 Quoniam
1721 4519 1908 4578 dolosa
1944 4521 2093 4592 cogi-

515 4621 788 4678 iuverunt,
827 4620 1115 4680 propterea
1145 4623 1282 4663 vana
1309 4608 1473 4668 locttti
1501 4622 1650 4670 sunt.

592 4705 753 4761 Vens.
771 4703 826 4757 4.
856 4703 1136 4774 Disperdat
1165 4704 1420 4760 Dominus
1445 4707 1687 4761 universa
1715 4705 1859 4761 labia
1885 4707 2094 4775 dolosa,

513 4806 564 4854 et
597 4799 832 4868 linguam
868 4797 1281 4878 magniloquant,
1309 4809 1416 4857 etc.
1445 4800 1580 4855 Dum
1613 4800 1756 4856 enim
1801 4816 1921 4870 quae
1946 4803 2096 4858 dete-

519 4890 661 4946 riora
692 4898 842 4955 suut,
885 4887 1144 4947 Dominus
1185 4890 1365 4955 delet,
1427 4891 1542 4960 ipsa
1598 4892 1878 4966 disperdit,
1929 4904 1990 4948 ut
2033 4895 2098 4950 iis

2204 4427 2453 4500 πλησίον.
2513 4447 2533 4480 ι
2587 4426 2754 4499 Χείλη
2798 4426 2950 4480 δόλια
2996 4427 3053 4482 ὲν
3107 4427 3306 4499 καρδίᾳ
3339 4427 3434 4481 καὶ
3481 4432 3542 4483 ἐν
3589 4433 3808 4504 καρδίᾳ.

2201 4521 2491 4594 ἐλάλησαν.
2517 4540 2536 4574 ι
2557 4522 2774 4594 Ἐπειδὴ
2805 4521 2955 4577 δόλια
2997 4523 3308 4604 ὲνενόησαν,
3352 4522 3441 4578 διὰ
3471 4524 3636 4578 τοῦτο
3667 4527 3805 4580 ἐλά.-

2200 4613 2372 4686 λησαν
2401 4615 2788 4687 ματαιότητας.

2286 4707 2739 4776 Ἐξολοθρεύσαι
2779 4709 2998 4776 Κύριος
3035 4709 3231 4764 πάντα
3266 4709 3340 4765 τὰ
3374 4711 3554 4780 χείλη
3585 4712 3670 4766 τὰ
3699 4711 3812 4765 6d-

2199 4803 2324 4866 .Ita,
2351 4800 2448 4856 καὶ
2484 4800 2775 4872 τάῶσσαν
2793 4801 3306 4873 μεγωορῤήμονα,
3340 4821 3394 4857 κ.
3419 4821 3470 4857 τ.
3503 4805 3550 4858 ὲ.
3596 4805 3664 4858 ὐ
3689 4805 3808 4877 γὰρ

2197 4891 2402 4962 Κύριος
2433 4890 2510 4962 (4)
2535 4891 2872 4962 ἐξαφανίζων
2893 4893 2962 4948 τά
2988 4893 3229 4965 χείρονα,
3257 4893 3593 4966 ἑξολοθρεὺει
3623 4897 3807 4963 αὐτὰ,

514 4996 637 5052 qua:
669 4983 1064 5052 superveniunt
1089 4983 1303 5054 deletis,
1355 4986 1534 5055 prima
1575 4985 1669 5042 Dei
1712 4997 1962 5044 creatura
2007 4991 2095 5047 cui

2219 4980 2284 5034 να
2324 4982 2598 5058 άνακύψῃ,
2647 4983 3051 5053 ἀφανισθέντων
3089 4984 3202 5041 τῶν
3233 4986 3810 5058 ἐπισυμϐεϐηκότων,

514 5075 787 5131 deteriora
815 5085 1271 5145 supervenerant,
1303 5078 1495 5134 altiora
1523 5079 1806 5152 suscipiat.

591 5318 634 5350 "
667 5317 803 5374 Gen.
845 5334 1002 5388 mu,
1040 5319 1133 5376 25.
1208 5320 1254 5352 ³ο
1294 5319 1315 5374 1
1353 5321 1480 5377 Cor.
1515 5338 1634 5390 xm,
1674 5323 1732 5378 4.

2192 5073 2256 5127 τὸ
2301 5074 2518 5146 πρῶτον
2561 5077 2767 5148 κτίσμα
2817 5078 2912 5133 τοῦ
2960 5077 3120 5144 Θεοῦ,
3160 5071 3206 5146 ᾧ
3251 5078 3676 5150 ὲπισυμϐέσηκε
3729 5079 3816 5133 τὰ

2192 5167 2414 5240 χείρονα

588 5476 699 5556 (9ἶ)
735 5478 834 5556 Διὸ
854 5475 974 5556 πᾶς
1009 5481 1042 5534 ό
1083 5479 1458 5550 ἁμαρτάνων,
1485 5489 1590 5536 etc.
1633 5480 1835 5537 Catena
1876 5484 2086 5556 collegii
2195 5488 2377 5546 barus.

515 5556 639 5603 ttovi
664 5551 1012 5604 Oxoniensis.

586 5619 696 5688 (98)
721 5619 846 5672 Κᾶν
866 5617 953 5689 μὴ
980 5619 1130 5690 λέγῃ
1160 5637 1268 5688 τις,
1291 5633 1393 5679 etc.
1419 5622 1731 5679 Corderius.

585 5690 696 5765 (99)
723 5691 997 5765 Ἵνα-ὐπὸ
1015 5693 1136 5765 *τᾲς
1171 5691 1389 5748 ἑαυτοῦ
1419 5693 1690 5765 παγίδας,
1719 5703 1825 5751 etc.
1860 5693 2085 5752 Schcdat

521 5755 722 5820 erant,
752 5774 804 5813 et
841 5761 1027 5814 Daniel
1057 5755 1345 5818 Barbarus.

585 5830 660 5899 (t)
691 5831 1106 5898 Δικαιοσύνας,
1160 5843 1265 5889 etc.
1299 5833 1511 5891 Ezedem
1556 5835 1789 5904 schedte,
1836 5850 1900 5893 ac
1944 5835 2081 5892 Bar-

2263 5559 2340 5629 (2)
2391 5560 2807 5629 Ἐκλείποντος
2836 5562 3032 5628 ὁσίου,
3076 5571 3182 5618 etc.
3219 5561 3441 5618 Scheda:
3476 5562 3703 5626 Grabii,
3745 5573 3816 5622 et

2193 5629 2487 5684 Barbarus.

2263 5700 2338 5770 (5)
2363 5700 2463 5754 Διὰ
2487 5700 2683 5762 τοῦτο.
2715 5712 2821 5758 etc.
2849 5701 3062 5758 Eaedem
3090 5702 3321 5759 schedte.

2261 5769 2336 5841 (⁵)
2378 5770 2432 5824 Ὀ
2462 5772 2574 5844 γὰρ
2605 5773 2841 5842 Κύριος,
2885 5785 2991 5830 etc.
3022 5774 3232 5834 Eaedem
3264 5772 3500 5841 schedm,
3534 5789 3610 5831 ac
3651 5775 3814 5831 Bar-

2186 5839 2376 5896 barus.
