3986 6384
38 0 62 778 ἰ

502 281 637 339 ιειθπς
1432 349 1437 354 η

1047 397 1364 456 PSALMUS
1403 395 1518 452 XII.

575 512 734 570 Vens.
789 514 840 570 l.
894 511 1190 583 Usquequo,
1249 511 1492 578 Domine,
1541 508 1858 564 obliviscaris
1899 524 1978 562 me
2017 507 2072 560 in

497 609 659 678 ﬁnem
679 607 704 661 .9
727 617 837 664 etc.
866 607 1028 662 Forte
1052 621 1157 661 non
1185 601 1500 674 simpliciter
1520 602 1651 658 dicit
1667 599 1935 666 oblivisci,
1953 599 2068 663 sed,

497 697 551 753 in
602 697 759 753 tinem
812 697 1080 754 oblivisci.
1130 697 1196 750 Et
1246 697 1299 750 in
1353 694 1460 750 alio
1505 692 1714 764 psalmo
1761 692 2072 746 nominatur

497 790 752 846 oblivioni
801 789 1016 844 tradita.
1067 807 1086 840 ι
1123 788 1412 858 Usqucqno
1455 794 1668 842 avertes
1701 783 1890 839 faciem
1926 793 2069 837 tuam

497 897 526 935 ο
577 883 697 937 me?
730 902 748 936 ι
809 881 958 938 llanc
1007 881 1202 935 faciem
1266 894 1482 950 semper
1535 879 1713 948 angeli
1769 878 2067 932 intuentur.

497 975 722 1043 Quando
779 975 927 1030 enim
966 973 1150 1043 capaci
1189 973 1382 1026 animae
1435 980 1708 1040 aspectum
1753 968 1910 1024 faciei
1958 981 2070 1022 suae

497 1067 734 1122 ostendit
765 1067 923 1131 Deus,
949 1075 1077 1120 tunc
1101 1066 1167 1118 ab
1189 1079 1250 1118 ea
1283 1073 1460 1120 cessat
1491 1073 1739 1120 avertere
1763 1070 1817 1116 ct
1845 1061 2072 1116 abscon-

501 1161 629 1216 dere
669 1158 860 1214 faciem
892 1173 1066 1214 suam.
1098 1156 1248 1223 Quod
1277 1165 1331 1212 et
1356 1172 1482 1226 erga
1513 1155 1748 1226 Moysem
1781 1151 2070 1222 aliquando

496 1253 754 1318 faciebat,
789 1267 893 1306 non
921 1252 1104 1306 sinens
1133 1250 1319 1304 faciem
1348 1265 1500 1303 suam
1529 1249 1598 1303 ab
1623 1263 1688 1304 eo
1702 1247 1867 1302 videri
1897 1260 2070 1316 quan-

497 1347 588 1403 diu
618 1347 776 1400 homo
809 1354 945 1400 erat.
963 1344 1174 1398 Avertit
1197 1343 1336 1398 Deus
1359 1342 1552 1397 faciem
1583 1357 1737 1396 suam
1770 1339 2070 1397 oeconomia

497 1438 755 1506 quadam,
776 1436 989 1506 quando
1005 1436 1220 1506 indigna
1236 1434 1351 1504 ejus
1364 1434 1644 1504 praeceptis
1659 1433 2068 1489 committimus.

498 1527 611 1584 Hoc
639 1537 818 1582 autem
841 1526 991 1592 facit,
1023 1535 1078 1580 ut
1105 1541 1203 1582 nos
1231 1525 1296 1580 ad
1316 1540 1373 1580 se
1405 1534 1642 1582 revocet.
1674 1525 1791 1589 Vel,
1814 1526 2070 1595 quoniam

496 1619 667 1676 facies
715 1618 913 1684 Patris,
945 1617 1112 1673 Filius
1155 1629 1256 1683 est,
1313 1625 1367 1672 et
1414 1617 1549 1688 petit
1583 1633 1744 1688 quam
1791 1617 2072 1673 celerrime

498 1713 672 1783 ipsum
696 1725 908 1767 carnem
933 1725 1166 1776 sumere,
1203 1710 1326 1767 ideo
1353 1711 1468 1767 ba'e
1493 1712 1656 1768 verba
1693 1711 1894 1782 posuit.

568 1997 730 2055 Vens.
760 1999 814 2053 2.
847 1999 1095 2065 Quandi-u
1131 2016 1324 2070 ponam
1368 2000 1589 2054 consilia
1620 2000 1674 2054 in
1713 2001 1888 2055 anima
1915 2004 2072 2056 mea?

494 2100 603 2147 etc.
655 2091 888 2147 Consilia
942 2093 1106 2147 multa
1168 2094 1399 2162 primum
1445 2094 1717 2149 inanima
1761 2108 1856 2148 sua
1910 2092 2072 2166 594

492 2183 761 2254 quispiam
807 2186 975 2254 ponit,
1013 2185 1206 2240 deinde
1230 2186 1280 2239 in
1311 2185 1416 2240 line
1441 2201 1691 2257 magnum
1733 2186 1785 2240 in
1817 2187 2070 2242 omnibus

493 2275 588 2332 Dei
624 2276 948 2344 consilium,
984 2277 1137 2347 cujus
1181 2278 1406 2348 spiritus
1462 2279 1515 2333 in
1575 2281 1723 2349 virga
1783 2277 1937 2335 Jesse
1983 2295 2070 2336 re-

492 2367 715 2437 quievit.

569 2480 732 2537 Vens.
763 2482 816 2536 4.
867 2482 1125 2537 [Numina
1156 2485 1335 2539 oculos
1368 2502 1528 2555 meos,
1554 2503 1616 2541 ne
1639 2486 1850 2558 quando
1887 2485 2072 2540 obdor-

494 2575 654 2628 miam
700 2575 752 2628 in
802 2587 986 2643 morte,
1030 2586 1135 2630 etc.
1180 2595 1198 2628 ι
1233 2578 1531 2633 Accendite
1581 2579 1633 2633 in
1683 2579 1838 2634 vobis
1885 2578 2068 2632 lumen

494 2665 736 2719 scicntia:
759 2666 822 2718 ³².
865 2685 884 2718 ι
923 2667 974 2720 In
1015 2669 1258 2724 tenebris
1296 2679 1372 2724 tot
1402 2671 1804 2726 calamitatibus
1827 2685 2064 2740 premor,

494 2765 551 2809 ut
581 2755 626 2810 si
653 2756 910 2811 auxilium
936 2769 1082 2812 tuum
1108 2759 1403 2826 distuleris,
1427 2770 1479 2816 et
1503 2762 1897 2833 desperationis
1937 2777 2070 2817 meae

495 2847 748 2903 tenebras
803 2863 908 2903 non
959 2849 1226 2919 abegeris,
1283 2853 1334 2906 in
1387 2863 1616 2908 mortem
1673 2853 1960 2909 vertendus
1999 2854 2069 2908 sit

1914 274 2003 329 EX
2041 270 2350 330 ORIGENE

2105 399 2154 455 A

3619 262 3758 320 ηοι

2747 384 3040 440 ΨΑΑΜΟΣ
3075 383 3171 437 lB’.

2163 499 2173 508 ’
2253 503 2407 570 Ἕως
2425 501 2587 567 πότε,
2605 499 2798 568 Κύριε,
2814 497 3079 566 ἐπιλήσῃ
3097 513 3216 566 μου
3231 495 3318 560 είς
3335 493 3546 560 τέλος
3566 511 3617 547 κ.
3636 511 3687 547 τ.
3708 495 3751 546 ὲ.

2178 597 2404 668 Μήποτε
2455 595 2531 658 ὼς
2573 593 2709 665 πρὸς
2747 591 2808 645 τὸ
2863 591 3012 653 τέλος
3055 588 3163 660 (10)
3212 587 3360 656 λέγει
3409 584 3756 656 ἐπιλελῆσθαι

2179 687 2341 742 αὐτοῦ
2374 687 2463 741 τὸν
2491 687 2624 740 Θεὸν
2647 727 2660 750 ,
2691 685 2784 738 καὶ
2811 685 2909 754 οὐχ
2940 680 3123 745 ἀπλῶς
3156 679 3525 749 ἐπιλελῆσθαι.
3557 678 3667 732 Καὶ
3699 680 3754 731 ὲν

2179 781 2324 852 ἄλλῳ
2351 779 2551 851 ψαλμῷ
2599 776 2998 848 έπιλελησμένη
3026 774 3357 845 ὠνόμασται.
3407 773 3583 835 «Ἕως
3625 770 3758 823 πότε

2177 871 2537 945 ἀποστρέψεις
2566 872 2626 924 τὺ
2666 870 2962 943 πρόσωπόν¹
2984 885 3078 920 σου
3109 865 3201 920 ἀπ’
3237 863 3369 936 ἐμοῦ
3397 881 3411 931 ;
3451 883 3468 916 ι
3497 863 3667 917 Τοῦτο
3699 861 3759 916 τὺ

2178 965 2466 1035 πρόσωπον
2485 966 2536 1018 οἱ
2566 963 2785 1033 ἄγγελοι
2822 962 3077 1033 βλέπουσι
3111 958 3424 1020 διαπαντός.
3453 959 3620 1010 Ὅταν
3649 955 3762 1027 γὰρ

2177 1058 2368 1112 ἑαυτὸν
2413 1055 2685 1130 έμφανίζῃ
2722 1055 2799 1127 τῷ
2846 1051 3135 1125 χωρητικῷ
3171 1051 3268 1120 τῆς
3301 1049 3427 1112 θέας
3465 1049 3557 1102 τοῦ
3587 1066 3762 1120 προσ-

2177 1148 2327 1205 ώπου
2367 1150 2530 1204 αὐτοῦ
2567 1151 2596 1203 ὁ
2631 1150 2781 1213 Θεὸς,
2832 1146 3098 1201 παύσεται
3131 1144 3488 1216 ἀποστρέφων
3527 1145 3621 1195 ἀπ’
3660 1143 3761 1195 αὐ-

2178 1242 2299 1309 τοῦ,
2345 1242 2436 1294 καὶ
2471 1241 2728 1311 κρύπτων
2757 1240 2819 1293 τὸ
2845 1238 3134 1312 πρόσωπον
3161 1236 3355 1291 ἑαυτοῦ
3373 1255 3385 1266 '
3417 1237 3554 1306 ὅπερ
3583 1235 3761 1288 ἐποίει

2177 1335 2305 1387 ποτὲ
2335 1333 2427 1386 κοιλ⁵
2457 1334 2550 1386 ἐπὶ
2581 1332 2880 1397 Μωϋσέως,
2927 1331 3238 1402 φειδόμενος
3265 1329 3430 1382 αὑτοῦ
3451 1370 3464 1394 ,
3507 1329 3615 1392 ’ἐως
3669 1329 3766 1382 ἀν-

2179 1426 2396 1499 θρωπος
2431 1421 2518 1498 ἦν.
2557 1424 2915 1496 Ἀποστρέφει
2942 1427 2969 1479 ὁ
2994 1425 3126 1485 Θεὸς
3163 1423 3224 1476 τὸ
3277 1423 3563 1494 πρόσωπον
3592 1421 3762 1476 αὐτοϋ

2183 1516 2572 1589 κηδεμονικῶς,
2601 1517 2726 1570 ὅταν
2765 1516 2959 1582 ἀνάξια
2987 1515 3094 1570 τῶν
3129 1513 3356 1568 ἐντολῶν
3393 1513 3557 1568 αὐτοῦ
3585 1515 3765 1586 πράτ-

2179 1627 2380 1681 τωμεν.
2427 1610 2578 1662 Ποιεῖ
2620 1609 2676 1662 δὲ
2720 1608 2878 1662 τοῦτο
2933 1609 3019 1663 ἵνα
3056 1609 3201 1678 ἡμᾶς
3248 1608 3642 1678 ἐπισπάσηται.
3691 1609 3763 1660 Ἦ

2178 1702 2298 1755 ἐπεὶ
2332 1702 2619 1773 πρόσωπον
2662 1700 2755 1754 τοῦ
2792 1701 3001 1773 Πατρὸς
3043 1700 3171 1764 Υἱὸς
3195 1743 3208 1767 ,
3259 1700 3400 1753 αἰτεῖ
3461 1699 3763 1771 ταχύτερον

2178 1795 2341 1849 αὑτοῦ
2385 1794 2637 1865 γενέσθαι
2663 1793 2761 1866 τὴν
2790 1795 3082 1864 σάρκωσιν,
3129 1793 3187 1846 τὸ
3221 1790 3428 1846 τοιοῦτο
3473 1793 3640 1864 ῥητὸν
3675 1793 3764 1846 τὲ-

2179 1885 2379 1941 θεικεν.

2252 1999 2400 2066 Ἕως
2439 1999 2602 2065 τινος
2652 1997 2910 2068 θήσομαι
2957 1995 3195 2064 ,βουλὰς
3252 1997 3322 2051 ἐν
3375 1995 3550 2065 ψυχῇ
3604 2013 3757 2066 μου,

2178 2107 2232 2146 κ.
2278 2106 2328 2142 τ.
2377 2089 2424 2142 ὲ.
2466 2088 2667 2153 Βουλάς
2696 2088 2905 2142 τίθεται
2932 2105 3016 2150 τις
3038 2087 3148 2158 (Η)
3185 2087 3398 2159 πρῶτον
3423 2085 3676 2148 πλείονας
3702 2089 3761 2139 ἐν

2176 2184 2241 2254 τῇ
2275 2182 2418 2253 ψυχῇ
2453 2181 2618 2236 αὑτοῦ
2638 2222 2653 2246 ,
2685 2176 2803 2234 εἶτα
2825 2181 2918 2234 ἐπὶ
2943 2180 3086 2233 τέλει
3119 2179 3214 2251 τὴν
3237 2178 3327 2233 ἐπὶ
3349 2181 3481 2232 πᾶσι
3513 2179 3760 2250 μεγάλην

2178 2273 2368 2344 βουλὴν
2401 2273 2499 2344 τὴν
2538 2271 2633 2326 τοῦ
2667 2271 2826 2334 Θεοῦ,
2879 2269 2945 2344 ἧς
2977 2272 3038 2326 τὸ
3079 2271 3293 2343 πνεῦμα
3341 2271 3762 2324 ὲπανεπαύσατο

2175 2367 2270 2420 ἐπὶ
2301 2366 2400 2437 τὴν
2434 2365 2494 2431 ἐξ
2536 2365 2734 2420 Ἰεσσαὶ
2769 2365 2980 2437 ῥάϐδον.

2247 2481 2511 2538 Φώτισον
2533 2483 2675 2551 τοὺς
2700 2483 3044 2553 ὀφθαλμούς
3065 2499 3206 2551 μου,
3220 2479 3302 2551 μή
3325 2493 3470 2533 ποτε
3499 2478 3762 2534 tim-(bow

2175 2578 2262 2641 εἰς
2297 2575 2576 2641 θάνατον,
2615 2593 2670 2630 κ.
2703 2594 2750 2630 τ.
2791 2575 2836 2628 ὲ.
2883 2595 2899 2626 ι
2933 2574 3205 2627 Φωτίσατε
3248 2573 3458 2636 ἑαυτοῖς
3499 2571 3612 2642 (l2)
3643 2571 3760 2641 φῶς

2179 2665 2453 2733 γνώσεως.
2483 2686 2500 2717 ι
2544 2667 2632 2729 Ὠς
2673 2666 2730 2719 ὲν
2770 2665 2949 2718 σκότει
2983 2666 3101 2727 ταῖς
3139 2665 3444 2735 συμφοραῖς
3497 2662 3759 2734 περιέχο-

2179 2774 2312 2826 μαι,
2362 2757 2456 2810 καὶ⁵
2489 2758 2536 2810 εί
2571 2757 2644 2828 μὴ
2690 2756 2789 2827 μοῦ
2823 2761 2883 2810 τὸ
2909 2757 3006 2827 τῆς
3043 2755 3276 2827 ἀθυμίας
3317 2754 3600 2826 ἀπελάσῃς
3629 2755 3760 2808 σκό-

2174 2866 2286 2914 τος,
2315 2848 2428 2902 ἀλλ’
2465 2849 2676 2922 ὑπερϐῇ
2732 2849 2828 2921 τὴν
2866 2847 3136 2919 βοήθειαν,
3167 2850 3248 2912 είς
3273 2847 3502 2901 Θάνατον
3529 2850 3560 2902 ὁ
3591 2847 3760 2911 ὕπνος

497 2955 737 3007 somnus,
775 2959 898 2999 cum
926 2944 1142 3000 tristitia
1178 2961 1402 3016 prorsus
1429 2947 1667 3002 animam
1699 2963 1874 3003 meam
1898 2962 2066 3003 occu-

2184 2941 2672 3012 μεταϐληθήσεται,
2710 2941 2808 3011 τῆς
2843 2941 3019 3012 λύπης
3058 2939 3332 3004 παντελῶς
3366 2939 3460 2993 τοῦ
3494 2937 3758 3011 λογισμοῦ

496 3035 724 3102 paverit.

571 3145 732 3201 Vens.
757 3147 809 3201 5.
837 3145 921 3202 Ne
936 3149 1144 3218 quando
1167 3150 1308 3204 dicat
1334 3150 1576 3205 inimicus
1602 3168 1745 3207 meus
1765 3167 1783 3206 :
1807 3150 2069 3206 Prwvalui

495 3239 748 3293 adiiersus
783 3255 920 3294 eum.
973 3241 1196 3307 Quoties
1237 3257 1546 3312 peccamus,
1590 3245 1751 3300 toties
1781 3245 1911 3301 dicit
1965 3245 2069 3300 ini-

494 3329 668 3384 micus
695 3345 707 3382 :
738 3349 757 3381 ι
799 3329 1058 3398 Praevalui
1087 3330 1346 3387 adversus
1381 3347 1529 3388 eum.
1561 3334 1662 3401 Qui
1693 3335 1954 3390 tribulant
1983 3350 2068 3391 me

493 3407 907 3478 exsultabunt,si
941 3429 1122 3476 motus
1152 3421 1329 3478 fuero.
1370 3442 1390 3475 ι
1422 3424 1610 3495 Angeli
1642 3427 1877 3494 gaudent
1907 3441 2069 3498 super

492 3513 902 3579 pmnitentibus,
928 3513 1201 3570 daemones
1219 3529 1378 3586 super
1400 3519 1752 3585 peccantibus
1771 3519 2065 3575 exsultant.

494 3599 572 3654 Illi
603 3601 746 3656 enim
783 3603 1018 3669 virtutis,
1049 3605 1104 3659 lli
1146 3606 1368 3660 malitias
1408 3617 1681 3664 amatores
1715 3618 1860 3664 sunt.
1886 3609 1939 3664 In
1967 3624 2065 3665 ex-

493 3693 785 3749 sultatione
819 3705 875 3750 et
902 3695 1088 3751 laetitia
1126 3708 1304 3762 erunt,
1339 3699 1383 3754 si
1410 3699 1568 3756 modo
1594 3700 1826 3756 viderint
1859 3717 1946 3758 me
1997 3703 2068 3757 ab

491 3798 556 3840 ea
589 3800 708 3856 qua:
729 3786 784 3841 in
821 3796 871 3842 te
901 3798 1004 3855 est,
1033 3804 1127 3859 spe
1149 3789 1353 3860 lapsum
1373 3802 1429 3847 et
1461 3793 1859 3863 desperantem.

564 3986 844 4058 Ejusdem.
873 3987 1027 4045 Licet
1051 4004 1154 4046 non
1193 3989 1415 4046 omnino
1440 3990 1656 4058 cadam,
1689 3990 1850 4046 modo
1888 4002 2064 4048 tamen

496 4089 675 4134 motus
714 4077 887 4143 fuero,
933 4081 1690 4151 eXSultabuntquitribulant
1732 4097 1840 4150 me,
1891 4082 2066 4152 inquit

488 4169 775 4239 Propheta.
833 4168 902 4223 Et
959 4179 1019 4224 ut
1062 4171 1326 4240 Propheta
1377 4172 1510 4226 dicit
1567 4173 1618 4227 in
1666 4173 2064 4243 septuagesimo

2176 3049 2350 3105 κρατη
2359 3031 2548 3104 σάσης.

2249 3146 2343 3216 Μή
2366 3164 2508 3200 ποτε
2539 3148 2697 3201 εἴποι
2729 3150 2762 3202 ὀ
2786 3148 2999 3217 ἐχθρός
3021 3165 3161 3216 μου·
3197 3148 3450 3218 Ἴσχυσα
3469 3148 3622 3216 πρὸς
3647 3151 3756 3203 αὐ·-

2173 3239 2297 3293 τόν.
2347 3240 2566 3304 Ὁσάκις
2597 3239 3000 3311 ἁμαρτάνομεν,
3049 3240 3371 3304 τοσαυτάκις
3411 3240 3561 3310 λέγει
3598 3241 3759 3296 τοῦτο

2172 3330 2202 3382 6
2251 3331 2463 3403 ἐχθρός
2518 3351 2535 3384 ι
2567 3333 2790 3402 ’ἰσχυσα
2829 3332 2965 3404 πρὸς
3006 3332 3186 3386 αὐτόν.
3244 3335 3306 3386 Ol
3363 3333 3638 3398 θλίϐοντες
3691 3353 3758 3406 με

2171 3421 2612 3491 ἀγαλλιάσονται,
2647 3422 2740 3475 ἐὰν
2771 3421 3036 3475 σαλευθῶ.
3073 3441 3092 3473 ι
3128 3422 3190 3475 Οἱ
3220 3421 3438 3491 ἄγγελοι
3471 3423 3759 3494 χαίρουσιν

2175 3514 2270 3568 ἐπὶ
2305 3518 2418 3580 τοῖς
2464 3514 2834 3586 μετανοοῦσιν,
2871 3517 2919 3568 οἱ
2963 3514 3214 3585 δαίμονες
3245 3514 3336 3567 ἐπὶ
3363 3517 3475 3578 τοῖς
3500 3516 3758 3586 ἀμαρτάο

2171 3622 2350 3660 νουσιν
2383 3607 2722 3676 ἀγάλλονται.
2757 3609 2816 3661 Οἱ
2850 3607 2949 3678 μὲν
2978 3607 3084 3678 γάρ
3116 3607 3170 3662 τέ
3203 3608 3338 3660 εἰσιν
3372 3608 3595 3678 ἀρετῆς.
3627 3611 3678 3662 oi
3702 3609 3756 3662 δὲ

2169 3695 2370 3760 κακίας
2405 3696 2652 3768 ἐρασταί.
2698 3699 2785 3751 Ἑν
2809 3698 3126 3766 ἀγαλλιάσει
3163 3698 3374 3751 ἔσονται
3411 3699 3506 3752 καὶ
3555 3700 3754 3771 εὐφρο-

2172 3786 2329 3859 σύνῃ,
2360 3788 2455 3842 ὲάν
2479 3789 2638 3859 μόνον
2661 3789 2810 3842 ἴδωσί
2841 3807 2906 3861 με
2930 3791 3028 3860 τῆς
3057 3793 3136 3853 εἰς
3165 3789 3222 3842 σὲ
3245 3789 3452 3853 ἐλπίδος
3474 3792 3757 3844 ἐκπεπτω-

2177 3878 2309 3933 κότα
2338 3879 2432 3933 καὶ
2464 3880 2860 3935 ἀπελπίσαντα.

2244 3990 2352 4046 Τοῦ
2380 3991 2586 4046 αὐτοῦ.
2621 3992 2739 4047 Κᾶν
2769 3993 2843 4066 μὴ
2873 3993 3151 4057 παντελῶς
3178 3993 3349 4058 πέσω,
3379 3994 3540 4065 μόνον
3567 3995 3628 4048 δὲ
3659 4011 3754 4048 σα-

2167 4086 2361 4154 λευθῶ,
2390 4090 2438 4142 οἱ
2474 4088 2745 4153 θλίϐοντές
2780 4107 2849 4160 με
2886 4087 3325 4158 ἀγαλλιάσονται,
3361 4090 3527 4160 φησὶν
3555 4091 3584 4142 ὁ
3615 4093 3754 4162 Προ-

2168 4181 2362 4250 φήτης.
2398 4182 2507 4234 Καὶ
2528 4180 2603 4245 ὡς
2629 4183 2657 4234 ὁ
2681 4182 2970 4254 Προφήτης
3003 4182 3165 4252 φησὶν
3188 4183 3243 4234 ἐν
3270 4179 3348 4252 τῷ
3369 4181 3755 4254 ἑϐδομηκοστῷ

490 4259 735 4316 secundo
778 4260 988 4330 psalmo
1011 4260 1056 4293 ³³
1092 4278 1105 4314 :
1137 4284 1154 4312 ι
1194 4261 1292 4315 Mei
1343 4273 1520 4317 autem
1577 4275 1714 4332 pens
1765 4264 1892 4318 moti
1941 4272 2067 4319 sunt

2184 4270 2402 4342 ῑευτέρῳ
2428 4271 2646 4344 ψαλμῷ
2693 4291 2711 4324 ι
2757 4272 2920 4344 Ἐμοῦ
2959 4273 3016 4326 δὲ
3043 4273 3193 4345 παρά
3225 4275 3417 4347 μικρὸν
3457 4275 3758 4347 ἐσαλεύθη-

491 4351 675 4421 pedes.

561 4465 838 4538 Ejusdem.
881 4467 1124 4540 Magnam
1153 4470 1232 4525 eis
1260 4469 1498 4525 laetitiam
1531 4468 1688 4524 affert
1721 4468 1949 4524 aliorum
1980 4471 2066 4524 la—

491 4575 640 4628 psus,
669 4561 760 4630 qui
789 4561 1058 4616 tristitiam
1084 4563 1262 4633 potius
1285 4577 1476 4632 parere
1500 4561 1739 4617 deberet.
1773 4561 1922 4628 Quod
1945 4561 2067 4631 qui—

492 4654 612 4708 dem
657 4661 744 4707 tua
780 4653 952 4709 fretus
980 4655 1352 4711 misericordia
1385 4670 1492 4710 non
1521 4655 1718 4725 patiar.
1747 4653 1877 4708 Nam
1918 4654 2068 4709 salu-

495 4756 610 4800 tare
635 4757 786 4800 tuum
810 4757 1083 4816 exspecto.
1105 4749 1158 4802 in
1180 4763 1287 4819 quo
1309 4748 1520 4803 laetatur
1535 4748 1624 4816 qui
1646 4747 1873 4802 salutem
1897 4762 1926 4800 a
1953 4746 2064 4803 Deo

491 4847 750 4908 expertus
781 4848 881 4893 est.
909 4838 1174 4893 Caeterum
1199 4840 1480 4909 prophetia
1512 4839 1581 4894 de
1619 4839 1833 4895 Christo
1867 4839 1917 4893 id
1942 4853 2067 4894 esse

488 4939 702 5000 potest,
739 4930 992 5001 quoniam
1038 4947 1158 4986 cum
1204 4932 1273 4986 ad
1324 4931 1506 4985 tnundi
1549 4933 1776 4986 salutem
1806 4931 2062 4998 venisset,

490 5021 836 5087 illuminavit,
879 5032 934 5076 et
965 5023 1230 5077 destruxit
1275 5037 1398 5077 eum
1435 5023 1525 5091 qui
1573 5022 1805 5093 superbe
1837 5023 1902 5078 de
1924 5022 2066 5078 'alio-

490 5133 608 5172 rum
641 5116 1042 5174 calamitatibus
1073 5118 1362 5189 gaudebat.
1397 5117 1711 5190 Respiciens
1734 5120 1878 5176 enim
1904 5121 2066 5178 adve-

561 5304 604 5335 ³²
631 5308 784 5360 Osee.
821 5320 874 5368 x,
908 5305 992 5358 l2.
1069 5303 1113 5336 ³³
1143 5303 1286 5361 Psal.
1312 5321 1480 5372 Lxxtt,
1503 5307 1557 5361 2.

559 5514 673 5588 (l0)
716 5515 960 5588 Μήποτε
1009 5518 1088 5584 ὡς
1138 5516 1286 5586 πρὸς
1319 5516 1385 5570 τὸ
1431 5517 1625 5585 τέλος,
1674 5529 1779 5576 etc.
1835 5519 2062 5577 Scltedte

489 5584 694 5651 Grabii,
727 5603 792 5642 ac
819 5587 1109 5642 Barbarus.

562 5654 604 5730 (ί
622 5658 671 5726 l)
694 5659 928 5730 Βουέὶις
951 5658 1172 5713 τίθεται
1193 5676 1300 5726 τις,
1326 5667 1428 5715 etc.
1454 5656 1676 5715 Schedw
1697 5660 1905 5730 Grabii,
1924 5661 2058 5718 Cor-

492 5727 695 5798 derius,
734 5739 786 5784 et
821 5727 1108 5785 Barbarus.

2173 4379 2271 4414 σαν
2297 4365 2345 4415 οί
2377 4362 2552 4427 πόδες.
2592 4383 2610 4414 ι

2247 4475 2356 4529 Τοῦ
2385 4477 2592 4531 αὑτοῦ.
2637 4477 3009 4550 Ἐπιχαίρουσι
3039 4479 3147 4551 γὰρ
3192 4478 3448 4533 πίπτουσι
3485 4480 3599 4548 (l5)
3621 4520 3638 4543 ,
3667 4482 3758 4535 λυ-

2173 4565 2387 4619 πεῖσθαι
2423 4567 2562 4622 δέον.
2591 4567 2770 4640 Ὅπερ
2797 4569 2856 4621 οὐ
2882 4570 3141 4640 πείσομαι
3170 4568 3306 4622 ἐλέει
3334 4570 3412 4642 τῷ
3443 4569 3539 4641 σῷ.
3569 4571 3754 4643 Προσ-

2168 4656 2310 4710 δοκῶ
2351 4657 2459 4731 γάρ
2507 4676 2599 4713 σου
2641 4660 2701 4712 τὸ
2743 4661 3046 4732 σωτήριον,
3082 4661 3168 4729 ἐφ’
3274 4679 3358 4726 τις
3397 4662 3756 4733 εὐφραίνεται

2172 4751 2366 4820 πεῖραν
2393 4749 2526 4804 Θεοῦ
2555 4751 2829 4824 σωτηρίας
2867 4751 3024 4824 ἔχων.
3052 4753 3284 4807 Δύναται
3316 4753 3373 4807 δὲ
3407 4755 3502 4807 καὶ
3536 4772 3758 4826 προφη-

2168 4841 2291 4894 τεία
2339 4838 2477 4896 εἶναι
2511 4844 2639 4915 περὶ
2671 4843 2930 4915 Χριστοῦο
2979 4844 3147 4900 ἐλθὼν
3179 4845 3289 4918 γὰρ
3331 4845 3422 4899 ἐπὶ
3473 4848 3756 4920 σωτηρίαν

2172 4936 2398 5007 κόσμου,
2425 4939 2658 5008 ὲφώτισέ
2688 4957 2746 4994 τε
2768 4941 2864 4995 καὶ
2891 4941 3103 4996 καθεῖλε
3126 4942 3218 4997 τὸν
3237 4943 3602 5016 ὑπερηφάνως
3629 4947 3756 4998 ἐπι-

2170 5029 2428 5100 χαίροντα
2463 5033 2578 5096 τοῖς
2608 5033 3006 5106 κλονουμένοις.
3055 5035 3380 5106 Ἐπιϐλέψας
3418 5037 3526 5106 γὰρ
3555 5035 3758 5107 ἐπεδή-

2176 5141 2368 5195 μησεν.
2407 5128 2466 5180 Ὀ
2501 5127 2557 5182 δὲ
2591 5129 2841 5184 εὐπαθῶν
2869 5130 3130 5184 ἐπινίκιον
3160 5129 3327 5199 ὕμνον
3356 5130 3620 5200 προσάγει
3663 5129 3760 5183 λέ·-

2171 5542 2174 5544 ν
2241 5515 2355 5587 (12)
2384 5516 2682 5587 Φωτίοιαζε
2708 5511 2960 5587 ἑαυτοῖς,
3007 5519 3110 5567 etc.
3147 5509 3189 5564 E
3213 5511 3400 5567 codice
3442 5511 3762 5583 Anglicano

2170 5585 2286 5643 haec
2311 5585 2596 5653 exscripsit
2618 5585 2872 5639 Grahius.

2241 5657 2352 5725 (1⁸5)
2392 5650 2796 5725 Ἐπὶχαίίρουσι
2839 5651 2949 5725 γὰρ
2981 5653 3287 5717 πίπτουσι,
3317 5661 3420 5706 etc.
3451 5650 3491 5706 E
3540 5651 3756 5708 Catena

2177 5723 2392 5799 collegii
2418 5725 2538 5781 novi
2573 5723 2918 5780 Oxonicnsis.
