3822 6488
207 279 346 334 ιεοδ

1230 287 1540 346 SELECTA
1572 291 1640 346 IN
1669 293 2004 352 PSALMOS.
2033 331 2104 340 —-
2138 301 2331 360 PSAL.
2364 301 2499 360 XIII.

3319 317 3338 370 1
3351 315 3455 371 206

199 418 335 470 γιον⁴
369 400 562 474 ι”ᾼσω
604 401 680 474 τῷ
723 403 912 476 Κυρίῳ
959 405 1034 478 τῷ
1085 408 1504 482 εύεργετήσαντί
1556 431 1644 485 με,
1685 417 1763 470 κατ

1883 420 1982 476 ait.
2019 420 2170 478 Unde
2195 425 2460 494 propheta
2495 424 2758 483 beneﬂcio
2789 427 3014 486 allectus
3049 428 3290 487 victoriae
3323 447 3454 488 can-

196 491 354 563 ψαλῶ
404 491 482 564 τῷ
530 494 752 564 ὀνόματι
803 497 1008 570 Κυρίου
1042 499 1134 554 τοῦ
1176 501 1421 572 ὑψίστου,
1460 523 1478 556 ι
1515 523 1775 578 πραγμα-

1882 512 2044 568 ticum
2075 516 2223 570 canit
2255 517 2438 573 dicens
2473 536 2488 576 :
2528 537 2547 571 ι
2596 518 2840 578 Cantabo
2874 523 3128 589 Domino,
3169 525 3262 594 qui
3317 526 3457 583 bona

197 585 368 668 τικῷς
419 585 604 656 μαθὼν
645 589 706 642 τὸ
749 592 885 664 πρὸς
933 593 1060 658 τοὺς
1113 594 1438 666 εὐχομένους
1469 597 1646 664 καλῶς
1674 600 1763 653 ὑπὶ

1880 604 2068 660 tribuit
2096 607 2247 674 mihi,
2278 617 2332 664 et
2379 611 2600 680 psallam
2639 615 2841 670 nomini
2875 614 3089 672 Domini
3114 585 3386 675 altissimi.
3429 639 3449 674 ι

196 675 294 729 τοῦ
340 676 544 747 Κυρίου
585 677 903 752 λεγόμενον·
967 701 984 734 ι
1012 683 1132 737 Ἔτι
1187 701 1278 738 σου
1320 684 1605 751 λαλοῦντος
1646 689 1772 761 ἐρῶ·

212 767 343 821 Ἰδοὺ
373 769 626 841 πάρειμι.
669 791 686 824 ι
723 774 891 843 Λέγει
920 778 1032 840 τοῖς
1064 775 1311 830 συνοῦσιν
1351 777 1427 844 ὡς
1472 773 1546 834 ὧν
1587 781 1777 853 ἤθελεν

197 856 388 928 ἔτυχε·
452 861 532 914 διὸ
581 864 674 917 καὶ
729 865 908 938 ὑμνεῖ.
968 867 1124 922 Οὕτω
1183 869 1263 924 δεῖ
1316 873 1410 926 καὶ
1463 875 1611 944 ἡμᾶς
1655 877 1775 932 καθ’

196 951 434 1024 ἑκάστην
465 953 609 1026 ᾄδειν
635 957 952 1030 εὐεργεσίαν
981 963 1046 1033 τῇ
1078 961 1298 1038 θεωρίᾳ,
1328 965 1421 1020 καὶ
1451 965 1527 1038 τῷ
1555 967 1776 1038 ψάλλειν

195 1043 394 1114 πρᾶξιν
419 1047 744 1116 ἐπάγοντας.

273 1243 426 1316 Ἐγὼ
450 1245 518 1302 δὲ
539 1249 638 1303 ἐπὶ
666 1249 746 1316 τῷ
773 1253 931 1308 ἐλέει
966 1271 1082 1312 σου
1129 1257 1382 1326 ἤλπισα·
1405 1263 1770 1332 ἀγαλλιάσε-

188 1354 286 1392 tat
340 1340 380 1408 ἡ
425 1341 642 1410 καρδία
677 1363 796 1414 μου
847 1347 918 1400 ἐν
950 1347 1030 1415 τῷ
1063 1354 1334 1420 σωτηρίῳ
1361 1369 1498 1421 σου,
1536 1374 1590 1410 κ.
1633 1375 1686 1412 τ.
1721 1358 1768 1412 ὲ.

203 1429 430 1485 Ἐκεῖνοι
463 1433 560 1504 μὲν
591 1437 966 1509 ἐπιχαίροντες
993 1441 1103 1513 (14)
1137 1445 1202 1515 τῇ
1240 1445 1444 1500 πτώσει
1470 1465 1570 1518 μου
1605 1465 1771 1520 προσ-

186 1521 418 1579 δοκῶσιν
452 1527 900 1601 ἀγαλλιασθῆναι”
947 1533 1060 1604 ἐγὼ
1087 1535 1142 1589 δὲ
1173 1537 1264 1591 ἐπὶ
1299 1540 1380 1592 σοὶ
1405 1541 1497 1594 καὶ
1523 1540 1601 1612 τῷ
1630 1541 1770 1596 ἐλέει

184 1613 268 1685 τῷ
299 1616 378 1686 σῷ
402 1617 626 1688 ἤλπισα.

261 1708 424 1777 ᾊσω
446 1709 524 1776 τῷ
549 1712 742 1781 Κιφίῳ
767 1715 847 1782 τῷ
869 1719 1331 1789 susp-[enicaret
1342 1739 1437 1792 με,
1467 1724 1560 1777 καὶ
1591 1722 1766 1792 ψαλῶ

180 1797 266 1864 τῷ
294 1801 534 1871 ὀνόματι
565 1806 786 1872 Kvplov
815 1807 921 1861 τοῦ
947 1811 1214 1878 ὑψίστου
1235 1853 1248 1878 ,
1275 1831 1329 1866 κ.
1365 1831 1414 1866 τ.
1451 1815 1496 1866 ὲ.
1530 1814 1586 1867 Ὁ
1610 1816 1764 1887 εὐερ-

179 1893 434 1962 γετηθεὶς
465 1896 576 1966 (15)
614 1898 786 1968 ᾀδέτω
805 1940 820 1964 ,
851 1902 945 1955 καὶ
970 1904 998 1956 ὁ
1026 1903 1276 1974 εὐθυμῶν
1321 1905 1586 1975 ψαλλέτω.
1625 1909 1763 1980 Φησὶ

178 1986 311 2058 γάρ·
347 2007 366 2039 ι
400 1989 641 2062 Εὑθυμεῖ
665 2011 746 2059 τις
771 1997 828 2048 ὲν
866 1999 1032 2068 ὴμῖν;
1060 1999 1329 2070 ψαλλέτω.
1359 2021 1377 2052 ι
1397 2003 1543 2069 Ἕξω
1567 2005 1661 2058 καὶ
1682 2005 1761 2069 είς

119 2123 122 2126 .
175 2075 272 2129 τὸν
316 2077 442 2150 ἑξῆς
493 2082 684 2153 χρόνον
723 2086 1078 2162 ἀνεπίληστον
1117 2092 1174 2144 ὲν
1204 2093 1269 2162 τῇ
1305 2090 1448 2163 ψυχῇ
1483 2094 1582 2164 τῆς
1613 2095 1762 2166 εὐερ-

175 2168 370 2236 γεσίας
400 2170 460 2225 τὸ
498 2173 726 2244 μέγεθος

725 2405 1018 2462 ΨΑΛΜΟΣ
1059 2409 1154 2464 II".

251 2483 436 2544 Εἶπεν
461 2489 664 2561 ἄφρων
691 2495 762 2550 ἐν
796 2499 1010 2569 καρδίᾳ
1041 2501 1248 2556 αὐτοῦ⁵
1283 2505 1404 2558 Οὐκ
1432 2503 1564 2560 ἔστι
1595 2509 1757 2576 Θεός.

167 2579 226 2633 Δι
245 2581 593 2652 εφθάρησαν
621 2587 718 2640 καὶ
739 2589 1195 2660 ἐϐδελύχθησαγ
1221 2595 1290 2650 ἐν
1309 2595 1756 2668 ἐπιτηδεύμασι,

169 2684 234 2722 κ.
267 2685 316 2722 τ.
355 2670 401 2724 ὲ.
463 2671 525 2725 Εἰ
546 2675 602 2728 ὲν
629 2678 740 2740 τοῖς
772 2679 1167 2754 ἐπιτηδεύμασι
1195 2685 1304 2758 (16)
1332 2686 1756 2760 διαφθείρονται,

165 2761 276 2834 οὐχ
360 2763 537 2835 φαύλη
563 2765 737 2821 ἔννοια
765 2767 1066 2844 διαφθείρει
1100 2773 1252 2840 τινὰ,
1296 2775 1431 2830 ἀλλὰ
1462 2777 1520 2829 τὸ
1555 2777 1758 2851 ταύτης

166 2845 527 2925 ἀποτέλεσμα
575 2857 609 2928 ή
655 2861 844 2916 κακία.
932 2864 1064 2918 Ἀπὸ
1111 2866 1402 2932 διαθέσεως
1460 2845 1758 2942 καρδιακῆς

163 2944 421 3010 εἱπόντες
445 2947 520 3018 μὴ
544 2944 684 3004 εἶναι
715 2951 849 3009 Θεὸν
868 2996 883 3021 ,
922 2957 1229 3024 ἀκολούθως
1273 2960 1458 3016 λοιπὸν
1501 2963 1576 3026 ὡς
1609 2962 1756 3017 ἄθεοι

1879 695 2074 767 Reipsa
2109 698 2254 754 enim
2291 699 2628 758 didiceratet
2664 712 2919 775 expertus
2951 715 3090 772 eral,
3129 706 3270 778 quod
3295 721 3324 760 a
3349 705 3456 762 Do-

1878 789 2024 845 mino
2066 802 2212 846 recte
2263 794 2612 862 precantibus
2643 796 2843 850 dictum
2875 805 2956 854 est
2988 798 3071 852 "z
3109 817 3128 851 ι
3175 799 3368 855 Adhuc
3404 811 3455 856 te

1877 884 2130 952 loquente
2160 884 2337 940 dicam
2371 903 2384 941 :
2415 885 2554 942 Ecce
2604 889 2814 944 adsum.
2851 907 2869 942 ι
2906 891 3112 948 Amicis
3159 902 3344 948 narrat
3393 907 3456 948 se

1879 975 1986 1029 voti
2039 984 2344 1046 compotem
2393 993 2533 1042 esse,
2573 993 2741 1048 quare
2775 990 2830 1036 et
2871 982 3128 1053 hymnum
3158 985 3324 1040 canit.
3375 982 3452 1038 Ita

1876 1084 1974 1124 nos
2001 1084 2214 1140 quoque
2261 1071 2419 1126 decet
2465 1071 2675 1143 singula
2724 1073 2817 1128 Dei
2853 1075 3112 1132 beneﬁcia
3165 1077 3453 1134 recolendo

1875 1172 2055 1216 mente
2089 1176 2306 1227 canere,
2337 1171 2391 1217 et
2417 1178 2582 1232 opera
2619 1167 2926 1232 praestando
2956 1167 3208 1236 psallere.

1947 1253 2108 1308 Vens.
2137 1254 2190 1308 6.
2227 1254 2336 1326 Ego
2364 1265 2536 1309 autem
2577 1258 2630 1310 in
2675 1258 3038 1313 misericordia
3080 1270 3172 1316 tua
3207 1263 3452 1332 speravi;

1873 1345 2152 1400 exsultabit
2186 1361 2276 1400 cor
2303 1363 2474 1400 meum
2511 1347 2564 1400 in
2605 1347 2826 1401 salutari
2853 1359 2962 1413 tuo,
2991 1359 3095 1404 etc.
3127 1350 3200 1406 Illi
3231 1353 3450 1422 quidem

1874 1441 1940 1494 de
1979 1437 2130 1508 lapsu
2179 1452 2298 1492 meo
2337 1439 2635 1510 gaudentes
2679 1451 3000 1508 exspectant
3031 1441 3147 1497 fore
3182 1451 3240 1497 ut
3269 1444 3451 1500 exsul-

1875 1541 2008 1598 tent,
2063 1547 2162 1604 ego
2197 1547 2324 1588 vero
2377 1534 2433 1586 in
2489 1543 2539 1588 te
2581 1543 2637 1588 et
2685 1538 2738 1588 in
2786 1534 3156 1590 misericordia
3200 1545 3290 1591 tua
3321 1551 3448 1607 spe-

1873 1627 2012 1681 ravi.

1939 1717 2178 1774 Cantabo
2213 1718 2432 1773 Domino
2460 1718 2550 1789 qui
2582 1719 2714 1772 bona
2745 1719 2926 1773 tribuit
2963 1719 3112 1784 mihi,
3152 1730 3200 1774 et
3223 1721 3449 1790 psallam

1871 1811 2071 1864 nomini
2103 1808 2317 1864 Domini
2339 1809 2606 1875 altissimi,
2643 1819 2747 1864 etc.
2787 1807 2888 1875 Qui
2922 1809 3184 1865 benetlcio
3222 1810 3448 1866 all'cctus

1869 1913 1974 1968 est,
2015 1911 2199 1966 canat,
2235 1912 2288 1956 et
2325 1902 2414 1972 qui
2449 1917 2606 1971 azquu
2641 1901 2824 1956 animo
2857 1909 2958 1966 est,
3007 1903 3201 1971 psallat
3239 1902 3303 1958 ³⁵.
3359 1904 3450 1956 Ait

1870 1994 2012 2049 enim
2045 2010 2056 2044 :
2097 2012 2117 2046 ι
2165 1993 2346 2063 ,λΕιιιιο
2377 1994 2502 2062 quis
2529 1993 2708 2048 animo
2741 1993 2858 2046 est?
2897 1993 3116 2062 psallat.
3157 2015 3174 2046 ι
3211 1993 3449 2051 Manebit

1869 2097 1926 2143 et
1963 2087 2014 2141 in
2043 2095 2318 2157 posterum
2355 2093 2568 2153 tempus
2603 2085 2656 2138 in
2701 2085 2878 2138 anima
2921 2099 3038 2140 mea
3077 2085 3450 2140 beneﬁcentia:

1867 2187 1974 2236 tua:
1998 2178 2334 2251 magnitudo,
2359 2192 2520 2248 quam
2550 2177 2694 2234 nulla
2723 2192 2958 2248 unquam
2995 2177 3198 2234 delebit
3221 2178 3443 2235 oblivio.

2303 2407 2464 2481 595
2503 2404 2826 2464 PSALMUS
2875 2403 3010 2461 XIII.

1936 2508 2102 2564 Vens.
2154 2505 2206 2560 1.
2261 2503 2408 2558 Dixit
2449 2502 2700 2572 insipiens
2755 2501 2809 2554 in
2848 2500 3008 2554 corde
3037 2515 3131 2553 suo
3164 2514 3182 2552 :
3225 2498 3344 2554 Non
3369 2511 3448 2555 est

1866 2604 2026 2659 Deus.
2040 2597 2288 2667 Corrupti
2310 2607 2429 2650 sunt
2443 2606 2488 2648 et
2507 2593 2881 2648 abominabiles
2905 2591 3032 2660 facti
3050 2603 3167 2648 sunt
3191 2593 3242 2649 in
3257 2596 3444 2650 studiis

1859 2696 1994 2758 suis,
2036 2700 2146 2746 etc.
2192 2687 2254 2744 Si
2282 2689 2335 2742 in
2371 2685 2567 2742 studiis
2602 2693 3051 2753 corrumpuntur,
3103 2699 3209 2738 non
3259 2685 3446 2754 utique

1861 2783 2004 2840 mala
2035 2779 2292 2852 cogitatio
2341 2775 2646 2845 corrumpit
2683 2774 3012 2844 quempiam,
3053 2775 3145 2828 sed
3175 2774 3292 2844 ejus
3317 2773 3446 2830 elI'e.

1862 2885 1982 2931 ctus
2009 2873 2240 2928 malitia.
2293 2867 2430 2926 Cum
2472 2883 2538 2924 ex
2583 2867 2766 2923 cordis
2803 2867 3002 2922 allectu
3039 2865 3302 2922 dixissent
3335 2882 3444 2922 non

1860 2979 1979 3022 esse
2003 2965 2197 3029 Deum,
2228 2968 2624 3029 consequenter
2642 2957 2860 3013 utathei
2891 2958 3164 3024 vixerunt,
3189 2967 3244 3014 et
3275 2958 3444 3012 vitam

159 3029 430 3130 ξὸίωσαν,
456 3035 550 3087 καὶ
576 3037 666 3091 τὸν
695 3036 806 3108 βίον
829 3039 984 3113 ἔσχον
1009 3043 1403 3116 διεφθαρμένον
1440 3047 1534 3100 καὶ
1574 3049 1753 3122 πάσης

1874 3067 2088 3130 egerunt
2114 3064 2428 3126 corruptam
2463 3061 2519 3109 et
2545 3052 2693 3108 omni
2723 3051 3066 3107 immunditia
3095 3051 3334 3122 plenam.

159 3121 512 3196 ἀκαθαρσίας
541 3128 845 3185 ἀνάπλεων.

241 3217 472 3285 Πάντες
498 3219 818 3284 ἐξέκλιναν
837 3264 850 3288 ,
887 3223 1006 3294 ἅμα
1033 3225 1451 3297 ἡχρειώθησαν
1469 3271 1483 3299 ,
1534 3251 1588 3286 κ.
1615 3251 1668 3288 τ.
1701 3234 1749 3288 ὲ.

155 3307 234 3360 οι
259 3307 506 3377 λέγοντες
533 3311 666 3383 (17)·
690 3333 708 3365 ι
734 3315 918 3368 Δοῦλοι
941 3318 1148 3389 ἀχρεῖοί
1173 3320 1359 3390 ἐσμεν,
1383 3341 1401 3373 ι
1425 3323 1645 3395 δυνάμει
1667 3325 1753 3379 λέ-

155 3415 380 3468 γουσιν,
425 3402 724 3476 Ἦχρειώθη
735 3424 852 3477 μεν.

247 3493 344 3557 Τίς
377 3491 556 3546 δώσει
586 3495 652 3548 ἐκ
685 3497 840 3550 Σιὼν
879 3500 944 3552 τὸ
991 3501 1290 3572 σωτήριον
1319 3507 1424 3562 τοῦ
1477 3509 1751 3578 Ἰσραή.1;

154 3601 224 3637 κ.
259 3602 310 3638 τ.
349 3587 394 3638 ἐ.
457 3605 474 3637 ι
499 3585 655 3652 ’Ἥξει
686 3591 748 3643 ὲκ
779 3590 916 3644 Σιὼν
948 3593 1055 3666 (18)
1080 3598 1107 3648 ὁ
1132 3597 1426 3669 ῥυόμενος,
1483 3601 1578 3654 καὶ
1613 3603 1750 3655 ἀπο-

155 3676 398 3747 στρέψει
433 3677 688 3743 ἀσεϐείας
719 3682 824 3734 ἀπὸ
865 3683 1078 3740 Ἰακώϐ.
1113 3707 1130 3740 ι
1187 3689 1248 3741 Ei
1285 3690 1342 3742 δὲ
1386 3693 1449 3744 ὲκ
1483 3691 1620 3746 Σιὼν
1657 3693 1750 3766 ἔρ-

147 3783 326 3857 χεται
360 3770 388 3821 ὁ
413 3771 601 3842 Σωτὴρ
621 3813 635 3837 ,
685 3773 848 3837 αὐτὸς
872 3775 928 3829 δὲ
961 3779 1024 3830 ἐκ
1068 3778 1160 3832 τοῦ
1195 3782 1407 3853 Πατρὸς
1438 3785 1626 3857 ἐξῆλθε
1657 3789 1752 3840 κα)⁹

149 3855 339 3932 ἧκεν,
375 3863 408 3932 ἡ
453 3863 591 3917 Σιὼν
641 3865 736 3919 νῦν
775 3867 1041 3940 σύμϐολόν
1078 3873 1193 3926 ἐστι
1233 3874 1323 3928 τοῦ
1374 3855 1611 3949 Πατρός.
1675 3879 1748 3933 Οὐ

147 3953 270 4022 τὴν
323 3955 619 4027 γενομένην
679 3961 952 4032 σωτηρίαν
1001 3967 1115 4028 τοῖς
1161 3967 1253 4020 ἐπὶ
1305 3967 1545 4040 Ἐζεκίου
1593 3973 1750 4043 μόνον

147 4047 600 4117 προσαγορεύει,
653 4051 788 4104 ἀλλὰ
817 4055 912 4107 καὶ
955 4055 1054 4126 τὴν
1101 4057 1317 4123 πολλοῖς
1362 4059 1586 4134 ὕστερον
1627 4065 1752 4136 χρό-

147 4156 282 4203 νοις
314 4142 612 4215 γενομένην
645 4145 851 4200 ὲκείθεν
882 4147 977 4200 τοῦ
1009 4149 1259 4222 Σωτῆρος
1288 4153 1444 4224 ἡμῶν
1479 4157 1746 4228 σωτήριον

145 4233 506 4301 ἐπιφάνειαν.
573 4235 797 4291 Πάντων
836 4239 944 4311 γὰρ
998 4241 1394 4310 ἐκκλινάντων,
1436 4247 1749 4318 ἀναγκαίως

145 4321 274 4377 ἔδει
307 4323 490 4378 λοιπὸν
541 4331 796 4399 παρεῖναι
839 4331 928 4384 τὸν
969 4332 1266 4403 δυνάμενον
1313 4338 1529 4407 ἀφεῖναι
1563 4341 1745 4414 ἀμαρ-

143 4415 288 4478 τίας
321 4416 416 4468 καὶ
446 4415 637 4474 σῶσαι.
699 4438 718 4470 ι
743 4421 835 4474 Ἐκ
877 4421 1013 4476 Σιὼν
1045 4443 1061 4475 ι
1097 4425 1174 4488 δὲ,
1222 4427 1302 4479 ὅτι
1343 4429 1406 4482 ὲκ
1435 4429 1747 4502 σπέρματος

159 4505 428 4578 Ἰσραὴλ,
473 4509 565 4562 καὶ
601 4509 682 4562 ὅτι
724 4512 788 4564 ὲκ
823 4511 958 4592 Σιὼν
981 4514 1161 4584 ﬁgam}
1199 4518 1512 4589 ἐρχόμενος,
1543 4521 1621 4585 ὡς
1651 4523 1746 4592 γέ-

139 4615 428 4671 γραπται.
469 4619 487 4652 ι
527 4601 613 4654 Ἐν
645 4601 722 4674 τῷ
752 4589 1075 4677 ἐπιστρέψαι
1103 4607 1306 4679 Κύριον
1339 4611 1434 4683 τὴν
1469 4589 1746 4684 αἰχμαλω-

143 4689 286 4744 σίαν
334 4689 426 4742 τοῦ
473 4691 602 4745 λαοῦ
646 4693 832 4748 αὐτοῦ.
861 4715 878 4748 ι
930 4697 1290 4768 Αίχμαλωσία
1337 4701 1484 4754 ἐστὶν
1544 4705 1576 4774 ή
1637 4707 1745 4760 ἀπὸ

139 4779 418 4850 γνώσεως
443 4781 533 4834 καὶ
559 4784 758 4856 ἀρετῆς
783 4786 874 4839 ἐπὶ
903 4788 1176 4856 ἀγνωσίαν
1221 4791 1314 4843 καὶ
1352 4791 1546 4847 κακίαν
1585 4794 1746 4850 ἀκού-

139 4890 277 4936 σιος
323 4876 643 4944 μετάϐασις.
701 4896 720 4930 ι
775 4880 1187 4948 Ἀγαλλιάσεται
1241 4883 1468 4949 Ἰακὼϐ,
1523 4887 1614 4940 καὶ
1655 4889 1744 4942 εύ-

133 4965 533 5036 φρανθήσεται
584 4970 819 5042 Ἰσραήλ.
849 4991 866 5023 ι
920 4972 1332 5041 Ἀγαλλιάσεται
1367 4976 1464 5046 μὲν
1508 4979 1536 5030 ὁ
1567 4997 1742 5051 πρατ-

131 5057 317 5130 τικὴν
348 5059 616 5116 ἀπάθειαν
642 5064 983 5135 κτησάμενος
1002 5083 1016 5095 ·
1064 5066 1413 5138 εὐφραίνεται
1443 5070 1504 5123 δὲ
1538 5073 1564 5124 ὁ
1598 5089 1740 5141 γνω-

133 5150 354 5220 πικῆς
383 5149 612 5223 θεωρίας
639 5154 1015 5220 καταξιωθείς.

230 5243 350 5297 Τοῦ
385 5245 592 5300 αὐτοῦ.
630 5248 858 5319 Μυρίων
881 5250 975 5303 ἐπὶ
1023 5251 1122 5323 τὴς
1155 5253 1482 5326 οἰκουμένης
1504 5255 1612 5328 (19)
1656 5275 1744 5311 κυ-

225 5336 276 5370 ⁸”
320 5339 422 5394 lsa.
451 5356 604 5406 LVIII,
628 5341 681 5397 9.
759 5345 801 5376 ³⁵
824 5343 1016 5402 Jacob.
1044 5363 1095 5414 ν,
1126 5349 1214 5404 15.
1292 5351 1336 5383 ³⁸
1365 5352 1495 5407 Luc.
1519 5369 1650 5421 xvu,
1675 5354 1762 5410 lO.

413 5434 656 5490 Ἐκεῖνοι
707 5437 824 5508 μὲν
873 5439 1308 5510 ἐπιχαίροντες.
1355 5456 1463 5500 etc.
1518 5446 1745 5502 Schedte

463 5577 892 5648 εὐεργετηθείς,
914 5591 1016 5636 etc.
1051 5582 1273 5639 Schedm
1296 5587 1502 5643 Grabii.

228 5644 347 5787 (16)
365 5649 434 5700 Et
458 5649 526 5700 ἐν
541 5644 664 5715 τοῖς
687 5644 1138 5722 ἐέτιτῄδεύμασι,
1159 5667 1265 5712 etc.
1289 5656 1514 5713 Schedm
1529 5659 1734 5716 Grabii.

229 5716 323 5787 (17
386 5721 448 5774 Οἱ
477 5718 779 5787 λέγοντες,
816 5737 923 5780 etc.
971 5727 1195 5782 Scheda:
1221 5727 1432 5787 Grabii,
1457 5743 1510 5786 et
1541 5732 1734 5787 Corde-

129 5716 280 5846 ri
299 5716 346 5787 7)
386 5721 448 5774 Ol
477 5718 779 5790 λέγοντες,
816 5716 923 5780 etc.
964 5716 1195 5782 Schella:
1221 5727 1432 5797 Grabii,
1457 5743 1510 5786 et
1541 5732 1738 5788 Corde-

1931 3239 2169 3295 Vsns.5.
2206 3237 2399 3293 Omnes
2439 3235 2854 3300 declinaverunt,
2895 3233 3054 3288 simul
3095 3233 3310 3289 inutiles
3357 3235 3460 3304 [αι--

1856 3333 1924 3384 cti
1947 3338 2094 3394 sunt,
2122 3338 2227 3385 etc.
2261 3327 2360 3394 Qui
2384 3324 2605 3380 dicunt:
2637 3343 2654 3375 ι
2683 3321 2834 3378 Servi
2863 3323 3080 3380 inutiles
3109 3339 3298 3380 sumus
3321 3325 3388 3392 ³⁸,
3415 3344 3436 3379 ι
3465 3365 3468 3368 ‹

1855 3424 2053 3478 virtute
2079 3421 2288 3486 dicunt,
2321 3418 2546 3474 Inutiles
2569 3417 2698 3472 facti
2727 3432 2935 3474 sumus.

1929 3514 2093 3570 Vens.
2129 3515 2178 3568 7.
2208 3513 2337 3578 Quis
2365 3511 2511 3564 dabit
2538 3526 2605 3564 ea:
2643 3510 2774 3566 Sion
2819 3509 3055 3565 salutare
3083 3509 3304 3566 Israel?
3330 3519 3436 3566 etc.

1859 3627 1876 3656 ι
1912 3605 2100 3660 Veniet
2126 3619 2190 3658 ex
2229 3603 2359 3658 Sion
2412 3603 2504 3672 qui
2549 3602 2768 3668 liberat,
2803 3609 2854 3655 et
2885 3610 3094 3657 avertet
3128 3601 3439 3672 impietates

1854 3713 1883 3750 a
1917 3697 2082 3751 Jacob
2114 3696 2180 3754 ³⁷,
2220 3715 2238 3747 ι
2273 3695 2329 3750 Si
2377 3710 2442 3749 ex
2497 3695 2626 3750 Sion
2665 3695 2813 3750 venit
2845 3693 3118 3758 Salvator,
3153 3694 3271 3764 ipse
3310 3709 3440 3750 vero

1854 3805 1920 3844 ex
1944 3788 2103 3846 Patre
2123 3788 2258 3844 exiit
2288 3797 2342 3842 et
2371 3787 2539 3853 venit,
2573 3785 2702 3842 Sion
2735 3787 2834 3842 hoc
2863 3787 2915 3840 in
2945 3787 3062 3842 loco
3088 3785 3264 3842 Patris
3290 3802 3440 3858 sym-

1854 3881 2034 3936 bolum
2061 3889 2165 3936 est.
2189 3879 2491 3934 Annuntiat
2523 3889 2702 3935 autem
2750 3878 2974 3934 salutem
3015 3894 3123 3934 non
3169 3879 3235 3933 iis
3261 3879 3436 3934 solum

1854 3974 1947 4044 qui
1980 3982 2222 4042 tempore
2240 3972 2487 4028 Ezechiae
2515 3980 2696 4038 erant,
2725 3971 2819 4028 sed
2849 3981 2902 4027 et
2939 3979 3057 4040 post
3090 3971 3256 4025 multa
3294 3979 3436 4027 tem»

1855 4080 1982 4134 pora
2030 4063 2156 4119 inde
2185 4064 2427 4120 futurum
2457 4065 2640 4121 multis
2672 4063 2964 4119 salutarem
2995 4061 3295 4119 Salvatoris
3337 4078 3438 4120 no-

1854 4157 1949 4211 stri
1984 4157 2294 4211 adventum.
2333 4155 2466 4210 Nam
2509 4171 2632 4212 cum
2671 4170 2862 4212 omnes
2909 4154 3296 4221 declinassent,
3338 4171 3438 4210 ne-

1854 4263 2006 4306 cesse
2031 4259 2150 4305 erat
2181 4259 2240 4305 ut
2267 4251 2484 4306 adesset
2522 4251 2610 4318 qui
2633 4259 2859 4320 peccata
2887 4248 3192 4304 dimitteret
3221 4257 3277 4302 et
3299 4247 3438 4304 Iibe-

1855 4353 2023 4398 raret.
2071 4343 2276 4398 Dicitur
2305 4351 2510 4410 autem,
2553 4361 2572 4394 ι
2610 4358 2676 4397 ex
2721 4342 2874 4408 Sion,
2920 4362 2937 4394 ι
2974 4342 3101 4412 quia
3131 4356 3200 4408 ev
3223 4340 3435 4396 semine

1858 4435 2046 4502 Israel,
2073 4446 2126 4489 et
2166 4437 2290 4504 quia
2324 4451 2390 4490 ex
2431 4435 2563 4490 Sion
2601 4437 2780 4491 veniet
2815 4435 2902 4504 qui
2933 4445 3195 4490 venturus
3223 4445 3327 4499 est,
3375 4445 3436 4490 ut

1851 4528 2116 4597 scriptum
2136 4535 2239 4582 est.
2273 4546 2290 4579 ι
2324 4525 2460 4582 Cum
2495 4528 2753 4583 averterit
2778 4527 3036 4582 Dominus
3059 4527 3430 4596 captivitatem

1852 4618 2023 4688 plebis
2054 4634 2184 4675 suae.
2217 4637 2236 4670 ι
2262 4617 2560 4688 Captivitas
2585 4629 2669 4673 est
2702 4618 3032 4673 voluntarius
3061 4633 3088 4673 a
3121 4619 3350 4674 scientia
3378 4629 3456 4676 et-

1850 4710 2052 4765 virtute
2081 4711 2146 4765 ad
2172 4711 2535 4778 ignorantiam
2559 4720 2610 4764 et
2647 4709 2906 4765 malitiam
2939 4711 3220 4767 transitus.
3256 4731 3274 4764 ι
3321 4711 3432 4766 Ex-

1789 4861 1800 4868 _
1850 4799 2278 4867 sultabitJacob,
2310 4811 2364 4856 et
2399 4802 2668 4857 laetabitur
2701 4801 2888 4858 Israel.
2930 4823 2948 4857 ι
2991 4805 3296 4860 Exsultabit
3338 4806 3428 4875 qui

1850 4895 2109 4948 actricem
2153 4893 2502 4949 aﬂectionutn
2551 4897 2851 4950 carentium
2909 4898 3165 4966 possidet,
3214 4898 3430 4952 laetatur

1849 4993 2030 5038 autem
2072 4987 2160 5056 qui
2192 4986 2258 5041 ad
2283 4987 2644 5057 COgnitionem
2672 4997 2724 5041 et
2754 4989 3271 5060 contemplationem
3307 5004 3429 5061 per-

1843 5079 2016 5132 venit.

1924 5257 2198 5326 Ejusdem.
2247 5257 2480 5314 lntinitis
2504 5265 2617 5314 toto
2641 5259 2776 5314 orbe
2817 5257 3220 5314 dominantibus
3247 5259 3427 5330 malis,

1839 5353 1884 5386 ³⁷
1915 5353 2023 5409 lsa.
2051 5371 2162 5418 ως,
2193 5353 2284 5410 20.

1925 5447 2036 5518 (18)
2093 5447 2252 5513 Ἥξει
2283 5448 2352 5502 ἐκ
2383 5447 2557 5514 Σιών,
2594 5457 2704 5506 etc.
2753 5447 2978 5505 Schedae
3035 5446 3245 5515 Grabii,
3283 5448 3424 5504 Bar-

1852 5519 2036 5661 Μῖίέῗ)
2081 5592 2320 5659 Dvale
2345 5592 2443 5644 ἐπὶ
2489 5589 2600 5658 τῆς
2645 5590 3020 5660 οἰκουμένης,
3052 5597 3156 5644 etc.
3207 5590 3422 5648 Eaedem

1847 5662 2060 5714 schedia
2093 5661 2314 5724 Grahii;
2351 5663 2585 5717 IIilarius
2607 5677 2733 5714 vero
2765 5671 3000 5716 tractatu
3031 5663 3082 5713 itt
3109 5664 3252 5714 hunc
3275 5663 3430 5729 psal-

1847 5746 1993 5784 mum
2031 5749 2181 5786 num.
2213 5733 2266 5795 5,
2298 5734 2378 5787 sic
2397 5733 2630 5786 νει-ηις(
2653 5729 2747 5785 IIis
2780 5731 3032 5800 igiturita
3051 5734 3424 5800 grassztntibus

1845 5801 2024 5871 malis,
2048 5813 2102 5858 et
2144 5813 2253 5858 toto
2277 5805 2409 5860 orbe
2441 5803 2868 5872 dctninantibus,
2893 5807 3146 5858 conscius
3187 5803 3428 5873 Spiritus
