3986 6384
514 269 654 326 ιευτ

1917 281 2009 336 EX
2042 279 2342 338 ORIGENE

3641 287 3784 344 1208

513 387 754 460 Spiritus
809 399 1032 449 sanctus
1071 393 1328 453 conscius
1375 393 1490 465 ejus
1523 399 1616 470 qui
1647 399 1797 458 solus
1831 401 2083 456 auxilium

2197 400 2483 472 ριευόντων
2519 399 2738 466 κακῶν,
2770 398 2866 454 τοῦ
2909 400 3070 474 μόνου
3112 400 3210 473 τὴν
3244 399 3495 474 βοήθειαν
3525 402 3783 472 ἐνεγκεῖν

513 477 660 535 ferre
706 491 909 548 posset,
960 486 1075 540 ait:
1127 505 1146 538 ι
1188 485 1321 554 Quis
1370 489 1526 546 dabit
1571 506 1640 547 ex
1680 493 1811 549 Sion
1851 496 2089 552 salutare

513 571 714 626 Israel?
749 593 768 625 ι
795 574 982 646 Neque
1015 579 1160 634 enim
1195 580 1432 653 Moyses,
1469 598 1571 640 nec
1602 585 1772 651 Elias,
1803 601 1904 644 nec
1925 586 2090 643 l'saias

511 663 795 730 dederant,
823 681 926 722 nec
967 668 1157 740 reliqui
1188 673 1466 743 praphette
1495 689 1509 727 :
1552 676 1732 730 omnia
1762 675 1898 748 legis
1923 693 2087 747 opera

509 753 578 807 ad
610 753 886 825 quidpiam
915 757 1179 826 ejusmodi
1208 762 1420 818 inﬁrma
1447 775 1625 823 erant.
1656 765 1802 838 Opus
1834 777 1952 823 erat
1978 783 2091 824 mo-

512 843 655 908 dico,
675 847 766 916 qui
800 861 992 904 cuncta
1020 866 1215 907 sanare
1245 865 1446 923 posset,
1479 872 1583 912 non
1608 869 1750 924 arte,
1773 874 1878 914 non
1903 875 2086 930 opere,

510 936 605 988 sed
628 937 900 994 sermonis
921 939 1142 997 virtute.
1173 940 1343 1014 Hujus
1377 945 1670 1001 adventum
1702 947 1938 1018 postulat
1963 948 2088 1019 Spi-

513 1027 653 1084 ritus
679 1040 922 1086 sanctus.

577 1207 857 1280 Ejusdem.
888 1211 943 1266 lu
970 1213 1180 1270 Veteris
1201 1214 1538 1274 Testamenti
1575 1220 1727 1277 libris
1757 1221 1922 1295 596
1945 1241 1964 1276 ι
1999 1239 2088 1280 sa-

509 1299 682 1359 lutare
715 1323 735 1356 ι
777 1307 966 1362 vocari
1002 1307 1290 1364 Dominum
1319 1321 1566 1368 nostrum
1599 1313 1784 1370 Jesum
1811 1316 2086 1375 Christum

507 1395 820 1464 edocemur,
859 1408 918 1454 et
950 1405 1168 1472 proprie
1194 1422 1214 1456 ι
1253 1405 1510 1463 salutaris
1555 1427 1575 1462 ι
1607 1410 1826 1466 nomine
1853 1426 1951 1482 per
1972 1428 2090 1484 pro-

508 1487 823 1545 missionem
889 1494 1140 1562 gentibus
1207 1499 1565 1555 aununtiatus
1628 1509 1732 1558 est.
1791 1503 1888 1559 Ait
1942 1506 2086 1561 enim

506 1576 675 1633 Isaias
700 1579 783 1637 ":
815 1599 834 1634 ι
862 1581 926 1636 Ει
945 1584 1206 1640 revelabit
1241 1586 1500 1644 Dominus
1526 1590 1810 1647 brachium
1839 1604 2086 1650 sanctum

2189 493 2488 564 δυναμένου
2517 493 2936 565 συναισθόμενον
2964 493 3024 547 τὸ
3052 493 3274 566 Πνεῦμα
3305 495 3365 548 τὸ
3411 495 3565 565 ἅγιόν
3604 513 3780 567 φησι·

2195 584 2330 648 «Τίς
2375 583 2535 638 δώσει
2579 586 2641 638 ὲκ
2669 584 2806 637 Σιὼν
2848 583 2910 637 τὸ
2940 585 3204 656 σωτήριον
3233 583 3330 638 τοῦ
3369 585 3619 658 Ἰσραήλ;
3652 607 3670 638 ο
3713 588 3782 640 εὖ

2189 675 2298 748 γὰρ
2331 675 2592 749 Μωῦσῆς,
2624 678 2724 731 οὐκ
2768 676 2974 741 Ἠλίας,
3005 678 3102 749 οὐχ
3147 677 3409 744 Ἡσαΐας,
3445 679 3543 750 ούχ
3575 681 3629 732 oi
3663 681 3782 734 λοι-

2189 766 2280 820 ποὶ
2313 767 2421 820 τῶν
2464 768 2757 840 προφητῶν
2808 767 3194 823 ὲδεδώκεισαν·
3244 771 3421 842 πάντα
3455 769 3552 824 τοῦ
3605 774 3782 843 νόμου

2189 859 2260 913 τὰ
2287 859 2424 931 ἔργα
2451 861 2587 933 πρὸς
2611 861 2849 914 τοιοῦτόν
2877 878 2928 914 τι
2954 857 3021 932 ἦν
3053 860 3270 933 ἀσθενῆ.
3337 863 3664 931 Ἀναγκαίου
3719 864 3780 916 δὲ

2187 953 2341 1016 ὄντος
2377 951 2470 1006 τοῦ
2515 953 2732 1025 ἰατροῦ,
2771 953 2868 1009 τοῦ
2903 954 2973 1008 τὰ
3016 954 3192 1008 πάντα
3235 955 3416 1008 ἰᾶσθαι
3461 956 3776 1028 δυναμένου

2188 1045 2247 1097 οὗ
2275 1045 2439 1119 τέχνῃ
2469 1047 2563 1099 καὶ
2591 1047 2691 1100 οὐκ
2723 1046 2888 1119 ἔργῳ,
2915 1047 3048 1102 ἀλλὰ
3076 1051 3143 1121 τῇ
3187 1048 3281 1102 τοῦ
3320 1049 3480 1119 λόγου
3516 1051 3778 1124 δυνάμει,

2188 1135 2374 1190 τοῦτον
2393 1137 2564 1192 ἐλθεῖν
2599 1138 2955 1211 προσεύχεται
2986 1140 3046 1194 τὺ
3074 1139 3296 1212 Πνεῦμα
3321 1143 3381 1195 τὸ
3409 1143 3583 1212 ἅγιον.

2265 1229 2376 1284 Τοῦ
2407 1232 2612 1286 αὐτοῦ.
2676 1233 2764 1286 Ἐν
2805 1236 2916 1298 τοῖς
2962 1234 3061 1304 τῆς
3098 1233 3339 1298 Παλαιᾶς
3363 1235 3473 1308 (20)
3513 1255 3531 1288 ι
3573 1236 3636 1289 τὸ
3664 1254 3780 1291 σω-

2186 1322 2372 1394 τήριον
2397 1343 2414 1374 ι
2451 1323 2735 1380 καλεῖσθαι
2768 1326 2857 1380 τὸν
2885 1326 3087 1399 Κύριον
3111 1327 3266 1399 ἡμῶν
3305 1328 3511 1398 Ἰησοῦν
3532 1330 3779 1400 Χριστὸν

2187 1413 2566 1488 διδασκόμεθα,
2600 1419 2694 1472 καὶ
2728 1419 2932 1491 κυρίως
2982 1439 3000 1471 ι
3024 1419 3119 1473 τοῦ
3165 1420 3431 1492 σωτηρίου
3455 1441 3474 1474 ι
3519 1421 3602 1494 τῷ
3651 1423 3779 1477 ὀνό-

2193 1526 2322 1580 ματι
2354 1509 2422 1562 δι’
2448 1511 2782 1581 ἐπαγγελίας
2805 1513 2917 1575 τοῖς
2945 1511 3152 1566 ἔθνεσιν
3193 1512 3530 1583 ἀπήγγελται
3549 1531 3565 1545 ·
3639 1517 3778 1586 φησι

2187 1600 2296 1674 γὰρ
2325 1604 2354 1655 ὁ
2393 1602 2617 1668 Ἡσαΐας
2639 1621 2652 1635 ο
2724 1622 2742 1655 ι
2772 1605 2882 1658 Καὶ
2917 1603 3263 1675 ἀποκαλύψει
3285 1603 3488 1677 Κύριος
3512 1605 3610 1658 τὸν
3641 1607 3779 1679 βρα-

505 1685 663 1725 suum
691 1686 877 1728 coram
908 1677 1162 1731 omnibus
1201 1680 1473 1749 gentibus,
1517 1691 1574 1737 et
1613 1684 1875 1740 videbunt
1902 1688 2083 1742 omnia

2194 1693 2340 1764 κίονα
2377 1695 2469 1749 τὸν
2501 1697 2654 1766 ἅγιον
2693 1695 2860 1750 αὐτοῦ
2899 1693 3129 1750 ἐνώπιον
3180 1698 3393 1752 πάντων
3433 1698 3542 1752 τῶν
3580 1698 3775 1764 ὲθνῶν,

505 1761 720 1817 excelsa
755 1773 911 1820 terra:
959 1766 1197 1822 salutare
1236 1769 1329 1824 Dei
1379 1773 1574 1832 neStri.
1615 1793 1636 1827 ι
1684 1776 1749 1831 Ει
1785 1793 1997 1834 rursum
2031 1779 2083 1835 in

2194 1786 2288 1840 καὶ
2316 1786 2536 1858 ὄψονται
2565 1789 2742 1843 πάντα
2770 1789 2914 1861 ἄκρα
2941 1789 3039 1861 τῆς
3071 1790 3172 1860 γῆς
3206 1789 3302 1860 τὴν
3348 1790 3626 1862 σωτηρίαν
3671 1792 3774 1863 τὴν
3855 1814 3861 1818 α

505 1851 736 1910 Psalmis
767 1855 968 1911 dictum
996 1869 1080 1914 est
1104 1860 1148 1892 ³⁹
1173 1874 1186 1909 :
1215 1878 1233 1912 ι
1267 1861 1461 1917 Notum
1487 1862 1616 1921 fecit
1659 1867 1918 1924 Dominus
1941 1869 2086 1925 salu-

509 1957 624 2002 tare
645 1962 824 2014 suum,
857 1950 910 2005 in
934 1961 1227 2019 conspectu
1259 1955 1500 2024 gentium
1541 1958 2084 2029 revelavitjustitiam

503 2050 677 2092 suam.
732 2057 753 2090 ι
788 2039 855 2094 Ει
889 2056 1106 2098 rursum
1134 2042 1181 2076 ⁸ο
1211 2058 1226 2098 :
1263 2063 1283 2098 ι
1328 2046 1569 2102 Ostende
1625 2050 1805 2119 nobis,
1839 2052 2082 2119 Domine,

503 2127 937 2186 misericordiam
979 2143 1146 2199 tuam,
1187 2145 1242 2190 et
1276 2135 1518 2193 salutare
1550 2146 1700 2194 tuum
1740 2141 1805 2196 da
1837 2142 2017 2198 nobis.
2058 2163 2078 2197 ι

1034 2402 1357 2460 PSALMUS
1411 2405 1553 2463 XIV.

574 2489 742 2547 Vsus.
774 2492 827 2548 1.
856 2491 1099 2563 Domine,
1127 2497 1242 2567 quis
1267 2497 1519 2556 habitabit
1538 2503 1591 2557 in
1621 2504 2084 2578 tabernaculotuo,

501 2587 689 2653 etquis
718 2586 998 2657 requiescet
1029 2591 1082 2642 in
1105 2602 1277 2646 monte
1302 2599 1636 2653 sanctetuo?
1667 2606 1774 2653 etc.
1807 2617 1826 2652 ι
1859 2598 2085 2657 Multum

505 2672 680 2729 incola
702 2673 805 2730 fuit
833 2678 1013 2732 anima
1042 2694 1160 2734 mea
1190 2681 1258 2747 δι,
1305 2701 1325 2735 ι
1359 2683 1490 2739 alibi
1519 2687 1674 2753 dicit,
1709 2690 1914 2746 docens
1943 2693 2086 2746 mul-

505 2774 618 2818 tum
652 2765 886 2822 incolam
919 2783 1042 2824 esse
1063 2775 1398 2844 quempiam,
1425 2777 1602 2836 donec
1645 2781 1824 2839 veniat
1849 2783 1902 2840 in
1929 2801 2087 2842 mon-

509 2865 614 2911 tem
655 2873 713 2912 sa
723 2867 904 2914 uctum
933 2859 1049 2918 Dei.

577 2946 855 3019 Ejusdem.
886 2951 1044 3010 Mons
1073 2967 1297 3012 sanctus
1335 2967 1420 3014 est
1453 2963 1694 3032 cognitio
1713 2962 1936 3032 Christi,
1964 2985 2087 3040 quas

505 3049 590 3096 est
614 3058 796 3098 rerum
825 3061 946 3115 quae
977 3048 1315 3115 acciderunt,
1350 3054 1671 3122 speculatio.
1701 3057 1935 3116 Montem
1961 3077 2086 3118 san-

504 3142 654 3188 ctum
684 3132 986 3194 Jerusalem
1016 3149 1190 3196 vocat.
1235 3142 1328 3198 Sic
1366 3155 1548 3200 autem
1583 3159 1874 3221 postquam
1914 3153 2085 3210 inter-

501 3227 737 3297 rogavit,
763 3243 1078 3298 responsum
1115 3234 1331 3304 accipit.

579 3317 743 3378 Vens.
771 3319 829 3387 2,
851 3319 904 3377 ὅ.
928 3319 1032 3388 Qui
1055 3323 1351 3394 ingreditur
1371 3329 1484 3385 sine
1500 3331 1732 3402 macula,
1761 3346 1808 3391 et
1834 3349 2087 3408 aperatur

495 3410 786 3481 justitiam,
817 3417 907 3485 qui
961 3417 1191 3486 loquitur
1221 3419 1488 3477 veritatem
1533 3425 1586 3478 in
1629 3427 1787 3482 corde
1814 3447 1933 3496 suo,
1974 3444 2080 3488 etc.

504 3499 667 3566 illud,
702 3521 722 3556 ι
759 3507 850 3574 qui
881 3507 1178 3576 ingreditur
1203 3511 1320 3566 sine
1358 3512 1590 3582 macula,
1629 3534 1650 3569 ι
1688 3516 2011 3588 imitaberis,
2035 3523 2082 3579 si

501 3593 844 3674 intellexeris
891 3600 1021 3669 quid
1063 3599 1375 3661 Abrahamo
1422 3606 1636 3666 locutus
1687 3612 1756 3666 sit
1799 3612 2082 3671 Dominus.

503 3687 703 3743 Eadem
731 3689 878 3744 enim
912 3692 1079 3748 etiam
1111 3697 1269 3753 nobis
1310 3697 1366 3753 in
1400 3699 1700 3772 Scripturis
1728 3704 1942 3762 locutus
1981 3715 2083 3774 est,

505 3787 669 3850 atque
696 3782 741 3837 si
771 3797 832 3838 ea
867 3785 1294 3846 intellexerimus
1315 3799 1372 3848 et
1405 3791 1714 3865 fecerimus,
1745 3799 1912 3854 Deum
1939 3799 2087 3854 audi—

505 3872 686 3928 vimus
713 3883 766 3929 et
789 3877 1186 3938 ambulavimus
1214 3884 1357 3938 sicut
1397 3885 1609 3943 locutus
1635 3898 1720 3944 est
1749 3891 1924 3947 nobis.
1962 3909 1980 3943 ι
2019 3891 2086 3948 Ει

505 3960 1074 4029 operaturjustitiam.
1106 3987 1125 4020 ι
1157 3968 1238 4024 Ad
1274 3973 1414 4028 hunc
1442 3976 1662 4032 modum
1689 3979 1854 4034 etiam
1896 3985 2080 4037 dices:

507 4049 610 4115 Qui
663 4064 921 4121 operatur
975 4064 1415 4132 temperantiam,
1456 4068 1535 4124 sic
1578 4080 1634 4125 et
1685 4069 2082 4142 fortitudinem,

2194 1879 2346 1951 παρὰ
2398 1879 2492 1933 τοῦ
2551 1879 2684 1934 Θεοῦ
2743 1881 2921 1954 ἡμῶν,
2981 1901 3001 1934 ι
3057 1883 3166 1936 Καὶ
3214 1882 3376 1935 πάλιν
3419 1883 3477 1937 ὲν
3515 1883 3777 1953 Ψαλμοῖς

2192 1969 2439 2042 εἴρηται·
2510 1988 2529 2022 ι
2565 1971 2856 2044 Ἐγνώρισε
2907 1971 3112 2044 Κύριος
3153 1972 3216 2025 τὸ
3269 1973 3533 2046 σωτήριον
3583 1973 3771 2040 αὑτοῦ,

2190 2059 2434 2115 ἐναντίον
2457 2061 2564 2115 τῶν
2595 2061 2762 2116 ἐθνῶν
2795 2062 3113 2133 ἁπεκάλυψε
3142 2063 3239 2136 τὴν
3284 2064 3633 2136 δικαιοσύνην
3673 2067 3775 2118 αῦ-

2189 2151 2306 2205 τοῦ.
2336 2172 2353 2204 ι
2414 2153 2525 2207 Καὶ
2550 2153 2712 2207 πάλιν
2735 2170 2751 2185 ο
2808 2173 2826 2204 ι
2856 2153 3036 2220 Δεῖξον
3077 2156 3231 2225 ἡμῖν,
3282 2154 3453 2227 Κύριε
3475 2193 3491 2222 ,
3533 2157 3599 2209 τὸ
3625 2155 3772 2220 ἔλεός

2194 2257 2311 2307 σου,
2347 2244 2442 2297 καὶ
2468 2243 2529 2296 τὸ
2551 2243 2816 2316 σωτήριόν
2845 2259 2938 2296 σου
2961 2241 3104 2316 δῴης
3135 2245 3289 2315 ἡμῖν.
3323 2262 3344 2296 s

2749 2421 3044 2478 ΨΑΛΜΟΣ
3082 2425 3182 2478 ῙΔ’.

2256 2515 2450 2582 Κύριε,
2495 2515 2587 2581 τίς
2619 2513 2972 2583 παροικήσει
3009 2515 3079 2568 ἐν
3118 2513 3200 2580 τῷ
3225 2515 3578 2586 σκηνώματι
3613 2534 3736 2573 σου
3749 2534 3769 2585 ;

2185 2608 2281 2660 καὶ
2323 2608 2415 2673 τίς
2457 2605 2912 2675 κατασκηνώσει
2940 2608 3009 2661 ἐν
3040 2606 3122 2673 τῷ
3153 2607 3275 2677 ὄρει
3319 2605 3400 2674 τῷ
3436 2610 3585 2678 ἁγίῳ
3619 2627 3766 2677 σου,

2185 2718 2240 2754 κ.
2285 2717 2338 2756 τ.
2389 2700 2436 2753 ὲ.
2505 2696 2740 2754 «Πολλὰ’
2775 2699 3105 2773 παρῴκησεν
3158 2701 3268 2772 (21)
3318 2702 3351 2773 ἡ
3399 2701 3544 2774 ψυχή
3586 2721 3712 2774 μου,
3741 2725 3763 2757 s

2111 2825 2154 2883 ο
2187 2791 2418 2864 ἀλλαχοῦ
2443 2793 2626 2862 λέγει,
2673 2791 2967 2857 διδάσκων,
3020 2793 3102 2848 ὅτι
3142 2793 3311 2848 πολλά
3347 2811 3430 2859 τις
3481 2798 3764 2867 παροικεῖ,

2189 2887 2294 2950 ἕως
2325 2882 2386 2941 οὗ
2412 2884 2542 2959 ἔλθῃ
2577 2888 2657 2951 εἰς
2686 2887 2745 2940 τὸ
2775 2886 2928 2956 ἅγιον
2949 2887 3073 2958 ὅρος
3105 2886 3198 2939 τοῦ
3229 2886 3384 2941 Θεοῦ.

2263 2977 2373 3032 Τοῦ
2399 2979 2608 3033 αὐτοῦ.
2663 2979 2826 3050 Ὅρος
2856 2979 3012 3048 ἅγιόν
3045 2980 3192 3032 ἐστιν
3223 2979 3335 3047 (22)
3370 2979 3403 3050 ή
3440 2978 3644 3048 γνῶσις
3673 2978 3768 3035 τοῦ

2186 3069 2452 3140 Χριστοῦ,
2483 3070 2606 3141 ἥτις
2650 3069 2768 3122 ἐστὶ
2822 3069 3016 3142 θεωρία
3067 3068 3175 3122 τῶν
3217 3069 3536 3139 γεγονότων.
3603 3073 3773 3144 Ὄρος

2187 3163 2342 3232 ἅγιον
2381 3163 2482 3234 τὴν
2523 3161 2880 3234 Ἰερουσαλήμ
2909 3178 3092 3234 φησιν.
3149 3161 3306 3215 Οῦτω
3346 3162 3403 3216 δὲ
3457 3163 3552 3217 καὶ
3599 3163 3770 3218 πυθό-

2190 3271 2348 3326 μενος
2377 3253 2588 3326 δέχεται
2618 3255 2716 3326 τὴν
2751 3254 3064 3326 ἀπόκρισιν.

2257 3348 2666 3417 Πορευόμενος
2693 3346 2948 3417 ἄμωμος,
2979 3347 3078 3402 καὶ
3115 3347 3504 3418 ἐργαζόμενος
3543 3347 3769 3404 δικαιο-

2185 3438 2387 3506 σύνην
2410 3454 2424 3468 ·
2449 3436 2655 3492 λαλῶν
2677 3439 2966 3504 ἀλήθειαν
2993 3438 3062 3492 ἐν
3078 3439 3290 3508 καρδίῃ
3316 3440 3525 3504 αὐτοῦ,
3553 3458 3608 3494 κ.
3633 3458 3689 3493 τ.
3716 3442 3763 3495 ι.

2187 3527 2282 3593 Τὸ,
2326 3546 2343 3578 ι
2365 3529 2728 3599 πορευόμενος
2758 3528 2866 3600 (25)
2901 3527 3162 3600 ἄμωμος,
3189 3549 3208 3582 ι
3255 3529 3519 3602 ζηλώσεις
3565 3534 3766 3603 νοήσας

2186 3622 2248 3676 τὸ
2261 3639 2326 3675 πε
2333 3623 2388 3695 ρὶ
2416 3621 2507 3674 Ἀϐ
2515 3623 2618 3695 ραὰ
2626 3641 2684 3694 μ,
2711 3623 2954 3696 καθάπερ
2974 3623 3234 3696 ἐλάλησεν
3248 3624 3394 3696 αὐτῷ
3411 3624 3637 3697 Κύριος.
3655 3626 3764 3680 Καὶ

2185 3715 2320 3786 ἡμῖν
2349 3713 2458 3786 γὰρ
2483 3715 2549 3769 τὰ
2576 3715 2715 3770 αὐτὰ
2744 3718 2802 3769 ὲν
2835 3718 2954 3781 ταῖς
2979 3717 3220 3788 Γραφαῖς
3254 3716 3512 3789 ἐλάλησεν
3558 3716 3764 3787 ἁγίαις,

2186 3805 2281 3858 καὶ
2311 3803 2406 3858 ἐὰν
2436 3806 2726 3877 νοήσαντες
2757 3807 3091 3878 ποιήσωμεν,
3126 3808 3439 3878 ἠκούσαμεν
3470 3808 3630 3873 Θεοῦ,
3663 3810 3758 3864 καὶ

2185 3896 2559 3968 ἐπορεύθημεν
2594 3897 2846 3970 καθάπερ
2877 3899 3138 3970 ἐλάλησεν
3178 3901 3328 3972 ἡμῖν.
3391 3919 3409 3952 ι
3443 3901 3554 3955 Καὶ
3591 3903 3762 3973 ἐργα-

2187 3988 2412 4062 ζόμενος
2463 3991 2828 4064 δικαιοσύνην.
2863 4012 2881 4044 ι
2936 3994 3321 4066 Περικείμενος
3357 3993 3532 4066 τούτῳ
3579 3998 3756 4066 ἐρεῖς·

2199 4082 2594 4156 Ἐργαζόμενος
2629 4085 3001 4158 σωφροσύνην,
3027 4086 3225 4158 ὁμοίως
3257 4087 3529 4157 ἀνδρείαν,
3561 4087 3762 4157 ὁμοίως

507 4143 878 4212 prudentiam,
912 4148 1192 4218 pietatem,
1231 4159 1554 4226 sapientiam
1599 4171 1934 4236 caeterasque
1969 4169 2081 4224 vir-

2194 4143 2469 4249 φρόνησιν,
2499 4143 2698 4250 ὁμοίως
2721 4143 3029 4244 εὐσέϐειαν,
3060 4143 3262 4250 ομοίως
3293 4143 3628 4248 caelamina".
3651 4143 3760 4234 lat:

508 4245 670 4296 tutes.
695 4238 806 4294 Hoc
825 4254 1001 4300 autem
1031 4259 1113 4304 est
1146 4252 1360 4319 operari
1383 4253 1548 4307 etiam
1583 4265 1782 4311 terram
1813 4273 1988 4328 suam,
2023 4271 2080 4317 ut

507 4333 734 4398 panibus
761 4347 1054 4395 saturetur.
1089 4343 1219 4398 Cain
1253 4360 1384 4400 vero
1411 4345 1604 4402 nedqu
1639 4361 1894 4418 operetur
1920 4352 2080 4422 justi-

509 4427 662 4490 tiam,
696 4430 776 4484 rel
803 4431 1038 4502 aliquam
1089 4449 1153 4490 ex
1203 4437 1514 4505 virtutibus,
1551 4442 1631 4495 vel
1671 4451 1870 4498 terram
1899 4462 2076 4514 suam,

505 4521 831 4588 operabatur
863 4533 1059 4581 terram
1091 4545 1194 4582 non
1229 4546 1406 4585 suam.

2187 4270 2295 4333 πὰς
2337 4271 2556 4342 ἀρετάς.
2619 4271 2789 4324 Τοῦτο
2833 4271 2890 4324 δέ
2917 4273 3032 4325 ἐστι
3063 4271 3157 4324 καὶ
3193 4272 3255 4324 τὸ
3302 4272 3630 4344 ἐργάξεσθαι
3660 4273 3761 4346 τὴν

2187 4361 2380 4415 ἑαυτοῦ
2412 4363 2538 4432 γῆν,
2565 4363 2656 4415 ἐπ’..
2685 4363 2762 4433 τῷ
2787 4363 3090 4436 πλησθῆναι
3119 4365 3316 4436 ἄρτων.
3373 4365 3510 4418 Κάῖν
3534 4365 3612 4430 δὲ,
3643 4366 3762 4423 δέον

2186 4448 2512 4519 ἐργάζεσθαι
2543 4450 2886 4522 δικαιοσύνην
2905 4494 2919 4517 ,
2953 4453 2986 4524 ἡ
3021 4471 3138 4506 τινα
3169 4454 3277 4508 τῶν
3309 4453 3518 4524 ἀρετῶν
3537 4495 3553 4518 ,
3597 4455 3632 4526 ἢ
3663 4457 3763 4526 τὴν

2187 4541 2383 4594 ἑαυτοῦ
2405 4541 2528 4612 γῆν,
2547 4541 2631 4596 ὅδε
2659 4542 2943 4614 εἰργάζετο
2970 4543 3066 4616 τὴν
3098 4545 3201 4615 γῆν
3231 4545 3291 4598 ού
3319 4543 3415 4616 τὴν
3437 4543 3656 4599 ἑαυτοῦ.

579 4657 626 4690 ³⁸
652 4659 756 4714 lsa.
787 4677 884 4727 ιιι,
917 4664 1004 4720 10.
1079 4665 1122 4699 ⁸⁸
1157 4664 1299 4722 Psal.
1323 4683 1486 4733 xcvu,
1521 4671 1577 4724 ‘2.
1653 4669 1700 4702 “
1721 4669 1862 4728 Psal.
1900 4691 2083 4730 uxxu

2195 4717 2209 4730 .
2287 4674 2332 4706 *ι
2359 4673 2503 4730 Psal.
2529 4689 2678 4736 cxtx.
2714 4675 2768 4732 5.

507 4775 880 4850 sanetusejus
900 4777 991 4850 qui
1025 4777 1171 4850 solus
1206 4795 1361 4847 opem
1389 4779 1532 4836 ferre
1557 4782 1732 4850 possit
1755 4784 2029 4840 exclamat
2063 4805 2077 4841 :

508 4845 638 4927 Quis
659 4845 804 4927 dabit
827 4862 894 4901 ex
913 4847 1050 4927 §_i_on
1076 4845 1308 4927 salutare
1323 4850 1499 4927 Israel
1513 4852 1540 4905 ?
1560 4845 1682 4906 Non
1707 4856 1848 4927 enim
1873 4855 2084 4927 Moyses

506 4917 752 4992 dederat,
779 4932 882 4971 non
912 4917 1078 4992 Elias,
1111 4934 1217 4972 non
1266 4919 1453 4987 Isaias,
1490 4937 1596 4976 nou
1628 4925 1936 4992 propheth
1961 4917 2084 4982 om-

507 4986 598 5064 nia
630 4986 766 5064 legis
801 5003 967 5055 Opera
1000 4988 1268 5064 adversus
1296 4986 1496 5064 tantum
1529 4986 1842 5048 morborum
1876 5007 2080 5064 pestem

507 5056 942 5136 infirmabautnr.
993 5057 1138 5136 ()pus
1176 5071 1303 5136 erat
1353 5063 1582 5127 medico,
1633 5065 1724 5132 qui
1776 5056 1889 5117 uua'
1923 5078 2085 5136 atque

501 5128 692 5180 eadem
713 5128 908 5206 auxilii
941 5128 1024 5206 sui
1048 5144 1148 5198 ope
1175 5129 1481 5206 languores,
1507 5149 1619 5206 non
1644 5128 1783 5206 arte,
1815 5151 1919 5190 non
1955 5128 2084 5206 ope-

506 5213 582 5276 re,
612 5198 762 5276 (quia
790 5199 1177 5276 quandoopus
1209 5198 1384 5256 et'ars
1419 5203 1653 5272 singulis
1683 5205 1924 5276 adhibita
1957 5198 2082 5276 pro-

2186 4787 2310 4842 lavit
2349 4787 2606 4840 Dominus
2647 4787 2912 4841 brachium
2939 4805 3088 4842 suum
3115 4797 3355 4844 sanctum
3397 4792 3449 4843 in
3481 4799 3761 4857 conspectu

2186 4857 2417 4910 omnium
2442 4859 2698 4924 gentium,
2723 4869 2770 4910 et
2793 4872 3098 4926 cognoscent
3129 4875 3300 4913 omnes
3322 4860 3454 4926 ﬁnes
3475 4871 3630 4912 terra:
3668 4879 3761 4914 ss-

2187 4928 2356 4981 lutare
2382 4926 2480 5000 Dei
2506 4930 2692 5000 nostri.
2719 4928 2981 5000 Omnibus
3005 4931 3161 5000 igitur
3183 4932 3430 5000 gentibus
3459 4931 3758 4986 revelatum

2185 5005 2290 5060 est,
2320 5007 2373 5051 et
2401 4999 2468 5049 ah
2491 4997 2741 5053 otnuibus
2764 4997 3045 5066 cognitum
3063 5010 3163 5054 est.
3190 4997 3259 5053 Et
3279 5016 3490 5054 rursum
3523 5001 3574 5053 in
3609 5002 3760 5055 Psal-

2190 5068 2291 5120 mis
2350 5067 2582 5135 Spiritus
2632 5078 2851 5122 sauctus
2903 5070 3203 5123 exclamat:
3253 5069 3476 5124 Caritate
3533 5071 3758 5125 Domino

2186 5136 2444 5190 canticum
2465 5136 2681 5204 novum,
2701 5141 2824 5206 quia
2851 5139 3114 5193 mirabilia
3139 5141 3279 5208 fecit.
3305 5141 3544 5194 Ostendit
3571 5140 3758 5194 Dami-

2186 5223 2282 5279 nus
2337 5209 2571 5279 salutare
2617 5225 2794 5273 suum,
2845 5208 2896 5260 in
2941 5221 3213 5278 conspectu
3255 5211 3482 5279 gentium
3515 5213 3757 5264 revelari:

505 5265 754 5348 fuisset?)
790 5265 883 5322 sed
920 5265 1091 5324 verbi
1116 5280 1384 5340 potestate
1427 5265 1669 5329 satiaret.
1709 5273 1866 5330 llune
1898 5265 2080 5347 requi-
2173 5277 2443 5348 justitiam
2464 5293 2636 5332 suam.
2675 5279 2741 5332 Et
2773 5265 3026 5333 rursum:
3066 5265 3394 5334 'Annun'iiate
3429 5280 3482 5330 in
3513 5282 3753 5348 gentibus

505 5338 574 5390 rit
603 5335 866 5406 Spiritus,
910 5359 929 5390 ι
963 5349 1072 5396 etc.

1368 5411 1392 5420 -
1626 5414 1667 5426 η
1737 5415 1750 5426 ι
1929 5416 1944 5426 _
2017 5417 2030 5426 _
2179 5347 2403 5416 gloriam
2432 5348 2566 5426 ejus“,
2593 5359 2641 5402 et
2672 5349 2724 5426 in
2758 5350 2998 5426 omnibus
3028 5350 3233 5426 populis
3255 5349 3488 5426 salutare
3504 5347 3662 5426 ejus;
3688 5349 3754 5403 Et

576 5408 688 5476 (20)
719 5408 823 5463 Ἕν·
852 5409 977 5477 τοῖς
1019 5409 1126 5479 τῆς
1163 5411 1448 5477 [laxa/sic.
1479 5420 1584 5466 etc.
1626 5414 1838 5470 Eaedem
1866 5416 2079 5473 sclieda:

2194 5408 2396 5472 rursum
2449 5408 2464 5472 Ξ

2518 5418 2744 5473 Ostende
2798 5419 2971 5484 nobis,
3030 5418 3272 5485 Domine,
3335 5419 3752 5474 misericordiam

503 5475 687 5533 Grabii
710 5479 858 5554 hunc
893 5475 1358 5554 locum'exliibeut
1383 5475 1417 5546 ;r
1450 5481 1685 5554 lllla_rius
1719 5500 1847 5550 vero
1875 5489 2073 5543 ibidem
2179 5495 2346 5554 tuam,
2372 5497 2421 5544 et
2448 5487 2680 5542 salutare
2716 5499 2865 5542 tuum
2891 5475 3160 5545 da'nobis.
3206 5509 3226 5542 ι

507 5565 659 5603 num.
705 5550 760 5617 5,
787 5552 866 5607 sic
897 5553 1071 5608 reddit
1099 5570 1114 5608 :
1145 5571 1164 5604 ι
1206 5555 1266 5606 1n
1300 5551 1511 5606 Veteris
1544 5551 1874 5611 Testamenti
1923 5559 2076 5614 libris

505 5619 740 5675 salutare
776 5622 1060 5677 Dominum
1095 5623 1261 5677 Deum
1293 5633 1550 5693 nostrum,
1581 5628 1880 5693 nuncupari
1909 5630 2070 5683 doce-

508 5705 650 5766 mur,
679 5699 732 5745 et
756 5693 972 5766 proprie
1001 5693 1103 5766 hoc
1131 5709 1322 5748 nomen
1351 5709 1446 5766 per
1472 5692 1910 5766 pollicitationem
1943 5713 2069 5766 gen-

511 5759 655 5816 tibus
688 5759 900 5832 semper
930 5762 1192 5822 indultum
1229 5759 1449 5824 estXAit
1473 5759 1626 5821 enim
1658 5763 1866 5824 Isaias:
1908 5759 2068 5826 R‘evs-

2271 5559 2362 5626 2l)
2394 5560 2601 5612 Πολλὰ
2623 5557 3004 5626 παρῴκησεν,
3034 5574 3146 5616 etc.
3178 5561 3404 5616 Scltetlaa
3433 5558 3640 5616 Grabii.

2271 5559 2362 5626 2i)
2394 5560 2601 5612 Πολλὰ
2623 5557 3004 5626 παρῴκησεν,
3034 5574 3146 5616 etc.
3178 5561 3378 5616 Sclteda

2249 5556 2361 5700 £ﬁ)
2393 5631 2561 5700 Ὄρος
2590 5629 2762 5698 ἅγιόν
2789 5629 2978 5696 ἐστιν,
2999 5641 3103 5686 etc.
3150 5632 3378 5686 Eaedem.

2249 5698 2362 5768 (25)
2404 5698 2494 5764 Τὸ,
2527 5701 2949 5769 πορευόμενος,
3002 5711 3110 5755 etc.
3161 5701 3385 5759 Schedze
3420 5703 3606 5759 Grabii
3681 5717 3752 5759 ac

2175 5769 2468 5839 Barbarus,
2501 5770 2807 5844 partimque
2833 5771 3145 5829 Corderius.
