3822 6512
146 332 279 388 1209

1163 337 1475 395 SELECTA
1512 337 1581 394 ΙΝ
1613 338 1952 398 PSALMOS.
1989 369 2060 382 —
2097 339 2298 398 PSAL.
2339 337 2458 396 XV.

3269 345 3405 403 1210

214 455 327 510 Τοῦ
356 453 564 510 αὐτοῦ.
619 454 678 507 '0
705 455 847 508 κατά
882 455 975 511 τὸν
1011 457 1120 531 (24)
1156 460 1341 527 ἐντὸς,
1386 463 1583 534 φησιν,
1628 463 1704 518 ἄν·

1897 462 2170 534 Ejusdem.
2218 461 2345 531 Qui,
2395 461 2591 533 inquit,
2637 470 2692 517 et
2734 463 3032 522 seettndum
3086 466 3402 524 interiorem

140 548 356 622 θρωπον
394 547 488 600 καὶ
536 545 677 600 κατὰ
715 546 806 600 τὸν
853 548 1008 612 ἐκτὸς
1061 551 1480 624 ἀπηλλαγμένος
1536 555 1717 627 πάσης

139 639 336 704 κακίας
368 640 462 693 καὶ
493 637 684 711 μώμου
708 650 934 704 παντος,
964 643 1144 697 πᾶσαν
1178 643 1234 697 δὲ
1267 646 1469 718 ἀρετὴν
1493 645 1712 719 μετιών.

214 907 322 972 Ὃς
370 907 480 960 οὐκ
513 906 819 962 ἑδόλωσεν
862 909 931 961 ἐν
993 905 1247 979 γλώσσῃ
1301 911 1518 978 αὐτοῦ,
1576 913 1720 969 οὐδὲ

134 998 388 1065 ἐποίησε
419 998 500 1064 τῷ
538 1000 808 1066 πλησίον
839 999 1027 1054 αὑτοῦ
1053 1001 1274 1069 κακὸν,
1327 1020 1382 1058 κ.
1413 1022 1463 1058 τ.
1501 1006 1547 1059 ὲ.
1631 1008 1720 1072 Ὡς

134 1092 230 1145 καὶ
254 1094 303 1144 οἱ
331 1091 566 1146 διάκονοι
603 1093 711 1165 (‘25)
745 1093 838 1148 τοῦ
872 1095 1114 1165 Σατανᾶ,
1165 1100 1258 1154 ὅτε
1305 1101 1719 1172 μετασχηματίυ

133 1182 321 1247 ζονται
359 1184 435 1246 ὡς
481 1183 717 1238 διάκονοι
760 1186 1128 1261 δικαιοσύνης.
1177 1209 1197 1243 ι
1222 1191 1335 1244 Καὶ
1365 1191 1464 1244 οὐκ
1493 1192 1715 1263 ἐποίησε

1825 553 2096 608 hominem
2124 566 2177 606 et
2200 554 2495 608 secundum
2527 557 2879 623 exteriorem,
2911 557 2978 611 ab
3010 559 3157 613 omni
3194 559 3402 614 malitia

1821 654 1874 701 et
1900 645 2017 698 labe
2047 644 2260 698 alienus
2289 655 2468 710 est,et
2493 663 2709 702 omnem
2738 649 2990 702 virtutem
3024 659 3326 716 assecutus,
3357 651 3402 704 is

1821 734 2026 806 estqui
2080 735 2382 806 ingreditur
2419 737 2538 792 sine
2589 739 2803 795 macula
2846 748 2901 795 et
2937 749 3199 812 operatur
3245 740 3403 811 jnSti-

1823 829 1975 884 tiam.

1895 916 2058 971 Vsus.
2092 915 2146 970 '5.
2181 915 2284 980 Qui
2310 932 2412 969 non
2460 917 2564 986 egit
2593 917 2774 971 dolum
2807 919 2861 974 in
2914 920 3094 990 lingua
3142 937 3264 984 sua,
3308 937 3401 975 nec

1820 1008 1942 1076 {erit
1968 1009 2208 1078 proximo
2231 1023 2326 1062 suo
2353 1007 2570 1073 malum,
2604 1019 2710 1064 etc.
2743 1009 2900 1067 Sicut
2923 1012 3130 1068 faciunt
3162 1013 3396 1068 ministri

1823 1100 2058 1163 Satanze,
2094 1100 2310 1168 quando
2340 1099 2802 1154 lransl'ormantttr
2837 1102 2890 1156 in
2933 1105 3212 1161 ministros
3237 1106 3400 1173 justi-

1823 1193 1926 1246 lize.
1965 1209 1984 1244 ‹
2017 1189 2124 1246 Nec
2157 1190 2285 1246 fecit
2319 1191 2570 1260 proximo
2607 1206 2706 1246 suo
2735 1192 2958 1252 malum.
3002 1213 3022 1246 ι
3057 1195 3171 1251 Nisi
3207 1213 3398 1252 omnes

1819 1284 2066 1339 homines
2116 1283 2224 1339 sint
2265 1283 2524 1354 proximi,
2574 1299 2680 1338 non
2721 1295 2866 1339 vetat
2901 1286 3002 1340 hoc
3041 1287 3161 1343 loco
3193 1291 3396 1346 nmium

1819 1376 1887 1431 iis
1909 1376 2024 1430 fieri
2053 1375 2144 1444 qui
2177 1390 2283 1429 non
2309 1383 2434 1428 sunt
2465 1375 2718 1444 proximi.
2754 1375 2898 1429 Idem
2932 1377 3217 1432 dicendum
3246 1391 3301 1435 et
3330 1383 3396 1436 de

1819 1469 1903 1524 his
1942 1486 1955 1523 :
1992 1485 2011 1520 ι
2044 1467 2144 1533 Qui
2172 1465 2323 1535 jurat
2369 1467 2619 1537 proximo
2659 1483 2777 1535 suo,
2826 1475 2880 1522 et
2914 1484 3018 1523 non
3055 1470 3275 1539 decipit.
3330 1473 3396 1528 Et

1817 1560 2168 1631 opprobrium
2205 1575 2310 1613 non
2341 1559 2550 1629 accepit
2575 1561 2836 1614 adversus
2870 1561 3148 1630 proximos
3179 1577 3324 1618 suos.
3369 1585 3388 1618 ι

131 1273 212 1346 τῷ
246 1274 472 1346 πλησίον
499 1275 662 1330 αὑτοῦ
698 1279 888 1333 κακόν.
922 1299 942 1332 ι
1015 1281 1142 1336 Ἐὰν
1173 1282 1248 1354 μὴ
1275 1283 1474 1347 πάντες
1507 1282 1716 1355 ἀνθρω-

132 1364 354 1424 ποιῶσι
384 1369 627 1442 πλησίον,
661 1372 758 1425 ούκ
791 1372 1126 1444 ἀπαγορεύει
1153 1376 1186 1446 ή
1218 1373 1364 1442 λέξις
1403 1377 1574 1430 ποιεῖν
1602 1380 1715 1441 τοῖς

135 1462 214 1534 μὴ
246 1461 471 1535 πλησίον
508 1464 695 1518 κακόν.
760 1464 834 1518 Τὸ
858 1465 906 1518 δ’
950 1465 1134 1536 ὅμοιον
1168 1467 1260 1520 καὶ
1291 1467 1385 1520 ἐπὶ
1416 1466 1510 1520 τοῦ
1530 1509 1544 1534 ,
1605 1488 1623 1520 ι
1657 1469 1715 1522 '0

127 1554 351 1626 ὀμνύων
398 1555 476 1627 τῷ
531 1556 754 1627 πλησίον
801 1557 988 1624 αὑτοῦ,
1024 1558 1119 1612 καὶ
1169 1560 1269 1613 οὒκ
1313 1559 1540 1616 ἀθετῶν.
1605 1562 1715 1614 Καὶ

125 1646 433 1717 ὀνειδισμὸν
460 1647 560 1701 οὐκ
590 1647 778 1702 ἔλαϐεν
811 1649 903 1702 ἐπὶ
931 1651 1058 1714 τοὺς
1086 1649 1314 1720 ἔγγιστα
1342 1651 1531 1706 αὐτοῦ.
1561 1671 1578 1705 ι
1656 1652 1704 1707 Ὃ

1817 1653 1977 1725 597
2009 1652 2110 1720 Qui
2145 1652 2416 1722 inculpate
2446 1651 2597 1713 vivit,
2621 1654 2913 1721 opprobria
2945 1668 3050 1708 non
3080 1652 3278 1722 accipit
3301 1657 3396 1710 ad.

126 1739 514 1811 ἀνεπιλήπτως
576 1741 724 1812 βιοὺς
775 1742 1111 1814 ὀνειδισμοὺς
1172 1745 1233 1798 οὐ
1291 1744 1557 1816 λαμϐάνει
1621 1746 1704 1799 ὲπῑ

1817 1761 2004 1803 versus
2063 1744 2342 1814 proximos
2397 1758 2545 1799 suos.
2577 1743 2678 1811 Qui
2710 1744 2763 1797 in
2815 1745 3047 1814 proximi
3085 1745 3394 1802 calamitate

122 1831 256 1895 τοὺς
307 1831 533 1902 ἔγγιστα
585 1830 786 1886 αὐτοῦ·
841 1835 870 1886 6
922 1836 980 1888 ἐν
1035 1837 1292 1908 συμφορᾷ
1336 1837 1430 1890 τοῦ
1483 1837 1704 1909 πλησίον

1817 1852 1918 1894 n0n
1943 1847 2250 1906 exasperat,
2280 1850 2380 1890 nec
2409 1834 2624 1889 laetatur
2647 1837 2712 1889 de
2742 1835 2919 1890 alieno
2939 1835 3112 1906 lapsu,
3143 1837 3237 1890 sed
3262 1853 3395 1890 con-

128 1923 209 1994 μὴ
242 1925 708 1996 ἐπικερτομήσας,
769 1926 905 1998 μηδὲ
953 1927 1239 2000 ὲπιχαρεὶς
1272 1927 1525 2001 πτώματι
1559 1930 1704 1984 ἀλλο‹

1817 1929 1974 1984 dolet.
2012 1928 2130 1995 Vel,
2168 1927 2259 1995 qui
2292 1943 2399 1983 non
2435 1928 2726 1996 exprobrat
2763 1928 3012 1996 proximo
3039 1930 3396 1997 quemadmo-

121 2015 284 2086 τρίῳ,
316 2016 451 2070 ἀλλά
484 2019 793 2088 συναλγῶν·
828 2021 862 2091 ἢ
888 2021 916 2073 6
949 2018 1021 2091 μὴ
1047 2020 1312 2086 ὀνειδίσας
1340 2022 1432 2076 τὸν
1462 2022 1704 2092 ἔγγιστα,

1817 2021 1935 2076 dum
1972 2022 2322 2092 exprobravit
2361 2020 2667 2076 Pharisaaus
2705 2019 3015 2087 publicano,
3057 2020 3140 2074 vel
3178 2020 3270 2090 qui
3320 2021 3392 2076 ub

119 2106 203 2172 ὡς
241 2111 270 2163 ὁ
300 2110 590 2182 Φαρισαῖος
633 2112 724 2166 τὸν
752 2110 1012 2184 τελώνην,
1042 2111 1074 2182 ἢ
1109 2115 1136 2166 6
1164 2111 1238 2185 μὴ
1265 2113 1580 2178 ὀνειδισθεὶς
1618 2114 1704 2168 ἐπὶ

1817 2114 2113 2185 proximum
2145 2129 2249 2170 non
2289 2113 2503 2182 accepit
2528 2111 2904 2182 opprobrium,
2931 2112 3384 2180 quemadmodum

116 2202 240 2263 τοῖς
285 2199 542 2269 ἔγγιστα,
588 2202 662 2266 ὼς
704 2203 732 2255 6
778 2203 926 2258 Ἠλεὶ
976 2207 1070 2259 ἐπὶ
1110 2207 1221 2268 τοῖς
1269 2204 1509 2272 τέκνοις,
1555 2203 1704 2278 ἢκαὶ

1817 2203 1925 2260 lleli
1965 2205 2034 2259 ob
2062 2203 2200 2260 ﬁlios
2230 2218 2381 2270 suos,
2431 2202 2514 2258 vel
2539 2203 2701 2258 etiam
2725 2201 3074 2272 simpliciter,
3097 2201 3190 2272 qui
3218 2203 3402 2276 incul-l

117 2292 314 2357 ἁπλῶς
346 2296 374 2346 6
409 2294 788 2367 ἀνεπιλήπτως
821 2296 988 2368 βιούς.

1817 2305 1931 2368 pate
1965 2297 2121 2352 vixit.

1727 2415 1798 2430 ο-

677 2478 969 2531 ΨΑΛΜυΣ
1013 2477 1116 2532 1Ε¹.

2358 2474 2680 2532 PSALMUS
2721 2474 2840 2530 XV.

195 2569 476 2634 Φύλαξόιν
498 2588 594 2640 με,
635 2571 832 2638 Κύριε,
870 2570 958 2623 ὅτι
993 2570 1090 2624 ἐπὶ
1123 2571 1220 2624 σοὶ
1267 2569 1523 2639 ἤλπισα.
1557 2565 1704 2624 Εἷπα

1870 2568 2036 2625 Vens.
2058 2571 2104 2633 1,
2118 2567 2175 2622 2.
2191 2567 2452 2624 Conserva
2471 2583 2570 2634 me,
2596 2566 2831 2630 Domine,
2851 2565 3098 2633 quoniam
3114 2568 3318 2632 speravi
3334 2569 3388 2624 in

117 2661 208 2729 τῷ
226 2663 436 2731 Κυρίιιγ
455 2664 669 2732 Κύριός
679 2683 799 2734 μου
819 2663 877 2719 εἷ
893 2665 995 2727 σὺ,
1021 2663 1109 2717 ὅτι
1124 2663 1243 2718 τῶν
1258 2663 1494 2734 ἀγαθῶν
1503 2681 1621 2733 μου
1639 2665 1704 2718 οὐ

1817 2675 1878 2717 te.
1902 2663 2263 2717 DixiDomino
2285 2678 2305 2718 :
2333 2661 2472 2716 Deus
2503 2678 2645 2715 meus
2671 2677 2723 2714 es
2758 2675 2837 2726 tu,
2855 2661 3102 2729 quoniam
3131 2661 3388 2718 bonorum

114 2757 336 2825 χρείαν
359 2757 536 2825 ἔχεις,
564 2773 618 2810 κ.
653 2774 703 2810 τ.
744 2759 789 2810 ἐ.
840 2758 928 2822 Ὡς
970 2754 1246 2827 πολεμίων
1283 2754 1394 2827 (26)
1425 2753 1704 2825 ἐπικειμέ-

1817 2774 2038 2813 ineorum
2067 2775 2170 2812 non
2188 2774 2326 2828 eges,
2352 2766 2457 2812 etc.
2484 2755 2764 2824 Tanquam
2795 2754 3029 2808 inimicis
3061 2755 3389 2810 instantibus

112 2865 231 2901 νων
259 2848 403 2917 λέγει
422 2864 435 2878 ·
468 2868 486 2900 ι
513 2849 748 2914 Φύλαξόν
781 2867 868 2921 με.
897 2870 917 2902 ι
957 2848 1237 2921 Ἰησοῦςδὲ
1262 2850 1320 2900 ὲν
1345 2848 1424 2919 τῷ
1450 2846 1704 2920 προφήτῃ

1817 2850 1883 2904 ait
1923 2871 1936 2905 :
1979 2869 1997 2902 ι
2035 2849 2309 2904 Conserva
2347 2863 2451 2904 me.
2491 2867 2510 2901 ›
2547 2845 2707 2903 Jesus
2746 2857 2926 2900 autem
2971 2848 3110 2916 apud
3154 2849 3388 2916 prophe-

110 2941 292 3009 λέγει·
311 2941 367 2995 Ὀ
395 2943 487 2994 ἐπὶ
506 2941 584 3012 τῷ
609 2942 799 3014 Κυρίῳ
823 2943 1055 3009 ἐλπίζων
1081 2945 1175 2998 καὶ
1197 2943 1289 2995 ἐπὶ
1319 2941 1505 3012 μηδενὶ
1533 2939 1699 3011 ἄλλῳ,

114 3035 458 3105 φυλάσσεται
487 3037 579 3090 ὑπ’
609 3036 795 3090 αὐτοῦ.
829 3039 1020 3102 Οὐδεὶς
1041 3037 1096 3090 δὲ
1129 3036 1458 3109 ἁμαρτάνων
1482 3034 1701 3087 δύναται

110 3127 488 3200 ἐπαληθεῦσαι
509 3131 576 3200 τῇ
607 3130 780 3200 φωνῇ.
808 3128 1002 3191 Δοῦλος
1023 3127 1132 3200 γὰρ
1156 3127 1230 3180 ὢν
1256 3123 1324 3198 ἦς
1351 3128 1496 3178 ποιεῖ
1526 3127 1703 3197 ἁμαρ-

105 3222 262 3285 τίας,
297 3223 356 3274 οὐ
395 3221 612 3274 δύναται
645 3221 915 3274 δουλεύειν
945 3220 1084 3290 Θεῷ.
1123 3221 1181 3274 '0
1211 3220 1268 3274 δὲ
1301 3218 1379 3290 τῷ
1415 3216 1701 3289 πραττικῷ

107 3315 219 3367 καὶ
246 3314 504 3386 θεωρητῷ
553 3315 652 3386 βίῳ
697 3315 904 3387 στήσας
941 3312 1143 3386 στήλην
1199 3313 1323 3385 βοᾷ·
1387 3331 1404 3364 ι
1439 3309 1585 3366 Εἴπα
1622 3310 1701 3383 τῷ

104 3407 335 3479 Κυρίῳο
355 3408 559 3480 Κύριός
589 3427 690 3480 μου
719 3405 770 3461 εἷ
801 3407 888 3460 σύ·
921 3427 939 3460 ι
967 3409 1060 3461 καί
1088 3409 1152 3460 ἐκ
1179 3406 1287 3460 τῶν
1319 3405 1425 3460 σῶν
1455 3406 1700 3477 δομάτων

108 3502 385 3572 προσάγω
419 3519 498 3554 σοι
544 3501 716 3572 δῶρα,
753 3501 852 3572 οὐχ
881 3500 956 3564 ὡς
994 3499 1182 3552 ἐνδεεῖ.
1231 3497 1420 3562 Οὐδεὶς
1450 3497 1558 3568 γάρ
1589 3497 1702 3550 τῶν

106 3593 416 3665 αἱρετικῶν
445 3594 605 3647 τοῦτο
643 3594 818 3663 λέγων
847 3592 1156 3665 ἀληθεύσει.
1191 3591 1266 3645 Οὐ
1310 3591 1470 3662 μόνον
1509 3591 1566 3643 δὲ
1606 3590 1700 3643 ἐπὶ

99 3683 225 3737 τῶν
251 3684 522 3756 αἰσθητῶς
547 3683 995 3758 προσαγομένων,
1019 3681 1154 3735 ἀλλά
1174 3681 1269 3735 καὶ
1291 3680 1698 3752 πνευματικῶς,

100 3777 485 3849 προσενεκτέα
518 3779 549 3847 ἡ
594 3777 767 3847 φωνή.
794 3773 927 3842 Κᾶνὶ
947 3773 1055 3846 γὰρ
1081 3773 1280 3846 ἀρετὰς
1303 3773 1694 3845 ίερουργῶμεψ

99 3873 220 3926 κᾶν
246 3871 313 3924 τὰ
353 3869 558 3924 ἑαυτῶν
601 3869 829 3942 σώματα
865 3868 954 3922 διὰ
988 3867 1286 3931 παντελοῦς
1317 3866 1694 3938 σωφροσύνη-ς,

98 3963 299 4032 ἴσμεν,
337 3962 418 4014 ὅτι
451 3961 663 4032 δέχεται
698 3959 855 4014 τοῦτο
887 3962 916 4014 6
957 3961 1090 4024 Θεὸς
1124 3960 1224 4013 οὐκ
1259 3961 1338 4023 εἰς
1375 3959 1508 4013 ἰδίαν
1549 3959 1698 4029 ὠφέ-

94 4055 283 4119 λειαν,
315 4053 428 4107 ἀλλ’
462 4055 611 4118 ὅπως
652 4055 780 4126 ήμῖν
809 4052 884 4125 δῷ
916 4051 986 4107 τά
1033 4052 1092 4119 ἐξ
1129 4050 1360 4124 ούρανοῦ
1393 4049 1574 4121 ἀγαθὰ
1614 4053 1699 4106 αἰ-

93 4145 298 4201 τοῦσιν
326 4147 483 4202 αὐτά.

189 4325 302 4380 Τοῦ
335 4324 543 4380 αὑτοῦ.
579 4326 640 4378 Ei
671 4323 850 4394 ἀγαθά
895 4327 1066 4378 πᾶσαι
1101 4325 1292 4395 ἀρεταὶ
1323 4322 1456 4396 (27),
1505 4324 1696 4396 χρῄζει

89 4420 159 4472 δὲ
198 4421 231 4490 ἡ
260 4419 459 4488 γνῶσις
478 4418 586 4472 τῶν
610 4419 840 4490 ἀρετῶν,
861 4419 1078 4472 πάντων
1105 4419 1212 4490 ἄρα
1228 4417 1418 4490 χρῄζει
1440 4417 1549 4470 τῶν
1567 4419 1698 4486 ἀγα-

89 4512 222 4566 θῶν
243 4514 275 4583 ἡ
300 4511 518 4580 γνῶσις.
547 4513 652 4564 Καὶ
675 4513 880 4584 μήποτε
908 4511 1090 4580 ἀγαθά
1110 4513 1322 4582 εἴρηται
1339 4511 1408 4564 τά
1442 4511 1603 4582 μέσα,
1621 4507 1696 4565 ὧν

86 4607 128 4677 ἡ
173 4605 361 4657 δικαία
390 4605 582 4677 χρῆσις
613 4605 761 4675 ἡμᾶς
801 4602 1040 4672 ἀγαθοὺς
1069 4603 1163 4656 καὶ
1202 4601 1262 4655 οὐ
1298 4603 1388 4655 τὸν
1431 4603 1564 4656 Θεὸν
1599 4603 1692 4673 ἐρα

85 4697 359 4766 γάξεται.
393 4717 410 4746 ι
441 4697 502 4748 Εἰ
532 4716 548 4747 ι
581 4696 690 4768 γάρ
724 4715 741 4746 ι
770 4694 840 4748 τά
865 4694 1068 4764 ἀγαθὰ,
1100 4715 1118 4746 ι
1155 4695 1318 4764 φησιν
1354 4693 1496 4761 Ἰὼϐ,
1535 4714 1551 4744 ε
1583 4695 1697 4748 ἐδε-

87 4788 321 4857 ξάμεθα
351 4789 414 4841 ὲκ
438 4789 616 4860 χειρὸς
651 4788 878 4859 Κυρίου,
905 4788 974 4841 τά
1003 4786 1150 4840 κακὰ
1177 4787 1273 4856 οὐχ
1297 4786 1590 4856 ὑποίσομεν
1616 4803 1630 4850 ;
1668 4805 1687 4838 ι

99 4875 388 4930 Ἐνταῦθα
418 4877 525 4947 γὰρ
557 4875 737 4944 ἀγαθὰ
767 4875 835 4929 τά
861 4876 1170 4948 ὑπάρχοντα
1201 4875 1502 4946 ὠνόμασεν,
1548 4875 1691 4948 ἅπερ

82 4969 262 5039 παρὰ
294 4968 391 5038 τὴν
419 4970 612 5040 χρῆσιν
642 4969 740 5040 τὴν
769 4969 940 5040 καλὴν
967 4969 1175 5037 γίνεται
1210 4967 1412 5036 ἀγαθά.

181 5058 316 5125 Τοῖς
342 5061 530 5128 ἁγίοις
571 5059 693 5126 τοῖς
719 5060 788 5112 ἐν
818 5059 892 5128 τῇ
929 5059 1007 5128 γῇ
1031 5057 1220 5113 αὑτοῦ
1257 5057 1689 5128 ἑθιιυμάσ,τωσε

78 5151 310 5207 πάντα
336 5149 408 5202 τὰ
449 5149 748 5219 θελήματα
772 5150 957 5205 αὑτοῦ
982 5151 1051 5203 ἐν
1088 5149 1312 5215 αὐτοῖς.
1358 5150 1690 5218 Ἐπληθύν-

79 5248 309 5311 θησαν
326 5245 386 5295 ιιὶ
409 5242 712 5298 ἀσθένειαι
737 5242 958 5308 αὐτῶν,
977 5241 1127 5312 μετά
1154 5241 1343 5296 ταῦτα
1363 5242 1686 5312 ἐτάχυναν,

77 5353 152 5389 κ.
199 5350 255 5386 τ.
305 5334 350 5385 ἑ.
400 5333 457 5386 Ὀ
501 5332 822 5404 ἁμαρτωλὸς
853 5334 962 5404 (28)
1012 5332 1116 5400 ἔξω
1155 5332 1256 5401 τῆς
1294 5334 1397 5404 γῆς
1431 5335 1546 5387 ἐστι
1593 5335 1687 5390 τοῦ

173 5448 223 5481 ⁵³
255 5445 377 5501 Job.
417 5463 497 5514 ιι,
533 5448 620 5502 10.

198 5537 296 5608 ἓξ)
339 5537 392 5588 Ὁ
422 5538 572 5608 κατὰ
603 5537 730 5608 uir,
759 5545 864 5590 etc.
893 5537 1070 5591 Codex
1104 5536 1454 5608 Anglicanus.

197 5606 295 5671 ‘25)
331 5608 423 5673 Ὡς
449 5607 544 5660 καὶ
570 5610 622 5660 οι
639 5606 923 5670 διάκονοι,
951 5616 1056 5660 etc.
1089 5607 1267 5660 lecx
1301 5607 1685 5663 Cnislinianus.

177 5674 296 5748 (‘26)
339 5679 434 5744 ’.Ως
489 5678 823 5748 πολεμίων,
865 5687 971 5732 etc.
1025 5674 1355 5745 Corderius,
1409 5687 1464 5731 et
1515 5680 1685 5734 codex

69 5749 488 5811 Cuisliniauus.

182 5820 300 5893 (27)
323 5821 393 5876 Et
416 5820 606 5893 ἀγαθὰ
627 5817 814 5877 πᾶσαι
842 5819 1065 5892 ἀρεταί,
1092 5827 1198 5876 ctc.
1227 5818 1450 5902 Scitedac
1474 5816 1680 5876 Grabii.

1813 2952 1920 2996 tam
1946 2942 2077 2997 dicit
2115 2961 2128 2996 :
2165 2941 2265 3008 Qui
2303 2943 2354 2996 iu
2399 2940 2645 3004 Domino,
2681 2954 2782 2995 nec
2824 2939 2878 2994 in
2914 2939 3022 2994 ullo
3049 2938 3154 2994 alio
3186 2949 3387 3010 sperat,

1809 3036 2113 3091 custoditur
2143 3036 2210 3090 ab
2238 3034 2352 3090 illo.
2383 3035 2457 3088 At
2483 3033 2661 3088 ntillus
2690 3042 2941 3104 peccator
2964 3048 3093 3088 vere
3128 3033 3266 3088 hanc
3295 3049 3390 3089 vo-

1810 3143 1926 3184 cem
1969 3127 2327 3197 pronuntiare
2371 3135 2570 3196 potest.
2599 3125 2731 3180 Cum
2757 3125 2904 3178 enim
2946 3138 3138 3178 servus
3177 3123 3389 3192 sitejus

1809 3222 1950 3291 quod
1980 3222 2130 3285 facit,
2157 3220 2384 3291 peccati,
2413 3235 2518 3273 non
2547 3226 2721 3289 potest
2750 3218 2856 3271 Deo
2885 3219 3113 3274 servire.
3132 3216 3182 3272 ls
3204 3228 3387 3274 autem

1809 3313 1897 3380 qui
1932 3313 2188 3381 praetica:
2221 3322 2275 3367 et
2305 3311 2742 3380 contemplativa
2767 3311 2893 3365 vitae
2923 3308 3231 3364 columnam
3264 3325 3389 3366 ere-

1811 3407 1910 3470 xit,
1938 3405 2175 3459 clamat:
2215 3422 2234 3457 ι
2270 3404 2386 3458 Dixi
2421 3405 2650 3458 Domino
2679 3421 2692 3458 :
2727 3405 2866 3458 Deus
2894 3417 3046 3456 mens
3072 3417 3131 3457 es
3163 3413 3252 3467 tu;
3287 3421 3306 3454 ι
3337 3413 3390 3458 et

1809 3501 1876 3554 de
1909 3498 2066 3552 donis
2097 3499 2201 3553 tuis
2233 3511 2458 3552 munera
2489 3497 2583 3550 tibi
2619 3495 2788 3550 olTero
2809 3537 2826 3563 ,
2880 3511 2984 3550 non
3019 3503 3276 3564 tanquam
3310 3497 3390 3550 in-

1807 3590 2029 3660 digenti.
2063 3589 2231 3645 Nemo
2261 3590 2404 3644 enim
2431 3589 2808 3644 luereticorum
2839 3590 2940 3643 hoc
2972 3589 3174 3650 dicens,
3200 3605 3388 3644 verum

1805 3681 2066 3751 proferet.
2097 3680 2212 3737 Non
2239 3681 2412 3737 solum
2443 3693 2622 3736 autem
2657 3683 2758 3736 hoc
2791 3680 2857 3736 de
2891 3680 3262 3746 sensibilibus,
3293 3683 3388 3738 sed

1805 3778 1969 3834 etiam
2011 3779 2077 3833 de
2122 3776 2458 3846 spiritalibus
2500 3776 2869 3833 oblationibus
2914 3775 3388 3846 pronuntiandum

1805 3880 1907 3925 est.
1938 3869 2071 3924 Nam
2107 3869 2230 3924 licet
2257 3867 2584 3923 sacrilicium
2615 3868 2874 3923 virtutum
2909 3867 3296 3928 obtulerimus,
3323 3865 3388 3921 li-

1805 3973 1893 4018 cet
1931 3977 2161 4032 corpora
2197 3972 2381 4017 nostra
2432 3976 2530 4032 per
2573 3961 2940 4016 omnimodant
2994 3961 3385 4016 continentiam

1805 4054 2320 4118 saerilicaverimus,
2355 4053 2556 4108 scimus
2583 4052 2634 4106 id
2664 4067 2772 4106 non
2803 4065 3028 4122 pr0pter
3051 4066 3205 4107 suam
3239 4050 3388 4104 utili-

1808 4155 1969 4200 tatem
2005 4146 2169 4200 Deum
2202 4147 2448 4213 accipere
2473 4186 2489 4211 ,
2516 4145 2610 4200 sed
2644 4155 2702 4200 ut
2739 4145 2896 4200 nobis
2924 4144 3240 4216 petentibus
3271 4157 3386 4199 cm-

1726 4258 1773 4315 ι)
1804 4237 1957 4292 lestia
1991 4238 2132 4292 bona
2157 4237 2424 4292 conferat.

1871 4329 2148 4398 Ejusdem.
2192 4330 2248 4385 Si
2286 4331 2430 4385 inter
2475 4331 2615 4385 bona
2659 4337 2790 4383 sunt
2813 4343 3003 4383 omnes
3035 4327 3282 4391 virtutes,
3328 4336 3384 4382 et
3421 4316 3427 4322 ’

1796 4423 2024 4478 scientia
2058 4424 2263 4494 indiget
2291 4423 2607 4489 virtutibus,
2637 4421 2891 4477 onmibns
2936 4430 3087 4476 certe
3124 4421 3282 4474 bonis
3307 4420 3387 4472 in-

1797 4515 1942 4585 diget
1968 4516 2218 4571 scientia.
2264 4517 2330 4570 Et
2361 4518 2480 4571 vide
2514 4531 2578 4569 ne
2619 4527 2766 4569 certe
2796 4515 2884 4567 hic
2915 4514 3063 4566 dicta
3102 4515 3211 4566 sint
3241 4512 3382 4565 bona

1799 4608 1972 4662 media
2022 4624 2252 4679 quorum
2298 4608 2444 4675 jnsta
2489 4609 2762 4676 possessio
2807 4621 2906 4660 nos
2945 4603 3128 4674 justos
3169 4613 3224 4658 et
3273 4621 3381 4660 non

1799 4697 2197 4770 Deumjusluut
2232 4701 2426 4755 reddit.
2462 4719 2480 4751 ι
2520 4700 2576 4754 Si
2607 4699 2750 4753 enim
2785 4699 2948 4763 bona,
2985 4695 3282 4768 inquitJob
3311 4696 3387 4765 κ,

1797 4794 2143 4863 suscepimus
2173 4797 2240 4847 de
2269 4809 2427 4848 manu
2477 4792 2712 4858 Domini,
2745 4791 2881 4845 mala
2931 4807 3039 4845 non
3089 4790 3383 4845 sustinebio

1797 4888 1960 4940 tuus?
1992 4906 2012 4939 ι
2050 4888 2137 4942 ubi
2177 4889 2440 4941 bonorum
2465 4886 2682 4941 nomine
2709 4885 2920 4940 vocavit
2949 4884 3235 4939 facultates
3264 4898 3384 4953 qua

1794 4993 1856 5030 ex
1893 4977 2033 5032 bono
2066 4995 2162 5032 usu
2197 4978 2332 5032 liunt
2362 4979 2537 5032 bona).

1867 5069 2029 5124 Vsus.
2056 5071 2110 5136 5,
2144 5071 2198 5123 4.
2239 5068 2450 5125 Sanctis
2478 5069 2568 5140 qui
2607 5077 2727 5122 sunt
2762 5069 2816 5122 in
2852 5079 2994 5122 terra
3040 5067 3160 5136 ejus
3191 5065 3382 5125 miri/i-

1795 5162 1927 5214 cavit
1961 5177 2136 5214 omnes
2165 5161 2459 5216 voluntates
2490 5179 2616 5214 snas
2643 5161 2696 5214 in
2725 5161 2822 5214 eis.
2856 5159 3230 5226 Multiplicatw
3260 5166 3382 5210 sunt

1799 5251 2140 5319 inﬁrmitates
2172 5269 2384 5320 eorum,
2419 5263 2597 5323 postea
2623 5252 3076 5314 acceleraverunt,
3110 5257 3216 5303 etc.
3251 5247 3382 5301 Pec-

1800 5352 1954 5398 cator
1978 5355 2060 5401 est
2089 5355 2246 5400 extra
2275 5355 2472 5401 terram
2505 5344 2622 5413 Dei,
2669 5355 2728 5398 ut
2768 5343 2854 5399 cui
2888 5358 2993 5396 non
3024 5340 3261 5395 ostendit
3288 5339 3384 5392 mi-

1871 5542 1981 5612 (9.8)
2026 5545 2079 5597 ’0
2107 5544 2448 5613 ἁμαρτωλός
2479 5583 2494 5606 ,
2544 5553 2648 5598 etc.
2701 5540 2914 5594 Initium
2953 5538 3126 5613 liabet
3174 5537 3379 5613 corde-

1799 5600 1913 5669 rius
1938 5600 2109 5688 nisque
2136 5600 2350 5688 _ad'hare
2389 5600 2548 5688 verba
2589 5631 2617 5688 _:_
2637 5613 2893 5688 ζητήσεις
2919 5611 2965 5662 εί
2997 5600 3178 5688 οῦτοι-ε.
3221 5608 3368 5688 Beli-

1795 5700 1898 5756 qua
1925 5677 2149 5756 O’ri'geni
2178 5687 2366 5739 tribuit
2393 5677 2964 5756 codexlloislinianus,
2993 5696 3113 5751 qua:
3139 5677 3375 5734 Eusebio

1795 5752 1848 5814 ct
1873 5752 2162 5815 Theodoro
2189 5756 2412 5814 ascribit
2438 5753 2630 5811 Daniel
2655 5752 2951 5809 Barbarus.
