3986 6384
558 189 690 248 1211

1943 195 2035 250 EX
2074 195 2373 253 ORIGENE

3681 203 3819 258 1212

556 311 767 369 rabilis.
805 309 1052 368 Christus
1079 320 1261 367 autem
1288 313 1353 368 de
1375 312 1506 368 viris
1527 312 1784 383 perfectis
1814 313 1906 383 qui
1934 329 1993 368 se
2029 315 2080 386 ip

2190 343 2201 372 ι
2231 310 2388 373 Θεοῦ,
2422 302 2466 378 ᾧ
2486 310 2585 363 οὐκ
2607 309 2806 378 ἔδειξεν
2827 309 2895 364 τά
2919 311 3214 383 θαυμάσια.
3255 313 3310 369 '0
3335 316 3570 388 Χριστὸς
3594 319 3654 374 δὲ
3686 322 3817 391 περὶ

551 405 986 470 conformarnnt,
1019 405 1158 459 dicet
1187 423 1200 460 :
1235 402 1434 461 Omnes
1464 405 1765 462 voluntates
1797 423 1928 462 mea:
1960 407 2012 462 in
2047 409 2127 464 eis

552 507 697 552 sunt.
736 497 801 552 Et
831 496 1204 566 multiplicatae
1239 500 1455 568 quidem
1500 507 1624 553 sunt
1655 498 1998 555 inﬁrmitates
2031 516 2124 555 eo-

553 605 672 644 rum
701 589 791 659 qui
815 604 880 644 ex
909 591 1163 661 gentibus
1196 603 1373 659 erant,
1406 596 1500 650 sed
1529 594 2000 658 acceleraverunt,
2029 610 2125 665 per

550 680 920 747 paenitentiam
954 682 1354 752 resipiscentcs.
1385 685 1604 752 Qumres
1629 701 1757 740 vero
1781 701 1849 740 an
1883 686 1936 740 hi
1959 684 2120 754 juxta

545 771 780 840 aliquem
811 788 1030 828 sensum
1073 777 1247 831 sancti
1293 778 1588 847 aliquando
1637 779 1842 834 fuerint
1879 778 1933 833 in
1978 790 2119 836 terra

547 862 641 916 Dei
676 865 1006 932 habitantes,
1029 868 1346 938 priusquam
1382 869 1753 938 multiplicata:
1784 871 1893 926 sint
1924 872 2116 943 iniqui-

546 963 686 1008 tates
711 971 938 1022 eorum;
969 957 1048 1013 vel
1080 959 1298 1029 quidam
1332 975 1520 1016 eorum
1551 962 1717 1018 lsrael
1743 962 1872 1026 sint,
1913 962 1968 1017 in
1999 965 2117 1033 qui-

544 1046 645 1101 bus
673 1058 829 1103 erant
864 1050 1152 1119 aliquando
1185 1053 1486 1109 voluntates
1523 1053 1615 1108 Dei
1658 1073 1672 1122 ;
1703 1055 1786 1110 vel
1823 1057 1901 1111 sic
1939 1059 2115 1113 sancti

527 1141 633 1208 qui
671 1141 720 1194 in
761 1140 928 1212 598
954 1144 1091 1198 cwlo
1119 1147 1590 1201 conversationem
1627 1146 1849 1218 habent,
1884 1148 1934 1202 in
1974 1161 2113 1204 terra

539 1227 657 1294 ejus
681 1243 982 1290 versentur.
1016 1233 1143 1288 licet
1168 1235 1344 1290 adhuc
1363 1237 1470 1290 sint
1497 1237 1549 1290 in
1586 1239 1686 1292 hac
1711 1247 1883 1295 terra.
1915 1239 2114 1296 Volun-

540 1329 681 1376 tates
708 1321 802 1377 Dei
829 1323 1053 1394 singulze
1087 1337 1212 1380 sunt
1242 1329 1491 1393 virtutes,
1528 1339 1583 1383 ut
1611 1329 1780 1399 liquet
1807 1347 1872 1387 ex
1907 1333 1991 1388 his
2024 1335 2106 1388 ‘3:

543 1431 562 1463 ι
601 1413 781 1468 Inveni
827 1415 993 1470 David
1044 1419 1208 1472 ﬁlium
1252 1418 1403 1475 Jesse
1428 1461 1442 1485 ,
1469 1421 1642 1475 virum
1687 1426 1986 1480 secundum
2015 1443 2112 1482 cor

537 1521 740 1573 meum,
768 1509 857 1576 qui
882 1509 1042 1563 faciet
1068 1527 1259 1565 onmes
1282 1513 1589 1570 voluntates
1623 1529 1789 1574 meas.
1821 1536 1840 1568 ι
1868 1516 1973 1572 Has
2006 1518 2110 1572 nti-

536 1599 714 1654 riﬁcat
744 1602 884 1656 Deus
908 1603 960 1657 in
995 1606 1198 1660 sanctis
1218 1607 1352 1674 suis,
1379 1608 1472 1678 qui
1497 1611 1688 1665 melius
1714 1625 1876 1679 quam
1913 1612 2102 1683 reliqui

2228 405 2333 457 τῶν
2366 402 2484 456 κατ’
2512 403 2672 456 αὐτὸν
2711 404 3155 476 μεμορφωμένων
3183 406 3402 463 τελείων
3443 411 3578 482 ἐρεῖ·
3619 413 3814 469 Πάντα

2224 495 2292 546 τὰ
2323 494 2603 566 θελήματά
2643 513 2742 566 μου
2776 498 2832 549 ὲν
2873 497 3073 560 αὐτοῖς.
3117 499 3228 551 Καὶ
3261 499 3683 572 ὲπληθύνθησαν
3713 503 3813 575 μὲν

2225 588 2280 639 ai
2310 585 2584 642 ἀσθένειαι
2629 587 2737 640 τῶν
2783 587 2892 640 ἀπὸ
2933 587 3039 641 τῶν
3073 588 3277 642 ἐθνῶν·
3329 593 3593 664 ὲτάχυναν
3633 593 3694 647 δὲ
3740 597 3808 666 τῇ

2226 679 2482 750 μετανοίᾳ
2522 678 2968 748 μεταϐάλλοντες.
3019 681 3280 753 Ζητήσεις
3315 683 3372 737 δὲ
3405 687 3452 738 εἰ
3480 681 3628 740 οὗτοι
3663 687 3810 741 κατά

2220 787 2340 823 τινα
2383 769 2608 841 ἐκδοχὴν
2643 771 2786 840 ἀγιοί
2815 789 2944 824 ποτε
2973 767 3113 843 ἦσαν
3141 776 3197 828 ἐν
3233 778 3300 846 τῇ
3331 779 3397 847 γῇ
3431 778 3525 830 τοῦ
3556 778 3698 832 Θεοῦ
3723 781 3807 833 οξ-

2221 859 2461 927 κοῦντες,
2508 863 2637 934 πρὶν
2689 861 3056 934 πληθυνθῆναι
3082 864 3179 928 τὰς
3226 866 3454 938 ἀνομίας
3506 869 3715 923 αὐτῶν·
3768 873 3806 944 ἦ

2218 971 2362 1019 τινες
2413 954 2591 1008 αὐτῶν
2619 958 2648 1009 ὁ
2690 957 2904 1028 Ἰσραήλ
2937 959 3094 1022 εἰσιν,
3130 959 3186 1012 ἐν
3225 954 3305 1024 οἷς
3341 955 3408 1032 ἦν
3438 963 3688 1016 ποτετά
3716 964 3806 1018 θε-

2217 1042 2432 1116 λήματα
2479 1045 2573 1098 τοῦ
2614 1043 2780 1099 Θεοῦ’
2818 1045 3054 1117 ῆοῦτως
3105 1049 3162 1101 ὲν
3207 1050 3420 1121 οὐρανῷ
3459 1053 3506 1104 οἱ
3545 1053 3696 1120 άγιοι
3741 1052 3806 1108 τὸ

2216 1135 2514 1208 πολίτευμα
2545 1136 2758 1209 ἔχοντες
2793 1141 2886 1193 ἐπὶ
2930 1139 3030 1210 τῆς
3063 1141 3165 1212 γῆς
3211 1142 3374 1195 αὐτοῦ
3404 1142 3800 1215 διατρίϐουσιν,

2215 1229 2315 1284 κᾶν
2345 1230 2423 1284 ἔτι
2450 1225 2582 1285 ὦσιν
2613 1233 2669 1285 ἐν
2697 1233 2870 1304 ταύτῃ
2913 1237 2978 1306 τῇ
3022 1238 3113 1306 γῇ.
3148 1235 3438 1308 Θελήματα
3478 1237 3536 1290 δὲ
3564 1237 3707 1291 Θεοῦ
3743 1242 3801 1293 αἱ

2213 1321 2331 1374 κατ’
2359 1318 2497 1385 εἶδος
2525 1324 2735 1394 ἀρεταὶ,
2767 1325 2842 1389 ὡς
2886 1327 2942 1380 ὲν
2971 1326 3074 1398 τῷ·
3114 1347 3131 1380 ι
3165 1323 3336 1402 Εὗρον
3375 1331 3540 1385 Δαυῖδ
3563 1331 3665 1386 τὸν
3701 1333 3798 1387 τοῦ

2225 1413 2421 1466 Ἰεσσαὶ
2464 1415 2633 1487 ἄνδρα
2683 1417 2825 1470 κατά
2871 1417 2967 1490 τὴν
3019 1421 3246 1492 καρδίαν
3293 1439 3415 1493 μου,
3461 1423 3523 1487 ὃς
3573 1427 3800 1494 ποιήσει

2212 1506 2388 1560 πάντα
2421 1507 2486 1560 τά
2516 1506 2797 1581 θελήματά
2830 1529 2952 1583 μου.
3003 1532 3019 1563 ι
3055 1512 3236 1566 Ταῦτα
3265 1514 3569 1587 θαυμαστοῖ
3600 1520 3632 1570 ὁ
3659 1517 3797 1582 Θεὸς

2211 1600 2266 1650 ἐν
2300 1603 2410 1662 τοῖς
2453 1601 2626 1668 ἁγίοις
2653 1603 2818 1656 αὐτοῦ
2855 1604 2962 1657 τῶν
2993 1603 3193 1659 λοιπῶν
3222 1607 3524 1680 ἀνθρώπων
3562 1611 3794 1681 ἄμεινον

531 1690 780 1748 homines
824 1693 1054 1749 virtutes
1097 1707 1373 1753 exercent.
1409 1699 1914 1770 lncomparabilitcr
1958 1705 2084 1758 enin

2209 1689 2436 1745 ἀσκοῦσι
2483 1693 2580 1757 τὰς
2633 1695 2859 1765 ἀρετάς·
2917 1698 3260 1770 ἀσυγκρίτως
3313 1701 3420 1772 γὰρ
3480 1702 3794 1774 ὑπερέσχον

531 1780 847 1838 fortitudine
870 1785 1251 1852 praecellebant
1278 1789 1530 1858 apostoli,
1558 1793 1833 1862 prOphetae
1878 1803 1930 1849 et
1961 1810 2106 1848 mar-

533 1883 711 1944 tyres,
756 1877 1089 1933 continentia
1133 1895 1262 1936 vero
1289 1881 1491 1952 Joseph
1535 1894 1588 1940 et
1632 1885 1905 1953 Susanna,
1939 1899 2104 1943 caete-

527 1969 709 2036 risque
741 1971 1032 2027 virtutibus
1081 1973 1352 2029 similiter.
1387 1974 1480 2031 Sic
1531 1988 1715 2032 autem
1754 1981 1878 2050 quis
1911 1981 2102 2036 miriﬁ-

433 2075 435 2078 ‘
523 2069 700 2126 catus,
738 2062 1012 2131 propriam
1045 2067 1321 2122 erubescit
1352 2068 1743 2137 inﬁrmitatem,
1773 2073 1970 2142 quippe
2007 2076 2099 2146 qui

525 2151 758 2208 multum
790 2169 819 2208 a
854 2156 944 2210 Dei
972 2155 1291 2214 fortitudine
1318 2161 1508 2216 abesse
1538 2176 1598 2217 se
1637 2165 1855 2220 sentiat.
1898 2165 2097 2222 Verum

519 2243 784 2315 ejusmodi
811 2247 1174 2316 inﬁrmitates,
1199 2251 1249 2306 in
1277 2253 1430 2323 ipsis,
1452 2255 1624 2310 donec
1642 2271 1736 2311 eas
1755 2261 2093 2328 agnoverint,

521 2347 834 2404 manentes,
872 2340 978 2394 cito
1013 2342 1249 2409 abeunt,
1291 2357 1574 2417 propterea
1607 2353 1748 2421 quod
1787 2355 1887 2408 viri
1919 2355 2094 2410 sancti

517 2443 546 2480 a
579 2428 798 2484 Christo
844 2430 1216 2489 confortentur
1247 2437 1493 2495 dicentes
1516 2440 1600 2495 διε
1639 2460 1658 2496 ι
1701 2443 1754 2498 In
1791 2445 1899 2500 Deo
1927 2445 2096 2502 facie-

516 2534 638 2573 tnns
671 2521 950 2577 virtutem.
978 2541 998 2574 ι

589 2631 750 2690 Vens.
777 2636 832 2690 4.
873 2634 998 2691 Non
1031 2639 1360 2711 congregabo
1395 2644 1754 2700 conventicula
1802 2666 1982 2706 eorum
2025 2655 2091 2709 de

512 2727 880 2795 snnguinibus.
912 2745 1003 2782 nec
1028 2747 1226 2786 memor
1251 2751 1339 2790 ero
1373 2739 1641 2794 nominum
1676 2758 1855 2797 eorum
1881 2763 1974 2814 per
2007 2747 2089 2801 Ia-

511 2819 596 2870 bia
625 2835 758 2884 mea,
789 2829 895 2876 etc.
933 2821 1214 2879 Manifeste
1247 2827 1361 2882 haac
1391 2829 1526 2885 dicit
1569 2836 1916 2902 praestantior
1947 2837 2087 2892 mul-

510 2910 581 2964 tis
610 2925 708 2966 nec
745 2911 883 2966 alius
915 2929 1073 2982 quam
1122 2916 1374 2975 Christus
1398 2960 1414 2986 ,
1470 2923 1561 2992 qui
1609 2940 1732 2980 cum
1763 2940 2079 3009 congregat,

2207 1783 2344 1836 κατὰ
2371 1785 2469 1855 μὲν
2497 1786 2750 1858 ἀνδρείαν
2778 1787 3062 1842 ἀπόστολοι
3088 1807 3169 1856 τε,
3198 1793 3470 1864 προφῆται
3499 1795 3596 1848 καὶ
3649 1796 3792 1866 μάρ-

2204 1891 2388 1945 τυρες,
2441 1877 2581 1930 κατά
2623 1878 2678 1932 δὲ
2708 1879 3060 1954 σωφροσύνην
3119 1883 3315 1955 Ἰωσὴφ
3364 1886 3456 1939 καὶ
3490 1886 3780 1950 Σωσάννα,

2205 1966 2296 2018 καὶ
2325 1966 2465 2020 κατὰ
2492 1968 2590 2032 τάς
2617 1970 2807 2042 ἐτέρας
2829 1972 3050 2043 ὁμοίως.
3083 1973 3237 2028 Οὕτω
3261 1975 3318 2029 δέ
3341 1995 3423 2042 τις
3449 1977 3786 2050 θαυμαστω-

2203 2056 2314 2122 θεὶς
2344 2060 2658 2131 ἀἰσχύνεται
2687 2063 2787 2134 τῆς
2822 2063 2954 2129 ἰδίας
2991 2065 3291 2132 ἀσθενείας,
3330 2069 3462 2124 πολὺ
3493 2073 3593 2144 τῆς
3631 2073 3785 2139 θείας

2203 2149 2384 2221 ἰσχύος
2430 2151 2877 2225 ἀπολειπόμενος.
2923 2157 2986 2208 Ai
3031 2156 3087 2210 δὲ
3135 2158 3438 2226 ἀσθένειαι,
3479 2163 3644 2235 μέχρι
3683 2165 3782 2219 τοῦ

2198 2242 2450 2314 ἐννοῆσαι
2486 2246 2644 2316 μόνον
2675 2247 2845 2312 αὑτάς
2880 2249 3312 2320 παραμένουσαι,
3339 2254 3548 2324 ταχέως
3578 2258 3782 2311 ἀπίασι

2195 2333 2281 2388 διά
2314 2337 2374 2389 τὸ
2423 2337 2850 2408 ὲνδυναμοῦσθαι
2890 2342 3015 2406 τοὺς
3041 2342 3228 2412 ἁγίους
3265 2344 3370 2397 ὑπὸ
3408 2347 3653 2418 Χριστοῦ
3688 2350 3783 2404 λέ-

2193 2441 2408 2493 γοντας·
2444 2447 2460 2480 ι
2511 2430 2599 2485 Ἐν
2621 2429 2698 2502 τῷ
2721 2429 2841 2503 Θεῷ
2868 2434 3168 2507 ποιήσομεν
3201 2436 3448 2510 δύναμιν.
3491 2460 3511 2492 ι

2245 2656 2327 2710 Οὐ
2359 2656 2448 2727 μὴ
2479 2659 2801 2731 συναγάγω
2830 2660 2937 2728 τὰς
2966 2663 3323 2734 συναγωγὰς
3347 2661 3546 2719 αὐτῶν
3569 2664 3643 2730 ἐξ
3671 2669 3762 2721 αὖ·

2174 2743 2398 2814 μάτων⁶
2442 2749 2586 2804 οὐδὲ
2626 2751 2713 2821 μὴ
2753 2753 3008 2822 μνησθῶ
3043 2752 3161 2808 τῶν
3208 2755 3515 2827 ὀνομάτων
3550 2758 3764 2812 αὐτῶν

2176 2835 2276 2891 διὰ
2318 2840 2566 2906 χειλέων
2586 2858 2728 2910 μου,
2761 2859 2814 2895 κ.
2842 2861 2885 2898 τ.
2919 2845 2964 2897 ἑ.
3016 2845 3312 2918 Ἀντικρυς
3356 2845 3604 2920 μείζονος
3637 2849 3760 2922 (‘29)

2176 2929 2324 3000 παρὰ
2347 2932 2473 2994 τοὺς
2503 2933 2726 2999 πολλοὺς
2753 2936 2809 2989 αἱ
2850 2938 3046 3006 φωναὶ,
3086 2940 3180 2992 καὶ
3223 2940 3327 2992 οὐκ
3357 2939 3512 2994 ἄλλου
3544 2941 3578 3010 ἦ
3618 2943 3763 3012 Χρι-

509 3015 614 3054 ιιοιι
646 3016 938 3074 congregat
962 3009 1332 3065 conventicula
1358 3012 1424 3068 de
1447 3017 1824 3086 sanguinibus,
1845 3037 1944 3076 nec
1964 3038 2078 3078 me-

2190 3021 2334 3075 ττοῦ·
2379 3017 2532 3088 οὗτος
2575 3026 2684 3098 γὰρ
2728 3028 2974 3098 συνάγων
3017 3030 3077 3084 οὐ
3129 3031 3349 3101 συνάγει
3395 3032 3455 3098 ἐξ
3499 3035 3760 3107 αἱμάτων

508 3109 628 3149 ιηοι·
659 3103 742 3150 est
771 3098 1045 3151 nominmn
1085 3099 1261 3158 adhuc
1295 3118 1360 3158 ex
1390 3109 1767 3177 sanguinibus.
1819 3112 1910 3167 Vel
1957 3115 2078 3172 sic:

503 3183 621 3238 Non
651 3189 1104 3256 quemadmodum
1135 3191 1311 3250 Grazci
1341 3207 1396 3251 et
1424 3197 1594 3254 Judaei
1618 3241 1634 3266 ,
1664 3204 1736 3257 ita
1766 3220 1867 3276 ego
1900 3208 2079 3264 libabo

502 3275 754 3334 libamina
786 3283 852 3336 de
881 3285 1256 3353 sanguinihns.
1305 3288 1396 3346 Sic
1428 3295 1575 3347 enim
1622 3295 1761 3353 alius
1807 3299 2076 3372 interpres

500 3369 698 3460 habet:
737 3390 756 3423 ι
797 3372 911 3428 Non
947 3375 1126 3432 libabo
1159 3379 1418 3437 libamina
1463 3400 1651 3442 eorum
1689 3391 1755 3446 de
1793 3369 2067 3464 sanguini-

498 3463 618 3532 bus,
651 3452 674 3518 ι’
699 3469 794 3523 sed
826 3486 959 3525 nova
995 3475 1203 3528 tradam
1234 3482 1487 3549 mysteria
1515 3485 1767 3544 omnibus
1808 3500 1861 3546 et
1899 3495 2072 3549 sacri-

498 3555 679 3612 ﬁcium
728 3560 1098 3630 incruentum,
1145 3586 1319 3640 neque
1360 3585 1541 3630 vetera
1588 3578 1808 3636 illorum
1853 3588 2070 3644 nomina

497 3653 826 3710 memorabo.
865 3657 1190 3716 Dicebautur
1222 3667 1365 3719 enim
1407 3669 1618 3736 profani
1648 3681 1702 3727 et
1731 3675 2068 3751 idolothytm,

495 3746 587 3798 sed
622 3745 848 3804 elliciam
881 3761 939 3806 ut
971 3754 1196 3810 audiant
1238 3760 1311 3828 pii
1347 3775 1410 3815 ac
1437 3764 1632 3819 sancti.
1670 3764 1762 3820 Vel
1799 3771 1876 3826 sic
1907 3745 2064 3831 [Novi

490 3836 734 3891 absolute
767 3840 898 3895 dicit
931 3857 990 3898 se
1037 3861 1142 3900 non
1191 3864 1645 3922 congregatarum
1691 3865 2062 3921 conventicula

486 3941 674 3982 eorum
697 3969 710 3991 ,
740 3932 832 3986 sed
868 3951 887 3984 ι
926 3935 992 3989 de
1025 3941 1412 4013 sanguinibus;
1449 3965 1468 3999 ι
1507 3965 1683 4016 neque
1715 3953 1960 4013 absolute
1987 3959 2065 4015 ait

488 4032 547 4072 se
591 4020 865 4076 nominum
903 4040 1088 4082 eorum
1140 4048 1245 4085 non
1276 4050 1570 4094 memorem
1604 4042 1742 4109 fore,
1779 4047 1872 4102 sed
1910 4068 1928 4100 ι
1966 4041 2062 4118 per

2178 3116 2517 3185 συναγωγὰς,
2544 3119 2663 3172 οὐδὲ
2689 3120 2958 3192 μέμνηται
2977 3123 3252 3194 ὀνομάτων
3286 3126 3364 3180 ἔτι
3387 3125 3446 3191 ἐξ
3474 3128 3754 3198 αἱμάτων.

2177 3205 2245 3256 Ἢ
2275 3206 2446 3272 οὕτως
2469 3227 2483 3242 ο
2522 3211 2634 3281 Οὐχ
2668 3211 2742 3275 ὡς
2775 3213 3033 3286 ’Έλληνες
3071 3217 3165 3269 καὶ
3196 3219 3246 3270 οἱ
3299 3218 3558 3280 Ἰουδαῖοι,
3591 3221 3759 3289 κάγὼ

2174 3297 2381 3352 σπείσω
2419 3300 2516 3365 τὰς
2558 3303 2788 3367 σπονδὰς
2823 3305 2880 3372 ὲξ
2920 3309 3185 3378 αἱμάτων.
3238 3309 3393 3364 Οὕτω
3419 3312 3526 3383 γὰρ
3554 3313 3756 3385 ἕτερος

2169 3391 2540 3462 ὴρμήνευσεν’
2579 3413 2596 3445 ι
2635 3395 2708 3448 Οὐ
2741 3399 2946 3453 σπείσω
2985 3399 3085 3464 τὰς
3121 3402 3349 3466 σπονδὰς
3369 3404 3542 3459 αὐτῶν
3569 3406 3630 3470 ἐξ
3659 3409 3756 3460 αἱ-

2171 3482 2375 3551 μάτων,
2410 3502 2428 3536 )
2462 3483 2596 3539 ἀλλά
2626 3489 2930 3559 παραδώσω
2961 3493 3122 3546 καινά
3153 3496 3423 3567 μυστήρια
3466 3498 3600 3551 πᾶσι
3645 3502 3752 3554 καὶ

2167 3571 2356 3626 θυσίαν
2391 3575 2726 3646 ἀναίμακτον
2748 3598 2760 3610 ·
2795 3582 2910 3636 ἀλλ’
2932 3584 3051 3638 οὐδὲ
3096 3586 3472 3659 μνησθήσομαι
3496 3590 3604 3644 τῶν
3634 3610 3751 3648 πα-

2165 3664 2330 3718 λαιῶν
2365 3668 2642 3739 ὀνομάτων
2676 3673 2888 3728 αὐτῶν
2940 3675 3188 3746 ἐλέγοντο
3227 3679 3335 3752 γὰρ
3376 3681 3589 3754 βέϐηλοι
3641 3689 3751 3740 καὶ

2163 3755 2523 3812 είδωλοθύταιο
2565 3761 2701 3815 ἀλλά
2737 3762 2891 3820 δώσω
2933 3768 3116 3833 αὐτοῖς
3142 3769 3360 3824 ἀκούειν
3395 3774 3442 3825 oi
3486 3774 3743 3843 εὐσεϐεῖς

2161 3849 2254 3902 καὶ
2280 3848 2442 3917 άγιοι.
2476 3853 2545 3904 Ἢ
2572 3853 2666 3907 καὶ
2697 3853 2890 3920 οὕτως·
2923 3860 2998 3912 Οὐ
3029 3861 3284 3927 καθάπαξ
3311 3863 3456 3932 λέγει
3486 3866 3560 3937 μὴ
3603 3885 3744 3922 συν-

2159 3937 2307 4004 άξειν
2338 3941 2438 4007 τὰς
2488 3948 2807 4017 συναγωγὰς
2841 3949 3039 4018 αὐτῶν,
3073 3951 3280 4022 ἀλλἰὲξ
3313 3957 3742 4028 αἱμάτων-»οὐδὲ

2161 4032 2234 4103 μὴ
2271 4035 2572 4105 μνησθῆναι
2608 4041 2717 4094 τῶν
2758 4041 3036 4112 ὀνομάτων
3075 4046 3252 4099 αὐτῶν
3296 4048 3737 4122 ἀπολελυμένως,

367 4819 376 4824 ,
470 4761 560 4804 cet
586 4753 737 4808 multi
763 4756 1032 4816 interfecti
1067 4764 1269 4820 fuerint
1293 4773 1490 4836 sancti,
1525 4788 1900 4838 verumtamen
1935 4799 2040 4840 non

485 4107 653 4165 labia.
689 4131 708 4164 ι
740 4112 900 4170 Forte
931 4117 1095 4186 igitur
1126 4124 1248 4192 quia
1283 4137 1408 4181 sunt
1440 4135 1680 4188 nonnulli
1713 4139 1801 4205 qui
1831 4156 2058 4213 congre-

2194 4119 2268 4174 λλ’
2292 4123 2438 4194 ἤιδιά
2464 4107 2962 4202 χειλέων.›Μήποτ’
2996 4129 3089 4188 οὖν
3115 4136 3237 4189 ἐπεί
3269 4139 3374 4192 εἰσί
3413 4107 3558 4205 τινες
3602 4107 3738 4197 οὐν-Ι

415 4185 418 4188 .
1143 4185 1156 4192 _
1718 4185 1801 4205 .,.-.
1833 4185 1930 4194 νυ..
1977 4185 2056 4198 ..Γ

483 4211 611 4270 gant
637 4207 1011 4262 conventicula
1040 4209 1104 4265 de
1129 4217 1392 4284 sanguine
1422 4235 1580 4288 quem
1607 4223 1912 4296 etfumlunt,
1937 4185 2055 4288 ξυι-

2194 4185 2379 4281 γοντες
2420 4185 2740 4289 συναγωγὰς
2778 4185 2838 4288 ἐέ
2858 4225 3104 4296 αἱμάτων
3142 4227 3419 4299 ἐκχέοντες
3465 4233 3604 4287 αὐτὰ
3639 4235 3738 4288 διὰ

481 4293 720 4348 nerando
749 4311 841 4352 eos
860 4291 997 4368 quos
1027 4317 1381 4376 congregant,
1408 4310 1522 4380 ipse
1545 4313 1808 4384 jnvando,
1837 4331 1930 4376 aut
1957 4341 2054 4394 po-

2190 4303 2243 4356 ῡῦ
2307 4305 2566 4376 βλάπτειν
2616 4315 2742 4378 τοὺς
2787 4318 3209 4389 συναγομένους,
3258 4323 3417 4387 αὐτὸς
3464 4323 3730 4394 ὠφελῶν,

481 4383 586 4437 tius
609 4385 930 4446 viviﬁcando
949 4407 1294 4466 convocatos,
1321 4418 1423 4456 non
1449 4419 1515 4458 ex
1539 4411 1916 4481 sanguinibus,
1954 4419 2048 4474 sed
2083 4465 2085 4470 .

2190 4394 2352 4449 ,ἄλλον
2393 4398 2450 4452 δὲ
2487 4400 2764 4465 ζωοποιῶν
2804 4407 2931 4471 τοὺς
2977 4411 3467 4482 προκαλουμένους,
3519 4417 3619 4470 οὐκ
3671 4419 3735 4484 ἐξ

475 4487 542 4527 ex
578 4476 984 4538 immortalitate
1016 4487 1136 4542 illos
1163 4505 1493 4562 congregat,
1528 4476 1737 4554 memor
1766 4507 2043 4564 nominum

2190 4487 2412 4558 ίμάτων,
2437 4491 2550 4544 ἀλλ’
2575 4495 2639 4548 ὲκ
2670 4495 2769 4566 τῆς
2793 4476 3093 4565 ἀθανασίας
3115 4476 3337 4573 συνάγει
3361 4476 3556 4571 αὐτοὺς
3573 4547 3588 4570 ,
3614 4476 3731 4562 τῶν

475 4578 686 4634 eorum,
705 4585 809 4626 non
829 4578 1116 4644 superﬁcie
1152 4589 1330 4649 tenus,
1359 4586 1451 4641 sed
1470 4587 1664 4644 intimo
1691 4593 1912 4660 alfectu,
1943 4614 2045 4655 ne-

2190 4582 2520 4653 ροσηγοριῶν
2565 4586 2743 4642 αὐτῶν
2791 4592 3134 4663 μεμνημένος
3175 4595 3274 4649 οὐκ
3325 4597 3382 4664 ἐξ
3434 4599 3725 4671 ἐπιπολῆς,

473 4673 580 4728 que
605 4662 932 4730 prolatione.
953 4670 1044 4724 sed
1068 4673 1332 4739 profundo
1364 4677 1658 4736 intellectu.
1685 4681 1776 4739 Vel
1807 4687 1916 4744 sic:
1947 4690 2043 4746 Li-

2190 4670 2256 4724 ἰλ’
2292 4673 2356 4726 ἐκ
2386 4673 2676 4742 διαθέσεως
2704 4679 2865 4751 βάθος
2908 4662 3159 4756 ἐχούσης,
3206 4689 3297 4741 καὶ
3342 4662 3402 4742 οὗ
3458 4662 3722 4764 προφορέξ

2140 4763 2275 4818 ἀλλά
2307 4765 2496 4841 βαθείᾳ
2525 4773 2723 4843 νοήσει.
2762 4776 2852 4828 Ἤ·
2880 4778 2942 4830 Ei
2978 4779 3070 4832 καὶ
3098 4779 3279 4835 πολλοὶ⁸
3302 4763 3726 4858 ἀπεκτάνθησαν

2141 4853 2307 4924 ἅγιοι,
2345 4859 2480 4913 ἀλλά
2507 4863 2608 4918 οὐκ
2640 4866 2697 4919 ὲν
2739 4866 2942 4922 τούτων
2979 4874 3092 4935 τοῖς
3119 4873 3346 4943 αἵμασιν
3383 4879 3440 4930 αξ
3475 4896 3717 4949 συναγω-

471 4841 523 4896 ἰιι
558 4844 750 4901 horum
799 4855 1151 4923 sanguinibus
1173 4900 1188 4925 ,
1223 4863 1320 4917 sed
1372 4880 1479 4921 uno
1513 4867 1713 4926 Christi
1760 4877 1884 4944 agni
1913 4893 2040 4934 san-

2139 4948 2254 5016 γαὶ,
2289 4951 2423 5007 ἀλλά
2457 4954 2534 5026 τῷ
2561 4958 2641 5010 ἐνὶ
2673 4960 2909 5030 Χριστοῦ
2940 4962 3032 5016 τοῦ
3060 4965 3254 5036 ἀμνοῦ.

468 4937 628 5004 gnine
659 4951 834 4998 castus
864 4959 1286 5020 congregantur.

543 5029 704 5088 Vens.
739 5035 793 5089 5.
826 5036 1081 5095 Dominus
1101 5062 1226 5111 pars
1249 5049 1579 5109 hereditatis
1621 5073 1748 5114 mete
1777 5071 1824 5114 et
1853 5063 2032 5119 colicis

2206 5078 2420 5147 Κύριος
2451 5082 2623 5151 μερὶς
2655 5082 2764 5154 τῆς
2792 5090 3195 5160 κληρονομίας
3215 5109 3332 5161 μου
3355 5092 3580 5148 καὶτοῦ
3603 5112 3718 5152 ποε-

465 5123 599 5177 mei:
625 5125 703 5181 Tu
718 5144 772 5182 es
792 5132 882 5200 qui
901 5135 1142 5190 restitues
1165 5138 1525 5199 ltwreditatem
1551 5164 1718 5204 nteant
1746 5154 1895 5220 mihi,
1921 5166 2028 5213 etc.

2137 5173 2342 5240 mplov
2364 5193 2504 5245 μου·
2543 5179 2624 5233 σὺ
2667 5177 2726 5236 εἴ
2749 5185 2782 5236 ό
2810 5183 3228 5240 ἁποκαθιστῶν
3265 5188 3379 5258 τὴν
3420 5193 3709 5259 κληρονο-

535 5267 582 5301 ⁴³
612 5271 732 5329 Act.
759 5291 892 5347 xm,
918 5277 1008 5336 28.
1078 5283 1124 5316 “
1155 5283 1298 5343 Psal.
1337 5305 1448 5361 us,
1478 5294 1563 5350 14.

527 5427 1012 5530 ἑὲἓὶέῐρῖξικρμς
1043 5443 1360 5530 μείζονιρςη
1406 5461 1511 5530 etc.
1556 5455 1733 5530 codex
1789 5460 1922 5530 Roe,
1973 5473 2029 5520 et

536 5495 542 5498 ,
624 5495 632 5500 ,
889 5495 906 5508 ,
981 5495 996 5508 ,
1075 5495 1270 5506 --τ-η
1407 5495 1511 5508 ν...
1558 5495 1732 5513 ww...
1791 5495 1900 5515 nuc

454 5495 844 5602 EoifliniaImts.
874 5495 1182 5602 partimque
1218 5495 1536 5602 (icit-derius,
1578 5526 1806 5595 plurima
1847 5495 2026 5602 quioacd

454 5582 676 5670 senapin
705 5575 1191 5670 ξ
1229 5575 2024 5670 pmsteriorcginrautem'parte};

453 5642 520 5692 ab
576 5641 661 5699 bis
709 5648 889 5708 verbis
937 5668 951 5706 :
992 5651 1064 5714 Ἦ
1104 5641 1196 5711 καί
1229 5641 1580 5729 3611;}?

2135 5487 2241 5549 γει,
2277 5483 2382 5549 etc.
2415 5474 2638 5548 Didymo
2693 5481 2884 5537 tribuit
2943 5483 3253 5549 Barbarus,
3302 5495 3352 5538 at
3414 5486 3712 5545 Cordertns

2135 5540 2387 5625 Origenis
2432 5540 2650 5620 quoque
2704 5555 2920 5611 nomine
2971 5540 3330 5612 nennulla'ex
3383 5540 3712 5614 hisiinscri;

2135 5624 2258 5668 nsrt.

2132 5625 2258 5683 pSll.
