3822 6492
154 300 286 359 ιειδ

1147 294 1458 351 SELECTA
1497 295 1561 349 ΙΝ
1598 295 1937 352 PSALMOS.
1960 329 2024 338 -—
2049 297 2241 353 PSAL.
2284 293 2394 351 XV.

3259 295 3395 352 ηιῶ

143 418 286 490 μίαν
319 431 438 484 μου
488 410 638 482 ἐμοὶ,
700 428 753 465 κ.
802 429 852 466 τ.
890 411 937 466 ὲ.
977 410 1329 484 κληρονομία
1358 410 1571 481 φύσεως
1614 411 1706 482 (50,

1831 412 2128 470 [hereditas
2172 423 2380 469 naturae
2405 412 2617 468 ratione
2659 410 2858 466 utentis
2885 419 2966 466 est
2991 409 3394 480 praeteritorum

149 503 369 575 λογικῆς
392 505 538 556 ἐστιν
570 504 603 573 ἡ
650 501 852 572 Θεωρία
885 500 993 556 τῶν
1023 502 1327 570 γεγονότων
1369 503 1462 555 καὶ
1496 501 1602 555 τῶν
1629 519 1721 570 γε-

149 595 454 667 νησομένων
476 593 686 647 αἰώνων
711 611 723 623 ·
758 593 1090 666 κληρονομία
1114 594 1170 647 δὲ
1193 593 1431 666 Χριστοῦ
1460 597 1492 665 ἡ
1521 594 1720 663 γνῶσις

146 688 236 744 τοῦ
273 685 429 740 Θεοῦ.
479 687 566 750 Ὠς
593 687 880 758 ἀρχιερεὺς
908 687 1081 741 ταῦτά
1113 704 1277 758 φησιν
1309 689 1337 740 6
1372 688 1627 758 Χριστὸς,
1657 684 1718 742 οὗ

149 781 302 855 μερὶς
343 779 564 852 Κύριος.
597 779 659 831 Εἰ
698 780 852 850 μερὶς
879 779 1136 850 ποτηρίου
1167 781 1390 854 Κύριος,
1433 782 1466 853 ἢ
1510 777 1718 847 οὗτινος

143 876 172 927 6
204 871 423 944 Κύριος,
451 873 686 942 Χριστοῦ
721 872 875 942 μερὶς
912 871 1008 943 μὲν
1031 872 1130 941 τῆς
1157 872 1520 945 κληρονομίας
1549 877 1576 928 ὁ
1607 876 1717 929 Πα-

141 967 262 1036 τὴρ,
293 968 325 1036 ἡ
361 965 590 1035 μείνασα
627 963 804 1034 αὐτῷ’
849 964 1030 1018 λοιπὸν
1060 965 1116 1018 δὲ
1156 967 1255 1036 τῆς
1286 966 1650 1038 κληρονομίας
1687 969 1716 1020 6

141 1057 647 1126 ἀποκαθιστάμενος
688 1057 835 1128 αὐτῷ
877 1057 1003 1121 λαὸς
1041 1059 1148 1111 ἀπὸ
1172 1058 1262 1111 τοῦ
1291 1059 1446 1112 Θεοῦ.
1481 1059 1713 1113 Δύναται

139 1149 192 1201 δὲ
219 1149 345 1219 περὶ
373 1147 467 1201 τοῦ
510 1149 718 1220 Πατρὸς
747 1151 1033 1222 ἀμφότερα
1062 1149 1337 1220 λέγεσθαι,
1369 1152 1461 1204 καί
1491 1151 1549 1204 τὸ
1575 1149 1711 1206 εἶναι

138 1243 297 1296 αὐτὸν
328 1241 767 1295 ἀποκαθιστάντα
803 1241 1164 1315 κληρονομίαν
1214 1243 1390 1314 ἐαυτῷ
1428 1242 1568 1314 μετά
1612 1243 1712 1312 τὴν

137 1332 386 1385 κένωσιν.
441 1333 532 1385 ’Ἡ’
586 1333 859 1405 Ὑπερϐἀς
898 1333 1134 1387 διαθέσει
1184 1334 1273 1387 τὸν
1317 1334 1541 1404 κόσμον,
1589 1334 1710 1387 τίνα

135 1428 272 1496 σχῇς
318 1426 509 1496 μερίδα
543 1425 680 1496 πλὴν
714 1426 806 1480 τοῦ
838 1426 1078 1497 Κυρίου;
1111 1425 1216 1478 Τοῦ
1249 1425 1356 1498 γάρ
1388 1429 1551 1480 πᾶσιν
1579 1429 1710 1480 ἀποο

128 1518 464 1588 τασσομένου
509 1518 570 1570 τὸ
613 1518 808 1586 λέγειν·
860 1538 877 1568 ι
917 1519 1093 1590 Μερίς
1140 1535 1241 1589 μου
1269 1519 1297 1570 6
1329 1519 1460 1582 Θεὸς
1503 1520 1581 1581 εἰς
1618 1519 1708 1571 τὸν

128 1609 324 1663 αίῶνα.
367 1630 383 1660 ι
421 1610 628 1664 Γίνεται
661 1610 714 1663 δὲ
745 1611 835 1664 καὶ
863 1612 1025 1682 ἄρτος
1050 1611 1077 1662 6
1097 1610 1319 1682 Κύριος,
1348 1610 1602 1679 παρέχων
1632 1610 1709 1662 δι-

124 1703 444 1767 δασκαλίαν,
482 1705 575 1757 καὶ
604 1703 874 1775 στηρίζων
902 1703 995 1756 τοῦ
1028 1702 1296 1765 ἐσθίοντος
1322 1701 1419 1781 τῂν
1456 1701 1700 1773 καρδίανο

1821 513 1875 556 ει
1921 502 2223 558 futurorum
2275 502 2593 559 saeculorum
2629 499 3055 572 contemplatio;
3100 499 3394 555 harreditas

1823 609 1946 649 vero
1980 593 2185 650 Christi
2219 602 2301 649 est
2333 593 2570 665 cognitio
2601 594 2714 648 Dei.
2744 592 2861 648 Hoc
2891 593 3017 647 dicit
3039 591 3288 647 Christus
3333 599 3395 646 ut

1820 701 2064 742 summus
2100 689 2376 752 sacerdos,
2413 689 2567 756 cujus
2596 701 2721 756 pars
2751 685 3011 740 Dominus
3043 695 3146 740 est.
3183 682 3240 739 Si
3267 698 3395 752 pars

1819 777 2004 832 calicis
2035 789 2116 833 est
2144 778 2428 844 Dominus,
2463 779 2545 832 vel
2580 780 2625 834 is
2656 777 2810 846 cujus
2846 787 2928 833 est
2960 776 3250 842 Dominus,
3283 777 3392 831 lue-

1821 869 2063 926 reditatis
2084 871 2299 942 quidem
2319 870 2518 926 Christi
2537 887 2662 940 pars
2687 884 2806 938 qua:
2838 871 2905 924 ab
2940 871 3054 939 ipso
3091 868 3254 940 599
3285 883 3389 922 non

1817 960 2111 1025 divellitur,
2135 970 2215 1014 est
2245 958 2442 1021 Pater;
2469 959 2684 1014 residua
2706 971 2882 1015 autem
2913 961 3244 1015 luereditatis
3269 975 3392 1030 pars

1817 1061 1899 1106 est
1930 1052 2155 1122 populus
2179 1052 2267 1120 qui
2307 1051 2352 1105 ei
2385 1066 2413 1104 a
2445 1048 2613 1103 Patre
2637 1051 2958 1104 restituitur.
2991 1050 3174 1106 Potest
3207 1059 3389 1104 autem

1815 1148 1880 1200 de
1911 1144 2069 1198 Patre
2104 1153 2391 1212 utrumque
2421 1143 2549 1205 dici,
2580 1143 2864 1211 ipsumque
2893 1157 3014 1196 esse
3049 1144 3140 1211 qui
3170 1142 3270 1198 sibi
3305 1155 3392 1197 re-

1817 1238 1992 1293 stituit
2027 1237 2421 1302 limretlitatem,
2448 1245 2728 1305 postquam
2757 1235 2846 1288 illa
2881 1234 3140 1304 spoliatus
3163 1243 3262 1290 est.
3293 1233 3388 1290 Vel

1813 1333 1889 1385 sic
1917 1350 1929 1385 :
1961 1331 2094 1386 Cum
2125 1340 2176 1384 te
2203 1344 2366 1398 supra
2395 1329 2651 1382 mundum
2675 1327 2869 1382 affectu
2891 1326 3170 1392 extuleris,
3199 1342 3390 1396 quant-

1812 1439 1934 1478 nam
1970 1423 2195 1478 habebis
2229 1431 2457 1490 partem,
2487 1421 2588 1476 nisi
2619 1420 2936 1474 Dominum?
2961 1419 3088 1488 Ejus
3121 1420 3262 1474 enim
3295 1420 3387 1489 qui

1809 1516 2060 1571 omnibus
2094 1517 2342 1568 nuntiqu
2385 1515 2624 1578 remisit,
2656 1523 2739 1567 est
2772 1515 2996 1568 dicere:
3035 1530 3053 1563 ι
3099 1512 3231 1567 Pars
3266 1528 3388 1567 mea

1810 1607 1953 1661 Deus
1984 1605 2036 1659 iu
2065 1613 2348 1659 aeternum.
2384 1622 2402 1655 ι
2433 1602 2520 1656 Fit
2561 1612 2741 1657 autem
2795 1603 2958 1657 etiam
3001 1603 3155 1670 panis
3205 1601 3386 1655 Domi-

1811 1713 1938 1759 nus,
1973 1695 2234 1750 exhibens
2279 1693 2621 1758 doctrinam,
2657 1701 2711 1747 et
2747 1691 3079 1746 conﬁrmans
3110 1705 3204 1744 cor
3231 1704 3386 1742 man-

123 1797 388 1867 ποτήριον
410 1794 631 1865 δὲκατά
655 1766 884 1868 θεωρίαν
918 1795 1017 1864 τῆς
1047 1794 1321 1866 ἀληθείας,
1355 1766 1590 1863 παρέχον
1619 1793 1702 1845 εῦ-

1810 1788 2062 1844 ducantis
2101 1804 2116 1854 ;
2170 1787 2311 1841 calix
2360 1800 2490 1839 vero
2530 1785 2824 1840 secundum
2873 1781 3386 1852 contemplationem

123 1889 405 1960 (ιτςοσύνην
453 1889 549 1960 τῆς
593 1887 846 1957 γνώσεως
886 1887 963 1958 τῷ
1003 1888 1090 1941 διὰ
1123 1885 1573 1956 συγκαταθέσεως
1610 1885 1704 1937 πί-

121 1996 293 2034 νοντι.
338 1981 575 2052 Χορηγεῖ
603 1979 658 2033 δὲ
686 1979 844 2033 τοῦτο
882 1979 1128 2050 ἄμπελος
1169 1981 1200 2050 ἠ
1229 1977 1478 2049 ἀληθινὴ,
1506 1977 1580 2042 ὡς
1613 1979 1703 2031 τὸν

120 2072 320 2126 πιόντα
355 2073 532 2142 λέγειν
587 2073 974 2146 χαριστηρίωςο
1027 2093 1044 2126 t
1086 2073 1332 2136 Ἔδωκας
1365 2072 1703 2147 εὐφροσύνην

115 2165 201 2227 είς
231 2165 326 2235 τὴν
356 2166 580 2238 καρδίαν
613 2184 733 2237 μου.
763 2185 780 2217 ι

194 2260 440 2327 Σχοινία
465 2259 774 2313 ἐπέπεσάν
796 2277 899 2329 μοι
932 2259 1002 2312 ἐν
1033 2259 1156 2325 τοῖς
1187 2259 1557 2325 καλλίστοις,
1601 2258 1700 2312 καὶ

115 2353 237 2420 γὰρ
265 2351 302 2419 ἡ
325 2353 691 2421 κληρονομία
709 2370 827 2420 μου
843 2353 1142 2420 καλλίστη
1155 2369 1259 2420 μοι
1275 2352 1467 2415 ἐστὶν,
1496 2369 1550 2404 κ.
1574 2369 1624 2404 τ.
1652 2352 1698 2404 ἐ.

111 2440 184 2493 ΕΞ
221 2441 282 2494 τὸ
327 2442 553 2512 σχοινίον
589 2441 701 2514 (51)
735 2442 930 2514 μέτρον
971 2442 1107 2507 ἐστὶ,
1144 2442 1262 2505 πῶς
1306 2443 1613 2514 γέγραπται
1642 2444 1703 2495 ὲν

108 2530 197 2601 τῷ
233 2531 370 2585 κατά
407 2532 656 2603 Ἰωάννην
685 2531 1034 2604 Εὑαγγελίιρο
1086 2552 1103 2584 ι
1135 2533 1208 2586 Οὐ
1240 2532 1348 2604 γάρ
1393 2535 1457 2586 ὲκ
1502 2531 1699 2604 μέτρου

109 2623 336 2676 δίδωσιν
363 2626 390 2678 6
419 2624 552 2687 Θεὸς
577 2624 637 2678 τὸ
658 2624 892 2696 πνεῦμαο
927 2645 944 2676 ι
979 2625 1072 2678 καὶ
1096 2626 1174 2690 τὸ,
1201 2645 1218 2676 ι
1257 2625 1461 2696 Ἐκχεῶ
1481 2625 1588 2678 ἀπὸ
1605 2623 1700 2678 τοῦ

109 2716 429 2787 πνεύματός
466 2735 564 2788 μου
591 2735 605 2782 ;
641 2737 658 2768 ι
693 2719 762 2770 Ἤ
793 2717 932 2788 τάχα
960 2717 1021 2771 τὸ
1051 2717 1248 2790 μέτρον
1273 2717 1334 2771 οὐ
1362 2718 1499 2790 πρὸς
1529 2716 1699 2788 αὐτὴν

102 2809 220 2878 τὴν
241 2808 437 2876 γνῶσιν
465 2808 804 2879 ὀνομάζεται,
826 2809 962 2862 ἀλλά
986 2809 1138 2881 παρὰ
1162 2810 1252 2863 τὸν
1285 2811 1696 2882 ὑποδεχόμενον,

107 2899 200 2970 τῷ
231 2901 303 2971 μὴ
331 2895 466 2953 εἶναι
484 2901 644 2954 αὐτὸν
673 2901 919 2971 μείζονος
941 2901 1207 2954 δεκτικόν.
1229 2903 1337 2956 Καὶ
1356 2902 1462 2975 γὰρ
1489 2905 1516 2956 6
1544 2904 1698 2968 ὑετὸς

104 2991 283 3054 αὐτὸς
312 2991 407 3062 μὲν
441 2992 676 3064 ἄμετρος
709 2994 843 3058 ἐστι,
885 2995 1162 3063 μετρεῖται
1183 2993 1240 3047 δὲ
1279 2996 1336 3046 ὲν
1368 2997 1482 3058 τοῖς
1507 2995 1698 3048 ὑποδε-

102 3082 366 3169 χομένοις
394 3083 555 3136 αὐτὸν
588 3083 847 3152 ἀγγείοις.
893 3083 1318 3169 ⁹Ιὲξιιιληροδοτήθη
1347 3085 1405 3138 δέ
1442 3103 1551 3156 μοι,
1588 3104 1694 3158 φη-
1723 3106 1769 3169 c

101 3170 225 3232 σὶν,
255 3168 442 3242 ὥσπερ
472 3173 534 3224 ὲκ
569 3172 765 3244 μέτρου
805 3173 879 3243 γῆ
1002 3175 1094 3228 καὶ
1135 3174 1430 3246 ἀρκοῦμαι,
1475 3177 1569 3230 καὶ
1607 3177 1693 3231 διὰ

97 3261 228 3315 τῶν
266 3263 564 3317 καλλίστων
605 3282 727 3336 μου,
767 3265 860 3318 τοῦ
903 3283 962 3319 τε
1023 3266 1196 3338 Ἰησοῦ
1240 3268 1457 3322 καὶτοῦ
1491 3269 1690 3324 Χάλεὸ.

186 3437 303 3494 Τοῦ
339 3438 544 3492 αὑτοῦ.
580 3439 766 3503 Οὕτως
791 3439 1020 3511 ἐγενήθη
1046 3439 1156 3510 (52)
1184 3439 1473 3511 σχοίνισμα
1503 3441 1602 3513 κλη
1614 3459 1696 3513 ρο-

91 3527 308 3598 νομίας
344 3527 506 3580 αὐτοῦ
565 3528 801 3599 Ἰσραήλ.
835 3529 1081 3582 Εύδοκῶν
1116 3529 1172 3582 δὲ
1193 3533 1258 3601 τῇ
1292 3531 1397 3603 ἰδίᾳ
1437 3532 1694 3604 κληρονο-

95 3621 238 3693 μίᾳ,
269 3621 345 3684 ώς
379 3620 665 3692 κρατίστῃ,
699 3620 870 3675 ταῦτά
902 3639 1054 3693 φησι.

180 3713 516 3783 Εὐλογοήσω
541 3713 647 3766 τὸν
673 3714 890 3781 Κύριον
913 3713 1018 3768 τὸν
1037 3713 1445 3768 συνετίσαντά
1476 3733 1571 3786 με·
1601 3717 1690 3771 ἐτι

83 3805 172 3858 δὲ
209 3805 307 3858 καὶ
338 3805 448 3871 ἕως
472 3807 692 3871 νυκτὸς
728 3805 1098 3860 ἐπαίδευσάν
1129 3824 1205 3876 με
1231 3810 1284 3861 οἱ
1318 3810 1526 3876 νεφροί
1546 3827 1687 3878 μου,

86 3914 157 3950 κ.
190 3913 242 3950 τ.
273 3897 322 3948 ὲ.
352 3897 576 3965 Εὐλογεῖ
597 3913 681 3960 τις
707 3897 798 3949 τὸν
829 3897 1032 3968 Κύριον
1062 3897 1172 3968 (55)
1199 3899 1501 3967 φαντασίας
1534 3900 1691 3968 ἐγγε-

80 3989 342 4060 νομένης
376 3988 453 4060 τῷ
497 3988 591 4060 νῷ.
639 3989 770 4042 Ἀπὸ
805 3989 1099 4060 προσώπου
1138 3990 1247 4062 γὰρ
1280 3991 1445 4045 αὐτοῦ
1487 3992 1690 4061 γνῶσις

82 4082 206 4137 καὶ
235 4081 470 4145 σύνεσις.
504 4081 660 4138 Οῦτω
688 4082 778 4136 τὸν
802 4082 901 4146 τὰς
933 4082 1152 4147 ὲντολάς
1181 4083 1453 4154 τηροῦντα
1483 4085 1688 4138 συνετί-

77 4177 190 4243 ζει.
229 4178 258 4230 6
309 4177 532 4249 Κύριος.
581 4179 716 4249 Περὶ
762 4177 973 4250 νεφρῶν
1017 4178 1074 4232 δὲ
1119 4178 1289 4246 λέγει,
1326 4178 1434 4233 τῶν
1479 4179 1576 4232 σὺν
1619 4182 1685 4250 τῇ

75 4271 307 4342 καρδίᾳ
349 4271 760 4342 ὀνομαζομένων
807 4273 863 4324 ἐν
920 4270 1028 4340 τῷ·
1094 4290 1113 4323 ι
1174 4271 1411 4334 Ἑτάζων
1464 4271 1689 4343 καρδίας

71 4363 201 4418 καὶ
235 4365 464 4434 νεφροὺς
495 4365 523 4416 6
557 4363 706 4426 Θεός.
743 4382 763 4414 ›
802 4353 983 4428 Οῦτοι,
1034 4363 1414 4426 τελειωθέντες
1445 4363 1534 4417 διὰ
1563 4363 1687 4434 νοή-

1808 1881 2075 1945 veritatis,
2108 1879 2352 1949 praebens
2388 1877 2627 1932 laztitiam
2656 1877 2903 1931 scicntia:
2937 1875 3010 1930 illi
3045 1875 3135 1946 qui
3163 1890 3229 1929 ex
3259 1873 3389 1929 ειπε-

1807 1982 1894 2026 ctu
1931 1972 2086 2027 bibit.
2121 1969 2353 2025 Calicem
2384 1969 2530 2023 hunc
2569 1967 2822 2038 propinat
2853 1966 2981 2020 vitis
3009 1981 3169 2031 vera,
3207 1976 3265 2020 ut
3290 1965 3386 2036 qui

1805 2065 1962 2130 bibit,
2000 2079 2122 2117 cum
2157 2063 2456 2134 gratiarum
2489 2059 2706 2115 actione
2733 2058 2918 2113 dicat:
2959 2076 2975 2109 ι
3019 2058 3217 2113 Dedisti
3249 2057 3388 2114 ireti-

1809 2155 1934 2208 tiam
1969 2154 2022 2209 in
2059 2154 2226 2208 corde
2259 2166 2396 2206 meo.
2431 2168 2450 2202 ι

1875 2247 2039 2301 Vens.
2077 2248 2129 2301 6.
2169 2243 2348 2299 Fames
2383 2243 2683 2298 ceciderunt
2723 2242 2849 2295 mihi
2895 2243 2946 2295 in
2974 2241 3264 2311 praiclaris,
3307 2251 3386 2295 et-

1803 2339 1937 2392 enim
1967 2337 2246 2392 hwreditas
2278 2351 2393 2389 mea
2416 2334 2676 2404 prwclara
2719 2343 2792 2387 est
2820 2333 2968 2398 mihi,
3000 2344 3106 2388 etc.
3149 2333 3204 2387 Si
3237 2332 3380 2387 funis

1803 2448 2058 2488 mensura
2099 2441 2216 2498 est,
2261 2430 2530 2502 quomodo
2575 2427 2840 2497 scriptum
2881 2438 2965 2483 est
3000 2428 3052 2481 iu
3088 2427 3381 2495 Evangelia

1804 2523 2097 2579 secundum
2125 2521 2390 2578 Joannem
2418 2521 2463 2554 “
2492 2538 2504 2575 :
2549 2535 2568 2569 ι
2595 2516 2711 2572 Non
2741 2519 2883 2573 enim
2916 2534 2982 2573 ex
3014 2531 3266 2572 mensura
3288 2517 3380 2570 dat

1802 2614 1943 2670 Deus
1983 2616 2255 2684 spiritum,
2292 2632 2312 2666 ι
2346 2622 2402 2670 ει
2441 2611 2571 2668 illud
2595 2611 2677 2665 “:
2720 2631 2738 2664 ι
2778 2609 3062 2666 Effundam
3090 2609 3158 2664 de
3184 2608 3378 2678 spiritu

1804 2707 1956 2762 meo?
1989 2727 2006 2760 ι
2031 2707 2128 2762 Vel
2163 2706 2304 2762 forte
2338 2722 2588 2762 mensura
2616 2722 2718 2760 non
2752 2713 2972 2774 propter
2998 2704 3168 2772 ipsam
3200 2702 3378 2756 scien-

1803 2796 1930 2851 tiam
1964 2797 2306 2864 nominatur,
2340 2798 2433 2852 sed
2465 2807 2683 2870 pr0pter
2707 2811 2831 2851 eum
2866 2796 2958 2865 qui
3004 2794 3152 2850 illam
3195 2792 3376 2848 susci-

1801 2890 1896 2960 pit,
1923 2893 2064 2960 quod
2090 2905 2284 2960 nempe
2311 2891 2532 2960 majoris
2563 2906 2670 2946 non
2699 2891 2770 2944 sit
2802 2903 2994 2958 capax.
3020 2887 3230 2941 Etenim
3257 2885 3375 2955 ipsa

1799 2984 1980 3053 pluvia
2031 2999 2342 3040 mensuram
2387 2986 2646 3051 excedit,
2699 2983 2999 3037 metiuntur
3043 2989 3219 3033 tamen
3249 2993 3371 3032 eam

1801 3088 1928 3129 vasa
1997 3074 2048 3128 in
2111 3075 2308 3144 quibus
2363 3077 2642 3146 recipitur.
2696 3059 2826 3130 Mihi
2891 3084 3112 3137 autem,
3167 3070 3373 3140 inquit,

1797 3180 1897 3222 ceu
1946 3167 1998 3221 in
2048 3181 2300 3222 mensura
2352 3168 2641 3224 htereditas
2685 3177 2880 3232 terrae,
2928 3182 3032 3237 qua
3084 3173 3374 3221 contentus

1797 3271 1938 3322 sum,
1979 3258 2104 3313 data
2145 3267 2226 3314 est
2261 3273 2360 3329 per
2396 3260 2687 3331 praeclaros
2728 3274 2876 3315 meos
2909 3256 3096 3314 Jesum
3138 3264 3192 3314 et
3229 3255 3374 3312 Cha-

1796 3349 1904 3404 leb.

1869 3440 2142 3508 Ejusdem.
2169 3441 2261 3499 Sic
2278 3443 2454 3500 factus
2486 3443 2863 3500 est-funiculus
2893 3441 3231 3499 luereditatis
3253 3441 3372 3512 ejus

1795 3533 1981 3590 Israel.
2018 3535 2132 3591 Sibi
2177 3545 2356 3591 autem
2388 3537 2732 3606 complacens
2783 3537 2836 3592 in
2881 3535 3102 3606 propria
3137 3535 3371 3592 haeredi-

1796 3635 1906 3682 tate
1937 3635 1994 3681 ut
2021 3627 2302 3696 prteclara,
2336 3628 2450 3682 haec
2479 3630 2573 3685 ait.

1876 3718 2039 3774 Vnus.
2070 3720 2122 3776 '7.
2149 3718 2461 3774 Benedicam
2491 3719 2769 3775 Dominum
2794 3721 2884 3790 qui
2915 3720 3098 3774 tribuit
3131 3720 3258 3774 mihi
3289 3720 3370 3774 in-

1793 3813 2054 3868 tellectum
2079 3828 2096 3866 :
2125 3815 2337 3883 insuper
2363 3822 2410 3866 et
2455 3829 2617 3883 usque
2661 3815 2729 3867 ad
2765 3825 2963 3868 noctem
3000 3815 3369 3882 increpueruut

1793 3921 1872 3960 me
1904 3921 2048 3959 renes
2080 3906 2198 3970 mei,
2222 3915 2326 3961 etc.
2355 3905 2639 3961 Benedicit
2669 3905 2862 3975 aliquis
2898 3907 3206 3972 Dominum,
3240 3923 3364 3961 cum

1790 3993 1907 4063 ejus
1952 3997 2117 4051 menti
2173 3998 2383 4066 species
2419 3997 2708 4068 ingeritur.
2745 3998 2788 4050 A
2837 3999 2972 4054 faeie
3015 3999 3158 4052 enim
3191 3999 3362 4069 ipsius

1789 4088 2020 4143 scientia
2055 4098 2110 4144 et
2145 4089 2474 4145 intellectus.
2516 4089 2608 4145 Sic
2642 4092 2688 4145 ei
2720 4092 2811 4161 qui
2837 4091 3074 4146 custodit
3105 4092 3361 4145 mandata

1787 4180 1906 4251 ejus
1942 4181 2280 4236 intellectum
2306 4183 2494 4237 tribuit
2521 4182 2680 4238 Deus.
2718 4182 2792 4238 De
2829 4184 3050 4238 renibus
3077 4192 3254 4238 autem
3282 4182 3361 4236 lo-

1786 4272 2013 4342 quitur,
2054 4273 2146 4342 qui
2185 4288 2293 4328 una
2343 4287 2466 4329 cum
2503 4274 2666 4329 corde
2715 4275 3068 4330 nominantur
3109 4275 3194 4327 his
3235 4288 3361 4325 ver-

1785 4365 1872 4420 bis
1892 4363 1976 4419 ":
2015 4383 2035 4416 ι
2070 4365 2334 4421 Scrutans
2383 4367 2544 4420 corda
2587 4375 2642 4421 et
2681 4383 2838 4423 renes
2877 4367 3036 4421 Deus.
3079 4385 3097 4416 ι
3137 4365 3198 4418 lli
3229 4379 3353 4418 cum

69 4473 263 4519 σεως,
303 4453 611 4508 παιδεύουσι
645 4455 736 4508 τὸν
768 4455 1143 4524 ὲφιστάνοντα,
1197 4455 1313 4524 φῶς
1347 4455 1683 4526 παρέχοντες

1804 4456 2013 4511 ιειΐεειί
2045 4456 2247 4512 fuerint
2278 4457 2658 4529 intelligentia,
2681 4460 2940 4515 erudiunt
2967 4459 3358 4522 attendentem,

59 4546 376 4619 γνώσεως,
411 4548 568 4619 μέχρι
603 4547 736 4620 λυθῇ
761 4548 859 4618 τῆς
885 4547 1106 4616 ἀγνοίας
1135 4549 1167 4617 ἡ
1198 4546 1314 4613 νύξ.
1350 4548 1412 4600 Εἰ
1445 4547 1501 4600 δὲ
1533 4547 1685 4618 δηλοῖ

60 4640 196 4696 καὶ
235 4639 304 4692 τὰ
341 4639 609 4712 βαθύτερα
650 4639 757 4694 τῶν
804 4635 1091 4710 νοημάτων
1138 4641 1170 4708 ἡ
1205 4637 1321 4702 νὺξ,
1363 4637 1497 4692 καθὸ
1527 4638 1684 4706 λόγος

57 4735 314 4807 εἴρηται
349 4733 620 4796 σκοτεινὸς
644 4733 672 4784 6
709 4732 988 4803 μυστικὸς,
1021 4730 1273 4802 φανερὸν,
1309 4731 1391 4782 ὅτι
1419 4731 1524 4793 ἕως
1549 4729 1682 4784 ταύ-

53 4845 199 4898 της
229 4826 542 4880 παιδεύουσι
571 4825 670 4895 τῆς
698 4825 892 4887 νυκτὸς
937 4825 986 4876 οἱ
1024 4824 1232 4895 νεφροὶ,
1276 4823 1346 4876 τὰ
1387 4824 1682 4894 ἀπόκρυφα

52 4919 192 4974 καὶ
225 4917 596 4989 αἰνιγματώδη
634 4915 1041 4987 σαφηνίζοντες.
1079 4915 1450 4987 Μετείληπται
1479 4915 1535 4968 δὲ
1570 4916 1678 4969 ἀπὸ

48 5009 203 5066 τῶν
237 5010 472 5080 νεφρῶν,
507 5011 563 5063 ὲν
596 5005 677 5073 οἷς
705 5009 862 5078 γοναὶ
891 5007 986 5061 καὶ
1017 5008 1391 5080 σπερματικαὶ
1419 5007 1677 5078 δυνάμεις

51 5101 463 5164 συνίστανται,
526 5103 638 5164 τοῖς
690 5102 1028 5172 γεννητικοῖς
1079 5098 1412 5172 χορηγοῦσαι
1465 5099 1670 5170 πόροις.

46 5192 214 5248 Κάν
249 5194 314 5263 τῇ
348 5191 490 5262 ψυχῇ
517 5191 694 5244 τοίνυν
723 5189 841 5242 ἐστὶ
866 5189 1114 5263 νοήματά
1136 5207 1258 5244 τινα
1286 5192 1398 5254 τοῖς
1426 5189 1675 5259 σπέρμα-

49 5303 178 5340 σιν
207 5283 470 5354 ἀνάλογα,
516 5283 659 5338 κατά
703 5283 772 5336 τὰ
804 5283 949 5339 ἔνδον
974 5284 1292 5356 γεννήματα
1324 5285 1382 5337 ὲν
1437 5282 1672 5351 ἀγαθαῖς

157 5426 206 5460 ⁵⁸
235 5423 392 5482 Joan.
420 5440 616 5494 χχχιιι,
643 5423 731 5480 54.
809 5423 856 5456 ⁸⁸
888 5422 1026 5482 Joel.
1057 5440 1117 5491 ιι,
1147 5424 1238 5481 28.

167 5567 284 5640 (ὅθ)
313 5571 693 5639 Κληρονομία
728 5570 989 5640 φύσεως,
1049 5580 1156 5626 etc.
1205 5572 1428 5629 Schedte
1462 5570 1672 5640 Grabii,

57 5649 229 5712 part
229 5639 410 5712 imque
444 5639 739 5712 Barbarus,
758 5651 812 5694 et
843 5642 920 5695 (So
930 5643 1160 5696 rtlerius.

62 5708 82 5712 ⁷
107 5708 288 5835 u(31)
322 5711 392 5764 Et
412 5710 476 5765 t6
504 5711 800 5780 σχοινίον,
832 5720 937 5767 etc.
969 5712 1194 5768 Schetla:
1228 5713 1440 5784 Grabii,
1476 5713 1674 5770 Barba.-

50 5797 100 5839 ι
165 5799 214 5836 s.

1786 4556 1839 4600 ct
1869 4547 2048 4603 lumen
2089 4548 2331 4604 scientia:
2367 4552 2644 4619 prtebent,
2685 4553 2858 4606 donec
2899 4551 3213 4621 ignorantiae
3252 4564 3360 4605 nox

1783 4638 2132 4694 dissolvatur.
2162 4640 2313 4707 Quod
2340 4642 2382 4695 si
2415 4657 2512 4711 per
2543 4653 2760 4696 noctem
2789 4643 2954 4697 etiam
2983 4642 3360 4713 profundiores

1784 4731 2143 4798 cogitationes
2169 4733 2558 4802 designantur,
2596 4749 2698 4802 qua
2741 4735 3140 4805 signiﬁcatione
3169 4733 3363 4804 mysti-

1783 4835 1878 4876 cus
1909 4837 2088 4876 sermo
2114 4834 2343 4878 vocatur
2383 4825 2674 4889 obscurus,
2717 4827 2885 4895 liquet
2920 4826 2986 4880 ad
3021 4826 3160 4880 hanc
3188 4839 3360 4894 usque

1783 4922 1996 4966 noctem
2028 4930 2184 4970 renes
2215 4915 2452 4983 erudire,
2487 4931 2611 4972 cum
2643 4918 2859 4972 occulta
2886 4927 2942 4972 et
2967 4918 3149 4972 abdita
3176 4917 3358 4972 decla-

1785 5012 1928 5056 rant.
1963 5003 2273 5074 llletaphora
2307 5019 2485 5063 autem
2519 5009 2681 5064 ducta
2715 5018 2797 5064 est
2835 5023 2864 5061 a
2899 5007 3120 5063 renibus
3157 5009 3358 5078 quibus

1778 5096 1982 5150 semina
2014 5108 2068 5152 et
2090 5099 2382 5156 seminales
2406 5103 2550 5158 vires
2577 5103 2782 5169 insunt,
2807 5117 2930 5172 quae
2957 5103 3099 5156 Vasis
3123 5116 3356 5170 genera-

1779 5189 1910 5243 tioui
1955 5191 2098 5258 aptis
2140 5192 2469 5250 inserviunt.
2507 5196 2650 5250 Sunt
2700 5196 2865 5264 igitur
2894 5194 3055 5249 etiam
3089 5194 3140 5247 in
3176 5192 3355 5246 anima

1779 5298 1974 5340 sensus
2005 5287 2222 5355 quidam
2253 5288 2346 5360 qui
2382 5290 2680 5347 seminibus
2707 5289 2944 5360 quadam
2972 5286 3182 5342 ratione
3207 5299 3358 5341 com-

1318 5424 1361 5455 ⁸⁷
1395 5422 1536 5481 Psal.
1560 5438 1658 5492 vn,
1690 5422 1775 5480 10.

1851 5571 1962 5645 (ᾆέ)
1987 5573 2182 5640 Οὕτως
2217 5573 2493 5645 ἐγενήθη,
2519 5583 2625 5630 etc.
2651 5571 2963 5628 Corderius.

1782 5717 1818 5770 Β
2000 5638 2510 5716 Εὐλογεῖτιςτὸν
2541 5645 2780 5712 Κύριον,
2829 5651 2938 5698 etc.
2985 5638 3162 5697 Codex
3216 5639 3350 5708 Bue,

1823 5734 1848 5771 ιι
1861 5733 1883 5768 ι·
1901 5733 1948 5770 ›ιι
1961 5731 2070 5772 rus.
