3822 6536
133 380 274 437 1217
1093 382 1398 441 SELECTA
1431 383 1497 440 IN
1531 385 1867 444 PSALMOS.
1913 422 1971 432 —
2016 389 2214 447 PSAL.
2240 389 2380 447 XVI.
3271 391 3406 448 l‘2-l8

125 518 251 571 μου
270 501 382 554 οὐκ
403 498 474 552 ἐν
495 497 724 568 χείλεσι
741 495 1059 566 (Saliare-,1.
1075 517 1124 554 τ.
1145 501 1192 556 ὲ.
1209 503 1324 565 Πᾶς
1338 503 1366 555 6
1386 502 1591 566 δίκαιος
1607 502 1691 572 (57

1831 521 1936 559 nem
1968 522 2135 560 meam
2179 524 2282 562 non
2331 506 2385 562 in
2426 506 2578 565 labiis
2613 508 2844 574 dolosis,
2881 518 2988 568 etc.
3019 509 3178 582 601
3217 508 3407 567 Omnis

131 595 324 658 δοῦλος
370 593 717 664 δικαιοσύνης
763 593 930 647 ἐστίν·
975 595 1002 648 6
1047 594 1104 647 δὲ
1136 593 1269 658 Θεὸς
1317 595 1477 666 μόνος
1515 595 1698 670 δίκαιε.

1831 597 1996 666 iustus
2027 614 2216 653 servus
2238 609 2320 654 est
2343 599 2570 669 iustitiae
2599 621 2613 658 :
2646 601 2787 657 Deus
2809 613 2987 658 autem
3023 604 3173 659 solus
3192 604 3402 674 justus,

124 688 403 757 Δεσπότης
426 684 793 757 δικαιοσύνης.
830 685 887 738 '0
913 685 1074 739 Δαυῖδ
1105 682 1216 749 οὖν,
1249 684 1504 751 συνειδὼς
1528 688 1698 741 ἑαυτὸε

1831 689 2085 743 Dominus
2131 698 2216 744 est
2263 690 2508 757 justilim.
2542 691 2710 746 David
2757 693 2940 762 itaque
2973 709 3096 746 cum
3128 710 3187 750 se
3221 697 3400 752 omnis

128 778 459 850 καθαρεύειν
500 778 608 832 ἀπὸ
646 777 843 842 παντὸς
880 778 1054 844 δόλου,
1107 778 1243 850 μετὰ
1285 779 1382 850 τῆς
1412 779 1548 852 πρὸς
1588 779 1721 834 Θεὸν

125 870 444 942 παρρησίας
461 869 632 923 ταῦτα
660 869 806 939 λέγει
836 870 1150 942 εὐχόμενος.

212 963 307 1016 Ἐκ
327 961 652 1030 προσώπου
671 977 786 1016 σου
812 962 879 1016 τὸ
905 962 1080 1032 κρῖμα
1099 980 1219 1034 μου
1239 964 1496 1032 ἐξέλθοι,
1523 984 1577 1022 κ.
1597 985 1648 1022 τ.
1666 969 1713 1022 ὲ.

124 1051 194 1105 Εἰ
229 1053 410 1106 πᾶσαν
439 1052 536 1124 τὴν
579 1052 757 1124 κρίσιν
788 1052 900 1125 (58)
930 1053 1162 1108 δέδωκεν
1197 1056 1226 1108 6
1254 1056 1444 1130 Πατὴρ
1473 1057 1551 1130 τῷ
1578 1059 1716 1130 Υἱῷ,

125 1146 193 1198 ἐκ
227 1144 518 1217 προσώπου
565 1145 622 1199 δὲ
653 1145 818 1200 αὑτοῦ
857 1147 919 1200 τὸ
957 1150 1130 1220 κρῖμα
1172 1148 1472 1222 ἐξέρχεται,
1519 1154 1582 1206 ὲκ
1625 1152 1718 1208 τοῦ

126 1237 264 1292 Υἱοὺ
301 1239 428 1311 ἄρα·
465 1238 630 1294 εἰκὼν
661 1240 769 1314 γάρ
791 1244 906 1296 ἐστι
933 1242 1025 1296 τοῦ
1052 1244 1266 1317 Πατρὸς
1298 1247 1327 1299 6
1357 1247 1612 1319 Χριστός.

205 1330 316 1384 Τοῦ
347 1331 555 1385 αὐτοῦ.
592 1349 610 1382 t
649 1332 910 1405 Ἐπείπερ
949 1335 977 1387 6
1009 1334 1280 1389 πιστεύων
1305 1336 1415 1410 (59)
1438 1339 1518 1403 είς
1545 1339 1667 1411 ἐμὲ,
1697 1359 1714 1391 ι

126 1423 297 1496 φησὶν
328 1425 356 1476 ὁ
382 1421 605 1494 Κύριος,
652 1441 670 1475 t
706 1424 766 1477 οὑ
798 1425 1066 1497 κρίνεται,
1105 1447 1124 1479 ι
1163 1427 1259 1481 τοῦ
1288 1429 1631 1496 πιστεύοντος
1660 1432 1720 1486 τὸ

125 1518 308 1587 κρῖμα
340 1515 620 1587 ἐξέρχεται
647 1516 711 1569 ἐκ
743 1515 1036 1590 προσώπου
1065 1518 1160 1572 τοῦ
1184 1519 1340 1573 Θεοῦ.

196 1612 262 1662 Οἱ
291 1608 591 1679 ὀφθαλμοί
613 1626 732 1679 μου
786 1609 1076 1666 ὶδέτωσαν
1102 1614 1454 1682 εὐθύτητος,
1494 1631 1551 1670 κ.
1585 1631 1634 1667 τ.
1669 1616 1716 1668 ἐ.

126 1698 270 1771 Περὶ
295 1698 393 1770 τῆς
432 1699 928 1767 ἀποκαταστάσεως
965 1703 1078 1776 (40)
1113 1703 1209 1758 τοῦ
1251 1705 1448 1769 παντὸς
1477 1704 1717 1776 εὔχεται,

127 1790 218 1844 ἵνα
255 1791 450 1863 μηκέτι
561 1792 862 1864 σκολιότης,
914 1794 1160 1864 πλαγίως
1192 1798 1305 1861 τοῖς
1347 1798 1719 1870 ἁμαρτάνουσι

123 1883 496 1956 πορευομένου
548 1883 642 1937 τοῦ
669 1885 826 1940 Θεοῦ.

212 1976 606 2048 Ἐδοκίμασας
639 1977 756 2048 τὴν
785 1979 1037 2049 καρδίαν
1062 1999 1204 2051 μου,
1256 1982 1576 2052 ἐπεσκέψω
1604 2001 1712 2040 νυ-

120 2071 288 2138 κτὸςο
311 2073 628 2142 ἐπύρωσὰς
655 2093 754 2145 με,
795 2076 893 2130 καὶ
935 2080 1048 2148 οὐχ
1082 2079 1293 2148 είιρέθη
1322 2081 1393 2134 ἐν
1427 2081 1556 2151 ἐμοὶ
1583 2082 1712 2137 ἀδι-

119 2165 246 2219 κία.
280 2167 466 2234 Ὅπως
489 2166 568 2221 ἂν
596 2167 683 2238 μὴ
721 2169 968 2240 λαλήσῃ
999 2170 1066 2224 τὸ
1101 2173 1296 2242 στόμα
1324 2191 1444 2242 μου
1473 2175 1544 2228 τὰ
1568 2175 1714 2245 ἔργα

119 2255 246 2309 τῶν
263 2257 606 2326 ἀνθρώπων
632 2257 731 2314 διὰ
761 2261 903 2327 τοὺς
931 2263 1156 2332 λόγους
1187 2262 1304 2318 τῶν
1323 2265 1576 2335 χειλέων
1595 2282 1712 2322 σου

115 2346 242 2416 ἐγὼ
292 2349 567 2417 ἐφύλαξα
621 2350 803 2417 ὁδοὺς
848 2354 1144 2422 σκληρὰς,
1200 2372 1253 2408 κ.
1293 2373 1344 2410 τ.
1387 2358 1433 2410 ὲ.
1476 2357 1715 2428 Σημειω-

114 2437 248 2490 τέον
280 2438 390 2509 (41)
418 2439 499 2505 τὸ,
541 2457 560 2492 ι
607 2440 920 2512 ἐπεσκέψω,
961 2462 980 2494 ι
1024 2446 1125 2498 οὑκ
1158 2447 1251 2501 ἐπὶ
1292 2446 1564 2503 κολάσεων
1595 2450 1711 2503 κεί-

118 2545 309 2600 μενον.
343 2531 511 2586 Πάλιν
562 2533 758 2598 ἰστέον,
790 2535 871 2588 ὅτι
901 2537 1160 2602 ἐναντίως
1196 2540 1224 2592 6
1267 2539 1510 2605 διάϐολος
1552 2544 1715 2614 πυροῖ

113 2622 201 2693 τῷ
233 2623 368 2694 θεῷ.
398 2624 532 2689 Θεὸς
579 2625 636 2680 δὲ
685 2626 894 2698 πυρῶν,
939 2628 1059 2699 ἢτοι
1104 2629 1200 2702 τὴν
1251 2633 1713 2705 προϋπάρχουσαν

114 2716 366 2786 εὑρίσκει
396 2716 626 2784 ἀδικίαν,
653 2721 685 2792 ἢ
717 2721 838 2774 ἐπεὶ
853 2722 915 2774 οὑ
934 2722 1298 2796 προῦπάρχει,
1327 2724 1426 2796 οὑχ
1446 2725 1709 2796 εὑρίσκει.

121 2824 144 2859 ε
191 2807 276 2860 Τὰ
309 2807 441 2880 ἔργα
492 2810 602 2865 τῶν
640 2812 939 2884 ἀνθρώπων
988 2833 1006 2866 ι
1068 2815 1188 2868 ἀντὶ
1247 2815 1342 2868 τοῦ
1383 2835 1401 2868 t
1444 2818 1713 2888 περὶτῶν

113 2897 304 2969 ἔργων
334 2901 438 2954 τῶν
472 2901 797 2975 ἀνθρώπων.
836 2924 854 2958 ι
901 2907 972 2958 Ἢ
1000 2906 1138 2977 ἔργα
1169 2906 1277 2961 τῶν
1308 2908 1622 2981 ἀνθρώπων
1637 2912 1713 2964 εί-

117 2992 213 3045 civ
259 2995 308 3047 οἱ
340 2994 414 3067 μὴ
442 2995 572 3050 θεῖοι
596 2997 766 3067 λόγοι,
801 2997 894 3064 οὓς
933 2999 1212 3074 ἄνθρωποι
1240 3004 1359 3067 ταῖς
1391 3003 1550 3069 ἰδίαις
1590 3006 1711 3061 ἐπι-

115 3081 296 3146 νοίαις
322 3085 664 3152 εἰργάσαντο.

145 3189 152 3194 ·
201 3176 312 3231 Τοῦ
337 3180 544 3233 αὑτοῦ.
577 3179 769 3235 Νύκτα
786 3183 885 3255 τὴν
909 3182 1084 3254 θλίψιν
1113 3183 1224 3256 (42)
1244 3184 1412 3256 λέγει,
1438 3187 1497 3240 ὲν
1588 3205 1714 3242 σκο-

113 3265 332 3331 τίζεται
361 3271 393 3340 ἡ
422 3269 586 3343 ψυχή.
624 3273 985 3344 Δοκιμάζεταί
1015 3293 1098 3340 τις
1129 3278 1394 3345 γενναίως
1425 3277 1712 3350 ὑπομένων

115 3357 195 3412 τὰ
227 3359 479 3432 δυσχερῆ.
515 3364 700 3417 Νύκτα
732 3365 788 3419 δὲ
814 3366 1065 3438 ὠνόμασε
1090 3369 1159 3422 τὰ
1182 3369 1418 3442 δυσχερῆ
1452 3369 1540 3423 διὰ
1569 3370 1630 3424 τὸ
1654 3372 1713 3439 ἐξ

115 3450 369 3522 ἀθυμίας
405 3456 614 3517 σκότος.
638 3458 708 3510 Ἢ
738 3459 929 3523 νυκτὸς
953 3461 1223 3532 ἐμνήσθη,
1254 3463 1440 3536 ἐπειδὴ
1475 3466 1533 3517 ἐν
1557 3467 1714 3520 νυκτὶ

115 3541 456 3604 καθεύδοντα
500 3547 634 3600 ἐλὼν
685 3549 993 3622 ὑποχείριον
1027 3551 1117 3606 τὸν
1150 3553 1320 3608 Σαοὺλ
1354 3555 1710 3626 περιέσωσεν,

115 3634 186 3689 οὐ
235 3637 394 3706 μόνον
434 3640 596 3704 αὐτὸς
625 3643 724 3695 οὑκ
756 3644 982 3710 ἀνελὼν,
1029 3644 1165 3700 ἀλλὰ
1207 3648 1302 3701 καὶ
1334 3648 1460 3713 τοὺς
1503 3649 1711 3704 ἀνελεῖν

117 3726 485 3801 βουλομένους
521 3734 791 3800 κωλύσας,

200 3937 314 3992 Τοῦ
347 3936 554 3999 αὑτοῦ.
599 3955 618 3987 t
656 3937 940 3991 Εἰσὲλθετε
969 3938 1056 3992 διὰ
1091 3941 1188 4012 τῆς
1229 3943 1423 4013 στενῆς
1460 3943 1570 4016 (45)
1608 3947 1708 4000 πύ-

114 4029 224 4101 λης
247 4033 339 4086 καὶ
359 4031 726 4103 τεθλιμμένης
755 4030 896 4096 ὀδοῦ,
942 4051 959 4083 ι
981 4033 1224 4086 τουτέστι
1252 4035 1349 4105 τῆς
1380 4040 1705 4109 πραττικῆς,

112 4124 268 4196 ἣτις,
316 4129 366 4180 εἱ
397 4126 488 4180 καὶ
517 4125 612 4180 νῦν
640 4124 832 4195 ὀδύνης
867 4126 960 4179 καὶ
989 4126 1048 4178 οὑ
1096 4129 1291 4198 χαρᾶς,
1325 4129 1439 4182 ἀλλ’
1481 4130 1707 4204 ὓστερον

111 4216 354 4288 καρπῶν
385 4215 729 4287 δικαιοσύνης
762 4216 968 4284 γίνεται
1010 4215 1267 4288 πρόξενος
1303 4223 1415 4283 τοῖς
1442 4219 1508 4273 δι’
1538 4223 1708 4296 αὐτῆς

111 4309 614 4380 γεγυμνασμένοις.

207 4399 350 4472 Ἐγὼ
365 4401 676 4469 ἐκέκραξα,
702 4399 790 4452 ὅτι
818 4398 1168 4468 ἐπήκουσάς
1178 4419 1319 4469 μου,
1339 4405 1372 4456 ό
1397 4405 1557 4469 Θεός.
1574 4405 1707 4459 Ι(λῖ-

111 4511 232 4552 νον
274 4494 340 4548 τὸ
389 4489 498 4560 οὖς
527 4509 642 4547 σου
694 4491 843 4561 ἐμοὶ,
902 4491 999 4545 καὶ
1041 4491 1410 4546 εἰσάκουσον
1463 4495 1580 4547 τῶν
1603 4499 1708 4565 ῥη-

1823 778 1929 834 doli
1973 791 2252 849 expertem
2283 783 2550 848 sentiret,
2581 799 2702 837 cum
2740 782 2934 838 fiducia
2966 785 3032 838 ad
3076 785 3246 840 Deum
3290 787 3407 844 haec

1821 866 1952 920 dicit
1997 869 2288 936 precando.

1894 959 2137 1015 Vens.2.
2182 961 2258 1016 De
2311 960 2456 1015 vultu
2501 971 2591 1016 tuo
2641 962 2905 1032 judicium
2945 982 3116 1018 meum
3157 967 3401 1035 prodent,

1823 1059 1929 1108 etc.
1975 1051 2029 1107 Si
2079 1053 2240 1108 Pater
2273 1068 2434 1109 omne
2478 1053 2739 1122 judicium
2773 1057 2919 1110 dedit
2951 1057 3108 1122 Filio,
3158 1060 3225 1114 de
3257 1061 3406 1116 vultu

1822 1142 1939 1213 ejus
1981 1145 2246 1214 judicium
2298 1147 2502 1216 prodit,
2566 1147 2826 1202 videlicet
2887 1162 2956 1202 ex
3003 1147 3161 1205 Filio.
3226 1150 3406 1221 Imago

1823 1237 1966 1292 enim
1994 1238 2173 1292 Patris
2203 1237 2454 1294 Christus
2485 1247 2586 1294 est.

1898 1329 2171 1402 Ejusdem.
2200 1352 2218 1384 ι
2246 1331 2510 1397 Quoniam
2539 1333 2630 1404 qui
2659 1333 2833 1388 credit
2866 1335 2917 1388 in
2952 1351 3056 1400 me,
3083 1354 3102 1387 ι
3126 1334 3200 1389 ait
3221 1334 3406 1391 Domi-

1823 1438 1926 1476 nus
1946 1423 2014 1488 “,
2046 1442 2064 1474 ι
2092 1440 2195 1478 non
2221 1423 2525 1494 judicatur,
2554 1445 2572 1478 ι
2595 1427 2867 1482 credentis
2898 1426 3165 1496 judicium
3193 1428 3307 1482 exit
3339 1428 3407 1481 de

1820 1514 1970 1569 vultu
2007 1514 2124 1572 Dei.

1893 1605 2048 1662 Oculi
2083 1607 2183 1662 mei
2214 1608 2425 1664 videant
2459 1611 2758 1681 (equitum,
2791 1621 2900 1671 etc.
2960 1612 3035 1667 De
3060 1611 3406 1667 restitutione

1820 1700 2203 1756 universorum
2240 1713 2512 1771 precatur,
2570 1714 2625 1758 ut
2659 1703 2805 1758 nulla
2857 1707 3093 1775 amplius
3148 1708 3220 1762 sit
3261 1704 3405 1758 obli-

1822 1792 2026 1861 quitas.
2082 1792 2224 1850 Deus
2279 1796 2422 1850 enim
2455 1795 2673 1866 oblique
2705 1814 2828 1853 cum
2851 1799 3240 1869 .petcatoribus
3270 1801 3402 1872 agit.

1894 1972 2057 2029 Vens.
2082 1973 2138 2039 5,
2167 1973 2222 2031 4.
2267 1971 2520 2030 Probasti
2550 1993 2643 2030 cor
2678 1993 2848 2032 meum
2887 1989 2936 2033 et
2974 1980 3196 2034 visitnsti
3223 1989 3402 2047 nocte;

1821 2070 1941 2140 igne
1961 2087 2040 2124 me
2067 2069 2469 2131 examinasti,et
2513 2089 2615 2125 non
2645 2084 2719 2127 est
2761 2077 2970 2130 inventa
3018 2078 3070 2130 in
3096 2094 3176 2132 me
3211 2079 3405 2149 iniqui-

1821 2173 1924 2216 ειη.
1970 2159 2038 2214 Ut
2067 2178 2166 2215 non
2191 2161 2440 2231 loquatur
2463 2181 2520 2219 os
2546 2181 2716 2217 meum
2741 2184 2895 2234 opera
2926 2172 3196 2224 hominum
3225 2186 3244 2224 :
3279 2186 3405 2238 pro-

1819 2265 1934 2330 pter
1964 2256 2116 2310 verba
2150 2255 2410 2310 labiorum
2456 2270 2665 2314 tuorum
2714 2277 2806 2330 ego
2846 2264 3101 2317 custodivi
3151 2266 3261 2318 vius
3299 2265 3404 2319 du-

1821 2365 1930 2414 rae,
1965 2357 2071 2404 etc.
2135 2347 2450 2405 Notandum
2499 2361 2580 2406 est
2599 2353 2716 2408 'hoc
2762 2356 3012 2423 Verbum,
3052 2357 3348 2428 «visitasti,
3375 2381 3396 2416 ι

1821 2454 1928 2494 non
1969 2439 2036 2494 de
2067 2439 2347 2510 suppliciis
2398 2441 2602 2496 dictum
2655 2458 2795 2500 esse.
2859 2442 3070 2502 Rursus
3115 2450 3400 2510 sciendum

1822 2543 1924 2597 est,
1954 2532 2231 2587 diabolum
2276 2533 2558 2588 contrario
2587 2549 2811 2602 prorsus
2846 2540 3006 2592 modo
3040 2539 3162 2608 igne
3196 2544 3404 2598 exarui-

1821 2639 1972 2680 nare.
2015 2624 2149 2680 Cum
2177 2625 2318 2678 enim
2357 2625 2498 2682 Deus
2528 2629 2650 2693 igne
2694 2629 2989 2694 examinat,
3025 2632 3208 2700 utique
3240 2649 3402 2706 repe-

1823 2716 1892 2770 rit
1921 2716 2388 2784 prmexsistentem
2441 2716 2730 2781 malitiam,
2768 2718 2849 2772 vel
2887 2721 3009 2790 quia
3058 2738 3162 2776 non
3192 2739 3402 2792 praeex-

1821 2809 1984 2876 sistit,
2015 2825 2118 2864 non
2152 2810 2375 2879 reperit.
2417 2811 2563 2865 Dixit
2592 2819 2773 2866 autem
2811 2831 2831 2864 ι
2859 2828 3022 2882 opera
3054 2815 3351 2881 hominum,
3375 2835 3397 2870 ›

1821 2915 1944 2973 pro,
1979 2918 1999 2954 ι
2025 2903 2089 2957 de
2117 2903 2372 2972 Operibus
2402 2901 2700 2958 hominum.
2732 2923 2750 2957 ι
2799 2905 2893 2961 Vel
2924 2921 3083 2974 Opera
3117 2908 3397 2964 hominum

1821 3004 1948 3048 sunt
1982 3009 2266 3050 sermones
2313 2995 2538 3050 minime
2586 2997 2776 3062 divini,
2807 3013 2944 3067 quos
2989 3000 3236 3056 homines
3272 3016 3401 3073 pro-

1819 3085 1955 3155 priis
1978 3086 2397 3156 cogitationibus
2423 3089 2715 3142 commenti
2747 3099 2896 3144 sunt.

1891 3177 2170 3249 Ejusdem.
2210 3179 2434 3235 Noctem
2487 3181 2885 3239 tribulationem
2916 3184 3050 3240 dicit
3080 3185 3132 3241 in
3165 3201 3270 3256 qua
3301 3189 3400 3245 ob-

1740 3244 1782 3302 ο
1819 3244 2132 3326 lenebratur
2162 3271 2364 3326 anima.
2403 3271 2673 3328 Probatur
2704 3275 2850 3344 quis,
2883 3290 3005 3330 cum
3053 3244 3397 3342 t'orti'animo

1816 3362 1920 3418 fert
1948 3363 2102 3417 dura.
2171 3361 2356 3418 Noctis
2413 3373 2593 3418 autem
2647 3366 2864 3421 nomine
2918 3368 3211 3437 appellavit
3259 3371 3394 3426 dura

1814 3464 2036 3525 propter
2066 3455 2320 3510 tenebras
2361 3469 2496 3523 quas
2531 3457 2841 3524 desperatio
2873 3457 3122 3530 otIundit.
3170 3458 3262 3515 Vel
3301 3476 3397 3516 no-

1813 3557 1956 3602 ctem
1986 3547 2331 3613 memoravit,
2361 3547 2486 3619 quia
2519 3545 2736 3602 Sauletn
2765 3564 2925 3618 quem
2987 3550 3041 3604 in
3075 3561 3236 3606 nocte
3266 3553 3395 3608 dor-

1814 3641 2070 3697 mientem
2121 3651 2364 3713 ceperat,
2418 3643 2744 3698 incolumem
2801 3643 3055 3710 servavit,
3109 3658 3233 3699 cum
3287 3659 3394 3700 non

1815 3732 1988 3790 iolum
2021 3731 2134 3802 ipse
2165 3748 2268 3786 non
2299 3733 2519 3798 occidit,
2574 3732 2668 3792 sed
2701 3732 2838 3789 alios
2869 3732 2960 3803 qui
2992 3746 3115 3787 eum
3147 3733 3395 3792 occidere

1813 3824 2090 3889 volebant,
2126 3823 2422 3894 prohibuit.

1883 3915 2159 3987 Ejusdem.
2226 3915 2471 3972 «Intrate
2515 3929 2614 3984 per
2647 3922 2931 3984 angustam
2979 3922 3192 3984 portam
3216 3923 3272 3971 et
3302 3931 3394 3972 ar-

1809 4017 1952 4064 ctam
1978 4011 2119 4064 viatn
2140 4009 2208 4073 ⁸⁵,
2233 4027 2251 4060 ι
2275 4009 2380 4064 hoc.
2411 4017 2492 4064 est
2522 4008 2964 4078 actricom,qute,
2994 4008 3094 4063 etsi
3128 4021 3267 4062 nunc
3299 4011 3393 4064 do-

1810 4101 1943 4159 loris
1989 4111 2044 4158 et
2094 4116 2203 4158 non
2243 4100 2444 4158 laetitiae
2495 4100 2654 4172 plena
2703 4109 2812 4163 est,
2845 4109 2902 4154 at
2944 4109 3130 4168 postea
3169 4098 3393 4172 iustitiae

1810 4192 2020 4250 fructus
2057 4192 2198 4253 teret
2227 4194 2294 4249 iis
2319 4193 2410 4263 qui
2437 4193 2490 4248 in
2518 4207 2582 4248 ea
2617 4192 2903 4249 exercitati
2933 4191 3160 4250 fuerint.

1882 4393 2046 4449 Vens.
2075 4395 2128 4457 6,
2159 4394 2211 4448 7.
2261 4392 2373 4464 Ego
2420 4391 2644 4446 clamavi
2692 4391 2946 4460 quoniam
2993 4388 3257 4444 exaudiin
3285 4405 3388 4456 me,

1810 4489 1971 4541 Deus.
2036 4485 2246 4539 lncliua
2285 4500 2466 4536 ain-em
2506 4493 2650 4535 tuam
2700 4481 2852 4543 milii,
2909 4489 2958 4532 et
2999 4480 3194 4538 exaudi
3236 4478 3387 4536 verba

103 4585 324 4657 μάτων
365 4601 504 4652 μου.
536 4581 983 4650 Θαυμάστωσον
1007 4579 1075 4633 τὰ
1108 4579 1249 4647 eam
1279 4596 1417 4645 σου,
1449 4585 1480 4636 ό
1507 4582 1698 4644 σώζων

1831 4597 1944 4634 nea.
2009 4578 2240 4646 Miriﬁca
2284 4575 2676 4629 niisericordius
2733 4583 2873 4638 tuus,
2898 4572 2989 4641 qui
3033 4570 3205 4625 salvos
3253 4571 3387 4639 facis

108 4677 266 4744 τοὺς
295 4674 639 4741 ἐλπίζοντας
679 4672 778 4727 ἐπὶ
805 4671 898 4735 σὲ,
946 4689 998 4725 κ.
1050 4690 1100 4727 τ.
1135 4672 1180 4723 ἐ.
1214 4672 1426 4744 Ὥσπερ
1464 4675 1698 4730 ὲπακου-

109 4770 343 4832 σοέντες
385 4767 493 4838 (44)
529 4767 656 4838 πρὶν
691 4763 949 4829 εὔξασθαι
992 4763 1273 4834 εὐχόμενοι
1324 4765 1698 4836 κεκράγαμεν.

108 4864 194 4918 Ἦ
227 4863 276 4915 εἱ
310 4861 469 4915 καλὸν
500 4861 560 4913 τὸ
588 4857 916 4930 κεκραγέναι
945 4855 1018 4927 μὴ
1048 4854 1219 4927 μικρά
1248 4855 1340 4908 καὶ
1365 4855 1704 4928 εὐκαταφρό-

107 4973 258 5027 νητα
281 4954 478 5022 λέγειν,
499 4952 632 5006 ἀλλὰ
653 4950 864 5022 μεγάλα
890 4947 1177 5018 εὐξάμενοι
1203 4947 1297 5000 καὶ
1327 4948 1698 5019 ἐπιτυχόντες,

106 5046 475 5119 κεκράγαμεν
493 5046 580 5098 ὅτε
608 5043 750 5096 οὑτω
777 5040 1147 5112 κεκράγαμεν.
1167 5037 1356 5098 Πολλοὶ
1374 5038 1430 5094 δὲ
1453 5039 1592 5094 ἕλεοι
1617 5041 1701 5109 γί-

107 5155 304 5193 νονται
331 5136 488 5202 Θεοῦ,
517 5136 607 5190 διὰ
656 5135 716 5188 τὸ
743 5131 1032 5204 ἀκολουθίᾳ
1070 5132 1185 5191 τινὶ,
1217 5129 1532 5203 ἀνθρωπίνῃ
1559 5150 1698 5204 συμ-

109 5229 348 5294 ϐαίνειν,
392 5228 452 5281 οὑ
503 5224 974 5298 θαυμαστούμενοι
1022 5223 1126 5276 ὑπὸ
1167 5220 1262 5274 τοῦ
1294 5221 1568 5288 ποιοῦντος
1599 5225 1699 5279 αὑ-

191 5345 243 5376 ⁸⁵
301 5341 458 5396 Joau.
496 5359 586 5408 Ill,
622 5341 706 5397 18.
819 5341 868 5373 ⁸⁸
896 5340 1079 5393 Matth.
1109 5354 1201 5394 vn.
1228 5338 1314 5393 15.

193 5459 308 5527 (57)
341 5457 464 5524 Πᾶς
496 5461 527 5511 ὀ
555 5457 806 5523 δίκαιος,
860 5465 966 5509 etc.
1015 5453 1326 5512 Corderius,
1379 5463 1434 5506 et
1481 5451 1693 5510 schedtze

108 5530 398 5664 magis}!
427 5597 634 5653 πᾶσαν
660 5596 774 5664 τὴν
802 5595 1034 5662 κρίσιν,
1072 5603 1175 5648 ειν.
1236 5593 1463 5650 δοὶιοιιαι
1507 5593 1694 5649 Grabii

114 5671 346 5736 Origeni
385 5671 652 5727 tribuunt,
682 5667 976 5722 Corderius
1003 5666 1249 5736 Eusebio.

185 5733 304 5819 (3&9)
344 5739 619 5819 Ἐπείπερ
644 5741 676 5792 o'
706 5737 1027 5819 πιστεύων.
1059 5745 1163 5819 θίιι.
1197 5734 1373 5789 Codex
1405 5733 1546 5819 hoe,

114 5879 158 5934 ῃ
188 5804 305 5881 (40)
351 5808 492 5879 Περὶ
547 5804 658 5878 τῆς
715 5804 1294 5872 ἀποκαταστάσεως,
1347 5816 1454 5859 etc.
1507 5804 1693 5861 Codex

166 5897 257 5938 oe.

1808 4681 2075 4743 sperantes
2123 4671 2176 4726 in
2219 4678 2288 4734 te,
2319 4679 2428 4723 ele.
2472 4665 2750 4734 Tanquam
2782 4664 3023 4720 enuditi
3073 4666 3390 4734 priusquam

1809 4782 2116 4830 oraremus,
2159 4763 2434 4833 precando
2470 4760 2847 4815 clamavimus.
2880 4757 2974 4812 Vel
3008 4758 3050 4811 si
3077 4759 3275 4812 bonum
3307 4767 3390 4812 est

1809 4860 2068 4922 clamare,
2111 4872 2218 4912 non
2253 4869 2420 4923 parva
2462 4868 2636 4922 neque
2661 4851 2806 4916 vilia,
2843 4850 2937 4905 sed
2973 4866 3162 4920 magna
3203 4859 3392 4918 postu-

1809 4952 1982 5007 lantes
2007 4959 2061 5004 et
2091 4948 2418 5008 obtinentes,
2441 4946 2794 5002 clamavimus
2823 4945 3036 5015 quando
3069 4943 3146 4998 sic
3179 4942 3384 4996 clama-

1807 5044 2010 5098 vimus.
2086 5040 2257 5095 Fiunt.
2297 5051 2476 5097 autem
2525 5039 2768 5109 plurimae
2831 5036 3214 5092 misericordia:
3267 5034 3380 5094 Dei,

1806 5152 1946 5207 qum,
1964 5138 2084 5205 quia
2111 5135 2348 5189 humana
2373 5134 2607 5203 quadam
2635 5129 3022 5199 consequentia
3042 5126 3385 5194 contingunt,

1805 5230 1968 5301 602
2001 5245 2105 5284 non
2143 5225 2509 5287 miriﬁcantur
2554 5224 2621 5278 ab
2655 5237 2721 5278 eo
2753 5222 2842 5295 qui
2881 5221 3003 5274 illas
3049 5217 3200 5273 facit.
3243 5216 3385 5270 l‘au-

1875 5457 1986 5526 (4t)
2016 5449 2391 5522 Σημειωτέον
2421 5449 2512 5508 τό,
2545 5456 2651 5502 etc.
2670 5443 2984 5500 Corderius.

1876 5531 1989 5619 (42)
2023 5549 2228 5601 Νύκτα
2249 5543 2368 5611 τὴν
2394 5542 2624 5611 θλίψιν,
2649 5548 2754 5596 etc.
2800 5535 3025 5591 Schedtn
3049 5533 3258 5590 Grabii.

1875 5641 1987 5705 (45)
2030 5637 2351 5694 Εὲσέλοετε
2395 5632 2490 5690 διὰ
2534 5631 2676 5705 τῆς-
2696 5625 2956 5705 στενῆς,
3008 5634 3114 5682 etc.
3173 5624 3382 5680 Etedcm

1803 5700 2051 5772 schedio;
2083 5708 2280 5762 similia
2311 5709 2422 5760 fere
2455 5705 2615 5762 habet
2644 5700 2936 5756 Barbarus.

1875 5803 1988 5875 (44)
2014 5791 2790 5876 ’Ὠσπερ-ἐπακουσθέντες,
2846 5798 2953 5846 etc.
3008 5785 3188 5844 Codex
3246 5781 3380 5849 Roe,

1803 5870 2108 5947 partimque
2130 5870 2456 5928 Corderius.
