3986 6384
503 321 642 378 ﬁt!)

1886 319 1977 375 EX
2017 320 2320 378 ORIGENE

3641 326 3791 381 1220

501 464 580 506 ea:
611 459 739 506 sunt
767 463 889 519 quae
917 445 1300 510 miriticantur,
1335 446 1553 514 quando
1581 434 1924 503 em‘mira'b'ili
1957 462 2064 518 quo

2187 445 2331 508 τούς.
2378 443 2572 514 Ὀλίγοι
2600 445 2656 498 δέ
2686 447 2821 499 εἰσιν
2848 447 2894 498 οἱ
2930 443 3422 517 θαυμαστούμενοι,
3452 445 3544 498 ὅτε
3576 445 3644 498 ὲκ
3689 446 3787 499 τοῦ

501 545 625 598 dam
660 558 725 598 ac
767 545 1076 615 prodigioso
1109 541 1267 596 modo
1297 542 1551 596 accidunt
1578 560 1591 596 :
1629 540 1876 611 exemplo
1906 542 2013 596 sint
2044 540 2080 593 ii

501 637 594 704 qui
624 636 1052 693 misericorditer
1080 653 1108 692 a
1138 638 1378 694 febribus
1412 637 1493 692 vel
1519 636 1666 704 lepra
1695 633 1906 688 liberati
1933 642 2076 687 sunt.

502 723 558 779 Si
598 727 879 781 medicinae
915 727 996 781 via
1030 729 1205 784 curati
1261 727 1483 791 fuerint,
1526 740 1554 778 a
1584 725 1690 786 Deo
1731 723 1949 792 quidem
1980 723 2081 776 mi—

501 818 849 873 sericordiam
902 821 1180 876 consecuti
1217 830 1362 886 sunt,
1413 835 1517 876 non
1553 830 1731 874 tamen
1777 817 1944 888 ipsius
1977 817 2080 869 mi-

498 909 795 964 sericordia
843 911 896 964 in
925 911 1006 966 eis
1039 912 1332 966 miriticata
1365 920 1480 977 est;
1521 912 1564 966 si
1597 924 1726 965 vero
1771 916 1912 964 tactu
1947 905 2076 962 Jesu

497 1003 690 1058 febrim
733 1005 1067 1074 increpantis
1115 1006 1314 1076 (utqui
1348 1006 1530 1060 statim
1577 1004 1743 1060 robur
1766 1018 1830 1058 ac
1875 1002 2079 1057 valetu-

496 1095 678 1149 dinem
715 1097 1002 1152 restituere
1046 1095 1269 1166 valeat),
1322 1096 1406 1152 vel
1445 1103 1698 1165 tangente
1739 1095 1866 1165 ipso
1890 1109 1965 1163 ‘ac
1998 1093 2076 1149 di-

494 1195 653 1241 cente
674 1185 722 1217 '°
755 1204 768 1240 :
823 1207 840 1238 ι
869 1187 1022 1252 Volo,
1072 1187 1358 1249 mundare,
1385 1205 1404 1240 ι
1439 1187 1650 1242 liberati
1687 1185 1889 1240 fuerint
1922 1201 1950 1239 a
1999 1184 2077 1240 le-

493 1295 616 1349 pra,
659 1289 769 1333 tum
804 1279 946 1335 Deus
976 1279 1379 1350 quodammodo
1412 1277 1823 1334 misericordias
1867 1292 1994 1333 snas
2021 1278 2074 1331 in

493 1371 599 1425 illis
633 1370 902 1425 miriﬁcat.

565 1464 727 1518 Vens.
753 1464 807 1518 8.
849 1464 892 1516 Α
943 1465 1302 1518 resistentibus
1337 1462 1564 1516 dextera:
1605 1472 1710 1516 tua:
1751 1461 1959 1516 custodi
1993 1477 2074 1515 me

492 1566 546 1609 ut
576 1555 835 1625 pupillam
879 1556 1041 1623 oculi,
1072 1567 1178 1610 etc.
1241 1555 1342 1621 Qui
1397 1554 1607 1609 resistit
1655 1553 1896 1620 Christo,
1938 1555 2073 1610 resi-

489 1647 585 1700 stit
613 1647 848 1701 dexterae
876 1646 991 1701 Dei.
1034 1646 1256 1713 Quaeres
1289 1660 1356 1701 an
1387 1644 1550 1700 liceat
1579 1644 1696 1716 ejus
1727 1645 1962 1700 sinistra:
1987 1660 2073 1699 re-

489 1737 704 1792 sistere.
747 1737 847 1804 Qui
882 1753 1011 1792 vero
1063 1737 1572 1808 perspicacissimus
1602 1747 1702 1804 est,
1737 1736 1783 1792 is
1813 1747 2069 1807 tanquam

2186 536 2485 610 παραδόξου
2528 539 2622 591 καὶ
2649 537 2952 608 τεραστίως
2988 537 3246 606 γίνονται·
3278 533 3387 591 οἷον
3425 537 3683 590 ἔστωσαν
3737 540 3784 590 οξ

2182 629 2508 702 ὲλεούμενοι,
2546 633 2592 684 οί
2628 630 2877 702 πυρετῶν
2911 633 3007 684 καὶ
3048 629 3257 703 λέπρας
3302 630 3779 703 ὲλευθερούμενοο.

2181 717 2338 777 Οῦτοι
2385 723 2442 776 δὲ
2476 726 2523 777 εί
2553 725 2648 795 μὲν
2678 723 2781 795 ὁδῷ
2811 723 3060 795 ἰατρικῆς
3105 723 3513 795 θεραπεύοιντο,
3551 722 3773 794 ὲλεὴθῃ·

2182 830 2280 865 σαν
2318 815 2414 884 μὲν
2439 814 2543 868 ὐπὸ
2568 814 2722 874 Θεοῦ,
2753 815 2813 868 οὐ
2838 817 2937 888 μὲν
2968 814 3407 885 θαυμαστοῦντος
3437 816 3571 879 τοὺς
3594 815 3776 879 ἐλέους

2180 905 2371 960 ἐαυτοῦ
2406 909 2606 972 αὐτοῖς·
2654 911 2700 961 εἰ
2739 909 2796 962 δὲ
2842 908 2959 981 μεθ’
2999 909 3144 980 ἁφῆς
3194 909 3371 980 Ἰησοῦ
3405 909 3779 980 ἐπιτιμῶντα(

2179 996 2255 1068 τῷ
2271 998 2488 1070 πυρετῷ
2509 1000 2605 1070 (ὡς
2623 1003 2878 1074 παραχρῆ
2889 1020 2964 1073 μα
2983 1002 3244 1056 δύνασθαι
3266 1002 3579 1056 ἀποδιδόναι
3599 1003 3777 1070 ὑγιαιο

2176 1093 2374 1146 νόντων
2399 1093 2494 1146 καὶ
2516 1095 2881 1150 εὐεκτούντων
2908 1096 3232 1168 ἐνεργείας),
3265 1097 3297 1167 ἢ
3335 1097 3648 1167 ἁπτομένου
3684 1097 3776 1151 καὶ

2175 1185 2446 1255 λέγοντος·
2491 1207 2509 1240 ι
2546 1188 2718 1252 Θέλω,
2743 1188 3128 1261 καθαρίσθητι,
3164 1210 3182 1243 ι
3220 1191 3654 1245 ἀπαλλάττοιντο
3677 1190 3774 1260 τῆς

2175 1279 2400 1353 λέπρας,
2445 1282 2520 1346 ὡς
2567 1282 3006 1354 θαυμαστοῦντος
3056 1283 3152 1337 τοῦ
3203 1284 3339 1339 Θεοῦ
3384 1287 3514 1349 τοὺς
3575 1283 3772 1338 ἑαυτοῦ

2175 1377 2356 1442 ἐλέους
2378 1379 2469 1431 ἐπὶ
2489 1379 2615 1444 τοὺς
2653 1377 2946 1442 τοιούτους.

2259 1473 2352 1525 Ἐκ
2374 1469 2492 1524 τῶν
2524 1472 2982 1539 ἀνθεστηκότων
3013 1470 3090 1539 τῇ
3131 1469 3300 1538 δεξιᾷ
3337 1485 3456 1525 σου
3487 1472 3772 1542 φύλαξόν

2167 1579 2244 1633 με
2264 1563 2342 1628 ὡς
2364 1563 2549 1630 κόρην
2571 1561 2904 1632 ὀφθαλμοῦ,
2939 1579 2992 1616 κ.
3030 1579 3081 1616 τ.
3116 1564 3161 1615 ὲ.
3195 1563 3252 1615 Ὀ
3280 1560 3640 1632 ἀνθεστηκὼς
3659 1562 3769 1632 (-55)

2172 1653 2412 1726 Χριστῷ,
2442 1655 2740 1726 ἀνθέστηκέ
2773 1658 2837 1726 τῇ
2861 1655 3010 1726 δεξιᾷ
3037 1654 3130 1710 τοῦ
3157 1655 3310 1710 Θεοῦ.
3348 1657 3410 1709 Ei
3438 1655 3494 1708 δέ
3526 1659 3646 1709 ἐστι
3675 1675 3770 1710 και

2171 1748 2278 1813 λῶς
2306 1751 2570 1821 ἀριστερᾷ
2605 1747 2994 1818 ἀνθεστηκέναι
3019 1746 3295 1818 ζητήσεις.
3343 1748 3401 1800 Ὁ
3432 1747 3492 1800 δὲ
3525 1748 3770 1820 διορατι-

490 1829 688 1899 pupilla
717 1829 858 1883 oruli
908 1829 1000 1899 qui
1056 1829 1108 1882 in
1163 1837 1278 1882 toto
1321 1827 1522 1882 Christi
1560 1842 1789 1896 corpore
1817 1836 1918 1894 est,
1969 1826 2064 1881 hoc

2178 1838 2435 1904 κώτατος,
2467 1840 2542 1903 ὡς
2575 1841 2712 1912 κόρη
2743 1837 2817 1894 ὢν
2843 1839 3120 1910 ὀφθαλμοῦ
3160 1840 3253 1893 τοῦ
3287 1841 3344 1892 ἐν
3373 1839 3452 1910 τῷ
3486 1840 3600 1911 ὅλῳ
3630 1842 3766 1912 Χρι-

489 1919 653 1973 dicet.
693 1918 846 1974 llunc
904 1929 1148 1988 tangere,
1205 1926 1288 1972 est
1340 1926 1561 1988 tangere
1610 1917 1866 1988 pupillam
1906 1916 2068 1973 oculi.

494 2009 692 2067 Videtis
743 2021 922 2067 autem
957 2012 1077 2082 quis
1123 2009 1520 2066 multitudinem
1556 2009 1920 2066 resistentium
1955 2011 2073 2065 ani-

486 2119 588 2160 ma:
616 2103 792 2170 oculo,
844 2104 1123 2177 confugiat
1177 2105 1240 2160 ad
1275 2106 1467 2167 Deum,
1501 2102 1848 2174 postuletque
1875 2104 1943 2160 ab
1973 2105 2073 2159 im-

485 2199 672 2253 missis
698 2197 896 2268 jaculis
923 2209 1080 2253 scuto
1109 2197 1304 2252 divina:
1329 2195 1447 2267 ejus
1469 2195 1822 2264 protectionis
1848 2197 2068 2262 muniri,

484 2305 552 2344 ne
588 2290 762 2359 ipsum
811 2291 1068 2346 miserum
1119 2288 1430 2344 conﬁciant.
1470 2286 1738 2354 Quoniam
1773 2303 1902 2344 vero
1934 2289 2069 2343 dex-

484 2391 599 2435 tera
636 2379 848 2435 Domini
899 2389 984 2436 est
1031 2381 1341 2451 unigenitus
1372 2377 1542 2433 Filius
1591 2379 1708 2445 Dei,
1757 2387 1813 2434 et
1845 2379 1895 2433 ei
1933 2379 2037 2434 resi

484 2482 636 2526 stunt
680 2472 861 2526 hostes
898 2471 1179 2542 spiritales
1233 2480 1288 2527 et
1320 2469 1618 2526 invisibiles
1671 2485 1699 2523 a
1734 2468 1930 2540 quibus
1981 2484 2068 2523 ro-

485 2576 580 2634 gat
606 2580 672 2620 ne
702 2565 1018 2621 vulneretur
1051 2576 1255 2626 mente.
1293 2567 1411 2621 haec
1439 2580 1542 2619 vox
1579 2565 1678 2620 viri
1717 2575 1800 2620 est
1829 2566 1920 2634 qui
1955 2565 2070 2620 illu-

485 2653 719 2708 minatos
754 2654 916 2709 habet
946 2653 1139 2708 animm
1166 2652 1375 2708 oculos.

560 2829 719 2887 Vens.
744 2831 798 2897 8,
825 2830 880 2887 9.
941 2830 1052 2886 Sub
1095 2830 1280 2885 umbra
1328 2829 1536 2886 alarum
1576 2840 1789 2885 tuarum
1833 2841 2067 2902 proteget

484 2939 588 2992 me,
613 2938 644 2974 a
679 2921 816 2990 [acie
847 2920 1125 2989 impiorum
1160 2922 1249 2992 qui
1276 2937 1357 2975 me
1387 2921 1704 2993 afﬂixerunt,
1736 2929 1842 2976 etc.
1884 2921 2068 2978 Justus

2177 1932 2303 1986 στοῦ
2340 1931 2570 2003 σώματι,
2605 1931 2762 1985 τοῦτο
2791 1931 2924 2003 ὲρεῖο
2956 1926 3016 1985 οὗ
3043 1931 3306 1986 ἅπτεσθαί
3330 1932 3566 2002 ὲστιτῆς
3600 1934 3766 2004 κόρης

2171 2024 2266 2080 τοῦ
2300 2023 2578 2096 ὀφθαλμοῦ
2606 2022 2894 2077 ἅπτεσθαι.
2925 2022 3098 2094 Ὁρῶν
3132 2023 3190 2076 δέ
3223 2040 3308 2086 τις
3340 2023 3400 2076 τὸ
3429 2023 3644 2092 πλῆθος
3661 2026 3766 2076 τῶν

2173 2117 2582 2186 ἀνθεστηκότων
2621 2115 2696 2186 τῷ
2724 2117 2821 2186 τῆς
2852 2115 3030 2188 ψυχῆς
3054 2114 3339 2186 ὀφθαλμῷ,
3375 2117 3768 2188 προστρεχέτω

2171 2207 2249 2278 τῷ
2281 2205 2420 2277 Θεῷ,
2453 2207 2516 2258 ἐκ
2543 2205 2651 2259 τῶν
2692 2205 3059 2275 πεμπομένων
3094 2205 3256 2257 οἱονεὶ
3300 2203 3468 2274 βελῶν
3505 2204 3767 2273 καθάπερ

2172 2297 2321 2368 ὅπλῳ
2342 2300 2406 2368 τῇ
2435 2295 2558 2368 θείᾳ
2578 2295 2756 2369 σκέπῃ
2780 2295 3040 2366 ῥυσθῆναι
3066 2294 3336 2365 δεόμενος,
3359 2295 3448 2348 ἵνα
3473 2294 3550 2366 μὴ
3577 2295 3766 2348 ταλαί-

2173 2408 2355 2462 πωρον
2385 2390 2545 2444 αὐτὸν
2577 2389 3018 2461 ἀπεργάσαινται.
3083 2389 3234 2441 Ἐπεὶ
3273 2388 3329 2440 δὲ
3361 2387 3510 2452 δεξιά
3551 2388 3763 2460 Κυρίου

2171 2483 2200 2536 ὁ
2256 2482 2549 2554 μονογενὴς
2587 2482 2714 2545 Υἱὸς
2758 2480 2850 2534 τοῦ
2895 2479 3052 2544 Θεοῦ,
3099 2479 3446 2534 ἀνθίστανται
3483 2480 3541 2534 δὲ
3586 2480 3763 2553 ταύτῃ

2173 2575 2355 2648 ἐχθροὶ
2372 2574 2552 2647 νοητοί
2570 2591 2627 2627 τε
2651 2575 2746 2628 καὶ
2766 2573 3008 2645 ἀόρατοι,
3040 2573 3131 2641 ἀφ’
3161 2566 3235 2626 ὧν
3256 2572 3466 2644 ἀϐλαϐῆ
3483 2573 3764 2644 διαμένειν

2171 2666 2311 2717 αἰτεῖ
2335 2663 2424 2718 τὸν
2453 2664 2582 2718 ἴδιον
2615 2664 2761 2729 νοῦν,
2786 2663 2978 2736 ἀνδρὸς
3010 2663 3067 2716 δὲ
3097 2665 3129 2734 ἡ
3153 2663 3304 2735 φωνὴ
3337 2663 3760 2735 πεφωτισμένου

2171 2759 2294 2820 τοὺς
2316 2757 2415 2828 τῆς
2446 2757 2623 2828 ψυχῆς
2643 2755 2976 2828 ὀφθαλμούς.

2253 2847 2349 2901 Ἐν
2383 2847 2581 2918 σκέπῃ
2622 2846 2737 2901 τῶν
2772 2847 3080 2918 πτερύγων
3127 2863 3245 2902 σου
3291 2848 3627 2916 σκεπάσεις
3655 2867 3758 2919 με,

2169 2937 2287 2994 ἀπὸ
2340 2938 2663 3008 προσώπου
2730 2939 2966 2995 ἀσεϐῶν
3010 2938 3128 2994 τῶν
3168 2939 3761 3009 ταλαιπωρησὰντων

481 3015 554 3071 ab
590 3015 774 3086 impiis
820 3015 989 3070 miser
1020 3023 1076 3068 et
1123 3013 1446 3070 miserabilis
1476 3014 1727 3080 habetur,
1762 3011 2064 3083 aliquando

2178 3050 2262 3101 με,
2301 3049 2353 3085 κ.
2388 3049 2440 3084 τ.
2475 3033 2520 3084 ὲ.
2567 3031 2625 3084 Ὁ
2655 3029 2861 3095 δίκαιος
2896 3031 3004 3085 ἀπὸ
3045 3031 3154 3086 τῶν
3178 3031 3290 3102 (46)
3324 3031 3540 3086 ἀσεϐῶν
3569 3031 3760 3086 ταλαιο

482 3110 646 3165 etiam
681 3125 778 3165 ceu
801 3107 1062 3178 insipiens
1092 3108 1442 3163 miseratione
1473 3105 1665 3175 dignus
1695 3114 1940 3176 putatur,
1971 3121 2064 3162 ve-

2171 3126 2466 3200 πωρίζεται
2499 3126 2594 3180 καὶ¹
2626 3123 2990 3188 ταλανίζεται,
3023 3123 3134 3177 ἔσθ’
3163 3125 3254 3177 ὅτε
3286 3123 3381 3176 καὶ
3413 3124 3489 3186 ὡς
3530 3125 3758 3195 ἀνόητος

482 3219 604 3258 rum
641 3213 769 3257 tunc
821 3203 921 3258 sub
955 3203 1143 3256 umbra
1197 3200 1406 3255 alarum
1444 3198 1536 3255 Dei
1587 3199 1910 3270 protegitur,
1940 3209 1998 3254 ut
2031 3215 2061 3254 a

2178 3188 2506 3290 ἐλεούμενος·
2545 3215 2680 3283 ἀλλά
2693 3216 2814 3269 τότε
2841 3216 2900 3268 ὲν
2918 3217 2984 3286 τῇ
3015 3215 3192 3288 σκέπῃ
3220 3213 3327 3268 τῶν
3356 3188 3756 3285 πτερύγων-τοῦ

481 3296 704 3353 miseria
739 3311 842 3350 non
873 3304 1277 3366 prosternatur.

556 3472 796 3540 “135.9,
820 3473 904 3528 l0.
959 3473 1179 3528 Inimici
1218 3473 1318 3527 ηιεὶ
1358 3473 1590 3528 animam
1627 3480 1794 3526 meam
1834 3473 2061 3526 circum-

481 3567 758 3622 dederunt.
798 3567 1018 3636 Adipem
1057 3581 1210 3620 suum
1238 3563 1606 3620 concluserunt
1631 3579 1650 3618 :
1686 3581 1743 3618 os
1775 3580 1956 3618 eorum
1984 3563 2062 3618 to-

480 3670 658 3714 cutum
687 3669 761 3713 est
788 3660 1108 3727 superbiam,
1153 3667 1262 3712 etc.
1305 3657 1439 3712 Cum
1474 3658 1526 3710 in
1562 3656 1716 3712 nobis
1751 3659 2062 3727 experimur

481 3749 842 3820 cogitationes
905 3763 1190 3819 perversas
1247 3764 1367 3818 quae
1427 3748 1768 3803 circumdant
1825 3748 2058 3803 animam

481 3853 747 3908 nosuam,
821 3853 948 3896 tunc
1002 3843 1283 3897 dicimus:
1343 3859 1364 3893 ι
1401 3840 1608 3895 Inimici
1665 3840 1771 3894 mei
1825 3842 2059 3896 animam

481 3949 657 3988 meam
689 3933 1192 3999 circumdederunt;
1215 3952 1236 3986 ι
1277 3948 1400 3987 cum
1435 3941 1614 3987 autem
1645 3933 1713 3987 ab
1743 3933 1822 3988 eis
1857 3933 2062 3987 incras-

481 4032 634 4079 satus
680 4032 766 4078 est
813 4023 1126 4078 intellectus
1163 4035 1368 4089 noster,
1433 4035 1563 4080 tunc
1597 4025 1853 4094 «adipem
1902 4037 2059 4079 suum

481 4116 889 4173 concluserunt.
912 4133 931 4168 ι
976 4113 1032 4170 ld
1064 4117 1204 4185 quod
1237 4116 1470 4170 ostendit
1505 4116 1838 4171 obsidionem
1877 4124 1929 4169 et
1959 4116 2058 4169 ho-

481 4211 643 4264 stium
677 4207 1052 4264 crudelitatem
1100 4207 1191 4278 qui
1221 4223 1318 4262 suo
1370 4223 1498 4276 erga
1533 4208 1820 4262 materiam
1857 4205 2055 4262 affectu

478 4300 691 4368 adipem
739 4314 895 4354 suum
949 4297 1359 4356 concluserunt.
1416 4297 1652 4354 Omnino
1705 4297 1850 4353 enim
1882 4307 1937 4352 et
1965 4298 2058 4352 toti

479 4391 662 4448 earnei
697 4399 846 4446 sunt.

551 4503 828 4574 Ejusdem.
863 4501 1044 4575 Adcps
1091 4499 1352 4573 spiritalis
1381 4515 1442 4557 ea
1470 4509 1572 4566 est,
1607 4514 1725 4572 quae
1753 4515 1820 4556 ex
1854 4502 2056 4558 malitia

481 4597 782 4652 intellectui
812 4598 1054 4664 obvenit,
1105 4597 1428 4653 crassitudo.
1488 4595 1713 4666 Adipcm
1749 4596 1883 4650 mihi
1911 4597 2058 4652 vide-

481 4699 572 4744 tur
603 4689 784 4743 dicere
819 4688 1250 4744 benevolentiam
1273 4699 1329 4745 et
1359 4690 1792 4754 humanitatem;
1830 4689 1907 4742 ait
1927 4702 2056 4756 ergo

479 4795 575 4835 eos
605 4795 818 4835 omnem
846 4781 1158 4850 deposuisse
1187 4779 1746 4844 commiserationem,
1771 4788 1826 4833 et
1849 4778 2052 4832 nullum

479 4874 805 4930 humanitati
835 4874 1011 4930 locum
1043 4875 1095 4929 in
1131 4875 1553 4946 cogitationibus
1593 4873 1708 4928 suis
1749 4871 2050 4942 reliquisse.

477 4967 732 5023 Nonnulli
764 4977 891 5023 sunt
919 4966 1014 5038 qui
1043 4968 1218 5038 adipis
1256 4968 1474 5022 nomine
1501 4965 1812 5022 felicitatem
1845 4975 1898 5018 et
1928 4979 2055 5035 pro-

479 5075 692 5133 Speram
725 5061 1089 5116 valetudinem
1125 5068 1344 5115 vocant.

547 5151 709 5223 603
744 5151 908 5206 Vens.
936 5152 1020 5206 ll.
1063 5147 1411 5220 Projicientes
1457 5163 1537 5203 mc
1573 5164 1712 5203 nunc
1759 5147 2052 5202 circumde-

477 5244 668 5299 derunt
699 5261 800 5313 me,
829 5242 1010 5299 oculos
1049 5259 1171 5299 suos
1219 5250 1517 5297 statuerunt
1552 5239 1818 5296 declinare
1857 5241 1914 5294 in
1950 5249 2056 5294 ter-

573 5406 594 5438 ⁶
614 5405 803 5462 Matth.
830 5421 950 5474 vttt,
973 5407 1022 5462 5.

554 5572 664 5643 (45)
704 5572 759 5643 Ὁ
799 5570 1204 5643 ἀνθεστηκὼς,
1231 5581 1336 5643 etc.
1359 5569 1592 5643 [demet
1614 5567 1931 5643 Corderius.

553 5640 664 5716 (ιθ)
707 5642 1018 5716 Ὀγδίκαιος
1036 5642 1153 5698 ἀπὸ
1181 5640 1323 5709 τῶν,
1345 5651 1451 5698 etc.
1471 5641 1640 5708 Idem,
1673 5651 1727 5696 at
1758 5640 2050 5698 Corderius

481 5711 682 5768 Basilio
715 5715 923 5768 tribuit.

559 5782 666 5856 (47)
719 5785 894 5840 Ὅταν
957 5783 1400 5856 αισθανώμεθα,
1451 5792 1559 5841 etc.
1620 5783 1839 5855 Origeni
1886 5783 2054 5839 codex

2169 3312 2302 3366 Θεοῦ
2333 3314 2362 3366 ὁ
2386 3310 2534 3377 ἄξιος
2551 3309 2901 3375 σκεπάζεται,
2937 3308 3024 3362 ἵνα
3049 3307 3122 3379 μὴ
3163 3305 3350 3378 σεισθῇ
3383 3307 3492 3360 ἀπὸ
3518 3306 3614 3360 τοῦ
3655 3324 3759 3361 τα-

2169 3405 2501 3469 λανίζεσθαι.

2244 3501 2308 3552 Οἱ
2341 3496 2544 3568 ἐχθροί
2574 3515 2694 3567 μου
2738 3495 2852 3564 τὴν
2878 3494 3091 3564 ψυχήν
3131 3510 3250 3562 μου
3287 3493 3629 3561 περιέσχον.
3685 3495 3758 3547 Τὸ

2169 3590 2350 3660 στέαρ
2389 3589 2588 3644 αὐτῶν
2622 3588 3046 3643 συνέκλεισαν·
3085 3587 3150 3638 τὸ
3173 3586 3366 3654 στόμα
3385 3581 3589 3637 αὐτῶν
3615 3583 3760 3638 ἐλό-

2167 3687 2366 3753 λησεν
2412 3682 2867 3751 ὑπερηφανίαν,
2923 3697 2978 3734 κ.
3033 3695 3085 3730 τ.
3150 3678 3197 3731 ὲ.
3261 3665 3444 3731 Ὃταν¹
3485 3675 3759 3730 αἰσθανώ-

2172 3775 2310 3848 μεθα
2347 3776 2458 3848 (47)
2488 3774 2852 3846 διαλογισμῶν
2875 3772 3130 3846 χειρόνων
3153 3770 3516 3844 περιεχόντων
3530 3770 3628 3842 τὴν
3651 3769 3760 3839 ψυ-

2120 3881 2122 3883 ’
2165 3869 2267 3941 χὴν
2301 3867 2478 3940 ἡμῶν,
2510 3869 2630 3921 τότε
2659 3867 2911 3940 λέγομεν·
2957 3885 2974 3918 ι
3011 3867 3076 3919 Οἱ
3101 3863 3286 3936 ἐχθροί
3316 3880 3416 3935 μου
3443 3861 3539 3933 τὴν
3571 3861 3758 3932 ψυχήν

2171 3979 2272 4033 μου
2307 3962 2612 4033 περιέσχον·
2654 3980 2672 4013 ι
2710 3961 2805 4014 ἐὰν
2841 3959 2898 4012 δὲ
2925 3958 3235 4030 παχύνωσιν
3263 3956 3419 4028 ἡμῶν
3448 3954 3509 4008 τὺ
3539 3954 3759 4026 διανοη-

2165 4048 2337 4113 τικὸν,
2377 4067 2394 4098 ι
2438 4048 2500 4100 τὸ
2534 4047 2701 4120 στέαρ
2730 4047 2907 4100 αὐτῶν
2949 4046 3317 4100 συνέκλεισαν.
3366 4063 3385 4096 ›
3425 4043 3758 4114 Πολιορκίαν

2164 4140 2222 4194 δὲ
2250 4140 2501 4212 ἐμφαίνει
2533 4141 2625 4194 καὶ
2656 4139 2763 4192 τῶν
2798 4138 3010 4212 ὲχθρῶν
3041 4138 3141 4210 τὴν
3174 4137 3456 4208 ὠμότητα,
3497 4135 3757 4204 συγκλειο

2168 4232 2374 4286 σάντων
2401 4233 2459 4286 τὸ
2494 4233 2659 4304 στέαρ
2690 4230 2867 4285 αὐτῶν
2890 4231 2977 4285 διὰ
3004 4230 3100 4302 τὴν
3132 4229 3268 4302 πρὸς
3291 4229 3388 4300 τὴν
3424 4227 3556 4299 ὓλην
3579 4245 3756 4300 προσ-

2167 4324 2414 4379 πόιθειαν.
2451 4324 2602 4378 Ὅλοι
2635 4323 2744 4396 γὰρ
2769 4323 2835 4377 δι’
2866 4324 2988 4378 ὅλου
3018 4323 3263 4394 σὰρκινοι
3290 4321 3640 4392 τυγχάνουσι.

2239 4507 2350 4562 Τοῦ
2391 4508 2596 4563 αὐτοῦ.
2637 4508 2811 4579 Στέαρ
2847 4509 2945 4579 μὲν
2969 4508 3157 4578 νοητὸν
3189 4507 3298 4576 (48)
3322 4509 3355 4576 ὴ
3387 4508 3452 4560 ὲκ
3496 4508 3596 4579 τῆς
3651 4526 3755 4562 κα-

2163 4601 2290 4663 κίας
2318 4599 2783 4670 ὲπισυμϐαίνουσα
2807 4600 2887 4670 τῷ
2914 4600 3226 4672 ἡγεμονικῷ
3253 4599 3518 4670 παχύτης.
3575 4600 3755 4672 Στέαρ

2161 4692 2308 4746 δοκεῖ
2333 4710 2421 4763 μοι
2451 4692 2628 4761 λέγειν
2647 4693 2744 4765 τὴν
2765 4691 2974 4746 εὔνοιαν
2999 4691 3092 4747 καὶ
3115 4692 3480 4762 φιλαδελφίαν·
3517 4693 3616 4746 καί
3645 4711 3754 4764 φη⁹

2165 4800 2268 4849 σιν,
2298 4783 2379 4836 ὅτι
2405 4786 2582 4838 πᾶσαν
2607 4783 2836 4856 φυσικὴν
2865 4784 3192 4838 ἀπέκλεισαν
3213 4784 3635 4854 εὐσπλαγχνίαν,
3653 4785 3753 4838 οὐ-

2161 4875 2354 4945 δεμίαν
2384 4873 2567 4947 χώραν
2611 4877 2710 4947 τῆς
2742 4875 3092 4946 φιλαδελφίας
3120 4874 3399 4946 λογισμοῖς
3429 4876 3746 4940 δεδωκότες.

2165 4970 2319 5034 Τινὲς
2351 4969 2530 5040 μέντοι
2584 4969 2644 5022 τὸ
2691 4968 2865 5041 στέαρ
2903 4968 3203 5041 εὐημερίαν
3232 4969 3326 5022 καὶ
3357 4968 3570 5036 εὐεξίαν
3609 4969 3750 5024 ὠνό-

2167 5080 2365 5134 μασαν.

2245 5153 2630 5218 Ἐκϐαλόντες
2663 5170 2740 5222 με
2775 5151 2913 5207 νυνὶ
2953 5150 3440 5220 περιεκύκλωσάν
3475 5169 3572 5221 με,
3605 5152 3748 5220 τοὺς

2163 5244 2509 5315 ὀφθαλμοὺς
2523 5243 2721 5299 αὐτῶν
2741 5244 2946 5298 ἔθεντο
2959 5242 3232 5297 ἐκκλῖναι
3246 5242 3316 5294 ἐν
3344 5240 3421 5310 τῇ
3447 5240 3546 5312 γῇ,
3559 5259 3612 5297 :r.
3625 5259 3680 5297 τ.
3695 5243 3743 5297 ἑ.

2160 5533 2548 5629 Coisliniauns,
2577 5580 2729 5622 num.
2754 5564 2887 5630 189;
2924 5561 3058 5616 alter
3091 5572 3220 5615 vero
3262 5573 3412 5612 num.
3454 5557 3543 5622 l0,
3571 5555 3742 5611 Euse-

2166 5637 2558 5779 b‘?4gl|bxutl;;lp
2574 5705 2951 5779 perroncdr,
2978 5713 3086 5779 etc.
3124 5698 3323 5779 _Codex
3377 5697 3738 5756 Coislinianus

2163 5774 2512 5834 Th‘eodoreto
2551 5774 2760 5844 tribuit,
2802 5776 2892 5830 alii
2919 5774 3160 5847 Origeni.
