3822 6514
122 396 252 452 1221

1075 389 1382 446 SELECTA
1417 389 1482 444 IN
1517 388 1860 444 PSALMOS.
1901 421 1968 432 ρ-
2008 391 2205 447 PSAL.
2245 392 2386 452 XVI.

3241 403 3264 457 l
3276 403 3381 459 2‘22

121 521 305 574 Ἐνδον
331 519 490 584 ὄντας
526 518 632 590 (49)
659 518 718 571 οὐ
751 518 1172 589 περικνκλοῦσιν
1198 524 1247 576 οἱ
1273 521 1476 593 ἐχθροὶ,
1508 522 1566 574 οὐ
1592 524 1685 596 γὰρ

1805 538 1940 584 rum,
1988 530 2094 578 etc.
2135 522 2242 578 Eos
2274 525 2364 592 qui
2401 525 2546 580 intus
2571 532 2715 590 sunt,
2754 536 2858 579 non
2904 525 3239 584 circumdant
3279 531 3381 586 ini-

115 611 383 678 δύνανται,
430 612 542 666 ἀλλ’
570 615 695 666 ὅταν
744 611 943 666 ἔσωθεν
976 613 1297 670 ἐκϐάλωσιν.
1331 614 1440 667 Καὶ
1489 613 1692 678 ἔθεντο,

116 707 298 777 φησὶν,
331 705 536 760 ἑαυτῶν
575 706 702 768 τοὺς
748 705 1056 776 ὀφθαλμοὺς
1087 709 1165 770 εἰς
1199 707 1258 759 τὸ
1301 706 1402 776 ἐμὲ
1449 705 1694 760 ἐκκλῖναι

111 799 208 851 ἀπ’
240 795 470 868 οὐρανοῦ
494 797 550 848 ἐν
575 798 638 867 τῇ
665 797 756 866 γῇ,
791 795 1066 849 τουτέστιν
1095 797 1152 850 ἐν
1171 799 1234 868 τῇ
1261 796 1380 869 ὕλῃ.
1426 798 1547 851 Ἐπὶ
1571 797 1696 867 βλά-

113 890 182 964 ϐῃ
213 889 268 942 δὲ
303 888 720 962 περικυκλοῦσιν
754 889 1014 942 ἀπολέσαι
1057 891 1104 942 οἱ
1137 887 1424 959 ζητοῦντες
1459 891 1519 944 τὸ
1559 892 1696 961 πρὸς

111 980 215 1050 γῆν
237 981 372 1052 ὁρᾷν
401 981 490 1033 καὶ
513 981 738 1033 σκοπεῖν
766 979 902 1050 μόνα
931 979 1000 1031 τά
1027 979 1358 1050 πρόσκαιρα,
1389 981 1692 1036 ἐκκλίνουσι

107 1071 164 1124 δὲ
216 1070 656 1143 παρανομοῦντες
705 1071 802 1142 τὴν
851 1071 1066 1124 εὐθεῖαν
1119 1071 1236 1126 ὁδὸν
1263 1072 1356 1124 καὶ
1397 1073 1472 1144 μὴ
1506 1073 1692 1143 βουλό-

115 1181 285 1234 μενοι.

185 1253 294 1308 Τοῦ
328 1254 531 1308 αὐτοῦ.
570 1253 771 1308 Τοῦτον
789 1252 1080 1308 κυκλοῦσιν
1107 1257 1155 1310 οἱ
1203 1255 1454 1326 δαίμονες
1485 1255 1596 1328 (50)
1632 1257 1691 1312 ὃν

106 1345 428 1400 ἐκϐάλλουσι
455 1346 554 1417 τῆς
579 1347 798 1417 ἀρετῆς
834 1345 913 1400 διὸ
945 1345 1127 1410 καλῶς
1161 1346 1473 1416 λέγεταιτό·
1513 1367 1530 1398 ι
1567 1348 1691 1402 Ἐὰν

107 1438 326 1510 πνεῦμα
365 1438 456 1491 τοῦ
506 1437 906 1503 ὲξουσιάζοντος
937 1437 1110 1509 ἀναϐῇ
1143 1438 1236 1491 ἐπὶ
1281 1437 1361 1502 σὲ,
1404 1439 1566 1492 τόπον
1597 1457 1688 1493 σου

109 1530 184 1601 μὴ
217 1531 378 1600 ἀφῇς·
419 1549 438 1582 ι
467 1529 560 1582 κα)¹
591 1529 670 1582 τό·
709 1547 727 1580 ι
774 1530 865 1601 Μὴ
915 1527 1048 1581 δῶτε
1080 1529 1242 1583 τόπον
1268 1529 1346 1600 τῷ
1395 1528 1634 1602 πονηρῷ·
1665 1551 1683 1582 ι

103 1621 238 1675 ὡσεὶ
284 1621 482 1690 ἔλεγεν·
541 1621 666 1675 Ἐὰν
713 1620 929 1692 πνεῦμα
965 1623 1220 1694 πορνείας
1245 1622 1416 1694 ἀναϐῇ
1456 1622 1549 1675 ἐπὶ
1608 1623 1686 1684 σὲ,

105 1711 461 1785 σωφροσύνην
489 1729 581 1765 σου
616 1711 690 1783 μὴ
723 1713 884 1783 ἀφῇς·
915 1713 1009 1765 καὶ
1039 1711 1255 1783 πνεῦμα
1291 1712 1480 1782 μίσους
1513 1711 1686 1782 ἀναϐῇ

103 1805 201 1856 ἐπὶ
225 1807 300 1868 σὲ,
330 1805 546 1876 ἀγάπην
574 1822 666 1858 σου
692 1805 766 1875 μὴ
799 1806 961 1876 ἀφῇς.
987 1803 1136 1874 Πλὴν
1171 1804 1500 1876 προσεκτέον
1532 1804 1688 1856 πότε-

103 1911 202 1966 ρον
229 1896 258 1948 6
287 1896 391 1948 ἀπὸ
424 1895 614 1950 πασῶν
644 1895 750 1949 τῶν
785 1895 996 1967 ἀρετῶν
1030 1895 1278 1950 ἐκπεσὼν
1305 1895 1614 1960 κυκλοῦται,
1647 1897 1680 1968 ἢ
1718 1871 1758 1927 Β

99 1986 215 2038 ἀπὸ
239 1985 466 2053 πολλῶν,
496 1986 528 2058 ἢ
559 1987 665 2040 ἀπὸ
705 1989 851 2058 μιᾶς.
877 1987 990 2039 Καὶ
1017 1985 1111 2038 ἐὰν
1139 1987 1236 2057 μὲν
1259 1985 1686 2040 ἀντακολουθοῦ-

102 2093 194 2131 σιν
227 2077 479 2150 ἀλλήλαις
506 2080 560 2132 αἱ
587 2078 774 2132 κακίαι
803 2078 988 2152 ὥσπερ
1011 2078 1104 2130 καὶ
1125 2078 1336 2150 ἀρεταὶ,
1372 2080 1398 2131 6
1433 2078 1539 2131 ἀπὸ
1557 2079 1686 2148 μιᾶς

99 2169 355 2225 ἐκπεσὼν
405 2172 604 2243 ἀρετῆς
648 2171 958 2226 κυκλοῦται⁸
1013 2171 1107 2225 ἐὰν
1154 2171 1210 2223 δὲ
1243 2172 1317 2242 μὴ
1360 2171 1686 2226 ἀντακολου-

98 2261 288 2328 θοῦσιν
313 2263 568 2334 ἀλλήλαις
603 2265 656 2318 αἱ
691 2264 900 2326 κακίαι,
930 2264 1027 2334 οὐχ
1060 2265 1088 2316 6
1113 2264 1221 2318 ἀπὸ
1249 2265 1376 2335 μιᾶς
1403 2265 1688 2335 ἐκϐληθεὶς

97 2349 305 2421 ἀρετῆς
334 2350 645 2417 κυκλοῦται,
670 2353 782 2406 ἀλλ’
816 2355 844 2406 6
882 2355 987 2408 ἀπὸ
1013 2352 1222 2408 πασῶν.
1261 2355 1334 2406 Ἣ
1362 2353 1505 2426 τάχα
1535 2351 1688 2428 ἦστι-

94 2442 196 2504 νός
215 2459 297 2506 τις
323 2443 518 2514 ἀρετῆς
551 2444 828 2517 ἐκπίπτει,
861 2445 966 2500 ὑπὸ
990 2445 1088 2516 τῆς
1116 2445 1498 2518 ἀντικειμένης
1512 2446 1682 2520 ταύτῃ

94 2535 302 2598 κακίας
335 2534 645 2591 κυκλοῦται.

187 2715 504 2771 Ὑπέλαϐὀν
521 2735 596 2787 με
627 2717 770 2772 ὡσεὶ
793 2717 951 2774 λέων
969 2717 1200 2788 ἕτοιμος
1224 2720 1312 2785 εἰς
1337 2717 1549 2788 θήραν,
1585 2718 1682 2773 καί

91 2809 246 2864 ὡσεὶ
277 2810 547 2879 σκύμνος
573 2808 752 2863 οἰκῶν
787 2811 858 2866 ἐν
893 2810 1284 2880 ἀποκρύψας,
1320 2829 1372 2865 κ.
1423 2830 1472 2865 τ.
1506 2812 1552 2868 ἐ.
1598 2813 1686 2866 Ἐν

92 2903 439 2976 ἀποκρύφοις
465 2903 572 2974 (5i)
605 2903 714 2974 γὰρ
737 2905 830 2958 καὶ
860 2903 1220 2976 ἀπροοράτως
1245 2905 1377 2976 ἡμῖν
1409 2902 1685 2959 ποιοῦνται

91 2991 202 3056 τὰς
228 2993 347 3046 καθ’
375 2993 532 3063 ἡμῶν
557 2993 776 3065 ἐνέδρας
795 2993 869 3057 ὡς
894 2993 1130 3065 σκύμνος
1155 2995 1204 3046 οί
1233 2993 1437 3066 ἐχθροί.

179 3082 288 3136 Τοῦ
339 3082 545 3137 αὐτοῦ.
604 3082 703 3137 Διά
761 3083 854 3137 τοῦ
901 3084 1376 3157 ἀκαθάρτου-(52)
1424 3084 1684 3157 λογισμοῦ

91 3174 472 3246 ὑπολαμϐάνει
497 3161 586 3228 τῦν
601 3174 724 3228 νοῦν
747 3174 902 3246 ἡμῶν
921 3178 948 3229 6
973 3176 1348 3246 ἀντικείμενος
1378 3177 1510 3247 ἡμῖν
1525 3176 1682 3232 λέων.

89 3267 174 3320 Τὸ
203 3266 418 3335 λογικὸν
454 3267 555 3337 τῆς
579 3265 793 3336 φύσεως
830 3268 1234 3340 ἀπορρίψαντες
1261 3267 1427 3341 θηρία
1453 3269 1684 3340 μιμοῦνὲ

87 3376 191 3413 ται
222 3359 428 3432 τροφῆς
451 3359 733 3430 ἐφιέμενα,
766 3359 863 3414 καὶ
883 3359 1090 3431 ταύτην
1129 3362 1566 3432 περισκοποῦντα
1591 3365 1685 3417 καὶ

89 3451 364 3522 ἐξαπίνης
391 3451 666 3523 ὁρμῶντα.

185 3540 514 3610 Ἀνάστηθι,
537 3541 732 3608 Κύριε,
758 3542 1112 3610 πρόφθασον
1136 3542 1378 3609 αὐτοὺς,
1410 3544 1508 3597 καί
1536 3547 1684 3599 ὑπο-

88 3626 399 3688 σκέλισόν
423 3631 664 3698 αὐτοὺς⁸
676 3632 862 3700 ῥῦσαι
885 3633 996 3701 τὴν
1016 3633 1228 3704 ψυχήν
1248 3652 1367 3704 μου
1400 3635 1518 3688 ἀπὸ
1546 3637 1688 3692 dae-

89 3723 269 3788 ϐοῦς,
322 3724 630 3792 ῥομφαίαν
691 3739 806 3778 σου
867 3724 984 3778 ἀπὸ
1038 3725 1268 3794 ἐχθρῶν
1328 3725 1439 3795 τῆς
1491 3730 1687 3796 χειρός

89 3829 242 3881 σου,
273 3831 327 3868 κ.
359 3831 409 3868 τ.
439 3815 488 3868 ἐ.
521 3813 630 3886 Τὴν
658 3815 932 3886 ῥομφαίαν
960 3817 1070 3886 (55)
1099 3815 1193 3869 τοῦ
1225 3817 1359 3870 Θεοῦ
1384 3817 1494 3870 ἔσθ’
1521 3821 1608 3872 ὅτε
1639 3821 1686 3872 οἱ

89 3909 292 3980 ἐχθροὶ
327 3910 424 3981 τῆς
471 3909 655 3981 χειρὸς
689 3909 854 3963 αὐτοῦ
887 3909 1326 3980 ἀναλαμϐάνουσι
1353 3909 1474 3963 καθ’
1503 3911 1683 3981 ἡμῶν.

85 4002 323 4072 Ταύτην
349 3998 442 4056 οὖν
486 4001 748 4074 ῥωσθῆναι
789 4001 884 4054 καὶ
937 4000 1168 4073 ἀρθῆναι
1204 4001 1312 4054 ἀπὸ
1341 4001 1448 4056 τῶν
1479 4003 1688 4074 ἐχθρῶν

86 4090 321 4163 εὔχεται
349 4092 426 4163 τῷ
443 4091 580 4163 Θεῷ.

177 4183 292 4237 Τοῦ
321 4183 526 4238 αὐτοῦ.
567 4183 774 4254 Ὥσπερ
822 4182 942 4236 Ἰὼϐ
990 4182 1102 4254 (54)
1138 4183 1237 4254 τὴν
1282 4181 1567 4254 πλήξασαν
1601 4183 1689 4239 αὐ.

83 4275 195 4330 τὸν
231 4273 460 4345 δύναμιν
487 4277 644 4347 χεῖρα
669 4274 816 4342 λέγει
857 4272 1013 4326 Θεοῦ·
1045 4293 1063 4325 ι
1103 4275 1195 4344 Μή
1235 4289 1302 4343 με
1333 4273 1626 4344 στροϐείτω
1664 4291 1681 4324 ι

84 4371 233 4442 γὰρ,
259 4369 442 4442 φησὶν,
489 4388 507 4420 ι
548 4369 582 4439 ἡ
617 4367 738 4438 χείρ
773 4384 888 4420 σου·
933 4387 952 4418 ι
1007 4364 1152 4419 οὕτω
1183 4366 1424 4429 καὶτοὺς
1462 4365 1688 4438 ἐχθροὺς

83 4455 200 4534 τῆς
241 4462 590 4535 εὐεργετικῆς
623 4460 804 4532 χειρὸς
843 4459 936 4512 τοῦ
965 4459 1118 4522 Θεοῦ,
1152 4459 1426 4530 ῥομφαίαν
1466 4461 1494 4511 6
1526 4457 1688 4510 Δαυῒδ

79 4553 264 4608 καλεῖ
286 4551 376 4605 τοῦ
401 4550 554 4605 Θεοῦ.
593 4549 926 4622 Εὐεργετικὴ
959 4548 1015 4601 δὲ
1045 4548 1166 4620 χεὶρ
1191 4550 1238 4601 oi
1267 4549 1412 4617 ἅγιοι
1443 4548 1682 4617 ἄγγελοι,
1717 4583 1760 4637 D

77 4643 170 4698 δι’
187 4635 268 4696 ὧν
295 4644 322 4696 6
346 4642 478 4705 Θεὸς
519 4643 826 4710 προνοεῖται
858 4638 950 4692 τοῦ
990 4639 1216 4710 κόσμου,
1243 4633 1324 4702 οἷς
1356 4638 1686 4692 ἀντίκεινται

79 4735 376 4806 δαίμονες,
407 4735 454 4786 oi
491 4733 566 4806 μὴ
601 4731 913 4803 βουλόμενοι
949 4731 1125 4784 πάντα
1148 4729 1432 4800 ἄνθρωπον
1463 4731 1544 4791 είς
1571 4730 1688 4782 ἐπί-

87 4842 306 4896 γνωσιν
334 4825 588 4897 ἀληθείας
623 4823 816 4877 ἐλθεῖν.
849 4823 990 4892 Χεὶρ
1009 4819 1144 4875 Θεοῦ
1163 4823 1190 4874 6
1215 4819 1509 4892 μονογενὴς
1535 4821 1683 4884 Υἱός·

82 4919 354 4992 ῥομφαία
376 4919 430 4972 δὲ
463 4920 496 4989 ἡ
529 4920 702 4988 ίσχὺς,
743 4919 777 4989 ἠ
820 4917 1066 4987 δύναμις,
1103 4917 1136 4986 ἡ
1173 4913 1409 4979 ἐξουσία.
1453 4913 1689 4984 Ἑκάστη

73 5012 252 5086 ψυχὴ
271 5011 448 5066 δικαία
468 5012 699 5064 ἕλκουσα
726 5011 851 5073 τοὺς
876 5008 1232 5080 ἁμαρτωλοὺς
1263 5005 1323 5071 ἐξ
1343 5007 1592 5070 ἀσεϐείας
1612 5009 1691 5070 είς

77 5105 438 5170 θεοσέϐειαν,
473 5104 714 5176 ῥομφαία
751 5103 868 5155 ἐστὶ
902 5101 1036 5155 Θεοῦ
1064 5099 1377 5171 ὴκονημένη
1409 5099 1552 5152 κατά
1579 5097 1686 5152 τῶν

79 5197 434 5268 πνευμάτων
464 5195 565 5266 τῆς
595 5195 880 5268 πονηρίας.
921 5193 1138 5263 Ταύτην
1173 5187 1266 5245 οὖν
1291 5191 1389 5260 τὴν
1415 5189 1688 5262 ῥομφαίαν

81 5309 197 5346 σου
235 5290 396 5362 ῥῦσαι
433 5291 540 5344 ἀπὸ
568 5289 777 5362 ἐχθρῶν
821 5305 914 5342 σου
945 5288 1052 5340 τῶν
1085 5283 1494 5355 ἀνθισταμένων
1518 5285 1583 5353 τῇ
1610 5283 1690 5345 είς

77 5383 194 5440 τὸν
226 5382 504 5453 Μονογενῆ
529 5382 730 5438 πίστει.

173 5548 224 5583 ⁸⁷
251 5547 428 5603 Ecele.
463 5564 519 5612 κ,
545 5546 600 5600 4.
673 5545 718 5578 ⁵⁸
744 5545 942 5616 Ephes.
965 5557 1039 5608 ιν,
1061 5541 1153 5596 27.
1231 5540 1274 5574 ⁵³
1301 5537 1422 5595 Job.
1447 5553 1524 5604 lx,
1549 5537 1637 5592 '54.

327 5659 541 5734 'Er§or
566 5657 764 5734 ὄντας.
791 5666 900 5734 etc.
935 5653 1276 5734 Codfxdioe.

179 5720 298 5804 (50)
343 5729 561 5804 Τοῦτον
593 5720 927 5784 κυκλοῦσαν
953 5727 1007 5779 οἱ
1032 5723 1330 5793 δαίμονες,
1356 5729 1462 5779 etc.
1496 5720 1680 5777 Codex

83 5801 364 5867 Coisliu"
392 5801 477 5854 10.

183 5873 298 5947 (51)
339 5865 434 5928 Ἐν
464 5870 856 5940 ἀποκρύφοις,
884 5876 990 5925 etc.
1019 5865 1198 5924 Codex
1233 5865 1367 5920 Roc.

1799 610 1948 674 mici,
1986 627 2090 666 non
2119 614 2263 666 enim
2299 625 2543 683 possunt,
2570 617 2662 670 sed
2694 617 2912 684 quando
2951 629 3103 672 extra
3134 619 3376 689 ejiciunt.

1800 701 1866 756 Et
1891 712 2221 770 statuerunt,
2272 705 2469 776 inquit,
2502 709 2691 762 oculos
2721 723 2851 765 suos
2899 711 2952 764 in
2985 726 3070 766 me
3099 712 3378 770 declinare

1799 807 1826 845 a
1862 792 2002 847 ccelo
2033 793 2084 846 in
2117 801 2336 860 terram,
2373 795 2475 850 hoc
2510 807 2592 852 est
2619 798 2670 852 in
2723 799 3030 856 materiam.
3069 803 3147 857 Ad
3177 818 3379 860 noeen-

1797 884 1921 936 dum
1954 893 2128 937 autem
2161 892 2214 938 et
2242 886 2573 954 perdendum
2607 889 2945 944 circumdant
2977 893 3067 962 qui
3103 893 3238 948 nihil
3272 895 3377 950 nisi

1799 982 2015 1029 terrena
2062 983 2119 1030 et
2168 983 2510 1046 temporanea
2563 979 2744 1034 videre
2789 993 3056 1050 quaerunt,
3104 983 3377 1039 declinant

1795 1081 1926 1121 vero
1975 1066 2070 1135 qui
2123 1075 2330 1121 rectam
2383 1068 2523 1123 viam
2575 1081 2912 1138 pervertunt,
2955 1073 3118 1128 etiam
3163 1075 3373 1146 impru—

1797 1158 2011 1213 dentes.

1865 1249 2140 1320 Ejusdem.
2207 1252 2361 1308 llune
2409 1255 2756 1310 circumdant
2811 1257 3086 1315 dmmones
3130 1275 3291 1330 quem
3345 1277 3376 1317 e

1793 1341 1994 1397 virtute
2031 1343 2310 1414 dejiciunt.
2349 1347 2716 1414 Quamobrem
2773 1349 2996 1418 pulchre
3051 1353 3252 1408 dicitur
3276 1353 3322 1386 "
3355 1371 3371 1408 :

1803 1453 1822 1485 ‹
1853 1432 1908 1488 Si
1939 1435 2163 1502 spiritus
2194 1447 2512 1504 potestatem
2545 1438 2799 1492 habentis
2847 1441 3160 1495 ascenderit
3211 1442 3263 1496 in
3295 1451 3372 1508 te,

1795 1527 1970 1580 locum
2027 1535 2174 1580 tuum
2233 1543 2302 1582 ne
2349 1529 2593 1584 deseras.
2636 1549 2655 1582 ι
2699 1527 2766 1584 Ει
2815 1529 2944 1584 illud
2969 1531 3016 1563 ⁸⁸
3061 1547 3076 1586 :
3135 1550 3154 1583 ι
3197 1533 3375 1590 Nolite

1793 1619 1920 1674 dare
1945 1619 2120 1674 locum
2147 1618 2405 1686 maligno.
2433 1637 2450 1670 ι
2474 1619 2638 1686 Quasi
2664 1621 2864 1676 diceret
2890 1639 2904 1675 :
2932 1621 2987 1675 Si
3017 1622 3240 1692 spiritus
3265 1623 3376 1678 for-

1792 1708 2081 1764 nicationis
2106 1709 2410 1764 ascenderit
2435 1709 2488 1762 in
2515 1719 2584 1772 te,
2609 1709 2996 1766 continentiam
3024 1721 3168 1766 tuam
3193 1728 3260 1768 ne
3281 1714 3374 1768 de-

1793 1815 1961 1857 seras.
1987 1801 2054 1855 Et
2075 1802 2118 1856 si
2145 1801 2365 1871 spiritus
2388 1802 2499 1856 odii
2526 1805 2836 1860 ascenderit
2867 1806 2917 1859 in
2953 1815 3024 1873 te,
3049 1805 3372 1861 charitatcm

1790 1900 1934 1944 tuam
1969 1907 2036 1945 ne
2058 1894 2297 1948 deseras.
2316 1891 2578 1948 Caeterum
2604 1896 3052 1952 considerandum
3074 1907 3157 1951 est
3183 1912 3249 1952 an
3278 1897 3372 1968 qui

1791 1981 1859 2034 ab
1881 1981 2131 2036 omnibus
2161 1982 2453 2036 virtutibus
2478 1983 2694 2049 decidit,
2719 1986 3103 2050 circumdetnr,
3123 2003 3190 2041 an
3217 1989 3304 2057 qui
3339 2005 3370 2042 a

1788 2071 1992 2138 multis,
2028 2089 2095 2127 an
2142 2073 2234 2144 qui
2265 2075 2331 2128 ab
2367 2091 2493 2127 una.
2552 2075 2609 2129 Si
2643 2091 2760 2132 sese
2793 2079 3022 2133 invicem
3068 2088 3372 2149 sequuntur

1789 2159 2034 2226 malitize,
2060 2163 2513 2229 quemadmodum
2545 2173 2599 2217 et
2631 2165 2881 2234 virtutes,
2912 2168 3000 2236 qui
3039 2169 3105 2223 ab
3133 2183 3235 2224 una
3271 2171 3373 2223 vir-

1789 2257 1902 2303 tute
1931 2251 2150 2317 excidit,
2204 2251 2592 2306 circumdatur.
2655 2252 2713 2309 Si
2750 2267 2928 2310 autem
2965 2273 3088 2312 sese
3137 2259 3368 2315 invicem

1788 2356 1895 2395 non
1918 2353 2242 2412 sequuntur,
2273 2360 2378 2400 non
2410 2347 2500 2415 qui
2539 2347 2605 2401 ab
2630 2363 2734 2402 una
2763 2349 2966 2402 virtute
2997 2351 3222 2416 excidit,
3255 2353 3367 2405 cir-

1784 2434 2097 2502 cumdatur,
2137 2439 2228 2490 sed
2276 2439 2366 2507 qui
2399 2440 2467 2493 ab
2502 2441 2778 2494 omnibus.
2823 2441 2917 2496 Vel
2966 2442 3108 2498 forte
3153 2460 3182 2499 e
3227 2459 3367 2514 qua-
3439 2469 3444 2476 ·

1785 2541 1998 2598 cunque
2039 2530 2242 2586 virtute
2291 2533 2414 2602 quis
2451 2533 2674 2601 excidit,
2706 2535 2772 2590 ab
2803 2550 2864 2590 ea
2909 2553 3027 2607 quae
3063 2537 3140 2592 illi
3173 2539 3366 2596 adver-

1785 2631 1960 2689 satur,
1994 2624 2199 2678 malitia
2229 2625 2621 2680 circumdatur.

1857 2712 2022 2770 Vens.
2060 2713 2146 2770 12.
2209 2715 2560 2786 Susceperunt
2609 2733 2691 2771 me
2739 2709 2872 2771 sicut
2914 2717 2992 2774 leo
3037 2719 3368 2787 paratus'ad

1783 2807 2022 2874 praedam
2051 2822 2070 2860 :
2099 2817 2145 2860 et
2168 2809 2305 2860 sicut
2339 2807 2548 2861 catulus
2580 2808 2744 2862 leonis
2779 2809 3022 2864 habitam
3065 2811 3118 2863 in
3152 2811 3365 2876 abditis,

1785 2907 1894 2953 etc.
1934 2897 1991 2953 In
2023 2897 2274 2954 obscuris
2306 2899 2456 2955 enim
2505 2909 2554 2955 et
2594 2900 2749 2957 nobis
2793 2901 3202 2972 inopinantibus
3230 2903 3365 2959 insi-

1785 2989 2008 3046 diantur
2041 2989 2248 3045 inimici
2284 2990 2427 3046 sicut
2451 2991 2664 3046 catulus
2691 2992 2880 3047 leonis.

1858 3079 2136 3150 Ejusdem.
2215 3080 2320 3136 Per
2372 3083 2682 3141 immundas
2733 3085 3090 3156 cogitationes
3136 3088 3367 3157 suscipit

1789 3184 2030 3230 mentem
2069 3183 2310 3229 nostram
2361 3177 2707 3232 adversarius
2749 3186 2934 3233 noster
2981 3179 3082 3234 leo.
3137 3177 3363 3247 Alijecta

1789 3267 2020 3322 naturali
2071 3267 2284 3322 ratione
2337 3267 2486 3324 feras
2536 3269 2818 3324 imitantur
2851 3286 2968 3340 qua:
2999 3269 3250 3324 alimenta
3291 3271 3362 3324 ita

1787 3370 2045 3429 appetunt
2095 3369 2156 3415 ut
2203 3361 2254 3414 in
2297 3375 2359 3416 ea
2396 3361 2564 3417 semel
2610 3371 2898 3432 conspecta
2949 3363 3128 3419 subito
3162 3364 3364 3432 impetu

1786 3453 2066 3508 ferantur.—-

1859 3544 2022 3599 Vens.
2055 3543 2143 3608 1'5,
2169 3543 2254 3596 M.
2317 3543 2575 3614 Exsurge,
2627 3544 2872 3610 Domine,
2919 3543 3148 3613 prwreui
3188 3559 3274 3597 eos
3316 3551 3366 3597 et

1786 3636 2066 3702 stipplanla
2101 3649 2225 3698 eos;
2257 3637 2397 3705 eripe
2425 3636 2657 3688 animam
2709 3650 2877 3687 meum
2921 3635 2985 3687 ab
3020 3636 3197 3702 impio,
3251 3635 3368 3702 fra-

1787 3743 1956 3781 meam
1991 3737 2134 3782 tuam
2175 3731 2238 3784 ab
2279 3729 2508 3782 inimicis
2549 3742 2738 3779 manus
2791 3736 2914 3790 tum,
2959 3735 3063 3780 etc.
3109 3725 3202 3779 Dei
3259 3725 3367 3779 frum.

1789 3833 1960 3873 meam
1984 3821 2272 3890 aliquando
2299 3819 2500 3873 inimici
2517 3831 2708 3872 manus
2733 3816 2848 3885 ejus
2876 3825 3157 3871 assumunt
3175 3816 3366 3869 adver-

1788 3927 1905 3966 sum
1936 3926 2054 3966 nos.
2093 3913 2140 3966 Α
2179 3913 2286 3968 Deo
2319 3911 2480 3980 igitur
2513 3909 2646 3980 petit
2689 3909 2828 3964 hanc
2861 3909 2928 3964 ab
2969 3907 3203 3962 inimicis
3227 3905 3364 3976 eripi

1788 4014 1842 4058 et
1871 4003 2095 4058 auferri.

1861 4185 2133 4254 Ejusdem.
2195 4181 2660 4250 Quemadmodum
2692 4179 2793 4235 Job
2827 4177 2935 4232 vim
2965 4179 3136 4249 ipsum
3179 4175 3362 4245 flagel-

1789 4279 1987 4333 lantem
2027 4276 2118 4331 Dei
2165 4291 2382 4329 manum
2425 4274 2661 4343 appellat
2699 4291 2712 4326 :
2755 4291 2772 4324 ‹
2809 4271 2924 4326 Non
2955 4285 3066 4335 me,
3094 4271 3362 4339 inquit",

1790 4377 2044 4439 torqueat
2071 4382 2260 4422 manus
2294 4376 2382 4420 tua
2405 4383 2419 4433 ;
2445 4385 2463 4417 ι
2496 4365 2574 4419 sic
2598 4373 2654 4420 et
2690 4363 2939 4417 inimicos
2967 4360 3226 4416 benefica:
3256 4375 3366 4413 ma-

1791 4476 1890 4516 nus
1917 4461 2031 4524 Dei,
2069 4458 2330 4513 frameam
2363 4457 2458 4512 Dei
2491 4468 2648 4511 vocat.
2673 4455 2862 4510 David.
2902 4452 3152 4508 Benefiea
3180 4460 3362 4506 autem

1790 4565 1984 4606 manus
2011 4549 2128 4614 Dei,
2157 4549 2329 4603 sancti
2360 4545 2538 4616 angeli
2571 4554 2718 4610 sunt,
2749 4559 2846 4613 per
2873 4557 3010 4612 quos
3043 4542 3182 4596 Deus
3217 4557 3368 4594 mun-

1790 4641 1858 4696 do
1892 4641 2161 4712 providet,
2199 4647 2254 4694 et
2301 4639 2500 4708 quibus
2535 4637 2808 4692 daemones
2857 4635 3241 4700 adversantur,
3271 4633 3364 4701 qui

1791 4733 1985 4788 nolunt
2017 4746 2207 4787 omnes
2255 4731 2506 4786 homines
2541 4730 2608 4784 ad
2655 4727 2900 4782 veritatis
2936 4725 3184 4780 notitiam
3211 4739 3366 4779 acce-

1791 4826 1940 4882 dere.
1982 4824 2172 4880 Manus
2218 4823 2332 4886 Dei,
2387 4823 2700 4892 unigenitus
2748 4819 2918 4873 Filius
2969 4825 3080 4878 est;
3135 4815 3364 4878 framea,

1791 4917 1985 4984 virtus,
2031 4917 2114 4971 vis
2144 4925 2196 4970 et
2227 4924 2488 4986 potestas.
2545 4912 2812 4980 Quaelibet
2855 4908 3033 4963 anima
3067 4906 3210 4976 iusta
3249 4921 3368 4974 qure

1792 5019 2108 5080 peccatores
2158 5008 2327 5064 trahit
2372 5008 2438 5062 ab
2463 5005 2743 5076 impietate
2785 5003 2850 5057 ad
2897 5001 3176 5072 pietatem,
3204 4996 3370 5070 θοῇ

1791 5103 1994 5156 framea
2027 5102 2118 5155 Dei
2151 5108 2233 5154 est
2263 5106 2421 5152 acuta
2452 5105 2644 5152 contra
2677 5096 2900 5164 spiritus
2931 5090 3172 5146 malitias.
3217 5088 3367 5142 Hanc

1791 5192 1954 5263 igitur
1979 5191 2236 5244 frameam
2265 5197 2410 5243 tuam
2444 5188 2590 5256 eripe
2620 5187 2688 5242 ab
2715 5184 2948 5239 inimicis
2973 5181 3098 5244 tuis,
3123 5177 3212 5248 qui
3245 5175 3365 5230 fidei

1795 5285 1848 5338 in
1889 5283 2234 5354 Unigenitum
2265 5281 2646 5337 adversantur.

1855 5642 1970 5711 (δι’.)
1998 5639 2102 5694 Διὰ
2120 5638 2226 5694 τοῦ
2255 5635 2616 5711 ἀκαθάρτου,
2639 5639 2745 5711 e_tc.
2769 5629 2948 5711 podex
2971 5619 3364 5680 Coislinianus.

1865 5701 1978 5788 (ξεί)
2013 5711 2131 5788 Τῑιν
2157 5701 2492 5788 aviaeum
2516 5715 2623 5788 ειςε
2649 5701 3002 5788 (erratica.

1797 5856 1840 5911 Β
2014 5759 2552 5849 δρισπὲρτῆὦϐίέιο.
2577 5773 2758 5830 Codex
2785 5765 3146 5826 Coislinianus
3189 5759 3278 5830 10,
3313 5763 3370 5816 et

1846 5857 2093 5911 arbarus.
