3986 6384
441 249 465 304 l
479 247 580 304 225

1821 245 1914 301 EX
1951 243 2257 303 ORIGENE

3571 248 3740 303 ιεει

509 369 676 426 Vens.
700 367 786 425 14.
824 365 1068 434 Domine,
1104 383 1136 422 a
1163 367 1344 436 paucis
1383 366 1448 421 de
1483 373 1622 420 terra
1649 363 1823 419 divide
1857 379 1944 418 eos
1969 363 2020 418 in

2197 362 2393 428 Κύριε,
2427 359 2546 416 ἀπὸ
2575 361 2791 432 ὀλίγων
2815 360 2935 416 ἀπὸ
2961 361 3072 432 γῆς
3108 361 3455 433 διαμέρισον
3485 364 3738 430 αὐτοὺς

439 463 546 520 uita
575 477 776 527 eorum,
808 469 855 516 et
891 459 954 513 de
987 459 1306 514 absconditis
1335 453 1439 512 tuis
1464 455 1780 527 adimpletus
1807 467 1882 512 est
1911 473 2024 512 uen-

442 565 521 608 ter
553 568 755 617 eorum,
783 560 887 605 etc.
920 550 1132 614 Divide,
1163 564 1230 604 ne
1253 549 1613 605 consentiant.
1646 566 1666 600 ι
1703 549 1768 604 Et
1797 548 1865 604 de
1893 549 2023 603 abs-

443 648 678 702 conditis
739 647 848 700 tuis
893 643 1215 713 adimpletus
1263 651 1344 697 est
1388 652 1580 696 venter
1636 656 1845 696 eorum.
1889 658 1908 693 s
1963 639 2020 695 Si

441 740 657 809 quando
687 739 870 793 hostes
907 735 1184 804 Evangelii
1215 735 1568 804 pbilosolibos
1601 732 1803 788 videris
1828 745 2020 802 magna

440 843 492 888 et
521 833 830 898 excogitata
890 829 1137 900 proferre
1187 827 1463 898 dogmata,
1510 825 1660 880 dices
1711 823 1822 879 Deo
1857 842 1870 878 :
1905 823 2022 878 (De

420 927 776 982 ‘absmnditis
827 924 931 978 tuis
992 921 1320 992 adimpletus
1377 927 1461 974 est
1513 930 1705 972 venter
1756 932 1966 984 eorum,
1997 933 2016 970 ι

437 1033 560 1090 qua:
590 1019 806 1088 quidem
842 1015 983 1071 forte
1015 1015 1319 1086 proferunt,
1363 1013 1488 1084 quia
1529 1019 1800 1066 noverunt
1829 1009 1940 1073 illa,
1967 1018 2023 1064 et

439 1127 562 1166 cum
595 1111 886 1165 obscuram
930 1109 1147 1164 illorum
1195 1107 1445 1162 notitiam
1495 1105 1780 1168 baberent,
1835 1109 2019 1172 postea

437 1205 928 1260 exercitationibus
977 1212 1034 1256 et
1077 1199 1552 1270 disquisitionibus
1609 1197 1723 1252 suis
1776 1195 2020 1250 illustra-

437 1307 586 1352 runt.
627 1295 781 1351 Alius
811 1297 888 1350 ait
920 1312 935 1349 :
971 1313 989 1346 ι
1016 1292 1152 1348 Pars
1178 1308 1365 1348 eorum
1391 1292 1442 1346 in
1472 1290 1802 1345 viventibus.
1828 1307 1847 1340 s
1891 1287 2019 1344 Om-

436 1389 525 1445 nis
547 1387 690 1442 enim
723 1387 1068 1441 inimicorum
1104 1384 1197 1440 Dei
1227 1383 1519 1439 htereditas
1567 1382 1668 1437 sita
1698 1388 1774 1436 est
1808 1381 1860 1434 in
1891 1394 2020 1450 prte-

435 1479 580 1539 Senti
608 1479 716 1534 vita
749 1479 803 1534 in
844 1493 949 1550 qua
982 1478 1131 1532 omni
1171 1476 1446 1544 voluptate
1475 1473 1665 1544 repleti
1695 1480 1841 1529 sunt.

511 1656 758 1714 Saturati
794 1667 916 1711 sunt
950 1655 1102 1723 ﬁliis,
1151 1666 1198 1708 et
1244 1656 1558 1710 dimiserunt
1600 1654 1848 1726 reliquias
1893 1671 2017 1709 suas

2123 453 2195 508 ἐν
2215 453 2290 522 τῇ
2306 451 2418 522 ζωῇ
2439 451 2655 520 αὐτῶν,
2679 453 2774 508 καὶ
2793 453 2910 509 τῶν
2935 455 3360 524 κεκρυμμένων
3383 471 3502 509 σου
3525 456 3740 520 8211;}-

2123 553 2240 619 σθη
2295 550 2333 618 ή
2373 548 2606 619 γαστὴρ
2654 547 2872 613 αὐτῶν,
2923 566 2976 602 κ.
3034 566 3083 602 τ.
3142 547 3187 600 ὲ.
3224 547 3574 620 Διαμέρισον,
3640 550 3739 602 ἵνα

2127 643 2201 714 μὴ
2233 641 2344 712 (55)
2369 640 2652 713 ὁμονοῶσι.
2685 660 2703 692 ι
2729 641 2837 695 Καὶ
2859 640 2966 692 τῶν
2995 640 3387 711 κεκρυμμένων
3423 658 3516 693 σου
3547 641 3740 713 ἐπλή-

2126 733 2225 805 σθη
2267 735 2299 805 ἡ
2342 734 2556 806 γαστὴρ
2589 734 2787 788 αὐτῶν.
2833 753 2853 787 ›
2893 735 3062 786 Ὅταν
3099 735 3147 786 οἱ
3189 734 3371 806 ἐχθροὶ
3403 736 3496 788 τοῦ
3531 735 3736 804 Εὐαγ-

2122 829 2302 897 γελίου
2350 828 2762 900 φιλοσοφοῦντες
2799 827 3009 900 μεγάλα
3043 829 3137 881 καὶ
3168 828 3600 900 ἐπιτετευγμένα
3632 829 3736 883 λέ-

2121 937 2259 990 γωσι
2291 922 2536 994 δόγματά
2568 938 2715 985 ποτε,
2748 922 2892 992 ἐρεῖς
2919 920 2998 992 τῷ
3019 919 3153 992 Θεῷ-
3189 939 3207 972 ι
3242 920 3362 974 Τῶν
3395 921 3737 992 κεκρυμμέ-

2121 1031 2225 1067 νων
2263 1031 2354 1066 σον
2379 1012 2622 1084 ἐπλήσθη
2656 1013 2688 1083 ἡ
2714 1013 2926 1084 γαστὴρ
2951 1012 3150 1076 αὐτῶν,
3190 1032 3208 1065 ι
3245 1013 3402 1066 ἅτινα
3419 1014 3561 1083 τάχα
3588 1016 3734 1068 ἁνα-

2122 1107 2401 1178 φέρουσιν,
2440 1105 2560 1159 ἐπεὶ
2596 1105 2812 1176 ᾔδεισαν
2838 1105 2994 1160 αὐτά’
3032 1106 3126 1160 καὶ
3154 1107 3278 1170 τοὺς
3304 1106 3506 1170 τύπους
3530 1108 3731 1161 αὐτῶν

2120 1199 2404 1271 ἀμανροὺς
2461 1196 2696 1267 ἔχοντες,
2756 1199 2878 1260 ταῖς
2930 1197 3197 1269 ἀσκήσεσι
3264 1198 3359 1252 καὶ
3415 1197 3728 1268 ζητήσεσιν

2119 1289 2492 1361 ὲλάμπρυναν.
2537 1291 2764 1362 Ἕτερος
2801 1290 2859 1343 δέ
2889 1306 3071 1361 φησιν’
3113 1309 3130 1340 ι
3171 1291 3236 1343 Ἦ
3264 1291 3421 1362 μερὶς
3442 1291 3632 1344 αὐτῶν
3659 1293 3725 1344 ἐν

2118 1384 2231 1447 τοῖς
2262 1381 2448 1446 ζῶσιν.
2488 1401 2506 1434 s
2552 1382 2618 1436 Ἠ
2647 1383 2757 1454 γὰρ
2797 1383 2946 1435 πᾶσα
2974 1381 3310 1454 κληρονομία
3336 1382 3444 1436 τῶν
3493 1382 3722 1453 ἐχθρῶν

2119 1470 2212 1524 τοῦ
2245 1470 2378 1524 Θεοῦ
2409 1471 2466 1524 ὲν
2510 1473 2576 1542 τῇ
2621 1469 2869 1543 παρούσῃ
2909 1469 3046 1542 ζωῇ,
3080 1473 3138 1526 ἐν
3232 1472 3326 1526 καὶ
3355 1473 3721 1545 ἐπλήσθησαν

2125 1563 2308 1633 πάσης
2332 1563 2563 1633 τρυφῆς.

2199 1655 2685 1726 Ἐχορτάσθησαν
2703 1655 2867 1723 υἱῶν,
2885 1656 2981 1712 καὶ
3006 1657 3250 1727 ἀφῆκαν
3272 1661 3342 1713 τὰ
3369 1659 3720 1714 κατάλοιπα

437 1749 676 1820 parvulis
728 1750 859 1812 suis,
909 1759 1022 1802 etc.
1079 1747 1325 1818 Propriis
1360 1746 1560 1802 felibus
1607 1747 1836 1803 saturati
1871 1757 2014 1810 sunt,

2131 1746 2245 1814 τοῖς
2267 1748 2528 1814 Δνηπίοις
2555 1746 2775 1813 αὐτῶν,
2811 1766 2866 1803 κ.
2897 1767 2949 1802 τ.
2994 1750 3039 1802 ὲ.
3086 1749 3206 1803 Τῶν
3255 1751 3399 1806 ἰδίων
3427 1752 3717 1823 γεννημά-

439 1856 671 1911 quorum
723 1836 982 1908 reliquias
1031 1837 1276 1907 parvulis
1328 1837 1442 1891 suis
1495 1835 1854 1906 reliquerunt.
1905 1834 2018 1890 lloc

436 1933 580 1988 enim
614 1933 775 1987 etiam
805 1931 856 1986 in
913 1930 1386 1985 maledictionibus
1424 1929 1652 1984 Levitici
1685 1931 1902 1998 ponitur
1925 1928 1970 1960 ⁶⁰
2001 1941 2017 1982 :

444 2040 465 2084 ι
491 2023 798 2080 Comcdetis
835 2037 1032 2077 carnes
1061 2021 1295 2076 ﬁliorum
1333 2032 1661 2076 vestrorum.
1690 2038 1708 2072 ι

507 2198 782 2270 Ejusdem.
827 2197 1064 2253 Saturati
1095 2206 1222 2252 sunt
1254 2195 1402 2261 ﬁliis,
1443 2195 1497 2250 id
1523 2205 1606 2250 est
1638 2192 2018 2258 immunditia;

435 2307 538 2346 nec
563 2292 735 2348 solum
768 2291 866 2362 ipsi
897 2289 1160 2344 immundi
1194 2289 1321 2344 facti
1350 2297 1496 2354 sunt,
1528 2288 1622 2344 sed
1649 2295 1703 2344 et
1731 2286 1870 2342 ﬁlios
1894 2300 2021 2342 Suos

438 2377 794 2434 imnumditim
823 2395 932 2434 suae
956 2379 1251 2450 participes
1283 2377 1550 2433 fecerunt.
1593 2375 1709 2432 Non
1735 2378 1879 2432 enim
1906 2389 2023 2445 per-

437 2473 706 2529 fectorum
735 2481 818 2526 est
847 2472 1123 2531 immunda
1161 2471 1376 2524 mundis
1405 2469 1681 2540 prteferre.

515 2569 677 2621 Vens.
706 2565 792 2619 l5.
840 2561 951 2636 Ego
990 2573 1163 2617 autem
1196 2567 1248 2616 in
1283 2563 1496 2631 justitia
1525 2561 1788 2633 apparebo
1807 2576 2021 2630 conspe-

439 2660 547 2714 ctui
580 2670 691 2722 tuo,
744 2657 986 2710 satiabor
1028 2672 1144 2709 cum
1189 2656 1491 2725 apparuerit
1537 2657 1711 2728 gloria
1760 2665 1872 2719 tua,
1911 2663 2018 2712 etc.

437 2748 499 2806 In
547 2748 758 2820 justitia
807 2757 970 2816 atque
1023 2745 1171 2802 omni
1223 2746 1426 2801 virtute
1478 2745 1760 2816 apparebit
1801 2755 2022 2802 sanctus

439 2849 570 2893 ante
597 2837 792 2892 faciem
831 2837 950 2902 Dei,
1001 2836 1180 2890 nullus
1226 2847 1409 2892 autem
1442 2836 1664 2906 iniquus
1692 2835 1764 2890 ibi
1798 2851 2019 2906 compa-

440 2928 599 2984 rebit.
644 2927 808 2983 Beata
838 2928 1066 2982 satietas
1097 2928 1201 2983 erit
1234 2929 1286 2982 in
1320 2927 1658 2998 apparitione
1686 2935 1740 2984 et
1767 2928 1911 2983 clara
1941 2928 2018 2982 vi-

439 3022 594 3078 sione
621 3021 810 3091 glorise
841 3019 954 3074 Dei.
1019 3019 1142 3074 llaec
1185 3020 1327 3075 enim
1359 3027 1445 3074 est
1497 3018 1652 3076 cibus
1699 3021 1791 3091 qui
1853 3029 2017 3076 totam

441 3117 635 3180 anima:
686 3129 926 3169 mensam
976 3112 1170 3184 replet,
1214 3128 1373 3181 quem
1421 3113 1511 3182 qui
1566 3113 1739 3170 esurit
1768 3122 1824 3168 et
1868 3112 2012 3168 salu-

441 3206 618 3264 briter
647 3205 878 3278 appetit,
909 3205 1024 3276 ipso
1061 3204 1296 3275 repletus
1322 3205 1635 3260 satiabitur.

973 3482 1294 3540 PSALMUS
1328 3482 1494 3541 XVII.

515 3574 678 3632 Vens.
709 3576 765 3640 9.,
806 3575 861 3630 '5.
920 3574 1153 3646 Diligam
1187 3584 1258 3640 te,
1307 3574 1532 3631 Domine
1573 3576 1828 3646 fortitudo
1884 3597 2019 3640 mea.

439 3667 696 3722 Dominus
731 3666 1118 3734 ﬁrmamentum
1161 3681 1336 3720 meum
1375 3676 1424 3720 et
1469 3666 1729 3737 refugium
1759 3684 2020 3734 meum,et

443 3761 699 3813 liberator
733 3774 915 3822 meus;
946 3757 1086 3812 Deus
1110 3773 1256 3811 meus
1290 3758 1508 3827 adjutor
1533 3775 1698 3827 meus,
1725 3773 1771 3816 et
1801 3765 2022 3832 sperabo

441 3852 498 3903 in
525 3865 662 3902 eum.
698 3848 968 3902 Protector
999 3865 1144 3903 meus
1178 3858 1225 3903 et
1256 3865 1421 3904 cornu
1445 3851 1633 3907 salutis
1660 3870 1810 3921 mea’,
1839 3868 1884 3910 et
1909 3873 2026 3911 sus-

441 3953 620 4009 ceptor
659 3957 826 4005 meus,
871 3949 980 3994 etc.
1032 3942 1150 4009 Ipsa
1197 3955 1292 4010 per
1339 3957 1398 3998 se
1444 3943 1702 4001 fortitudo
1749 3957 1804 4001 et
1849 3948 2023 4018 ipsum

442 4050 540 4107 per
566 4047 625 4088 se
649 4033 1048 4086 lirmamentum
1075 4044 1411 4101 sanctorum,
1439 4037 1698 4094 Dominus
1721 4052 1824 4094 est.
1855 4039 2026 4096 Nemo

449 4125 620 4195 igitur
663 4138 852 4179 eorum
882 4124 974 4194 qui
1020 4134 1173 4180 extra
1207 4125 1495 4182 Dominum
1545 4140 1700 4197 sunt,
1732 4131 1886 4188 fortis
1938 4143 2022 4189 est

2118 1857 2227 1894 των
2263 1840 2374 1913 (56)
2410 1840 2837 1914 ἐχορτάσθησαν,
2875 1835 2950 1894 ὧν
2980 1842 3207 1914 λείψανα
3233 1846 3344 1907 τοῖς
3371 1843 3587 1898 ἑαυτῶν
3614 1863 3716 1915 νηη-

2120 1929 2264 1994 πίοις
2294 1930 2735 1984 καταλελοίπασι.
2771 1929 2941 1986 Τοῦτο
2957 1930 3064 2003 γάρ
3093 1931 3187 1985 καὶ
3209 1933 3266 1984 ὲν
3299 1933 3460 2003 ἀραῖς
3495 1933 3718 1985 Λευῖτι-

2122 2019 2219 2074 κοῦ
2277 2020 2628 2092 πρόσκειταιο
2689 2041 2708 2072 ι
2748 2020 2988 2091 Φάγεσθε
3039 2021 3139 2085 τὰς
3192 2023 3400 2093 σάρκας
3433 2021 3544 2075 τῶν
3579 2023 3713 2076 υἱῶν

2123 2111 2301 2183 ὑμῶν.
2343 2131 2362 2165 ›

2199 2200 2307 2255 Τοῦ
2348 2201 2556 2256 αὑτοῦ.
2600 2201 2746 2255 Υίῶν
2789 2201 2910 2256 ἀντὶ
2935 2201 3028 2255 τοῦ
3059 2200 3193 2273 (57),
3221 2201 3588 2274 ἀκαθαρσίας.
3635 2203 3711 2257 Οὐ

2126 2293 2286 2365 μόνον
2319 2293 2372 2347 δὲ
2410 2294 2565 2348 αὐτοὶ
2598 2294 2880 2363 γεγόνασιν
2923 2293 3241 2365 ἀκάθαρτοι,
3288 2294 3422 2348 ἀλλὰ
3455 2297 3553 2348 καὶ
3598 2300 3714 2360 τοῖς

2120 2384 2333 2448 τέκνοις
2397 2384 2574 2438 αὐτῶν
2638 2387 2738 2456 τῆς
2809 2385 3148 2456 ἀκαθαρσίας
3228 2386 3559 2456 μετέδωκαν.
3635 2387 3711 2441 Οὐ

2124 2474 2233 2546 γὰρ
2273 2475 2493 2531 τελείων
2531 2475 2591 2530 τὸ
2623 2475 2907 2549 ἀκάθαρτα
2930 2476 3040 2530 τῶν
3073 2477 3326 2550 καθαρῶν
3365 2480 3708 2550 προκρίνειν.

2203 2567 2344 2638 Ἐγὼ
2371 2567 2438 2620 δὲ
2465 2569 2535 2622 ἐν
2555 2567 2906 2638 δικαιοσύνῃ
2940 2567 3274 2638 ὀφθήσομαι
3303 2567 3383 2634 τῷ
3408 2569 3714 2639 προσώπῳ

2119 2677 2259 2727 σου,
2312 2661 2799 2732 χορτασθήσομαι
2824 2662 2894 2716 ἐν
2937 2662 3018 2729 τῷ
3065 2661 3316 2732 ὀφθῆναι
3359 2662 3474 2729 τὴν
3518 2662 3712 2725 δόξαν

2120 2768 2259 2815 σου,
2297 2770 2350 2806 κ.
2406 2770 2456 2805 τ.
2496 2754 2541 2807 ὲ.
2591 2753 2677 2806 Ἐν
2723 2752 3038 2826 δικαιοσύνῃ
3080 2752 3192 2824 (58)
3223 2755 3315 2806 καὶ
3343 2753 3494 2825 πάσῃ
3533 2755 3709 2825 ἀρετῇ

2122 2842 2418 2914 ὀφθήσεται
2447 2845 2475 2898 ὁ
2506 2844 2658 2912 ἆγιος
2684 2845 2760 2915 τῷ
2798 2843 3076 2917 προσώπῳ
3118 2844 3211 2898 τοῦ
3237 2844 3393 2909 Θεοῦ,
3431 2845 3604 2906 οὐδεὶς
3654 2845 3710 2900 δὲ

2121 2933 2300 2999 ἄδικος
2347 2935 2662 3006 ὀφθήσεται.
2718 2937 2776 2990 ὐ
2820 2936 2876 2991 δὲ
2913 2936 3346 3008 μακαριζόμενος
3391 2935 3710 3008 χορτασμὸς

2123 3027 2272 3082 ἔσται
2301 3029 2360 3081 ὲν
2392 3026 2471 3099 τῷ
2508 3027 2736 3100 ὀφθῆναι
2770 3030 2863 3082 καὶ
2894 3027 3233 3101 τρανωθῆναι
3263 3029 3360 3101 τὴν
3405 3030 3562 3094 δόξαν
3607 3031 3709 3084 τοῦ

2125 3119 2280 3174 Θεοῦ.
2321 3118 2472 3191 Αὕτη
2523 3122 2631 3192 γάρ
2683 3122 2832 3176 ἐστιν
2884 3123 2917 3194 ἡ
2963 3124 3070 3176 πᾶν
3097 3122 3158 3176 τὸ
3207 3121 3353 3176 ἐλεδν
3394 3123 3495 3192 τῆς
3529 3122 3710 3194 ψυχῆς

2134 3212 2523 3286 ἀναπληροῦσα
2581 3215 2778 3287 τροφὴ,
2836 3210 2903 3287 ἧς
2961 3216 2989 3268 ὁ
3042 3214 3262 3283 πεινῶν,
3313 3215 3406 3268 καὶ
3452 3215 3708 3284 ὑγιεινῶς

2132 3303 2454 3376 ὀρεγόμενος
2486 3305 2916 3378 χορτασθήσεται
2950 3305 3320 3378 πληρούμενος
3345 3307 3537 3379 αὐτῆς.

2694 3499 2986 3554 ΨΑΛΜΟΣ
3042 3501 3138 3556 IZ'.

2213 3585 2520 3657 Ἀγαπήσω
2554 3602 2662 3655 σε,
2704 3591 2881 3659 Κύριε
2914 3593 3094 3661 ἰσχύς
3125 3609 3265 3662 μου.
3301 3593 3518 3661 Κύριος
3568 3608 3704 3648 στε-

2119 3677 2321 3748 ρέωιιά
2342 3697 2483 3748 μου,
2516 3680 2616 3734 καὶ
2650 3682 2960 3753 καταφυγή
2990 3701 3132 3754 you,
3159 3685 3256 3739 καὶ
3280 3686 3516 3753 ῥύστης
3561 3702 3700 3758 μου⁸

2128 3771 2162 3823 ό
2197 3771 2342 3836 Θεός
2365 3789 2485 3841 μου
2510 3772 2742 3842 ,ϐοηθός
2764 3791 2906 3845 μου,
2933 3775 3121 3830 samo
3148 3777 3242 3830 ἐπ’
3261 3778 3466 3831 αὐτόν.
3515 3779 3706 3847 Ὑπερ-

2125 3862 2432 3931 ασπιστής
2465 3881 2588 3934 μου
2615 3865 2711 3919 καί
2737 3865 2912 3935 κέρας
2937 3867 3234 3936 σωτηρίας
3247 3886 3386 3936 you,
3417 3867 3514 3922 καὶ
3545 3869 3707 3923 ἀντι-

2123 3953 2370 4024 λήπτωρ
2414 3974 2554 4027 μου,
2589 3975 2642 4010 κ.
2669 3975 2719 4012 τ.
2760 3958 2808 4012 ὲ.
2857 3959 2920 4012 Ἦ
2951 3958 3240 4031 αὑτοῖσχὺς
3268 3960 3378 4031 (59)
3419 3961 3514 4014 καὶ
3548 3961 3706 4014 αὑτο-

2127 4046 2414 4117 στερέωμα
2461 4047 2569 4099 τῶν
2612 4047 2804 4115 άγίων,
2850 4048 2880 4101 ὁ
2919 4047 3142 4120 Κύριός·
3173 4050 3337 4104 ἐστιν.
3379 4049 3568 4113 Οὐδεὶς
3611 4047 3704 4104 οπῖιν

2128 4139 2348 4210 ἰσχυρὸς
2380 4139 2412 4211 ἥ
2448 4139 2666 4212 στερεὸς
2698 4139 2807 4195 τῶν
2832 4141 2932 4195 οὐκ
2965 4143 3022 4196 ὲν
3055 4143 3266 4214 Κυρίῳ.
3300 4143 3373 4196 Οὐ
3410 4141 3606 4197 ταύτὸν
3648 4143 3705 4198 δὲ

443 4227 540 4290 aut
583 4219 794 4272 llrmus.
834 4215 952 4272 Non
986 4226 1168 4272 autem
1210 4219 1352 4276 idem
1391 4230 1476 4276 est
1502 4221 1716 4278 ﬁrmum
1752 4226 1893 4295 quod
1919 4227 2020 4282 du-

2131 4234 2186 4287 τὸ
2213 4233 2433 4306 στερεὸν
2454 4233 2532 4305 τῷ
2553 4233 2796 4308 σκληρῷ,
2827 4234 2948 4290 οὐδὲ
2979 4235 3042 4290 τὸ
3073 4237 3290 4307 ἰσχυρὸν
3318 4236 3489 4300 τόνοις
3515 4253 3704 4309 φρενμ

444 4328 583 4376 rum.
625 4328 802 4383 neque
832 4310 972 4367 lorte
1003 4311 1142 4367 idem
1179 4322 1262 4369 est
1303 4329 1366 4372 ac
1406 4315 1571 4370 robur
1613 4316 2018 4376 insanientium.

515 4403 790 4476 Ejusdem.
829 4406 871 4460 Α
899 4405 1062 4462 simili
1098 4406 1278 4461 simile
1320 4407 1718 4478 dignoscimus,
1753 4409 1918 4483 605
1941 4411 2023 4467 di-

444 4496 678 4554 lectione
707 4496 1076 4563 dilectionem,
1109 4497 1258 4568 justo
1283 4496 1570 4566 justitiam.
1619 4499 1731 4557 lloc
1759 4505 1902 4558 enim
1937 4511 2022 4560 est

446 4603 699 4657 magnum
731 4603 794 4643 ac
841 4589 1170 4659 praecipuum
1206 4593 1541 4648 mandatum.
1583 4592 1684 4661 Qui
1719 4604 1898 4652 autem
1939 4596 2023 4652 dio

445 4679 588 4748 ligit,
636 4680 894 4733 dilectum
942 4695 1162 4751 quoque
1208 4682 1358 4738 colit.
1419 4683 1814 4740 Fortitudinem
1865 4701 2021 4741 suam

446 4772 616 4836 Deum
648 4780 825 4835 vocat,
863 4772 1061 4840 quippe
1096 4771 1254 4841 cujus
1281 4785 1386 4844 ope
1414 4775 1481 4828 ab
1506 4775 1758 4830 omnibus
1786 4776 2021 4833 inimicis

445 4867 557 4922 suis
611 4873 722 4918 tam
777 4865 1084 4921 risibilibus
1135 4881 1301 4939 quam
1356 4866 1702 4938 spiritalibus
1759 4867 2020 4928 liberatus

443 4965 548 5011 εει.

515 5046 790 5117 Ejusdem.
827 5047 1259 5105 Firmamentum
1302 5050 1440 5108 dixit
1485 5053 1689 5120 Deum,
1722 5064 1908 5126 utpote
1951 5056 2020 5114 ab

445 5141 562 5212 ipso
591 5150 777 5196 contra
808 5143 994 5196 hostes
1025 5150 1335 5212 protectus;
1369 5146 1662 5218 refugium,
1691 5157 1748 5204 ut
1777 5150 1871 5222 qui
1902 5167 2022 5206 mu-

515 5265 561 5296 “
582 5263 760 5320 Levit.
786 5279 936 5327 xxvr,
956 5263 1046 5320 29.

448 5386 632 5516 18εἰεί)
661 5385 1033 5458 Διαμέρισον,
1051 5385 1152 5440 ἵνα
1174 5385 1283 5455 μή,
1301 5393 1408 5441 etc.
1432 5383 1612 5440 Codex
1637 5383 2022 5450 Coislinianus,

520 5527 634 5598 (56)
666 5525 788 5582 Τῶν·
809 5525 972 5581 ἰδίων
995 5523 1398 5598 γεννημάτων,
1437 5529 1542 5580 etc.
1565 5521 1786 5598 Origcni
1821 5525 2024 5582 Corde-

449 5599 586 5660 rius.
621 5599 710 5653 alii
743 5599 976 5652 Eusebio
1012 5599 1275 5651 tribuunt.

545 5668 633 5739 57)
666 5666 821 5739 nam
843 5668 976 5723 ἀντὶ
1003 5667 1131 5739 τοῦ,
1157 5676 1265 5720 etc.
1308 5664 1533 5739 Sgbcdtc
1551 5663 1602 5739 Δ(ἶ
1614 5662 1772 5723 rubii.

544 5734 637 5810 58)
679 5739 775 5794 Ἐν
796 5737 1168 5808 δικαιοσύνῃ,
1201 5746 1311 5793 etc.
1337 5734 1649 5794 Corderius.

2129 4327 2320 4388 τικοίς.

2206 4416 2315 4471 Τοῦ
2335 4417 2544 4474 αὐτοῦ.
2572 4419 2669 4474 Διά
2691 4418 2787 4474 τοῦ
2815 4417 3002 4491 ὁμοίου
3025 4418 3134 4492 (60)
3165 4419 3224 4475 τὸ
3255 4421 3438 4492 ὅμοιον
3451 4421 3709 4490 ἐπιγινώ-

2128 4524 2350 4580 σκομεν,
2387 4509 2479 4564 καὶ
2523 4511 2611 4565 διά
2657 4511 2756 4583 τῆς
2789 4511 3007 4584 ἀγάπης
3062 4513 3149 4585 ;ὴν
3187 4513 3429 4584 ἀγάπην,
3481 4514 3577 4566 καὶ
3619 4513 3706 4568 διὰ

2126 4598 2221 4653 τοῦ
2245 4599 2454 4656 δικαίου
2487 4603 2584 4674 τὴν
2609 4602 2973 4674 δικαιοσύνην.
3012 4601 3160 4676 Αὕτη
3188 4603 3297 4676 γὰρ
3329 4605 3362 4676 ἡ
3388 4605 3574 4677 ἐντολὴ
3607 4623 3704 4676 με-

2128 4690 2266 4762 γάλη
2294 4691 2388 4746 καὶ
2434 4693 2642 4765 πρώτη.
2682 4694 2738 4748 Ὀ
2779 4693 3007 4762 ἀγαπῶν
3041 4695 3098 4748 δὲ
3132 4695 3227 4750 καὶ
3265 4694 3558 4767 θεραπεύει
3615 4697 3704 4751 τὸν

2126 4785 2509 4858 ἀγαπώμενον.
2555 4789 2728 4860 ’ἰσχὺν
2769 4787 2960 4842 ἑαυτοῦ
3004 4789 3160 4844 καλεῖ
3195 4791 3284 4846 τὸν
3331 4792 3483 4856 Θεὸν,
3531 4791 3608 4855 ὡς
3637 4791 3702 4850 δι’

2127 4875 2292 4930 αὑτοῦ
2319 4879 2534 4949 ρυσθεὶς
2559 4881 2622 4934 ἐκ
2650 4880 2866 4934 πάντων
2895 4880 3058 4936 αὐτοῦ
3078 4880 3185 4935 τῶν
3209 4881 3416 4954 ἐχθρῶν
3430 4881 3703 4954 αἰσθητῶν

2129 4967 2224 5020 καὶ
2249 4969 2476 5041 νοητῶν.

2204 5065 2314 5119 Τοῦ
2334 5067 2544 5122 αὑτοῦ.
2573 5069 2868 5142 Στερέωμα
2903 5067 3022 5126 εἷπε
3054 5071 3166 5141 (61)
3197 5069 3290 5124 τὸν
3335 5069 3467 5123 Θεὸν
3503 5067 3578 5132 ὡς
3613 5068 3698 5122 ὑπ’

2127 5154 2292 5208 αὐτοῦ
2348 5157 2489 5212 κατὰ
2523 5159 2633 5215 τῶν
2674 5161 2950 5232 πολεμίων
2993 5163 3239 5234 ρυσθείς·
3277 5159 3593 5231 καταφυγὴν
3623 5159 3700 5224 δὲ.

2203 5389 2317 5464 (59)
2366 5395 2431 5454 Ἠ
2461 5401 2814 5474 αὐτοτσχύς,
2837 5412 2944 5460 etc.
2974 5401 3286 5459 Corderius.

2132 5566 2148 5622 ι
2202 5495 2313 5567 (60)
2340 5495 2443 5550 Διά
2464 5495 2568 5551 τοῦ
2595 5496 2822 5568 ὁμοίου,
2849 5507 2957 5552 etc.
2994 5495 3220 5551 Scbedte
3247 5491 3459 5562 Grabii,
3489 5499 3543 5545 et
3574 5489 3699 5546 Bar-

2149 5581 2316 5622 )arus.

2149 5581 2316 5623 )arus.

2131 5657 2314 5785 ba(riis)
2346 5658 2651 5732 Στερέωμα
2671 5655 2821 5729 εἶπε,
2857 5668 2960 5717 etc.
2995 5657 3207 5717 Etcdem
3230 5655 3468 5724 scltedzr,
3492 5663 3546 5712 ct
3574 5653 3700 5710 Bara
