3986 6384
351 609 461 660 Τοῦ
489 606 693 661 αὑτοῦ.
727 609 927 680 Βοηθὸν
954 608 1074 666 εἷπε
1106 614 1214 686 (62)
1242 616 1332 670 τὸν
1354 618 1506 684 Θεὸν,
1533 620 1609 684 ὡς
1632 622 1848 674 ἐπικου-

275 699 342 769 pi;
352 715 543 751 σαντα.

349 789 459 842 Τοῦ
484 791 690 845 αὐτοῦ.
731 793 1170 869 ’Υπερασπιστὴν
1202 798 1303 871 ἔφη
1332 800 1441 871 (65)
1465 802 1554 856 τὸν
1588 802 1741 868 Θεὸν,
1770 804 1846 868 ὡς

271 878 586 950 πρόμαχον·
622 882 789 954 κέρας
819 887 1125 958 σωτηρίας,
1163 889 1238 954 ὡς
1275 891 1340 944 δι’
1374 894 1538 947 αὑτοῦ
1592 898 1718 960 τοὺς
1757 899 1847 967 ἐχ-

270 968 432 1041 θροὺς
456 972 657 1043 τρόπον
702 977 822 1030 τινὰ
877 982 1189 1051 κερατίσας,
1231 986 1324 1037 καὶ
1355 989 1419 1057 τῇ
1472 988 1661 1041 τούτου
1708 1008 1843 1061 προ-

274 1064 470 1136 μηθείᾳ
494 1065 798 1133 διασωθείς.
826 1071 1008 1142 Κέρας
1061 1077 1326 1147 σωτήριον
1375 1080 1468 1132 καὶ
1523 1081 1551 1132 ὁ
1584 1083 1838 1152 Χριστὸς,

268 1156 409 1209 κατὰ
432 1156 521 1210 τὸν
548 1161 820 1231 Ζαχαρίαν
843 1162 1086 1231 λέγοντα·
1120 1185 1136 1217 t
1180 1168 1291 1221 Καὶ
1314 1169 1502 1239 ἤγειρε
1536 1172 1704 1243 κέρας
1737 1191 1839 1247 σω-

266 1244 460 1314 τηρίας
486 1248 637 1317 ἡμῖν.
671 1267 689 1299 ι
725 1251 908 1323 Κέρας
932 1253 1024 1305 καὶ
1061 1255 1093 1324 ἠ
1152 1255 1424 1326 βασιλεία,
1463 1261 1538 1324 ὡς
1570 1262 1649 1324 τό,
1713 1280 1732 1314 t
1755 1244 1842 1316 Ύ-

265 1334 436 1404 ψὼσει
467 1338 633 1411 κέρας
664 1342 900 1412 Χριστοῦ
944 1345 1127 1401 αὑτοῦ.
1162 1367 1181 1398 ι

324 1427 519 1481 Αἰγῶν
548 1430 983 1502 ἐπικαλέσομαι
1006 1437 1240 1503 Κύριον,
1264 1438 1361 1491 καὶ
1384 1440 1452 1492 ἐκ
1477 1441 1594 1493 τῶν
1611 1442 1840 1511 ἐχθρῶν

258 1535 378 1587 μου
408 1521 775 1591 σωθήσομαι,
808 1541 862 1577 κ.
886 1542 937 1581 τ.
972 1527 1019 1580 ἐ.
1062 1525 1120 1579 '0
1152 1528 1288 1598 μετά
1347 1531 1441 1583 τοῦ
1506 1533 1693 1603 ὑμνεῖν
1724 1534 1834 1605 (64)

264 1610 578 1681 εὐχόμενος,
607 1614 771 1668 αἰνῶν
796 1617 1134 1672 ἐπικαλεῖται
1170 1620 1260 1673 τὸν
1291 1619 1505 1694 Κύριον.
1546 1625 1735 1690 Οὐδεὶς
1778 1626 1835 1681 δὲ

262 1701 438 1767 οὕτως
490 1705 707 1777 εὔχεται
745 1711 857 1773 τοῖς
916 1712 1269 1782 συμϐαίνουσι
1315 1716 1830 1791 δυσαρεστούμενος.

1192 316 1499 374 SELECTA
1535 320 1599 374 IN
1640 320 1975 382 PSALMOS.
2015 358 2086 368 -—
2121 325 2318 386 PSAL.
2354 328 2516 389 XVII.

2020 621 2294 692 Ejusdem.
2321 628 2633 698 Adjutorem
2676 637 2810 693 dixit
2858 640 3066 708 Deum,
3097 650 3282 713 utpote
3332 662 3360 700 a
3412 664 3517 718 quo

1950 714 2207 770 auxilium
2236 722 2522 789 acceperit.

2016 803 2295 875 Ejusdem.
2330 812 2701 873 Protectorem
2726 822 2864 878 dixit
2896 825 3090 893 Deum,
3128 843 3191 884 ac
3237 831 3280 883 si
3314 832 3518 888 diceret

1949 909 2408 967 propugnatorem
2429 921 2443 970 ;
2468 922 2637 962 cornu
2672 912 2898 979 salutis,
2932 928 2991 971 ut
3023 918 3174 986 cujus
3200 936 3302 990 ope
3334 924 3519 979 inimi~

1947 1003 2040 1043 cos
2070 991 2466 1059 quodammodo
2493 1012 2660 1053 cornu
2688 1008 3048 1072 prostraverit
3070 1048 3084 1073 ,
3109 1018 3162 1065 et
3186 1012 3302 1082 ejus
3333 1018 3518 1083 provi-

1945 1080 2125 1135 dentia
2166 1082 2429 1142 liberatus
2484 1088 2665 1146 fuerit.
2710 1093 2887 1149 Cornu
2927 1099 3116 1155 salutis
3163 1080 3247 1158 est
3294 1080 3351 1161 et
3401 1109 3517 1179 ipse

1942 1168 2214 1237 Christus,
2234 1172 2386 1241 juxta
2418 1176 2738 1237 Zachariam
2781 1185 3046 1243 dicentem
3076 1192 3152 1248 ἰι
3201 1214 3218 1246 ι
3253 1195 3318 1250 Et
3337 1168 3514 1255 erexit

1942 1270 2110 1311 cornu
2157 1260 2352 1317 salutis
2402 1267 2577 1323 nobis.
2616 1288 2634 1322 ι
2706 1272 2885 1329 Cornu
2946 1286 3029 1331 est
3054 1280 3217 1336 etiam
3261 1299 3509 1354 regnum,

1934 1346 2088 1417 juxta
2126 1351 2255 1407 illud
2276 1355 2360 1410 ⁸²ε
2405 1375 2425 1409 ι
2459 1358 2786 1420 Sublimabit
2816 1381 2987 1422 cornu
3022 1369 3221 1427 Christi
3253 1346 3357 1431 sui.
3396 1396 3415 1428 ι

1995 1438 2158 1495 Vens.
2180 1442 2235 1496 4.
2259 1443 2509 1503 Laudans
2530 1450 2780 1510 invocabo
2797 1455 3096 1529 Dominum,
3119 1472 3167 1516 et
3194 1467 3257 1519 ab
3280 1467 3508 1524 inimicis

1941 1532 2071 1585 mei:
2092 1533 2269 1590 salvus
2293 1553 2402 1605 ero,
2427 1549 2533 1595 etc.
2570 1543 2672 1610 Qui
2693 1562 2812 1601 cum
2839 1550 3055 1620 hymnis
3083 1568 3358 1624 precatur,
3392 1561 3508 1614 lau-

1938 1619 2072 1675 dans
2105 1622 2321 1680 invocat
2358 1627 2665 1688 Dominum.
2702 1619 2893 1694 Nullus
2924 1619 3105 1697 autem
3131 1647 3222 1714 qui
3257 1619 3352 1712 ea,
3387 1665 3508 1719 qua:

1937 1714 2214 1781 accidunt,
2239 1732 2380 1788 aegre
2402 1720 2527 1788 fert,
2559 1725 2637 1780 sic
2657 1738 2929 1795 precatur.
2958 1732 3091 1788 Cum
3117 1750 3245 1807 ergo
3267 1714 3505 1796 circuiri-

262 1794 373 1847 Kal.
425 1796 535 1851 τῶν
600 1799 808 1872 ἐχθρῶν
868 1797 960 1855 οὖν
1013 1807 1468 1877 περιεστηκότων,
1509 1809 1682 1875 οὕτως
1742 1814 1823 1865 εὐ-

1941 1803 2066 1858 dant
2099 1779 2323 1876 inimici,
2354 1810 2427 1865 ita
2458 1779 2785 1883 precandum
2814 1830 2913 1875 est.

261 1886 436 1940 κτὲον.

332 1976 660 2047 Περιέσχον
677 1997 754 2049 με
806 1982 1013 2052 ὠδῖνες
1051 1987 1311 2042 θανάτου
1336 2029 1350 2055 ,
1390 1991 1488 2044 καὶ
1529 1994 1831 2063 χείμαρῤοι

255 2070 510 2139 ἀνομίας
568 2072 934 2142 ἐξετάραξάν
976 2096 1072 2146 με.
1113 2080 1333 2147 Ὠδῖνες
1378 2082 1525 2148 ᾅδου
1565 2089 1832 2153 περιεκύ-

256 2163 506 2216 κλωσάν
544 2182 622 2233 με
641 2182 653 2195 ·
704 2167 1096 2236 προέφθασάν
1128 2190 1205 2241 με
1252 2173 1501 2243 παγίδες
1548 2176 1828 2243 θανάτου,

253 2270 305 2305 κ.
326 2271 378 2307 τ.
406 2256 430 2307 ἐ
470 2256 526 2308 ’0
551 2257 782 2328 Χριστὸς
806 2259 936 2327 (65),
954 2260 1136 2326 καθὼς
1158 2262 1460 2333 ἄνθρωπος,
1486 2265 1619 2335 φησὶ
1634 2266 1825 2320 ταῦτα.

251 2344 441 2417 Τούτῳ
468 2346 576 2419 γὰρ
600 2351 627 2402 ό
652 2348 881 2415 θάνατος
930 2353 1125 2418 ὠδῖνας
1152 2354 1327 2419 ἔτεκε,
1369 2356 1463 2408 καὶ
1509 2358 1558 2410 et
1596 2358 1827 2424 ἀνομίας

249 2436 545 2510 χείμαρροι
572 2440 899 2514 ἐξετάραξαν
928 2444 1111 2511 αὐτὸν,
1149 2447 1235 2500 ὅτε
1276 2444 1428 2501 εἶπεν
1455 2466 1469 2481 ·
1508 2467 1527 2501 ‹
1572 2452 1636 2503 'II
1678 2451 1824 2521 ψυχή

251 2547 355 2601 μου
392 2532 740 2602 τετάρακταν
768 2555 785 2585 ι
815 2537 875 2589 ού
910 2539 1014 2608 μὴν
1039 2538 1301 2610 κατέσχον
1326 2540 1535 2597 τοῦτον.
1562 2544 1672 2597 Καὶ
1698 2544 1824 2597 ὠδῖ-

247 2639 339 2684 νες
356 2622 482 2694 ᾅδου
511 2625 977 2695 περιεκύκλωσαν,
1001 2628 1272 2699 οἰηθέντες
1293 2632 1455 2686 αὐτὸν
1474 2634 1822 2701 καταλαϐεῖν,

245 2715 309 2767 οὐ
349 2715 455 2787 μὴν
484 2716 598 2779 υἱὸς
619 2716 747 2787 ᾅδου
778 2719 992 2786 ἐγένετό
1029 2737 1183 2774 ποτε.
1240 2722 1585 2793 Προέφθανον
1629 2724 1687 2778 δὲ
1724 2725 1823 2778 αὑ-

245 2807 359 2873 τὸν,
382 2809 547 2878 ἤγουν
569 2810 808 2881 προῆγον
830 2850 844 2875 ,
880 2812 974 2865 καὶ
1003 2814 1061 2866 αἱ
1104 2813 1242 2885 πρὸς
1275 2814 1502 2871 θάνατον
1536 2817 1823 2888 ἁμαρτίαι,

242 2896 491 2950 τουτέστι
525 2898 747 2967 παγίδες
767 2915 779 2929 ·
826 2899 939 2953 ἀλλ’
972 2900 1131 2955 αὐτὸν
1166 2904 1263 2973 οὐχ
1320 2904 1581 2962 ἑάλωσαν.
1613 2906 1824 2963 Οὐκοῦν

246 2987 579 3059 χειμάρρους
609 2989 836 3060 ἀνομίας
867 2992 1012 3062 ἐρεῖς
1055 2991 1123 3045 τὰ
1163 2993 1409 3065 ῥεύματα
1456 2997 1557 3068 τῆς
1599 2997 1819 3065 κακίας,

244 3079 342 3132 καὶ
379 3078 607 3134 θανάτου
645 3081 880 3150 παγίδας
898 3083 999 3147 τὰς
1031 3085 1342 3155 πρακτικὰς
1375 3088 1670 3160 ἁμαρτίας.

319 3259 429 3313 Τοῦ
467 3260 673 3316 αὐτοῦ.
714 3262 910 3327 Ὠδῖνες
931 3263 1162 3318 θανάτου
1200 3265 1333 3337 (66),
1360 3268 1479 3341 ἦτοι
1510 3273 1566 3323 αἱ
1599 3275 1688 3327 τὸν
1723 3275 1821 3329 θά-

240 3367 400 3405 νατον
427 3352 780 3428 τίκτουσαι,ῆ
816 3358 872 3410 αἱ
904 3357 1323 3429 συνειλημμέναι
1357 3363 1421 3415 ἐκ
1446 3363 1539 3416 τοῦ
1564 3364 1814 3433 Θανάτου,

238 3442 387 3505 ὅστις
411 3442 635 3514 ἔσχατος
665 3445 856 3518 ἐχθρὸς
885 3447 1436 3521 καταργηθησόμενος
1466 3454 1568 3508 ὑπὸ
1603 3457 1816 3512 Παύλου

240 3536 598 3608 κεκήρυκται.

316 3627 428 3681 Τοῦ
459 3629 668 3683 αὐτοῦ.
710 3630 1013 3704 Χείμαρῤοι
1056 3634 1283 3705 ἀνομίας
1328 3634 1437 3707 (67)
1466 3637 1516 3691 οἱ
1579 3641 1814 3711 παράνο-

240 3734 332 3789 μοι
361 3718 628 3791 λογισμοὶ,
669 3724 865 3787 οἵτινες
915 3725 1101 3789 ὠδῖνες
1152 3726 1439 3782 καλοῦνται
1478 3731 1814 3802 χρονίζοντες

236 3810 297 3862 ἐν
322 3811 475 3881 ἡμῖν,
528 3814 624 3867 κα)¹
656 3815 817 3869 πάλιν
859 3817 1085 3885 παγίδες
1119 3817 1474 3884 θανατοῦντες
1515 3825 1663 3893 ἡμᾶς
1726 3824 1814 3878 διὰ

235 3901 339 3974 τῆς
375 3907 497 3957 κατ’
523 3906 800 3978 ἐνέργειαν
835 3909 1125 3981 ἁμαρτίας.

307 3996 419 4051 Καὶ
473 3998 544 4051 ἐν
596 3998 675 4066 τῷ
722 4002 1031 4055 θλίϐεσθαι
1070 4020 1147 4073 με
1206 4004 1669 4073 ἐπεκαλεσάμην
1708 4005 1813 4059 τὸν

234 4089 476 4157 Κύριον,
503 4090 601 4144 καὶ
639 4092 789 4159 πρὸς
820 4094 924 4147 τὸν
958 4095 1106 4147 Qad-1c
1122 4113 1241 4164 μου
1267 4096 1581 4164 ἐκέκραξα.
1607 4099 1814 4150 Ἤκου-

237 4195 353 4235 σεν
371 4182 440 4235 ἐκ
463 4182 613 4237 ναοῦ
637 4184 809 4253 ἁγίου
840 4186 1026 4239 αὐτοῦ
1058 4184 1168 4253 τῆς
1200 4184 1403 4255 φωνῆς
1441 4206 1582 4256 μου,
1621 4188 1716 4242 καὶ
1770 4191 1809 4257 ἡ

234 4273 465 4343 κραυγή
490 4292 606 4344 μου
656 4274 911 4329 ἐνώπιον
952 4277 1137 4332 αὑτοῦ
1182 4279 1587 4333 εἰσελεύσεται
1617 4281 1703 4344 εἰς
1741 4282 1812 4333 τὰ

230 4361 353 4420 ὦτα
380 4368 587 4432 αὐτοῦ,
619 4386 671 4421 κ.
696 4385 748 4425 τ.
775 4369 823 4423 ἐ.
864 4369 950 4421 Ἐν
970 4369 1164 4440 μέσαις
1190 4373 1310 4434 ταῖς
1341 4370 1552 4440 θλίψεσι
1583 4372 1692 4443 (68)
1718 4372 1809 4426 καὶ

2008 1976 2168 2038 Vens.
2202 1981 2257 2048 5,
2284 1983 2336 2038 6.
2371 1985 2838 2048 Circumdederuut
2863 2012 2943 2051 me
2969 2000 3174 2055 dolores
3202 2008 3414 2073 mortis,
3456 2020 3503 2062 et

1936 2076 2191 2126 torrentes
2220 2074 2515 2142 iniquitatts
2545 2084 2978 2143 conturbauerunt
3028 2108 3127 2151 me.
3165 2095 3385 2152 Dolores
3422 2103 3503 2153 in.

1935 2161 2073 2228 femi
2108 2164 2560 2223 circumdederunt
2602 2188 2714 2237 me;
2767 2194 3254 2250 praeoccupaverunt
3299 2207 3379 2243 me
3416 2194 3501 2244 la-

1931 2255 2049 2322 quei
2073 2256 2275 2322 mortis,
2309 2267 2416 2317 etc.
2452 2261 2724 2332 Christus,
2757 2280 3024 2336 quatenus
3056 2276 3217 2334 homo
3251 2291 3354 2348 est,
3385 2284 3502 2338 haec

1933 2344 2083 2399 dicit.
2119 2344 2255 2403 Huic
2277 2350 2421 2403 enim
2456 2368 2602 2409 mors
2631 2357 2845 2414 dolores
2877 2366 3109 2434 peperit,
3141 2380 3195 2423 et
3228 2344 3498 2428 torrentes

1932 2432 2240 2505 iniquitatis
2271 2440 2446 2510 ipsum
2476 2432 2968 2521 conturbaverunt,
3008 2461 3226 2526 quando
3257 2465 3391 2519 dixit
3416 2467 3461 2498 ⁸³
3482 2485 3494 2497 ο

1935 2545 1955 2577 ι
1988 2528 2182 2585 Anima
2213 2547 2331 2588 mea
2363 2537 2574 2593 turbata
2600 2550 2720 2609 est;
2750 2562 2769 2595 ι
2802 2548 2895 2600 sed
2919 2548 3091 2616 ipsum
3117 2567 3221 2604 non
3249 2569 3498 2624 compre-

1931 2617 2258 2677 henderunt.
2301 2625 2367 2679 Et
2410 2628 2623 2685 dolores
2669 2633 2866 2690 inferni
2912 2639 3083 2708 ipsum
3124 2617 3497 2706 circumdede-

1928 2720 2085 2780 runt,
2124 2723 2377 2782 putantes
2420 2719 2595 2788 ipsum
2628 2728 3067 2797 apprehendere,
3116 2751 3302 2793 verum
3352 2757 3495 2797 nun-

1927 2815 2089 2871 quam
2119 2804 2263 2860 ﬁlius
2294 2807 2493 2865 inferni
2527 2815 2752 2869 exstitit.
2804 2816 3347 2895 Prmoccupaverunt,
3379 2831 3497 2887 sive

1926 2906 2308 2961 praavenerunt
2343 2900 2508 2955 etiam
2545 2903 2719 2971 ipsum
2759 2918 2988 2976 peccata
3030 2928 3148 2982 quae
3187 2918 3391 2973 ducunt
3427 2924 3495 2977 ad

1926 2992 2191 3051 mortem,
2228 2986 2282 3041 id
2332 3000 2414 3043 est
2475 2990 2683 3061 laquei;
2732 2998 2825 3051 sed
2869 3013 2993 3053 eum
3056 3019 3160 3057 non
3211 3020 3488 3075 ceperunt.

1924 3074 2112 3147 Itaque
2161 3088 2433 3139 torrentes
2481 3087 2783 3156 iniquitatis
2836 3102 2985 3150 recte
3041 3098 3247 3156 dixeris
3279 3074 3493 3161 ﬂuenta

1925 3170 2176 3239 malitiae;
2207 3184 2262 3229 et
2294 3177 2486 3233 mortis
2517 3178 2759 3248 laqueos,
2800 3188 3035 3253 practica
3068 3202 3311 3259 peccata.

1992 3262 2270 3334 Ejusdem.
2351 3271 2573 3327 Dolores
2610 3274 2805 3331 inferni
2838 3292 2993 3347 sunt,
3024 3285 3105 3337 vel
3141 3287 3230 3356 qui
3262 3300 3488 3346 mortem

1921 3357 2158 3423 pariunt,
2192 3358 2274 3413 vel
2304 3362 2393 3430 qui
2422 3368 2665 3433 concepti
2697 3376 2907 3423 suntex
2945 3383 3145 3441 morte,
3178 3378 3366 3435 ultimo
3396 3385 3488 3450 qui

1919 3444 2251 3515 destruetur,
2290 3452 2529 3519 inimico,
2566 3466 2623 3510 ut
2655 3457 2731 3512 ait
2760 3458 2981 3516 Paulus.

1991 3627 2270 3697 Ejusdem.
2323 3631 2617 3691 Torrentes
2664 3637 2971 3710 iniquitatis
3028 3654 3154 3699 sunt
3219 3662 3488 3718 perversae

1918 3719 2362 3780 ratiocinationes
2395 3741 2516 3795 quae
2542 3739 2807 3785 vocantur
2849 3734 3063 3792 dolores
3102 3738 3153 3792 in
3199 3741 3353 3797 nobis
3394 3746 3485 3799 ditt

1915 3825 2332 3882 permanentes,
2373 3819 2498 3873 item
2541 3821 2717 3893 laquei
2752 3827 2842 3895 qui
2879 3837 3107 3883 mortem
3159 3833 3313 3887 nobis
3348 3835 3488 3889 infe-

1915 3913 2043 3957 rant
2077 3920 2172 3973 per
2197 3919 2479 3977 peccatum
2510 3925 2630 3969 actu
2662 3919 3034 3974 commissum.

1991 3995 2149 4052 Vnus.
2168 3997 2220 4050 7.
2250 3998 2317 4052 In
2344 4001 2684 4058 tribulatione
2712 4021 2828 4058 mea
2849 4005 3083 4061 invocavi
3102 4009 3381 4067 Dominum
3401 4053 3415 4079 ,
3436 4026 3485 4068 et

1914 4087 1983 4140 ad
2000 4087 2161 4141 Deum
2183 4105 2353 4143 meum
2377 4092 2619 4151 clamavi.
2639 4093 2704 4147 Et
2726 4099 2991 4152 exaudivit
3008 4100 3071 4153 de
3098 4104 3287 4166 templo
3304 4118 3486 4160 sancto

1912 4196 2007 4233 suo
2038 4196 2206 4233 vocem
2241 4199 2410 4236 meam
2437 4225 2452 4249 ,
2484 4197 2532 4240 et
2568 4188 2768 4241 clamor
2795 4206 2937 4243 metu
2973 4193 3027 4244 in
3056 4207 3333 4261 conspectu
3369 4200 3483 4266 ejus

1912 4270 2148 4324 introibit
2176 4274 2232 4325 in
2262 4291 2418 4330 aures
2443 4276 2557 4346 ejus
2582 4318 2595 4342 ,
2638 4289 2746 4335 etc.
2780 4281 2832 4334 In
2882 4283 3077 4337 mediis
3114 4285 3482 4343 tribulationi-

1914 4361 2034 4425 bus,
2068 4363 2239 4433 iisque
2267 4366 2619 4436 ferventibus,
2654 4371 3167 4442 eosinvocandus
3197 4384 3280 4429 est
3302 4376 3484 4432 Domi-

230 4455 608 4527 ἀκμαζούσαις
659 4457 867 4526 αὐταῖς,
917 4459 1231 4529 ἐπικλητὲον
1278 4461 1369 4513 τὸν
1429 4461 1630 4533 Κύριον
1657 4505 1670 4527 ,
1712 4464 1805 4516 καὶ

1941 4469 2051 4522 IIIS,
2085 4465 2141 4509 et
2164 4456 2510 4514 clamandum
2545 4473 2628 4517 est
2661 4464 2725 4515 ad
2758 4466 2941 4517 Deum.
3012 4464 3104 4517 Sic.
3139 4465 3283 4519 enim
3314 4481 3484 4523 exau-

230 4547 498 4618 κρακτέον
524 4548 659 4619 πρὸς
704 4548 856 4605 Θεόν.
893 4549 1047 4604 Οὕτω
1080 4551 1189 4623 γὰρ
1228 4551 1387 4622 ἡμῶν
1444 4553 1805 4607 ἐπακούσεται

227 4638 293 4692 ἐκ
316 4638 410 4691 τοῦ
443 4639 572 4694 ναοῦ
610 4640 773 4694 αὐτοῦ
814 4640 1013 4711 λόγων·
1056 4643 1150 4695 καὶ
1204 4642 1311 4695 ἀπὸ
1343 4643 1595 4714 τοιαύτης
1629 4644 1805 4698 διαθέ-

228 4744 369 4791 σεως
388 4728 546 4798 ἡμῶν
584 4731 617 4800 ἡ
651 4730 783 4802 εὐχὴ
820 4732 959 4803 μετὰ
984 4733 1293 4803 παρρησίας
1315 4733 1701 4801 εἰσελεύσεται,
1728 4736 1804 4800 ὡς

225 4820 308 4884 είς
334 4822 530 4874 οἰκεῖον
545 4822 729 4890 τόπον,
760 4824 830 4878 τὰ
856 4823 1124 4895 λεγόμενα
1145 4819 1257 4877 ὦτα
1284 4824 1469 4879 αὑτοῦ.
1498 4826 1725 4896 Μήποτε
1745 4827 1803 4880 δὲ

225 4911 324 4963 καὶ
346 4910 676 4981 όπλιζόμεθα
713 4913 854 4967 κατά
888 4914 994 4968 τῶν
1019 4912 1228 4985 ἐχθρῶν
1257 4916 1314 4969 ἐν
1343 4914 1492 4986 αὐτῷ
1522 4914 1599 4987 τῷ
1633 4917 1801 4971 αἰνεῖν

225 5000 324 5054 καὶ
351 5001 727 5055 ἐπικαλεῖσθαι
760 5002 984 5077 Κύριον.

301 5093 417 5148 Τοῦ
456 5094 663 5148 αὑτοῦ.
696 5094 843 5158 Ναὸς
863 5094 997 5148 Θεοῦ
1039 5094 1150 5165 (69)
1183 5097 1212 5149 ό
1244 5095 1508 5168 Χριστὸς,
1557 5092 1797 5165 Χριστοῦ

221 5184 281 5238 δὲ
314 5187 370 5239 αἱ
406 5187 587 5257 νοεραὶ
609 5186 701 5239 καὶ
734 5186 883 5255 ἅγιαι
910 5186 1185 5258 δυνάμεις.
1226 5188 1316 5240 Διὸ
1357 5187 1449 5241 καὶ
1495 5188 1524 5240 ὁ
1568 5186 1800 5259 Χριστὸς

295 5300 338 5330 ⁸⁸
376 5298 509 5353 Luc.
547 5315 588 5366 ι,
630 5298 718 5355 69.
796 5300 842 5331 “
874 5297 916 5353 l.
956 5299 1087 5368 Reg.
1114 5315 1175 5365 ιι,
1221 5298 1310 5353 10.
1380 5298 1424 5330 ⁸³
1457 5296 1653 5353 Joann.
1680 5311 1778 5362 xu,
1807 5294 1898 5349 27.

296 5416 412 5486 (62)
440 5417 673 5484 Bonddr
694 5414 843 5482 εἷπε,
878 5427 984 5473 etc.
1022 5417 1251 5473 Schedae
1288 5417 1496 5475 Grabii.

446 5487 937 5569 ςζπερασπιστῂν
960 5490 1098 5569 ἔφη,
1130 5489 1493 5569 θιοηβαςάοιῃ.
1515 5489 1750 5544 schedae.

292 5556 407 5627 (64)
446 5557 501 5609 Ὀ
524 5559 672 5625 μετὰ
702 5558 809 5611 τοῦ
838 5556 1070 5627 ὑμνεῖν,
1105 5570 1211 5612 etc.
1242 5559 1423 5613 Codex
1458 5559 1592 5615 Iloe.

293 5625 409 5698 (65)
439 5627 503 5698 7'0
531 5629 803 5695 Χριστός,
836 5625 942 5682 etc.
976 5629 1149 5684 Codd.
1194 5629 1559 5685 Coisliniantts
1581 5638 1636 5685 et
1659 5629 1792 5686 Hoc.

220 5694 719 5782 Cortleriitsnautem
746 5699 907 5782 hali'et
931 5708 1189 5782 tauquam
1218 5701 1498 5782 anonymi.
1537 5770 1547 5782 _
1573 5770 1607 5782 η

296 5768 410 5839 (66)
456 5767 677 5834 Ὠδῖνες
705 5768 983 5834 θανάτου,
1011 5780 1118 5823 etc.
1152 5767 1379 5824 Schedaé
1421 5769 1633 5827 Grabii.

539 5861 811 5924 PATIOL.
857 5863 976 5924 Gtt.
1026 5860 1166 5922 XII.

1910 4544 2023 4600 diet
2066 4547 2229 4601 verba
2265 4559 2447 4604 nostra
2494 4550 2561 4606 de
2616 4551 2816 4619 templo
2844 4567 2975 4617 suo,
3022 4561 3080 4607 et
3114 4555 3182 4609 ab
3212 4554 3481 4625 ejusmodi

1909 4631 2105 4691 atl'ectu
2135 4638 2379 4707 profecta
2404 4642 2579 4695 oratio
2606 4651 2790 4696 nostra
2822 4657 2942 4696 cum
2972 4641 3168 4699 ﬁducia
3205 4646 3481 4715 ingredie-

1908 4733 2020 4792 tur,
2054 4727 2201 4783 velut
2235 4728 2288 4783 in
2326 4729 2502 4785 locum
2546 4735 2848 4802 proprium,
2882 4732 2934 4786 in
2962 4748 3121 4791 aures
3148 4734 3287 4804 ejus.
3319 4738 3481 4796 Forte

1907 4816 2070 4871 etiam
2111 4828 2300 4873 contra
2356 4821 2605 4877 inimicos
2652 4838 2970 4890 armamur,
3014 4838 3139 4880 cum
3183 4827 3475 4885 Dominum

1906 4908 2189 4968 laudamus
2216 4923 2272 4969 et
2298 4915 2635 4971 invocamus.

1978 5092 2257 5163 Ejusdem.
2304 5097 2589 5170 Templum
2644 5101 2739 5155 Dei
2781 5101 3057 5172 Christus,
3084 5103 3286 5161 Christi
3320 5123 3477 5175 vero,

1907 5184 2179 5254 spiritales
2210 5198 2263 5243 et
2303 5200 2506 5245 sanctae
2538 5200 2850 5261 potestates.
2902 5196 3083 5264 Quare
3114 5207 3171 5254 et
3201 5214 3345 5255 nunc
3390 5202 3475 5255 di-

2114 5408 2427 5500 ξείιωρροι
2458 5415 2877 5500 ἀνομίαςθιο.
2913 5416 3124 5500 Eaedem
3148 5416 3381 5500 schedae.

1965 5483 2078 5555 (68)
2124 5485 2219 5534 Ἐν
2241 5483 2456 5552 μέσαις
2498 5485 2630 5551 ταῖς
2683 5488 2950 5555 θλίψεσι,
3004 5496 3108 5541 etc.
3159 5486 3474 5555 Corderius,

1893 5554 2188 5609 Barbarus.

1964 5622 2081 5695 (69)
2100 5622 2457 5695 ΝαὸςᾼΘεοῦ,
2486 5634 2596 5680 etc.
2647 5624 2828 5679 Codex
2881 5624 3286 5692 Coisliuiauus,
3317 5642 3468 5685 num.

1895 5693 1984 5759 10;
2010 5694 2223 5751 scheda:
2255 5693 2460 5763 Grabii,
2489 5705 2541 5751 et
2566 5695 2860 5758 Barbarus.

3081 5854 3159 5915 39
