3986 6384
493 231 636 287 1⁴Ξ⁴Ξτ

1831 224 1921 282 EX
1957 223 2257 281 ORIGENE

3577 226 3720 283 1228

489 356 630 402 citur
665 343 910 401 Christus
955 339 1145 398 sedere
1185 353 1348 411 super
1391 339 1637 395 thronum
1683 339 1851 399 David
1899 342 2046 411 patri:

2167 340 2260 394 νῦν
2292 339 2505 410 λέγεται
2536 335 2858 402 καθέζεσθαι
2890 337 2983 390 ἐπὶ
3016 337 3206 410 θρόνου
3235 337 3397 394 Δαυῒδ
3410 339 3502 396 τοῦ
3516 335 3724 404 πατρὸς

489 441 594 493 sui.

565 527 732 584 Vens.
765 525 819 589 8.
844 524 898 580 9.
929 523 1201 580 Commota
1228 530 1301 576 est
1332 530 1382 576 et
1411 521 1722 576 contremuit
1740 530 1909 576 terra:
1937 523 2059 591 [un-

494 623 744 674 damenta
770 616 1024 670 montium
1048 612 1358 668 conturbata
1378 623 1532 678 sunt,
1559 622 1607 668 et
1634 623 1892 667 commota
1913 621 2056 675 sunt.

488 709 740 778 quoniam
775 708 944 761 iratus
975 714 1048 759 est
1081 704 1155 759 eis
1182 703 1342 760 Deus.
1374 703 1624 758 Ascendit
1667 703 1845 772 fumus
1877 706 1930 756 in
1977 706 2057 757 ira

488 799 626 867 eius,
650 806 699 852 et
729 797 867 867 ignis
890 813 923 848 a
955 795 1090 866 facie
1121 793 1234 862 ejus
1261 794 1487 858 exarsit;
1525 794 1774 848 carbones
1823 795 2059 847 succensi

490 896 614 944 sunt
648 888 713 942 ab
741 903 833 950 eo,
884 896 992 941 etc.
1045 883 1224 940 Stanti
1279 884 1498 952 quidem
1544 892 1651 939 stat
1695 885 1873 948 Deus,
1908 893 2056 940 moto

451 1035 458 1042 ,
489 985 671 1032 autem
705 983 984 1038 movetur,
1019 973 1097 1028 uti
1136 971 1203 1025 ad
1226 969 1466 1040 Moysem
1492 972 1694 1027 dictum
1736 981 1851 1026 est:
1895 989 1914 1023 ι
1955 973 2051 1027 Sta

489 1083 674 1124 caram
708 1065 1010 1121 Pharaone.
1048 1084 1068 1117 ι
1120 1064 1350 1131 Quando
1379 1078 1510 1118 vero
1542 1063 1650 1119 Deo
1676 1078 1780 1117 non
1820 1064 2058 1119 obedivit

486 1159 691 1222 Adam,
721 1157 817 1213 sed
847 1157 1024 1227 potius
1053 1156 1210 1211 uxori
1260 1169 1465 1216 morem
1496 1155 1694 1225 gessit,
1741 1162 1869 1209 tunc
1899 1154 2054 1209 audi-

490 1251 567 1304 vit
599 1248 888 1305 Dominum
919 1247 1090 1302 Deum
1131 1245 1599 1302 deambulantem:
1640 1245 1742 1314 ipsi
1771 1244 1915 1300 enim
1947 1261 2052 1301 non

489 1339 722 1409 amplius
775 1339 956 1394 stabat
992 1337 1169 1403 Deus,
1205 1345 1368 1406 atque
1415 1345 1476 1391 ut
1501 1336 1674 1392 bonus
1724 1335 1888 1404 judex
1946 1351 2052 1391 non

490 1432 690 1488 stabat.
719 1430 986 1487 Cmterum
1025 1429 1137 1484 Deo
1163 1442 1221 1484 se
1256 1436 1510 1484 movente
1537 1427 1914 1484 contremiscit
1947 1443 2054 1484 non

486 1524 713 1589 cmlum,
740 1521 835 1578 sed
867 1530 1042 1586 terra,
1071 1527 1126 1574 et
1154 1518 1510 1574 fundamenta
1536 1519 1804 1574 montium
1827 1528 2052 1574 contur-

485 1613 723 1677 bantur;
784 1625 904 1681 qum
965 1609 1228 1664 montium
1297 1608 1650 1664 fundamenta
1708 1608 2054 1664 conturbabit

2159 425 2345 480 αὑτοῦ.

2228 516 2341 570 Καὶ
2374 515 2694 584 ἐσαλεύθη,
2723 511 2821 570 καὶ
2850 516 3134 587 ἔντρομος
3156 518 3410 589 ἐγενήθη
3437 521 3477 588 ἠ
3499 519 3597 591 γῆ,
3625 522 3724 577 καί

2159 607 2232 661 τὰ
2254 606 2493 676 θεμέλια
2528 605 2647 660 τῶν
2675 605 2859 674 ὀρέων
2882 593 3322 678 ἐταράχθησαν,
3349 613 3447 664 καὶ
3470 611 3724 667 ἐσαλεύο

2158 699 2373 763 θησαν,
2391 695 2479 749 ὅτι
2504 696 2764 766 ὠργίσθη
2802 695 3006 764 αὐτοῖς
3037 701 3068 751 ό
3088 699 3250 764 Θεός.
3272 700 3467 767 Ἀνέϐη
3497 703 3730 768 καπνὸς

2156 787 2228 840 ἐν
2255 785 2402 856 ὀργῇ
2441 787 2656 853 αὑτοῦ,
2695 787 2790 842 καὶ
2837 789 2956 857 πῦρ
3009 789 3127 844 ἀπὸ
3171 790 3495 858 προσώπου
3541 791 3731 848 αὐτοῦ

2157 880 2592 948 κατεφλόγισεν
2610 896 2623 909 ⁸
2657 879 2949 948 ἄνθρακες
2971 881 3334 950 ἁνήφθησαν
3375 883 3477 936 ἀπ’
3515 883 3727 945 αὑτοῦ,

2157 985 2211 1022 κ.
2235 986 2286 1023 τ.
2313 970 2360 1024 ἑ.
2399 969 2489 1041 Τῷ
2521 970 2618 1040 μὲν
2644 970 2896 1040 ἑστηκότι
2929 971 3040 1040 (70)
3067 971 3293 1040 ἕστηκεν
3332 973 3361 1024 6
3385 971 3536 1036 Θεὸς,
3569 972 3647 1042 τῷ
3671 970 3730 1025 δὲ

2159 1059 2498 1131 σαλευομένῳ
2529 1059 2828 1125 σαλεύεται,
2864 1061 2939 1124 ὡς
2970 1062 3195 1114 Μωῦσεί
3225 1061 3437 1130 λέγεται
3458 1079 3471 1093 ·
3509 1083 3524 1113 ι
3564 1064 3730 1135 Στῆθι

2155 1153 2394 1206 ἐναντίον
2426 1151 2646 1223 Φαραώ.
2685 1171 2703 1204 ι
2738 1154 2866 1206 Ὅτε
2913 1153 3159 1222 μέντοιγε
3207 1154 3376 1225 Ἀδὰμ
3412 1157 3730 1227 παρήκουσε

2154 1243 2247 1297 τοῦ
2275 1243 2430 1308 Θεοῦ,
2459 1243 2654 1314 μᾶλλον
2670 1243 2725 1296 δὲ
2748 1244 2845 1314 τῆς
2870 1245 3122 1311 γυναικὸς
3147 1246 3366 1316 ἤκουσε,
3384 1247 3503 1300 τότε
3529 1249 3732 1317 ἥκουσι

2155 1333 2359 1406 Κυρίου
2400 1333 2496 1388 τοῦ
2531 1333 2664 1386 Θεοῦ
2705 1335 3156 1406 περιπατοῦντος·
3200 1337 3382 1390 οὐκέτι
3429 1337 3536 1409 γάρ
3581 1337 3731 1410 αὐτῷ

2155 1428 2371 1497 ἑστήκει
2391 1428 2418 1480 6
2445 1425 2595 1490 Θεὸς,
2625 1427 2718 1479 καὶ
2748 1427 2822 1490 ὡς
2854 1427 3053 1495 ἀγαθὸς
3073 1428 3129 1480 δὲ
3161 1429 3188 1481 6
3215 1430 3416 1499 κρίνων
3445 1431 3542 1500 οὐχ
3563 1430 3731 1501 ἔστη·-

2154 1536 2238 1572 κε.
2262 1518 2627 1591 Σαλευομένου
2650 1519 2706 1573 δὲ
2731 1519 2864 1572 Θεοῦ
2897 1519 3154 1591 ἔντρομος
3185 1521 3390 1588 γίνεται
3429 1522 3526 1574 οὐκ
3567 1523 3732 1593 οὐρα-

2154 1611 2262 1678 νὸς,
2291 1611 2424 1664 ἀλλὰ
2453 1613 2486 1682 ή
2519 1611 2611 1682 γῆ,
2646 1611 2741 1665 καὶ
2781 1611 3003 1682 θεμέλια
3031 1610 3139 1664 τῶν
3169 1612 3339 1681 ὀρέων
3370 1613 3727 1684 ταράσσεται,

485 1705 630 1776 ignis
661 1703 752 1774 qui
795 1680 862 1760 ex
910 1701 1090 1758 furore
1124 1700 1338 1754 Domini
1373 1701 1742 1756 succenditur.
1803 1719 1822 1753 ι
1861 1699 2046 1768 Vultus

2157 1704 2298 1773 άπερ
2331 1680 2553 1773 θεμέλια
2579 1680 2685 1756 τῶν
2711 1680 2880 1772 ὀρέων
2905 1700 3128 1772 ταράξει
3151 1680 3213 1754 τὸ
3231 1680 3582 1772 ἐκκαιόμενον
3615 1703 3730 1775 πῦρ

485 1805 666 1850 autem
711 1794 924 1850 Domini
957 1807 1120 1864 super
1160 1795 1424 1849 facientes
1474 1792 1612 1846 mala
1643 1795 1723 1858 0‘;
1781 1810 1801 1846 ι
1841 1800 2046 1848 sanctos

2157 1795 2222 1847 ὲκ
2250 1792 2343 1846 τοῦ
2373 1791 2545 1864 θυμοῦ
2567 1792 2661 1845 τοῦ
2693 1789 2850 1845 Θεοῦ.
2885 1809 2904 1841 ι
2944 1792 3240 1862 Πρόσωπον
3269 1792 3326 1845 δὲ
3375 1794 3582 1864 Κυρίου
3633 1791 3728 1847 ἐπὶ

483 1887 626 1942 enim
677 1887 983 1952 illuminat,
1041 1884 1198 1955 juxta
1251 1883 1384 1939 illud
1412 1883 1457 1916 ⁸⁵
1498 1901 1514 1939 :
1553 1901 1572 1937 ι
1634 1881 1916 1955 Signatum
1972 1891 2046 1940 est

2158 1883 2441 1948 ποιοῦντας
2498 1884 2645 1938 κακά
2675 1900 2689 1914 ’
2747 1902 2768 1936 ›
2839 1883 3028 1951 ἁγίους
3082 1883 3192 1955 γάρ
3249 1883 3504 1954 φωτίζει,
3575 1881 3723 1939 οἷονο

481 1994 648 2051 super
675 1993 774 2035 nos
813 1978 996 2036 lumen
1021 1977 1208 2033 vultus
1241 1976 1340 2031 tui.
1374 1995 1394 2030 ι

552 2156 827 2229 Ejusdem.
869 2173 890 2209 ι
924 2153 992 2210 Ει
1024 2154 1165 2224 ignis
1192 2168 1222 2208 a
1255 2153 1395 2208 facie
1418 2153 1534 2223 ejus
1563 2153 1803 2219 exarsit,
1835 2172 1855 2207 ι
1905 2168 2056 2208 οοιιι-

481 2252 684 2308 hurens
727 2249 904 2318 ligna,
957 2246 1198 2309 foenum,
1228 2246 1516 2316 stipulam,
1551 2247 1654 2301 huc
1693 2255 1813 2312 est,
1853 2262 2052 2302 consu-

482 2356 641 2399 mens
677 2339 849 2396 malos
878 2339 1118 2394 habitus.
1164 2337 1257 2392 Sic
1291 2338 1419 2393 olim
1475 2337 1770 2394 combussit
1809 2338 2054 2408 publica-

2161 1992 2181 2027 ι
2235 1973 2574 2046 Ἑσημειώϐη
2621 1976 2706 2045 ἐφ’
2765 1977 2914 2048 ἡμᾶς
2970 1975 3032 2028 τὸ
3091 1974 3208 2046 φῶς
3277 1975 3372 2029 τοῦ
3429 1977 3725 2048 προσώπου

2157 2076 2268 2115 σου.
2313 2078 2332 2112 ι

2230 2152 2341 2207 Τοῦ
2365 2153 2572 2208 αὐτοῦ.
2620 2171 2640 2206 ι
2672 2154 2782 2208 Καὶ
2807 2152 2917 2226 πῦρ
2949 2154 3055 2208 ἀπὸ
3085 2153 3376 2226 προσώπου
3407 2154 3522 2228 (71)
3553 2157 3721 2213 αὐτοῦ

2154 2244 2560 2315 κατεφλόγισεν,
2593 2267 2611 2298 s
2661 2250 2955 2302 κατακαῖον
2991 2247 3152 2314 ξύλα,
3188 2250 3396 2320 χόρτον,
3446 2249 3719 2322 καλάμην,

2151 2337 2423 2390 τουτέστιν
2453 2338 2740 2393 ἀναλίσκον
2772 2339 2872 2402 τὰς
2899 2340 3140 2412 πονηρὰς
3174 2341 3333 2408 ἔξεις.
3368 2341 3524 2396 Οὕτω
3557 2344 3722 2397 κατέο

483 2447 612 2486 num
642 2428 973 2494 Mattbaeum,
1005 2426 1229 2482 Paulum
1253 2435 1657 2498 persecutorem
1693 2437 1748 2483 et
1771 2437 2046 2484 contume-

2157 2425 2323 2480 καυσέ
2350 2445 2479 2482 ποτε
2509 2427 2747 2499 τελώνην
2783 2429 2881 2499 μὲν
2907 2428 3035 2484 ὄντα
3061 2430 3152 2484 τὸν
3179 2432 3474 2495 Ματθαῖον,
3508 2433 3724 2489 Παῦλον

482 2522 700 2577 liosum.

503 2538 700 2579 rosum.

552 2611 826 2680 Ejusdem.
904 2610 1045 2666 Deus
1095 2617 1351 2678 tanquam
1417 2607 1592 2664 bonus
1644 2615 1924 2672 movetur,
1981 2622 2052 2664 ne

479 2702 713 2774 amplius
773 2711 919 2758 terra
972 2702 1148 2772 ipsum
1203 2707 1545 2766 contemnat,
1593 2697 1689 2754 sed
1738 2708 1797 2753 ut
1837 2705 2048 2768 patrem

483 2801 827 2859 revereatur,
863 2801 922 2848 et
980 2806 1049 2847 ne
1095 2791 1324 2860 amplius
1380 2789 1730 2844 fundamenta
1778 2791 2045 2844 montium

481 2885 707 2944 immota
741 2885 884 2949 sint,
916 2883 1012 2940 sed
1053 2881 1465 2939 conturbantur.
1499 2881 1637 2948 Quin
1673 2881 1838 2944 etiam
1879 2881 2045 2948 Deus,

2150 2516 2206 2572 δὲ
2227 2516 2461 2589 διώκτην
2489 2523 2582 2573 κα)⁵
2612 2518 2895 2590 ὑϐριστήν.

2224 2609 2336 2663 Τοῦ
2366 2609 2573 2664 αὑτοῦ.
2609 2611 2694 2674 Ὡς
2722 2610 2924 2679 ἀγαθὸς
2951 2613 2980 2666 6
2998 2611 3129 2676 Θεὸς
3163 2611 3273 2683 (72)
3301 2613 3604 2678 σαλεύεται,
3633 2614 3721 2668 ἵνα

2153 2699 2402 2770 μηκέτιή
2431 2699 2503 2770 γῆ
2531 2700 2696 2755 αὐτοῦ
2726 2706 3041 2776 καταφρονῇ
3065 2743 3082 2770 ,
3123 2705 3236 2758 ἀλλ’
3264 2705 3341 2769 ὡς
3373 2706 3584 2777 πατέρα
3624 2722 3721 2776 φο-

2149 2786 2309 2858 ϐῆται
2343 2789 2503 2843 αὐτόν
2531 2806 2544 2821 ·
2597 2789 2692 2842 καὶ
2744 2790 2830 2844 ἵνα
2891 2794 3084 2864 μηκέτι
3128 2793 3358 2865 ἀκίνητα
3494 2795 3564 2850 τὰ
3608 2796 3719 2852 τῶν

2146 2875 2318 2949 ὀρέων
2361 2877 2610 2948 θεμέλια,
2637 2879 2751 2933 ἀλλ’
2789 2881 2848 2934 ἐν
2871 2885 3106 2954 ταραχῇ.
3156 2885 3270 2938 Καὶ
3313 2885 3388 2949 ὡς
3433 2885 3636 2953 ἀγαθὸς
3686 2886 3721 2939 6

480 2987 753 3048 tamquam
803 2980 1010 3041 bonus,
1063 2983 1147 3032 est
1187 2973 1328 3043 ignis
1379 2987 1744 3040 consumens,
1788 2976 1880 3046 qui
1930 2973 2046 3044 pri-

2157 2968 2280 3034 Βεὸς
2327 2973 2482 3024 καῖον
2528 2971 2640 3043 πῦρ
2699 2973 3110 3040 καταναλίσκον,
3169 2976 3381 3046 πρῶτον
3421 2977 3720 3031 ἀναϐαῖνον

477 3083 625 3123 mum
655 3066 956 3123 ascendens
998 3064 1203 3119 fumum
1238 3059 1498 3126 resolvit,
1536 3060 1734 3130 deinde
1775 3061 2045 3118 carbones

476 3156 786 3222 succendit,
819 3155 1053 3224 denique
1085 3153 1364 3209 descendit
1415 3151 1680 3208 inclinans
1708 3153 1946 3220 caelum;
1979 3169 2044 3209 ac

477 3256 664 3320 postea
719 3246 1057 3302 demonstrat
1097 3241 1387 3311 caliginem
1437 3257 1557 3312 quas
1583 3251 1668 3298 est
1694 3243 1794 3298 sub
1818 3244 2044 3314 pedibus

477 3339 616 3410 ejus.
647 3336 853 3392 Deinde
891 3347 1056 3407 super
1106 3333 1387 3389 cherubim
1435 3334 1737 3388 ascendens
1779 3334 1962 3400 volat,
1988 3344 2045 3391 et

478 3431 629 3486 volat
655 3441 819 3500 super
849 3441 1056 3497 pennas
1080 3432 1388 3479 ventorum.
1420 3422 1524 3479 Per
1546 3437 1828 3480 ascensum
1863 3435 2042 3480 autem

475 3531 533 3579 et
558 3521 878 3584 descensum
912 3514 1272 3584 intelligenda:
1310 3522 1438 3570 sunt
1467 3516 1632 3574 varia:
1673 3515 1792 3580 ejus
1827 3515 2047 3585 dispen-

476 3613 755 3678 sationes;
797 3608 1052 3680 quoniam
1083 3608 1232 3664 Deus
1279 3606 1504 3663 cuilibet
1547 3614 1602 3662 et
1657 3606 1856 3677 ubique
1905 3622 2044 3678 prte-

477 3717 608 3760 scus
631 3711 736 3757 εει.

548 3792 825 3864 Ejusdem.
859 3791 1001 3846 Deus
1023 3789 1076 3845 in
1105 3789 1308 3844 sanctis
1323 3789 1634 3845 hominibus
1664 3788 1964 3856 inhabitat,
1987 3797 2043 3845 et

470 3886 826 3955 deambulat,
853 3883 1002 3940 volat
1028 3891 1207 3938 autem
1239 3897 1402 3952 super
1441 3883 1745 3938 cherubim.
1797 3883 1950 3950 Quod
1993 3882 2039 3938 si

470 3989 666 4033 ventos
705 3977 798 4047 qui
839 3973 1069 4032 sensiles
1092 3985 1219 4029 sunt
1267 3973 1538 4044 accipias,
1570 3975 1905 4045 providentia
1939 3990 2040 4032 sua

463 4068 722 4126 ascendit
749 4081 912 4138 super
937 4065 1092 4131 illos,
1125 4065 1331 4120 ducens
1363 4074 1526 4135 prout
1553 4065 1690 4122 vult.

541 4203 715 4297 Vanis.
749 4241 836 4296 li.
872 4239 941 4295 Et
971 4243 1142 4311 posuit
1184 4241 1420 4296 tenebras
1449 4243 1728 4299 latibulum
1763 4263 1918 4301 suum
1939 4287 1954 4314 ,
1985 4248 2037 4302 in

2145 3062 2371 3117 ἀπολύει
2401 3064 2625 3128 καπνὸν,
2661 3060 2778 3118 εἶτα
2801 3065 3029 3119 ἀνάπτει
3055 3065 3332 3138 ἄνθρακας
3350 3108 3365 3132 ,
3398 3062 3516 3122 εἶτα
3545 3087 3724 3124 κατα-

2147 3155 2318 3210 ϐαίνει
2349 3155 2534 3219 κλίνας
2565 3157 2813 3234 οὐρανὸν,
2845 3158 2938 3210 καὶ
2973 3158 3109 3228 μετά
3138 3158 3292 3212 τοῦτο
3331 3160 3570 3213 δείκνυσι
3621 3161 3719 3214 τὸν

2146 3247 2251 3302 ὑπὸ
2271 3249 2397 3312 τοὺς
2427 3247 2591 3311 πόδας
2617 3247 2782 3301 αὐτοῦ
2819 3249 3036 3319 γνόφον.
3068 3245 3200 3303 Εἶτα
3237 3248 3434 3314 ἐπιϐὰς
3471 3251 3580 3306 τῶν
3626 3269 3722 3323 χε-

2147 3337 2347 3410 ρουϐὶμ
2377 3337 2626 3401 πέταται,
2656 3337 2750 3392 καὶ
2784 3338 3010 3393 πέταται
3038 3340 3130 3393 ἐπὶ
3162 3339 3447 3414 πτερύγων
3475 3341 3716 3412 ἀνέμων.

2157 3428 2442 3482 Ἀνάϐασιν
2463 3429 2519 3482 δὲ
2538 3428 2632 3482 καὶ
2665 3428 2966 3484 κατάϐασιν
3000 3430 3082 3484 δεῖ
3113 3433 3250 3484 νοεῖν
3277 3431 3378 3495 τὰς
3423 3433 3717 3506 διαφόρους

2143 3520 2304 3573 αὐτοῦ
2330 3520 2638 3591 οἰκονομίας
2665 3535 2680 3549 ⁸
2714 3518 2838 3572 ἐπεὶ
2868 3521 2896 3573 6
2923 3519 3056 3584 Θεὸς
3089 3521 3251 3576 παντί⁵
3297 3522 3390 3576 καὶ
3440 3523 3721 3596 πανταχοῦ

2143 3611 2430 3683 παρέστιν.

2216 3789 2330 3846 Τοῦ
2358 3792 2566 3847 αὑτοῦ.
2601 3791 2659 3847 '0
2682 3791 2815 3857 Θεὸς
2857 3792 2915 3846 ὲν
2964 3791 3061 3862 μὲν
3103 3792 3214 3856 τοῖς
3251 3789 3424 3860 ἁγίοις
3459 3788 3573 3860 (75)
3618 3789 3721 3842 ἀν-

2143 3877 2382 3952 Θρώποις
2432 3879 2650 3945 ἐνοικεῖ,
2707 3879 2804 3935 καὶ
2857 3881 3246 3952 ὲμπεριπατεῖ,
3290 3880 3511 3934 ἴπταται
3545 3879 3604 3932 δὲ
3654 3881 3722 3935 ἐν

2138 3973 2252 4035 τοῖς
2278 3971 2564 4044 χερουϐίμ.
2596 3973 2710 4026 Καὶ
2751 3971 2988 4043 ἀνέμους
3032 3974 3080 4026 εί
3119 3974 3246 4036 τοὺς
3289 3971 3579 4042 αἰσθητοὺς
3619 3970 3722 4026 λά-

2141 4060 2274 4126 ϐοις,
2298 4060 2378 4132 τῷ
2406 4061 2548 4134 λόγῳ
2582 4061 2682 4134 τῆς
2735 4063 2992 4134 προνοίας
3020 4062 3287 4119 ἐπιϐαίνει
3316 4062 3516 4129 αὐτῶν,
3559 4061 3717 4132 ἄγων

2137 4154 2212 4219 ὼς
2245 4153 2514 4225 βούλεται.

2207 4243 2502 4300 Κοὶὲθετο
2553 4247 2777 4313 σκότος
2840 4243 3201 4316 ἀποκρυφὴν
3249 4245 3456 4310 αὑτοῦ,
3507 4245 3722 4312 κύκλῳ

457 4335 696 4390 circuitu
738 4335 902 4408 607
949 4335 1064 4408 ejus
1115 4335 1515 4389 tabernaculum
1561 4336 1676 4407 ejus
1718 4354 1737 4392 :
1768 4340 2038 4395 tenebrosa

2157 4334 2326 4390 αὑτοῦ
2352 4336 2390 4405 ἡ
2416 4335 2615 4405 σκηνὴ
2650 4335 2838 4391 αὐτοῦ
2857 4351 2872 4369 ·
2913 4335 3229 4391 σκοτεινὸν
3247 4335 3404 4405 ὕδωρ
3433 4335 3506 4389 ἐν
3533 4334 3718 4404 νεφέ-

471 4441 611 4494 aqua
636 4426 692 4478 in
722 4427 944 4479 nubibus
977 4425 1138 4490 aeris,
1165 4435 1277 4480 etc.
1297 4425 1562 4492 Quoniam
1586 4427 1763 4496 posuit
1795 4431 2042 4489 tenebras

457 4515 750 4571 latibulum
773 4525 1024 4584 suum,-et
1040 4517 1093 4571 in
1111 4516 1339 4573 circuitu
1356 4516 1474 4586 ejus
1496 4517 1898 4574 tabernaculum
1920 4521 2038 4592 ejus

467 4616 910 4678 est,.propterea
951 4608 1239 4664 tenebrosa
1296 4625 1434 4678 aqua
1488 4609 1541 4664 iu
1587 4611 1822 4667 nubibus
1867 4614 2030 4680 aeris,

465 4697 575 4752 hoc
608 4704 692 4752 est
721 4695 778 4751 in
819 4697 1132 4768 prophetis:
1174 4715 1198 4750 ι
1227 4698 1492 4754 Mandabo
1533 4699 1676 4754 enim
1697 4739 1713 4764 ,
1737 4700 1914 4771 inquit
1949 4703 2029 4768 “,

465 4783 702 4841 nubibus
732 4791 792 4838 ut
832 4799 940 4840 non
968 4785 1156 4856 pluant
1190 4800 1356 4866 super
1396 4788 1517 4844 illos
1529 4788 1776 4858 pluviam
1798 4829 1817 4856 ,
1847 4798 1901 4846 et
1927 4795 2035 4850 erit

463 4873 673 4943 fames,
701 4890 806 4932 non
857 4876 1031 4932 fames
1071 4877 1263 4946 panis,
1295 4879 1390 4934 sed
1428 4877 1601 4935 fames
1623 4881 1881 4937 audiendi
1911 4899 2034 4940 ver-

2138 4428 2275 4492 λαις
2310 4425 2519 4495 ἀέρων,
2545 4445 2599 4482 κ.
2623 4445 2677 4482 τ.
2705 4427 2754 4481 ὲ.
2795 4427 3010 4499 Ἐπειδὴ
3032 4426 3183 4481 ἔθετο
3209 4428 3397 4491 σκότος
3421 4425 3532 4497 (76)
3578 4427 3721 4480 ἀπο-

2139 4509 2351 4586 κρυφὴν
2375 4515 2560 4580 αὐτοῦ,
2591 4517 2686 4572 καὶ
2710 4517 2823 4570 ἐστι
2851 4516 3034 4587 κύκλῳ
3065 4515 3230 4571 αὐτοῦ
3261 4519 3294 4588 ἠ
3320 4517 3493 4587 σκηνὴ
3521 4516 3716 4581 αὑτοῦ,

2137 4593 2226 4660 διὰ
2247 4605 2402 4660 τοῦτο
2423 4606 2483 4659 τὸ
2511 4609 2780 4662 σκοτεινὸν
2806 4608 2948 4681 ὕδωρ
2979 4611 3034 4662 ὲν
3058 4609 3304 4679 νεφέλαις
3334 4609 3530 4678 ἀέρων,
3552 4626 3718 4662 τουτ-

2137 4697 2253 4752 έστι
2307 4697 2369 4752 τὸ
2426 4699 2484 4754 ὲν
2532 4703 2644 4764 τοῖς
2710 4702 3037 4772 προφήταιςο
3104 4721 3125 4754 ι
3177 4699 3520 4771 Ἐντελοῦμαι
3565 4700 3720 4772 γὰρ,

2136 4789 2289 4859 φησὶ,
2315 4791 2434 4853 ταῖς
2453 4790 2700 4860 νεφέλαις
2728 4792 2822 4845 τοῦ
2859 4791 2932 4864 μὴ
2962 4792 3146 4864 βρέξαι
3183 4794 3267 4846 ἐπ’
3295 4791 3492 4855 αὐτοὺς
3525 4791 3711 4854 ὑετὸν,

2132 4881 2224 4932 καὶ
2257 4879 2408 4934 ἔσται
2437 4881 2613 4952 λιμὸς,
2649 4883 2709 4934 οὐ
2747 4881 2904 4953 λιμὸς
2950 4881 3113 4953 ἄρτου
3141 4921 3158 4946 ,
3215 4881 3350 4936 ἀλλά
3403 4879 3562 4952 λιμὸς
3612 4881 3719 4936 ςοῦ

462 4970 592 5024 bum
655 4966 869 5023 Domini
897 4967 965 5020 ".
1006 4985 1026 5019 ι
1062 4966 1122 5022 Si
1175 4967 1320 5025 Deus
1372 4981 1557 5027 noster
1604 4971 1706 5025 lux
1761 4983 1877 5038 est,
1907 4988 2036 5045 quo-

2157 4969 2361 5024 ικοῦσαι
2381 4971 2537 5040 λόγον
2569 4973 2793 5044 Κυρίου.
2828 4991 2846 5024 ι
2875 4972 2936 5025 El
2976 4975 3004 5025 6
3047 4971 3181 5034 Θεὸς
3221 4971 3378 5042 ἡμῶν
3410 4971 3528 5040 φῶς
3568 4972 3720 5040 ἐστι,

464 5058 632 5114 modo
663 5057 900 5113 tenebris
939 5056 1289 5113 occultatur?
1317 5057 1584 5117 Existimo
1619 5059 1772 5116 illum
1799 5061 2036 5118 tenebris

2157 5061 2250 5126 πῶς
2279 5062 2612 5118 καλύπτεται
2659 5063 2872 5130 σκότει;
2907 5059 3074 5134 Οἶμαι
3107 5063 3182 5126 δὲ,
3224 5063 3305 5116 ὄτι
3351 5062 3518 5117 αὐτὸν
3565 5062 3722 5119 οὕτω

455 5150 727 5208 occultari
769 5149 1225 5222 quemadmodum
1258 5151 1312 5207 id
1355 5154 1502 5222 quod
1540 5152 2032 5222 cognoscitur,oe-

2157 5151 2398 5207 ιαλύπτει
2425 5154 2632 5218 σκότος,
2666 5153 2742 5218 ὡς
2766 5155 2859 5209 καὶ
2885 5157 2950 5226 τῇ
2977 5155 3171 5224 ἀγνοίᾳ
3209 5153 3270 5207 τὸ
3303 5153 3722 5225 γινωσκόμενον

535 5269 582 5302 ⁸⁸
605 5267 698 5325 Ps.
733 5281 934 5335 χχχιιι,
961 5267 1052 5323 17.
1131 5267 1176 5299 ⁸⁸
1201 5266 1299 5322 Ps.
1335 5281 1412 5335 1v,
1443 5268 1495 5322 .7.
1571 5269 1617 5302 “
1645 5269 1748 5325 lsai
1785 5285 1838 5338 v,
1872 5269 1926 5325 6.
2002 5270 2044 5303 ⁶’

2157 5287 2248 5328 nos
2299 5289 2419 5339 vni,
2460 5274 2545 5328 lt.

2201 5416 2312 5486 (75)
2351 5417 2405 5469 Ὀ
2435 5382 2579 5486 Θεὸς
2615 5417 2685 5470 ἐν
2727 5415 2845 5486 μὲν
2887 5415 3014 5482 τοῖς
3057 5415 3280 5486 ἁγίοις,
3300 5422 3412 5486 etc.
3475 5409 3722 5470 Scbedm

2129 5481 2341 5550 Grabi'i,
2372 5495 2426 5540 et
2453 5481 2624 5542 codex
2652 5481 3038 5550 Coisliniauus,
3066 5481 3217 5540 num.
3258 5481 3346 5537 10.
3586 5549 3589 5550 ν
3677 5522 3688 5529 .

2173 5549 2334 5636 ,(74)
2362 5555 2792 5636 Ἐπειδῂλέθετο
2824 5557 3065 5636 excitos,
3100 5565 3218 5636 etc.
3271 5552 3455 5610 Codex
3500 5549 3720 5608 Coisli-

2131 5625 2346 5692 nianus,
2383 5642 2536 5686 num.
2564 5625 2652 5694 10,
2685 5637 2741 5684 et
2767 5628 2980 5684 schedia
3009 5625 3220 5682 Grabii.

547 5409 618 5464 ‘10
673 5408 759 5474 Τῷ
783 5409 901 5479 μὲν
929 5409 1228 5478 ἑστηκότι,
1260 5417 1366 5464 etc.
1391 5409 1714 5466 'Corderius.

527 5408 645 5551 ξπ)
675 5481 784 5534 Kal
813 5479 933 5549 πῦρ
959 5478 1076 5535 ἀπὸ
1107 5477 1456 5548 προσώπου,
1486 5489 1592 5537 etc.
1631 5481 1714 5538 Scl

501 5478 645 5562 "('71)
675 5478 794 5534 Kal
813 5479 933 5549 πῦρ
959 5478 1076 5535 ἀπὸ
1107 5478 1456 5548 προσώπου,
1486 5489 1592 5537 etc.
1631 5481 1858 5541 Scheda:
1886 5481 2026 5540 Gra-

457 5549 646 5692 bulﬁ)
683 5618 777 5686 Ὠς
806 5618 1026 5689 ἀγαθὸς
1055 5622 1086 5674 ό
1110 5620 1272 5687 Θεός.
1303 5627 1408 5678 etc.
1436 5616 1746 5678 Corderius.
