3822 6542
114 328 233 387 {229

1032 333 1340 391 SELECTA
1377 331 1447 389 IN
1480 331 1817 391 PSALMOS.
1850 363 1921 378 --
1943 333 2135 391 PSAL.
2167 335 2333 392 XVII.
2426 385 2435 392 .

3187 337 3324 393 4250

116 443 547 511 ἀνακαλύπτεται,
578 446 698 516 ἥτις
748 447 823 510 ὡς
874 448 1008 520 πρὸς
1043 448 1135 502 τὸν
1167 448 1524 517 γινώσκοντα,
1555 446 1650 500 καὶ

1760 448 1994 503 cultatur
2018 448 2319 519 ignorantia
2344 463 2464 520 qua:
2492 448 2560 504 ad
2582 456 3014 521 cognoscentem,
3042 462 3149 503 non
3180 448 3245 502 ad
3271 449 3325 503 id

111 540 166 594 οὐ
184 539 309 610 πρὸς
330 538 389 591 τὸ
416 539 810 609 γινωσκόμενον
849 540 1083 608 λέγεται.
1127 542 1340 613 Σκηνὴν
1378 540 1434 593 δὲ
1486 538 1649 594 αὐτοῦ

110 634 197 705 τὴν
222 632 394 703 σάρκα
416 632 717 711 ὠνόμασεν,
744 636 801 686 ὲν
887 634 1118 706 Χριστὸς
1145 633 1433 697 ἐκαθέζετο
1453 651 1463 663 θ
1486 633 1565 686 ἔτι
1593 631 1651 686 δὲ

110 724 272 779 καὶτὸ
294 726 455 794 φάνκι
496 724 699 798 σκηνὴν
727 727 813 780 διὰ
844 728 904 780 τὸ
938 728 1267 799 πρόσκαιρον
1312 728 1411 797 τῆς
1447 725 1654 796 σαρκώ-

110 820 250 881 ᾰεως.
298 835 316 868 t
351 818 413 870 Εί
462 817 569 890 γὰρ
614 819 956 888 ἐγνώκαμεν,
1010 821 1175 889 φησὶ,
1226 819 1456 890 Χριστὸν
1511 816 1651 871 κατὰ

108 908 286 979 σάρκα,
324 907 456 961 ἀλλὰ
478 909 572 962 νῦν
600 910 782 964 οὐκέτι
816 911 1173 981 γινώσκομεν.
1204 931 1222 961 ι
1260 912 1330 962 Ἢ
1362 910 1502 981 τάχα
1528 926 1655 980 σκη-

104 1000 193 1070 νὴν
216 1000 273 1052 τὸ
296 1000 454 1071 σῶμα
485 1001 733 1072 ὠνόμασε
770 1003 858 1057 διὰ
878 1004 977 1073 τὴν
1004 1002 1250 1073 ἄμπελον
1293 1003 1358 1073 ἢν
1392 1001 1450 1068 ὲξ
1484 1000 1650 1069 Αίγύ-

103 1107 228 1143 πτου
251 1091 503 1162 μετῆρεν,
533 1094 619 1146 ἵνα
643 1092 849 1168 φυλάξῃ
879 1094 1071 1166 αὐτὴν,
1114 1096 1271 1168 ἄχρις
1301 1087 1361 1148 οὗ
1401 1094 1649 1166 πεπανθῇ

99 1184 127 1236 ὁ
152 1182 353 1253 βότρυς,
388 1184 480 1237 καὶ
523 1186 596 1256 μὴ
625 1186 949 1257 λυμαίνηται
983 1187 1153 1259 αὐτὴν
1200 1180 1265 1251 ῦς
1291 1188 1355 1240 ὲκ
1417 1186 1647 1259 δρυμοῦ.

99 1276 317 1328 Δύναται
336 1276 392 1329 δὲ
421 1277 620 1349 σκηνὴν
639 1276 816 1346 λέγειν
841 1282 934 1332 καὶ
983 1279 1079 1350 τὴν
1107 1280 1422 1350 σωματικὴν
1468 1280 1650 1348 φύσιν,

99 1363 202 1441 ὲνῇ
236 1369 364 1433 Θεὸς
393 1370 480 1424 διὰ
521 1370 614 1423 τοῦ
636 1370 808 1441 Λόγου
836 1373 1049 1442 ὁρᾶται,
1092 1373 1144 1425 ετ
1170 1389 1233 1440 γε
1287 1373 1352 1425 ἐκ
1391 1373 1655 1443 καλλονῆς

97 1461 397 1531 κτισμάτων
432 1467 461 1517 ὁ
492 1465 867 1536 γενεσιουργὸς
915 1464 1217 1535 θεωρεῖται,
1272 1465 1366 1518 καὶ
1403 1466 1490 1519 διὰ
1542 1467 1651 1520 τῶν

94 1556 408 1627 ποιημάτων
429 1555 547 1609 νοού
556 1574 714 1625 μενος
739 1558 1056 1628 καθορᾶται.

159 1731 267 1786 Καὶ
321 1731 710 1797 ἐξαπέστειλε
755 1733 933 1802 βέλη,
990 1734 1088 1787 καὶ
1131 1733 1495 1803 ἐσκόρπισεν
1542 1735 1650 1789 αὐ-

90 1825 232 1890 τούς
252 1841 265 1853 ·
293 1824 391 1877 καὶ
425 1825 733 1893 ἀστραπὰς
755 1826 1078 1892 ἐπλήθυνε,
1113 1826 1210 1879 καὶ
1243 1825 1653 1893 συνετάραξεν

87 1918 326 1983 αὐτούς.
344 1917 452 1971 Καὶ
481 1916 770 1986 ὤφθησαν
796 1920 855 1971 αἱ
882 1919 1062 1987 πηγαὶ
1094 1917 1211 1970 τῶν
1259 1917 1511 1981 ὑδάτων,
1555 1917 1655 1970 καὶ

86 2012 467 2078 ἀνεκαλύφθη
511 2009 583 2063 τὰ
642 2009 882 2077 θεμέλια
936 2010 1047 2078 τῆς
1094 2010 1474 2079 οὶκουμέιης”
1535 2011 1655 2065 ἀπὸ

82 2101 479 2171 ἐπιτιμήσεὼς
506 2118 644 2166 σου,
672 2103 868 2170 Κύριε,
895 2102 1011 2156 ἀπὸ
1057 2102 1438 2171 ἑμπνεύσεως
1468 2103 1653 2156 πνεύ-

78 2210 267 2263 ματος
298 2192 481 2263 ὀργῆς
535 2208 672 2257 σου,
732 2209 786 2247 κ.
828 2210 876 2245 τ.
907 2194 953 2245 ὲ.
1015 2191 1147 2245 Ὄλα
1185 2194 1366 2245 ἐκεῖνα
1418 2191 1529 2263 (75)
1585 2191 1655 2246 τὰ

80 2284 386 2356 σκύθρωπα
412 2284 501 2337 διὰ
528 2283 683 2336 τοῦτο
712 2283 772 2336 τὸ
805 2283 1059 2355 χρηστόν.
1093 2284 1349 2354 Ἐπιτιμᾷ
1387 2278 1478 2335 οὖν
1500 2322 1515 2345 ,
1558 2282 1655 2335 καὶ

78 2378 281 2446 ὲμπνεῖ
312 2374 525 2445 πνεῦμα
551 2375 738 2447 ὀργῆς,
781 2376 868 2429 ἵνα
900 2375 1135 2444 ὀφθῶσιν
1193 2376 1249 2427 αἱ
1316 2374 1486 2445 πηγαὶ
1547 2373 1654 2427 τῶν

76 2470 314 2536 ὑδάτων,
345 2467 439 2521 καὶ
479 2466 897 2536 άνακαλυφθῶσι
930 2467 999 2519 τὰ
1054 2466 1279 2537 θεμέλια
1334 2467 1430 2537 τῆς
1475 2469 1657 2520 οἰκου-

77 2560 275 2630 μένης.
311 2560 374 2611 Ei
413 2557 614 2627 ἀγαθὸν
639 2557 699 2610 τὸ
724 2557 951 2628 ὀφθῆναι
983 2559 1075 2611 καὶ
1118 2557 1497 2628 φανερωθῆναι
1553 2557 1653 2621 τὰς

72 2650 271 2722 πηγὰς
291 2650 400 2704 τῶν
423 2651 629 2704 ὑδάτων
667 2645 739 2703 ὧν
779 2652 991 2721 ἡγεῖται
1024 2652 1053 2704 ό
1087 2651 1275 2704 εἰπών’
1333 2672 1349 2702 ι
1387 2652 1515 2721 Ἐμὲ
1557 2652 1652 2720 ἐγ-

69 2744 405 2799 κατελίπετε
437 2744 616 2815 πηγὴν
651 2743 839 2806 ὓδατος
872 2742 1105 2808 ζῶντος·
1148 2763 1165 2796 ι
1218 2744 1419 2813 ἀγαθὸν
1468 2744 1525 2796 δὲ
1558 2744 1653 2796 καὶ

67 2836 138 2888 τὸ
173 2836 626 2908 ἀποκαλυφθῆναι
661 2837 728 2890 τὰ
762 2837 986 2907 θεμέλια
1038 2836 1139 2906 τῆς
1185 2835 1529 2907 οἰκουμένης,
1565 2836 1652 2888 ἵνα

66 2926 334 3000 θεωρηθῇ
395 2929 426 2999 ἡ
455 2928 584 2995 άγία
613 2926 798 2999 Τριὰς,
833 2927 952 2996 ἥτις
985 2926 1209 2996 ἄρχεται
1248 2925 1356 2977 τῶν
1418 2924 1654 2994 κτισμά-

64 3034 208 3073 τωνο
251 3018 369 3082 πῶς
392 3019 461 3072 τά
490 3018 692 3072 τούτων
722 3017 997 3089 ποιητικὰ,
1030 3018 1133 3071 κᾶν
1174 3015 1470 3088 σκυθρωπὰ
1511 3013 1651 3069 εἶναι

60 3113 238 3181 δοκῇ,
276 3111 507 3179 εὐλόγως
565 3127 648 3174 τις
700 3111 1035 3174 dimiserat;
1068 3108 1167 3179 τὴν
1231 3106 1491 3178 χάλαζαν,
1557 3107 1651 3160 καὶ

59 3206 203 3267 τοὺς
237 3203 512 3275 ἄνθρακας
538 3201 726 3274 πυρὸς,
759 3201 855 3255 καὶ
880 3200 947 3254 τὰ
975 3200 1125 3272 βέλη,
1156 3201 1250 3253 καὶ
1291 3199 1393 3261 τὰς
1442 3200 1650 3271 ἀστρα-

59 3300 209 3364 πάς,
254 3300 347 3353 καὶ
379 3298 720 3367 ἐπιτιμήσεις
746 3294 841 3347 τοῦ
882 3294 1037 3356 Θεοῦ,
1079 3294 1173 3346 καὶ
1203 3293 1298 3365 τὴν
1353 3291 1650 3363 έμπνευσιν

54 3392 163 3445 τοῦ
196 3390 513 3460 πνεύματος
545 3389 643 3459 τῆς
672 3386 840 3458 ὀργῆς
862 3385 1205 3456 αὑτοῦ.’¹Αμα
1230 3386 1285 3439 δὲ
1309 3386 1485 3458 τήρει,
1507 3387 1588 3439 ὅτι
1615 3387 1649 3457 ἡ

51 3483 401 3552 ἐπιτίμησις
450 3478 711 3552 θεραπεία
760 3479 843 3542 τίς
901 3480 1017 3531 ἐστι
1068 3476 1163 3531 τοῦ
1223 3477 1647 3549 ὲπιτιμωμένου,

50 3573 552 3644 ὲπιπλησσομένου
587 3572 672 3624 ἵνα
708 3570 982 3642 παύσηται
1013 3569 1249 3641 ἐνεργῶν
1310 3568 1377 3623 τά
1412 3571 1648 3640 χείρονα.

49 3667 251 3721 Ὅθεν
271 3665 502 3736 πυρετὸν
525 3664 619 3718 καὶ
650 3664 883 3733 ἀνέμους
925 3663 1017 3716 καὶ
1069 3662 1343 3715 θάλασσαν
1389 3660 1653 3733 ἐπιτιμώ-

50 3776 215 3831 μενα.
263 3759 366 3812 ὑπὸ
402 3757 574 3829 Ἰησοῦ
603 3756 834 3820 ἁκούων,
858 3756 965 3808 νόει
990 3756 1153 3820 ἀξίως
1172 3757 1268 3827 τῆς
1310 3757 1481 3828 Ἰησοῦ
1513 3774 1649 3828 χρη-

42 3853 361 3923 στότητος.
389 3854 457 3905 Ἢ
489 3850 678 3915 οὕτως·
712 3850 1046 3920 Οἰκουμένην
1071 3853 1350 3923 συνίστησι
1385 3853 1650 3923 νοήματα,

37 3946 154 3998 καὶ
193 3943 380 4011 λόγοι,
412 3942 504 3995 καὶ
530 3941 777 4013 πράξεις,
805 3941 1305 4012 ἐποικοδομούμενα
1351 3945 1468 4005 ταῖς
1505 3942 1652 4008 ἕξεσι

29 4054 105 4088 τε
146 4036 271 4089 καὶ
301 4034 622 4088 διαθέσεσιν.
664 4035 829 4087 Ὅταν
859 4029 970 4096 οὖν,
1004 4035 1304 4105 σκορπίσας
1336 4036 1463 4098 τοὺς
1510 4034 1651 4104 φαύ-

29 4128 186 4190 λους
230 4129 352 4189 ’τοῖς
378 4125 572 4196 βέλεσι,
606 4124 908 4197 συνταράξῃ
933 4126 1026 4179 καὶ
1052 4129 1169 4189 ταῖς
1190 4126 1513 4198 ἀστραπαῖς,
1543 4127 1652 4182 τῶν

28 4218 346 4291 κρυπτῶν
372 4218 479 4271 τῶν
516 4218 815 4289 ἀνθρώπων
846 4222 1261 4292 φανερουμένων
1280 4263 1297 4291 ,
1330 4222 1652 4290 φωτίζοντος

27 4311 144 4364 τοῦ
173 4309 337 4364 Θεοῦ
382 4309 451 4363 τὰ
474 4310 691 4381 κρυπτὰ
716 4310 807 4364 τοῦ
837 4312 1078 4376 σκότους,
1138 4315 1230 4366 καὶ
1284 4313 1508 4384 θεμέλια
1551 4314 1653 4384 τῆς

27 4404 409 4475 οἰκουμένης
435 4403 787 4473 ἀνακαλύψει,
814 4406 938 4468 τοὺς
983 4406 1195 4468 ἀσεϐεῖς
1233 4405 1319 4458 διὰ
1380 4406 1651 4461 κολάσεων

1759 540 1903 609 quod
1933 541 2277 611 cognoscitur
2300 540 2554 611 pertinet.
2588 540 2942 596 Tabernaculi
2964 540 3180 594 nomine
3205 556 3325 594 car-

1762 647 1883 686 nem
1914 632 2146 695 vocavit,
2180 632 2235 685 in
2262 648 2367 701 qua
2398 630 2648 688 Christus
2676 633 2915 688 sedebat.
2947 632 3211 687 Praeterea
3242 642 3326 685 ta-

1759 725 2111 780 bernaculum
2133 724 2329 779 dicitur
2351 734 2572 795 propter
2592 726 2969 795 temporariam
2990 725 3107 795 ejus
3126 724 3180 778 in
3201 739 3325 779 car-

1758 831 1829 871 ne
1853 817 2327 884 diSpensationem.
2362 834 2379 865 ι
2408 814 2520 869 Etsi
2552 834 2569 866 ›
2602 816 2767 883 enim,
2790 816 2963 886 inquit
2982 816 3046 880 ⁸⁸,
3078 834 3095 867 ‹
3127 829 3328 885 cogno-

1758 907 1935 962 vimus
1950 906 2223 962 Christum
2245 908 2543 965 secundum
2562 923 2801 971 carnem,
2820 908 2914 962 sed
2936 908 3203 976 nuncjam
3218 921 3328 960 non

1760 1001 2028 1057 novimus.
2061 1019 2079 1051 ›
2106 999 2202 1055 Vel
2221 1000 2359 1055 forte
2378 1000 2781 1054 tabernaculum
2804 1014 2998 1069 corpus
3019 998 3323 1068 appellavit,

1760 1093 1831 1148 ob
1854 1094 2063 1149 vineam
2090 1109 2250 1163 quam
2276 1092 2343 1146 de
2372 1092 2600 1162 Aigypto
2629 1091 2902 1145 transtulit
2923 1091 2987 1155 ⁶⁹,
3013 1099 3072 1144 ut
3096 1089 3329 1144 custodi-

1760 1194 1843 1239 ret
1868 1185 2010 1238 illam
2036 1184 2210 1239 donee
2234 1182 2301 1235 ad
2326 1181 2689 1235 maturitatem
2728 1179 3035 1248 perveniret
3058 1193 3326 1244 racemus,

1761 1285 1816 1331 et
1839 1292 1907 1330 ne
1931 1276 2312 1331 exterminaret
2336 1288 2453 1327 eam
2480 1286 2609 1342 aper
2633 1271 2700 1326 de
2731 1271 2889 1328 silva.
2908 1270 3091 1324 Potest
3111 1285 3327 1339 quoque

1763 1369 2168 1424 tabernaculum
2219 1366 2397 1422 dicere
2446 1378 2761 1433 corpoream
2808 1371 3056 1415 naturam
3110 1361 3165 1414 in
3220 1376 3325 1429 qua

1761 1460 1903 1514 Deus
1933 1475 2029 1529 per
2054 1458 2285 1514 Verbum
2330 1455 2688 1524 conspicitur,
2726 1452 2986 1522 siquidem
3019 1468 3083 1506 ex
3112 1462 3328 1506 creatu-

1760 1566 1941 1605 rarum
1978 1550 2378 1620 putchritudine
2424 1555 2636 1602 creator
2680 1543 3008 1616 agnoscitur,
3041 1552 3096 1597 et
3128 1559 3224 1613 per
3263 1558 3327 1599 ea

1758 1656 1880 1714 qua:
1908 1641 2047 1696 facta
2076 1650 2225 1706 sunt,
2251 1639 2557 1694 intellectus
2587 1626 2935 1705 conspicitur.

1831 1731 1989 1786 Vens.
2026 1731 2113 1797 15,
2154 1732 2237 1786 16.
2272 1732 2343 1785 Et
2387 1734 2525 1788 misit
2572 1735 2788 1804 sagittas
2818 1750 2940 1788 suas
2963 1773 2978 1799 ,
3009 1742 3058 1788 et
3091 1734 3316 1802 dissipa-

1753 1824 1821 1878 vit
1852 1841 1938 1878 eos
1961 1840 1980 1879 :
2006 1825 2221 1895 fulgura
2247 1826 2650 1896 multiplicauit,
2673 1840 2719 1884 et
2755 1830 3077 1884 conturbavit
3107 1847 3214 1888 eos.
3246 1830 3316 1884 Et

1754 1928 2112 1985 apparuerunt
2159 1917 2325 1985 fontes
2357 1935 2633 1989 aquarum,
2654 1930 2703 1974 et
2754 1923 2978 1976 revelata
3024 1932 3147 1977 sunt
3193 1924 3317 1991 [tm-

1754 2008 1998 2060 damenta
2016 2008 2153 2061 orbis
2168 2018 2428 2062 terrarum
2448 2027 2466 2065 :
2484 2011 2547 2062 ab
2566 2010 2921 2079 increpatione
2941 2023 3056 2078 tua,
3079 2014 3315 2077 Domine,

1753 2099 1818 2150 ab
1867 2098 2210 2167 inspiratione
2267 2103 2480 2169 spiritus
2527 2103 2624 2155 ira:
2676 2114 2809 2167 ture,
2848 2114 2954 2161 etc.
2987 2104 3178 2160 Omnia
3213 2108 3314 2161 ista

1757 2190 2017 2244 terribilia
2046 2202 2173 2246 sunt
2194 2194 2263 2247 ob
2287 2192 2454 2269 hocce
2485 2196 2705 2251 bonum.
2741 2195 2988 2265 Increpat
3025 2198 3186 2267 igitur
3207 2240 3221 2260 ,
3261 2205 3317 2250 et

1754 2282 1984 2350 inspirat
2026 2283 2120 2336 irae
2164 2283 2446 2352 spiritum,
2488 2298 2544 2339 ut
2583 2296 2883 2357 appareant
2917 2288 3093 2343 lentes
3140 2303 3310 2357 aqua-

1754 2389 1915 2441 rum,
1965 2383 2018 2429 et
2066 2376 2375 2431 revelentur
2425 2377 2777 2434 fundamenta
2827 2379 2978 2435 orbis
3023 2390 3313 2435 terrarum.

1755 2464 1812 2519 Si
1842 2465 2040 2520 bonum
2070 2474 2152 2522 est
2177 2482 2437 2537 apparere
2468 2478 2524 2523 et
2556 2469 2784 2524 revelari
2827 2470 3004 2525 fontes
3050 2486 3312 2540 aquarum

1754 2556 1952 2624 quibus
1996 2559 2251 2626 praesidet
2295 2560 2342 2615 is
2370 2560 2461 2629 qui
2493 2561 2730 2615 dixit":
2781 2580 2799 2613 α
2835 2562 2917 2618 Me
2951 2565 3320 2634 dereliquistis

1752 2644 1955 2700 fontem
2006 2663 2159 2717 aqua:
2212 2650 2377 2716 vivae;
2423 2669 2442 2701 ι
2476 2650 2785 2722 bonumque
2829 2663 2912 2707 est
2951 2654 3113 2708 etiam
3166 2671 3321 2711 reve-

1755 2734 1853 2789 lari
1889 2735 2239 2793 l'undameuta
2287 2742 2437 2797 orbis
2482 2752 2781 2809 terrarum,
2818 2754 2876 2798 ut
2913 2754 3100 2799 sancta
3134 2744 3319 2800 Trini-

1755 2837 1836 2883 tas
1864 2831 2264 2899 conspiciatur,
2302 2848 2422 2902 quae
2452 2833 2681 2903 imperat
2719 2839 3024 2891 creaturis:
3050 2840 3320 2907 quomodo

1754 2919 1843 2975 illa
1872 2935 1992 2990 qua:
2021 2923 2134 2976 haec
2170 2922 2412 2991 faciunt,
2448 2928 2658 2981 tametsi
2692 2929 2973 2983 horribilia
3007 2930 3317 2997 videantur,

1756 3027 2017 3068 accusare
2063 3013 2213 3083 juste
2261 3017 2385 3085 quis
2435 3018 2641 3086 possit?
2688 3021 3039 3087 grandinem,
3074 3021 3319 3089 inquam,

1677 3138 1719 3197 ρ
1755 3119 1808 3165 et
1836 3113 2102 3167 carbones
2132 3110 2269 3182 ignis
2292 3152 2307 3177 ,
2343 3122 2399 3166 et
2439 3113 2745 3183 sagittas,et
2775 3114 2983 3181 fulgura
3011 3154 3026 3180 ,
3059 3124 3112 3169 et
3144 3117 3318 3172 incre-

1758 3205 2004 3272 pationes
2029 3204 2162 3270 Dei,
2197 3214 2252 3259 et
2300 3205 2712 3275 inspirationem
2759 3206 2980 3276 spiritus
3035 3208 3128 3262 irae
3179 3209 3317 3276 ejus.

1758 3294 1927 3350 Simul
1953 3305 2132 3351 autem
2167 3296 2395 3351 observa
2426 3297 2845 3367 increpationem
2875 3314 2999 3355 esse
3032 3301 3321 3369 quamdam

1756 3386 2092 3441 curationem
2135 3385 2251 3455 ejus
2298 3389 2391 3457 qui
2431 3388 2773 3455 increpatur,
2812 3389 2942 3443 dum
3001 3391 3319 3459 increpatur

1757 3487 1865 3532 uta
1903 3479 2082 3547 pravis
2110 3479 2366 3549 operibus
2406 3479 2652 3534 desistat.
2692 3480 2846 3535 Unde
2884 3495 3007 3536 cum
3038 3481 3230 3538 febrim
3265 3490 3323 3537 et

1756 3579 1951 3626 ventos
1975 3580 2028 3624 et
2058 3585 2208 3624 mare
2243 3586 2271 3625 a
2296 3570 2420 3627 Jesu
2466 3572 2738 3640 increpari
2775 3573 2968 3639 audis,
3004 3574 3119 3629 haec
3171 3574 3323 3630 intel-

1757 3658 1863 3727 lige
1905 3664 2064 3726 prout
2120 3657 2248 3713 Jesu
2280 3657 2576 3714 bonitatem
2603 3660 2779 3715 decet.
2829 3660 2923 3715 Vel
2972 3662 3050 3717 sic
3081 3682 3093 3717 :
3122 3660 3322 3719 Orbem

1762 3754 2037 3801 terrarum
2088 3749 2426 3802 constituunt
2469 3748 2869 3818 cogitationes,
2917 3760 2972 3806 et
3014 3753 3214 3819 verba,
3266 3762 3325 3810 et

1758 3852 1925 3907 opera
1966 3852 2085 3908 quae
2117 3837 2391 3893 habilibus
2420 3850 2474 3894 et
2511 3839 2794 3895 affectibus
2840 3852 3317 3910 superstruuntur.

1758 3929 1985 3995 Quando
2023 3930 2185 3999 igitur
2218 3931 2564 3999 dissipaverit
2616 3933 2891 4003 improbos
2920 3936 3132 4005 sagittis
3157 3976 3173 4003 ,
3200 3952 3325 3993 eos-

1757 4035 1865 4089 que
1893 4022 2300 4077 conturbaverit
2346 4022 2597 4093 fulgetris
2622 4065 2635 4090 ,
2663 4025 2891 4081 occultis
2920 4027 3199 4082 hominum
3237 4044 3324 4097 pa-

1759 4110 2010 4177 tefactis,
2060 4113 2169 4166 Deo
2225 4112 2539 4167 abscondita
2593 4114 2937 4169 tenebrarum
2988 4115 3321 4183 illustrante,

1757 4200 2105 4258 fundamenta
2154 4203 2323 4275 608
2346 4204 2513 4259 etiam
2541 4205 2690 4260 orbis
2734 4215 3002 4261 terrarum
3040 4207 3322 4274 revelabit,

1759 4295 1953 4364 impios
2007 4295 2288 4365 suppliciis
2329 4296 2682 4366 increpando.
2736 4296 3107 4355 Fundamenta
3156 4302 3323 4355 etiam

1757 4387 1906 4442 orbis
1932 4396 2057 4441 sunt
2089 4387 2333 4442 homines
2355 4387 2448 4442 Dei
2476 4397 2696 4457 propter
2723 4389 3084 4456 soliditatem,
3127 4390 3325 4459 quibus

27 4497 373 4569 ἐπιτιμῶν.
409 4496 643 4567 Θεμέλια
667 4498 722 4551 δὲ
755 4497 1078 4569 οἰκουμένης
1138 4499 1231 4551 καὶ
1282 4499 1472 4570 ἄνδρες
1518 4500 1650 4554 θεῖοι

1760 4480 2259 4550 supertedilicantur
2288 4481 2337 4535 hi
2372 4481 2463 4550 qui
2487 4481 2782 4536 secundum
2807 4481 3082 4536 Christum
3111 4482 3322 4538 vivunt.

27 4595 133 4649 5ιά
202 4594 278 4647 τὸ
329 4591 573 4656 εὔτονον,
627 4591 709 4659 ἐφ’
764 4586 845 4653 οἷς
899 4591 1373 4660 ἐποικοδομοῦνται
1419 4594 1465 4644 οἱ
1510 4592 1651 4645 κατὰ

27 4685 315 4757 Χριστὸν
355 4681 776 4752 πολιτευόμενοι.
812 4683 923 4734 Καὶ
952 4674 1098 4733 οῦτοι
1144 4683 1199 4735 δὲ
1249 4684 1651 4737 ἀνακαλύπτον-

27 4796 155 4843 rat,
215 4776 600 4845 ἐπιτιμήσεως
628 4774 917 4844 γινομένης
940 4775 1081 4827 κατὰ
1106 4774 1213 4827 τῶν
1247 4777 1517 4848 πονηρῶν,
1549 4796 1651 4850 μη-

27 4869 263 4941 ῐαμῶς
295 4866 605 4936 ἁπτομένης
641 4865 819 4919 αὐτῶν
846 4865 944 4936 τῆς
972 4865 1257 4930 κολάσεως.
1286 4869 1362 4921 Οὐ
1382 4870 1651 4941 παραυτί-

27 4980 97 5018 ια
135 4961 220 5014 δὲ
270 4959 487 5022 κολάζει
522 4961 551 5012 ὁ
594 4958 727 5021 Θεὸς
759 4958 884 5021 τοὺς
940 4959 1378 5031 ἁμαρτάνοντας,
1416 4977 1653 5032 προανα-

27 5056 245 5110 nove?
280 5052 339 5105 δὲ
365 5052 463 5122 τῆς
487 5050 657 5122 ὀργῆς
687 5049 785 5113 τὰς
818 5051 1084 5117 κολάσεις,
1120 5054 1213 5105 καὶ
1246 5052 1403 5106 τοῦτό
1444 5057 1558 5109 ἐστι
1593 5056 1654 5108 τὸ

32 5144 339 5221 μπνέειν
361 5144 522 5197 αὐτὸν
557 5143 772 5214 πνεῦμα
803 5142 903 5213 τῆς
936 5143 1103 5216 ὀργῆς
1135 5145 1321 5200 αὐτοῦ.

96 5236 268 5294 Τοῦ
293 5234 501 5290 αὑτοῦ.
552 5237 681 5289 Ὅτε
705 5236 775 5290 τά
816 5235 1157 5306 πνευματικὰ
1189 5236 1299 5307 (76)
1359 5253 1654 5307 πνευματι-

28 5338 155 5396 ,οἷς
212 5329 619 5400 συγκρίνομεν,
641 5330 762 5383 τότε
793 5329 1051 5399 ποιοῦμεν
1083 5327 1181 5391 τὰς
1208 5329 1514 5399 ἀστραπὰς,
1554 5329 1653 5400 τὴν

32 5433 114 5482 π’
149 5424 379 5480 αὐτῶν
412 5425 610 5492 γνῶσιν
652 5424 1025 5496 ἐμφαίνοντες.
1083 5424 1313 5495 Νοήσεις
1365 5424 1654 5495 ἀστραπὰς

80 5591 152 5622 σε
192 5586 263 5641 ll
324 5584 445 5640 (lar.
475 5602 527 5652 ν,
558 5588 646 5641 16.
724 5588 766 5620 ⁸9
794 5586 884 5641 Ps.
907 5600 1091 5650 uxrx,
1124 5586 1177 5641 9.
1228 5586 1274 5617 "°
1296 5583 1498 5642 Jerem.
1527 5602 1590 5654 ll,
1627 5588 1717 5645 i5.

114 5738 266 5803 75)
309 5735 459 5787 "0.1a
484 5732 699 5796 ἐκεῖνα,
728 5742 834 5787 etc.
860 5731 1165 5803 Gorderins.

122 5826 145 5862 l

1757 4572 1896 4640 Quin
1923 4583 1977 4627 et
2004 4574 2054 4627 hi
2088 4573 2427 4638 revelantur,
2465 4573 2661 4642 quippe
2691 4586 2829 4642 quos
2857 4588 3016 4643 paena
3056 4589 3162 4629 non
3202 4585 3324 4630 tan-

1757 4663 1832 4731 git
1863 4663 1989 4717 dum
2033 4664 2100 4719 de
2145 4661 2406 4731 improbis
2454 4660 2718 4732 supplicia
2761 4672 3073 4719 sumuntur.
3122 4661 3324 4718 Verum

1755 4768 1860 4808 non
1899 4756 2082 4810 statim
2106 4755 2252 4810 Deus
2273 4757 2424 4825 punit
2445 4766 2789 4824 peccatores,
2825 4756 2921 4812 sed
2948 4770 3164 4826 poenam
3199 4768 3325 4817 ante

1755 4846 1889 4901 iram
1917 4847 2235 4916 denuntiat,
2266 4858 2322 4903 et
2342 4848 2447 4903 hoc
2465 4856 2548 4902 εει
2572 4846 2747 4917 ipsum
2779 4847 3047 4918 inspirare
3072 4849 3323 4920 spiritum

1756 4955 1852 4995 me
1884 4954 2014 4994 50$.

1829 5239 2105 5310 Ejusdem.
2149 5241 2379 5309 Quando
2424 5243 2686 5316 spiritalia
2739 5244 3075 5317 spiritalibus
3111 5262 3324 5319 compa-

1759 5350 1989 5405 ramus,
2036 5348 2165 5395 tunc
2206 5337 2420 5407 fulgura
2473 5339 2780 5409 mittimus,
2832 5340 3195 5411 cognitionem
3254 5342 3323 5396 ab

1759 5430 1837 5486 eis
1880 5433 2287 5501 provenientem
2339 5432 2777 5493 manifestantes.
2828 5432 3041 5492 Poteris
3103 5449 3321 5506 quoque

298 5804 435 5857 Ὅτε
460 5806 528 5858 τὰ
559 5799 945 5872 πνευματικά,
982 5812 1084 5860 ctc.
1117 5802 1345 5858 Sehedte
1368 5802 1575 5871 Grabii,
1601 5812 1652 5860 et

1764 5802 1994 5871 rbarusa
