3986 6384
499 209 636 267 1251

501 422 918 491 telligere,qua
983 423 1212 476 obseura
1267 423 1652 492 prophetarum
1715 425 1879 479 verba
1941 425 2066 480 illn-

499 522 765 569 ειῐσιιιυν.

569 603 846 674 Ejusdem.
881 601 986 657 Per
1021 601 1202 658 fontes
1231 603 1484 674 intelligit
1515 606 1744 661 virtutes
1769 621 1833 660 es
1870 607 2069 676 quibus

1873 211 1962 266 EX
1996 210 2296 270 ORIGENE

499 347 598 400 per
643 329 896 401 fulgura,
929 327 1124 384 divinae
1177 331 1577 399 praedicationis
1627 333 1950 402 splendores
1993 337 2059 387 in-

2169 334 2264 387 usti
2292 332 2390 397 τὰς
2411 334 2798 406 λαμπρότητας
2820 336 2914 390 τοῦ
2949 337 3092 392 θείου
3119 338 3470 411 κηρύγματος
3493 341 3559 396 δι’
3591 338 3651 396 οὗ
3678 346 3740 398 τὰ

3607 222 3630 276 1
3641 224 3741 278 232

2173 426 2420 479 σκοτεινά
2456 427 2565 479 τῶν
2609 429 2901 500 προφητῶν
2929 432 3150 502 ῥήματα
3177 432 3600 504 διηυγάσθησαν.

2243 607 2354 674 Ἰῖοῦ
2390 609 2598 664 αὐτοῦ.
2631 610 2821 681 Πηγάς
2865 611 2964 675 τὰς
2997 611 3198 682 ἀρετὰς
3230 613 3340 684 (7'7)
3389 612 3538 682 λέγει
3572 615 3628 681 ὲξ
3665 609 3736 669 ὧν

500 696 740 766 cognitio
764 695 1024 765 procedit.
1054 711 1072 744 ι
1096 691 1245 752 Beati
1267 713 1288 749 δ
1313 699 1456 752 enim
1475 737 1490 762 ,
1523 697 1694 766 inquit
1718 697 1786 761 τί,
1822 716 1840 749 ε
1867 700 2059 752 mundo

2168 695 2444 768 ἐξέρχεται
2474 699 2692 767 γνῶσις.
2729 721 2748 752 ί
2781 703 3056 774 Μακάριοι
3079 703 3206 775 γὰρ,
3231 706 3416 776 φησιν,
3439 707 3488 760 ol
3512 707 3735 780 καθαροὶ

500 787 696 853 corde,
723 790 977 858 quoniam
1012 791 1111 860 ipsi
1145 790 1310 844 Deum
1341 790 1620 844 videbunt.
1651 809 1669 842 ι

571 879 736 934 Vens.
764 881 850 947 17,
885 881 969 936 18.
1003 881 1154 935 Misit
1203 883 1268 936 de
1312 897 1518 935 summo
1547 892 1595 934 et
1644 881 1844 949 accepit
1887 895 1970 934 me
2015 888 2066 934 et

497 970 873 1040 assumpsitme
888 970 951 1024 de
965 976 1118 1042 aquis
1144 974 1348 1027 multis.
1375 972 1577 1042 Eripiet
1624 990 1704 1026 me
1736 974 1800 1027 de
1833 973 2066 1026 inimicis

497 1063 627 1115 meis
657 1062 983 1130 fortissimis,
1012 1074 1059 1118 et
1089 1064 1152 1118 ab
1183 1065 1265 1118 his
1290 1065 1382 1133 qui
1409 1065 1628 1118 aderunt
1658 1081 1740 1119 me
1763 1079 1782 1118 :
1815 1064 2060 1134 quoniam

497 1153 786 1222 eonfortati
804 1163 928 1208 sunt
952 1171 1111 1223 super
1139 1172 1239 1220 me,
1271 1166 1376 1211 etc.
1429 1154 1548 1225 ipse
1573 1156 1640 1209 de
1669 1169 1882 1209 summo
1910 1169 2064 1208 acce-

497 1244 576 1315 pit
599 1260 684 1300 me
702 1288 716 1312 ,
746 1261 868 1300 cum
895 1261 980 1302 me
1004 1247 1210 1317 lapsum
1235 1251 1531 1317 assumpsit
1547 1248 1616 1306 de
1630 1248 1789 1319 aquis
1816 1247 2064 1300 humana:

496 1337 650 1402 vitae,
675 1347 729 1392 et
753 1338 950 1407 eripuit
999 1339 1066 1393 de
1112 1338 1348 1397 inimicis
1378 1338 1502 1392 odio
1541 1336 1874 1392 fortissimis.
1901 1339 2066 1394 Caete-

495 1439 612 1484 rum
643 1430 870 1487 observa
917 1440 1164 1513 potentes
1198 1430 1306 1485 dici
1356 1429 1628 1485 inimicos.
1662 1430 1826 1484 Forte
1879 1442 2060 1485 autem

494 1529 549 1576 et
581 1521 878 1592 impietatis
909 1522 1158 1592 dogmata
1189 1529 1316 1575 sunt
1366 1537 1522 1590 aquae
1574 1521 1754 1576 multae
1795 1536 1916 1592 quas
1955 1539 2060 1576 non

490 1621 721 1683 possunt
743 1614 1093 1682 exstinguere
1117 1612 1459 1666 charitatem.
1483 1611 1691 1667 Inimici
1720 1627 1849 1666 vero
1882 1613 2062 1668 fortis-

2165 787 2229 856 τῇ
2264 787 2479 859 καρδία,
2508 789 2589 843 ὃτι
2621 791 2775 844 αὐτοὶ
2798 792 2891 845 τὸν
2917 793 3048 846 Θεὸν
3068 794 3306 863 ὄψονται.
3345 814 3364 846 ι

2251 877 2704 940 Ἐξαπέστειλεν
2731 880 2800 946 ἐξ
2825 883 3016 950 ὕψους
3048 885 3146 939 καὶ
3179 884 3357 939 ἔλαϐέ
3380 902 3459 954 με
3478 926 3494 950 ,
3523 900 3736 955 προσε-

2164 964 2380 1020 λάϐετο
2396 985 2474 1037 με
2498 969 2567 1034 ἐξ
2617 970 2854 1026 ὑδάτων
2896 972 3159 1028 πολλῶν.
3225 975 3500 1031 Ῥύσεταί
3546 993 3624 1046 με
3667 979 3733 1042 ἐξ

2163 1057 2391 1125 ἐχθρῶν
2408 1078 2528 1128 μου
2559 1061 2854 1128 δυνατῶν,
2888 1066 2984 1119 καὶ
3011 1067 3080 1120 ἐκ
3114 1067 3232 1120 τῶν
3251 1069 3595 1137 μισούντων
3621 1087 3697 1138 με
3715 1086 3730 1101 ο

2163 1145 2254 1200 ὅτι
2284 1149 2735 1219 ἐστερεώθησαν
2777 1153 2927 1222 ὑπὲρ
2968 1156 3074 1225 ἐμὲ
3099 1197 3114 1221 ,
3153 1175 3208 1210 κ.
3259 1174 3310 1212 τ.
3363 1159 3411 1211 ὲ.
3453 1159 3626 1222 Αὐτὸς
3675 1159 3738 1223 ἐξ

2165 1233 2330 1304 ὓψους
2361 1237 2517 1292 ἔλαϐέ
2546 1258 2612 1311 με
2648 1241 2782 1313 (78),
2809 1243 2901 1297 τὸν
2926 1245 3240 1300 καταϐάντα
3296 1247 3732 1318 προσλαϐόμενος

2163 1327 2270 1380 ἀπὸ
2299 1329 2507 1382 πολλῶν
2547 1332 2752 1387 ὑδάτων
2774 1333 2867 1387 τοῦ
2899 1335 3240 1406 ἀνθρωπίνου
3271 1338 3408 1408 βίου,
3442 1339 3536 1392 καὶ
3567 1341 3734 1410 ῥυσά-

2166 1438 2325 1491 μενος
2349 1423 2407 1488 ὲξ
2429 1424 2634 1495 ἐχθρῶν
2664 1429 2720 1480 ὲν
2734 1427 2811 1498 τῷ
2845 1428 3148 1500 ὲχθραίνειν
3171 1431 3576 1502 δυνατῶν.’”ορα
3607 1433 3729 1503 μέν-

2161 1530 2330 1582 τοιγε,
2365 1516 2447 1569 ὅτι
2477 1516 2692 1572 δυνατοὶ
2733 1513 2871 1574 εἶναι
2925 1524 2974 1574 οἱ
3027 1521 3209 1594 ἐχθροὶ
3259 1525 3724 1596 μεμαρτύρηνται.

2167 1606 2324 1670 Ἴσως
2350 1607 2406 1660 δὲ
2431 1609 2523 1661 καὶ
2546 1609 2614 1663 τά
2651 1611 2751 1682 τῆς
2801 1610 3091 1682 ἀθεότητος
3131 1613 3379 1684 δόγματα
3431 1615 3575 1687 ὕδωρ
3614 1614 3731 1669 ἐστὶ

490 1679 615 1762 simi
644 1715 771 1761 sunt
795 1745 812 1770 ,
845 1679 956 1760 tum
986 1705 1020 1758 ii
1048 1706 1140 1774 qni
1167 1703 1469 1759 invisibiles
1492 1713 1635 1766 sunt,
1675 1713 1790 1757 tum
1817 1705 2058 1759 homines

2167 1697 2318 1760 πολὺ,
2353 1699 2413 1752 οὐ
2437 1679 2733 1770 δυνάμενον
2763 1702 2950 1758 σϐέσαι
2988 1679 3093 1776 ’τὴν
3130 1679 3369 1776 ἀγάπην.
3409 1679 3628 1778 Ἐχθροὶ
3673 1707 3730 1762 δὲ

490 1799 582 1868 qui
618 1808 716 1869 per
745 1797 882 1852 falso
910 1795 1346 1868 cognominatam
1373 1794 1658 1850 scientiam
1685 1793 2057 1864 deceptionem

490 1899 802 1961 operantur.

560 1981 835 2052 Ejusdem.
886 1980 964 2035 Ex
1033 1980 1120 2034 liis
1172 1980 1550 2048 cognoscimus
1598 1979 1871 2034 daemones
1933 1988 2058 2033 ante

489 2073 790 2130 Salvatoris
842 2071 1132 2125 adventum
1186 2070 1343 2125 nobis
1369 2108 1384 2135 ,
1421 2085 1566 2144 nunc
1605 2080 1786 2124 autem
1821 2084 1920 2124 nos
1951 2069 2058 2124 illis

485 2164 741 2219 fortiores
771 2178 928 2228 esse,
974 2163 1169 2230 quibus
1211 2161 1358 2216 dedit
1382 2161 1632 2216 Christus
1681 2180 1700 2212 ‹
1734 2170 2054 2231 potestatem

486 2256 726 2311 calcandi
780 2269 944 2324 supra
994 2263 1277 2320 serpentes
1328 2262 1383 2308 et
1411 2256 1756 2323 scorpiones,
1792 2262 1848 2308 et
1894 2269 2058 2324 super

485 2361 704 2403 onmem
741 2348 990 2400 virtutem
1023 2344 1229 2398 inimici
1259 2344 1324 2398 ".
1360 2363 1379 2396 ι

558 2437 717 2494 Vens.
751 2437 838 2503 19,
870 2435 962 2490 20.
1012 2434 1391 2490 Ρναιυειιενιιηι
1425 2453 1505 2492 me
1549 2439 1602 2492 in
1647 2439 1732 2493 die
1761 2439 2055 2509 aﬂlictiom's

2163 1784 2396 1849 δυνατοὶ,
2431 1789 2483 1840 οἵ
2499 1805 2559 1842 τε
2586 1789 2828 1862 άόρατοι,
2855 1791 2948 1846 καὶ
2968 1792 3242 1866 ἄνθρωποι
3280 1796 3328 1846 οἱ
3349 1793 3434 1848 διὰ
3455 1795 3728 1864 ψευδωνύ-

2163 1893 2264 1946 μου
2302 1877 2554 1946 γνώσεως
2577 1881 2676 1952 τὴν
2721 1881 2938 1953 ἀπάτην
2961 1885 3347 1954 ἐργαζόμενοι.

2235 1967 2345 2021 Τοῦ
2382 1969 2586 2024 αὐτοῦ.
2630 1971 2908 2026 Ἐντεῦθεν
2939 1972 3277 2044 γινώσκομεν
3326 1973 3456 2044 (79),
3499 1975 3582 2029 ὅθι
3625 1974 3730 2046 πρὸ

2158 2057 2257 2127 τῆς
2283 2059 2578 2131 ἐπιδημίας
2609 2062 2700 2116 τοῦ
2731 2063 2984 2135 Σωτῆρος
3017 2066 3350 2137 ἰσχυρότεροι
3387 2067 3544 2137 ἡμῶν
3589 2064 3728 2139 ἦσαν

2157 2152 2205 2203 oi
2236 2149 2505 2221 δαίμονες,
2539 2154 2632 2207 νῦν
2651 2154 2708 2208 δὲ
2735 2155 2939 2210 τούτων
2967 2159 3128 2227 ἡμεῖς
3153 2159 3622 2231 ἐπικρατέστεροι,
3647 2154 3729 2224 οἷς

2158 2241 2354 2296 ἔδωκεν
2382 2245 2409 2296 ὁ
2429 2246 2659 2316 Χριστὸς
2693 2265 2711 2298 t
2747 2250 2935 2302 πατεῖν
2967 2249 3152 2304 ἐπάνω
3187 2249 3362 2319 ὄφεων
3409 2250 3508 2304 καὶ
3563 2266 3727 2323 σκορ-

2158 2333 2315 2398 πίων,
2350 2334 2443 2387 καὶ
2475 2334 2568 2387 ἐπὶ
2595 2337 2775 2390 πᾶσαν
2811 2336 2910 2408 τὴν
2935 2337 3162 2410 δύναμιν
3188 2341 3282 2394 τοῦ
3314 2339 3531 2412 ἐχθροῦ.
3549 2358 3566 2391 ιι

2226 2425 2622 2493 Προέφθασάν
2643 2443 2720 2496 με
2758 2427 2828 2480 ἐν
2865 2428 3055 2498 ἡμέρᾳ
3095 2429 3408 2496 κακώσεώς
3444 2447 3588 2499 μου,
3629 2431 3725 2482 καὶ

484 2549 612 2588 mea:
629 2572 644 2596 ,
668 2543 715 2586 et
737 2531 909 2600 factus
934 2541 1007 2583 est
1035 2528 1290 2584 Dominus
1305 2541 1566 2599 protector
1591 2549 1756 2587 meus.
1785 2532 1855 2586 Et
1874 2533 2054 2587 eduxit

2167 2513 2390 2582 ἐγένετο
2411 2517 2624 2584 Κύριος
2644 2517 3074 2588 ἁντιστήριγμά
3113 2538 3252 2589 μου.
3303 2521 3414 2576 Kal
3471 2519 3728 2591 ἐξήταγὲ

483 2640 566 2677 me
593 2623 648 2676 in
675 2621 1042 2684 latitudinem,
1072 2620 1273 2674 salvum
1310 2638 1388 2676 me
1435 2622 1631 2692 faciet,
1664 2625 1917 2694 quoniam
1965 2641 2054 2678 vo-

483 2717 582 2769 luit
616 2731 730 2778 me,
759 2723 864 2768 etc.
910 2712 1012 2779 Qui
1054 2713 1458 2768 tribulationem
1505 2716 1821 2785 patiuntur,
1850 2726 1907 2770 et
1949 2731 2054 2770 non

479 2807 859 2876 angustiantnr
885 2845 900 2868 ,
929 2806 1107 2860 sciant
1151 2822 1212 2861 se
1259 2821 1286 2859 a
1322 2805 1668 2861 tribulatione
1717 2806 2052 2869 liberandos,

482 2910 538 2956 et
587 2902 652 2956 ad
685 2907 928 2954 sanctam
968 2898 1068 2953 Dei
1115 2898 1454 2952 latitudinem
1508 2897 1863 2953 adducendas
1897 2912 2049 2963 esse;

2149 2619 2226 2671 με
2247 2604 2334 2669 είς
2358 2605 2740 2674 πλατυσμὸν,
2755 2607 3009 2676 ῥύσεταί
3041 2625 3152 2678 με,
3189 2608 3283 2663 ὅτι
3326 2609 3594 2678 ἠθέλησέ
3627 2628 3725 2678 με,

2156 2713 2209 2749 κ.
2242 2713 2291 2749 τ.
2318 2696 2364 2748 ὲ.
2389 2697 2450 2748 Οἱ
2472 2695 2772 2768 θλιϐόμενοι
2799 2700 2909 2772 (80)
2945 2702 3038 2754 καὶ
3086 2701 3160 2772 μὴ
3214 2701 3701 2774 στενοχωρούμενοι

2159 2786 2392 2841 ἴστωσαν
2427 2788 2845 2862 ὲξαχθησόμενοι
2887 2793 2998 2847 ἀπὸ
3053 2795 3152 2865 τῆς
3211 2794 3440 2864 θλίψεως
3501 2795 3594 2849 καὶ
3645 2797 3728 2859 εἰς

2156 2876 2309 2945 ἅγιον
2348 2878 2442 2932 τοῦ
2472 2879 2608 2932 Θεοῦ
2631 2881 2944 2952 πλατυσμὸν
2975 2883 3336 2956 ἀχθήσεσθαι·
3372 2885 3430 2937 ὲν
3449 2885 3559 2956 γὰρ
3597 2884 3732 2954 ἠμέ-

480 2994 632 3049 illum
664 2993 808 3047 enim
839 2992 928 3062 qui
960 2992 1012 3046 in
1046 2992 1130 3046 die
1150 2989 1454 3044 amictionis
1481 2991 1546 3044 ad
1571 2992 1744 3060 ipsum
1778 2988 2048 3060 confugit,

2167 2987 2226 3040 ρᾳ
2271 2970 2564 3036 κακώσεως
2592 2972 2683 3027 τὸν
2728 2974 2862 3045 πρὸς
2902 2975 3062 3028 αὐτὸν
3122 2976 3531 3045 καταφεύγοντα
3575 2977 3730 3031 ἀντι-

2168 3062 2349 3080 ηκὴ...
2436 3065 2523 3080 η.
2637 3065 2650 3080 .
2737 3065 2758 3080 .
2885 3066 2896 3080 .
2993 3067 3009 3080 .
3125 3067 3195 3080 η.
3473 3069 3484 3080 .
3698 3069 3716 3080 .

481 3085 770 3143 conﬁrmat
807 3087 946 3139 Deus
969 3125 982 3149 ,
1015 3099 1082 3138 ne
1108 3083 1265 3139 malis
1293 3097 1590 3139 concussus
1617 3083 1968 3139 succumbat:
1997 3092 2053 3138 et

2167 3062 2398 3133 στηρίξει
2434 3065 2584 3130 Θεὸς,
2621 3065 2697 3130 ὡς
2733 3065 2797 3120 ἂν
2838 3066 2912 3138 μὴ
2955 3067 3236 3136 κλονηθεὶς
3275 3069 3590 3143 καταπέσῃ·
3631 3069 3730 3123 καὶ

483 3181 536 3234 in
571 3178 1008 3235 tribulationibus
1031 3186 1364 3245 gementem,
1409 3177 1475 3230 ad
1521 3175 1865 3230 latitudinem
1921 3173 2053 3229 edu-

2155 3157 2542 3229 άντιστηρίζων
2579 3159 2802 3230 ἐκφέρει
2849 3162 2929 3224 είς
2989 3159 3191 3224 πλάτος
3237 3160 3328 3214 τὸν
3373 3161 3729 3232 στενούμενον

481 3273 760 3343 cit,juxta
786 3271 915 3326 illud
943 3271 1029 3322 "z
1071 3289 1088 3322 ι
1123 3271 1177 3324 ln
1203 3269 1551 3324 tribulatione
1573 3269 1808 3323 dilatasti
1838 3267 1996 3324 mihi.
2028 3286 2046 3319 ι

2167 3251 2272 3313 ταῖς
2302 3248 2532 3320 θλίψεσι,
2560 3251 2698 3305 κατὰ
2731 3251 2814 3315 τό,
2851 3270 2869 3303 t
2894 3252 2981 3307 Ἐν
3012 3251 3186 3322 θλίψει
3237 3253 3538 3317 ὲπλάτυνάς
3568 3271 3634 3325 με
3658 3272 3673 3285 ·
3701 3275 3724 3307 ι

481 3367 634 3433 Quod
684 3365 742 3418 ﬁt
782 3365 982 3428 etiam,
1019 3366 1144 3418 dum
1192 3377 1297 3417 non
1343 3362 1567 3418 omnino
1614 3361 1912 3428 liberatur,
1949 3361 2046 3416 sed

2167 3344 2290 3414 imp
2316 3345 2546 3412 γίνεται,
2580 3345 2640 3398 οὺ
2677 3344 2894 3410 πάντως
2913 3345 3387 3418 άπαλλαττομένου
3411 3388 3426 3414 ,
3460 3349 3732 3418 γενναίως

481 3471 739 3527 generose
769 3456 1018 3511 sustinet.

2167 3433 2210 3486 is
2242 3435 2517 3506 φέροντος.

554 3547 714 3603 Vens.
741 3547 832 3601 2i.
866 3548 930 3600 Et
951 3547 1198 3600 retribuet
1222 3547 1349 3598 mihi
1369 3545 1624 3599 Dominus
1643 3546 1930 3599 secundum
1955 3545 2041 3612 ju-

2225 3548 2333 3603 Καὶ
2358 3548 2766 3605 ἀνταποδώσω
2787 3569 2889 3620 μοι
2920 3553 3133 3619 Κύριος
3175 3552 3325 3607 κατὰ
3355 3552 3471 3622 τὴν
3503 3552 3733 3608 δικαιο-

476 3639 675 3695 slitiam
693 3653 882 3700 meam,
895 3648 939 3690 et
953 3636 1238 3690 secundum
1249 3636 1528 3704 puritatem
1546 3652 1797 3689 manuum
1816 3651 2053 3690 mearum

2167 3642 2355 3710 τύνην
2376 3659 2518 3711 μου,
2553 3643 2649 3696 καὶ
2683 3643 2833 3697 κατὰ
2865 3642 2980 3711 τὴν
3017 3645 3410 3712 καθαριότητα
3452 3643 3570 3700 τῶν
3603 3663 3734 3714 χει-

479 3731 725 3785 retribuet
757 3727 1175 3796 mihi,quouiam
1206 3727 1460 3780 custodivi
1490 3727 1600 3780 vias
1627 3726 1794 3798 609
1815 3724 2048 3792 Domini,

2167 3732 2274 3786 σῶν
2322 3751 2438 3803 μου
2494 3733 2904 3788 ἀνταποδώσει
2953 3753 3055 3804 μοι
3079 3773 3094 3799 ,
3143 3735 3230 3788 ὅτι
3279 3735 3553 3805 ἐφύλαξα
3616 3737 3737 3802 τὰς

481 3833 589 3877 etc.
623 3820 722 3887 Qui
752 3817 950 3872 attollit
977 3826 1194 3872 sanctas
1229 3831 1420 3872 manus
1449 3817 1717 3885 audetque
1762 3817 1941 3871 dicere
1969 3817 2047 3870 ’δε

2167 3823 2334 3890 ὀδοὺς
2362 3825 2606 3892 Κυρίου,
2629 3842 2682 3878 κ.
2711 3843 2761 3878 τ.
2786 3825 2832 3877 ὲ.
2869 3825 2927 3878 Ὀ
2963 3826 3205 3898 ἐπαίρων
3233 3827 3410 3889 ὁσίους
3447 3825 3555 3896 (81)
3612 3829 3740 3894 χεῖ-

492 3931 510 3964 ‹
548 3911 789 3968 Elevatio
817 3923 1071 3964 manuum
1101 3923 1341 3963 mearum
1368 3951 1384 3975 ,
1421 3909 1753 3964 sacriﬁcium
1782 3911 2051 3978 vesperti-

2167 3933 2274 3986 ρας,
2303 3916 2396 3969 καὶ
2427 3915 2642 3988 θαρρῶν
2671 3918 2876 3970 εἰπεῖν·
2909 3935 2927 3968 t
2961 3918 3231 3988 Ἕπαρσις
3255 3918 3363 3972 τῶν
3393 3919 3588 3990 χειρῶν
3618 3936 3738 3988 μου

480 4023 612 4063 num
635 4047 649 4074 ,
685 4026 704 4060 ι
743 4007 1034 4076 puritatem
1073 4018 1288 4074 quoque
1323 4019 1578 4059 manuum
1608 4019 1666 4061 se
1687 4005 1890 4060 habere
1921 4021 2050 4074 pro-

2167 4006 2314 4060 ludia
2344 4008 2626 4079 ὲσπερινὴ,
2668 4027 2687 4059 ι
2730 4008 2825 4062 καὶ
2870 4007 3216 4080 καθαρότητα
3241 4009 3434 4080 χειρῶν
3462 4009 3744 4080 ὁμολογή-

480 4096 742 4152 Iitebitur.
803 4095 900 4150 Hic
933 4108 1114 4150 sermo
1141 4103 1224 4147 est
1251 4092 1367 4160 ejus
1405 4093 1497 4161 qui
1554 4095 1817 4164 perspicit
1856 4109 2053 4148 unum-

2167 4097 2422 4168 τειέχειν.
2453 4098 2796 4170 Θεωροῦντος
2825 4100 2883 4154 δὲ
2908 4100 2982 4164 ὡς
3019 4100 3248 4154 ἕκαστον
3288 4101 3467 4172 κρίσει
3510 4102 3740 4169 γίνεται

479 4190 731 4257 quodque
777 4201 897 4240 cum
939 4184 1143 4256 judicio
1188 4183 1328 4237 ﬁeri.
1388 4184 1530 4238 Sunt
1570 4193 1748 4239 autem
1801 4184 2050 4251 quaedam

2167 4186 2329 4253 λόγος.
2360 4188 2515 4240 Ἔστι
2546 4187 2602 4240 δέ
2629 4205 2752 4241 τινα
2781 4188 3022 4260 κρίματα
3051 4188 3144 4242 τοῦ
3167 4188 3301 4243 Θεοῦ
3339 4191 3466 4260 περὶ
3489 4189 3740 4244 ἑκάστου

477 4278 571 4334 Dei
603 4267 811 4347 judicia
839 4275 985 4329 circa
1013 4272 1290 4342 quodlibet
1334 4281 1636 4343 peccatum.
1692 4271 1924 4339 Quando
1951 4272 2050 4342 igi-

2167 4275 2262 4329 τῶν
2291 4277 2772 4349 ἁμαρτανομένων.
2811 4279 2979 4334 Ἑπάν
3004 4275 3096 4333 οὖν
3119 4279 3186 4333 τὰ
3215 4281 3342 4351 περὶ
3363 4280 3578 4334 πάντων
3611 4280 3742 4334 τῶν

480 4381 568 4425 tur
613 4369 734 4439 quis
770 4368 949 4422 omnia
985 4367 1051 4420 de
1101 4365 1339 4434 peccatis
1383 4363 1866 4433 omnibusjudicia
1917 4374 2046 4418 ante

2167 4367 2562 4439 Ξιμαρτημάτων
2591 4369 2836 4441 κρίματα
2858 4371 3034 4424 πάντα
3059 4371 3164 4441 πρὸ
3179 4369 3470 4441 ὀφθαλμῶν
3497 4387 3579 4433 τις
3601 4369 3742 4444 ἔχῃ,

475 4461 663 4515 oculos
695 4459 893 4524 habet,
941 4457 1120 4512 dicet:
1157 4473 1176 4506 r
1209 4453 1404 4510 Omnia
1433 4454 1634 4524 judicia
1664 4453 1780 4524 ejus
1827 4455 1880 4509 in
1912 4471 2044 4510 con-

2167 4461 2301 4531 ερεῖο
2331 4477 2352 4512 t
2383 4460 2566 4514 Πάντα
2586 4460 2653 4514 τὰ
2677 4460 2920 4533 κρίματα
2953 4460 3116 4515 αὑτοῦ
3139 4459 3366 4518 ἐνώπιόν
3401 4478 3524 4530 μου.
3553 4479 3573 4513 t
3613 4461 3748 4516 Καὶ

477 4561 665 4622 specto
695 4564 835 4605 meo.
864 4567 884 4603 ι
924 4549 1197 4604 Caeterum
1234 4550 1326 4616 qui
1372 4549 1486 4602 hmc
1531 4547 1691 4612 dicit,
1724 4548 1775 4601 in
1815 4547 1957 4602 nulla
1993 4564 2048 4604 re

2167 4551 2322 4615 ἱλλως
2349 4551 2496 4604 οὐδὲν
2523 4553 2550 4604 ὁ
2592 4553 2763 4606 ταῦτα
2820 4552 2991 4621 λέγων
3051 4552 3243 4608 ἑαυτοῦ
3301 4551 3742 4622 καταγινώσκει.

480 4633 718 4714 seipsum
753 4642 1104 4697 condemnat.
1155 4638 1306 4694 Unde
1335 4640 1448 4693 haec
1482 4639 1647 4692 etiam
1691 4640 1754 4693 ad
1795 4639 2043 4694 Salvato-

2167 4641 2315 4696 Ὀθεν
2342 4643 2436 4696 καὶ
2477 4645 2569 4699 ἐπὶ
2606 4646 2697 4699 τὸν
2738 4646 2968 4717 Σωτῆρα
3029 4644 3166 4699 αὐτὰ
3217 4646 3298 4700 δεῖ
3335 4643 3744 4714 ἀναφέρεσθαι,

480 4752 595 4791 rem
630 4735 914 4790 referenda
938 4742 1097 4800 sunt,
1146 4733 1344 4803 quippe
1386 4749 1405 4782 ι
1441 4739 1705 4784 tentatum
1734 4747 1829 4801 per
1859 4733 2043 4787 omnia

2214 4733 2310 4784 τὸν
2353 4735 2790 4806 πεπειρασμένον
2855 4736 2996 4790 κατά
3034 4737 3209 4790 πάντα
3267 4735 3386 4790 καθ’
3431 4737 3749 4806 ὁμοιότητα

475 4843 576 4900 pro
603 4827 955 4881 similitudine
981 4827 1187 4894 absque
1218 4831 1438 4891 peccato
1457 4821 1524 4874 ⁷⁵.
1559 4841 1576 4872 ι

2167 4825 2314 4896 [ωρὶς
2339 4826 2631 4897 ἁμαρτίας.
2669 4847 2689 4880 ι

551 4919 819 4989 Ejusdem.
853 4917 1067 4972 Puritas
1101 4917 1294 4970 mentis
1336 4925 1421 4968 est
1472 4912 1758 4966 aii'ecxunm
1801 4914 2041 4968 carentia

2227 4915 2340 4970 Τοῦ
2379 4917 2582 4972 αὑτοῦ.
2635 4918 3008 4990 Καθαρειότης
3048 4919 3222 4989 ψυχῆς
3247 4917 3357 4989 (82)
3388 4919 3535 4970 ἐστιν
3577 4919 3746 4972 άπά-

474 5021 543 5063 ox
575 5006 744 5077 gratia
794 5005 913 5069 Dei,
965 5002 1148 5057 addito
1187 5003 1350 5056 etiam
1394 5001 1627 5076 hominis
1656 5001 1856 5055 studio.
1888 5003 2045 5056 Puri-

2167 5009 2272 5060 lsu
2317 5010 2382 5061 ἐκ
2420 5009 2639 5081 χάριτος
2683 5009 2839 5075 Θεοῦ,
2895 5008 3324 5081 προσγινομένης
3361 5009 3454 5063 καὶ
3491 5009 3748 5079 σπουδῆς

580 5171 625 5202 ’¹
657 5167 846 5224 Matth.
876 5185 924 5234 v,
956 5169 1008 5224 8.
1081 5169 1128 5198 '”
1164 5165 1294 5219 Luc.
1325 5182 1379 5231 x,
1412 5166 1498 5222 19.
1575 5165 1622 5197 ⁷³
1648 5165 1734 5222 Ps.
1764 5183 1837 5232 Iv,
1861 5167 1918 5222 2.
1995 5169 2042 5200 ⁷⁸

2192 5185 2296 5225 cn.
2325 5210 2338 5234 ,
2374 5169 2430 5222 2.
2506 5169 2552 5200 ’⁸
2584 5167 2748 5224 Hebr.
2780 5184 2868 5235 tv,
2900 5167 2989 5222 15.

547 5315 663 5385 (77)
691 5313 894 5383 Πηγὰς
917 5309 1024 5377 τὰς
1049 5311 1286 5380 ἀρετάς,
1314 5321 1421 5368 etc.
1467 5311 1682 5368 Eadem
1727 5314 1961 5380 schedze,
1987 5325 2041 5370 et

2217 5313 2333 5385 (80)
2365 5317 2428 5385 Ol
2459 5316 2820 5385 θλιϐόμενοι,
2843 5322 2951 5385 etc.
2977 5311 3292 5385 Corderius.

480 5373 802 5439 Barbarus."
864 5373 883 5378 ⁷
1084 5373 1102 5380 ⁷
1384 5450 1392 5452 ,
1716 5451 1723 5452 ,
1948 5373 1959 5380 ⁷

2215 5373 2331 5452 (813
2373 5384 2435 5438 '0
2459 5373 2721 5452 ἐπσίρων
2751 5373 2982 5450 ὁσίους,
3009 5393 3118 5438 etc.
3143 5381 3322 5437 Codex
3351 5377 3486 5434 Roe.
3518 5373 3744 5433 Corde-

549 5453 660 5523 (78)
684 5453 877 5517 Αὐτὸς
899 5451 967 5517 ἐξ
995 5451 1191 5519 ὕψους
1217 5450 1397 5506 ἔλαϐέ
1423 5470 1520 5522 με,
1557 5462 1670 5509 etc.
1697 5451 1878 5508 Codex
1904 5452 2035 5509 Boe.

2167 5450 2260 5511 'iu's
2291 5450 2466 5508 autem
2499 5450 2769 5523 anonymo
2803 5455 3015 5523 tribuit.

476 5513 766 5598 Commius
791 5513 967 5598 autem
990 5513 1440 5598 habet'tanqnam'
1460 5513 1732 5598 anonymi.
1761 5591 1772 5598 _
1858 5592 1888 5598 _
1963 5595 1973 5598 _
1998 5593 2030 5598 __

2211 5525 2327 5598 (εἳ)
2357 5513 2754 5593 Καθαρειότης
2782 5521 3012 5593 ψυχῆς,
3042 5533 3148 5580 etc.
3184 5520 3408 5578 Schedae
3427 5513 3646 5593 Grahii,
3678 5521 3750 5573 et.

551 5593 999 5717 (ὖθὶιξΕντεῦθεν
1025 5589 1395 5662 γινώσκομεν
1418 5632 1432 5659 ,
1461 5602 1568 5648 etc.
1596 5589 1823 5648 Schedte
1849 5592 2034 5650 Grabii

609 5679 668 5717 ar
709 5678 854 5717 arus.

2167 5589 2317 5652 larha
2326 5611 2382 5650 ru
2393 5611 2435 5650 s.

475 5679 542 5720 ac
566 5678 854 5718 uaruarus.
