3986 6384
282 331 425 386 ηὸτι

1284 329 1593 385 SELECTA
1631 330 1697 384 IN
1738 329 2069 386 PSALMOS.
2110 361 2179 369 —
2219 331 2413 386 PS.\L.
2455 329 2615 384 XVII.

3398 324 3534 382 1254

280 449 375 506 τοῦ
398 448 708 521 ἀνθρώπου.
750 447 1169 519 Καθαρειότητα
1213 447 1412 520 χειρῶν
1442 449 1538 513 τὰς
1583 467 1851 521 προφητι-

1982 458 2119 502 atem
2153 463 2429 511 manuum,
2460 447 2844 516 prophetarum
2870 451 3026 499 vocat
3056 448 3299 497 actiones
3325 454 3443 510 quae
3468 447 3535 495 ab

232 596 239 605 ,
279 546 384 609 κάς
418 560 581 614 φησιν
606 543 885 615 ἐνεργείας
913 542 1243 614 ἁμολύντους
1271 541 1435 607 οὔσας
1474 543 1582 597 ἀπὸ
1608 543 1706 613 τῆς
1741 542 1858 613 βελ-

280 634 472 705 τίστης
504 632 694 699 ἕξεως.

351 726 461 781 Καὶ
493 725 706 795 ἔσομαι
734 724 971 795 ἄμωμος
994 726 1121 795 μετ’
1150 725 1359 789 αὐτοῦ,
1384 724 1483 778 καὶ
1520 724 1861 794 φυλάξομαι

280 817 401 873 ἀπὸ
424 817 533 885 τῆς
553 818 805 887 ἀνομίας
832 830 972 887 μου,
1004 836 1057 871 κ,
1076 835 1128 873 τ.
1164 819 1210 872 ἐ.
1244 817 1427 888 Χωρὶς
1457 816 1589 869 Θεοῦ
1625 815 1733 887 (85)
1762 816 1861 869 οὑκ

286 911 434 963 ἔστιν
480 906 619 964 εῖναι
672 910 930 981 ἄμωμονο
987 910 1105 980 μετ’
1134 910 1290 978 ὀλίγα
1338 905 1431 963 οὖν
1477 926 1642 979 φησιο
1680 929 1698 960 ‹
1751 909 1862 962 Καὶ

286 998 439 1053 ἔθετο
475 1000 704 1070 ἄμωμον
727 1000 825 1070 τὴν
862 999 978 1054 ὁδόν
1001 1017 1123 1070 μου.
1160 1018 1179 1050 ›
1215 1000 1329 1052 Οὐκ
1366 998 1481 1053 ἐστι
1513 998 1569 1051 δὲ
1597 997 1736 1052 κατὰ
1770 998 1861 1051 τὸν

284 1091 512 1161 λέγοντα
566 1093 647 1159 τό,
691 1112 710 1145 ‹
751 1092 1143 1147 Ἀνταποδώσει
1200 1109 1289 1165 μοι
1331 1092 1534 1165 Κύριος
1576 1092 1718 1146 κατὰ
1766 1092 1862 1163 τὴν

281 1182 629 1255 δικαιοσύνην
663 1201 790 1255 μου,
823 1203 840 1235 ι
875 1184 968 1238 καὶ
996 1184 1057 1238 τὸ
1097 1184 1245 1255 ἑξῆς,
1277 1183 1421 1255 ἔχειν
1460 1185 1711 1255 ἀνομίαν.
1754 1182 1863 1236 Καὶ

282 1276 367 1340 τό,
396 1296 414 1328 ι
447 1276 760 1349 Φυλάξομαι
790 1276 898 1331 ἀπὸ
920 1277 1021 1348 τῆς
1050 1279 1278 1349 ἀνομίας
1308 1295 1462 1349 μου,›
1493 1277 1712 1332 δύναται
1743 1278 1865 1331 ἁνα-

286 1367 551 1439 φὲρεσθαι
586 1369 678 1421 ἐπὶ
710 1368 771 1421 τὸ
815 1368 1103 1441 λεγόμενον
1130 1370 1191 1423 τὸ
1230 1372 1286 1424 ἐν
1318 1372 1449 1441 ἡμῖν
1477 1371 1686 1433 σκότος,
1721 1368 1862 1423 κατὰ

284 1458 376 1510 τό·
418 1479 435 1509 ι
475 1460 539 1513 Et
571 1454 665 1513 οὖν
690 1459 752 1513 τὸ
787 1460 902 1530 φῶς
922 1460 985 1514 τὸ
1013 1462 1072 1515 ἐν
1096 1462 1179 1514 σοὶ
1203 1462 1393 1526 σκότος
1416 1463 1555 1525 ἐστὶ,
1585 1461 1646 1514 τὸ
1673 1460 1863 1523 σκότος

283 1549 450 1603 πόσον
472 1566 486 1616 ;
525 1569 544 1601 ι

361 1747 470 1803 Τοῦ
501 1748 711 1802 αὐτοῦ.
751 1748 1013 1820 Ἀμωμός
1040 1750 1183 1803 ἐστιν
1212 1749 1321 1822 (84)
1361 1754 1388 1805 ὁ
1420 1751 1557 1824 ἔχων
1588 1754 1644 1807 ἐν
1686 1754 1863 1825 ἐαυτῷ

1961 546 2163 614 optimo
2196 542 2383 597 habitu
2415 543 2625 595 munda!
2651 547 2703 593 et
2726 536 3152 607 incoinquinatze
3180 543 3353 589 erant.

2034 742 2201 797 Vens.
2239 736 2329 792 24.
2371 735 2439 790 Et
2476 752 2565 791 ero
2599 736 2973 790 immaculatus
3012 747 3130 786 cum
3164 747 3245 794 eo,
3279 739 3323 783 et
3351 730 3534 783 obser-

1961 835 2087 889 vabo
2120 850 2201 887 me
2232 833 2294 885 ab
2328 830 2601 900 iniquitate
2646 843 2783 893 mea,
2821 836 2927 880 etc.
2970 825 3191 893 Absque
3225 822 3335 877 Deo
3378 834 3533 875 nemo

1960 933 2140 997 potest
2171 937 2293 978 esse
2324 920 2725 976 immaculatus.
2757 914 2937 983 Quare
2967 914 3125 984 paulo
3153 922 3272 982 post
3304 912 3410 965 ait:
3434 929 3450 960 ι
3471 909 3537 963 Ει

1964 1018 2139 1089 posuit
2186 1013 2586 1070 immaculatam
2624 1012 2766 1064 viam
2820 1022 3016 1061 meam.
3045 1025 3062 1058 ι
3111 1004 3229 1059 Non
3278 1003 3536 1060 convenit

1962 1117 2142 1163 autem
2173 1106 2247 1160 illi
2272 1105 2361 1174 qui
2387 1104 2504 1159 ait:
2536 1120 2555 1154 ι
2592 1100 2874 1155 Retrihuet
2901 1096 3031 1151 mihi
3063 1094 3322 1150 Dominus
3342 1106 3538 1147 secun-

1963 1198 2089 1252 dum
2113 1197 2383 1268 jusdtiam
2418 1207 2615 1257 meam,
2650 1211 2668 1243 ι
2704 1200 2850 1252 etc.,
2890 1196 2947 1241 ut
2995 1185 3158 1241 ullam
3196 1184 3396 1240 haheat
3430 1181 3537 1237 ini-

1963 1291 2252 1360 quitatem.
2296 1287 2359 1342 Et
2398 1286 2526 1343 illud
2560 1302 2577 1340 :
2614 1304 2631 1337 ι
2659 1281 2975 1339 Observabo
3008 1294 3094 1335 me
3135 1276 3203 1332 ab
3248 1275 3539 1347 iniquitate

1964 1398 2104 1448 mea,
2150 1402 2168 1433 ι
2208 1380 2404 1436 referri
2452 1389 2627 1448 potest
2664 1378 2728 1431 ad
2772 1375 2903 1429 illud
2938 1372 3081 1442 quod
3112 1371 3165 1425 in
3198 1370 3351 1425 nobis
3378 1382 3540 1424 voca-

1965 1482 2051 1527 tur
2099 1472 2358 1536 tenebrae,
2401 1468 2553 1540 juxta
2590 1468 2719 1522 illud
2744 1467 2791 1498 ⁷⁶
2824 1484 2835 1520 :
2868 1484 2886 1517 ι
2920 1463 2976 1518 Si
3016 1478 3150 1533 ergo
3182 1461 3360 1515 lumen
3396 1459 3539 1529 quod

1965 1565 2017 1618 in
2078 1573 2129 1617 te
2180 1572 2301 1626 est,
2358 1562 2595 1614 tenehrm
2647 1559 2776 1621 sint,
2842 1557 2972 1626 ipsa:
3025 1554 3267 1610 tenebrae
3324 1559 3542 1621 quanta:

1963 1654 2155 1708 erunt?
2190 1674 2207 1704 ι

2036 1744 2314 1815 Ejusdem.
2371 1742 2752 1797 lmmaculatus
2804 1748 2887 1792 est
2918 1736 3008 1791 ille
3039 1735 3129 1806 qui
3160 1736 3302 1789 viam
3357 1733 3447 1788 Dei
3488 1733 3540 1786 in

284 1839 384 1910 τὴν
411 1840 528 1894 ὁδὸν
557 1840 650 1893 τοῦ
688 1839 844 1903 Θεοῦ,
875 1841 966 1894 τὸν
1003 1842 1257 1913 Χριστόν.
1287 1862 1305 1893 ι
1345 1823 1484 1912 Ἐγὼ
1517 1844 1646 1915 γὰρ,
1672 1823 1858 1916 φησιν,

1982 1853 2022 1893 ιθ
2057 1834 2241 1900 habet,
2271 1836 2551 1890 Christum
2586 1832 2819 1887 scilicet.
2865 1851 2881 1881 ι
2904 1829 3015 1899 Ego
3040 1828 3205 1892 enim,
3243 1825 3421 1895 inquit
3452 1823 3495 1855 "
3522 1863 3537 1888 ,

284 1932 401 2003 εἰμὶ
448 1933 482 2002 ἡ
537 1931 673 1995 ὁδός.
738 1951 756 1981 ι
802 1933 1066 2003 Ἀμωμον
1112 1933 1168 1987 δὲ
1209 1934 1413 2005 ταύτην
1465 1937 1563 2006 τὴν
1608 1936 1723 1989 ὁδὸν
1766 1938 1861 1990 καὶ

1982 1949 2079 1985 sum
2109 1932 2216 1984 vin.
2244 1949 2261 1981 ι
2314 1926 2719 1981 Immaculatam
2768 1924 2906 1977 hanc
2953 1922 3100 1974 viam
3130 1929 3184 1973 et
3219 1920 3331 1987 ipse
3371 1916 3539 1972 David

284 2017 448 2081 αὐτὸς
472 2017 500 2068 ὁ
523 2017 685 2072 sane
716 2017 818 2090 ἔφη
853 2018 1030 2088 λέγων
1056 2038 1068 2051 ·
1113 2042 1130 2074 ι
1178 2022 1235 2077 '0
1260 2023 1392 2088 Θεός
1418 2041 1539 2095 μου,
1570 2024 1799 2096 ἄμωμος
1828 2027 1860 2097 ἠ

1982 2021 2201 2092 tppellat
2236 2020 2418 2074 dicens
2449 2016 2535 2071 '3:
2578 2034 2596 2066 ι
2630 2017 2771 2071 Deus
2830 2026 3001 2075 meus,
3049 2007 3395 2064 immaculata
3451 2007 3541 2060 via

283 2107 404 2171 ὁδός
438 2123 552 2159 σου.
598 2127 614 2158 ι
1157 2138 1167 2148 .

1982 2129 2079 2167 .ua.
2116 2132 2136 2165 ›

357 2201 462 2255 Καὶ
500 2200 916 2256 ἀνταποδώσει
950 2221 1050 2274 μοι
1094 2206 1313 2275 Κύριος
1336 2206 1485 2261 κατὰ
1514 2207 1628 2277 τὴν
1645 2208 1866 2263 δικαιο-

2046 2202 2202 2257 VEtts.
2244 2200 2336 2254 25.
2394 2199 2455 2253 Et
2506 2198 2754 2251 retribuet
2795 2195 2923 2249 mihi
2967 2194 3225 2247 Dominus
3255 2190 3543 2245 secundum

283 2294 487 2359 σύν-ην
510 2310 651 2361 μου,
684 2311 737 2347 κ.
773 2311 823 2347 τ.
856 2296 902 2347 ἐ.
946 2314 964 2347 ι
1018 2296 1105 2349 Ἐν
1208 2297 1388 2370 μέτρῳ
1431 2300 1542 2371 (85)
1594 2306 1863 2373 μετρεῖτε,

1982 2294 2227 2347 iustitiam
2259 2306 2450 2354 meam,
2487 2298 2592 2343 etc.
2631 2308 2649 2339 ι
2682 2287 2798 2354 Qua
2846 2298 3099 2339 mensura
3152 2281 3323 2337 mensi
3375 2278 3541 2334 fueri-

284 2385 812 2457 ἀντιμετρηθήσεται
848 2387 994 2457 ὑμῖν.
1051 2408 1068 2438 ι
1111 2390 1308 2458 Ἀγίων
1350 2391 1407 2444 δὲ
1461 2390 1601 2462 αὕτη
1635 2395 1667 2464 ἡ
1702 2372 1865 2465 (φωνὴ

1982 2388 2062 2450 .is,
2097 2387 2413 2463 remetiatur
2447 2393 2502 2440 et
2531 2382 2689 2438 vobis
2724 2381 2788 2434 ⁷⁸.
2818 2398 2835 2431 ι
2870 2379 3192 2433 Sanctorum
3225 2383 3405 2427 autem
3430 2372 3544 2427 haec

284 2472 392 2525 τῶν
417 2473 503 2527 διὰ
535 2474 734 2545 πολλὴν
763 2476 1072 2547 παρρησίαν
1091 2477 1402 2550 δυναμένων
1425 2481 1626 2551 λέγειν·
1656 2504 1674 2535 ε
1715 2464 1865 2536 Ἀντέ

1982 2493 2071 2532 vox
2108 2476 2317 2548 est,qui
2374 2489 2482 2544 pra:
2539 2472 2739 2542 ingenti
2792 2470 2985 2523 ﬁducia
3039 2464 3218 2520 dicere
3270 2471 3538 2533 possunt:

286 2565 482 2630 απόδος
522 2567 599 2637 τῷ
635 2567 803 2638 δούλῳ
840 2586 954 2622 σου.
1010 2588 1027 2619 ι
1065 2571 1419 2643 Δικαιοσύνην
1457 2573 1605 2642 λέγει
1663 2574 1760 2646 τὴν
1802 2578 1868 2630 ἐκ

1982 2588 1991 2622 ι
2024 2570 2284 2624 Retribue
2316 2581 2475 2621 servo
2512 2574 2603 2619 tuo
2632 2565 2700 2617 ⁸ο.
2726 2582 2744 2615 ι
2777 2561 3049 2617 Justitiam
3082 2573 3213 2615 vero
3237 2572 3355 2617 eam
3389 2554 3541 2617 dicit,

286 2656 526 2722 πίστεως
562 2659 733 2730 Ἰησοῦ
788 2660 1038 2731 Χριστοῦ,
1063 2662 1185 2731 ἥτις
1213 2665 1590 2736 πεφανέρωται
1624 2669 1702 2731 είς
1734 2668 1868 2721 πάν-

1982 2679 2086 2734 ιιιίις
2121 2673 2203 2717 est
2232 2677 2299 2715 ex
2333 2660 2439 2714 [ide
2477 2659 2603 2715 Iesu
2646 2657 2877 2720 Christi,
2929 2669 3050 2725 qua:
3081 2652 3424 2707 manifestata
3461 2657 3547 2705 est

286 2766 389 2813 τας
415 2751 542 2814 τοὺς
586 2750 936 2815 πιστεύοντας
956 2770 969 2782 ·
1002 2757 1117 2818 τοῖς
1148 2756 1256 2828 γὰρ
1302 2757 1477 2829 ὀρθῶς
1519 2760 1867 2815 πιστεύουσιν

1982 2774 2022 2810 lll
2066 2770 2255 2809 omnes
2309 2752 2597 2808 credentes
2633 2768 2645 2803 :
2680 2764 2803 2803 nam
2857 2748 2922 2802 iis
2964 2747 3054 2817 qui
3092 2753 3241 2801 recte
3274 2743 3542 2807 credunt,

287 2843 323 2912 ἡ
354 2841 534 2906 πίστις
558 2845 638 2905 είς
666 2843 1009 2915 δικαιοσύνην
1040 2846 1333 2915 λογίζεται.

1982 2849 2104 2903 ﬁdes
2130 2850 2196 2902 ad
2218 2846 2484 2916 jusritiam
2518 2850 2818 2912 reputatur.

359 2934 519 2984 Μετὰ
539 2932 713 2985 ὁσίου
741 2935 1067 3005 όο-ιωθήσῃ.
1101 2937 1197 2989 καὶ
1223 2940 1375 3007 μετὰ
1407 2940 1627 3009 ἀνδρὸς
1674 2942 1867 2997 ἀθώου

288 3020 481 3088 ἀθώος
524 3022 662 3090 ἔσῃ,
708 3023 807 3076 καὶ
850 3025 1002 3092 μετὰ
1055 3027 1342 3083 ἑκλεκτοῦ
1396 3031 1682 3098 ἐκλεκτὸς
1723 3033 1865 3103 ἔσῃ,

290 3114 391 3168 καὶ
409 3115 561 3184 μετὰ
592 3118 888 3185 στρεϐλοῦ
933 3118 1332 3189 διαστρέψεις,
1371 3141 1423 3176 κ.
1455 3141 1506 3176 τ.
1542 3125 1586 3178 ἐ.
1635 3126 1719 3189 Ὠς
1744 3126 1866 3180 ἐσο-

294 3226 394 3279 μαι
428 3208 540 3279 (86)
574 3208 805 3281 ἄμωμος
834 3213 950 3282 μετ’
978 3211 1142 3267 αὐτοῦ
1167 3213 1261 3266 τοῦ
1293 3213 1449 3281 Θεοῦ,
1476 3216 1648 3281 οὕτως
1680 3219 1707 3270 ὁ
1734 3219 1867 3284 Θεὸς
1894 3200 1935 3256 C

293 3301 435 3371 μετὰ
485 3300 631 3355 όσξου
684 3303 1070 3376 ὁσιωθήσεται,
1125 3305 1219 3359 καὶ
1269 3305 1405 3376 μετὰ
1463 3306 1638 3360 ἀθώου
1694 3308 1867 3373 ἀθῶος

293 3390 464 3456 ἔσται,
482 3392 577 3444 καὶ¹
606 3391 743 3461 μετὰ
771 3394 1025 3447 ἐκλεκτοῦ
1053 3394 1307 3458 ἐκλεκτὸς
1327 3394 1479 3449 ἔσται
1508 3396 1688 3461 αὐτός.
1714 3397 1869 3451 Μετὰ

294 3480 553 3551 στρεῦλοῦ
582 3482 638 3535 δὲ
660 3482 777 3554 οὐχ).
819 3484 1071 3555 στρεόλδς
1098 3484 1247 3537 ἐσται
1277 3485 1416 3554 (οὐδὲ
1463 3485 1570 3557 γὰρ
1603 3486 1866 3560 θεμιτὸν),

291 3572 428 3626 ἀλλὰ
451 3573 815 3645 διαστρέψεις,
842 3574 918 3638 ὡς
954 3576 1093 3646 μετὰ
1119 3574 1339 3647 Φαραώ.

369 3666 479 3719 Τοῦ
516 3665 725 3719 αὐτοῦ.
771 3667 860 3719 Ἐν
911 3667 1009 3736 μὲν
1040 3669 1151 3731 τοῖς
1182 3668 1350 3732 ὁσίοις
1383 3667 1496 3739 (87)
1542 3670 1686 3734 ὅσιός
1720 3673 1868 3724 ἐστιν

290 3758 320 3811 ὁ
344 3757 496 3822 Θεὸς,
533 3758 590 3810 ἐν
621 3756 676 3810 δὲ
707 3762 819 3822 τοῖς
847 3758 1046 3823 ἀθώοις
1060 3758 1256 3823 ἀθῶος,
1285 3762 1342 3815 ἐν
1373 3762 1428 3815 δὲ
1457 3764 1569 3827 τοῖς
1598 3763 1869 3827 ἐκλεκτοῖς

295 3851 572 3915 ἐκλεκτὸς,
613 3852 670 3905 ἐν
718 3851 776 3904 δὲ
814 3854 929 3912 τοῖς
970 3850 1250 3922 στρεϐλοῖς
1300 3853 1360 3905 οὐ
1413 3853 1686 3925 στρεϐλὸς,
1732 3855 1867 3907 ἀλλὰ

296 3941 796 4014 συστρεϐλούμενος
831 3942 1014 4005 αὐτοῖς
1051 3942 1139 3995 διὰ
1181 3942 1243 3994 τὸ
1292 3941 1553 4014 εὔφημον.
1606 3944 1869 4013 Στρεϐλὸν

290 4034 402 4106 γὰρ
426 4036 517 4087 τὸν
540 4035 671 4088 Θεὸν
695 4038 867 4089 εἰπεῖν
891 4034 1211 4105 ἐφυλάξατο.
1239 4033 1473 4099 Τούτους
1500 4037 1627 4099 τοὺς
1657 4038 1870 4105 στίχους

292 4128 344 4181 οἱ
372 4126 729 4198 ἁπλούστεροι
760 4126 852 4180 ἐπὶ
890 4126 997 4180 τῶν
1035 4126 1338 4198 ἀνθρώπων
1370 4126 1629 4191 πολλάκις
1661 4127 1870 4199 λαμϐά-

291 4237 495 4275 νουσιν.
528 4218 683 4272 Οὕτω
710 4218 765 4271 δὲ
788 4219 1205 4290 συστρεϐλοῦται
1229 4218 1380 4282 Θεὸς,
1399 4219 1473 4283 ὡς
1500 4220 1558 4273 ἐν
1579 4218 1657 4290 τῷ
1683 4221 1873 4272 Δευτε-

295 4313 533 4385 ρονομίῳ
564 4312 742 4381 λέγει·
801 4331 817 4363 ι
853 4310 977 4364 Ἐὰν
1018 4310 1395 4383 εἰσελεύσησθε
1444 4312 1580 4383 πρὸς
1616 4312 1681 4382 μὲ
1733 4312 1871 4366 πλά-

291 4419 422 4473 γιοι,
448 4399 821 4471 εἰσελεύσομαι
838 4399 993 4469 κάγὼ
1017 4403 1153 4473 πρὸς
1172 4404 1315 4473 ὑμᾶς
1344 4403 1402 4455 ἐν
1420 4401 1574 4473 θυμῷ
1601 4402 1831 4473 πλαγίῳ.
1849 4422 1865 4453 ι

370 4494 480 4551 Τοῦ
509 4493 715 4548 αὑτοῦ.
740 4493 883 4566 Πρὸς
912 4494 1013 4559 τὰς
1036 4493 1258 4565 γνώμας
1289 4494 1397 4565 (88)
1435 4494 1540 4547 τῶν
1571 4494 1869 4565 ἀνθρώπων

292 4589 586 4663 ἁρμόττεις
617 4590 714 4654 τὰς
740 4589 1055 4653 ἀντιδόσεις,
1090 4583 1135 4642 ὧ
1162 4590 1425 4643 Δέσποτα.
1458 4589 1729 4660 Παρέχεις
1760 4590 1869 4661 γὰρ

293 4687 409 4747 τοῖς
442 4684 609 4746 ὁσίοις
641 4684 710 4737 τὰ
738 4684 1014 4755 ὁσιότητος
1058 4681 1203 4747 ἄξια,
1254 4684 1365 4743 τοῖς
1416 4680 1726 4744 ἀνευθύνοις
1775 4685 1867 4735 καὶ

295 4775 528 4838 δικαίοις
556 4774 625 4828 τὰ
649 4776 951 4848 πρόσφορα,
983 4773 1076 4826 καὶ
1098 4776 1210 4835 τοῖς
1230 4772 1504 4833 ἐκλεκτοῖς
1529 4770 1621 4822 καὶ
1646 4771 1870 4835 τελείοις

296 4866 367 4918 τὰ
396 4864 607 4918 τέλειαι
640 4867 751 4927 τοῖς
788 4864 844 4917 δὲ
890 4866 1209 4934 ἐκτραπεῖσι
1254 4863 1346 4915 καὶ
1384 4860 1480 4932 τὴν
1528 4861 1775 4913 ἐναντίαν
1815 4864 1870 4916 ὁ·

295 4957 511 5013 δεύουσι
574 4956 903 5027 κατάλληλον
955 4954 1391 5027 παρασκευάζεις
1450 4952 1552 5023 τῆς
1630 4954 1749 5007 ὁδοῦ
1811 4955 1871 5009 τὸ

296 5059 468 5123 τέλος.
500 5058 610 5113 Καὶ
660 5036 780 5112 τίνᾶ
821 5058 1053 5131 τρόπον;
1099 5076 1116 5108 ι
1162 5055 1281 5109 Ὅτι
1331 5053 1394 5107 σὺ
1446 5051 1572 5106 λαὸν
1618 5048 1871 5103 ταπεινὸν

300 5167 514 5213 σώσεις.
550 5168 568 5199 ι

368 5284 416 5315 ⁷⁸
455 5283 647 5338 Matth.
678 5283 845 5348 νιᾶὅ.
935 5283 981 5315 ⁷⁷
1010 5281 1169 5337 Joan.
1196 5296 1306 5342 xw,
1331 5278 1385 5334 6.

298 5370 450 5417 xm,
489 5354 673 5419 27,28.

371 5493 484 5563 (85)
514 5494 703 5562 pric
733 5491 900 5563 Θεοῦ,
925 5501 1033 5549 etc.
1062 5490 1245 5547 Codex
1265 5490 1398 5546 Roe.
1424 5487 1718 5546 Corderius
1744 5503 1874 5545 vero

301 5562 559 5631 tanquam
593 5565 785 5618 incerti
817 5562 997 5616 habet.

370 5627 484 5704 (84)
520 5636 784 5703 Ἅμωμός
816 5632 1006 5700 ἐστιν,
1056 5642 1162 5687 etc.
1222 5630 1448 5687 Scbedaa
1497 5627 1707 5696 Grabii,
1741 5628 1870 5684 Bar-

295 5706 485 5845 Μῖίῖιὲ)
528 5776 631 5831 Ἐν
656 5775 702 5839 ᾧ
723 5773 932 5841 μέτρῳ,
959 5783 1064 5829 etc.
1094 5771 1316 5827 Schedtc
1346 5769 1552 5836 Grabii,
1574 5770 1866 5826 Barbarus.

1495 5278 1543 5310 ’⁸
1567 5277 1653 5331 Ps.
1675 5289 1809 5343 xvn,
1835 5274 1925 5331 51.

2041 2939 2204 2994 Vens.
2236 2938 2329 3003 26,
2361 2936 2453 2992 27.
2478 2935 2608 2990 Cum
2633 2942 2816 2986 sancto
2842 2940 3052 2985 sanctus
3076 2945 3201 2993 em,
3225 2937 3410 2981 etcum
3435 2925 3545 2979 viro

1970 3031 2244 3085 innocente
2280 3033 2525 3082 innocens
2557 3028 2693 3089 eris;
2738 3033 2785 3077 et
2821 3039 2939 3076 cum
2978 3020 3139 3076 electo
3185 3018 3380 3075 elebtus
3416 3018 3545 3080 eris,

1971 3132 2021 3177 et
2062 3139 2174 3176 cum
2215 3135 2453 3189 perverso
2518 3116 2860 3187 perveneris,
2909 3122 3013 3167 etc.
3079 3106 3545 3179 Quemadmodum

1970 3212 2353 3270 immaculatus
2395 3223 2489 3263 ero
2544 3223 2667 3261 cum
2716 3207 2833 3273 ipso
2880 3204 3021 3270 Deo,
3070 3203 3151 3258 sic
3195 3202 3359 3258 etiam
3404 3202 3547 3256 Deus

1970 3321 2092 3362 cum
2141 3315 2330 3357 sancto
2369 3297 2836 3362 sanctiﬁcabitur,
2886 3307 2940 3349 et
2985 3310 3107 3348 cum
3142 3295 3435 3348 innocente
3459 3291 3544 3345 in-

1969 3410 2169 3451 nocens
2225 3395 2348 3457 erit,
2399 3401 2454 3446 et
2507 3405 2628 3444 cum
2682 3387 2855 3441 electo
2902 3386 3125 3440 electus.
3176 3384 3373 3440 Verum
3421 3399 3548 3440 cum

1972 3502 2233 3557 perverso
2269 3498 2609 3553 nequaquam
2636 3494 2929 3550 perversus
2980 3478 3083 3532 erit
3119 3477 3247 3547 (hoc
3270 3476 3414 3532 enim
3448 3490 3547 3533 ne-

1974 3576 2099 3646 fas),
2130 3577 2221 3629 sed
2253 3574 2604 3646 pet-verteris,
2630 3579 2690 3624 ut
2710 3586 2830 3625 cum
2867 3568 3169 3624 Pharaone.
3482 3638 3494 3646 '

2042 3666 2345 3740 Ejusdem-
2376 3666 2431 3720 In
2462 3665 2666 3719 sanctis
2698 3671 2919 3716 sanctus
2957 3672 3040 3716 est
3080 3660 3246 3726 Deus,
3298 3659 3351 3714 in
3386 3660 3545 3716 inno-

1972 3764 2225 3819 centibus
2277 3761 2537 3813 innocens
2559 3796 2575 3822 ,
2610 3758 2661 3809 in
2706 3756 2890 3809 electis
2923 3754 3153 3817 electus,
3192 3753 3242 3806 in
3276 3754 3547 3821 perversis

1974 3874 2079 3911 nun
2112 3867 2424 3924 perversus,
2456 3853 2550 3906 sed
2579 3850 2741 3905 simul
2766 3858 3029 3912 mutatus,
3051 3847 3212 3915 idque
3230 3845 3548 3900 reverentiae

1972 3965 2135 4004 causa
2169 3947 2388 4001 dicitur.
2424 3944 2749 3999 Perversum
2776 3942 2943 4013 610
2990 3942 3134 3995 enim
3176 3938 3342 3994 Deum
3377 3952 3447 3993 ne
3471 3937 3552 3991 di-

1972 4051 2143 4107 ceret,
2182 4040 2345 4095 cavit.
2392 4037 2501 4091 Hos
2537 4051 2726 4091 versus
2785 4035 3150 4104 simpliciores
3209 4032 3275 4087 de
3313 4030 3550 4086 homini-

1973 4134 2071 4190 bus
2101 4149 2243 4202 swpe
2281 4132 2574 4200 accipiunt.
2603 4130 2741 4183 Dcus
2771 4138 2951 4181 autem
2978 4126 3337 4190 convertitur,
3363 4139 3551 4193 quem-

1972 4229 2261 4283 admodum
2300 4226 2351 4279 in
2386 4224 2807 4279 Deuteronomio
2850 4222 2982 4275 dicit
3016 4221 3059 4251 ⁸¹
3098 4237 3111 4273 :
3148 4237 3168 4271 ι
3206 4218 3263 4274 Si
3316 4215 3549 4287 ingrcssi

1974 4322 2188 4377 fueritis
2221 4320 2287 4375 ad
2320 4336 2409 4374 me
2442 4318 2707 4389 perversi,
2738 4316 3012 4387 ingrediar
3046 4325 3100 4368 et
3131 4327 3232 4383 ego
3262 4312 3328 4365 ad
3364 4325 3461 4365 vos
3495 4310 3549 4363 in

1974 4419 2054 4469 ira
2094 4428 2371 4483 perversa.
2410 4430 2426 4461 ι

2047 4506 2319 4577 Ejusdem.
2355 4505 2461 4557 Pro
2489 4500 2685 4556 mentis
2709 4499 2902 4553 aliectu
2936 4492 3247 4551 nominibus
3281 4508 3428 4550 vrces
3460 4508 3553 4549 re-

1977 4600 2188 4669 pendis,
2223 4615 2256 4653 o
2292 4597 2538 4653 Domine.
2574 4594 2709 4649 Nutu
2763 4591 2969 4646 sanctis
3016 4605 3137 4659 quze
3196 4589 3551 4643 sanctitatem

1977 4693 2190 4755 decent,
2224 4689 2607 4747 innocentibus
2637 4696 2691 4742 el.
2716 4684 2877 4756 justis
2905 4683 3321 4749 convenientia,
3362 4681 3553 4738 electis

1978 4794 2029 4839 et
2088 4784 2345 4855 perlectis
2382 4779 2624 4850 perfecta
2663 4775 2895 4840 tribuis;
2935 4774 2998 4828 iis
3030 4783 3213 4830 autem
3249 4774 3340 4845 qui
3377 4772 3549 4828 decli-

1979 4886 2107 4930 nant
2137 4892 2167 4929 ει
2199 4874 2280 4928 via
2308 4914 2322 4938 ,
2368 4883 2423 4927 et
2461 4872 2800 4927 contrarium
2865 4868 2967 4923 iter
3032 4869 3355 4934 ambulant,
3417 4883 3549 4924 con-

1976 4982 2170 5037 gruunt
2202 4968 2326 5020 vita:
2365 4967 2526 5020 tinem
2558 4963 2960 5019 accommodas.
3002 4960 3107 5018 Sed
3140 4976 3246 5031 qua
3286 4958 3552 5016 ratione?

1981 5079 1998 5112 ι
2034 5060 2297 5128 Quoniam
2333 5070 2391 5114 tu
2423 5058 2677 5129 populum
2714 5058 2973 5113 humilem
3016 5058 3223 5113 salvum
3251 5055 3442 5111 facies.
3474 5072 3493 5104 ι

2039 5277 2083 5308 ⁷³
2105 5273 2301 5331 Matth.
2345 5290 2437 5335 vn,
2482 5273 2535 5328 2.
2648 5273 2694 5304 ⁸ο
2726 5272 2813 5327 Ps.
2864 5284 3053 5336 cxvrtt,
3106 5266 3191 5322 l7.
3304 5261 3546 5321 “Levit.

2076 5487 2165 5627 86)
2207 5487 2304 5554 Ὧς
2332 5487 2567 5558 ἔσομαι,
2598 5495 2705 5541 etc.
2735 5483 3053 5539 Corderius.
3304 5547 3314 5558 ‘

2076 5560 2141 5617 87
2201 5559 2305 5615 Ἐν
2324 5557 2589 5627 μὲντοῖς
2625 5555 2837 5620 ὁσίοις,
2885 5564 2991 5609 etc.
3032 5552 3214 5609 Codex
3258 5551 3314 5609 Ct

2075 5548 2163 5627 87)
2201 5548 2305 5615 Ἐἱ-
2324 5548 2589 5629 μὲνῖτοῖς
2625 5555 2837 5620 ὁσίοις,
2885 5564 2991 5609 etc.
3032 5552 3214 5609 Codex
3258 5548 3552 5609 Cbislinia-

1979 5631 2347 5773 llu(588filpriq
2376 5702 2480 5766 τὰς
2510 5696 2762 5769 γνώμας,
2800 5702 2901 5750 etc.
2943 5692 3169 5751 Sebetlte
3196 5692 3406 5750 Grabii.
