3986 6384
493 265 635 325 1255

492 482 738 551 Domine,
774 485 917 542 Deus
942 507 1107 558 meus,
1146 491 1471 550 illuminabis
1498 497 1736 553 tenebras
1770 515 1932 564 meas,
1952 510 2060 556 etc.

490 570 740 630 Lucerna
779 580 1024 648 corporis
1047 590 1132 637 est
1168 584 1379 640 oculus.
1413 585 1567 641 Hunc
1601 587 1929 646 illuminabit
1957 591 2062 647 Do-

489 666 694 723 minus.
724 667 1000 727 Habemus
1039 675 1326 732 nonnullas
1358 677 1522 732 etiam
1557 680 1610 732 in
1645 679 1882 735 humana
1913 693 2061 737 stru-

490 764 646 812 ctura
681 758 954 818 tenebras.
997 761 1108 820 Has
1140 765 1305 837 igitur
1337 782 1459 838 qua
1490 768 1543 825 in
1570 768 1726 838 justo
1757 781 1906 840 sunt,
1937 773 2061 828 illu-

489 848 725 905 minabit
758 852 1039 914 Dominus.
1087 857 1185 930 vel
1229 859 1449 916 lucerna
1495 861 1712 930 animae,
1746 879 1898 920 mens
1928 873 2053 932 est,

487 941 688 1014 quippe
732 959 852 1016 qua
896 947 1074 1006 lumen
1133 951 1374 1022 recipere
1403 964 1586 1024 queat.
1625 953 1888 1012 Tenebrae
1927 972 2056 1015 vero

487 1034 687 1091 anima:
719 1047 846 1094 sunt
876 1038 1163 1097 iracundia
1191 1053 1246 1098 et
1275 1047 1715 1116 concupiscentia
1735 1088 1752 1114 ,
1778 1064 1898 1121 quae
1929 1049 2054 1105 illu-

486 1126 766 1185 minantur
796 1132 866 1188 ab
902 1147 968 1189 eo
999 1135 1090 1204 qui
1138 1135 1376 1192 divinum
1423 1139 1764 1209 splendorem
1795 1144 2051 1214 suscepit.

485 1215 652 1275 Forte
683 1219 849 1277 etiam
885 1223 978 1293 qui
1018 1227 1267 1282 veritatis
1312 1228 1518 1286 lumine
1559 1245 1590 1285 a
1645 1232 1757 1290 Deo
1800 1234 2052 1290 illustrati

486 1307 716 1377 fuerint,
754 1311 790 1367 ii
839 1312 1114 1370 lucernam
1143 1318 1348 1375 habent
1379 1334 1698 1391 accensam,
1732 1335 1786 1380 et
1813 1327 2054 1382 actiones

493 1412 621 1456 suas
642 1401 710 1456 ad
736 1401 1031 1460 diluculum
1070 1407 1279 1466 ratione
1311 1410 1662 1478 adducentes,
1704 1414 1867 1469 etiam
1904 1425 2056 1471 tene-

1857 283 1948 340 ΕΚ
1984 284 2288 343 ORIGENE

568 392 732 450 Vens.
751 392 843 451 29.
865 396 1125 462 Quoniam
1144 407 1201 455 tu
1224 400 1550 460 illuminabis
1577 404 1843 462 lucernam
1871 425 2062 474 meum,
2091 418 2140 475 Α

3599 287 3738 344 1256

2239 412 2368 466 ὀτι
2411 411 2493 466 σὺ
2535 409 2770 482 φωτιεῖς
2805 411 3042 481 λύχνον
3078 426 3218 479 μου,
3266 408 3466 476 Κύριε,
3513 409 3548 462 ό
3591 411 3734 472 Θεό(

2157 519 2299 572 μου,
2325 500 2557 571 φωτιεῖς
2573 498 2636 554 τὸ
2669 499 2888 564 σκότος
2907 516 3048 568 μου,
3085 515 3140 550 κ.
3175 515 3225 551 τ.
3264 498 3310 549 ἑ.
3345 498 3403 550 '0
3425 495 3620 566 λύχνος
3641 493 3736 548 τοῦ

2161 591 2412 664 σώματός
2462 591 2609 644 ἐστιν
2663 589 2779 661 (89)
2817 592 2847 644 ό
2891 589 3192 659 ὀφθαλμός.
3239 588 3438 641 Τοῦτον
3475 591 3669 658 φωτιεῖ
3705 590 3737 641 ό

2158 683 2384 755 Κύριος.
2427 682 2665 753 Ἐχομεν
2687 679 2744 733 δέ
2779 697 2832 732 τι
2864 680 2960 732 καὶ
2994 680 3052 732 ἐν
3093 682 3159 750 τῇ
3195 678 3509 750 ἀνθρωπίνῃ
3563 695 3737 729 κατα-

2161 777 2327 846 σκευῇ
2369 773 2590 838 σκότος’
2645 771 2801 826 τοῦτο
2846 766 2938 824 οὖν
2974 771 3069 825 τοῦ
3101 771 3309 832 δικαίου
3344 771 3533 838 φωτιεί
3561 770 3592 821 ὁ
3623 767 3740 820 Κύ-

2163 884 2297 940 ριος.
2339 868 2408 920 Ἦ
2437 865 2628 936 λύχνος
2656 863 2834 935 ψυχῆς
2851 863 3038 930 όνοῦς,
3064 863 3138 926 ὡς
3164 863 3228 934 δὴ
3261 862 3437 930 φωτὸς
3464 861 3733 922 δεκτικός.

2162 957 2360 1022 Σκότος
2391 957 2448 1011 δὲ
2474 956 2677 1028 ταύτης
2720 955 2779 1008 τό
2809 971 2871 1007 τε
2898 956 3126 1024 Θυμικδν
3169 955 3265 1008 καὶ
3307 950 3734 1024 ἐπιθυμητικὸν,

2160 1048 2196 1104 ἃ
2239 1047 2304 1120 δὴ
2359 1045 2650 1118 φωτίζεται
2691 1045 2797 1098 ὑπὸ
2844 1045 2936 1098 τοῦ
2981 1045 3072 1099 νοῦ
3113 1045 3406 1116 δεξαμένου
3447 1044 3548 1107 τὶς
3580 1042 3739 1106 θείας

2161 1140 2356 1210 αὐγάς.
2389 1140 2541 1210 Τάχα
2583 1138 2640 1194 δὲ
2684 1139 2776 1192 καὶ
2804 1139 2852 1192 ol
2899 1137 3364 1210 περιλαμφθέντες
3407 1139 3472 1207 τῇ
3503 1135 3739 1206 ἀληθείᾳ

2161 1232 2265 1285 ὑπὸ
2293 1231 2496 1304 Κυρίου
2527 1229 2718 1301 λύχνον
2746 1229 2957 1301 ἔχουσιν
2998 1229 3328 1300 ἀνημμένον,
3367 1228 3464 1291 τὰς
3501 1227 3558 1280 δὲ
3595 1227 3740 1298 πρά·-

2161 1323 2272 1390 ξεις
2321 1321 2442 1376 καθ’
2475 1321 2668 1393 δρθρον
2719 1321 2944 1390 ἄγοντες
2988 1321 3150 1392 λόγῳ,
3205 1321 3268 1373 ἐκ
3324 1319 3416 1373 τοῦ
3472 1319 3566 1372 τὸν
3606 1317 3739 1372 νοῦν

2161 1412 2522 1483 πεφωτίσθαι,
2553 1414 2647 1467 καὶ
2687 1413 2876 1476 σκότος
2905 1411 3084 1466 αὐτῶν
3118 1410 3296 1482 έχουσι
3337 1407 3732 1480 φωτιζόμενον.

485 1487 616 1547 bras
646 1506 774 1548 suas
820 1494 1150 1552 illuminatas
1198 1499 1420 1565 habent,
1461 1515 1526 1556 eo
1559 1503 1699 1572 quod
1740 1520 1892 1561 mens
1922 1506 2219 1562 illuminata
2249 1505 2432 1561 fuerit.

555 1577 724 1642 Vens.
755 1585 846 1642 50.
880 1587 1142 1654 Quoniam
1175 1592 1230 1647 in
1261 1601 1311 1647 te
1346 1595 1546 1665 eripiar
1583 1613 1614 1650 a
1661 1601 1968 1664 tentatione,
2007 1609 2055 1654 et

483 1675 542 1731 in
568 1675 676 1733 Deo
709 1695 819 1734 meo
848 1684 1209 1752 transgredior
1241 1703 1474 1755 murum,
1504 1700 1611 1746 etc.
1644 1691 1914 1759 Tentatio,
1941 1693 2054 1766 opi-

483 1782 605 1838 nor,
637 1772 884 1842 quadam
927 1784 1009 1829 est
1057 1777 1164 1832 vita
1221 1778 1274 1833 in
1319 1779 1443 1835 Job.
1482 1781 1522 1836 Α
1577 1783 2054 1844 circumstantibus

483 1867 665 1915 autem
717 1863 1174 1926 amaritudinibus
1201 1883 1309 1926 non
1342 1871 1606 1928 liberatur
1640 1877 1744 1930 nisi
1771 1878 1860 1946 qui
1889 1877 2055 1934 fuerit

483 1948 547 2040 in
572 1949 700 2006 Deo.
728 1951 785 2007 In
818 1953 929 2010 Deo
966 1957 1012 2012 is
1035 1967 1118 2014 est
1145 1961 1238 2030 qui
1269 1962 1386 2032 ejus
1407 1973 1490 2018 est
1520 1966 1826 2038 particeps,
1863 1984 2056 2040 quem-

482 2039 776 2097 admodum
826 2052 882 2098 et
931 2045 1002 2101 ab
1047 2049 1372 2118 ignorantiis
1429 2054 1700 2111 liberatur
1745 2059 1837 2126 qui
1879 2039 2054 2115 Scien-

483 2131 620 2187 tiam
655 2132 884 2204 adeptus
923 2147 1041 2206 est;
1071 2141 1164 2211 qui
1196 2143 1413 2212 quidem
1457 2146 1512 2202 in
1555 2148 1912 2205 tentationem
1943 2166 2048 2207 non

482 2225 817 2296 ingreditur,
852 2245 957 2284 non
989 2235 1131 2301 quod
1169 2249 1275 2290 non
1323 2245 1582 2302 tentetur,
1616 2240 1710 2294 sed
1747 2242 1888 2309 quod
1931 2253 2050 2297 ten-

481 2316 704 2374 tationis
726 2317 940 2389 laqueis
972 2336 1075 2376 non
1105 2326 1371 2393 capiatur.
1414 2325 1838 2398 Trausgreditur
1867 2330 2052 2402 itaque

475 2404 566 2462 hic
596 2422 808 2464 murum
853 2413 1066 2477 peccati
1098 2416 1238 2483 quod
1269 2430 1298 2469 a
1325 2424 1480 2486 tergo
1513 2418 1791 2490 relinquit.

547 2496 714 2555 Vens.
741 2500 833 2556 31.
877 2501 1012 2556 Deus
1041 2519 1208 2572 meus,
1237 2507 1518 2573 impolluta
1551 2512 1634 2564 via
1669 2513 2048 2585 e1us;eloquia

474 2586 694 2644 Domini
720 2592 838 2661 igne
867 2596 1196 2661 examinata,
1235 2609 1502 2666 protector
1538 2613 1616 2657 est
1663 2607 1894 2661 omnium
1932 2625 2050 2676 spe-

477 2681 712 2733 rantium
751 2681 806 2736 in
851 2700 928 2749 se,
963 2693 1068 2738 etc.
1104 2684 1202 2740 Via
1235 2688 1511 2758 impolluta
1552 2693 1804 2751 Christus
1833 2708 1918 2752 est
1956 2701 2046 2768 qui

476 2769 616 2824 dixit
640 2770 735 2827 3’:
773 2791 795 2826 ι
829 2772 942 2846 Ego
973 2791 1091 2831 sum
1127 2777 1235 2834 via.
1263 2798 1283 2832 ι
1335 2779 1606 2848 Quoniam
1656 2802 1788 2842 vero
1833 2789 2046 2862 eloquia

475 2858 689 2916 Domini
718 2863 838 2936 igne
868 2875 997 2922 sunt
1031 2870 1362 2936 examinata,
1409 2874 1501 2944 qui
1532 2875 1644 2946 ipsa
1674 2858 2044 2948 audiunt,_di-

2233 1600 2362 1653 Ὅτι
2392 1599 2462 1652 ἐν
2494 1597 2590 1652 σοί
2618 1596 3003 1672 ῥυσθήσομαι
3043 1594 3160 1650 ἀπὸ
3194 1594 3596 1663 πειρατηρίου,
3631 1593 3734 1646 καὶ

2154 1691 2224 1745 ἐν
2271 1691 2353 1758 τῷ
2405 1690 2527 1757 Θεῷ
2566 1708 2681 1759 μου
2731 1690 3142 1759 ὑπερϐήσομαι
3199 1687 3412 1756 τεῖχος,
3459 1681 3514 1740 κ.
3563 1703 3616 1738 τ.
3678 1686 3731 1738 ἐ.

2154 1785 2326 1856 Usipi
2357 1791 2460 1848 τις,
2489 1779 2644 1854 οἶμαι
2671 1782 2808 1854 (90),
2845 1785 2873 1836 ό
2913 1782 3025 1854 βίος
3071 1782 3129 1835 ὲν
3164 1780 3240 1852 τῷ
3277 1779 3418 1836 Ἰὼϐ.
3460 1779 3736 1848 Περιστά-

2156 1894 2292 1940 σεως
2324 1877 2380 1930 δὲ
2418 1877 2518 1930 οὐκ
2552 1876 2631 1930 ένι
2673 1875 2934 1947 ρυσθῆναι
2970 1873 3181 1946 πικρῶν
3209 1873 3241 1944 ἦ
3270 1872 3361 1926 τὸν
3397 1872 3454 1924 ἐν
3481 1870 3607 1941 Θεῷ
3638 1887 3737 1939 γεε

2152 1968 2366 2036 γονότα.
2403 1967 2612 2020 Γίνεται
2665 1965 2722 2020 δέ
2763 1984 2846 2030 τις
2874 1967 2931 2019 ἐν
2965 1965 3104 2036 Θεῷ,
3156 1964 3395 2036 μετέχων
3427 1961 3618 2026 αὐτοῦ,
3650 1961 3736 2024 ὡς

2151 2059 2248 2112 καὶ
2281 2058 2387 2112 τῶν
2417 2057 2776 2128 ἀγνοημάτων
2816 2055 3004 2128 ῥύεταί
3036 2072 3121 2118 τις
3165 2057 3221 2108 ὲν
3257 2054 3533 2125 ἐπιστήμῃ
3576 2052 3734 2121 γενό-

2155 2167 2336 2221 μενος,
2361 2150 2510 2213 ὅστις
2539 2152 2618 2212 εἰς
2650 2147 2954 2220 πειρασμὸν
2976 2148 3076 2201 οὐκ
3103 2146 3430 2219 εἰσέρχεται,
3457 2147 3518 2198 οὖ
3540 2144 3622 2216 τῷ
3650 2145 3731 2216 μὴ

2153 2241 2536 2313 πειρασθῆναι,
2591 2239 2728 2294 ἀλλὰ
2760 2240 2836 2311 τῷ
2873 2240 2946 2311 μὴ
2995 2239 3197 2292 ἁλῶναι
3229 2241 3348 2302 ταῖς
3392 2238 3590 2300 παγίσι
3630 2238 3730 2290 τοῦ

2151 2331 2482 2404 πειρασμοῦ.
2537 2332 2882 2403 ’Υπερὸαίνει
2931 2326 3024 2384 οὖν
3077 2326 3228 2395 οὗτος
3273 2329 3336 2383 τὸ
3392 2333 3572 2401 τεῖχος
3626 2329 3732 2400 τῆς

2151 2425 2446 2495 ἁμαρτίας,
2475 2423 2649 2478 ὀπίσω
2677 2423 2878 2488 ταύτας
2919 2424 3256 2494 ποιούμενος.

2229 2515 2292 2566 '0
2327 2515 2470 2580 Θεός
2493 2533 2634 2584 μου,
2662 2515 2896 2584 ἄμωμος
2926 2516 2964 2582 ἡ
3000 2514 3138 2580 ὁδὸς
3188 2512 3396 2582 αὐτοῦ,
3437 2513 3511 2568 τὰ
3545 2516 3730 2584 λόγια

2146 2606 2366 2673 Κυρίου
2395 2605 2810 2675 πεπυρωμένα,
2841 2604 3296 2673 ὑπερασπιστής
3315 2605 3446 2658 ἐστι
3479 2603 3730 2659 πάντων

2146 2696 2266 2751 τῶν
2294 2698 2655 2760 ἐλπιζόντων
2691 2696 2782 2750 ἐπ’
2818 2697 3022 2762 αὐτὸν,
3054 2716 3106 2751 κ.
3139 2715 3189 2750 τ.
3222 2697 3270 2750 ἑ.
3306 2698 3570 2768 ’Δμωμος
3603 2697 3729 2762 ὁδὸς

2149 2788 2256 2862 (9|)
2286 2792 2314 2843 ό
2352 2790 2580 2862 Χριστός
2609 2793 2754 2843 ἐστιν
2781 2791 2808 2843 ό
2833 2789 3001 2843 εἰπών
3023 2807 3036 2819 ·
3077 2808 3095 2842 ι
3135 2789 3276 2859 Ἐγώ
3307 2789 3421 2860 είμι
3447 2790 3482 2860 ἡ
3511 2788 3650 2852 ὁδός.
3698 2807 3721 2841 s

2159 2879 2312 2932 Ἐπεὶ
2354 2879 2410 2933 δὲ
2465 2881 2532 2934 τὰ
2586 2881 2741 2949 λόγια
2792 2881 2997 2953 Κυρίου
3041 2880 3413 2952 πεπυρωμένα
3456 2880 3625 2943 ἐστὶν,
3668 2880 3724 2932 οἱ

475 2960 606 3006 cunt
636 2953 722 3009 ⁸³ι
755 2975 774 3007 ι
806 2955 998 3013 Nonne
1038 2975 1133 3014 cor
1187 2972 1429 3019 nostrum
1467 2968 1666 3024 ardens
1705 2982 1822 3026 erat
1856 2973 1908 3028 in
1950 2991 2044 3030 no-

2159 2968 2436 3033 Ξικούοντες
2476 2971 2652 3024 αὐτῶν
2683 2969 2966 3040 λέγουσιν·
3002 2990 3020 3023 ι
3058 2971 3192 3041 Οὐχὶ
3241 2973 3275 3042 ἡ
3327 2969 3523 3042 καρδία
3556 2971 3722 3041 ἡμῶν

474 3042 608 3099 bis?
639 3064 661 3098 ι
705 3046 844 3114 Quin
875 3057 929 3103 et
961 3067 980 3100 ι
1001 3051 1192 3120 spiritu
1219 3052 1492 3112 ferventes
1527 3077 1547 3112 ι
1585 3070 1711 3115 sunt
1734 3061 1799 3127 ⁸⁸,
1829 3074 1883 3118 et
1907 3064 2042 3121 alie-

475 3151 604 3190 num
639 3152 670 3192 a
706 3139 815 3194 Deo
848 3140 1026 3210 ignem
1073 3159 1178 3199 non
1227 3147 1543 3216 admittunt,
1587 3153 1676 3220 qui
1725 3154 1778 3209 in
1830 3157 2044 3228 sagittis

474 3228 696 3299 maligni
731 3239 830 3286 est.
866 3231 972 3289 Sed
1005 3233 1266 3292 Dominus
1298 3240 1386 3308 qui
1427 3239 1564 3297 dixit
1605 3260 1618 3296 :
1651 3243 1873 3316 «Ignem
1918 3251 2040 3304 veni

473 3326 693 3377 mittere
739 3321 792 3376 in
840 3332 1060 3390 terram,
1097 3343 1116 3377 ι
1152 3328 1365 3398 eloquia
1404 3331 1595 3389 habuit
1634 3335 1798 3406 ignita
1831 3355 1844 3392 :
1873 3353 2045 3408 quare

475 3410 554 3466 ait
578 3411 670 3466 πε
708 3430 726 3465 ι
759 3412 823 3466 Et
859 3415 988 3483 quid
1028 3417 1150 3472 volo
1187 3421 1287 3474 nisi
1327 3430 1386 3476 ut
1427 3427 1790 3481 accendatur?
1827 3448 1846 3480 ι
1881 3428 2043 3486 Forte

470 3501 635 3555 etiam
677 3501 729 3556 in
771 3501 980 3573 Spiritu
1020 3517 1209 3562 sancto
1238 3519 1291 3562 et
1319 3510 1444 3580 igne
1470 3514 1708 3585 baptizat
1737 3515 1914 3586 Jesus,
1946 3521 2040 3575 sed

463 3590 612 3660 ignis
643 3593 750 3647 urit
778 3593 948 3662 ligna,
981 3595 1210 3664 faenum,
1236 3601 1510 3671 stipulam.

543 3680 708 3738 Vens.
735 3684 827 3751 52,
863 3687 952 3752 '53,
979 3687 1069 3742 34.
1092 3689 1355 3754 Quoniam
1389 3697 1503 3764 quis
1541 3695 1680 3752 Deus
1712 3708 1905 3768 prceter
1933 3702 2043 3758 Do-

471 3775 714 3828 minum?
745 3786 836 3830 aut
866 3781 983 3847 quis
1015 3779 1155 3836 Dcus
1181 3795 1374 3852 prwter
1400 3785 1568 3842 Deum
1599 3796 1875 3847 nostrum?
1904 3795 2039 3850 Deus

468 3868 562 3936 qui
606 3870 880 3937 prcecinxit
920 3889 999 3926 nte
1051 3875 1278 3940 virtute,
1332 3889 1380 3931 et
1421 3882 1595 3948 posuit
1640 3883 2039 3943 immaculatum

465 3956 628 4027 611
654 3958 791 4012 viam
831 3975 998 4015 meum
1023 3979 1044 4027 ;
1073 3965 1163 4033 qui
1187 3968 1399 4035 perfecit
1428 3971 1579 4036 pedes
1613 3988 1752 4028 meos
1788 3983 2039 4044 tanquam

467 4065 766 4116 cervorum,
799 4061 849 4106 et
876 4069 1033 4122 super
1061 4057 1266 4111 excelsa
1295 4070 1531 4116 statuens
1565 4079 1663 4129 me,
1696 4075 1803 4121 etc.
1830 4066 2039 4122 Secun-

467 4143 596 4194 dum
643 4142 745 4196 hoc
785 4141 1151 4213 signiﬁcatum
1172 4187 1186 4212 ,
1235 4149 1385 4205 solus
1418 4167 1580 4208 verus
1611 4154 1758 4211 Deus
1781 4166 1864 4212 est
1896 4159 2037 4212 Deus

465 4229 651 4297 Pater,
697 4232 801 4288 nisi
849 4233 1158 4302 relativum,
1199 4256 1217 4290 ι
1247 4242 1404 4308 quis,
1445 4260 1463 4294 ι
1499 4245 1641 4314 quod
1675 4262 1814 4317 saepe
1842 4249 2037 4302 rarita-

2146 3060 2410 3130 καιομένη
2442 3056 2508 3131 ἦν
2532 3063 2588 3114 ὲν
2609 3063 2779 3132 ἡμῖν;
2822 3079 2841 3112 ι
2880 3061 2989 3116 Kal.
3021 3081 3039 3114 ι
3070 3061 3338 3132 πνεύματι
3369 3061 3425 3116 δὲ
3458 3061 3662 3128 ζέουσι,
3696 3081 3718 3114 s

2146 3151 2242 3206 καὶ
2304 3151 2580 3223 ἀλλότριον
2619 3152 2754 3206 Θεοῦ
2816 3153 2877 3205 οὐ
2936 3153 3327 3224 παραδέχονται
3371 3153 3518 3225 πῦρ,
3577 3153 3724 3224 ὅπερ

2146 3242 2293 3296 ἐστὶν
2342 3243 2402 3295 ὲν
2450 3244 2561 3306 τοῖς
2603 3241 2780 3312 βέλεσι
2823 3242 2915 3297 τοῦ
2952 3244 3209 3315 πονηροῦ,
3253 3245 3392 3298 Ἀλλ’
3437 3247 3466 3298 ὁ
3507 3243 3723 3297 εἰπών’

2151 3352 2170 3384 ι
2205 3331 2324 3400 Πῦρ
2355 3328 2517 3403 ἦλθον
2547 3332 2728 3403 βαλεῖν
2749 3335 2840 3387 ἐπὶ
2861 3323 2956 3406 τὴν
2983 3336 3104 3406 γῆν,
3145 3355 3163 3388 ι
3202 3336 3574 3408 πεπυρωμένα
3603 3335 3725 3406 εἶχε

2144 3424 2336 3494 λόγιαο
2373 3425 2454 3478 διό
2483 3441 2648 3496 φησιο
2691 3445 2710 3476 ι
2751 3427 2861 3479 Καὶ
2898 3427 2950 3479 τί
2993 3427 3131 3480 θέλω
3179 3429 3226 3480 εί
3269 3427 3368 3499 ἤδη
3399 3427 3650 3498 ἀνήφθη;
3697 3447 3719 3479 ι

2143 3517 2296 3586 Τάχα
2326 3516 2382 3570 δὲ
2412 3518 2468 3570 ὲν
2489 3516 2765 3588 Πνεύματι
2783 3505 2919 3589 ἁγίῳ
2941 3519 3033 3572 καὶ
3051 3535 3120 3571 πυ
3131 3519 3182 3590 pl.
3201 3519 3447 3590 βαπτίζει
3480 3517 3722 3589 Ἰησοῦς,

2143 3607 2280 3662 ἀλλὰ
2314 3609 2374 3661 τὸ
2399 3608 2510 3681 πῦρ
2535 3611 2820 3664 κατακαίει
2853 3610 3002 3675 ξύλα,
3028 3611 3236 3682 χόρτον,
3262 3612 3530 3682 καλάμην.

2217 3702 2346 3756 ’Ὅτι
2370 3703 2460 3768 τίς
2493 3702 2630 3768 Θεὸς
2672 3702 2836 3770 πλὴν
2868 3702 2974 3758 τοῦ
3021 3703 3278 3772 Κυρίου;
3318 3705 3413 3758 καὶ
3447 3704 3539 3769 τίς
3571 3703 3726 3770 Θεὸς

2143 3793 2309 3862 πλὴν
2333 3793 2440 3848 τοῦ
2477 3795 2624 3849 Θεοῦ
2674 3795 2878 3866 ἠμῶν;
2928 3796 2991 3849 Ὀ
3051 3795 3195 3862 Θεὸς
3237 3799 3272 3849 ό
3306 3794 3728 3863 rtemann-iit.»-

2135 3904 2214 3956 με
2251 3885 2527 3956 δύναμιν,
2575 3888 2673 3942 καὶ
2711 3889 2877 3944 ἔθετο
2907 3889 3148 3959 ἄμωμον
3173 3887 3288 3956 τὴν
3313 3887 3458 3941 ὀδόν
3479 3905 3632 3956 μουο
3687 3891 3724 3942 ό

2139 3979 2621 4049 καταρτιζόμενος
2647 3982 2789 4048 τοὺς
2819 3982 3011 4048 πόδας
3027 4000 3146 4053 μου
3176 3982 3317 4036 ὡσεὶ
3334 3979 3582 4050 adp-ev,
3610 3983 3723 4034 xui.

2139 4069 2236 4124 ἐπὶ
2279 4072 2348 4125 τὰ
2376 4073 2586 4141 ὑψηλὰ
2617 4072 2800 4128 ἱστῶν
2838 4091 2935 4144 με,
2979 4092 3032 4127 κ.
3068 4092 3117 4127 τ.
3147 4075 3194 4126 ὲ.
3248 4072 3403 4127 Κατὰ
3444 4072 3602 4126 τοῦτο
3649 4073 3722 4126 τὺ

2142 4164 2538 4235 σημαινόμενον
2569 4165 2701 4237 (92),
2741 4166 2901 4237 μόνος
2934 4166 3065 4232 Θεός
3090 4169 3236 4220 ἐστιν
3261 4165 3549 4239 ἀληθινὸς-ό
3575 4165 3722 4230 Θεὸς

2140 4255 2234 4308 καὶ
2257 4257 2468 4328 Πατὴρ,
2495 4259 2542 4310 εί
2567 4258 2640 4328 μὴ
2676 4257 2783 4330 ἄρα
2803 4259 2863 4312 τὸ
2886 4260 2998 4326 τίς,
3017 4260 3109 4313 ἐπὶ
3132 4259 3222 4313 τοῦ
3256 4261 3480 4314 σπανίου
3513 4258 3721 4312 πολλάο

466 4331 573 4380 tem
609 4325 882 4396 significat
904 4367 921 4394 ,
981 4329 1049 4383 ad
1095 4329 1443 4402 Unigenitum
1478 4335 1799 4394 referamus.
1836 4339 1902 4394 Et
1935 4341 2039 4396 boc

2159 4365 2231 4412 ιις
2259 4325 2532 4419 κείμενον,
2681 4325 2770 4404 τόν
2802 4352 3084 4422 Μονογενῆ
3114 4352 3418 4424 ἀνοίσομεν.
3463 4353 3574 4405 Καὶ
3609 4351 3720 4405 νῦν

461 4416 678 4486 quidem
703 4415 824 4473 loco
856 4433 1014 4485 zona,
1045 4419 1218 4476 virtus
1251 4433 1367 4490 est;
1401 4426 1541 4495 apud
1590 4427 1817 4484 Paulum
1848 4441 2029 4486 autem

460 4509 689 4566 veritas.
734 4509 861 4580 Ejus
889 4521 1070 4567 autem
1102 4513 1193 4582 qui
1227 4515 1450 4584 pulchre
1478 4520 1648 4574 currit
1677 4560 1692 4586 ,
1725 4531 1781 4576 et
1809 4537 2030 4578 cursum

460 4599 693 4669 perlicit,
717 4602 1076 4671 perficiuntur
1102 4607 1264 4676 pedes
1299 4617 1553 4679 tanquam
1581 4628 1887 4668 cervorum.
1915 4635 1934 4666 ι
1964 4616 2031 4671 Et

460 4703 628 4759 super
654 4693 866 4748 excelsa
901 4704 1148 4752 statuens
1196 4714 1303 4753 me.
1335 4719 1352 4751 ι
1392 4699 1776 4773 Unusquisque
1805 4708 2028 4776 propria

460 4781 710 4850 quaedam
747 4785 960 4842 excelsa
1018 4787 1179 4846 habet
1225 4806 1254 4844 a
1305 4792 1502 4862 quibus
1549 4793 1770 4860 decidit,
1821 4796 1905 4852 vel
1937 4799 2030 4854 de-

457 4873 690 4929 scendit.

529 4963 805 5034 Ejusdem.
843 4969 937 5026 Est
971 4972 1124 5042 cujus
1175 4971 1527 5042 perficiuntur
1557 4977 1720 5045 pedes
1770 4985 2023 5048 tanquam

459 5058 608 5114 cervi
665 5075 764 5130 per
813 5063 1104 5132 actionem,
1129 5067 1414 5137 eriguntur
1446 5081 1629 5125 autem
1654 5087 1751 5141 per
1782 5082 2025 5129 contem-

2143 4441 2240 4512 μὲν
2265 4443 2298 4513 ἡ
2327 4440 2471 4515 ζώνη
2515 4442 2762 4515 δύναμις,
2797 4444 2946 4516 παρὰ
2973 4442 3029 4498 δὲ
3061 4445 3258 4517 Παύλῳ
3285 4445 3526 4518 ἀλήθεια.
3557 4447 3720 4500 Κατ-

2138 4531 2447 4604 αρτίζονται
2495 4533 2551 4588 δὲ
2595 4536 2642 4588 oi
2676 4535 2833 4600 πόδες
2875 4537 2951 4600 ὡς
2996 4536 3244 4606 ἐλάφων,
3281 4537 3376 4592 τοῦ
3423 4537 3720 4608 τρέχοντος

2137 4623 2338 4688 καλῶς,
2382 4626 2475 4680 καὶ
2522 4627 2615 4680 τὸν
2659 4627 2858 4700 δρόμον
2912 4629 3262 4700 πληροῦντος.
3299 4648 3316 4681 ι
3354 4630 3464 4683 Καὶ
3509 4629 3602 4683 ἐπὶ
3644 4630 3724 4684 τά

2138 4715 2316 4786 ὑψηλά
2345 4714 2506 4770 ἱστῶν
2543 4734 2629 4787 με.
2666 4737 2683 4768 ι
2718 4716 2854 4770 Ἴδιά
2884 4735 3005 4772 τινα
3025 4718 3132 4790 ὕψη
3163 4720 3308 4772 ἐστὶν
3329 4720 3580 4790 ἑκάστου,
3611 4721 3719 4791 ἀφ’

2135 4799 2212 4862 ὧν
2240 4807 2560 4873 κατέπεσεν,
2595 4807 2627 4877 ἧ
2659 4807 3019 4879 καταϐέϐηκε.

2209 4985 2321 5041 Τοῦ
2358 4986 2566 5040 αὐτοῦ.
2615 4984 3050 5058 Καταρτίζονταί
3104 5004 3247 5050 τινος
3279 4986 3388 5056 (9³5)
3446 4989 3495 5041 οἱ
3547 4989 3718 5055 πόδες

2136 5077 2268 5131 ὡσεὶ
2314 5078 2514 5149 ἐλάφου
2565 5077 2652 5132 διὰ
2696 5079 2796 5149 τῆς
2825 5080 3151 5152 πρακτικῆς,
3205 5079 3459 5150 accaym
3507 5080 3564 5135 δὲ
3611 5081 3718 5139 διὰ

561 5240 790 5298 "Joan.
839 5260 952 5313 xw,
985 5246 1038 5302 6.
1118 5250 1164 5282 ⁸³
1197 5249 1330 5306 Luc.
1376 5267 1528 5320 uir,
1562 5252 1652 5308 52.
1729 5255 1776 5288 ⁸⁸
1802 5255 1960 5312 Rom.
1985 5271 2040 5311 xi

2159 5259 2238 5313 I-l.
2315 5259 2360 5292 ⁸⁵
2388 5258 2520 5315 Luc.
2565 5275 2664 5326 xu,
2693 5260 2783 5316 49.

529 5387 734 5510 (δέῃ’ςο
775 5427 1006 5497 λύχνος
1031 5426 1136 5510 ινοῇ
1169 5425 1440 5510 (χώματός
1454 5433 1806 5510 ’.ἑστίη-ειυς
1840 5433 2024 5510 codex

458 5496 844 5570 ’goisliuianus,
863 5496 1028 5552 num.
1061 5496 1150 5562 10,
1173 5496 1424 5570 Origeni,
1447 5496 1662 5558 Catena
1681 5505 1902 5561 Barbari
1926 5506 2021 5563 Di-

458 5567 617 5635 rjymo
648 5567 856 5622 tribuit.

550 5635 640 5702 90)
671 5635 852 5704 Πεῖρά
886 5655 1007 5705 τις,
1035 5639 1212 5710 οἶμαι,
1245 5650 1350 5695 etc.
1379 5641 1602 5698 Schedae
1631 5644 1842 5703 Grabii.

526 5636 641 5778 i9!)
673 5707 947 5778 Ἀμωμος
977 5709 1138 5778 ὁδός,
1167 5723 1271 5768 etc.
1300 5711 1611 5772 Corderius.

549 5705 641 5778 91)
673 5707 947 5778 Ἀμωμος
977 5705 1138 5778 ὁδός,
1167 5705 1271 5768 etc.
1300 5711 1611 5772 Corderius.

2344 5437 2504 5509 Κατὰ
2539 5436 2716 5509 τοῦτο
2751 5436 2818 5492 τὸ
2845 5439 3307 5509 σημαινόμενον,
3336 5450 3440 5496 etc.
3474 5441 3712 5504 Scheda

2129 5505 2314 5564 Grabii
2344 5505 2563 5578 Origeni
2597 5509 2879 5572 tribuunt,
2922 5505 3014 5563 Sed
3054 5505 3346 5566 Cbrderius
3378 5512 3542 5567 habet
3573 5526 3710 5570 tan-

2129 5579 2505 5649 quamincerti
2536 5580 2794 5649 auctoris.

2198 5647 2311 5726 (.93)
2336 5645 2788 5726 ξαταρτίζονταέ
2834 5667 3016 5726 τινος,
3063 5661 3168 5709 etc.
3221 5650 3448 5709 Schedze
3484 5652 3710 5726 Grabii,

2128 5717 2300 5775 codex
2329 5718 2717 5789 Coislinianus,
2747 5718 3042 5778 Barbarus.
