3822 6490
170 328 303 384 1257

1114 329 1427 386 SELECTA
1457 328 1525 386 ΙΝ
1557 329 1890 386 PSALMOS.
1931 360 2002 372 -—
2039 331 2232 387 PSAL.
2266 330 2426 388 XVII.

3261 337 3400 396 i258

164 440 262 511 τῆς
295 441 548 512 Θεωρίας.
607 442 753 497 Διότι
806 444 1068 516 ἡέλαφος
1113 448 1327 520 ἀναιρεῖ
1383 448 1510 511 τοὺς
1555 447 1716 517 ὄφεις.

1839 447 2143 518 plationem.
2207 449 2569 516 Quamobrem
2629 463 2822 507 cervus
2874 459 3063 508 enecat
3095 465 3397 524 serpentes.

229 536 541 593 Διδάσκων
583 540 790 609 χεῖράς
825 560 944 612 μου
986 546 1074 610 εἰς
1107 545 1398 614 πόλεμον
1438 545 1536 599 καὶ
1589 546 1727 598 ἔθου

161 630 338 694 τόξον
369 632 642 700 χαλκοῦν
680 638 821 700 τοὺς
847 635 1181 704 ,ϐραχίονάς
1213 655 1352 705 μου,
1388 654 1443 690 κ.
1483 655 1532 690 τ.
1581 637 1630 690 ἐ.
1667 636 1726 689 '0

159 724 352 795 χαλκὸς
384 722 650 795 σύμϐολόν
705 725 821 778 ἐστι
854 726 964 800 (94)
1012 729 1338 800 πρακτικῆς.
1380 747 1399 780 ι
1447 727 1726 800 Διέφθειρε

168 823 264 886 γαρ
300 815 391 868 τὸν
420 816 620 886 χαλκόν
653 833 768 881 σου,
809 835 829 870 ›
863 819 1030 890 φησὶν
1061 819 1317 892 Ἰεζεχιὴλ
1339 819 1474 893 πρὸς
1493 820 1590 892 τὴν
1630 820 1727 874 Ἰε-

161 906 456 980 ρουσαλήμ.
498 907 714 980 Ἐπειδὴ
745 904 839 962 οῦν
880 909 930 963 οἱ
973 909 1228 982 ἡμέτεροι
1259 910 1546 982 βραχίονες
1583 911 1724 982 πέμ-

156 1013 316 1049 πουσι
352 996 423 1050 τὰ
451 994 600 1068 βέλη,
631 997 815 1068 φησὶν,
846 999 947 1064 ὅτι,
977 999 1403 1072 Παρεσκεύασας
1433 1001 1558 1066 τοὺς
1593 1002 1724 1072 βρα-

154 1087 335 1158 χίονας
363 1104 465 1159 μου
515 1088 689 1155 τόξον,
720 1090 813 1142 καὶ¹
863 1089 1184 1161 προστίθησι
1221 1111 1238 1142 ι
1267 1089 1523 1161 χαλκοῦν,
1565 1110 1582 1142 ι
1620 1094 1711 1162 ἐμ»

154 1179 359 1247 φαίνων
409 1179 472 1234 τὸ
505 1178 722 1236 εὔτονον
754 1181 850 1235 καὶ
895 1180 1218 1253 ἄθραυστον,
1269 1182 1364 1236 καὶ
1407 1182 1579 1252 λέγων
1617 1183 1721 1246 ὅτι,

165 1270 454 1342 Ἀήττητόν
485 1287 557 1342 με
603 1272 910 1342 πεποίηκας
946 1273 1006 1327 ἐν
1047 1276 1156 1337 τοῖς
1199 1273 1340 1328 κατὰ
1377 1273 1721 1346 τῶνέχθρῶν

151 1362 350 1432 ἀγῶσι.

218 1477 329 1532 Καὶ
364 1476 591 1544 ἔδωκάς
618 1495 722 1549 μοι
757 1479 1221 1550 ὑπερασπισμὸν
1245 1479 1544 1546 σωτηρίας
1567 1494 1718 1548 μουο

147 1568 251 1622 καὶ
285 1568 524 1658 σλδεξιά
553 1585 670 1626 σου
697 1570 1063 1625 ἀντελάϐετό
1081 1589 1225 1641 μου,
1271 1571 1367 1626 καὶ.
1399 1572 1437 1638 ἡ
1486 1569 1724 1624 παιδεία

144 1675 268 1714 σου
306 1660 621 1730 ἁνώρθωσέ
647 1679 724 1732 με
762 1664 845 1726 εἰς
876 1662 1071 1728 τέλος,
1115 1662 1212 1715 καὶ
1249 1663 1284 1730 ἠ
1326 1660 1563 1714 παιδεία
1605 1674 1722 1714 σου

141 1751 300 1818 αὐτή
323 1768 400 1820 με
423 1751 669 1818 διδάξει,
703 1771 756 1807 κ.
793 1771 844 1807 τ.
862 1755 908 1808 ἐ.
927 1754 984 1808 '0
1013 1756 1070 1806 ἐν
1101 1752 1250 1824 δεξιᾷ
1279 1753 1583 1824 καθήμενος
1605 1751 1718 1823 (95)

1908 539 2070 595 Vens.
2099 538 2188 594 55.
2222 538 2326 605 Qui
2349 543 2498 595 docet
2532 556 2721 596 manus
2770 558 2912 597 meas
2943 545 3011 597 ad
3039 543 3300 612 prtelium,
3350 555 3401 600 et

1831 630 2057 700 posuisti
2087 639 2144 683 ut
2179 645 2360 684 arcum
2391 647 2585 686 (ereum
2613 632 2830 688 brachia
2855 650 2990 701 mea,
3013 643 3119 690 etc.
3147 635 3398 690 Actionis

1832 719 2135 790 symbolum
2166 730 2249 777 est
2277 737 2371 778 ars.
2429 742 2446 774 ι
2479 721 2733 794 Corrupit
2778 733 2924 781 enim
2969 741 3043 781 ars
3093 736 3244 782 tuum
3269 727 3338 792 ",
3373 745 3395 780 s

1833 813 1966 868 dicit
1996 812 2244 868 Ezechiel
2270 815 2337 868 ad
2371 813 2694 871 Jerusalem.
2733 817 2996 885 Quoniam
3022 819 3182 890 igitur
3211 829 3398 874 nostra

1829 904 2051 961 brachia
2086 907 2305 961 mittunt
2333 907 2590 977 sagittas,
2625 908 2700 962 ait
2755 925 2770 964 :
2816 908 3140 980 Prmpamsti
3177 909 3396 966 brachia

1831 1012 1950 1051 mea
1999 997 2138 1052 sicut
2188 1012 2402 1063 arcum,
2450 1008 2503 1052 et
2556 999 2704 1053 addit
2732 1018 2752 1053 ι
2783 1015 3017 1070 aereum,
3051 1020 3071 1054 ι
3103 1002 3400 1057 ostendens

1831 1086 1982 1140 illum
2027 1088 2290 1142 intentum
2341 1097 2396 1143 et
2440 1086 2728 1145 infractum
2760 1106 2904 1158 esse,
2953 1107 3018 1148 ac
3057 1093 3244 1148 dicens
3287 1091 3396 1148 :ln

1830 1177 2034 1246 praeliis
2061 1179 2325 1236 adversus
2355 1181 2540 1235 hostes
2574 1179 2998 1251 insuperabilem
3033 1197 3118 1239 me
3146 1182 3348 1238 fecisti.

1910 1482 2069 1540 Vens.
2118 1484 2208 1540 36.
2258 1485 2326 1540 Et
2365 1487 2558 1542 dedisti
2609 1490 2742 1543 mihi
2787 1491 3162 1558 protectionem
3206 1491 3394 1547 salutis

1829 1591 1989 1642 mete,
2039 1585 2088 1628 et
2116 1577 2333 1630 dextera
2369 1584 2460 1631 tua
2493 1581 2719 1647 suscepit
2751 1596 2853 1645 me,
2895 1590 2945 1634 et
2987 1579 3264 1650 disciplina
3305 1593 3398 1636 tua

1828 1665 2057 1718 correxit
2093 1682 2175 1720 me
2204 1667 2258 1719 in
2289 1665 2472 1734 ﬁnem,
2501 1677 2549 1722 et
2573 1669 2856 1738 disciplina
2891 1678 2981 1724 tua
3023 1671 3140 1740 ipsa
3179 1686 3260 1724 me
3309 1673 3400 1724 do-

1828 1758 1981 1822 cebit,
2012 1767 2117 1813 etc.
2150 1759 2250 1824 Qui
2286 1760 2340 1813 in
2365 1762 2582 1816 dextera
2620 1759 2800 1816 Patris
2843 1762 3010 1827 sedet,
3055 1763 3143 1818 hic
3171 1775 3397 1818 vocatur

137 1842 239 1896 τοῦ
270 1843 502 1915 Πατρὸς,
534 1840 688 1909 οὗτος
724 1845 968 1900 καλεῖται
1018 1846 1184 1912 δεξιά.
1218 1847 1328 1900 Καὶ
1371 1846 1459 1899 διὰ
1494 1846 1591 1917 μὲν
1623 1848 1716 1918 τῆς

1839 1849 2074 1906 dextera.
2121 1851 2185 1905 Et
2216 1853 2382 1921 priori
2413 1855 2630 1923 quidem
2678 1855 2964 1925 disciplina
3003 1871 3104 1911 nos
3143 1857 3394 1927 corrigit,

138 1933 420 2003 προτέρας
451 1933 700 1998 παιδείας
733 1955 750 1987 ι
783 1939 934 2008 ἡμᾶς
973 1955 992 1988 ι
1029 1937 1265 2008 ἁνορθοῖ,
1294 1936 1380 1990 διὰ
1399 1937 1454 1990 δὲ
1481 1938 1579 2008 τῆς
1603 1937 1722 1990 δευ-

136 2024 308 2096 τέρας
335 2025 595 2080 διδάσκει.
628 2028 883 2083 Πολιτεία
926 2028 1036 2101 γὰρ
1065 2028 1198 2100 ὀρθὴ
1235 2028 1486 2099 ἀνίστησι
1516 2027 1716 2099 ψυχὴν,

137 2117 344 2184 γνῶσις
371 2117 426 2170 δὲ
455 2116 659 2188 ἀληθὴς
685 2117 938 2171 πλατύνει
967 2119 1157 2188 αὑτήν.
1193 2117 1350 2183 Δεξιὰ
1380 2120 1408 2171 ὀ
1443 2116 1512 2170 τὰ
1541 2117 1718 2171 πάντα

134 2209 550 2283 δημιουργήσας
591 2211 738 2275 Υἱὸς,
779 2213 907 2284 περὶ
952 2201 1013 2264 οὗ
1053 2211 1149 2264 καὶ
1191 2210 1424 2281 ἀλλαχοῦ
1467 2209 1714 2282 εἴρηται’

139 2323 162 2357 s
200 2305 366 2372 Δεξιὰ
396 2305 602 2376 Κυρίου
635 2304 857 2375 ἐποίησε
881 2303 1292 2375 δύναμιν,δεξιὰ
1309 2303 1512 2376 Κυρίου
1535 2303 1717 2374 ὕψωσέ

134 2413 296 2465 με.»

225 2487 599 2554 Ἐπλάτυνας
643 2485 715 2540 τὰ
746 2485 1078 2557 διαδήματά
1115 2505 1235 2557 μου
1262 2485 1541 2540 ὑποκάτω
1570 2505 1713 2556 μου,

131 2580 245 2634 καὶ
285 2583 396 2635 οὐκ
418 2580 774 2648 ἠσθένησαν
811 2579 883 2632 τὰ
919 2579 1059 2648 ἴχνη
1103 2597 1246 2648 μου,
1280 2596 1335 2632 κ.
1369 2596 1419 2631 τ.
1458 2581 1504 2632 ἐ.
1539 2579 1716 2648 Εὐφό-

134 2690 256 2745 ρως
283 2671 642 2742 ὑπομένοντος
680 2671 790 2742 (96)
813 2670 1021 2740 θλίψεις
1056 2673 1089 2742 ἠ
1120 2669 1270 2742 φωνὴ
1298 2669 1385 2723 διὰ
1408 2671 1498 2723 τὸν
1524 2672 1716 2740 ἐμποι-

129 2765 306 2819 οῦντα
332 2764 490 2833 λόγον
513 2764 608 2817 καὶ
637 2765 696 2816 ἐν
721 2765 832 2826 τοῖς
857 2762 1118 2822 τοιούτοις
1142 2762 1238 2834 τὴν
1259 2762 1618 2834 εὐρυχωρίαν,
1641 2760 1716 2824 ὡς

133 2856 282 2928 μηδὲ
303 2857 401 2929 τὴν
426 2857 694 2928 τυχοῦσαν
726 2855 1011 2911 ἀσθένειαν
1041 2857 1100 2908 ἐν
1141 2859 1252 2920 τοῖς
1287 2855 1484 2926 ἴχνεσιν
1513 2855 1713 2925 ἐμφαί-

128 2949 346 3002 νεσθαι.

211 3038 566 3104 Καταδιώξω
591 3038 733 3105 τοὺς
771 3037 1024 3106 ἐχθρούς
1066 3053 1208 3106 μου,
1241 3037 1339 3089 καὶ
1370 3037 1715 3104 καταλήψο-

120 3148 246 3203 μαι
295 3132 536 3198 αὐτοὺς,
572 3131 670 3184 καὶ
711 3132 823 3184 οὐκ
876 3127 1443 3196 ἀποστραφήσομαι,
1482 3127 1592 3192 ἕως
1639 3127 1715 3181 ἂν

123 3223 522 3279 ἐκλείπωσιν.
559 3222 851 3290 Ἐκθλίψω
883 3220 1126 3286 αὐτοὺς,
1156 3220 1250 3273 καὶ
1281 3222 1352 3274 οὐ
1374 3219 1460 3288 μὴ
1490 3218 1715 3272 δύνων-

129 3331 241 3370 ται
269 3315 520 3383 στῆναι·
554 3314 884 3368 πεσοῦνται
920 3311 1039 3367 ὑπὸ
1080 3312 1222 3378 τοὺς
1268 3310 1453 3378 πόδας
1486 3328 1628 3380 μου,
1655 3328 1709 3366 κ.

123 3425 187 3466 τ.
226 3410 273 3463 ἐ.
316 3407 372 3461 ⁸0
399 3405 682 3469 ίκανωθεὶς
716 3405 826 3475 (97)
850 3403 954 3458 ὑπὸ
982 3403 1116 3458 Θεοῦ
1138 3403 1381 3467 διάκονος
1410 3398 1549 3457 εἶναι
1585 3405 1712 3456 Δια·

125 3495 535 3571 θήκηςΚαινῆς
563 3498 640 3561 ὡς
672 3497 780 3550 πᾶν
803 3495 1141 3566 ἐπαγόμενον
1171 3494 1377 3566 ὕψωμα
1423 3494 1567 3549 κατὰ
1609 3495 1708 3566 τῆς

123 3588 394 3658 γνώσεως
453 3587 547 3641 τοῦ
607 3586 744 3641 Θεοῦ
803 3585 1122 3658 καθαιρεῖν,
1183 3585 1518 3652 καταδιώξας
1586 3587 1712 3651 τοὺς

122 3681 364 3753 ἐχθροὺς
390 3682 456 3751 τῇ
491 3680 598 3734 ἀπὸ
637 3679 770 3733 Θεοῦ
803 3679 1045 3753 σωτηρίᾳ
1081 3678 1291 3747 λόγους,
1327 3677 1712 3743 καταδιώξεται

121 3773 359 3840 αὐτοὺς,
383 3773 479 3828 καὶ
519 3773 580 3826 οὐ
610 3772 872 3845 πρότερον
904 3771 997 3825 τοῦ
1041 3771 1284 3825 ἐκλιπεῖν
1328 3771 1548 3836 αὐτοὺς,
1577 3774 1712 3826 ἀπο-

123 3867 514 3938 στραφήσεται
543 3865 793 3935 πολεμῶν
819 3865 1024 3927 αὐτοῖς.
1043 3864 1242 3934 Στῆναι
1275 3864 1330 3916 δέ
1359 3863 1590 3920 ἐνώπιον
1619 3867 1711 3920 τοῦ

121 3955 499 4019 ῑκανωθέντος
525 3953 630 4008 ὑπὸ
658 3952 794 4007 Θεοῦ
821 3954 882 4006 οὐ
920 3952 1235 4024 δυνήσονται
1264 3953 1632 4026 ἐκθλιϐόμενοι
1664 3957 1710 4009 οἱ

118 4051 321 4126 ἐχθροὶ
345 4050 444 4120 τῆς
479 4047 734 4119 ἀληθείας
770 4047 938 4116 λόγοι.

215 4141 326 4198 Τοῦ
366 4139 572 4194 αὐτοῦ.
615 4133 782 4202 Οὗτος
809 4138 1134 4192 καταδιώκει
1164 4138 1272 4210 (98)
1304 4141 1429 4205 τοὺς
1461 4139 1708 4212 ἐχθροὺς,

118 4239 159 4291 ὁ
204 4233 282 4306 μὴ
325 4232 431 4286 ἐῶν
465 4231 731 4302 ἐμπαθεῖς
763 4232 821 4283 ἐν
867 4230 1046 4300 ἐαυτῷ
1093 4231 1340 4300 γίνεσθαι
1383 4232 1709 4304 λογισμούς·

120 4329 246 4384 ἀπὸ
273 4326 383 4398 γὰρ
409 4325 612 4380 τούτων
644 4324 1126 4394 ἐπισυμΰαίνουσιν
1154 4326 1288 4394 ἡμῖν
1330 4326 1384 4378 αἱ
1424 4326 1702 4397 ἁμαρτίαι,

214 4420 323 4474 Τοῦ
361 4418 569 4474 αὐτοῦ.
602 4415 881 4486 Ἔκλειψιν
909 4414 1118 4487 ἐχθρῶν
1165 4416 1274 4485 (99)
1319 4416 1556 4471 ἀπάθεια
1582 4436 1712 4473 κατ-

120 4511 449 4587 εργάζεται.

215 4604 327 4659 Τοῦ
358 4602 565 4658 αὐτοῦ.
597 4603 659 4656 Oi
710 4602 967 4664 πεσόντες
1007 4599 1083 4670 (1)
1139 4599 1246 4652 ἀπὸ
1295 4599 1394 4671 τῆς
1437 4601 1493 4654 ἐν
1527 4600 1714 4673 φαύλῳ

122 4697 381 4758 στάσεως
414 4692 848 4764 εὐεργετοῦνται.
899 4691 1040 4744 Ἀλλ’
1070 4691 1190 4745 οὐδὲ
1233 4693 1282 4743 οἱ
1316 4693 1414 4763 τῆς
1455 4693 1714 4764 ἀληθείας

116 4786 321 4859 ἐχθροὶ
347 4785 496 4854 λόγοι
521 4785 841 4855 δυνήσονται
893 4783 1082 4852 στῆναι
1115 4780 1342 4835 ἐνώπιον
1387 4783 1481 4836 τοῦ
1525 4785 1712 4840 ἱκανοῦ

119 4880 302 4953 χειρὶ,
335 4880 472 4949 ὅπερ
502 4880 531 4931 ὁ
565 4876 724 4930 Δαυῒδ
756 4874 1138 4947 ἑρμηνεύεται.

205 4971 317 5025 Kal.
357 4970 500 5035 τοὺς
535 4968 786 5038 ἐχθρούς
805 4985 924 5035 μου
963 4965 1193 5032 ἔδωκάς
1231 4984 1332 5036 μοι
1362 4967 1572 5031 νῶτον,
1611 4967 1712 5023 καὶ

113 5059 278 5126 τοὺς
299 5057 636 5130 μισοῦντας
661 5072 739 5126 με
769 5055 1241 5123 ἐξωλόθρευσας,
1273 5071 1326 5108 κ.
1359 5072 1410 5110 τ.
1442 5055 1488 5108 ἐ.
1524 5055 1709 5110 Νῶτον

239 5228 287 5262 ³⁸
312 5225 510 5282 Ezech.
557 5241 670 5290 xw,
702 5222 792 5278 '56.
867 5222 911 5254 ⁸⁷
947 5221 1092 5278 Psal.
1120 5218 1392 5289 exvu,i6.

205 5419 319 5492 (94)
352 5419 416 5492 '0
443 5416 1305 5492 χαλκὸς,σύμϐοέόν-ἐστιρ-ειο.
1330 5413 1554 5470 Schedae
1577 5412 1708 5470 Gra-

131 5487 240 5556 bii',
275 5487 450 5544 codex
473 5487 862 5556 (loislinianns,
893 5488 1116 5541 Barbari
1148 5487 1372 5556 Catena.

208 5554 320 5630 ('95)
360 5559 422 5613 ὐ
447 5560 516 5612 ἐν
542 5555 712 5630 δεξιᾷ
737 5557 1102 5630 ιιιῑθήμελιίος,Δ
1119 5566 1224 5630 etc.
1246 5555 1474 5611 Schedaa
1496 5554 1705 5622 Grabii,

132 5624 313 5688 codex'
343 5624 722 5692 Coislinianns,
752 5624 950 5681 Catena
984 5624 1229 5680 Barbari.

211 5701 300 5766 (96
346 5701 630 5766 Εὑφόρως
666 5697 1092 5766 ὑπομένοντος,
1115 5704 1222 5754 etc.
1249 5693 1473 5752 Schedaa
1497 5694 1703 5753 Grabii.

211 5699 322 5838 :97;
367 5755 774 5834 ὈὯιανωθείς,
797 5777 903 5824 etc.
931 5767 1112 5822 Codex
1150 5765 1284 5823 Roc.

208 5765 322 5834 (97)
367 5765 774 5834 'U‘tx’arwﬂst'c,
797 5777 903 5824 etc.
931 5767 1112 5822 Codex
1150 5765 1284 5823 Roe.

1826 1944 2062 1998 secunda
2089 1959 2222 1999 vero
2255 1960 2352 1999 nos
2385 1944 2563 2000 docet.
2606 1943 2741 2000 Nam
2782 1956 2929 2001 recta
2975 1947 3242 2001 institutio
3279 1948 3398 2002 ani-

1827 2049 1969 2086 mam
2001 2035 2182 2104 erigit,
2209 2037 2450 2104 cognitio
2499 2047 2678 2090 autem
2721 2052 2844 2092 vera
2896 2037 2949 2090 in
2985 2039 3392 2108 amplitudinem

1826 2127 1994 2182 ducit.
2026 2128 2257 2183 Dextera
2291 2139 2372 2182 cst
2402 2130 2642 2184 (minium
2679 2130 2858 2199 Opifex
2878 2128 3068 2193 Filius,
3103 2131 3168 2185 de
3200 2146 3307 2200 quo
3338 2141 3395 2185 et

1825 2216 1951 2270 alibi
1987 2218 2187 2271 dictum
2220 2228 2304 2272 est
2330 2219 2372 2251 ⁸⁷
2404 2234 2418 2273 :
2455 2238 2474 2271 ι
2516 2219 2745 2273 Dextera
2776 2219 2989 2273 Domini
3041 2220 3168 2274 fecit
3220 2221 3392 2274 virtu-

1827 2317 1958 2376 tem,
1999 2311 2222 2365 dextera
2253 2311 2467 2366 Domini
2495 2311 2752 2366 exultavit
2794 2325 2896 2366 me.
2921 2331 2941 2364 ι

1896 2485 2063 2540 Vens.
2089 2486 2179 2542 57.
2203 2486 2456 2542 Dilatasti
2477 2505 2684 2557 gressus
2705 2505 2844 2543 meos
2868 2491 3052 2543 subtus
3083 2505 3186 2554 me,
3209 2497 3261 2543 et
3287 2505 3393 2545 non

1823 2587 1942 2630 sunt
1970 2578 2241 2632 infirmata
2266 2582 2480 2648 vestigia
2514 2597 2650 2644 mea,
2681 2591 2786 2636 etc.
2829 2581 2952 2636 llaec
2993 2597 3096 2635 vox
3137 2581 3282 2636 illius
3311 2591 3395 2635 est

1823 2670 1908 2724 cui
1943 2669 2320 2728 tribulationes
2357 2673 2584 2728 toleratur
2616 2674 2804 2730 faciles
2853 2685 2978 2730 sunt
3008 2680 3228 2744 propter
3269 2689 3392 2728 eam

1820 2775 1983 2829 quam
2035 2777 2065 2815 a
2113 2765 2284 2818 verbo
2316 2767 2526 2834 accepit
2575 2767 2942 2821 dilatationem
2964 2806 2978 2830 ,
3009 2780 3112 2835 qua
3145 2765 3204 2820 Iit
3233 2774 3293 2819 ut
3326 2779 3394 2818 ne

1822 2850 1932 2906 ulla
1962 2855 2181 2922 quidem
2219 2855 2272 2909 in
2311 2855 2429 2926 ejus
2455 2858 2699 2929 vestigiis
2726 2857 3070 2913 imbecillitas
3107 2864 3389 2926 appareat.

1892 3029 2056 3086 Vens.
2100 3033 2194 3093 58,
2231 3034 2320 3090 59.
2369 3033 2660 3108 Persequar
2713 3037 2948 3093 inimicos
2989 3053 3128 3092 meos
3165 3047 3213 3092 et
3249 3053 3392 3093 cons-

1820 3125 2138 3193 prehendam
2190 3128 2344 3194 illos,
2385 3139 2432 3183 et
2467 3145 2570 3183 non
2609 3141 2881 3184 convertar
2917 3131 3081 3184 donec
3117 3131 3388 3198 deﬁciant.

1821 3215 2166 3288 Confringam
2195 3219 2336 3285 illos,
2366 3238 2458 3276 nec
2488 3231 2733 3290 poterunt
2773 3233 2912 3277 stare
2942 3239 2959 3276 :
2988 3223 3172 3276 cadent
3204 3222 3390 3277 subtus

1817 3308 1972 3375 pedes
1997 3327 2160 3376 meos,
2190 3321 2298 3368 etc.
2325 3312 2493 3379 Quem
2517 3313 2658 3368 Deus
2685 3313 2937 3368 idoneum
2968 3314 3146 3370 eﬂecit
3167 3321 3227 3368 ut
3246 3321 3393 3370 esset

1821 3399 2066 3454 minister
2094 3401 2226 3456 Novi
2269 3401 2625 3468 Testamenti,
2675 3413 2730 3458 et
2783 3418 2996 3459 omnem
3049 3404 3390 3460 altitudinem

1821 3495 2084 3548 adversus
2107 3493 2390 3553 scientiam
2424 3495 2517 3550 Dei
2554 3509 2674 3549 sese
2707 3497 3055 3552 extollentem
3085 3495 3312 3560 deleret,
3339 3495 3388 3553 is

1820 3585 2069 3641 inimicos
2098 3583 2286 3652 saluti,
2321 3600 2442 3654 qua:
2474 3602 2505 3642 a
2537 3588 2649 3643 Deo
2671 3599 2776 3656 est,
2823 3603 3102 3644 sermones
3135 3601 3391 3658 persecu-

1822 3686 1927 3744 tus,
1963 3679 2081 3734 illos
2108 3695 2173 3735 eo
2201 3696 2370 3751 usque
2397 3690 2749 3750 persequetur
2783 3683 2954 3738 donec
2989 3681 3204 3750 penitus
3232 3681 3388 3736 defe-

1819 3769 2014 3825 cerint.
2057 3770 2215 3827 Stare
2245 3784 2419 3827 autem
2469 3775 2521 3828 in
2551 3785 2838 3844 conspectu
2870 3774 3008 3842 ejus,
3041 3787 3200 3842 quem
3248 3775 3391 3829 Deus

1818 3863 1900 3918 sic
1933 3863 2182 3918 idoneum
2227 3863 2428 3930 eli'ecit,
2459 3880 2565 3919 non
2599 3876 2851 3935 poterunt
2881 3867 2946 3921 ad
2990 3866 3267 3937 angustias
3303 3879 3391 3921 re-

1820 3956 1966 4012 dacti
2003 3959 2303 4014 adversarii
2329 3960 2576 4016 veritatis
2604 3975 2882 4016 sermones

1887 4135 2051 4206 612
2099 4135 2371 4206 Ejusdem.
2423 4137 2524 4194 Ilic
2573 4141 2918 4210 persequitur
2970 4140 3241 4208 inimicos,
3295 4141 3389 4210 qtti

1821 4231 2152 4299 perturbatis
2191 4231 2615 4300 cogitationibus
2649 4230 2854 4284 nullum
2886 4230 2938 4285 in
2970 4245 3032 4286 se
3062 4229 3240 4286 locum
3271 4231 3386 4287 dat.

1818 4321 1900 4376 Ab
1930 4321 1998 4376 iis
2033 4323 2177 4376 enim
2213 4323 2264 4376 in
2301 4339 2397 4378 nos
2435 4323 2654 4377 veniunt
2680 4334 2920 4392 peccata.

1890 4412 2167 4483 Ejusdem.
2201 4415 2505 4472 Aﬂ'ectuum
2555 4414 2797 4470 carentia
2842 4415 3114 4471 delectum
3148 4415 3389 4472 hostium

1745 4537 1789 4592 ο
1818 4511 1979 4578 parit.

1891 4600 2166 4671 Ejusdem.
2215 4603 2318 4670 Qui
2361 4616 2390 4656 a
2443 4601 2584 4657 malo
2629 4609 2770 4658 statu
2815 4601 3036 4664 cadunt,
3063 4597 3386 4655 beneﬁcium

1817 4700 2250 4759 consequuntur.
2284 4690 2393 4746 Sed
2425 4705 2599 4762 neque
2629 4688 2846 4744 veritati
2895 4690 3246 4744 adversantes
3270 4703 3389 4744 ser-

1814 4797 2005 4838 mones
2037 4793 2184 4838 stare
2211 4791 2465 4852 poterunt
2496 4782 2546 4836 in
2587 4788 2880 4849 conspectu
2916 4780 3148 4850 potentis
3201 4796 3386 4847 manu,

1810 4875 1960 4944 quod
2001 4875 2388 4942 interpretatur
2417 4873 2606 4927 David.

1887 4963 2054 5020 Vens.
2091 4963 2180 5017 41.
2223 4963 2289 5017 Et
2322 4963 2563 5018 inimicos
2595 4977 2735 5016 meos
2768 4961 2960 5016 dedisti
2992 4962 3118 5016 mihi
3147 4961 3383 5027 dorsum,

1816 5066 1866 5110 et
1893 5057 2124 5111 odientes
2153 5073 2232 5112 me
2263 5057 2643 5127 disperdidisti,
2671 5065 2779 5112 etc.
2797 5055 2838 5109 Τ
2843 5069 3029 5125 ergum
3049 5053 3180 5109 dant
3198 5051 3387 5110 hostes

1886 5411 1998 5482 (98)
2037 5407 2244 5482 οὗτος
2263 5408 2629 5482 καταδιώκει,
2653 5416 2760 5482 etc.
2787 5407 2968 5464 Codex
2994 5403 3380 5471 Coislinianus,

1815 5479 2029 5554 scliedze
2063 5481 2501 5554 Grabii,Catena
2532 5479 2784 5554 Barbari.
2878 5546 2961 5554 __
3034 5545 3049 5554 .
3155 5543 3189 5554 _
3262 5542 3312 5554 ε,

1887 5552 1998 5624 (99)
2031 5543 2351 5622 "Euadne
2401 5551 2666 5620 ἐχθρῶν,
2718 5558 2822 5604 etc.
2875 5545 3099 5603 Schedaa
3150 5543 3380 5612 Grabii,

1814 5621 2407 5765 Ba{:’)aglls;18061?£(,
2449 5699 2554 5749 etc.
2583 5688 2807 5747 Scbedze
2843 5686 3051 5755 Grabii,
3082 5686 3380 5742 Barbarus.
