3986 6384
444 268 468 326 1
479 270 584 325 ἰἆυ

1772 273 1864 328 EX
1897 269 2196 327 ORICENE

3544 271 3686 328 1250

441 397 567 438 cum
603 399 707 440 non
742 383 973 455 amplius
1005 395 1236 456 possunt
1268 384 1549 443 allectihus
1576 387 1762 460 plenas
1795 397 1851 443 et
1887 401 2001 459 per-

2119 384 2346 438 διδόασιν
2387 385 2463 456 (2)
2515 384 2804 456 οῖ’ὲχθροὶ,
2841 382 3038 457 μηκέτι
3078 383 3373 456 λογισμοὺς
3418 383 3686 455 ἐμπαθεῖς

446 473 699 528 turbatas
733 475 1092 545 cogitationes
1120 479 1284 538 menti
1317 477 1518 533 indere.

515 562 792 633 Ejusdem.
825 565 1064 623 Eﬂ‘ecisti
1114 576 1175 622 ut
1215 567 1421 624 inimici
1451 569 1557 626 mei
1587 570 1833 625 conversi
1865 570 2012 625 inse-

443 655 762 726 parabiliter
787 673 873 714 me
905 671 1280 729 sequerentur.
1313 662 1386 716 ita
1422 669 1480 716 ut
1506 661 1698 718 ﬁerent
1722 660 1856 717 mihi
1882 662 2010 716 dor-

441 758 584 810 sum,
617 748 699 802 vel
727 748 996 820 fugerent.

519 837 684 894 Vens.
715 839 808 898 44.
843 839 1048 912 Eripies
1077 859 1159 898 me
1182 845 1246 898 de
1270 842 1771 899 contradictionibus
1808 841 2010 913 populi,

441 936 730 990 constitues
761 951 842 990 me
875 939 929 990 in
969 946 1130 1008 caput
1173 939 1424 1008 gentium,
1453 948 1560 994 etc.
1589 937 1648 992 In
1679 938 1890 1008 signum
1920 935 2006 989 cui

442 1026 834 1081 contradicitur
858 1028 1068 1097 positus
1091 1029 1218 1084 dicit
1253 1031 1367 1086 hac
1387 1029 1654 1093 Christus.
1680 1044 1842 1100 quem
1868 1027 2011 1082 Deus

442 1117 722 1172 constituit
767 1117 819 1173 in
852 1130 1013 1190 caput
1053 1121 1316 1190 gentium.
1361 1122 1533 1190 Caput
1566 1122 1708 1176 enim
1753 1118 2009 1174 Ecclesiae

440 1207 688 1264 Christus
709 1219 811 1265 est.

510 1297 673 1356 Vens.
725 1301 817 1356 45.
871 1299 1104 1370 Populus
1146 1320 1298 1374 quem
1357 1321 1464 1359 non
1512 1304 1746 1375 cognovi,
1800 1299 2006 1357 servivit

440 1389 591 1458 mihi,
623 1394 678 1444 in
703 1392 890 1446 auditu
919 1394 1067 1448 auris
1099 1397 1322 1449 obedivit
1355 1396 1500 1461 mihi,
1526 1404 1632 1452 etc.
1662 1394 1827 1457 Istud,
1859 1410 1878 1444 ι
1901 1407 2008 1447 non

441 1483 690 1550 cognovi,
715 1500 734 1536 ι
766 1485 985 1554 proprie
1013 1485 1066 1540 in
1092 1485 1390 1557 Scripturis
1423 1497 1707 1558 usurpatur
1734 1487 1802 1542 de
1827 1485 2006 1540 malis:

442 1573 544 1624 hoc
572 1569 693 1626 loco
733 1583 912 1628 autem
945 1575 1197 1630 Christus
1241 1575 1368 1630 illud
1401 1577 1532 1630 dicit
1573 1577 1637 1632 de
1687 1576 1883 1647 pol)qu
1914 1575 2005 1644 qui

440 1669 524 1716 est
552 1675 615 1715 ex
641 1663 909 1734 gentibus.
937 1665 1062 1720 Fuit
1083 1667 1228 1722 enim
1263 1678 1474 1739 tempus
1501 1684 1624 1724 cum
1659 1671 1725 1722 ah
1755 1671 1870 1739 ipso
1898 1683 2002 1721 non

437 1755 885 1822 cognoscebatur.
911 1757 1154 1813 Invenies
1180 1767 1356 1813 autem
1391 1770 1444 1813 et
1467 1761 1663 1814 similia
1687 1775 1714 1814 a
1745 1759 1853 1814 Deo
1876 1759 2005 1814 dici.

510 1844 783 1915 Ejusdem.
803 1847 1120 1919 lgnorantes
1140 1850 1370 1920 ignorati
1391 1860 1536 1916 sunt,
1552 1861 2007 1921 etcoguoscentes

439 1937 641 2006 cogniti
670 1949 812 1994 sunt.

509 2026 676 2084 Vens.
711 2031 798 2086 46.
835 2029 968 2086 Filii
996 2033 1155 2088 alieni
1183 2036 1454 2090 inveterati
1477 2046 1619 2100 sunt,
1651 2045 1698 2090 et
1731 2035 2006 2090 claudica-

435 2132 620 2176 uerunt
665 2140 697 2177 a
735 2125 932 2180 semitis
982 2129 1114 2192 suis,
1147 2137 1254 2183 etc.
1287 2128 1474 2184 Virtus
1523 2137 1768 2191 renovat.
1799 2127 2006 2182 malitia

436 2211 722 2268 inveterat.
749 2213 850 2282 Qui
880 2228 1060 2273 autem
1094 2218 1375 2274 inveterati
1409 2227 1551 2283 sunt,
1601 2219 1932 2276 claudicant.

511 2385 787 2456 Ejusdem.
831 2409 850 2442 ι
876 2390 1171 2463 Quousque
1220 2395 1598 2452 claudicabitis
1645 2413 1742 2453 vos
1777 2408 2008 2470 utroque

435 2478 784 2548 poplite”?r
842 2482 1061 2540 Semita;
1104 2485 1382 2542 hominum
1427 2497 1556 2543 sunt
1605 2492 1749 2546 actio
1793 2502 1849 2547 et
1878 2509 2007 2549 cou-

433 2573 733 2642 templatio.

509 2665 676 2722 Vens.
707 2666 796 2720 48.
825 2666 969 2722 Deus
1001 2669 1090 2737 qui
1129 2671 1225 2724 das
1269 2670 1530 2727 vindictas
1573 2675 1702 2728 mihi
1739 2685 1788 2728 et
1825 2677 2004 2731 subdis

435 2756 656 2823 populos
697 2760 790 2811 sub
835 2774 936 2823 me,
987 2769 1092 2813 etc.
1150 2759 1430 2817 Vindictae
1481 2778 1513 2818 a
1562 2764 1673 2820 Deo
1733 2767 2006 2838 accipiens

437 2843 688 2902 Christus
718 2847 850 2901 ait”
880 2867 892 2902 :
926 2867 944 2900 ι
965 2847 1092 2904 Mihi
1123 2851 1395 2919 vindictte,
1432 2869 1534 2924 ego
1563 2857 1881 2914 retribuam.
1910 2878 1928 2911 ι

2116 476 2372 548 ἐμϐαλεῖν
2405 477 2712 548 δυνάμενος
2725 478 2792 548 τῇ
2827 475 2993 547 ψυχῇ.

2190 563 2297 618 Τοῦ
2336 563 2540 618 αὑτοῦ.
2571 565 2817 629 Ἐδωκας
2855 566 2980 629 τοὺς
3008 564 3234 638 ἐχθρούς
3262 583 3363 636 μου
3396 563 3473 636 (5)
3521 581 3684 635 μετα-

2113 652 2374 716 ϐαλόντας
2401 653 2711 708 ἀκολουθεῖν
2750 673 2838 726 μοι
2873 655 3198 726 ἀχωρίστως
3247 672 3368 726 μου,
3399 655 3540 708 ὥστε
3586 653 3683 706 αὑ·

2110 747 2236 808 τοὺς
2265 745 2515 812 γενέσθαι
2553 763 2640 816 μοι
2673 746 2838 810 νῶτα,
2871 747 2904 819 ἢ
2943 746 3260 817 φεύγοντας.

2192 838 2402 892 Ῥῦσαι
2433 855 2510 907 με
2552 839 2622 902 ἐξ
2667 838 3022 908 ἀντιλογιῶν
3056 840 3231 902 λαοῦ,
3279 836 3684 903 καταστήσεις

2105 947 2182 1002 με
2215 934 2302 998 εἰς
2341 929 2618 999 κεφαλὴν
2659 929 2866 996 ἐθνῶν,
2920 949 2973 986 κ.
3038 950 3088 987 τ.
3135 935 3181 986 ὲ.
3225 933 3282 986 '0
3328 933 3409 994 εἰς
3457 931 3687 1000 σημεῖον

2113 1021 2186 1096 (ll)
2213 1022 2624 1093 ἀντιλεγόμενον
2659 1023 2949 1093 γενόμενος
2981 1023 3154 1077 ταῦτά
3183 1041 3314 1095 φησι
3337 1021 3595 1091 Χριστὸς,
3628 1019 3688 1070 ὃν

2107 1120 2136 1171 ό
2160 1117 2292 1180 Θεὸς
2323 1116 2658 1186 κατέστησεν
2687 1115 2769 1177 εἰς
2796 1114 3040 1187 κεφαλὴν
3070 1116 3261 1172 ἐθνῶν.
3309 1112 3535 1184 Κεφαλὴ
3573 1111 3687 1182 γὰρ

2108 1210 2208 1280 τῆς
2243 1211 2570 1282 Ἑκκλησῑας
2597 1213 2626 1264 ὁ
2651 1213 2903 1284 Χριστός.

2179 1301 2356 1366 Λαὸς,
2382 1301 2453 1354 ὃν
2473 1303 2583 1356 οὐκ
2622 1302 2832 1372 ἔγνων,
2858 1297 3185 1354 ἐδούλευσέ
3221 1315 3342 1366 μοι,
3367 1297 3454 1360 εις
3482 1292 3685 1362 ἀκοὴν

2107 1391 2283 1447 ὠτίου
2307 1393 2623 1461 ὑπήκουσέ
2641 1411 2761 1463 μοι,
2789 1411 2842 1446 κ.
2869 1410 2920 1444 τ.
2958 1393 3005 1445 ὲ.
3033 1391 3125 1454 Τὸ,
3155 1411 3171 1441 ι
3199 1391 3300 1443 οὐκ
3325 1389 3494 1456 ἔγνων
3523 1406 3540 1439 ι
3583 1385 3685 1456 (5),

2112 1483 2257 1546 ἰδίως
2303 1484 2358 1538 αἱ
2419 1483 2632 1554 Γραφαὶ
2691 1483 3046 1553 ὀνομάζουσιν
3087 1482 3179 1533 ἐπὶ
3230 1479 3336 1534 τῶν
3385 1479 3683 1550 χειρόνων·

2107 1576 2200 1630 νῦν
2233 1577 2329 1648 μὲν
2357 1577 2464 1647 γὰρ
2480 1579 2506 1630 ὁ
2527 1575 2758 1648 Χριστὸς
2778 1575 2861 1639 τὸ,
2887 1595 2904 1626 ι
2930 1574 3232 1643 οὑκὲγνων,
3257 1593 3275 1624 ι
3301 1573 3393 1625 ἐπὶ
3417 1570 3528 1642 rei"
3545 1569 3685 1622 λαοῦ

2110 1667 2204 1721 τοῦ
2227 1667 2334 1722 ἀπὸ
2368 1665 2476 1720 τῶν
2507 1665 2677 1720 ἐθνῶν
2711 1665 2918 1730 ἔταξεν.
2946 1660 3055 1718 Ἦν
3095 1663 3204 1735 γὰρ
3233 1665 3321 1716 ὅτε
3357 1663 3457 1715 οὑκ
3489 1659 3689 1729 ἐγινώ-

2113 1779 2292 1816 σκετο.
2327 1761 2593 1832 Εὑρήσεις
2625 1759 2682 1813 δὲ
2720 1757 2940 1812 τοιαῦτα
2963 1756 3058 1812 καὶ
3085 1757 3177 1810 τὸν
3203 1755 3332 1808 Θεὸν
3357 1755 3612 1822 λέγοντα.

2181 1853 2298 1908 Τοῦ
2331 1852 2537 1908 αὐτοῦ.
2577 1850 2920 1921 ’Δγνοοῦντες
2940 1847 3229 1920 ὴγνοοῦντο
3256 1845 3352 1917 (6),
3393 1845 3488 1900 καὶ
3520 1849 3690 1914 ὲγνω-

2109 1949 2264 2010 κότες
2293 1943 2609 2014 ἐπεγνώσθη
2618 1961 2733 1997 σαν.

2175 2035 2293 2089 Υἱοὶ
2324 2035 2628 2101 ἀλλότριοι
2680 2031 3162 2098 ἐπαλαιώθησαν,
3220 2029 3314 2082 καὶ
3364 2027 3688 2097 exesam

2107 2130 2225 2186 ἀπὸ
2255 2128 2373 2182 τῶν
2405 2128 2622 2196 τρίϐων
2649 2123 2865 2188 αὐτῶν,
2895 2140 2950 2177 κ.
2997 2140 3048 2178 τ.
3085 2123 3131 2176 ὲ.
3169 2122 3236 2174 Ἠ
3273 2119 3372 2191 μὲν
3401 2118 3576 2190 ἁρετὴ
3608 2119 3687 2188 (7)

2109 2220 2411 2280 ἁνακαινοῖ,
2460 2219 2493 2287 ἡ
2528 2215 2584 2268 δὲ
2612 2213 2782 2267 κακία
2811 2211 3047 2267 παλαιοϊ.
3087 2208 3508 2281 Παλαιουμένων
3529 2207 3593 2262 δὲ
3624 2205 3688 2260 τὸ

2109 2311 2415 2381 χωλαίνειν.

2187 2401 2294 2454 Τοῦ
2323 2399 2529 2453 αὐτοῦ.
2570 2417 2588 2449 ι
2623 2397 2767 2460 Ἕως
2809 2396 2943 2450 πότε
2967 2392 3042 2464 (8)
3077 2393 3235 2464 ὑμεῖς
3268 2391 3562 2462 χωλανεῖτε
3593 2389 3684 2442 ἐπ’

2107 2492 2442 2565 ἀμφοτέραις
2475 2493 2595 2554 ταῖς
2624 2488 2832 2559 ἰγνύαις
2860 2488 3048 2560 ὑμῶνς
3085 2505 3103 2538 ι
3140 2483 3326 2556 Τρεσοι
3376 2483 3434 2537 δὲ
3467 2481 3686 2554 ανθρώ-

2109 2603 2226 2639 πων
2254 2584 2451 2655 πρᾶξις
2476 2582 2568 2637 καὶ
2593 2579 2790 2652 θεωρία
2810 2623 2824 2637 ,

2189 2676 2243 2728 Ὁ
2285 2673 2428 2739 Θεὸς
2456 2675 2489 2726 ό
2524 2671 2728 2736 διδοὺς
2757 2666 3102 2736 ὲκδικήσεις
3129 2665 3278 2735 ἐμοὶ,
3318 2664 3415 2718 καὶ
3444 2660 3679 2716 ὑποτά-

2109 2767 2220 2833 ξας
2239 2765 2427 2831 λαοὺς
2453 2763 2554 2818 ὑπ’
2603 2762 2728 2832 ἐμὲ,
2780 2779 2836 2815 κ.
2876 2777 2927 2814 τ.
2967 2759 3014 2814 ἑ.
3058 2757 3250 2811 Λαϐὼν
3287 2755 3395 2810 ἀπὸ
3417 2751 3554 2807 Θεοῦ
3599 2751 3678 2823 (9)

2107 2858 2436 2928 ὲκδικήσεις,
2468 2851 2701 2925 Χριστός
2734 2867 2928 2924 φησιν’
2965 2869 2983 2902 ι
3024 2848 3179 2920 Ἐμοὶ
3203 2846 3528 2916 ὲκδικήσεις,
3567 2840 3682 2910 ἐγὼ

2107 2946 2491 3003 ἀνταποδώσω.
2534 2965 2553 2998 ι

506 3019 784 3091 Ejusdem.
819 3022 995 3079 «Ecce
1027 3025 1150 3081 dedi
1198 3029 1354 3083 vobis
1393 3037 1716 3097 potestatem
1754 3035 2000 3092 calcandi

2182 3040 2292 3094 Τοῦ
2324 3038 2532 3093 αὑτοῦ.
2564 3057 2582 3089 ι
2628 3035 2781 3099 Ἰδοὺ,
2822 3035 3032 3090 δέδωκα
3079 3030 3191 3102 (10)
3240 3031 3369 3102 ὑμῖν
3393 3028 3489 3100 τὴν

433 3128 595 3184 super
621 3125 902 3186 serpentes
941 3129 996 3173 et
1040 3121 1358 3190 scorpiones
1373 3122 1443 3188 ”,
1464 3143 1482 3174 ι
1515 3132 1571 3180 et
1611 3140 1732 3195 qua:
1762 3143 2000 3198 sequun~

435 3214 542 3258 tur.
577 3203 680 3272 Qui
728 3208 972 3277 ignoralo
1001 3209 1169 3279 priori
1213 3212 1406 3283 p0pulo
1434 3217 1638 3283 praebet
1673 3229 1732 3273 ut
1755 3221 1856 3274 sub
1888 3223 2006 3291 ipso

2106 3134 2225 3187 σιαν
2254 3134 2444 3185 πατεῖν
2491 3128 2676 3183 ἐπάνω
2713 3128 2889 3197 ὄφεων
2922 3127 3018 3179 καὶ
3067 3123 3365 3195 σκορπίων,
3411 3140 3430 3172 ι
3469 3120 3565 3174 καὶ
3607 3117 3678 3172 τὰ

2102 3223 2248 3295 ἑξῆς.
2287 3222 2344 3275 '0
2371 3221 2448 3293 τῷ
2473 3219 2822 3291 ἀγνοουμὲνῳ
2851 3217 3019 3298 πάλαι
3055 3214 3168 3286 λαῷ
3211 3213 3466 3284 παρέχων
3491 3211 3554 3264 τὸ
3585 3211 3681 3264 ὑπ’

430 3296 733 3352 ordinetur.
769 3316 790 3351 ι
810 3298 1093 3356 Liberator
1117 3317 1270 3358 meus
1302 3306 1367 3358 de
1397 3305 1635 3362 inimicis
1667 3309 1999 3368 iracundis.»

2119 3315 2263 3368 ιὺτὸν
2296 3311 2574 3384 τετάχθαι.
2611 3330 2630 3362 ι
2677 3311 2735 3362 '0
2780 3296 3117 3381 ρύστηςμου
3162 3304 3220 3372 ἐξ
3271 3302 3480 3374 ἐχθρῶν
3512 3301 3677 3373 ὀργί-

430 3387 638 3455 Quihus
667 3388 840 3458 furor,
871 3391 936 3446 iis
961 3402 1016 3447 et
1041 3394 1320 3449 iracundia
1354 3397 1687 3455 dominatur.
1723 3401 1778 3456 Si
1824 3411 2001 3458 autem

2119 3422 2232 3460 κων.
2263 3425 2281 3457 ι
2328 3405 2416 3458 Ἐν
2443 3398 2526 3466 οἷς
2551 3401 2723 3473 θυμὸς
2753 3400 3055 3471 ἐπικρατεῖ,
3083 3398 3142 3450 ὲν
3162 3395 3370 3458 τούτοις
3401 3393 3494 3448 καὶ
3525 3395 3684 3465 ὀργι-

427 3479 637 3537 inimici
663 3483 770 3538 mei
798 3483 1059 3548 iracundi,
1080 3497 1226 3541 certe
1240 3497 1292 3542 et
1314 3488 1553 3545 furentes
1577 3502 1718 3546 sunt.
1744 3511 1763 3544 ι
1822 3491 2001 3549 Furor

429 3573 596 3640 enim,
663 3575 863 3646 inquit,
891 3576 997 3632 illis
1026 3583 1320 3634 secundum
1342 3581 1751 3638 similitudinem
1774 3599 2001 3656 serpen-

431 3666 518 3721 tis.
553 3685 573 3718 ι

943 3849 1264 3908 PSALMUS
1301 3851 1484 3908 XVIII.

497 3941 661 4013 613
692 3940 854 3997 Vens.
883 3942 936 3996 2.
961 3941 1352 4000 leienarrant
1372 3947 1596 4018 gloriam
1621 3949 1739 4020 Dei,
1769 3966 1819 4008 et
1844 3971 2001 4026 opera

430 4051 684 4089 manuum
727 4034 843 4102 ejus
877 4036 1156 4089 annuntiat
1195 4037 1601 4109 ﬁrmamentum,
1640 4051 1745 4099 etc.
1784 4044 1843 4102 Si
1876 4051 2000 4107 cmli

431 4137 690 4180 enarrant
713 4125 939 4196 gloriam
968 4127 1082 4192 Dei,
1121 4142 1183 4183 ac
1218 4130 1340 4184 caeli
1373 4131 1624 4200 peribunt
1650 4133 1998 4210 (tlpsienim,

431 4217 606 4286 inquit
623 4218 688 4278 ⁹¹,
706 4217 975 4286 peribunt,
994 4228 1046 4272 tu
1068 4231 1244 4274 autem
1267 4227 1709 4289 permanesnzan
1734 4231 1822 4298 qni
1850 4245 2003 4291 ωιτη,

433 4320 555 4362 rant
598 4309 822 4380 gloriam
865 4311 958 4366 Dei
999 4310 1287 4381 peribunt?
1329 4312 1489 4380 Atqui
1535 4330 1691 4371 nemo
1736 4333 2000 4380 enarrans

430 4400 654 4472 gloriam
675 4401 766 4456 Dei
799 4403 994 4473 peribit
1019 4419 1032 4456 ε
1060 4419 1184 4458 nam
1211 4423 1230 4456 ι
1263 4404 1622 4475 gloriﬁcantes
1655 4423 1758 4476 me,
1787 4430 1806 4462 ι
1828 4411 2002 4484 inquit

432 4493 576 4548 Deus
633 4495 716 4558 θ’,
749 4512 768 4545 ι
805 4495 1140 4564 gloriﬁcabo.
1179 4516 1199 4547 ι
1237 4495 1356 4572 Non
1393 4511 1520 4568 ergo
1559 4501 1683 4555 ωςΙί
1720 4502 1996 4570 peribunt.

2104 3499 2285 3571 λότης.
2317 3499 2382 3550 Ei
2412 3496 2468 3550 δὲ
2494 3497 2542 3549 οἱ
2565 3493 2746 3566 ἐχθροί
2777 3509 2878 3562 μου
2905 3490 3129 3563 ὀργίλοι,
3160 3490 3268 3560 ἄρα
3292 3489 3385 3542 καὶ
3409 3485 3684 3558 θυμὼδεις

2106 3590 2231 3645 εἱσι.
2267 3611 2285 3642 ι
2321 3589 2503 3660 Θυμὸς
2526 3587 2653 3660 γὰρ,
2687 3587 2870 3656 φησιν,
2895 3585 3076 3646 αὐτοῖς
3101 3581 3242 3637 κατὰ
3285 3579 3382 3652 τὴν
3418 3578 3684 3651 ὁμοίωσιν

2105 3683 2198 3736 τοῦ
2228 3681 2425 3752 ὅψεως,
2460 3699 2478 3732 ι
3355 3693 3359 3698 ·

2665 3859 2956 3914 ΨΑΔΜΟΣ
2996 3859 3107 3912 lH'.

2170 3959 2235 4010 Οἱ
2259 3952 2500 4022 οὐρανοὶ
2523 3950 2861 4020 διηγοῦνται
2895 3948 3084 4013 δόξαν
3115 3943 3285 4012 Θεοῦ,
3330 3946 3580 4016 ποίησιν
3607 3947 3684 4000 δὲ

2105 4047 2319 4119 χειρῶν
2345 4043 2528 4099 αὑτοῦ
2553 4041 2910 4112 ἀναγγέλλει
2933 4040 3000 4093 τὸ
3030 4039 3334 4109 στερέωμα
3351 4079 3366 4105 ,
3397 4055 3451 4092 κ.
3472 4057 3520 4092 τ.
3543 4040 3592 4092 ἑ.
3611 4039 3682 4091 Εἰ

2105 4143 2154 4196 oi
2183 4137 2402 4211 οὐρανοὶ
2427 4135 2536 4206 (ll)
2563 4132 2873 4203 διηγοῦνται
2905 4131 3064 4196 δόξαν
3091 4129 3248 4194 Θεοῦ,
3293 4130 3342 4182 οἱ
3369 4129 3424 4182 δὲ
3455 4130 3683 4201 οὐρανοὶ

2103 4229 2520 4299 ἀπολοῦνται·(ι
2555 4226 2617 4279 υἱ
2661 4225 2880 4296 οὐρανοὶ
2908 4243 2926 4275 ι
2964 4225 3094 4295 γὰρ,
3141 4223 3325 4293 φησιν,
3367 4240 3384 4273 ι
3414 4220 3685 4276 ἀπολοῦν-

2103 4344 2211 4388 ται,
2269 4323 2332 4377 cii
2386 4321 2443 4374 δὲ
2494 4317 2768 4388 διαμένεις
2799 4333 2813 4348 ·
2867 4317 2986 4385 ›)οἱ
3029 4315 3370 4387 διηγούμενοι
3414 4311 3525 4386 ἆρα
3579 4313 3682 4385 τὴν

2103 4415 2260 4481 δόξαν
2290 4413 2384 4468 τοῦ
2415 4410 2553 4465 Θεοῦ
2592 4408 2956 4473 ἀπολοῦνται;
3012 4406 3171 4460 Ἀλλὰ
3207 4407 3312 4477 μὴν
3359 4406 3536 4469 οὐδεὶς
3561 4406 3684 4476 διη-

2104 4506 2366 4576 γούμενος
2397 4503 2498 4574 τὴν
2545 4501 2702 4566 δόξαν
2732 4499 2826 4553 τοῦ
2859 4497 2992 4553 Θεοῦ
3014 4498 3290 4552 ἀπολεῖται
3314 4515 3327 4528 ·
3351 4517 3370 4550 ι
3396 4499 3535 4562 Τοὺς
3566 4496 3680 4568 γὰρ

429 4583 601 4642 Porro
634 4587 757 4642 εωὶί
789 4588 878 4656 qui
907 4598 1166 4642 enarrant
1204 4587 1429 4658 gloriam
1472 4591 1590 4658 Dei,
1625 4593 2001 4651 intellectualis

2119 4596 2422 4666 ῑοξάζοντάς
2469 4612 2558 4666 με,
2603 4612 2621 4645 ι
2660 4593 2823 4664 φησὶν
2871 4592 2902 4644 ό
2947 4589 3098 4654 Θεὸς,
3142 4608 3159 4642 ι
3210 4590 3436 4657 δοξάσω.
3483 4609 3502 4641 ι
3560 4589 3682 4644 Οὐκ

433 4689 560 4734 sunt
589 4689 816 4747 naturae,
850 4689 903 4735 et
934 4681 1059 4736 caeli
1088 4683 1342 4738 dicuntur
1369 4695 1654 4754 propterea
1684 4689 1827 4758 quod
1859 4690 1910 4743 in
1938 4706 1999 4746 se

427 4772 650 4842 iustitiae
681 4774 848 4828 solem
875 4760 1106 4841 habent;
1132 4776 1256 4830 caeli
1291 4787 1468 4834 autem
1503 4780 1592 4850 qui
1615 4791 1999 4852 pereunt,cor-

430 4879 653 4935 poream
677 4864 886 4945 habent.
903 4865 1284 4923 substantiam.

2103 4691 2212 4763 ἄρα
2237 4689 2286 4742 οἱ
2312 4687 2530 4758 οὐρανοὶ
2554 4682 2906 4738 ἁπολοῦνταν
2942 4680 3056 4735 ἀλλ’
3105 4681 3156 4736 οἱ
3198 4681 3296 4753 μὲν
3327 4681 3680 4754 διηγούμενοι

2103 4780 2320 4851 οὐρανοὶ
2343 4777 2441 4849 τὴν
2466 4775 2622 4841 δόξαν
2644 4773 2738 4828 τοῦ
2771 4771 2905 4827 Θεοῦ
2935 4773 3033 4845 τῆς
3082 4775 3274 4845 νοερᾶς
3303 4774 3410 4826 εἱσι
3436 4771 3680 4841 φύσεως,

2101 4871 2161 4924 οὐ
2171 4869 2319 4941 ρανοὶ
2371 4866 2653 4937 λεγόμενοι
2693 4863 2782 4917 διὰ
2821 4862 2882 4916 τὸ
2915 4861 3059 4935 ἔχειν
3090 4863 3148 4916 ὲν
3172 4863 3383 4926 ἑαυτοῖς
3431 4861 3522 4915 τὸν
3572 4861 3683 4931 τῆς

2105 4958 2446 5026 δικαιοσύνης
2471 4958 2640 5029 ἥλιον·
2663 4957 2714 5010 οἱ
2736 4956 2793 5008 δὲ
2817 4955 3179 5026 ἀπολλύμενοι
3203 4952 3535 5029 οὐρανοὶτῆς
3568 4971 3681 5007 σω-

2111 5053 2306 5105 ιιατννδ
2322 5071 2344 5083 ι
2365 5053 2499 5102 εἰσιν
2523 5047 2726 5110 οὐσίας.

493 5126 537 5159 ⁸⁸
566 5128 636 5182 lli
666 5126 798 5202 Reg.
830 5149 982 5199 xv1n,
1011 5134 1101 5188 2L
1177 5136 1220 5168 ⁸⁸
1249 5136 1405 5192 Rom.
1438 5153 1534 5204 xu,
1567 5138 1652 5194 l9.
1729 5138 1776 5170 ’°
1804 5137 1936 5193 an.
1968 5151 2024 5200 x,
2057 5135 2142 5190 l9.
2217 5135 2261 5168 ⁹¹
2293 5136 2432 5192 Psal.
2461 5151 2532 5201 cn,
2557 5137 2648 5190 27.
2720 5135 2764 5166 "
2795 5134 2817 5189 Ι
2851 5134 2986 5206 Reg.
3016 5149 3074 5201 ll,
3107 5135 3197 5190 30.

493 5282 572 5350 (2)
597 5281 802 5336 Νῶτον
839 5281 1135 5350 διδόασιν,
1170 5291 1275 5339 etc.
1305 5285 1486 5340 Codex
1508 5284 1890 5342 Coislinianus.

515 5355 571 5422 5)
606 5351 875 5424 Ἔδωκας
905 5354 1043 5424 τοὺς
1068 5354 1318 5423 ἐχθρούς
1341 5373 1480 5424 μου,
1508 5364 1613 5411 etc.
1644 5357 1828 5412 Codex
1851 5356 1986 5410 Roe.

514 5428 570 5478 4)
611 5423 672 5473 '0
698 5424 784 5488 εὶς
811 5423 1082 5490 σημεῖον,
1109 5433 1214 5478 etc.
1239 5423 1418 5490 Codex
1446 5426 1576 5487 Roe,
1603 5425 1914 5482 Corderius.

517 5440 570 5478 ιιι
630 5440 672 5473 υ
698 5440 784 5488 εις
811 5440 891 5490 ση
971 5441 1082 5486 ιον,
1109 5440 1214 5478 etc.
1239 5440 1418 5480 Codex
1447 5440 1576 5487 ttoe,

596 5492 696 5574 Τὸ,
732 5496 843 5574 οὐξι
877 5440 1087 5574 ἕξιν-ων,
1121 5503 1238 5574 etc;
1258 5488 1439 5548 Codex
1469 5495 1601 5574 Rge.

426 5635 468 5690 Β
494 5564 570 5693 (3)
596 5564 976 5632 ‘Arrooﬁwec
1017 5564 1370 5634 ἠγνοοῦντο,
1389 5577 1496 5621 etc.
1524 5565 1751 5624 Schedte
1781 5564 1992 5631 Grabii,

475 5653 500 5688 a
573 5649 720 5688 arus.

475 5649 720 5688 amarus.

496 5707 572 5776 (7)
606 5704 669 5760 Ἡ
685 5703 802 5774 μὲν
824 5703 1025 5773 ἀρετή,
1057 5713 1163 5759 etc.
1201 5703 1378 5759 Codex
1402 5702 1530 5760 Rue.

2163 5284 2418 5366 (ὃξςᾘως
2458 5280 2634 5344 πότε,
2677 5286 2786 5334 etc.
2840 5275 3065 5332 Schedze
3123 5272 3312 5329 Grahii
3339 5310 3357 5340 ,
3401 5282 3456 5328 et
3492 5272 3668 5328 codex

2092 5353 2490 5410 Coislinianns.

2187 5423 2244 5494 9)
2272 5421 2483 5494 Λαβὼν
2509 5418 2629 5494 ιζπρ
2659 5417 2831 5483 Θεοῦ,
2865 5423 2972 5471 etc.
2994 5413 3183 5494 Codex
3212 5412 3349 5494 Roe.
3377 5480 3394 5494 ἰ
3415 5478 3450 5493 η

2187 5423 2244 5494 9)
2272 5422 2483 5477 Λαϐὼν
2509 5422 2629 5474 ἀπὸ
2659 5422 2831 5483 Θεοῦ,
2865 5423 2972 5471 etc.
3005 5422 3183 5469 Codex
3214 5422 3349 5467 Hoc.
3415 5478 3450 5493 η

2165 5422 2278 5566 (10)
2304 5491 2484 5559 Ἰδοὺ,
2522 5488 2778 5552 δέδωκα,
2829 5497 2936 5543 etc.
2993 5485 3220 5540 Scheda:
3265 5480 3494 5550 Grahu,
3529 5478 3663 5535 Bar-

2095 5562 2284 5619 barttsv.

2170 5632 2284 5703 (Η)
2335 5634 2399 5703 Et
2439 5632 2493 5703 οι
2523 5628 2787 5703 cupavo!
2811 5667 2826 5693 ,
2875 5636 2980 5684 etc.
3028 5625 3208 5684 Codex
3257 5622 3664 5687 Coisltmanus,

2103 5699 2317 5762 schcdae
2347 5701 2556 5769 Grabii,
2589 5699 2883 5755 Barbarus.
