3986 6384
222 279 356 335 1211

1170 245 1484 335 summa
1523 276 1591 333 IN
1620 275 1967 332 PSALMOS.
2008 307 2078 315 —
2115 276 2305 331 PSAL.
2344 275 2529 332 xvm.

3325 279 3466 337 ιω

297 391 406 448 Τοῦ
434 390 644 446 αὑτοῦ.
672 389 812 444 Οὔτε
844 389 951 462 γὰρ
982 390 1051 461 γῆ
1081 391 1218 463 (l2),
1245 390 1367 445 οὕτε
1391 394 1420 445 0
1452 392 1516 444 ὲκ
1545 391 1646 462 γῆς
1687 394 1796 461 χοῖ-

1970 388 2247 458 Ejusdem.
2277 391 2469 461 Neque
2505 389 2651 446 enim
2688 397 2855 456 terra,
2876 404 3054 461 neque
3083 394 3149 447 de
3182 400 3325 449 terra
3358 404 3467 450 ter-

218 482 315 548 κδς
343 480 705 553 διηγήσασθαι
742 478 960 534 δύναται
991 479 1148 547 δόξαν
1173 480 1330 534 Θεοῦ.
1359 499 1379 534 ι
1420 481 1476 535 '0
1505 481 1611 553 γὰρ
1639 479 1713 533 ὣν
1734 482 1798 533 ὲκ

214 573 319 646 τῆς
352 574 455 645 γῆς
485 574 549 626 ὲκ
607 573 708 643 τῆς
740 574 844 642 γῆς
868 571 1037 626 λαλεῖ.
1081 591 1100 624 ι
1128 573 1281 644 Τάχα
1309 573 1365 627 δὲ
1422 572 1637 644 οὐρανοί
1662 574 1797 627 εἰσιν

218 668 271 723 οἱ
301 666 397 721 τοῦ
427 666 679 738 οὐρανίου
711 664 807 736 τὴν
843 668 1025 722 εἰκόνα
1081 667 1395 740 φοροῦντες,
1445 668 1641 731 οἵτινες
1677 667 1800 739 διη-

217 756 446 829 γοῦνται
469 755 625 821 δόξαν
651 755 806 809 Θεοῦ.
842 758 962 811 Εἰσὶ
992 757 1047 811 δὲ
1082 758 1175 811 κα)⁸
1203 758 1423 827 οὐρανοὶ
1443 756 1653 827 ποίημα
1685 773 1800 827 χει-

224 849 336 925 ρῶν
366 847 521 902 Θεοῦ.
552 848 721 919 Τήρει
749 848 805 901 δὲ
832 847 1115 920 διαφορὰν,
1145 849 1206 903 10
1240 849 1339 920 μὲν
1362 848 1668 920 διηγεῖσθαι
1705 847 1799 901 ἐπὶ

220 942 331 996 τῶν
389 939 632 1013 οὐρανῶν
669 939 940 1010 κείμενον,
987 940 1050 993 τὸ
1078 940 1134 995 δὲ
1182 940 1531 1011 ἀναγγέλλειν
1582 940 1675 994 ἐπὶ
1704 938 1798 992 τοῦ

224 1028 603 1103 περεώματος
638 1028 947 1101 εἰρημένον.

308 1120 527 1191 Ἡμέρα
575 1118 653 1188 τῇ
702 1120 894 1189 ἡμέρᾳ
949 1120 1249 1190 ἐρεύγεται
1286 1118 1474 1190 ῥῆμα,
1528 1117 1626 1171 καὶ
1684 1116 1799 1183 νὺξ

220 1213 393 1268 νυκτὶ
435 1212 791 1282 ἀναγγέλλει
817 1211 1061 1281 γνῶσιν,
1110 1229 1165 1266 κ.
1197 1230 1248 1266 τ.
1302 1213 1349 1265 ὲ.
1414 1209 1573 1263 Ἀλλά
1609 1210 1703 1263 καὶ
1749 1209 1799 1262 ol

218 1306 312 1359 τὸν
346 1304 458 1375 (15)
491 1303 763 1375 θεωρητόν
795 1300 1161 1373 ἀσπαζόμενοι
1218 1302 1331 1374 βίον
1383 1300 1800 1373 θησαυρίζουσιν

219 1398 278 1451 ὲν
302 1394 537 1467 οὐρανῷ,
565 1396 725 1448 κάκεῖ
754 1394 853 1465 τὴν
894 1395 1123 1465 καρδίαν
1166 1394 1402 1465 ἔχοντες,
1438 1393 1660 1463 οὐρανοί
1691 1394 1799 1445 είσι

217 1485 562 1557 διηγούμενοι
583 1484 680 1554 τὴν
705 1482 1108 1554 προειρημένην
1123 1481 1257 1535 Θεοῦ
1279 1480 1435 1554 δόξαν
1454 1480 1542 1534 διὰ
1566 1479 1800 1553 Θεωρίας

126 1640 133 1647 .
219 1577 319 1647 τῆς
348 1576 477 1648 περὶ
510 1574 716 1645 νοητῶν
750 1574 1114 1646 πραγμάτων.
1172 1574 1234 1627 Ol
1269 1572 1562 1642 πρακτικοὶ
1595 1571 1650 1624 δὲ
1682 1588 1803 1624 στε-

222 1669 413 1741 ρέωμά
438 1672 594 1729 εἰσιν,
630 1668 827 1738 ἑδραῖοι
857 1667 1235 1737 τυγχάνοντες,
1271 1664 1366 1718 καὶ
1398 1662 1799 1732 ἀπαγγέλλουσι

1898 497 2061 539 renus
2088 498 2349 540 enarrare
2383 490 2561 551 potest
2592 481 2818 554 gloriam
2868 482 2985 538 Dei.
3039 482 3173 539 Nam
3210 504 3229 538 ι
3267 489 3358 557 qui
3397 503 3467 544 ex

1901 585 2043 630 terra
2090 584 2194 642 est,
2247 574 2315 631 de
2361 583 2503 630 terra
2550 574 2789 645 loquitur
2825 574 2891 629 ”.
2928 594 2948 628 ι
2975 575 3139 632 Forte
3169 593 3301 634 vero
3342 582 3467 636 coeli

1898 676 2042 734 sunt,
2084 668 2174 737 qui
2219 677 2414 737 gemat
2464 670 2755 740 imaginem
2795 673 3053 731 caelestis.
3099 674 3166 730 Hi
3212 684 3470 732 enarrant

1898 760 2124 830 gloriam
2166 760 2280 818 Dei.
2312 762 2451 817 Sunt
2481 773 2662 818 autem
2698 765 2861 820 etiam
2885 767 3010 822 caeli
3038 782 3174 838 opus
3210 783 3467 824 manuum

1900 852 2012 924 Dei.
2039 851 2277 908 Observa
2302 854 2593 910 discrimen
2620 872 2635 909 :
2658 855 2780 911 coeli
2807 856 3060 914 dicuntur
3077 862 3293 931 quidem
3319 875 3471 917 enar-

1899 959 2039 1009 rare,
2074 946 2471 1005 ﬁrmamentum
2505 965 2634 1006 vero
2666 952 3012 1008 annuntiare.

1972 1127 2136 1185 Vens.
2173 1130 2228 1186 5.
2277 1127 2402 1185 Dies
2451 1132 2557 1186 diei
2601 1139 2805 1186 eructat
2850 1131 3082 1196 verbum,
3108 1141 3157 1186 et
3190 1147 3296 1186 nea:
3331 1130 3472 1186 nocti

1900 1222 2100 1277 indicat
2143 1222 2438 1289 scientiam,
2470 1232 2580 1279 etc.
2614 1224 2723 1279 Sed
2763 1231 2819 1279 et
2864 1223 2918 1277 bi
2950 1223 3040 1292 qui
3069 1223 3475 1293 contemplatri-

1900 1327 2017 1367 cem
2053 1313 2217 1367 vitam
2251 1313 2667 1381 amplectuntur.
2709 1314 2762 1368 in
2810 1312 2951 1369 ctelo
2995 1314 3382 1377 thesaurizant,
3416 1323 3473 1369 et

1864 1462 1869 1467 ,
1901 1418 2022 1459 cum
2059 1403 2131 1459 ibi
2167 1418 2263 1459 cor
2299 1404 2553 1471 habeant,
2590 1405 2710 1459 caeli
2747 1412 2875 1459 sunt
2916 1405 3007 1474 qui
3040 1405 3349 1468 praedictam
3379 1404 3471 1460 Dei

1900 1496 2123 1569 gloriam
2157 1505 2415 1552 enarrant
2463 1511 2559 1565 per
2597 1497 2962 1566 spiritualium
3004 1511 3185 1553 rerum
3228 1505 3473 1553 contem-

1900 1591 2211 1662 plationem.
2260 1589 2359 1656 Qui
2404 1597 2583 1644 autem
2630 1590 2887 1645 actricem
2918 1589 3083 1643 vitam
3113 1598 3299 1661 agunt,
3326 1591 3363 1645 ii
3407 1590 3475 1647 ob

1902 1684 2228 1739 soliditatem
2259 1692 2382 1738 sunt
2420 1684 2843 1749 ﬁrmamentum,
2871 1694 2925 1738 et
2955 1684 3276 1739 annuntiant
3314 1696 3475 1752 opera

217 1763 317 1835 τὴν
342 1761 558 1831 ποίησιν
612 1760 722 1813 τῶν
770 1759 865 1813 τοῦ
895 1758 1029 1813 Θεοῦ
1063 1758 1281 1831 χειρῶν,
1331 1757 1689 1829 ἐργαζόμενοι
1730 1758 1796 1809 τὰ

1907 1790 2154 1829 manuum
2192 1774 2315 1839 Dei,
2340 1773 2466 1828 dum
2499 1789 2661 1844 opera
2695 1774 2787 1829 Dei
2816 1772 3072 1831 exercent
3117 1785 3175 1835 et
3224 1776 3322 1844 ipsi
3362 1774 3476 1843 ejus

217 1856 311 1910 τοῦ
351 1855 507 1919 Θεοῦ,
538 1854 632 1908 καὶ
664 1854 856 1906 τούτου
889 1852 1249 1923 τυγχάνοντες
1280 1849 1437 1921 ἔργα.
1473 1850 1583 1903 Καὶ
1617 1850 1649 1918 ἡ
1680 1865 1797 1917 φω-

216 1947 367 2020 τιινὴ
395 1949 451 2002 δὲ
484 1947 668 2018 νόησις
701 1946 914 2018 ἡμέρας
939 1942 1115 2006 οὖσα,
1154 1942 1318 2013 ἑτέρᾳ
1350 1942 1582 2012 φωτεινῇ
1617 1941 1798 2010 νοήσει

218 2039 510 2110 σύμφωνος
534 2034 688 2101 οὖσα,
714 2036 996 2108 ἐρεύγεται
1022 2035 1189 2106 ῥῆμα·
1217 2033 1293 2096 ὡς
1314 2035 1347 2103 ἡ
1372 2030 1583 2085 Παλαιὰ
1606 2031 1646 2083 Γ
1652 2031 1797 2102 ραφὴ

214 2133 325 2188 τῶν
365 2129 745 2201 πνευματικῶν
775 2128 1123 2202 πληρωθεῖσα
1152 2125 1386 2197 τροφῶν,
1410 2125 1518 2179 ἀπὸ
1537 2124 1633 2178 τοῦ
1664 2124 1801 2195 πλη-

215 2221 471 2298 ρώματος
505 2220 860 2294 ὲρευγομένη,
887 2218 1253 2291 προσφέρεται
1280 2217 1499 2288 ῥήματα
1516 2218 1582 2287 τῇ
1621 2216 1795 2287 Καινῇ

213 2312 479 2387 Διαθὴκῃ.
556 2313 621 2366 Ἦ
671 2312 729 2365 δὲ
758 2312 874 2376 νὺξ,
932 2312 966 2382 ἡ
1040 2309 1314 2381 βαθυτάτη
1352 2307 1463 2361 τῶν
1520 2308 1799 2378 μυστικῶν

214 2405 561 2477 πραγμάτων
609 2403 879 2473 διάληψις,
924 2402 1061 2474 πρὸς
1105 2402 1298 2473 ἑτέραν
1340 2401 1489 2471 ἡμᾶς
1531 2399 1799 2467 ἀσάφειαν

211 2496 418 2567 ὁδηγεῖ,
475 2497 654 2568 ἤνπερ
686 2494 937 2564 διάληψιν
966 2493 1149 2547 δίδωσι
1181 2493 1240 2545 τὸ
1266 2490 1359 2544 τοῦ
1404 2489 1540 2544 Θεοῦ
1575 2490 1799 2561 Πνεῦμα

210 2590 329 2652 τοῖς
349 2587 561 2658 ἔχουσιν
588 2586 748 2640 αὐτό·
783 2585 844 2638 τὸ
867 2586 961 2639 καὶ
984 2583 1053 2639 τὰ
1085 2582 1223 2656 βάθη
1252 2582 1487 2655 ἐρευνῶν
1516 2582 1609 2637 τοῦ
1640 2582 1795 2637 Θεοῦ.

229 2682 299 2733 Ἦ
326 2679 486 2734 λαλιά
515 2679 566 2733 δὲ
603 2680 947 2751 προποιεϊται
979 2679 1093 2740 τοῖς
1124 2676 1302 2745 λόγοις
1320 2716 1335 2744 ,
1365 2678 1414 2729 οί
1442 2676 1497 2729 δὲ
1523 2675 1671 2744 λόγοι
1698 2676 1800 2748 τὴν

210 2776 528 2845 ἐπιστήμην
582 2772 846 2841 ἐπάγουσι
871 2812 885 2835 ,
937 2771 1037 2834 τὰς
1087 2770 1391 2836 ἀποδείξεις
1447 2770 1794 2841 παρέχοντες.

226 2866 540 2938 Ἀμφότερα
565 2865 623 2919 δὲ
664 2863 753 2918 διὰ
779 2862 937 2917 τοῦτο
983 2862 1134 2934 παρὰ
1165 2862 1299 2916 Θεοῦ
1334 2861 1604 2926 λέλεκται,
1651 2863 1799 2925 ὅπως

210 2959 282 3015 ἂν
331 2957 670 3013 ἀκουσθῶσν
743 2956 823 3009 διὸ
874 2955 1109 3019 καὶτοῖς
1152 2953 1470 3009 ἀπειθοῦσιν
1523 2955 1624 3007 οὐκ
1654 2953 1798 3008 ἔστιν

211 3050 501 3120 ἀπολογία.
530 3048 782 3121 Χωροῦσι
832 3048 890 3101 δὲ
930 3048 1023 3101 τὸν
1058 3047 1293 3117 φθόγγον
1327 3048 1440 3101 ὅσοι
1467 3046 1796 3117 τυγχάνουσι

211 3146 289 3216 γῆ
315 3143 451 3216 πρὸς
513 3143 712 3214 σπόρον
744 3139 1047 3211 ἐπιτηδεία,
1076 3135 1197 3211 ⁸τὴν
1230 3139 1373 3206 λέξιν
1402 3138 1501 3211 τὴν
1538 3137 1680 3192 κατά
1737 3138 1798 3191 10

211 3234 474 3306 αἰσθητόν
498 3234 596 3305 τῆς
625 3231 867 3305 Γραφῆς.
905 3231 967 3284 Ol
1002 3230 1058 3283 δὲ
1086 3231 1307 3292 τούτους
1338 3227 1793 3300 ὑπερϐεϐηκότες,

211 3328 311 3382 καὶ
340 3326 553 3397 πέρατα
574 3324 1028 3396 χρηματίζοντες,
1078 3323 1323 3393 δέχονται
1348 3321 1427 3377 τὰ
1457 3322 1673 3392 ῥήματα
1705 3338 1799 3373 σα·-

212 3418 335 3488 φῶς
358 3417 760 3487 παιδευόμενοι·
798 3416 858 3468 οὑ
895 3414 1130 3485 φθόγγου
1163 3412 1272 3485 γὰρ
1301 3410 1512 3465 ἀκούων
1540 3412 1568 3462 0
1594 3411 1798 3481 Πέτρος

213 3510 369 3577 ἔλεγε
392 3524 411 3541 θ
445 3526 464 3559 t
505 3509 753 3579 Ῥήματα
802 3505 945 3578 ζωῆς
981 3505 1201 3561 αἰωνίου
1228 3504 1389 3574 ἔχεις.
1433 3522 1451 3554 ι
1486 3502 1595 3557 Καὶ
1624 3504 1651 3555 0
1695 3504 1802 3555 Σω-

162 3588 167 3593 ’
209 3600 320 3672 τὴρ
365 3580 509 3669 ἔφηί
543 3615 561 3648 ι
621 3597 702 3650 Τά
761 3598 979 3669 ῥήματα
1022 3594 1058 3648 ἃ.
1096 3593 1333 3665 ἐλάλησα
1380 3593 1536 3664 ὑμῖν,
1584 3591 1800 3663 πνεῦμά

212 3694 384 3747 ἐστιν.
424 3709 443 3742 ι
493 3689 840 3752 Ἀποστόλοις
871 3688 978 3759 γὰρ
1001 3686 1174 3756 ἔλεγε,
1195 3686 1407 3758 πέρατα
1439 3682 1797 3756 τυγχάνουσιν

213 3787 366 3839 οἱκου
374 3782 561 3854 μένης.

291 3878 414 3930 Οὐκ
450 3874 569 3929 εἰσὶ
598 3873 805 3929 Jama!
840 3871 983 3926 οὐδὲ
1012 3872 1202 3943 λόγιοι,
1247 3864 1336 3925 ὧν
1381 3868 1517 3939 οὐχὶ
1546 3865 1802 3924 ἀκούων..

216 3986 312 4024 ται
338 3972 396 4023 al
428 3965 618 4037 φωναὶ
648 3965 867 4029 αὐτῶν,
895 3983 949 4019 κ.
987 3983 1039 4020 τ.
1080 3966 1129 4018 ὲ.
1160 3965 1233 4018 Οὐ
1262 3964 1457 4018 ταυτὸν
1478 3964 1637 4018 λαλιά
1687 3962 1797 4035 (14)

219 4062 318 4116 καὶ
364 4060 541 4128 λόγος,
595 4060 719 4114 ἐπεὶ
763 4059 885 4113 οὐδὲ
941 4059 1135 4112 ταυτὸν
1164 4060 1192 4112 0
1224 4058 1383 4121 λάλος
1420 4058 1498 4129 τῷ
1521 4058 1717 4129 λογίῳο
1763 4057 1797 4129 ἢ

217 4156 363 4224 τάχα
394 4152 591 4208 λαλιῶν
624 4152 721 4225 μὲν
747 4152 776 4204 ό
802 4151 1057 4222 φθόγγος,
1086 4150 1259 4221 λόγων
1299 4151 1357 4205 δὲ
1389 4150 1457 4205 τὰ
1490 4152 1727 4224 ῥήματα.

303 4334 408 4390 Ἔν
434 4330 514 4398 τῷ
550 4332 701 4401 ἡλίῳ
731 4330 898 4385 ἔθετο
927 4331 993 4385 τὸ
1021 4331 1312 4401 σκήνωμα
1339 4329 1555 4397 αὐτοῦ,
1586 4346 1640 4384 κ.
1672 4346 1724 4383 τ.
1751 4330 1798 4382 ὲ.

226 4427 291 4482 '0
326 4424 530 4497 Κύριος
558 4423 714 4495 ἡμῶν
744 4424 853 4495 (15)
888 4424 1085 4495 όῆλιος
1114 4425 1216 4495 τῆς
1245 4422 1591 4494 δικαιοσύνης
1624 4422 1795 4485 ἐστὶν,

215 4519 279 4573 ὲν
306 4517 454 4588 αὐτῷ
488 4515 547 4571 δὲ
578 4519 911 4589 κατασκηνοῖ
951 4518 979 4569 0
1028 4516 1237 4589 Πατὴρ,
1272 4516 1415 4570 κατά
1468 4515 1560 4569 τόο
1597 4535 1616 4567 ι
1659 4513 1801 4583 Ἐγὼ

215 4616 277 4668 ὲν
320 4610 400 4682 τῷ
445 4610 643 4682 Πατρὶ,
690 4609 785 4663 καὶ
823 4612 852 4663 ὁ
897 4610 1086 4681 Πατὴρ
1120 4611 1177 4662 ὲν
1206 4610 1348 4680 ἐμοί.
1394 4628 1412 4660 ι
1450 4609 1563 4663 Καὶ
1593 4608 1758 4661 πάλιν
1786 4623 1803 4639 ·

222 4719 243 4753 ι
292 4700 353 4753 '0
384 4699 575 4770 Πατὴρ
626 4700 683 4752 ὲν
722 4698 845 4769 ἐμοὶ
897 4698 1074 4770 μένων
1101 4699 1263 4762 αὐτὸς
1308 4698 1550 4751 ποιεῖτά
1584 4697 1740 4769 ἔργα.
1780 4716 1799 4749 ι

216 4794 334 4848 Καὶ
361 4791 391 4843 0
429 4788 784 4853 ’Λπόστολοςο
827 4809 846 4842 ι
877 4790 1012 4855 Θεὸς
1037 4786 1106 4861 ἦν
1135 4791 1194 4844 ὲν
1225 4789 1304 4861 τῷ
1333 4788 1555 4860 Χριστῷ
1597 4788 1803 4861 κόσμον

218 4882 607 4939 καταλλάσσων
633 4880 829 4953 ἑαυτῷ.
865 4902 885 4935 ι

1899 1882 2064 1938 opera
2104 1866 2370 1921 existunt.
2401 1867 2513 1921 Diei
2544 1866 2781 1936 cegnitio
2816 1883 2937 1921 cum
2978 1869 3047 1922 sit
3088 1867 3283 1930 lucida,
3314 1877 3367 1922 et
3394 1867 3476 1921 al-

1904 1957 2002 2011 teri
2056 1956 2246 2010 luciilze
2293 1955 2582 2025 cognitioni
2632 1970 2907 2025 congrua,
2955 1966 3167 2010 eructat
3214 1956 3473 2011 verbum:

1900 2047 2356 2118 quemadmodum
2389 2046 2670 2116 Scriptura
2705 2047 2870 2103 Vetus
2900 2049 3239 2119 spiritalibus
3274 2047 3476 2105 referta

1901 2139 2055 2199 cibis,
2102 2139 2167 2192 de
2211 2138 2544 2207 plenitudine
2598 2155 2694 2193 sua
2739 2149 3015 2205 eructans,
3061 2140 3261 2209 praebet
3312 2139 3475 2193 verba

1900 2228 2050 2283 Novo
2082 2228 2448 2283 Testamento.
2496 2227 2610 2284 Nox
2654 2243 2802 2294 vero,
2835 2245 2953 2298 quae
2999 2238 3082 2283 est
3119 2228 3477 2297 profundissi-

1900 2335 1986 2374 ma
2017 2335 2198 2374 rerum
2234 2334 2550 2373 arcanarum
2588 2320 3031 2388 comprehensio,
3069 2320 3135 2372 ad
3185 2319 3344 2373 aliam
3379 2334 3479 2375 nos

1900 2408 2288 2465 obscuritatem
2326 2409 2562 2463 adducit.
2610 2409 2759 2464 llanc
2803 2409 3339 2477 comprehensronem
3382 2408 3477 2462 Dei

1902 2500 2137 2572 Spiritus
2188 2501 2376 2555 tribuit
2427 2501 2492 2555 iis
2525 2501 2616 2571 qui
2670 2501 2845 2570 ipsum
2899 2500 3117 2555 habent.
3159 2498 3256 2553 Hic
3309 2501 3475 2553 etiam

1899 2592 2165 2665 profunda
2198 2592 2293 2647 Dei
2321 2602 2595 2647 scrutatur
2620 2592 2687 2646 9‘.
2726 2591 2993 2647 Caeterum
3026 2590 3237 2659 loquela
3266 2605 3477 2646 sermo-

1902 2685 2061 2740 nibus
2086 2684 2456 2757 praemittitur,
2482 2699 2766 2740 sermones
2788 2692 2969 2737 autem
2999 2682 3282 2738 scientiam
3310 2682 3481 2735 addu-

1900 2788 2061 2847 cunt,
2113 2782 2242 2834 dum
2292 2780 2554 2834 exhibent
2602 2777 3117 2834 demonstrationes.
3181 2772 3482 2844 Utrumque

1901 2881 2080 2926 autem
2117 2886 2149 2926 a
2183 2870 2294 2926 Deo
2326 2871 2529 2926 dictum
2566 2880 2647 2925 est
2690 2879 2750 2925 ut
2795 2869 3105 2924 audiantur.
3142 2866 3482 2936 Quapropter

1899 2962 2047 3017 nulla
2078 2972 2328 3034 superest
2358 2961 2655 3018 incredulis
2680 2960 2979 3016 excusatio.
3014 2958 3221 3015 Senum
3258 2958 3481 3027 capiunt

1902 3055 2212 3125 quicunque
2250 3062 2377 3109 sunt
2410 3065 2552 3107 terra
2592 3052 2784 3108 semini
2831 3061 2978 3122 apta,
3029 3051 3084 3106 id
3129 3059 3214 3105 est
3260 3048 3481 3105 litterali

1902 3145 2196 3215 Scriptura!
2230 3145 2431 3201 sensui.
2487 3143 2588 3212 Qui
2614 3158 2742 3198 vero
2774 3144 2861 3198 his
2905 3144 3217 3213 superiores
3248 3151 3393 3207 sunt,
3427 3151 3483 3197 et

1901 3238 2036 3293 lines
2060 3237 2418 3307 appellantur,
2444 3245 2631 3305 aperte
2658 3235 2694 3290 ii
2721 3236 2919 3290 eruditi
2951 3234 3250 3303 suscipiunt
3273 3234 3438 3288 verba
3462 3248 3480 3288 :

1901 3345 2074 3399 neque
2107 3329 2251 3384 enim
2282 3343 2472 3383 sonum
2510 3328 2683 3382 solum
2730 3327 2953 3382 auribus
2995 3326 3237 3396 percepit
3268 3324 3483 3391 Petrus,

1900 3439 2025 3477 cum
2046 3422 2250 3477 dixit”
2284 3439 2299 3477 :
2329 3420 2496 3493 614
2520 3440 2538 3473 ‹
2577 3422 2752 3476 Verba
2796 3421 2917 3476 vita:
2954 3429 3172 3475 aeternae
3222 3419 3412 3474 habes.
3457 3436 3479 3471 ι

1900 3515 1966 3570 Ει
2000 3513 2253 3569 Salvator
2277 3515 2356 3568 ait
2379 3515 2426 3546 ”
2454 3531 2470 3569 :
2503 3532 2522 3566 ι
2561 3513 2735 3569 Verba
2759 3528 2881 3584 quae
2914 3512 3127 3567 locutus
3158 3525 3276 3565 sum
3306 3510 3483 3577 vobis,

1901 3608 2122 3678 spiritus
2147 3616 2293 3662 sunt.
2328 3626 2346 3659 ι
2373 3606 2599 3662 Dicebat
2621 3607 2767 3662 enim
2793 3607 2896 3662 hoc
2924 3605 3179 3676 apostolis
3203 3604 3293 3675 qui
3324 3611 3486 3659 erant

1905 3699 2037 3754 lines
2070 3701 2222 3754 orbis
2254 3710 2549 3754 terrarum.

1972 3875 2133 3930 Vens.
2151 3874 2204 3927 4.
2231 3871 2352 3929 Non
2381 3884 2503 3929 sunt
2531 3872 2753 3944 loquela
2784 3890 2947 3945 neque
2970 3890 3232 3929 sermones
3260 3889 3485 3943 quorum

1903 3984 2002 4021 non
2022 3967 2312 4020 audiantur
2330 3983 2473 4020 voces
2494 3983 2695 4033 eorum,
2725 3974 2829 4021 etc.
2853 3964 2966 4020 Non
2999 3965 3139 4021 idem
3166 3975 3250 4021 est
3274 3966 3483 4035 loquela

1904 4066 2066 4126 atque
2092 4072 2294 4122 sermo,
2326 4058 2585 4125 quoniam
2618 4072 2724 4112 non
2754 4058 2899 4112 idem
2940 4066 3025 4113 est
3070 4057 3268 4127 loquax
3305 4072 3371 4113 ac
3398 4058 3484 4113 di-

1903 4161 2101 4207 sertus.
2133 4151 2229 4206 Vel
2264 4150 2401 4207 forte
2433 4165 2603 4207 sonus
2654 4151 2719 4207 ad
2768 4150 3028 4223 loquelas,
3057 4152 3219 4206 verba
3255 4152 3323 4206 ad
3361 4165 3485 4207 ser-

1904 4258 2092 4298 mones
2115 4243 2411 4313 pertinent.

1974 4332 2141 4389 Vsns.
2172 4333 2223 4387 6.
2258 4333 2326 4388 In
2370 4335 2479 4390 sole
2507 4345 2678 4404 posuit
2723 4332 3120 4390 tabernaculum
3172 4346 3347 4394 suum,
3376 4337 3480 4385 etc.

1908 4425 2165 4482 Dominus
2196 4436 2383 4481 noster
2404 4427 2628 4497 iustitia:
2657 4428 2737 4483 sol
2767 4436 2870 4492 est,
2913 4426 2965 4479 in
2992 4439 3099 4494 quo
3143 4423 3302 4478 Pater
3328 4422 3485 4478 habi-

1907 4525 2003 4582 tat,
2025 4515 2181 4585 juxta
2211 4517 2343 4573 illud
2367 4518 2411 4550 "
2442 4534 2456 4572 :
2483 4538 2502 4570 ‹
2538 4517 2650 4589 Ego
2679 4518 2731 4572 in
2756 4515 2938 4585 Patre,
2970 4525 3025 4569 et
3049 4514 3212 4570 Pater
3234 4513 3288 4569 in
3318 4529 3425 4570 me.
3460 4531 3480 4567 ι

1906 4608 1973 4664 Ει
2001 4609 2275 4664 rursus”:
2307 4630 2324 4661 ι
2356 4608 2516 4665 Pater
2536 4609 2590 4664 in
2619 4624 2705 4665 me
2726 4623 2951 4663 manens
2974 4607 3089 4676 ipse
3108 4606 3237 4663 facit
3258 4621 3479 4676 opera.»

1905 4701 1973 4757 Et
2004 4702 2296 4773 Apostolus
2332 4704 2376 4735 ”
2414 4720 2475 4758 ξι
2513 4703 2653 4759 Deus
2695 4710 2811 4758 erat
2874 4702 2928 4755 in
2963 4700 3179 4757 Christo
3228 4698 3486 4754 mundum

1908 4796 2268 4851 reconcilians
2300 4795 2429 4851 sibi.
2467 4812 2486 4849 ι

292 5086 407 5159 (16)
434 5084 504 5141 In
530 5085 641 5142 sole
682 5087 855 5158 posuit
887 5086 1283 5142 tabernaculum
1326 5101 1501 5140 suum.
1534 5084 1674 5152 Quid
1727 5094 1811 5142 est
1856 5087 2001 5158 quod
2044 5086 2221 5143 dixit:
2259 5105 2279 5139 ι
2318 5084 2373 5141 ln
2400 5085 2515 5141 sole
2548 5084 2728 5155 posuit
2776 5082 3185 5140 tabernaculum
3232 5081 3426 5138 suum?
3460 5101 3481 5137 ι

216 5182 452 5252 Quidam
482 5182 705 5253 quidem
740 5182 990 5238 dicebant
1024 5184 1167 5254 quod
1200 5182 1453 5238 Salvator
1480 5191 1666 5238 noster
1698 5186 2000 5240 ascendens
2044 5200 2075 5241 e
2120 5184 2280 5240 terris
2318 5184 2387 5237 ad
2432 5182 2649 5246 coelum,
2685 5190 2738 5236 et
2763 5195 2959 5248 corpus
2997 5192 3485 5249 suumaassumens,

215 5279 468 5350 pervenit
500 5294 669 5349 usque
703 5279 771 5335 ad
802 5295 928 5335 eum
960 5281 1222 5337 circulum
1260 5280 1353 5350 qui
1404 5280 1535 5336 solis
1567 5295 1705 5336 zona
1749 5282 2083 5349 nominatur,
2109 5289 2164 5337 et
2208 5281 2304 5349 ibi,
2347 5281 2521 5348 aiunt,
2554 5281 2738 5351 posuit
2784 5275 3188 5333 tabernaculum
3239 5278 3488 5346 corporis

291 5418 341 5451 ”
358 5416 516 5474 Joan.
545 5436 645 5487 xu,
670 5421 764 5476 5i.
839 5420 1061 5480 “lCor.
1086 5435 1145 5487 tt,
1171 5422 1259 5477 10.
1333 5421 1379 5453 ’³
1401 5418 1553 5477 Joan.
1583 5437 1659 5489 vr,
1684 5422 1773 5479 69.

1918 5421 2050 5479 ibid.
2070 5420 2160 5476 65.
2234 5419 2418 5474 "ibid.
2448 5435 2561 5483 11v,
2586 5419 2672 5474 10.
2749 5417 2795 5451 ⁸⁸
2823 5417 2951 5473 ibid.
3033 5415 3079 5449 ”
3109 5413 3150 5470 ll
3172 5414 3298 5471 Cor.
3315 5429 3365 5479 ν,
3394 5413 3484 5487 19,

323 5532 579 5605 1ξ)φῦτε
600 5532 719 5605 γὰρ
748 5533 845 5605 γῆ,
876 5544 982 5591 etc.
1020 5533 1334 5591 Corderius.

325 5602 409 5680 l3)
657 5602 766 5658 καῖ
805 5602 860 5680 οι
893 5608 1024 5680 τόν,
1062 5613 1170 5663 etc.
1216 5606 1513 5663 Corderius
1549 5606 1795 5680 Origeni,

219 5672 498 5744 Barbarus
525 5674 752 5744 Didymo
775 5677 984 5729 tribuit.

295 5742 407 5815 (14)
442 5745 527 5798 Οὐ
560 5742 780 5799 ταύτόν
810 5744 1011 5811 λαλιά,
1045 5755 1150 5801 etc.
1190 5746 1413 5802 Scheda:
1444 5747 1653 5806 Grabii.

1982 5536 2092 5608 (15)
2134 5536 2200 5590 '0
2224 5536 2441 5605 Κύριος
2468 5534 2658 5606 ἡμῶν,
2688 5542 2795 5588 etc.
2837 5532 3065 5587 Scheda:
3107 5529 3320 5596 Grabii,
3355 5530 3487 5585 Bar-

1906 5614 2092 5748 ba{i'tisi
2120 5646 2310 5731 Exstat
2368 5680 2472 5732 hoc
2514 5676 2879 5748 fragmentum
2931 5673 2981 5727 in
3023 5670 3277 5742 Apologia
3326 5671 3489 5727 Pam-

1907 5746 2040 5822 phili
2072 5746 2324 5819 martyris
2366 5765 2459 5817 pro
2500 5746 2742 5815 Origene.
