3986 6384
562 312 706 372 1245
1465 359 1468 364 .
1937 313 2032 370 EX
2070 313 2116 370 Ο

2225 313 2374 371 :ENE
2595 359 2604 373 .
3679 304 3820 360 ω*

553 433 636 486 sui
677 451 690 488 :
725 445 836 486 non
867 428 1014 486 enim
1043 428 1188 486 ultra
1211 437 1331 487 erat
1363 429 1626 502 possibile
1663 430 1718 487 id
1751 434 2026 504 progredi.
2066 433 2172 491 Sed
2201 434 2320 490 haec
2357 432 2432 489 illi
2473 431 2550 488 ita
2580 430 2823 488 sentiunt
2859 444 2960 500 pro
2991 443 3058 486 eo
3096 425 3239 498 quod
3275 423 3590 497 allegoriam
3630 429 3820 481 nolunt

555 523 620 605 in
645 523 928 592 Scriptura
964 524 1148 580 divina
1193 525 1460 596 recipere,
1493 535 1549 583 et
1573 526 1696 583 ideo
1741 542 1894 599 pura:
1939 529 2180 586 historiae
2219 529 2611 596 deservientes,
2658 525 2965 624 huiusmodi
2991 523 3285 624 fabulast-at
3311 523 3564 624 ﬁgmenta

555 603 708 671 nunt.
737 616 844 674 Nos
872 631 1002 674 vero
1031 617 1390 689 deprecamur
1421 619 1870 690 omnipotentiam
1911 620 2026 688 Dei,
2057 629 2117 677 ut
2147 636 2246 678 nos
2277 621 2533 694 dignetur
2559 621 2766 686 audire,
2798 627 2854 676 et
2884 625 3094 675 secreta
3131 616 3287 672 nobis
3325 612 3582 685 spiritalis
3612 611 3818 668 intelli-

555 711 750 782 gentiae
778 712 1035 782 dignetur
1065 714 1303 784 aperire.
1329 713 1484 780 Quod
1515 724 1702 784 ergo‘a
1740 715 1898 772 nonis
1934 717 1987 772 in
2023 717 2126 773 hoc
2169 717 2292 774 loco
2325 718 2579 785 sentitur,
2609 717 2712 772 hoc
2743 721 2828 771 est
2855 732 2870 769 :
2899 731 2918 767 ι
2948 711 3007 812 in
3043 711 3157 768 sole
3185 704 3814 812 posuit-tabernaculum

555 817 735 857 suum.
772 821 792 855 ι
826 803 1020 871 Quaero
1047 806 1176 875 quid
1203 804 1272 860 sit
1301 805 1710 861 tabernaculum
1740 807 1972 875 Christi,
1997 817 2050 863 et
2084 823 2205 880 quae
2229 809 2300 864 sit
2328 809 2616 875 habitatio,
2651 808 2706 863 in
2751 820 2855 876 qua
2896 801 3303 860 tabernaculum
3341 797 3542 856 Christi
3573 795 3815 851 colloca-

553 903 663 952 tur.
698 895 974 955 Habitatio
1007 899 1338 955 tabernaculi
1371 900 1577 955 Christi
1606 901 1684 956 sol
1716 916 1837 958 esse
1879 904 2096 958 dicitur.
2137 903 2574 962 Taberuaculum
2604 918 2735 960 vero
2780 899 2980 957 Christi
3021 897 3316 998 Ecclesium
3345 894 3609 998 intelligo.
3629 889 3814 998 Δειοιειιι

552 998 734 1045 autem
761 1004 929 1062 quem
965 992 1128 1047 alium
1162 994 1366 1050 sentire
1394 993 1584 1060 debeo,
1617 995 1720 1051 nisi
1753 996 1881 1052 illud
1930 1003 2111 1055 lumen
2150 1014 2333 1054 verum
2375 999 2522 1070 quod
2555 998 2822 1054 illuminat
2857 1009 3072 1052 omnem
3115 993 3386 1090 hominem
3417 991 3813 1090 venientia-uin

553 1077 1029 1154 huncumundum?
1065 1081 1248 1151 lpsum
1277 1083 1436 1138 video
1456 1084 1625 1139 solem
1660 1085 1726 1140 de
1767 1101 1874 1156 quo
1907 1087 2112 1143 dictum
2147 1099 2231 1146 est
2258 1092 2300 1157 ί,
2330 1091 2456 1160 quia
2513 1109 2532 1142 ‹
2565 1090 2876 1146 timentibus
2920 1100 3112 1144 nomen
3147 1084 3359 1141 Domini
3394 1081 3607 1139 orietur
3632 1080 3720 1136 sol
3738 1079 3818 1148 ju-

551 1175 733 1241 stitle,
764 1181 819 1229 ct
842 1172 1048 1230 sanitas
1074 1175 1127 1230 in
1168 1175 1269 1231 alis
1295 1176 1432 1245 ejus.
1476 1195 1496 1230 ›
1529 1176 1585 1232 lu
1629 1179 1746 1234 sole
1787 1194 1916 1254 ergo
1942 1183 2120 1251 posuit
2168 1183 2574 1240 tabernaculum
2618 1199 2796 1249 suum,
2823 1183 2874 1238 id
2900 1189 2984 1238 est
3020 1176 3484 1276 in_sole-justitiae
3512 1173 3815 1276 Ecclesium

550 1278 703 1320 suam
732 1264 1037 1323 collocavit.
1066 1265 1123 1320 lu
1150 1266 1240 1323 illo
1264 1270 1410 1324 enim
1445 1270 1560 1326 sole
1590 1271 1830 1327 Ecclesia
1871 1275 2136 1331 collocata
2171 1284 2277 1343 est,
2304 1277 2394 1346 qui
2419 1277 2560 1333 diem
2583 1284 2848 1332 aeternum
2874 1273 3025 1341 iacit,
3056 1270 3196 1328 sicut
3219 1269 3421 1326 dictum
3441 1276 3526 1325 est
3547 1269 3569 1301 '
3601 1283 3619 1322 :
3651 1285 3675 1320 ε
3707 1265 3817 1320 Erit

551 1357 650 1416 tibi
687 1359 946 1416 Dominus
974 1359 1063 1415 lux
1095 1371 1320 1432 aeterna,
1357 1372 1412 1420 et
1446 1365 1589 1422 Deus
1617 1366 1786 1438 gloria
1816 1375 1930 1426 tua.
1969 1388 1989 1422 ι

618 1555 786 1613 Vsus.
825 1556 880 1612 6.
932 1554 1004 1612 Et
1044 1558 1154 1628 ipse
1194 1568 1444 1630 tanquam
1490 1579 1711 1634 sponsus
1740 1570 2026 1634 procedens
2065 1571 2120 1628 de

2303 1572 2412 1628 Kal
2439 1569 2622 1636 αὐτὸς
2669 1568 2750 1636 ὡς
2786 1566 3045 1637 νυμφίος
3087 1563 3558 1633 ἐκπορευόμενος
3595 1563 3672 1616 ὲκ
3712 1579 3814 1616 αα-

551 1648 787 1704 thalamo
818 1666 936 1719 suo,
965 1660 1072 1708 etc.
1108 1652 1387 1722 Tanquam
1440 1670 1674 1726 sponsus
1727 1669 1810 1714 est
1857 1660 2120 1722 Christus.

2233 1663 2384 1717 στοῦ
2418 1659 2625 1724 αὑτοῦ,
2661 1676 2715 1724 κ,
2748 1675 2802 1711 τ.
2830 1657 2876 1710 ἒ.
2921 1658 3008 1720 Ὠς
3041 1655 3273 1727 νυμφίος
3304 1655 3448 1707 ἐστὶν
3475 1650 3589 1726 (17)
3628 1655 3660 1705 ὁ
3685 1653 3811 1724 Χρι-

555 1758 576 1793 ι
606 1739 708 1808 Qui
739 1742 882 1798 enim
911 1743 1095 1811 habet,
1123 1745 1296 1815 inquit
1325 1747 1368 1814 ',
1402 1762 1679 1818 sponsam,
1707 1764 1936 1820 sponsus
1963 1765 2065 1810 est.
2107 1777 2120 1810 ι

2235 1753 2388 1816 στός·
2430 1771 2450 1803 ι
2498 1752 2556 1805 Ὁ
2611 1750 2721 1830 γᾴρ
2774 1748 2932 1819 ἔχων,
2965 1746 3119 1818 φησι,
3181 1746 3279 1817 τὴν
3311 1745 3530 1850 νύμφην
3578 1743 3809 1850 νυμφίος

550 1832 864 1890 Secundum
914 1837 1371 1907 pulchritudinem
1433 1842 1680 1898 imitatur
1749 1859 2005 1915 sponsum
2065 1849 2120 1906 de

2233 1843 2369 1898 ἐστί.
2409 1863 2428 1896 ι
2465 1842 2624 1896 Κατὰ
2666 1841 2725 1895 τὸ
2752 1839 2946 1902 κάλλος
2975 1840 3220 1909 μιμεῖται
3249 1836 3475 1908 νυμφίον
3510 1838 3576 1888 ἐκ
3605 1837 3810 1889 παστά-

547 1924 790 1980 tbalamo
811 1929 1196 1996 procedentem
1223 1945 1344 1986 cum
1370 1931 1539 1986 multo
1575 1933 1793 1994 decore.

2229 1936 2318 1999 δος
2350 1933 2488 2006 μετὰ
2516 1932 2715 2003 πολλῆς
2749 1931 3100 2002 εὐπρεπείας.

618 2015 782 2072 Vsus.
806 2017 860 2084 8,
891 2018 946 2084 9,
985 2019 1072 2076 10.
1121 2018 1228 2076 Lex
1267 2021 1478 2079 Domini
1524 2025 1866 2082 immaculata
1914 2045 2132 2083 conver-

545 2118 659 2164 tens
683 2111 894 2165 animus
919 2128 940 2176 ;
970 2114 1330 2168 testimonium
1359 2114 1568 2170 Domini
1599 2117 1772 2186 fidele,
1816 2121 2130 2188 sapientiam

543 2210 803 2269 prwstans
835 2203 1068 2271 parvulis
1093 2220 1113 2269 ;
1138 2203 1366 2273 justitia:
1397 2205 1615 2262 Domini
1651 2220 1820 2279 rectm,
1855 2211 2132 2281 lmtiﬁcan-

542 2299 618 2346 tes
644 2293 852 2360 corda;
899 2305 1215 2364 praeceptum
1259 2297 1472 2352 Domini
1509 2299 1768 2367 lucidum,
1823 2303 2130 2360 illuminant

541 2383 742 2439 oculos.
769 2383 947 2439 Timor
969 2385 1180 2442 Domini
1201 2401 1400 2454 castus,
1425 2399 1531 2462 etc.
1556 2391 1668 2448 Lex
1699 2394 1982 2464 spiritalis,
2011 2411 2131 2466 qua:

538 2474 673 2530 viris
695 2475 1072 2546 spiritualibus
1093 2480 1392 2548 expiationi
1424 2491 1528 2549 est,
1555 2486 1832 2540 convertit
1862 2487 2126 2542 animam.

538 2564 936 2623 Testimonium
975 2569 1186 2625 Domini
1234 2582 1411 2642 potest
1454 2587 1576 2630 esse
1619 2573 1823 2630 Christi
1861 2576 1915 2631 in
1966 2593 2129 2634 cruce

539 2658 889 2728 martyrium,
928 2661 1070 2728 quod
1128 2661 1338 2716 Domini
1391 2663 1755 2720 testimonium
1793 2680 1918 2722 cum
1970 2666 2129 2724 ﬁdele

541 2750 633 2816 sit,
661 2749 986 2820 sapientiam
1028 2762 1249 2822 praestat
1298 2755 1558 2824 parvulis.
1608 2755 1839 2813 Justitiae
1889 2757 2126 2830 Domini,

540 2857 662 2914 quae
685 2844 964 2902 continent
988 2847 1278 2918 justitiam,
1303 2864 1460 2906 suum
1489 2851 1707 2908 cuilibet
1731 2868 1828 2924 pro
1861 2854 2127 2927 dignitate

2314 2026 2376 2080 Ὀ
2405 2028 2588 2094 νόμος
2626 2023 2730 2078 τοῦ
2758 2023 2979 2091 Κυρίου
3007 2021 3264 2091 ἄμωμος,
3295 2017 3682 2088 ἐπιστρέφων
3703 2021 3810 2086 φυ-

2230 2119 2344 2190 χάς
2364 2137 2377 2150 ·
2409 2121 2446 2188 ὴ
2469 2119 2765 2189 μαρτυρία
2797 2117 3020 2186 Κυρίου
3079 2113 3287 2178 πιστὴ,
3324 2112 3667 2182 σοφίζουσα
3709 2110 3810 2176 νή-

2230 2229 2362 2268 πια·
2395 2213 2468 2267 τὰ
2494 2212 2853 2282 δικαιώματα
2899 2208 3121 2276 Κυρίου
3162 2207 3370 2270 εὐθέα,
3408 2205 3808 2274 εὐφραίνοντα

2230 2305 2482 2374 καρδίαν
2501 2321 2514 2334 ·
2571 2305 2610 2372 ἠ
2641 2302 2857 2370 ἐντολὴ
2880 2300 3100 2368 Κυρίου
3120 2296 3443 2368 τηλαυγὴς,
3475 2293 3809 2364 φωτίζουσα

2231 2396 2594 2468 ὀφθαλμούς.
2640 2395 2692 2448 '0
2715 2395 2899 2465 φόϐος
2949 2392 3171 2460 Κυρίου
3201 2389 3409 2460 ἁγνὸς,
3452 2405 3510 2441 κ.
3562 2405 3618 2439 τ.
3653 2388 3702 2440 ἑ.
3747 2387 3803 2439 '0

2230 2486 2597 2558 πνευματικὸς
2628 2486 2790 2556 νόμος
2812 2483 2923 2556 (18)
2953 2485 3066 2546 τοῖς
3087 2481 3481 2551 πνευματικοῖς
3507 2477 3806 2547 καθάρσπ

2228 2578 2545 2650 ἐπιστρέφει
2571 2577 2768 2649 ψυχήν.
2817 2575 2882 2628 Ἦ
2918 2573 3191 2647 μαρτυρία
3223 2571 3428 2644 Κυρίου
3458 2569 3682 2624 δύναται
3713 2566 3805 2620 τοῦ

2229 2670 2466 2742 Χριστοῦ
2493 2672 2551 2724 ὲν
2578 2669 2655 2740 τῷ
2680 2667 2897 2740 σταυρῷ
2933 2667 3231 2738 μαρτύριον
3260 2659 3418 2728 εἶναι,
3444 2663 3480 2734 ἡ
3508 2660 3674 2733 πιστὴ
3715 2659 3804 2713 τώ

2228 2762 2432 2834 Κυρίου
2457 2760 2732 2834 μαρτυρία
2756 2761 2880 2824 τοὺς
2901 2757 3128 2830 νηπίους
3155 2756 3463 2825 σοφίξουσα,
3486 2753 3566 2807 Τὰ
3586 2751 3807 2806 δικαιώ-

2231 2873 2376 2929 ματα
2402 2855 2629 2926 Κυρίου,
2665 2853 2701 2907 ἃ
2727 2851 2969 2922 περιέχει
2992 2848 3338 2918 δικαιοσύνην
3376 2849 3476 2918 τῆς
3505 2845 3641 2916 πρὸς
3670 2846 3804 2898 ἕκα-

544 2935 915 3005 retrihuendo,
945 2947 1074 2994 sunt
1112 2939 1325 2995 Domini
1369 2941 1422 2997 in
1477 2942 1594 3014 lege
1636 2923 1752 3015 ejus
1779 2923 2120 3014 juslilicatio-

2229 2923 2353 3002 στον
2383 2923 2505 3001 κατξ
2538 2945 2695 3010 ἀξίαν
2732 2943 3060 3005 ἀποδόσεως,
3103 2941 3196 2994 τοῦ
3227 2941 3522 3013 Κυρίου³ὲν
3548 2939 3626 3008 τῷ
3648 2940 3804 3010 νόμῳ

539 3040 659 3093 nes,
690 3027 774 3084 vel
809 3029 913 3084 illae
949 3045 1070 3101 quae
1111 3032 1178 3086 ad
1225 3032 1344 3103 ejus
1376 3049 1502 3104 erga
1541 3037 1834 3106 quemlibet
1859 3041 2129 3109 guberna-

540 3118 743 3176 tionem
777 3131 1062 3192 spectant:
1090 3123 1170 3180 hze
1207 3126 1350 3180 enim
1388 3127 1674 3184 intellectae
1704 3145 1800 3187 cor
1829 3132 2124 3189 laetificant.

539 3207 876 3282 Praeceptum
922 3214 1132 3271 Domini
1177 3216 1230 3271 iu
1273 3219 1453 3288 specie
1492 3228 1575 3274 est
1620 3231 1949 3293 praeceptum
1992 3225 2125 3296 legis

539 3305 828 3372 generalis.
873 3305 986 3361 iloc
1033 3319 1214 3364 autem
1264 3324 1371 3365 non
1419 3313 1652 3380 occulte,
1699 3316 1794 3369 sed
1841 3317 2015 3387 palam
2061 3333 2127 3373 ac

539 3394 688 3451 clare
728 3397 1126 3469 promulgatur,
1173 3407 1227 3455 et
1273 3402 1600 3458 custoditum
1644 3407 1805 3461 animi
1845 3409 2030 3464 oculos
2064 3409 2127 3463 il-

538 3482 792 3544 luminat.
827 3506 846 3540 ι
883 3487 1069 3544 Timor
1096 3489 1312 3546 Domini
1340 3503 1544 3550 castus.
1577 3514 1596 3548 ι
1629 3495 1702 3550 Ex
1729 3497 1794 3553 iis
1815 3499 1906 3568 qui
1939 3501 2126 3556 viden-

539 3584 630 3632 tur
659 3577 1086 3637 limere'animae
1122 3583 1438 3650 Dominum,
1493 3587 1584 3641 alii
1627 3589 1846 3658 quidem
1891 3593 2125 3649 scientes

537 3673 605 3728 dc
636 3675 829 3743 quibus
881 3676 1175 3732 timendum
1206 3679 1368 3750 615
1408 3681 1500 3750 sit,
1543 3682 1816 3740 declinant
1850 3703 1880 3741 a
1914 3688 2068 3743 malis
2104 3708 2118 3746 :

535 3779 663 3818 nam
717 3765 912 3821 timore
973 3769 1180 3824 Domini
1224 3773 1399 3827 omnis
1446 3774 1683 3829 declinat
1731 3791 1762 3831 a
1809 3779 1982 3846 malo;
2030 3783 2120 3838 alii

534 3866 669 3908 vero
721 3869 826 3909 non
878 3855 1078 3912 habent
1116 3875 1300 3916 verum
1351 3863 1563 3918 Domini
1619 3865 1890 3923 timorem.
1927 3869 2122 3927 Castus

537 3947 680 4001 enim
711 3955 816 4011 est,
851 3958 905 4004 et
929 3950 1136 4008 fructus
1174 3955 1292 4024 ejus
1314 3967 1535 4014 manent
1557 3958 1610 4012 in
1638 3959 1892 4014 smcnlum
1916 3965 2118 4021 saeculi.

607 4035 882 4105 Ejusdem.
921 4059 941 4093 ι
972 4041 1083 4098 Lex
1121 4044 1332 4101 Domini
1378 4048 1724 4103 immaculata
1754 4088 1769 4115 ,
1797 4060 2119 4107 convertens

535 4125 770 4186 animas.
816 4149 836 4182 ι
869 4130 1121 4202 Nunquid
1143 4151 1172 4189 a
1195 4137 1328 4192 vitio
1358 4139 1426 4192 ad
1461 4139 1736 4206 virtutem,
1765 4143 1845 4196 vel
1881 4159 1912 4198 a
1943 4149 2123 4203 sensi-

529 4215 733 4274 hilibus
784 4221 850 4275 ad
907 4221 1296 4280 intellectualia
1355 4229 1657 4284 convertit?
1704 4231 1771 4286 Et
1822 4233 1926 4290 hoc
1979 4233 2119 4292 forte

527 4322 718 4366 verum
747 4321 854 4370 est.
887 4313 1044 4370 Prius
1078 4317 1223 4372 enim
1260 4334 1290 4373 a
1322 4323 1574 4377 mandato
1603 4325 1741 4380 solet
1769 4325 1928 4382 ellici.
1961 4329 2111 4401 Moy-

528 4401 606 4457 sis
635 4400 720 4458 lex
749 4405 1112 4464 diversimode
1165 4411 1494 4470 nominatur.
1528 4417 1592 4471 Et
1638 4428 1862 4474 vocatur
1893 4400 2110 4490 quidem

528 4491 617 4548 lex
640 4503 894 4565 tanquam
943 4500 1252 4568 reipublicae
1304 4513 1504 4560 statunt
1539 4508 1832 4575 ordinans;
1871 4512 2114 4567 testimo-

529 4584 702 4653 nium,
755 4588 917 4644 veluti
967 4596 1468 4662 prmvaricationem
1509 4603 1807 4658 testificaris
1839 4612 1894 4657 et
1931 4614 2110 4660 trans-

527 4677 823 4746 gressionis
874 4683 1168 4741 vindictam
1210 4691 1539 4758 ostendens;
1566 4691 1814 4762 justitize,
1866 4699 2008 4766 quod
2041 4698 2108 4751 ad

526 4765 811 4824 honesutm
846 4786 1120 4843 provocet,
1155 4788 1210 4834 et
1267 4781 1522 4850 injuslum
1559 4765 2109 4858 prohibeataprmce-

524 4867 764 4928 ptum,eo
801 4865 944 4932 quod
969 4869 1096 4936 quid
1126 4871 1393 4940 agendum
1429 4874 1500 4930 sit
1536 4876 1967 4948 praecipitatque
2004 4881 2108 4934 Do-

523 4952 657 5006 mini
690 4971 838 5012 more
877 4959 1138 5030 imperat;
1188 4963 1388 5034 judicia
1426 4976 1626 5034 autem,
1663 4970 1803 5040 quod
1855 4974 2108 5028 ostendat

522 5041 722 5110 quibus
777 5045 933 5100 bonis
978 5051 1286 5120 perfruetur
1309 5057 1403 5124 qui
1441 5072 1560 5111 eam
1594 5061 1850 5127 cuswdit,
1883 5063 2109 5131 quibus-

522 5147 629 5202 que
661 5137 939 5204 suppliciis
991 5143 1256 5211 plectetur
1284 5149 1374 5214 qui
1415 5152 1831 5221 transgreditur.
1861 5152 1971 5209 Lex
2005 5155 2105 5226 igi-

525 5231 612 5276 tur
643 5225 852 5281 Domini
887 5229 1230 5288 imntaculata
1259 5251 1379 5291 cum
1405 5242 1495 5308 sit,
1529 5243 1798 5299 convertit
1825 5244 2103 5300 hominum

520 5316 751 5374 animas.

595 5437 612 5468 ¹
635 5437 871 5500 Malach.
903 5461 977 5512 tv,
1004 5445 1057 5500 2.
1133 5448 1294 5510 'lsa.
1319 5468 1409 5520 ιι,
1438 5453 1525 5510 l9.
1602 5455 1623 5487 ³
1643 5455 1798 5512 Joan.
1824 5466 1903 5523 ut,
1927 5458 2019 5516 29.

620 5549 704 5627 ίῖ)
743 5552 838 5627 ἶῼς
872 5559 1133 5627 νυμφίος
1159 5562 1350 5624 ἐστίν,
1381 5572 1488 5622 ειε.
1525 5563 1753 5620 Schedae
1786 5565 1995 5624 Grahii.

749 5620 1236 5702 Porrevjtar'mdc
1259 5620 1598 5702 νόμοςίειε.
1637 5620 1954 5692 Corderius.

593 5691 706 5764 (19)
743 5691 1003 5766 Πότερονῖ
1030 5701 1148 5756 ἀπὸ
1170 5691 1535 5772 xbxzd¢,’etc.
1565 5705 1792 5763 Schedae
1815 5691 2022 5764 Grahii.

2227 3039 2392 3095 αὐτοῦ
2426 3041 2550 3093 ἐστι⁷
2569 3037 2935 3110 δικαιώματα,
2961 3035 2993 3107 ἢ
3023 3035 3090 3088 τὰ
3125 3033 3250 3104 περὶ
3281 3034 3382 3104 τὴν
3407 3035 3545 3111 πρὸς
3566 3031 3806 3086 ἕκαστον

2226 3130 2390 3185 αὐτοῦ
2431 3129 2774 3201 οἰκονομίαν·
2836 3127 3007 3181 ταῦτα
3058 3125 3167 3197 γὰρ
3212 3124 3473 3195 νοηθέντα
3520 3123 3803 3194 εὐφραίνει

2227 3222 2476 3295 καρδίαν.
2533 3223 2598 3274 Ἡ
2639 3218 2827 3291 ἐντολὴ
2871 3218 3074 3289 Κυρίου
3117 3217 3174 3268 ὲν
3208 3215 3336 3268 είδει
3376 3212 3590 3282 γενικοῦ
3631 3214 3800 3282 νόμου

2225 3314 2372 3366 ἐστιν
2437 3311 2624 3383 ἐντολή
2671 3327 2685 3342 ο
2755 3311 2816 3364 ού
2861 3309 3253 3381 κεκρυμμένως
3305 3305 3363 3359 δὲ
3425 3303 3563 3375 αὕτη
3592 3346 3608 3371 ,
3663 3302 3802 3356 ἀλλὰ

2224 3405 2508 3478 τηλαυγῶς
2529 3404 2769 3472 λέγεται,
2798 3403 2892 3456 καὶ
2924 3401 3260 3471 φυλαχθεῖσα
3292 3397 3512 3470 φωτίζει
3552 3399 3679 3457 τοὺς
3706 3398 3800 3467 τῆς

2223 3497 2400 3568 ψυχῆς
2434 3494 2762 3566 όφθαλμούς.
2804 3512 2822 3545 ι
2872 3493 2930 3546 '0
2970 3492 3134 3562 φόϐος
3164 3489 3368 3562 Κυρίου
3397 3488 3586 3557 thyi/64'
3631 3509 3652 3539 ι
3691 3488 3800 3540 τῶν

2223 3587 2520 3641 δοκούντων
2551 3585 2832 3657 φοϐεῖσθαι
2885 3585 2984 3656 τῆς
3029 3583 3204 3654 ψυχῆς
3246 3583 3337 3635 τὸν
3364 3581 3566 3653 Κύριον
3595 3580 3646 3633 oi
3703 3581 3799 3650 μὲν

2224 3679 2424 3742 εἰδότες
2455 3679 2581 3750 περὶ
2609 3671 2683 3730 ὧν
2710 3675 2987 3746 φοϐεῖσθαι
3010 3675 3110 3741 δεῖ,
3133 3674 3435 3728 ἐκκλίνουσι
3459 3671 3567 3725 τῶν
3587 3671 3793 3725 κακῶν·

2222 3768 2298 3840 τῷ
2315 3769 2422 3840 γὰρ
2440 3768 2588 3837 φόϐῳ
2609 3767 2812 3837 Κυρίου
2832 3764 3068 3818 ἐκκλίνει
3097 3765 3205 3828 πᾶς
3225 3765 3332 3817 ἀπὸ
3345 3761 3536 3817 κακοῦ
3559 3763 3608 3814 oi
3625 3761 3684 3815 δὲ
3700 3763 3798 3815 οὐκ

2223 3859 2402 3930 ἔχουσι
2427 3859 2516 3912 τὸν
2549 3857 2762 3929 ἀληθῶς
2791 3857 2952 3924 φόϐον
2998 3857 3226 3927 Κυρίου.
3269 3854 3451 3924 Ἀγνὸς
3488 3853 3599 3925 γὰρ
3618 3849 3793 3918 οὗτος,

2218 3948 2316 4002 καὶ
2355 3947 2404 3999 οἱ
2452 3947 2653 4019 καρποὶ
2677 3945 2844 4001 αὐτοῦ
2885 3945 3230 4016 διαμένουσιν
3270 3946 3349 4007 εἰς
3379 3944 3551 3999 αίῶνα
3578 3944 3796 4009 αἰῶνος.

2299 4059 2410 4113 Τοῦ
2440 4059 2646 4114 αὑτοῦ.
2686 4077 2704 4110 ι
2749 4059 2808 4110 ’0
2835 4058 2997 4128 νόμος
3025 4057 3227 4128 Κυρίου
3261 4057 3506 4127 ἄμωμος,
3548 4055 3797 4126 ἐπιστρέ-

2223 4169 2336 4221 φων
2359 4151 2556 4222 ψυχάς.
2597 4171 2615 4204 ι
2672 4152 2905 4224 Πότερον
2938 4150 3046 4204 ἀπὸ
3079 4149 3274 4213 κακίας
3309 4148 3416 4220 (l9)
3453 4150 3796 4220 ἐπιστρέφων

2145 4267 2186 4326 C
2223 4243 2374 4314 πρὸς
2393 4243 2489 4315 τὴν
2519 4243 2740 4316 ἀρετὴν,
2771 4245 2804 4314 ἢ
2830 4241 2936 4296 ἀπὸ
2957 4241 3064 4294 τῶν
3089 4240 3360 4312 αίσθητῶν
3386 4243 3479 4294 ἐπὶ
3503 4241 3575 4293 τὰ
3593 4239 3793 4311 veneti;

2219 4335 2330 4388 Kal.
2355 4335 2496 4405 τάχα
2519 4335 2694 4388 τοῦτο.
2739 4333 2812 4386 Τὸ
2836 4333 2944 4404 γὰρ
2991 4332 3254 4405 πρότερον
3292 4336 3323 4404 ἡ
3356 4331 3542 4404 ἐντολὴ
3585 4333 3792 4402 πέφυκε

2220 4429 2410 4480 ποιεῖν.
2454 4428 2509 4480 '0
2539 4425 2633 4480 τοῦ
2665 4425 2940 4488 Μωῦσέως
2969 4423 3131 4494 νόμος
3153 4425 3421 4497 διαφόρως
3449 4423 3790 4495 ὀνομάζεται.

2217 4517 2446 4587 Λέγεται
2492 4517 2600 4590 γὰρ
2646 4519 2827 4590 νόμος,
2879 4519 2954 4583 ὼς
2997 4519 3092 4590 τὴν
3139 4517 3408 4570 πολιτείαν
3465 4516 3742 4586 ῥυθμίζων
3771 4531 3789 4548 ⁶

2221 4612 2514 4685 μαρτυρία,
2562 4614 2643 4666 ὃτι
2689 4612 3114 4684 διαμαρτύρεται
3157 4611 3222 4665 τὰ
3267 4612 3364 4683 τῆς
3406 4611 3790 4683 παραϐάσεως,

2215 4705 2485 4776 τιμωρίαν
2526 4705 2776 4768 δεικνύς·
2831 4705 3196 4777 δικαιώματα,
3246 4707 3326 4758 ὅτι
3373 4705 3506 4774 πρὸς
3545 4705 3602 4756 τὸ
3629 4705 3794 4758 καλὸν

2215 4795 2535 4867 προτρέπων
2579 4794 2910 4867 ἀπαγορεύει
2959 4795 3019 4848 τὸ
3067 4796 3246 4850 ἄδικον
3281 4811 3294 4824 ·
3345 4794 3564 4865 ἐντολὴ,
3611 4795 3690 4858 ὡς
3731 4796 3790 4848 τὸ

2212 4888 2484 4962 πρακτέον
2537 4888 2870 4952 δεσποτικῶς
2920 4889 3156 4942 κελεύων
3222 4889 3314 4942 καὶ
3365 4889 3784 4961 εἰσηγούμενος·

2212 4976 2474 5046 κρίματα,
2524 4976 2605 5029 ὃτι
2647 4975 2890 5030 δείκνυσι
2941 4976 3102 5030 τίνων
3161 4979 3189 5031 ὁ
3242 4977 3530 5046 φυλάσσων
3570 4978 3789 5047 ἀγαθῶν

2209 5067 2478 5133 τεύξεται,
2517 5068 2610 5122 καὶ
2649 5069 2759 5122 τίσι
2787 5071 3077 5142 τιμωρίαις
3104 5074 3132 5125 ὁ
3171 5071 3522 5142 παραϐαίνων

2209 5159 2451 5229 θήσεται.
2499 5159 2556 5213 Ὀ
2588 5160 2750 5230 νόμος
2773 5157 2884 5226 οὖν,
2919 5163 3073 5234 φησὶ,
3096 5161 3189 5216 τοῦ
3226 5162 3432 5234 Κυρίου
3462 5164 3689 5236 ἄμωμος
3708 5162 3792 5220 ὗεν

2212 5253 2532 5326 ἐπιστρέφει
2562 5255 2662 5320 τὰς
2686 5255 2794 5310 τῶν
2820 5255 3119 5329 ἀνθρώπων
3143 5255 3339 5328 ψυχάς.
