3986 6384
240 323 384 379 1245

1229 324 1541 382 SELECTA
1572 324 1640 382 IN
1672 325 2011 385 PSALMOS.
2048 359 2119 369 --
2159 325 2351 385 PSA]...
2386 328 2529 385 XIX.

3355 319 3494 379 ιεισ

316 432 427 488 Τοῦ
447 433 653 489 αὑτοῦ.
681 454 700 488 ι
741 436 799 490 '0
827 438 991 507 φόϐος
1014 438 1220 511 Κυρίου
1242 441 1424 510 ἁγνὸς,
1442 442 1711 514 διαμένων
1741 445 1818 507 εἰς

1997 445 2270 514 Ejusdem.
2305 463 2323 494 ι
2368 440 2553 497 Timor
2585 442 2797 499 Domini
2844 450 3048 505 castus,
3077 450 3402 511 permanens
3434 437 3489 491 in

236 526 415 579 αἰῶνα
447 526 659 590 αἰῶνος.
710 545 729 579 ι
786 527 1002 598 Ἀγνεία
1049 531 1196 585 ἐστὶν
1240 532 1352 604 (20)
1406 520 1818 605 ἁμαρτημάτων

236 617 440 688 ἀποχὴ,
462 620 555 671 καὶ
578 619 606 671 ό
629 618 790 688 φόϐος
812 621 995 689 ἁγνὸς,
1020 622 1094 685 ὡς
1124 623 1320 690 ἁγνοὺς
1353 622 1522 677 ποιῶν
1542 640 1555 653 ·
1612 623 1689 695 τῷ
1708 623 1818 695 γὰρ

238 708 391 779 φόϐῳ
417 709 622 779 Κυρίου
651 710 888 765 ἐκκλίνει
916 714 1023 777 πᾶς
1044 715 1151 767 ἀπὸ
1178 714 1374 768 κακοῦ.
1411 717 1638 780 Αίὼνιος
1662 717 1718 770 δὲ
1741 717 1817 772 ὢν

235 802 267 854 6
305 800 487 869 φόϐος,
524 802 617 855 καὶ
638 802 886 867 αἰωνίους
917 798 998 868 οἷς
1022 803 1087 858 ἂν
1113 806 1334 877 γένηται
1362 810 1523 860 ποιεῖ.
1550 807 1818 861 Εύλάϐεια

237 894 335 946 καὶ
375 895 404 946 6
432 893 523 947 τοῦ
546 892 681 947 Θεοῦ
723 895 886 962 φόϐος
916 896 1023 950 τῶν
1050 897 1283 951 αἰωνίων
1308 899 1528 967 ἀγαθῶν
1573 898 1821 971 προξενεῖ

237 986 337 1055 τὴν
360 986 676 1041 ἀπόλαυσιν.
702 987 939 1051 Είκότως
965 988 1022 1041 δὲ
1046 989 1074 1041 6
1094 988 1186 1042 τοῦ
1212 989 1346 1043 Θεοῦ
1370 990 1533 1061 φόϐος
1559 990 1720 1058 ἁγνός
1738 1004 1754 1021 ·
1790 992 1819 1044 6

236 1076 349 1147 γὰρ
378 1076 719 1150 ἀνθρώπινος
758 1079 1006 1150 ψέγεται,
1042 1082 1135 1137 καὶ
1160 1081 1360 1147 δειλίας
1391 1082 1502 1153 ἔχει
1542 1062 1817 1155 προσηγοέ

240 1167 366 1238 ρίαν
382 1210 395 1223 .

310 1260 423 1315 Kal
452 1261 562 1331 γὰρ
597 1264 630 1316 ό
650 1262 871 1331 δοῦλός
898 1280 1014 1319 σου
1046 1264 1351 1333 φυλάσσει
1377 1265 1548 1332 αὐτὰ,
1609 1283 1663 1319 κ.
1684 1283 1734 1319 τ.
1767 1266 1815 1321 ἐ.

238 1353 305 1405 El
333 1354 362 1404 6
394 1352 579 1418 δοῦλος
600 1354 710 1425 (21)
736 1354 1019 1424 φυλάσσει,
1054 1360 1082 1411 6
1108 1357 1181 1429 μὴ
1210 1358 1500 1426 φυλάσσων
1523 1359 1583 1411 οὐ
1611 1357 1815 1422 δοῦλος.

238 1443 510 1498 Φυλάσσει
538 1445 595 1498 δὲ
622 1446 691 1499 τὰ
720 1446 1032 1520 ἐπιθυμητὰ
1059 1448 1152 1501 τοῦ
1180 1447 1314 1502 Θεοῦ
1343 1451 1372 1503 6
1412 1448 1696 1520 ἐπιθυμῶν
1719 1450 1818 1502 ούκ

238 1532 369 1588 ἄλλο
401 1536 518 1606 τιῆ
566 1535 725 1590 αὑτά.
781 1538 871 1591 Διὸ
923 1538 1035 1609 ἔχει
1081 1539 1431 1593 ἀνταπόδοσιν
1480 1542 1657 1610 τυχεῖν
1709 1537 1818 1592 τῶν

239 1623 711 1698 ἔπιθυμουμένων.
743 1629 823 1683 Τά
847 1630 1056 1703 φανερὰ
1077 1632 1136 1686 δὲ
1164 1631 1533 1703 κατορθώσας,
1553 1632 1680 1702 περὶ
1709 1630 1818 1684 τῶν

239 1716 486 1786 κρυφίων
509 1716 744 1789 εὔχεται.

1916 536 2172 590 saeculum
2228 533 2429 588 surculi.
2464 551 2485 585 ι
2514 532 2749 588 Castitas
2801 544 2885 589 est
2942 528 3261 588 abstinentia
3294 543 3323 583 a
3361 541 3491 598 pec-

1919 627 2073 691 catis,
2109 636 2164 680 et
2186 626 2349 681 timor
2369 635 2576 690 castus,
2608 626 2810 695 quippe
2835 624 2927 694 qui
2954 633 3133 678 castos
3164 621 3331 677 facit:
3365 633 3490 673 nam

1917 718 2130 774 Domini
2171 720 2366 774 timore
2400 719 2628 788 quilibet
2681 734 2711 771 a
2761 718 2902 772 malo
2932 715 3185 771 declinat.
3229 712 3491 768 Aﬂternus

1917 821 2100 864 autem
2141 824 2263 864 cum
2303 809 2374 863 sit
2415 810 2596 874 timor,
2647 818 2879 862 a'ternos
2927 819 3142 875 quoque
3175 804 3347 873 ipsum
3394 802 3494 856 ba-

1915 902 2107 957 bentcs
2152 900 2332 955 eﬂicit.
2375 900 2696 958 Reverentia
2749 908 2802 954 et
2854 898 2946 953 Dei
3006 898 3167 952 timor
3223 896 3491 949 bonorum

1917 1004 2248 1049 aeternorum
2279 994 2516 1048 fructum
2550 992 2711 1062 parit.
2748 990 2939 1045 Merito
2976 998 3151 1043 autem
3203 988 3298 1042 Dei
3331 987 3494 1040 timor

1918 1096 2099 1141 castus
2140 1096 2267 1141 est:
2306 1087 2575 1141 humanus
2626 1084 2770 1139 enim
2819 1083 3129 1147 damnatur,
3187 1088 3242 1134 et
3291 1077 3491 1134 timidi-

1920 1177 2047 1232 tatis
2090 1177 2351 1232 voeabqu
2381 1177 2706 1231 nominatur.

1991 1267 2154 1323 Vens.
2191 1267 2277 1322 12.
2309 1266 2519 1321 Etenim
2551 1283 2728 1321 servus
2756 1276 2880 1320 tuus
2915 1266 3138 1319 custodit
3167 1281 3249 1329 ea,
3284 1274 3392 1319 etc.
3430 1261 3490 1318 Si

1918 1375 2104 1416 servus
2130 1362 2385 1425 custodit,
2420 1360 2511 1429 qui
2560 1374 2667 1413 non
2712 1359 2967 1425 custodit,
3012 1372 3122 1413 non
3153 1365 3238 1412 est
3274 1370 3488 1411 servus.

1917 1451 2161 1508 Custodit
2208 1464 2387 1506 autem
2437 1450 2815 1506 desiderabilia
2863 1448 2980 1516 Dei,
3026 1448 3119 1517 qui
3165 1444 3300 1500 nihil
3346 1444 3492 1499 aliud

1918 1542 2184 1598 desiderat
2216 1551 2410 1611 praeter
2460 1544 2602 1611 ipsa.
2658 1540 2859 1595 Idcirco
2911 1554 3009 1607 pro
3057 1535 3493 1592 remuneratione

1917 1634 2121 1691 obtinet
2168 1648 2233 1690 ea
2290 1648 2409 1703 quae
2470 1632 2820 1691 desideravit.
2883 1631 2984 1698 Qui
3032 1637 3211 1685 autem
3260 1643 3322 1682 ea
3372 1642 3492 1697 qua

1917 1734 2102 1793 aperta
2133 1732 2282 1789 sunt,
2313 1732 2458 1779 recte
2501 1724 2685 1792 gessit,
2733 1737 2833 1793 pro
2872 1720 3099 1776 occultis
3147 1720 3488 1788 deprecatur.

323 1805 466 1861 Ἐὰν
513 1787 603 1878 μήτ
644 1827 765 1879 μου
820 1812 1350 1880 κατακυριεύσωσι,
1413 1812 1545 1867 τότε
1579 1811 1816 1884 ἄμωμος

1994 1814 2152 1870 Vens.
2178 1816 2265 1869 14.
2293 1814 2355 1870 Si
2379 1816 2477 1869 mei
2504 1787 2609 1868 non
2635 1787 2827 1882 fuerint
2849 1812 3129 1876 dominati,
3155 1787 3278 1863 tunc
3303 1810 3493 1863 imma-

238 1897 474 1967 ἔσομαι,
510 1917 563 1954 κ.
596 1918 645 1955 τ.
682 1903 729 1954 ὲ.
771 1902 895 1959 Ἐὰν
925 1905 975 1957 ol
1007 1904 1274 1976 ἀλλότριοι
1309 1904 1420 1976 (22)
1467 1904 1541 1976 μὴ
1572 1922 1815 1959 κατακυ-

240 1989 526 2061 ριεύσωσιν
554 1993 730 2064 ἡμῶν,
752 1995 871 2048 τότε
896 1996 1117 2066 ἄμωμοι
1162 1996 1417 2067 ἐσόμεθα,
1462 1998 1521 2049 οὑ
1552 1996 1816 2067 πρότερον

235 2084 471 2139 τοιοῦτοι
492 2085 661 2149 ὄντες.
691 2088 944 2157 ’Δμωμοι
964 2088 1020 2141 δὲ
1051 2088 1283 2159 ἐσόμεθα
1308 2088 1690 2159 καθαιρόμενοι
1723 2090 1818 2144 καὶ

236 2174 348 2228 ἀπδ
383 2172 643 2247 μεγίστης
673 2176 965 2249 ἁμαρτίας.
1001 2179 1112 2231 Καὶ
1143 2179 1236 2233 τοῦ
1286 2180 1382 2251 μὲν
1436 2179 1601 2250 μηδὲν
1656 2180 1817 2249 ἁγνὸν

236 2267 649 2338 προφερομένου
682 2269 747 2321 ὲκ
792 2269 884 2323 τοῦ
922 2270 1054 2323 ἰδίου
1090 2270 1357 2341 στόματος
1385 2270 1451 2324 τὰ
1483 2270 1637 2339 λόγια
1669 2271 1816 2323 ἔσον-

237 2373 327 2409 ται
360 2358 439 2420 είς
471 2356 734 2424 εὐδοκίαν,
759 2359 852 2412 ἆτε
878 2360 1185 2429 ἀνοίγοντος
1216 2360 1277 2412 τὸ
1299 2359 1471 2430 στόμα
1502 2360 1647 2431 μόνῳ
1672 2361 1816 2431 λόγῳ

237 2448 375 2501 Θεοῦ
402 2466 415 2480 ·
441 2447 536 2502 τοῦ
576 2450 633 2503 δὲ
655 2451 897 2504 τοιούτου
923 2454 956 2523 ἡ
1002 2452 1200 2523 μελέτη
1222 2452 1325 2522 τῆς
1354 2451 1577 2522 καρδίας
1605 2451 1691 2504 διὰ
1717 2452 1817 2521 τὴν

239 2540 548 2611 παρρησίαν
573 2540 798 2598 ἐνώπιόν
832 2544 947 2596 ἐστι
969 2544 1062 2596 τοῦ
1094 2543 1249 2609 Θεοῦ,
1282 2544 1342 2596 ού
1369 2543 1497 2596 ποτὲ
1522 2543 1643 2613 μὲν,
1686 2542 1817 2595 ποτὲ

238 2633 298 2686 δὲ
324 2632 408 2696 οὔ,
438 2632 573 2686 ἀλλά
592 2632 680 2687 διὰ
700 2634 918 2697 παντός.
946 2634 1169 2699 Οὐδενὸς
1192 2635 1249 2687 δὲ
1274 2636 1510 2698 ἀνιέντος
1532 2635 1630 2706 τὴν
1658 2635 1816 2705 μελέ-

238 2741 341 2795 την
359 2724 460 2795 τῆς
492 2725 682 2779 ἑαυτοῦ
710 2726 954 2798 καρδίας,
994 2727 1086 2780 καὶ
1111 2725 1199 2781 διὰ
1239 2727 1397 2781 τοῦτο
1452 2726 1815 2799 μολυνομένου

236 2814 606 2888 διαλογισμοῖς
637 2819 909 2889 πονηροῖς,
960 2816 1181 2871 δύναται
1223 2818 1424 2890 μελέτη
1447 2818 1544 2891 τῆς
1591 2817 1815 2890 καρδίας

237 2905 379 2964 εἶναι
406 2910 495 2965 διά
525 2911 724 2975 παντὸς
758 2909 987 2965 ἐνώπιον
1009 2909 1103 2965 τοῦ
1130 2909 1285 2966 Θεοῦ.

812 3221 1106 3276 ΨΑΑΜΟΣ
1130 3220 1230 3276 ιθο.
1330 3208 1337 3216 ’

325 3317 685 3373 Ἐποκούσαι
744 3329 860 3370 σου
902 3315 1117 3383 Κύριος
1168 3315 1238 3368 ἐν
1290 3314 1480 3383 ἡμέρᾳ
1533 3315 1815 3384 θλίψεως,

239 3410 654 3480 ὑπερασπίσαι
682 3421 798 3461 σου
825 3406 890 3460 τὸ
921 3406 1104 3476 ὄνομα
1130 3405 1236 3460 τοῦ
1261 3406 1409 3461 Θεοῦ
1445 3407 1649 3462 Ἰακώό
1664 3425 1678 3439 ·
1723 3409 1820 3474 ἐξ·

240 3481 598 3559 “catellas
629 3513 725 3554 σοι
750 3498 1041 3564 ,ϐοήθειαν
1070 3498 1139 3563 ἐξ
1164 3498 1357 3567 ἁγίου,
1415 3497 1513 3551 καὶ
1546 3498 1615 3551 ἐκ
1665 3499 1820 3553 Σιὼν

239 3593 616 3651 ἀντιλάϐοιτό
669 3605 807 3655 σου,
859 3607 914 3644 κ.
969 3608 1021 3642 τ.
1077 3590 1123 3643 ὲ.
1181 3590 1241 3642 '0
1294 3592 1351 3643 ὲν
1380 3593 1538 3661 στενῇ
1574 3589 1686 3662 (25)
1725 3591 1820 3645 καὶ

240 3684 574 3757 τεθλιμμένη
604 3682 883 3753 τυγχάνων
915 3680 1039 3751 ὁδῷ,
1067 3679 1349 3753 ὲπαγούσῃ
1384 3680 1477 3734 ἐπὶ
1517 3680 1617 3752 τὴν
1649 3680 1817 3754 ζωὴν,

239 3780 461 3841 πάντως
505 3776 537 3848 ἢ
596 3778 655 3831 ὲν
711 3774 875 3828 παντὶ
916 3773 1176 3836 θλίϐεται,
1228 3774 1322 3826 καὶ
1373 3774 1430 3827 ὲν
1476 3772 1659 3844 ἡμέρᾳ
1705 3773 1833 3826 ἐστὶν

240 3870 474 3941 θλίψεως
494 3886 509 3900 ο
544 3868 625 3922 διὸ
656 3867 913 3937 τυγχάνει
943 3866 1043 3937 τῆς
1088 3865 1145 3918 ἐν
1170 3865 1247 3934 τῷ
1284 3863 1645 3918 ὲπακούεσθαι
1672 3864 1820 3918 εὐλο-

239 3961 390 4028 γίας,
419 3954 486 4032 ἧς
530 3956 891 4027 ἀποτυγχάνει
923 3957 951 4008 6
1002 3957 1059 4007 ὲν
1088 3952 1318 4023 πλατείᾳ
1345 3952 1440 4007 ὢν.
1493 3952 1584 4005 Διὸ
1622 3953 1819 4023 μᾶλλον

239 4056 299 4107 ἐν
324 4052 509 4123 ἡμέρᾳ
530 4049 761 4120 θλίψεως
784 4044 925 4103 εἶναι
949 4047 1263 4117 θελήσωμεν
1282 4062 1295 4076 °
1322 4046 1686 4116 ὑπερασπίσει
1712 4045 1819 4118 γὰρ

238 4146 401 4220 ἡμῶν
423 4145 486 4198 τδ
521 4145 690 4215 ὄνομα
709 4141 803 4195 τοῦ
838 4139 973 4194 Θεοῦ
1017 4138 1230 4202 Ἰακὼϐ,
1257 4139 1305 4191 εί
1331 4138 1679 4209 ἐνδυσάμενοι
1723 4137 1820 4209 τὴν

240 4238 545 4295 πανοπλίαν
590 4236 755 4291 αὑτοῦ
807 4235 1070 4305 σταίημεν
1103 4232 1238 4305 πρὸς
1267 4230 1367 4295 τὰς
1420 4230 1696 4301 μεθοδείας
1725 4228 1819 4283 τοῦ

238 4331 511 4389 διαϐόλου.
570 4326 870 4399 Εὐχώμεθα
906 4322 999 4379 οὖν
1030 4324 1249 4387 πάντως
1276 4325 1332 4376 ὲν
1359 4322 1543 4393 ἡμέρᾳ.
1566 4321 1818 4391 θλίψεως,

242 4427 332 4480 ἴνα
358 4420 805 4493 ὲπακουσθῶμεν,
849 4418 1146 4488 ἀγγελικῆς
1181 4418 1215 4488 ἡ
1246 4434 1391 4481 τινος
1435 4416 1688 4487 τοιαύτης
1733 4416 1822 4481 eg-

238 4512 713 4586 αποστελλομένης
737 4513 867 4585 ἡμῖν
899 4511 998 4581 τῆς
1051 4509 1324 4581 βοηθείας,
1374 4509 1408 4581 ἡ
1451 4508 1701 4581 βοηθείας
1725 4506 1819 4561 τοῦ

238 4606 502 4681 Χριστοῦ.
1614 4646 1617 4647 ,

321 4700 431 4755 Τοῦ
468 4697 673 4754 αὐτοῦ.
733 4696 791 4749 Ὀ
826 4695 923 4766 τὴν
958 4692 1147 4764 στενὴν
1178 4692 1290 4762 (24)
1317 4691 1411 4745 καὶ
1454 4690 1819 4761 τεθλιμμένην

239 4790 443 4846 ὁδεύων
466 4790 583 4846 όδὸν
614 4788 700 4842 ἀεί
724 4789 869 4840 ὲστιν
902 4787 959 4839 ὲν
986 4785 1215 4855 θλίψεσι,
1245 4784 1338 4837 καὶ
1390 4782 1678 4853 εὐχόμενος
1710 4784 1822 4835 εἰσ-

242 4883 501 4941 ακούεται
519 4898 534 4913 ο
587 4882 617 4935 6
671 4880 930 4934 πλατεῖαν
963 4877 1083 4931 οὔτε
1112 4874 1368 4937 θλίϐεται,
1391 4872 1515 4927 οὔτε
1539 4873 1815 4927 ἀκούεται.

242 4974 547 5053 Εύχώμεθα
578 4968 671 5028 οῦν
706 4973 765 5026 ὲν
805 4971 1066 5042 θλίψεσιν,
1104 4969 1189 5022 ἵνα
1212 4964 1677 5036 είσακουσώμεθα.
1711 4964 1821 5017 Καὶ

256 5068 505 5134 Ἐζεκίας
532 5066 641 5139 γάρ
668 5066 767 5137 τὴν
793 5064 1078 5134 ἐπιστολὴν
1110 5059 1289 5115 λαϐὼν
1318 5058 1681 5129 Σεναχηρεὶμ,
1728 5056 1822 5109 καὶ

243 5160 306 5213 ὲν
355 5157 433 5229 τῷ
481 5156 595 5228 ναῷ
643 5154 849 5226 ταύτην
897 5153 972 5226 τῷ
1018 5151 1135 5223 Θεῷ
1189 5150 1514 5213 ἐπιδεικνὺς,
1564 5148 1656 5202 τοῦ
1691 5146 1821 5202 λαοῦ

245 5249 389 5321 ὑπὲρ
416 5247 580 5302 αὐτοῦ
615 5247 907 5319 εὐχομένου
941 5243 1289 5315 εἰσηκούσθη.

318 5340 626 5410 Μνησθείη
673 5339 877 5408 πάσης
902 5338 1118 5404 θυσίας
1148 5353 1284 5402 σου,
1336 5350 1435 5389 και
1471 5332 1538 5387 τὸ
1569 5331 1822 5387 ὁλοκαύ-

323 5537 434 5608 (20)
474 5536 703 5608 Ἀγνείιι
752 5534 945 5604 ἐστίν,
996 5543 1106 5591 etc.
1154 5531 1378 5589 Scliedse
1413 5529 1642 5597 Grabii,
1694 5528 1830 5583 Bar-

247 5611 438 5747 batrgts
457 5678 527 5730 Et
562 5680 595 5733 δ
620 5675 865 5745 δοῦλος,
890 5683 998 5733 etc.
1022 5673 1335 5744 Corderius,
1369 5672 1581 5729 schedze
1613 5667 1824 5736 Grabii,

251 5748 546 5805 Barbarus.

1840 3229 1889 3293 C

1917 1905 2125 1960 culatus
2150 1922 2258 1972 ero,
2298 1917 2407 1960 etc.
2446 1903 2502 1959 Si
2536 1904 2694 1960 alieni
2736 1920 2839 1957 non
2886 1902 3082 1956 fuerint
3115 1902 3270 1956 nobis
3313 1899 3489 1954 domi-

1919 2000 2052 2063 nati,
2084 2008 2208 2051 tunc
2239 1996 2565 2051 immaculati
2609 1996 2831 2058 erimus,
2864 2008 2988 2047 cum
3038 1991 3186 2059 prius
3222 1987 3357 2043 tales
3384 2003 3488 2041 non

1917 2104 2181 2145 essemus.
2231 2088 2568 2144 lmmaculati
2605 2098 2784 2141 autem
2840 2086 3044 2139 erimus
3085 2094 3141 2137 et
3181 2098 3209 2136 a
3257 2081 3492 2135 maximo

1919 2190 2142 2251 peccato
2194 2181 2416 2250 expiati.
2453 2181 2625 2248 Atque
2675 2176 2792 2247 ejus
2838 2177 3053 2246 quidem
3097 2175 3185 2243 qui
3225 2172 3357 2228 nihil
3389 2170 3491 2226 nisi

1918 2281 2125 2329 castum
2150 2288 2217 2328 ex
2239 2285 2336 2328 ore
2370 2285 2469 2327 suo
2493 2269 2721 2340 profert,
2747 2268 2956 2337 eloquia
2986 2275 3143 2321 erunt
3167 2275 3223 2318 ut
3255 2263 3501 2339 compla-q

1917 2372 2091 2427 ceant,
2121 2365 2320 2435 quippe
2341 2363 2432 2432 qui
2465 2376 2570 2417 non
2598 2361 2805 2431 aperiat
2827 2374 2889 2414 os
2916 2358 3017 2412 nisi
3043 2356 3143 2411 soli
3171 2356 3334 2411 verbo
3374 2354 3491 2409 Dei.

1917 2452 2089 2522 Hujus
2120 2463 2298 2509 autem
2332 2452 2609 2508 meditatio
2640 2451 2823 2506 cordis
2863 2450 2914 2503 in
2950 2456 3238 2516 conspectu
3278 2444 3371 2499 Dci
3411 2455 3495 2501 est

1916 2560 2154 2614 semper.
2180 2544 2388 2600 Nullius
2423 2553 2603 2598 autem
2642 2543 2730 2611 qui
2779 2540 3047 2595 remiserit
3086 2536 3490 2591 meditationem

1921 2635 2104 2691 cordis
2132 2633 2216 2689 sui
2249 2642 2307 2688 et
2338 2642 2621 2703 propterea
2651 2630 2919 2701 perversis
2960 2625 3374 2695 cogitationibus
3407 2626 3489 2678 in.

1921 2726 2177 2797 quinatus
2204 2724 2390 2789 fuerit,
2424 2732 2604 2795 potest
2639 2722 2919 2779 meditatio
2954 2720 3133 2776 cordis
3177 2719 3231 2774 in
3263 2730 3488 2787 conspe-

1922 2828 2011 2874 ctu
2040 2818 2134 2874 Dei
2162 2832 2282 2874 esse
2309 2832 2545 2888 semper.

2447 3212 2767 3271 PSALMUS
2822 3211 2961 3267 XIX.

1996 3310 2164 3383 616
2186 3308 2356 3369 Vens.
2377 3309 2451 3365 25
2499 3306 2772 3360 Exnudiut
2809 3316 2857 3357 te
2893 3301 3145 3357 Dominus
3181 3301 3237 3355 in
3276 3300 3359 3355 die
3391 3300 3492 3353 tri-

1921 3409 2203 3466 bulationis
2226 3446 2242 3472 ,
2272 3410 2506 3474 protegat
2534 3409 2582 3453 te
2610 3414 2793 3452 nomen
2824 3397 2920 3451 Dei
2944 3396 3108 3450 Jacob
3139 3412 3158 3459 ;
3198 3396 3368 3447 mittat
3397 3393 3491 3445 tibi

1920 3502 2175 3557 auxilium
2216 3498 2280 3551 de
2313 3501 2518 3555 sancto,
2552 3502 2599 3545 et
2633 3493 2698 3545 de
2738 3491 2873 3545 Sion
2915 3496 3123 3542 tueatur
3151 3496 3220 3554 te,
3249 3495 3354 3540 etc.
3388 3484 3491 3552 Qui

1919 3596 1975 3651 in
2005 3600 2233 3664 angusta
2264 3600 2321 3645 et
2368 3595 2520 3643 arcta
2555 3587 2638 3639 via
2687 3593 2791 3649 est,
2832 3597 2951 3652 qua:
2995 3580 3140 3635 ducit
3183 3579 3249 3633 ad
3304 3578 3489 3641 vitam,

1920 3686 2141 3744 omnino
2172 3682 2342 3738 autin
2372 3680 2627 3736 omnibus
2660 3675 2969 3739 tribulatur,
2998 3682 3053 3727 et
3085 3682 3167 3726 est
3193 3671 3244 3725 in
3275 3670 3361 3724 die
3392 3669 3491 3722 tri-

1920 3778 2248 3837 bulationis:
2282 3782 2610 3845 quapropter
2650 3764 3237 3824 obtinetexauditionis
3272 3762 3493 3817 benedi»

1922 3873 2152 3927 ctionem
2179 3884 2280 3939 qua
2313 3867 2604 3921 frustratur
2634 3864 2680 3917 is
2708 3861 2797 3930 qui
2829 3860 2880 3913 in
2914 3859 3020 3912 lata
3054 3858 3137 3911 via
3168 3864 3269 3910 est.
3300 3854 3497 3921 Quam-

1920 3965 2105 4021 obrem
2136 3962 2312 4033 potius
2337 3958 2562 4013 velimus
2589 3968 2708 4009 esse
2740 3953 2791 4006 in
2820 3952 2904 4005 die
2932 3948 3295 4005 tribulationis
3322 3965 3338 4004 :
3368 3962 3496 4016 pro-

1922 4064 2067 4125 teget
2102 4054 2244 4109 enim
2279 4067 2377 4105 nos
2425 4063 2618 4104 nomen
2667 4044 2756 4098 Dei
2802 4041 2989 4108 Jacob,
3028 4041 3072 4095 si
3112 4040 3282 4094 induti
3319 4053 3499 4092 arma-

1922 4156 2097 4201 turam
2142 4143 2278 4213 ejus,
2311 4140 2519 4194 artibus
2552 4135 2749 4191 diaboli
2800 4134 3134 4188 resistamus.
3176 4130 3499 4187 Omnimodo

1921 4239 2085 4309 igitur
2131 4237 2183 4290 in
2229 4235 2315 4288 die
2363 4230 2727 4287 tribulationis
2758 4240 2993 4291 oremus,
3027 4233 3086 4279 ut
3124 4224 3494 4289 exaudiamur,

1922 4340 1975 4386 et
2025 4329 2325 4400 angelicum
2376 4326 2458 4381 vel
2517 4325 2659 4380 aliud
2714 4322 2976 4389 eiusmodi
3027 4319 3285 4373 auxilium
3340 4318 3497 4380 nobis

1923 4424 2198 4488 mittatur,
2223 4421 2308 4476 vel
2336 4415 2845 4474 auxilium'Cbristi.

2004 4687 2271 4758 Ejusdem.
2310 4683 2409 4751 Qui
2450 4696 2546 4751 per
2591 4684 2876 4746 angustam
2923 4683 2976 4728 et
3020 4681 3225 4727 arctam
3262 4673 3500 4730 ambulat

1925 4794 2093 4842 Viam,
2117 4792 2326 4845 semper
2353 4785 2435 4830 cst
2491 4774 2542 4826 in
2586 4767 3040 4830 tribulationibus,
3071 4777 3127 4819 et
3154 4780 3276 4818 cum
3308 4778 3498 4834 preca-

1928 4880 2035 4933 tur,
2067 4870 2390 4929 exauditur;
2425 4864 2516 4933 qui
2546 4874 2725 4917 autem
2754 4860 2916 4914 latam
2949 4866 3098 4914 tenet
3131 4857 3292 4921 viam,
3326 4868 3498 4923 neque

1931 4963 2239 5024 tribulatur,
2272 4972 2444 5026 neque
2477 4952 2781 5009 exauditur.
2813 4953 3042 5007 Oremus
3075 4965 3205 5020 ergo
3241 4948 3293 5002 in
3326 4949 3497 5002 tribu-

1929 5053 2215 5108 lationibus
2249 5060 2305 5106 ut
2338 5048 2712 5105 exatidiamur.
2760 5044 3016 5099 Ezechias
3048 5057 3168 5096 cum
3214 5038 3495 5109 epismlam

1929 5160 1958 5197 a
2005 5142 2375 5198 Sennacherib
2425 5142 2741 5210 accepisset,
2779 5144 2833 5191 et
2876 5151 2994 5190 eam
3055 5134 3160 5186 Deo
3198 5132 3248 5185 in
3297 5135 3499 5198 templo

1928 5237 2275 5299 ostendisset,
2306 5234 2503 5304 popqu
2538 5249 2633 5302 pro
2664 5245 2727 5284 eo
2764 5236 2954 5283 orante
2980 5227 3262 5281 exaiiditus
3288 5230 3390 5278 est.

2002 5327 2161 5382 Vens.
2194 5326 2247 5379 4.
2280 5325 2481 5379 Memor
2520 5324 2584 5376 sit
2626 5320 2793 5375 omnis
2841 5313 3088 5375 sacriﬁcii
3128 5312 3228 5378 tui,
3262 5321 3310 5364 et
3348 5306 3502 5361 Italo-

2003 5525 2115 5657 (22)
2142 5527 2283 5615 ’βὰν
2311 5527 2365 5578 ol
2391 5523 2718 5601 (summa.
2747 5525 2851 5571 etc.
2876 5511 3185 5594 Cprderius.

2024 5596 2118 5657 25)
2168 5602 2210 5649 0
2243 5596 2312 5649 ἐν
2342 5608 2549 5657 στεινῃ,
2577 5602 2682 5645 etc.
2711 5586 3061 5657 C0_rder|_us._
3136 5650 3147 5657 _
3173 5650 3185 5657 _

2024 5596 2118 5669 25)
2154 5599 2210 5669 7'0
2243 5596 2312 5669 ἐν
2342 5590 2553 5669 στἐινῆἶ
2577 5586 2682 5645 etc.
2711 5586 3147 5669 Conrdlerius.nﬂ'
3173 5650 3205 5669 η

2000 5650 2115 5740 (24)
2148 5668 2203 5721 Ὀ
2234 5666 2349 5735 τὴν
2373 5650 2618 5729 amur,
2642 5669 2747 5716 etc.
2774 5654 2999 5710 Scheda:
3021 5650 3230 5709 Grabii.
