3986 6384
487 287 628 344 1247

1864 287 1957 345 EX
1992 287 2295 346 ORIGENE

3625 293 3654 347 'l
3665 293 3784 348 2‘8

485 416 726 462 mustum
760 413 908 458 tuum
933 404 1126 476 pingue
1156 366 1274 472 ﬁat,
1302 412 1410 460 etc.
1458 405 1725 462 Animalia
1749 408 1965 478 quidem
1995 411 2060 464 ir-

2180 407 2332 479 τωμά
2361 421 2478 464 σου
2502 409 2786 478 marem,
2815 428 2867 466 κ.
2902 428 2954 466 τ.
2986 410 3034 466 ι.
3063 409 3144 465 Τὰ
3175 410 3272 483 μὲν
3293 411 3463 482 ἄλογα
3498 376 3782 483 (εδίξῶα

487 499 829 556 rationabilia
881 500 1046 556 obesa
1092 501 1489 570 sacriﬁcantur,
1523 513 1581 558 et
1621 503 1829 576 integra
1880 507 2067 560 incen-

483 594 720 659 duntur;
767 593 1106 649 rationabilia
1153 607 1284 650 vero
1336 604 1459 664 post
1506 596 1820 652 holocausta
1851 599 2065 669 pinguia

485 685 640 747 ﬁunt,
683 684 949 754 siquidem
999 693 1124 754 post
1182 685 1325 754 ignis
1385 688 1560 742 sancti
1615 688 2064 759 expurgationem

484 773 793 846 cognitione
833 775 1054 845 dignum
1105 777 1166 830 ﬁt
1209 778 1354 846 quod
1391 786 1561 834 totum
1597 778 1719 848 igne
1762 779 2067 835 sanctillca-

485 875 598 918 tum
629 873 733 920 est.
769 863 996 935 Pinguia
1030 866 1172 921 Deus
1215 866 1444 934 alicujus
1486 867 1802 924 holocausta
1829 867 1977 935 facit,
2008 881 2068 924 ut

486 957 759 1028 pinguedo
792 957 999 1014 nutriat
1033 959 1211 1028 ignem
1244 959 1296 1012 in
1331 959 1508 1014 altari.
1545 959 1715 1014 Porro
1743 960 2066 1016 inanimato-

485 1065 606 1104 rum
653 1064 927 1119 nunquam
973 1059 1058 1106 est
1103 1050 1456 1116 sacrilicium,
1490 1051 1854 1106 animatorum
1883 1060 2066 1108 autem

483 1146 610 1193 sunt
641 1138 1123 1195 holocaustomata.

559 1227 833 1298 Ejusdem.
885 1228 1058 1293 Istud,
1098 1249 1116 1282 ι
1153 1231 1350 1294 omnis,
1392 1250 1411 1282 ι
1445 1231 1716 1303 significat
1769 1233 2065 1290 multitudi-

487 1335 638 1386 nem,
669 1336 733 1378 ac
761 1321 808 1376 si
833 1322 1126 1391 paucitatis
1155 1339 1260 1378 non
1291 1325 1620 1381 meminerit.

558 1413 723 1472 Vens.
784 1414 838 1470 5.
902 1415 1120 1470 Tribuat
1180 1417 1275 1471 tibi
1336 1418 1588 1474 Dominus
1639 1421 1926 1474 secundum
1977 1438 2068 1475 cor

484 1515 655 1573 tuum,
685 1516 794 1562 etc.
830 1508 960 1574 Quae
997 1507 1166 1564 Deum
1207 1511 1365 1566 decet
1407 1511 1556 1576 dare,
1588 1522 1643 1567 et
1675 1523 1944 1582 petentem
1977 1530 2066 1568 ac-

485 1598 892 1670 cipere,ntpote
919 1601 1182 1658 scientem
1211 1603 1339 1672 quid
1369 1619 1528 1659 orare
1557 1614 1825 1674 Oporteat,
1851 1616 1908 1660 et
1932 1621 2068 1674 quo-

2168 500 2494 572 πιαινόμενα
2525 501 2712 556 Θύεται
2768 503 2864 558 καὶ
2915 503 3299 558 ὁλοκαυτοῦται
3319 544 3334 568 ,
3362 505 3430 558 τὰ
3475 505 3535 558 δὲ
3560 505 3778 576 lto-ruﬁ

2170 594 2311 665 μετὰ
2354 595 2416 649 τὸ
2456 594 2894 667 ὁλοκαυτωθῆναι
2929 595 3224 660 πιαίνεται,
3272 596 3327 649 el’
3354 614 3419 666 γε
3477 597 3628 668 μετὰ
3667 597 3776 667 τὴν

2165 683 2322 752 ἁγίου
2352 686 2524 758 πυρὸς
2561 686 2828 758 κάθαρσιν
2859 685 3210 754 καταξιοῦται
3233 685 3491 755 γνώσεως
3520 684 3774 754 ὀλόκλη-

2168 792 2262 847 ρον
2288 776 2753 849 καθαγιαξόμενον
2785 778 2936 849 πυρί.
2989 777 3198 830 Πιαίνει
3220 778 3249 829 ὁ
3277 775 3410 839 Θεὸς
3443 771 3777 830 ὁλοκαυτώ-

2169 869 2317 938 ματά
2345 887 2508 934 τινος,
2557 871 2642 925 ἵνα
2693 871 2727 942 ἠ
2783 870 2976 941 πιότης
3008 870 3184 943 τρέφῃ
3209 871 3271 923 τὸ
3311 870 3403 922 ἐπὶ
3431 868 3531 921 τοῦ
3570 868 3775 920 θυσια-

2167 961 2390 1032 στηρίου
2421 959 2554 1034 πῦρ.
2586 961 2871 1034 Μηδέποτε
2898 961 3120 1034 ἀψύχων
3146 963 3245 1034 μὲν
3278 963 3313 1034 ἡ
3347 960 3537 1026 ουσία,
3578 957 3772 1030 ἐμψύ-

2165 1070 2277 1123 χων
2301 1053 2360 1108 δὲ
2385 1053 2454 1108 τὰ
2476 1053 2924 1125 ὁλοκαυτώματα.

2239 1233 2351 1288 Τοῦ
2373 1234 2560 1288 αὐτοῦ
2607 1232 2702 1294 To,
2744 1250 2762 1282 ι
2805 1230 2986 1302 πάσης
3011 1229 3142 1301 (26),
3178 1247 3196 1281 s
3229 1226 3485 1299 ἐμφαίνει
3513 1223 3757 1296 πλῆθος,

2160 1326 2237 1391 ὡς
2266 1327 2327 1380 οὐ
2359 1325 2706 1397 μεμνημένου
2732 1324 2940 1393 ὀλίγης.

2232 1415 2357 1484 Δῴη
2391 1431 2490 1470 σοι
2513 1417 2728 1484 Κύριος
2757 1414 2907 1468 κατὰ
2935 1412 3051 1480 τὴν
3074 1410 3326 1479 καρδίαν
3351 1421 3490 1474 σου,
3525 1425 3585 1460 κ.
3620 1425 3671 1460 τ.
3704 1407 3755 1463 ἑ.

2167 1511 2236 1563 ’Δ
2269 1508 2468 1581 πρέπει
2494 1507 2614 1578 Θεῷ
2641 1506 2822 1560 δοῦναι
2849 1503 2983 1574 (27),
3010 1505 3104 1558 καὶ
3138 1502 3378 1556 αἰτοῦντι
3409 1500 3624 1562 λαὸεῖν,
3676 1498 3759 1562 ὡς

2162 1600 2323 1654 είδότι
2353 1599 2406 1652 τί
2435 1598 2834 1670 προσεύξασθαι
2863 1597 2963 1660 δεῖ,
3020 1595 3113 1650 καὶ
3145 1594 3266 1648 καθ’
3312 1593 3341 1645 ὃ
3393 1593 3494 1648 δεῖ.
3533 1593 3606 1644 Ἦ
3636 1589 3755 1661 δῴη

486 1691 649 1746 modo
679 1699 945 1761 oporteat.
974 1692 1072 1748 Vel
1098 1695 1300 1749 tribuat
1325 1695 1417 1750 tibi
1451 1695 1709 1750 Dominus
1739 1697 1792 1751 id
1818 1699 1886 1752 ad
1917 1697 2060 1768 quod

2180 1710 2247 1746 τοι
2284 1691 2489 1764 Κύριος
2513 1693 2591 1754 είς
2616 1691 2645 1744 ὂ
2677 1693 2846 1763 χωρεῖ
2870 1693 2904 1762 ἡ
2937 1687 3167 1760 καρδία,
3191 1687 3291 1758 τὴν
3317 1685 3514 1757 βουλήν
3552 1701 3651 1736 σου
3677 1681 3759 1744 ὡς

487 1783 660 1838 tendit
685 1799 801 1849 cor,
835 1785 1118 1841 consilium
1150 1797 1298 1841 tuum
1329 1797 1580 1856 tanquam
1608 1790 1827 1845 bonum.

559 1874 722 1930 Vens.
752 1876 805 1930 6.
839 1875 1160 1932 Lictnbimur
1185 1881 1238 1934 in
1264 1880 1491 1934 salutari
1519 1892 1630 1945 tuo,
1661 1891 1766 1936 etc.
1809 1881 2063 1937 Homines

485 1977 578 2021 aut
605 1968 656 2021 in
687 1967 914 2033 divitiis,
947 1979 1040 2023 aut
1081 1971 1135 2024 in
1180 1971 1374 2040 gloria,
1407 1983 1502 2026 aut
1539 1972 1592 2026 in
1618 1974 1834 2042 generis
1869 1974 2064 2028 nobili-

484 2066 598 2113 tate
633 2058 906 2125 lzetantur,
936 2071 1154 2116 sanctus
1191 2076 1319 2116 vero
1360 2063 1410 2116 in
1459 2064 1550 2118 Dei
1603 2062 1853 2121 salutari.
1883 2063 2062 2120 Patris

481 2158 663 2204 autem
697 2150 934 2206 salutare
967 2152 1018 2206 in
1055 2156 1257 2208 mundo
1288 2152 1502 2222 Filius;
1548 2156 1786 2212 salutare
1831 2155 1954 2212 Filii
2005 2157 2059 2212 iu

477 2243 684 2298 mnndo
707 2255 793 2299 est
837 2259 1005 2311 crux;
1038 2246 1277 2301 salutare
1307 2247 1374 2301 de
1404 2263 1511 2317 quo
1553 2249 1754 2303 dictum
1796 2259 1898 2317 est,
1934 2251 2059 2320 quia

485 2351 506 2386 ι
533 2344 691 2388 natus
714 2343 798 2389 est
828 2337 983 2392 nobis
1008 2338 1168 2392 hodie
1200 2338 1447 2395 Salvator
1463 2340 1778 2409 Dominus‘,
1803 2361 1822 2394 ι
1857 2343 1926 2398 de
1953 2358 2060 2412 quo

480 2425 613 2481 dixit
653 2427 897 2495 Simeon,
935 2447 954 2480 ι
995 2428 1133 2496 Quia
1181 2430 1434 2487 viderunt
1478 2432 1620 2488 oculi
1671 2435 1774 2488 mei
1820 2433 2060 2490 salutare

481 2527 632 2572 tuum
660 2521 702 2575 ⁵.
739 2540 758 2573 ι

548 2608 713 2680 617
746 2610 1022 2681 Ejusdem.
1054 2611 1304 2669 Salutare
1328 2613 1420 2669 Dei
1455 2622 1559 2684 est,
1597 2615 1648 2670 in
1675 2617 1794 2686 ipso
1820 2618 2055 2675 salvari:

480 2701 534 2756 in
566 2703 691 2758 (iliis
740 2715 920 2760 autem
971 2707 1251 2763 hominum
1300 2712 1418 2764 haec
1446 2725 1553 2765 non
1611 2721 1694 2766 est
1743 2712 1910 2770 salus.
1946 2713 2056 2768 lm—

480 2790 701 2861 plentnr
725 2809 856 2851 vero
884 2797 1176 2867 petitiones
1200 2800 1317 2870 ejus
1347 2801 1440 2871 qui
1471 2802 1604 2871 petit
1635 2819 1830 2875 magna
1860 2815 1914 2861 et
1945 2821 2055 2860 οω-

479 2881 658 2941 lestia.

556 2976 717 3033 Vns.
747 2977 798 3034 7.
837 2977 1061 3050 Impleat
1101 2981 1351 3039 Dominus
1391 3002 1567 3041 omnes
1610 2987 2053 3056 petitionestuas,

477 3077 589 3124 etc.
626 3071 695 3124 At
725 3087 828 3126 non
863 3072 1031 3128 malas
1063 3077 1371 3144 petitiones.
1431 3079 1530 3134 Cui
1589 3080 1860 3134 sacriﬁcia
1893 3082 2054 3135 obtn-
2081 3100 2126 3158 ε

481 3157 616 3226 listi,
655 3160 700 3216 is
725 3161 950 3231 impleat
971 3177 1308 3236 quaecunque
1335 3181 1516 3224 mente
1539 3170 1764 3239 petiisti,
1792 3171 2054 3240 quoniam

479 3250 551 3308 al.
585 3253 702 3324 ipso
729 3256 964 3312 alienum
993 3275 1098 3314 non
1131 3269 1214 3314 est
1240 3262 1525 3317 consilium
1564 3273 1738 3318 tuum.

555 3434 823 3491 Exaudiet
851 3439 1002 3493 illum
1027 3441 1092 3494 de
1120 3440 1247 3495 caelo
1295 3451 1482 3497 sancto
1511 3459 1631 3512 suo,
1685 3453 1793 3500 etc.
1823 3444 2059 3500 Exaudit

478 3529 625 3582 enim
668 3529 931 3586 Dominus
992 3546 1208 3586 omnem
1263 3545 1467 3605 regem,
1513 3534 1607 3604 qui
1643 3537 1834 3605 aBege
1869 3551 2055 3607 regum

479 3617 710 3688 regitur.

557 3791 720 3850 Vens.
753 3795 806 3851 9.
839 3795 954 3865 Ipsi
983 3797 1198 3867 obligati
1233 3808 1358 3852 sunt
1385 3806 1436 3854 et
1466 3800 1786 3867 ceciderunt,
1813 3809 1922 3857 etc.
1950 3801 2059 3855 Ad-

479 3888 710 3942 versarii
768 3890 986 3958 quidem
1017 3903 1140 3944 cum
1173 3891 1380 3946 malitia
1431 3891 1485 3947 in
1545 3908 1643 3948 nos
1674 3895 1936 3964 impetum
1969 3893 2056 3948 ln-

481 3981 656 4041 ciunt,
694 3991 792 4032 nos
827 3992 955 4033 vero
1001 3995 1122 4033 cum
1175 3979 1380 4036 Christi
1415 3982 1607 4036 notitia
1657 3983 1766 4040 illis
1807 3985 2055 4038 occurri-

481 4080 602 4121 mus
638 4082 654 4119 :
686 4067 883 4122 cadent
913 4069 1057 4124 enim
1086 4073 1412 4127 adversaria;
1435 4085 1730 4145 potestates
1766 4091 1887 4132 cum
1914 4091 2055 4147 prae-

483 4156 687 4214 dictum
721 4159 960 4219 salutare
991 4164 1188 4219 mundo
1229 4164 1485 4222 illnxerit.

1033 4376 1354 4436 PSALMUS
1394 4379 1514 4436 XX.

556 4469 722 4528 Vens.
747 4470 803 4527 2.
834 4469 1075 4536 Domine,
1126 4474 1181 4526 in
1212 4476 1399 4528 virtute
1426 4486 1517 4529 tua
1547 4475 1813 4531 lwtabilur
1863 4484 1989 4546 rex,
2009 4489 2060 4533 et

481 4577 638 4631 super
690 4561 926 4616 salutare
952 4572 1099 4615 tuum
1145 4563 1430 4618 exsultabit
1463 4566 1802 4632 vehementer,
1851 4579 1958 4625 etc.
2000 4568 2060 4625 Si

480 4653 733 4710 Christus
787 4655 883 4711 Dei
929 4655 1102 4711 virtus
1148 4665 1255 4721 est,
1312 4660 1500 4730 utique
1530 4659 1582 4714 in
1647 4661 1733 4715 illa
1766 4660 2056 4720 lmtabitur.

483 4743 640 4813 Sicut
678 4754 860 4801 autem
884 4747 1060 4804 virtus
1091 4757 1177 4805 est
1202 4760 1259 4805 et
1295 4750 1585 4821 sapientla,
1623 4755 1696 4806 ita
1726 4761 1780 4806 et
1815 4753 1986 4809 salus.

553 4924 720 4984 Vens.
755 4926 810 4984 5.
847 4927 1176 4985 Desiderium
1232 4931 1406 4986 cordis
1448 4931 1564 5002 ejus
1624 4931 1858 4986 tribuisti
1910 4931 1980 4996 ei,
2011 4941 2060 4986 et

482 5017 748 5076 voluntate
779 5022 1040 5077 labiorum
1068 5024 1182 5094 ejus
1219 5040 1322 5078 non
1356 5025 1623 5094 {raudusti
1655 5040 1794 5087 eum.
1828 5031 1932 5080 etc.
1959 5023 2062 5080 De-

483 5111 744 5187 siderium
768 5114 953 5171 cordis
984 5114 1038 5170 in
1068 5115 1408 5186 spiritalibus
1464 5126 1567 5183 est,
1615 5124 1670 5173 et
1704 5115 1842 5173 visio
1872 5115 2064 5173 oculo-

590 5242 614 5276 ⁸
641 5243 773 5302 Luc.
806 5261 867 5312 tt,
893 5247 981 5302 Η.
1055 5249 1077 5281 ⁸
1112 5248 1238 5304 ibid.
1264 5251 1352 5306 50.

553 5359 668 5438 (25)
705 5360 783 5438 Τρ
823 5361 943 5438 μὲν
963 5362 1185 5438 *ἄλογα
1210 5403 1227 5430 ,
1280 5373 1389 5420 etc.
1427 5365 1607 5422 Codex
1657 5366 2061 5438 Coislinianus,

485 5431 700 5487 seliedte
728 5431 943 5496 Grahii,
962 5431 1034 5486 Ba
1046 5431 1136 5488 rba
1148 5449 1260 5488 rus.

711 5500 802 5589 ξίὸ,
830 5501 1448 5589 aliane,netc.§c.liedm
1478 5506 1690 5589 Grallii.

556 5570 668 5642 (27)
714 5574 774 5625 Ἃ
810 5570 1022 5642 πρέπει
1052 5575 1175 5641 Θεῷ
1201 5575 1432 5639 δοῦναι,
1464 5588 1570 5631 ctc.
1601 5576 1827 5634 Scheda:
1848 5579 2055 5638 Grabii.

558 5626 671 5722 (es)
715 5645 779 5722 οι
807 5626 926 5722 με.
948 5626 2048 5722 (posse;serene;causam;

486 5712 697 5768 schedae
728 5712 934 5783 Grnbii,
961 5712 1254 5775 Barbarus.

2091 1762 2136 1818 Β
2164 1762 2397 1856 ἀγαθήν.

2243 1874 2756 1944 Ἀγανιλιασόμεθα
2795 1871 2866 1926 ἐν
2903 1870 2984 1937 τῷ
3033 1869 3302 1938 σωτηρίῳ
3333 1884 3472 1932 σου,
3521 1885 3580 1920 κ.
3611 1884 3668 1919 τ.
3703 1865 3750 1918 ὲ.

2160 1968 2226 2020 οι
2255 1967 2352 2038 μὲν
2378 1965 2652 2039 ἅνθρωποι
2678 1964 2790 2036 (28)
2816 1967 2873 2018 ὲν
2898 1962 3110 2033 πλούτῳ
3143 1961 3470 2030 ἀγαλλιῶσιν
3501 1960 3540 2030 ἦ
3575 1961 3636 2012 ὲν
3661 1957 3752 2010 δό-

2161 2058 2228 2133 ξῃ
2260 2059 2293 2130 ἢ
2326 2060 2384 2110 ὲν
2412 2059 2680 2129 εὐγενείᾳ,
2743 2058 2771 2109 ὁ
2810 2056 2867 2109 δὲ
2923 2057 3076 2123 ἅγιος
3106 2056 3166 2107 ὲν
3216 2051 3294 2126 τῷ
3346 2052 3608 2123 σωτηρίῳ
3656 2047 3754 2103 τοῦ

2157 2151 2318 2206 Θεοῦ.
2355 2151 2632 2222 Σωτήριον
2684 2145 2778 2202 τοῦ
2812 2147 3026 2219 Πατρὸς
3055 2147 3114 2200 ὲν
3160 2145 3240 2217 τῷ
3289 2145 3480 2215 κόσμῳ
3519 2145 3550 2196 ὁ
3582 2142 3747 2205 Υἱός·

2162 2245 2429 2317 σωτήριον
2451 2242 2545 2296 τοῦ
2570 2242 2699 2296 Υίοῦ
2724 2244 2780 2296 ὲν
2796 2240 2876 2312 τῷ
2892 2241 3080 2312 κόσμῳ
3132 2241 3160 2294 ὁ
3183 2238 3412 2310 σταυρὸς
3430 2253 3447 2268 ·
3473 2236 3754 2306 σωτήρων

2159 2337 2290 2408 περὶ
2317 2331 2378 2390 οὗ
2407 2337 2640 2408 εἴρηται,
2673 2335 2755 2387 ὅτι
2797 2353 2816 2384 ‹
2860 2331 3057 2402 ἐτέχθη
3115 2332 3244 2402 ἡμῖν
3281 2331 3520 2401 σήμερον
3556 2327 3754 2398 Σωτὴρ

2157 2429 2383 2502 Κύριος,
2420 2445 2440 2479 s
2467 2427 2594 2498 περὶ
2618 2421 2678 2480 οὗ
2702 2421 2821 2479 εἶπε
2849 2423 3095 2496 Συμεὼν,
3128 2423 3281 2476 «Ὅτι
3310 2417 3448 2475 εἶδον
3469 2421 3520 2474 oi
3546 2416 3750 2489 ὀφθαλρ

2163 2523 2254 2595 μοί
2283 2539 2382 2594 μου
2406 2521 2468 2574 τὸ
2498 2519 2763 2591 σωτήριόν
2796 2536 2909 2572 σου.
2943 2537 2960 2568 ι

2233 2607 2344 2663 Τοῦ
2369 2607 2575 2661 αὑτοῦ.
2617 2606 2887 2678 Σωτήριὸν
2937 2607 3053 2657 ἐστι
3085 2601 3220 2656 Θεοῦ
3257 2602 3369 2674 (29)
3405 2601 3467 2655 τὸ
3511 2603 3572 2656 ὲν
3596 2601 3752 2671 αὑτῷ

2160 2697 2460 2763 σώζεσθαι·
2511 2699 2570 2752 ὲν
2620 2699 2756 2760 υίοῖς
2802 2695 2858 2749 δὲ
2889 2693 3190 2768 ἀνθρώπων
3220 2696 3319 2747 οὐκ
3358 2694 3505 2746 ἐστιν
3533 2691 3680 2763 αὕτη
3714 2693 3751 2763 ἡ

2159 2792 2422 2863 σωτηρία.
2478 2789 2785 2863 Πληροῦται
2827 2788 2885 2843 δὲ
2928 2788 2996 2842 τὰ
3031 2790 3306 2860 αίτήματα
3329 2786 3422 2841 τοῦ
3462 2786 3752 2851 αἰτοῦντος

2161 2886 2378 2956 μεγάλα
2407 2887 2502 2940 καὶ
2536 2884 2856 2956 ἐπουράνια.

2227 2975 2548 3046 Πληρὼσαι
2595 2977 2811 3044 Κύριος
2878 2972 3077 3027 πάντα
3120 2972 3192 3026 τὰ
3250 2967 3544 3039 αίτήματά
3595 2983 3748 3028 σου.

2159 3086 2212 3122 κ.
2247 3086 2298 3122 τ.
2334 3070 2381 3123 ὲ.
2435 3068 2572 3121 Ἀλλ’
2605 3069 2668 3121 οὑ
2718 3068 2787 3120 τὰ
2838 3064 2986 3120 κακὰ
3027 3063 3139 3134 (50)
3194 3064 3490 3132 αἰτήματα.
3543 3053 3614 3130 ᾝ
3645 3061 3750 3125 τὰς

2165 3159 2354 3224 Θυσίας
2387 3161 2785 3231 προσήνεγκας,
2840 3155 3124 3229 πληρώσαι
3172 3157 3271 3209 ὅσα
3324 3154 3464 3208 κατὰ
3505 3154 3750 3208 διάνοιαν

2166 3251 2394 3324 ᾔτησας,
2428 3253 2512 3307 ὅτι
2559 3250 2691 3322 μηδὲ
2734 3249 2988 3322 ἀλλότρια
3023 3247 3188 3301 αὑτοῦ
3232 3248 3302 3302 τὰ
3333 3247 3434 3317 τῆς
3477 3247 3580 3316 σῆς
3623 3244 3752 3315 βου-

2166 3344 2288 3409 λῆς.

2197 3391 2198 3394 η
2238 3363 2288 3409 ς.

2197 3363 2234 3416 η
2250 3435 2677 3488 Ἐπακούσεται
2707 3433 2894 3489 αὑτοῦ
2929 3433 2998 3499 ἐξ
3037 3431 3296 3502 οὐρανοῦ
3335 3432 3506 3500 ἁγίου
3529 3429 3752 3496 αὑτοῦ,

2167 3546 2222 3582 κ.
2262 3546 2311 3581 τ.
2353 3529 2400 3581 ὲ.
2458 3525 2748 3580 Ἐπακούει
2795 3526 2904 3598 γὰρ
2937 3525 3047 3598 (51)
3093 3525 3297 3597 Κύριος
3342 3523 3545 3585 παντὸς
3592 3522 3756 3592 βασι-

2163 3620 2318 3685 λέως,
2371 3619 2786 3692 βασιλευομένου
2837 3619 2944 3674 ὑπὸ
2981 3618 3074 3673 τοῦ
3115 3619 3389 3682 Βασιὶέως
3430 3615 3541 3670 τῶν
3591 3616 3756 3686 βασι-

2161 3713 2447 3768 λευόντων.

2232 3805 2412 3860 Αὐτοὶ
2449 3803 2988 3874 συνεποδίσθησαν
3021 3803 3119 3858 καὶ
3143 3802 3392 3866 ἔπεσαν,
3420 3819 3474 3858 κ.
3503 3819 3555 3855 τ.
3589 3803 3644 3855 ὲ.
3686 3801 3751 3856 οι

2163 3897 2264 3968 μὲν
2295 3895 2660 3968 ἀντικείμενοι
2696 3897 2810 3967 (52)
2841 3895 2979 3967 μετὰ
3027 3895 3127 3966 τῆς
3158 3893 3356 3958 κακίας
3398 3895 3532 3965 ἡμῖν
3581 3894 3748 3964 ὲφορο

2163 3988 2338 4060 μῶσιν
2355 4004 2371 4019 ο
2421 3990 2580 4060 ἡμεῖς
2608 3989 2665 4042 δὲ
2713 3989 2852 4060 μετὰ
2879 3989 2978 4062 τῆς
3005 3985 3239 4060 Χριστοῦ
3281 3986 3536 4055 γνώσεως
3563 3987 3747 4050 αὐτοῖς

2160 4081 2517 4153 ἀπαντῶμεν·
2569 4080 2858 4134 πεσοῦνται
2904 4081 3012 4152 γὰρ
3061 4081 3118 4134 αί
3170 4079 3545 4149 ἀντικείμεναι
3585 4077 3749 4132 δυνά-

2162 4189 2308 4244 μεις,
2351 4173 2516 4246 ἡνίκα
2548 4174 2608 4228 τὸ
2642 4173 2806 4246 ῥηθὲν
2841 4174 3183 4243 ὲπιφανεῖται
3213 4169 3498 4242 σωτήριον.

2744 4383 3038 4438 ΨΑΛΜΟΣ
3069 4383 3154 4435 K'.

2232 4476 2430 4545 Κύριε,
2453 4476 2524 4529 ἐν
2552 4475 2627 4544 τῇ
2647 4475 2895 4544 δυνάμει
2923 4490 3040 4529 σου
3064 4471 3544 4544 εὐφρανθήσεται
3575 4473 3610 4524 ὁ
3626 4470 3744 4536 βα-

2163 4566 2397 4633 σιλεὺς,
2440 4567 2539 4621 καὶ
2574 4566 2674 4620 ἐπὶ
2721 4566 2803 4632 τῷ
2841 4565 3112 4634 σωτηρίῳ
3155 4580 3270 4617 σου
3314 4560 3746 4630 (iniuideam

2163 4658 2420 4727 σφόδρα,
2451 4677 2506 4713 κ.
2540 4678 2590 4716 τ.
2621 4661 2665 4713 ἑ.
2707 4660 2770 4712 Εἰ
2792 4659 3026 4731 Χριστὸς
3051 4657 3163 4728 (55)
3191 4654 3324 4709 Θεοῦ
3349 4653 3600 4724 δύναμις.
3639 4656 3744 4724 μή-

2166 4769 2300 4804 ποτε
2335 4755 2422 4806 ἐπ’
2450 4752 2636 4826 ἐκείνῃ
2679 4751 3133 4824 εὐφρανθήσεται.
3187 4749 3274 4813 Ὦς
3307 4747 3364 4800 δὲ
3397 4747 3628 4816 δύναμις
3653 4745 3747 4798 καὶ

2169 4845 2350 4915 σοφία,
2379 4845 2524 4900 οὕτω
2549 4847 2642 4900 καὶ
2668 4844 2930 4917 σωτηρία.

2245 4939 2363 5009 Τὴν
2393 4940 2714 5010 ἐπιθυμίαν
2743 4937 2854 5008 τῆς
2886 4935 3133 5006 καρδίας
3162 4934 3350 4990 αὐτοῦ
3383 4933 3616 5000 ἔδωκας
3641 4933 3748 4986 αὑ-

2167 5029 2269 5096 τῷ,
2318 5033 2415 5086 καὶ
2468 5031 2583 5100 τὴν
2645 5031 2899 5100 θέλησιν
2943 5027 3064 5082 τῶν
3107 5025 3357 5098 χειλέων
3406 5023 3594 5080 αὐτοῦ
3633 5025 3748 5080 οὐκ

2165 5121 2501 5192 ἐστέρησας
2543 5121 2748 5186 αὐτὸν,
2773 5139 2827 5176 κ.
2853 5139 2904 5175 τ.
2929 5121 2975 5174 ἑ.
3029 5118 3321 5190 Ἐπιθνμία
3371 5116 3469 5187 μὲν
3517 5115 3748 5188 καρδίας

2257 5368 2348 5434 29)
2381 5367 2682 5436 Σωτήριόν
2713 5366 2843 5421 ἐστι
2869 5364 3037 5428 Θεοῦ,
3072 5374 3180 5436 etc.
3213 5365 3524 5420 Corderlns.

2255 5440 2344 5502 50)
2383 5434 2642 5492 'AJJ'm':
2666 5439 2740 5491 τὰ
2768 5437 2943 5502 κακά,
2975 5450 3080 5490 etc.
3111 5434 3336 5490 Schedm
3361 5436 3569 5491 Grabii.

2230 5506 2342 5577 (51)
2384 5509 2698 5562 Ἐπακούει
2733 5508 2860 5577 γάρ,
2893 5517 2998 5559 etc.
3035 5506 3258 5577 Schedze
3287 5507 3492 5577 Grabii.

2230 5575 2340 5653 (52)
2367 5579 2574 5653 Οζμὲκ
2586 5575 3005 5653 ᾲιζτικείμενοι,
3027 5589 3130 5631 etc.
3149 5576 3331 5632 Codex
3351 5575 3738 5644 Coislinianu,

2156 5649 2374 5708 schedio
2413 5649 2624 5708 Grahii.
2655 5649 2942 5702 Barbarus.

2230 5723 2344 5788 (53)
2379 5722 2446 5775 Et
2471 5719 2746 5788 Χριστός,
2773 5725 2877 5774 etc.
2917 5717 3231 5773 Cordcrius.
