3822 6492
52 298 175 352 1249

983 290 1292 348 SELECTA
1329 290 1396 344 lN
1434 287 1775 347 PSALMOS.
1826 322 1883 332 --
1921 291 2116 349 PSAL.
2155 291 2276 349 XX.

3131 292 3271 348 1250

46 412 149 483 (34)
200 411 252 463 ὲν
277 411 506 482 νοητοῖς,
561 410 657 463 καὶ
703 407 907 481 θεωρία
940 409 1233 480 ὀφθαλμῶν
1280 410 1339 461 ἐν
1384 408 1594 478 ὁρατοῖς

1712 421 1821 459 rum
1858 407 1911 460 in
1938 407 2241 463 visibilibus
2272 414 2330 462 et
2358 405 2708 477 spectaculis,
2753 406 3004 462 voluntas
3030 422 3158 461 vero
3190 414 3269 463 la-

44 502 130 556 καὶ
175 500 416 570 θεάμασι,
469 499 685 569 θέλησις
728 500 783 553 δὲ
810 500 1031 570 χειλέων
1058 503 1115 553 ὲν
1136 502 1200 572 τῇ
1226 500 1353 571 περὶ
1375 498 1482 553 τῶν
1511 516 1597 552 νε-

42 587 297 658 νοημένων
327 587 420 641 καὶ
446 586 873 660 τεθεωρημένων
900 590 1225 660 ἐπαγγελίᾳ.

114 682 356 747 Ἔθηκας
406 680 503 734 ἐπὶ
558 680 673 748 τὴν
724 682 1001 751 κεφαλὴν
1053 683 1240 738 αὐτοῦ
1293 682 1600 752 στέφανον·

42 771 109 825 ἐκ
157 771 315 825 λίθου
360 773 576 841 τιμίου,
625 790 677 825 κ.
718 791 767 828 τ.
808 775 854 829 ὲ.
917 775 1184 843 Στέφανος
1220 775 1319 845 μὲν
1359 775 1594 848 Χριστοῦ

43 862 147 934 (55)
189 861 382 927 όΘεὸς,
415 865 647 935 Χριστὸς
695 865 751 918 δὲ
778 866 877 935 τῆς
902 867 1125 938 λογικῆς
1170 868 1403 936 φύσεως.
1445 869 1595 923 Λίθοι

39 955 196 1025 τίμιοι
240 958 284 1008 οἱ
315 960 648 1028 μαργαρῖται
676 958 848 1027 λόγοι,
888 960 1016 1031 περὶ
1053 954 1127 1015 ὧν
1158 961 1370 1033 εἴρηται
1389 978 1405 993 ⁸
1460 983 1476 1014 ι
1503 964 1594 1035 Μὴ

40 1039 219 1111 ῥίψητε
248 1044 366 1107 τοὺς
401 1045 746 1116 μαργαρίτας
799 1048 952 1118 ὑμῶν
1006 1050 1313 1123 ἔμπροσθεν
1346 1052 1454 1106 τῶν
1480 1054 1593 1123 χοί-

40 1148 159 1203 ρων.
201 1152 218 1184 ι
243 1133 347 1186 Καὶ
382 1137 411 1187 6
432 1134 795 1209 πολυτίμητος
832 1143 1173 1215 μαργαρίτης
1206 1144 1299 1197 τοῦ
1327 1146 1591 1216 ἐμπόρου,

37 1224 127 1277 καί
150 1226 191 1277 oi
218 1223 446 1296 Χριστοῦ
497 1228 755 1301 μαθηταὶ,
788 1232 837 1283 οἳ
886 1232 961 1296 ὡς
1002 1233 1264 1304 στέφανος
1297 1236 1595 1301 πλακέντες

35 1318 98 1386 τῇ
125 1316 343 1388 Χριστοῦ
384 1320 592 1392 κεφαλῇ
624 1323 1055 1395 ἐπιτεθήσονται.
1446 1390 1459 1406 δ

110 1410 210 1463 Ίοῦ
228 1411 429 1466 αὑτοῦ.
483 1413 571 1479 Ἐξ
608 1409 683 1469 ὧν
711 1434 795 1480 τις
827 1419 1134 1490 ἐπιτηδεύει
1161 1420 1292 1491 (56),
1344 1422 1439 1477 καὶ
1471 1442 1594 1477 στεα-

34 1498 299 1566 φανοῦται.
342 1502 400 1554 '0
426 1503 533 1575 γὰρ
559 1503 784 1569 δίκαιος,
815 1505 1011 1574 διώξας
1040 1510 1099 1562 τὸ
1122 1510 1349 1575 δίκαιον,
1378 1513 1469 1567 τὸν
1495 1515 1596 1585 τῆς

34 1587 356 1661 δικαιοσύνης
399 1593 735 1666 ἀπολήψεται
786 1597 1081 1667 στέφανον’
1122 1604 1151 1654 6
1175 1607 1595 1676 κατατρυφήσας

34 1679 89 1732 δὲ
121 1681 208 1735 τοῦ
238 1684 437 1755 Κυρίου
467 1689 716 1760 στεφάνῳ
745 1692 959 1763 τρυφῆς
1002 1693 1435 1766 ὑπερασπίζεται
1459 1716 1473 1729 ο
1501 1700 1594 1752 καὶ

35 1774 63 1825 6
94 1773 267 1844 χάριτι
314 1776 506 1842 σωθεὶς
559 1780 823 1849 στέφανον
866 1785 1115 1855 χαρίτων,
1145 1788 1238 1840 ἐπὶ
1267 1789 1366 1859 τῆς
1399 1792 1592 1847 ἑαυτοῦ

31 1863 235 1935 δέχεται
281 1869 557 1939 κορυφῆς·
605 1872 697 1924 καὶ
744 1872 772 1925 6
803 1872 1139 1946 θησαυρίσας
1182 1880 1320 1948 μετὰ
1368 1884 1593 1953 χρυσίου

29 1956 122 2008 καὶ
164 1956 415 2029 ἀργυρίου
465 1956 645 2026 λίθους
691 1964 924 2035 τιμίους,
957 1967 1047 2036 ὑφ’
1077 1961 1152 2021 ὧν
1195 1973 1484 2041 εἰργάσατο
1514 1975 1595 2028 λί-

28 2046 137 2101 θων
167 2053 653 2125 στεφανωθήσεται.
692 2058 803 2110 Καὶ
850 2060 878 2111 6
922 2059 1125 2132 Κύριος
1169 2065 1293 2128 τοὺς
1332 2068 1410 2129 είς
1438 2067 1596 2123 αὐτὸν

24 2139 334 2210 ἐλπίζοντας
360 2150 616 2213 στεφανοῖ
647 2149 704 2201 ὲν
729 2148 865 2203 ἐλέει
893 2153 985 2205 καὶ
1011 2154 1332 2226 οίκτιρμοῖς.

92 2323 263 2392 Ζωὶιν
289 2324 557 2391 ᾑτησατό
586 2344 679 2392 σε,
716 2328 815 2383 καὶ
850 2330 1075 2400 ἔδωκας
1104 2335 1264 2402 αὐτῷ
1296 2342 1596 2409 pompam-

22 2429 95 2466 τα
123 2416 353 2484 ἡμερῶν
380 2420 467 2483 εἰς
492 2418 676 2475 αἰῶνα
697 2420 932 2489 αἰῶνος,
967 2441 1020 2477 κ.
1045 2441 1093 2480 τ.
1120 2427 1164 2479 ὲ.
1209 2430 1451 2500 Ζήτησον
1485 2431 1596 2503 (57)

95 2507 127 2576 ή
165 2508 260 2576 μὲν
287 2506 430 2561 ἐστιν
462 2510 568 2564 ἀπὸ
599 2512 735 2566 Θεοῦ
760 2514 1016 2588 δεδομένη
1047 2515 1179 2589 ζωὴ,
1210 2523 1242 2591 ἡ
1275 2521 1330 2574 δὲ
1363 2523 1470 2576 άπὸ
1497 2524 1598 2596 τῆς

21 2594 155 2667 ὕλης
184 2598 472 2672 ἐρχομένη,
507 2602 597 2654 καὶ
641 2602 930 2676 σύγκρινον
962 2607 1040 2661 τό·
1082 2626 1100 2659 t
1124 2610 1484 2682 Ἐνεφύσησεν
1516 2594 1596 2679 είς

17 2689 80 2741 τὸ
110 2690 395 2762 πρόσωπον
422 2693 589 2747 αὐτοῦ
616 2698 783 2767 πνοὴν
817 2696 981 2769 ζωῆς,
1004 2719 1022 2751 ›
1060 2700 1138 2771 τῷ
1157 2718 1170 2733 ·
1210 2723 1226 2753 ι
1250 2704 1597 2774 Ἑξαγαγέτω

17 2780 53 2849 ὴ
78 2781 151 2852 γῆ
184 2781 354 2854 ψυχὴν
382 2782 580 2848 ζῶσαν.
608 2805 628 2839 t
681 2786 835 2859 Ζωὴν
861 2792 1098 2862 ῂτήσατό
1142 2810 1221 2859 σε,
1252 2795 1341 2848 τὸν
1369 2797 1476 2867 πρὸ
1500 2798 1599 2868 τῆς

16 2871 178 2925 νόσου
211 2872 318 2943 βίον
358 2875 544 2930 αὑτοῦ.

94 2964 210 3019 Τοῦ
240 2966 443 3021 αὐτοῦ.
492 2968 551 3022 '0
599 2969 850 3039 βασιλεὺς
886 2973 990 3045 (58)
1020 2973 1095 3039 ὡς
1128 2977 1330 3044 ἀγαθὸν
1360 2980 1598 3051 ᾐτήσατο

15 3055 115 3127 τὴν
152 3056 291 3129 ζωὴν
319 3060 425 3113 ἀπὸ
456 3061 681 3133 Κυρίου,
710 3064 802 3116 κα)⁹
829 3064 1068 3135 εἴληφεν.
1107 3069 1332 3137 Ἀγαθὸν
1369 3071 1424 3124 δέ
1450 3074 1597 3127 ἐστιν

15 3148 46 3217 ή
80 3148 219 3220 ζωὴ,
242 3150 269 3201 6
294 3150 488 3204 είπών·
526 3172 542 3203 t
569 3153 708 3223 Ἐγώ
739 3158 851 3227 εἰμι
881 3157 1069 3230 ήζωή.
1101 3179 1120 3212 ι
1158 3162 1265 3215 Καὶ
1287 3151 1431 3234 ’τάχα
1456 3168 1483 3218 6
1511 3166 1595 3218 66-

15 3238 111 3303 ξας
154 3241 430 3308 φιλοζωεῖν
476 3242 724 3311 Ἐζεκίας
762 3248 977 3320 ἐκείνην
1022 3251 1178 3322 ἤθελε
1209 3253 1307 3326 τὴν
1337 3254 1499 3328 ζωὴν,
1529 3259 1594 3329 ἢν

16 3333 358 3405 συμϐολικῶς
391 3340 691 3408 ὲφιλοζώει.

79 3427 327 3497 Μεγάλη
370 3432 408 3499 ἠ
458 3430 608 3497 δόξα
658 3436 845 3491 αὐτοῦ
898 3438 968 3491 ἐν
1013 3439 1092 3506 τῷ
1143 3446 1412 3513 σωτηρίῳ
1454 3464 1591 3511 σου,

15 3536 76 3612 te:
96 3537 149 3612 τ.
185 3521 229 3573 ἐ.
272 3521 344 3574 T6
379 3525 639 3597 σωτήριον
672 3526 782 3597 (59)
827 3530 982 3597 δόξαν
1035 3540 1312 3605 περιποιεῖ
1353 3540 1592 3612 μεγάλην

15 3608 87 3680 τῷ
122 3611 194 3663 ἐκ
217 3614 423 3683 νεκρῶν
455 3618 746 3673 ἀναστάντι
793 3621 1035 3690 βασιλεῖ·
1087 3627 1179 3679 καὶ
1217 3628 1371 3695 δόξαν
1416 3608 1591 3700 ἔχοντι

15 3704 102 3756 (αἰ
130 3704 331 3777 ¹ἑτέραν
360 3709 669 3781 προσέθηκε
713 3714 806 3767 κα).
837 3715 901 3769 ἐκ
930 3717 1027 3787 τῆς
1060 3720 1427 3788 ἀναστάσεως,
1454 3726 1594 3777 κατά

15 3793 64 3846 τό
83 3810 95 3822 ·
126 3812 146 3845 ι
172 3794 427 3863 Ἐδόξασα
452 3801 545 3853 καὶ
574 3802 731 3856 πάλιν
760 3804 983 3870 δοξάσω.
1008 3829 1025 3860 ι

80 3885 429 3983 ξὀὗᾼαὺτοῡΣ
492 3893 555 3947 Ἡ
596 3894 722 3960 δόξα
768 3897 877 3970 (40)
925 3901 1018 3953 τοῦ
1071 3902 1337 3972 βασιλέως
1385 3911 1591 3983 μεγάλη

15 3977 161 4029 εστὶν
207 3979 267 4032 ὲν
308 3980 384 4050 τῷ
406 3979 669 4056 ’σωτηρίῳ
701 3988 792 4040 τοῦ
840 3992 1063 4062 Κυρίου,
1113 3997 1205 4048 καὶ
1250 4000 1349 4052 οὐκ
1383 3977 1438 4055 ἕν
1468 3977 1593 4059 τινί

15 4068 118 4162 τῶν
147 4072 477 4162 κατωτέρων
507 4076 950 4148 ὲκείνου.«Δόξαν
984 4085 1078 4137 καὶ
1121 4090 1594 4162 μεγαλοπρέπειαν

16 4158 293 4230 πιθήσεις
325 4163 410 4214 ἐπ’
439 4166 601 4221 αὐτόν
632 4167 795 4241 »Εἶχε
844 4174 944 4243 μὲν
988 4178 1017 4228 6
1042 4178 1275 4249 Χριστὸς
1304 4158 1460 4250 δόξαν
1501 4189 1594 4242 καὶ

15 4251 488 4327 ιεγαλοπρέπειαν
519 4258 576 4310 ἐν
609 4264 786 4333 μορφῇ
819 4263 951 4317 Θεοῦ
984 4267 1243 4341 ὑπάρχων
1261 4289 1274 4301 ·
1303 4274 1389 4327 ὅτε
1418 4277 1473 4329 δὲ
1501 4281 1594 4333 καὶ

15 4342 297 4415 ινθρωπος
324 4346 565 4415 γέγονεν,
592 4352 620 4403 6
649 4352 778 4416 Θεὸς
808 4356 969 4410 αὑτὸν
998 4360 1337 4433 ὑπερύψωσε.

1698 497 1911 552 biorum
1943 499 1995 551 in
2032 511 2220 552 eorum
2251 511 2373 566 quae
2412 496 2693 552 intellectu
2741 497 2973 567 visuque
3010 508 3269 567 percepta

1698 598 1845 657 sunt,
1870 591 2246 645 enuntiatione
2277 592 2548 648 consistit.

1767 682 1932 738 Vens.
1971 682 2028 737 4.
2064 681 2295 736 Potuisti
2342 684 2397 736 in
2424 684 2594 751 capite
2634 684 2751 749 eius
2795 699 3047 738 coronam
3086 683 3149 737 de
3191 683 3272 735 la-

1695 774 1814 844 pide
1841 773 2088 843 pretioso,
2118 781 2225 828 etc.
2259 771 2459 827 Christi
2488 773 2651 839 Deus,
2685 766 3146 830 Christusautem
3186 790 3273 827 ra-

1698 867 1972 923 tionabilis
1997 875 2204 920 natura;
2236 880 2435 920 corona
2467 875 2568 921 est.
2603 867 2832 935 Lapides
2881 868 3102 937 pretiosi
3144 876 3274 922 sunt

1696 959 2001 1029 margaritas
2025 973 2326 1022 sermones,
2354 959 2420 1011 de
2451 958 2648 1027 quibus
2676 958 2876 1014 dictum
2900 968 2985 1015 est
3013 962 3034 991 ⁸
3059 977 3075 1017 :
3107 979 3125 1013 ι
3165 960 3274 1015 Νο-

1696 1050 1789 1104 lite
1841 1049 2109 1120 projicere
2156 1052 2480 1121 margaritas
2544 1060 2756 1106 vestras
2798 1061 2922 1105 ante
2976 1066 3193 1121 porcos.
3244 1072 3266 1105 ι

1695 1143 1937 1198 Pretiosa
1976 1144 2266 1213 margarita
2322 1142 2641 1198 mercatoris
2671 1145 2833 1198 etiam
2864 1144 3064 1199 Christi
3110 1146 3271 1200 disci-

1696 1235 1804 1304 puli
1835 1244 1979 1301 sunt,
2005 1237 2096 1306 qui
2130 1237 2305 1291 instar
2325 1251 2541 1291 corona;
2577 1234 2892 1303 complicati
2922 1235 3124 1292 Christi
3171 1252 3269 1293 ca-

1695 1328 1791 1399 piti
1828 1328 2191 1398 imponentur.

1769 1420 2043 1491 Ejusdem.
2111 1422 2318 1489 Quibus
2394 1420 2589 1477 studiis
2629 1419 2825 1490 aliquis
2872 1434 3092 1489 Operam
3141 1422 3269 1489 dat,

1698 1512 1886 1569 iisdem
1922 1524 1979 1569 et
2032 1522 2343 1569 coronatur.
2399 1512 2529 1567 Nam
2557 1511 2737 1582 justus
2764 1512 2854 1581 qui
2880 1512 3147 1581 justitiam
3180 1530 3269 1569 se-

1696 1608 1900 1676 quitur,
1941 1607 2167 1676 justitize
2215 1622 2473 1661 coronam
2525 1605 2788 1674 accipiet;
2846 1605 2938 1674 qui
2966 1605 3272 1661 oblectatur

1686 1701 1750 1756 in
1798 1700 2048 1765 Domino,
2100 1714 2300 1754 corona
2343 1695 2719 1754 exsultatiouis
2767 1708 3106 1767 pretegetur;
3176 1700 3270 1769 qui

1696 1794 1869 1865 gratia
1902 1793 2140 1849 salvatus
2184 1802 2288 1859 est,
2339 1792 2637 1863 gratiarum
2683 1807 2944 1849 coronam
2980 1792 3033 1846 in
3066 1793 3272 1850 vertice

1697 1887 1928 1958 accipiet
1955 1901 2083 1952 suo;
2111 1894 2166 1941 et
2195 1886 2286 1956 qui
2315 1900 2450 1941 auro
2469 1894 2524 1941 et
2548 1896 2775 1957 argento
2805 1888 3123 1941 thesaurum
3186 1886 3269 1940 la-

1695 1980 1878 2051 pidum
1930 1981 2298 2050 pretiosorum
2339 1979 2442 2035 sibi
2487 1980 2865 2049 comparavit,
2916 1994 2984 2034 ex
3037 1979 3104 2035 iis
3132 1996 3271 2050 quos

1696 2071 2077 2136 eiaboraverit,
2142 2071 2415 2139 lapidibus
2473 2072 2850 2133 coronabitur.
2910 2071 2975 2125 Et
3009 2071 3271 2127 Dominus

1696 2174 1986 2234 sperantes
2035 2164 2089 2217 in
2133 2177 2193 2218 se
2233 2171 2463 2218 coronat
2491 2162 2547 2217 in
2587 2163 2965 2219 misericordia
3006 2172 3061 2218 et
3101 2164 3269 2220 mise—

1698 2252 2018 2308 rationibus.

1773 2343 1942 2414 618
1968 2340 2133 2403 Vens.
2156 2345 2211 2402 5.
2256 2342 2426 2397 Vitam
2456 2343 2603 2411 petiit
2638 2361 2668 2396 η
2705 2354 2774 2408 te,
2804 2344 3035 2398 tribuisti
3086 2346 3133 2400 ei
3161 2345 3274 2400 lon-

1695 2437 1985 2505 gitudinem
2028 2438 2233 2488 dierum
2280 2435 2335 2487 in
2383 2435 2636 2487 swculum
2677 2435 2878 2499 stcculi,
2919 2445 3024 2490 etc.
3079 2435 3277 2507 Quare

1697 2545 1825 2583 num
1856 2528 1963 2582 alia
1997 2528 2119 2582 sita
2151 2527 2263 2581 Deo
2291 2527 2416 2580 data
2447 2528 2577 2592 vita,
2609 2538 2664 2581 et
2694 2528 2800 2581 alia
2832 2542 2950 2596 quae
2981 2544 3009 2580 a
3043 2529 3270 2583 materia

1697 2620 1870 2684 venit,
1917 2627 1972 2674 et
2017 2620 2209 2673 confer
2233 2617 2374 2671 istud
2398 2619 2417 2650 ⁷
2451 2638 2463 2673 :
2505 2636 2525 2671 ι
2562 2618 2627 2673 Ει
2659 2621 2948 2687 inspiravit
2975 2622 3026 2675 in
3068 2621 3269 2676 faciem

1697 2711 1816 2780 ejus
1870 2709 2202 2778 spiraculum
2246 2708 2395 2771 vitae,
2445 2728 2464 2761 ι
2517 2724 2640 2763 cum
2698 2709 2791 2764 illo
2832 2710 2891 2761 3:
2930 2727 2949 2761 ι
3004 2710 3275 2766 Producat

1700 2814 1847 2859 terra
1875 2803 2111 2856 animam
2141 2800 2434 2855 viventem.
2468 2820 2487 2853 ι
2530 2801 2705 2857 Vitam
2741 2803 2899 2872 petiit
2920 2812 3048 2872 ate,
3086 2804 3139 2859 id
3162 2813 3269 2872 est,

1699 2897 1863 2951 vitam
1890 2906 2015 2949 ante
2041 2893 2438 2948 inﬁrmitatem.

1771 2985 2048 3056 Ejusdem.
2079 2986 2194 3040 Rex
2225 2995 2480 3056 tanquam
2509 2986 2713 3056 aliquid
2744 2986 2889 3055 boni,
2921 2988 3076 3058 petiit
3104 2988 3273 3042 vitam

1624 3109 1672 3173 ο
1704 3095 1733 3134 a
1782 3080 2032 3143 Domino,
2088 3090 2143 3134 et
2190 3081 2419 3148 accepit.
2452 3078 2659 3132 Bonum
2690 3080 2932 3145 estvita,
2987 3081 3078 3150 qui
3127 3081 3277 3136 dice-

1704 3174 1795 3226 bat
1825 3174 1845 3203 ο
1879 3189 1892 3224 :
1928 3188 1946 3222 t
1984 3171 2096 3242 Ego
2127 3187 2245 3239 sum
2273 3172 2410 3225 vita.
2445 3191 2463 3224 ι
2502 3172 2563 3224 Et
2603 3170 2830 3225 forsitan
2864 3170 3150 3236 Ezechias,
3178 3175 3279 3242 qui

1701 3262 1825 3315 vitae
1849 3262 2073 3330 cupidus
2100 3262 2407 3327 videbatur,
2442 3262 2609 3316 vitam
2637 3262 2783 3317 illam
2812 3263 3050 3333 petebat,
3108 3280 3271 3334 quam

1702 3354 2000 3424 symbolice
2032 3356 2336 3408 adamabat.

1776 3445 1942 3499 Vens.
1974 3444 2028 3499 6.
2061 3444 2256 3515 Magna
2287 3455 2362 3499 est
2408 3444 2577 3515 gloria
2626 3446 2738 3515 ejus
2786 3446 2841 3499 in
2898 3446 3127 3500 salutari
3158 3458 3269 3515 tuo,

1700 3545 1808 3592 etc.
1846 3536 2097 3591 Salutare
2126 3551 2374 3606 magnam
2408 3537 2634 3602 gloriam
2667 3538 2808 3605 parit
2839 3538 3003 3607 regia
3038 3541 3269 3596 mortuis

1700 3625 2037 3695 resurgenti;
2065 3633 2119 3679 et
2147 3625 2396 3694 quamvis
2439 3625 2666 3694 gloriam
2689 3626 2801 3696 jam
2853 3628 3074 3691 habeat,
3106 3628 3269 3683 aliam

1700 3719 2019 3787 superaddit
2067 3731 2131 3772 ex
2194 3720 2620 3781 resurrectione,
2672 3720 2824 3787 juxta
2880 3720 3010 3775 illud
3038 3722 3118 3775 ηε
3154 3742 3172 3774 ι
3206 3722 3273 3777 Et

1700 3809 1998 3880 gloriﬁcavi
2030 3819 2085 3864 et
2119 3810 2313 3863 iterum
2339 3809 2679 3878 gloriﬁcabo.
2717 3830 2737 3863 ι

1771 3903 2046 3967 Eiusdem.
2082 3902 2263 3958 Gloria
2296 3903 2438 3973 regis
2465 3920 2660 3973 magna
2690 3913 2773 3959 est
2802 3905 2853 3958 in
2890 3905 3115 3959 salutari
3173 3905 3274 3960 Do-

1700 3995 1856 4061 mini,
1893 4004 2079 4049 etnon
2113 3996 2165 4050 in
2199 3994 2377 4063 aliqua
2416 4009 2475 4050 re
2503 3995 2620 4063 ipso
2651 3995 2931 4053 inferiore.
2971 4016 2989 4049 ι
3024 3997 3264 4053 Gloriam

1700 4097 1756 4142 et
1783 4101 2036 4157 magnum
2072 4086 2320 4141 decorem
2352 4086 2595 4156 impones
2622 4101 2784 4156 super
2806 4102 2949 4142 enm.
3003 4106 3023 4139 ι
3076 4087 3278 4141 Habuit

1700 4178 1916 4247 quidem
1956 4178 2207 4233 Christus
2239 4177 2465 4248 gloriam
2503 4187 2557 4233 et
2584 4194 2837 4249 magnum
2871 4181 3121 4234 decorem
3148 4196 3273 4234 cum

1702 4271 1754 4324 in
1782 4271 1953 4325 forma
1993 4271 2084 4325 Dei
2112 4281 2232 4325 erat
2273 4288 2287 4324 :
2320 4272 2539 4341 quando
2562 4282 2741 4327 autem
2772 4273 2933 4328 homo
2965 4268 3139 4329 factus
3166 4281 3270 4340 est,

1701 4363 1844 4418 Deus
1876 4364 2026 4417 illum
2053 4362 2504 4434 superexaltavit.

68 4437 367 4527 Εὐρεθείη
406 4440 445 4506 ἡ
485 4442 615 4511 χείρ
658 4458 774 4497 σου
819 4446 969 4502 πᾶσι
1009 4452 1131 4519 τοῖς
1173 4455 1409 4524 ἐχθροῖς
1454 4478 1590 4527 σου,

1778 4457 1936 4510 Vens.
1965 4456 2015 4511 9.
2054 4455 2369 4511 Inveniatur
2415 4472 2600 4509 manus
2640 4464 2729 4508 tua
2757 4456 2994 4510 omnibus
3044 4457 3272 4511 inimicis

15 4543 130 4619 1.1.".
158 4526 208 4579 ἑ.
251 4528 315 4580 Οἱ
362 4530 460 4599 μὲν
508 4532 692 4604 ἐχθροὶ
730 4536 840 4605 (41)
877 4538 969 4592 τοῦ
1007 4543 1210 4615 Κυρίου
1250 4526 1593 4619 εὑρίσκουσιν

15 4616 192 4680 .ὑτὸν,
228 4619 280 4673 οἱ
313 4618 369 4671 δὲ
406 4624 690 4691 μισοῦντες
730 4630 889 4683 αὑτὸν
941 4633 1286 4705 εὑρίσκονται
1320 4616 1464 4712 ’παρ’
1495 4645 1595 4697 αὑ-

15 4706 111 4761 οῦ.
151 4711 269 4763 Καί
299 4711 389 4765 διὰ
429 4715 525 4782 μὲν
550 4717 641 4769 τοῦ
678 4720 841 4790 νόμου
882 4724 1205 4797 εὑρίσκομεν
1232 4731 1383 4795 Θεὸν,
1418 4706 1517 4788 ’διὰ
1541 4734 1597 4791 δὲ

15 4798 104 4850 ὧν
128 4800 487 4894 εὐαγγελίων
512 4806 877 4880 εὑρισκόμεθα
912 4817 1042 4886 παρ’
1071 4818 1255 4885 αὐτοῦ,
1301 4821 1482 4894 ἐχθροὶ
1507 4824 1596 4878 ὅν-

15 4907 83 4951 ες
110 4889 178 4943 τὸ
209 4892 478 4964 πρότερον
502 4898 594 4950 καὶ
626 4918 643 4950 ι
668 4898 807 4964 ξένοι
833 4903 941 4959 τῶν
967 4905 1237 4978 διαθηκῶν
1264 4930 1284 4963 ι
1438 4914 1593 4980 Θεοῦ,

26 4978 356 5074 ἐλπίδαᾼμὴ
384 4982 596 5054 ἔχοντες
635 4989 728 5041 καὶ
756 4990 904 5045 ἄθεοι
932 4995 990 5048 ἐν
1029 4995 1106 5067 τῷ
1139 4999 1327 5071 κόσμῳ
1346 5017 1361 5033 ο
1387 5020 1405 5054 ι
1444 5003 1477 5074 ἢ
1508 4978 1598 5059 διά

16 5072 322 5142 ρακτικῆς
362 5075 459 5144 μὲν
484 5078 810 5152 εὑρίσκομεν
836 5083 988 5149 Θεὸν,
1021 5087 1107 5141 διὰ
1136 5088 1192 5141 δὲ
1220 5072 1473 5159 γνώσεως
1508 5095 1598 5148 εὑ-

16 5163 316 5234 ισκὸμεθα
345 5169 474 5238 παρ’
498 5170 684 5225 αὐτοῦ.

52 5281 78 5310 ⁸
110 5278 318 5334 Matth.
344 5297 440 5348 vn,
487 5282 539 5337 6.
614 5286 634 5317 "
663 5286 800 5344 Gen.
845 5307 905 5358 Il,
958 5294 1008 5349 7.
1084 5296 1106 5328 ⁸
1133 5297 1263 5353 ibid.
1295 5316 1335 5365 ι,
1370 5301 1463 5361 24.
1538 5304 1594 5358 9;

1712 5321 1745 5361 I.
1787 5321 1899 5374 31v,
1944 5305 1998 5360 6.

55 5420 188 5561 (54)
239 5422 550 5492 Ἐπιθυμία
584 5428 698 5497 μὲν
716 5431 987 5500 καρδίας,
1018 5441 1122 5485 etc.
1152 5430 1318 5488 Idem.

56 5491 163 5559 (55
214 5491 527 5561 Στέφανος
546 5500 664 5561 μὲν
695 5501 977 5561 Χριστοῦ.
1005 5516 1113 5559 etc.
1142 5502 1317 5561 Sched

15 5491 527 5616 ³(.;ῗ)ἒ’ἒι)νξῖζέςοανος
546 5491 664 5568 ,ιὶὲν
695 5491 981 5570 Χρῖστοῧ,
1005 5516 1113 5559 etc.
1142 5502 1364 5561 Scheda:
1385 5505 1595 5576 Grabii,

371 5626 459 5686 ὧν
480 5652 569 5707 τις
603 5641 959 5711 ἐπιτηδεύει,
992 5652 1099 5698 etc.
1129 5642 1354 5702 Schedm
1381 5647 1591 5704 Grabii.

16 5701 189 5826 £557)
224 5701 513 5772 Ztitncor
544 5701 601 5767 'st
625 5716 663 5784 ἡ
685 5701 802 5784 uti»
828 5701 1025 5785 ἐστὶν,
1055 5724 1161 5772 etc.
1197 5701 1412 5776 seu...
1435 5701 1595 5778 sese;

1700 4550 1830 4612 tuis,
1859 4559 1968 4602 etc.
2010 4548 2218 4603 Inimici
2269 4548 2478 4603 Domini
2512 4548 2795 4602 inveniunt
2838 4560 2993 4612 eum;
3054 4548 3146 4617 qui
3175 4563 3274 4601 au-

1700 4649 1808 4695 tem
1840 4654 1963 4693 enm
1991 4642 2246 4703 oderunt,
2274 4640 2624 4694 inveniuntur
2651 4640 2721 4693 ab
2745 4653 2831 4695 eo.
2866 4639 2933 4693 Et
2965 4654 3058 4709 per
3099 4639 3272 4709 legem

1699 4732 1914 4800 quidem
1948 4732 2254 4787 invenimus
2288 4731 2478 4795 Deum,
2511 4745 2609 4800 per
2637 4730 2928 4799 Evangelia
2964 4745 3090 4786 vero
3118 4732 3186 4785 ab
3206 4748 3274 4785 eo

1701 4822 2128 4895 invenimur,qui
2164 4827 2315 4891 prius
2344 4824 2553 4879 inimici
2598 4839 2835 4889 eramus,
2870 4842 2889 4876 ι
2931 4832 2987 4877 et
3037 4824 3274 4892 hospites

1699 4925 2150 4971 testamentorum
2189 4934 2208 4967 ι
2240 4915 2354 4981 Dei,
2386 4936 2406 4969 ι
2435 4931 2583 4985 spem
2612 4931 2714 4969 non
2769 4917 3050 4979 habentes,
3075 4925 3130 4970 et
3157 4917 3275 4971 sine

1706 5010 1815 5064 Deo
1846 5010 1901 5063 in
1925 5010 2028 5063 hoc
2051 5008 2253 5063 mundo
2284 5008 2349 5062 ¹¹.
2382 5026 2403 5059 υ
2441 5006 2538 5064 Vel
2561 5023 2659 5078 per
2680 5009 2945 5063 actionem
2974 5008 3278 5063 invenimus

1704 5103 1896 5171 Deum,
1924 5112 1979 5159 et
2006 5119 2104 5175 per
2134 5103 2497 5175 cognitionem
2528 5104 2837 5161 invenimur
2864 5105 2933 5160 ab
2958 5118 3042 5160 eo.

2101 5306 2145 5337 ¹⁰
2173 5306 2306 5361 ibid.
2358 5321 2455 5372 xu,
2500 5305 2592 5363 28.
2670 5307 2711 5339 ¹¹
2747 5305 3157 5377 Epltes.n.12.

1799 5438 1889 5514 ἐξ)
1930 5439 1993 5514 ξρ
2010 5440 2334 5514 βασιλεὺς,
2366 5454 2469 5500 etc.
2501 5444 2811 5502 Corderius.

1928 5499 2334 5581 Τὸοωτήριοίθξ
2363 5499 2471 5572 etc.
2502 5499 2957 5574 schedieCrabii.

1798 5579 1884 5660 tu)
1927 5579 2221 5660 '{l_6_d_§a_,
2250 5579 2354 5641 etc.
2390 5585 2593 5642 Partim
2633 5588 2925 5645 Corderius
2967 5588 3274 5659 partimque

1699 5649 1911 5704 scheda:
1939 5650 2148 5707 Graliii.

1772 5720 1884 5796 (ii)
1929 5725 1991 5796 Q2
2031 5724 2148 5791 μὲν
2190 5724 2426 5794 ἐχθροί,
2476 5734 2583 5782 etc.
2640 5725 2821 5784 Codex
2871 5729 3271 5796 Coislinianus,

1697 5793 1908 5849 scheda:
1934 5792 2143 5849 Grabii.
