3986 6384
540 273 677 330 1251
1909 267 2002 323 EX
2039 264 2103 324 01

2221 262 2345 320 ENE
3655 267 3683 321 1
3697 264 3802 321 {5'2

608 389 883 456 Eiusdem.
938 387 1324 447 Velocissimos
1369 387 1588 458 quidem
1641 387 2103 457 comprehendet,

2292 385 2401 439 Τοῦ
2427 382 2634 440 αὑτοῦ.
2676 383 2788 438 Καὶ
2816 383 2943 448 τοὺς
2981 401 3080 456 μεν
3111 390 3446 456 ταχυτάτους
3481 384 3592 456 (42)
3623 403 3804 440 κατα-

532 479 947 536 robustissimos
989 487 1173 534 autem
1224 477 1534 532 interliciet.
1583 475 1897 532 Inveniatur
1927 486 2108 530 autem

533 587 778 643 pugnans
808 571 1026 642 quando
1059 568 1385 640 supplicium
1429 570 1616 632 sumit,
1655 567 1810 636 juxta
1859 568 1990 623 illud
2018 569 2062 600 ¹³
2091 585 2105 623 :

537 685 560 722 ι
601 667 808 735 Pugnat
835 663 1098 720 Dominus
1138 678 1299 716 manu
1333 663 1544 716 occulta
1569 669 1757 716 contra
1797 659 2039 715 Amalec.
2084 677 2104 712 ι

605 757 771 812 Vens.
806 756 895 810 10.
926 753 1099 808 Panes
1129 769 1215 807 eos
1243 763 1299 806 ut
1322 752 1592 806 clibanum
1626 754 1791 822 ignis,
1833 764 1939 806 etc.
1995 751 2109 806 Hoc

533 849 602 904 de
627 847 896 918 perversis
923 847 1000 901 ait
1033 862 1047 899 :
1075 845 1323 900 clibanus
1377 846 1524 898 enim
1587 844 1726 914 ignis
1769 853 1918 909 sunt,
1975 858 2109 912 quo-

532 941 680 996 niam
733 953 962 994 accensa
1021 947 1147 993 sunt
1203 936 1352 991 velut
1403 929 1658 991 cl’manus
1685 937 1847 989 corda
1896 950 2104 990 eorum.

532 1031 710 1098 Atque
736 1029 861 1084 alibi
891 1028 1054 1084 etiam
1089 1028 1298 1082 dictum
1343 1036 1428 1081 est
1461 1027 1506 1058 ¹⁸
1541 1045 1555 1081 :
1588 1046 1606 1078 ι
1643 1024 1898 1080 Omnium
1949 1027 2108 1082 adul-

535 1128 772 1176 terorum
811 1121 972 1174 corda
1005 1128 1134 1174 sunt
1169 1128 1228 1172 ut
1258 1118 1524 1174 clibanus.
1570 1137 1590 1170 ι
1931 1111 1937 1118 ’

607 1213 863 1266 Dominus
889 1213 942 1266 in
969 1212 1051 1265 ira
1084 1227 1181 1264 sua
1204 1211 1537 1264 conturbabit
1572 1225 1681 1272 eos,
1708 1217 1816 1263 etc.
1855 1207 2108 1264 Turban-

535 1311 626 1358 tur
654 1317 763 1372 prae
789 1301 1194 1372 exspectatione
1215 1298 1488 1370 supplicii,
1519 1313 1624 1354 non
1647 1313 1834 1354 omnes
1861 1298 2106 1362 omnino,

534 1394 628 1450 sed
654 1393 745 1463 qui
776 1409 843 1448 ex
879 1393 1154 1462 voluptate
1195 1391 1438 1458 perversi
1467 1399 1615 1456 sunt,
1664 1397 1717 1445 et
1751 1388 1887 1445 falsa
1929 1388 2107 1458 magni

535 1484 762 1540 faciunt.
798 1502 817 1535 ‹
851 1483 918 1537 Et
962 1481 1242 1538 devorabit
1269 1494 1365 1536 eos
1409 1480 1567 1552 ignis,
1611 1496 1630 1532 ι
1664 1479 1922 1549 quoniam
1981 1485 2109 1534 sunt

535 1579 698 1649 ligna,
733 1577 958 1638 finitum,
984 1576 1202 1647 stipula.

609 1670 774 1727 Vens.
823 1669 909 1723 li.
964 1665 1222 1722 Fructum
1261 1682 1442 1721 eorum
1492 1666 1558 1720 de
1611 1676 1753 1719 terra
1804 1663 2012 1733 perdes,
2057 1670 2108 1716 et

2212 477 2460 549 λήψεται,
2493 477 2618 541 τοὺς
2645 476 2702 530 δὲ
2739 476 3144 541 δυνατωτάτους
3176 477 3484 531 καταλύσει.
3527 478 3802 550 Εὑρεθείη

2213 569 2269 622 δὲ
2314 567 2690 640 πολεμοῦσαή
2737 567 3145 640 τιμωρουμένη,
3197 570 3334 623 κατὰ
3375 569 3466 622 τὸο
3519 588 3538 620 ι
3561 570 3804 640 Πολεμεί

2215 660 2419 732 Κύριος
2450 661 2595 732 χειρὶ
2631 660 2839 732 κρυφίᾳ
2863 659 2954 712 ἐπὶ
2977 660 3069 714 τὸν
3109 661 3398 732 Ἀμαλέκ.)
3715 659 3720 663 ’

2288 751 2507 820 Θήσεις
2555 752 2777 818 αὐτοὺς
2827 753 2908 818 ὡς
2955 753 3247 808 κλίϐανον
3293 753 3503 821 πυρὸς,
3555 771 3609 808 κ.
3648 770 3703 806 τ.
3749 753 3798 806 ὲ.

2214 841 2385 895 Τοῦτο
2414 843 2542 914 περὶ
2569 841 3016 914 πονηρευομένων
3046 843 3157 914 (45)
3189 843 3320 914 φησί
3345 860 3358 873 ·
3399 843 3659 906 κλίϐανος
3691 845 3803 915 γάρ

2214 935 2320 986 εἰσι
2349 933 2541 1005 πυρὸς,
2571 935 2693 987 ἐπεὶ
2733 934 3147 1007 ἐθερμάνθησαν
3183 935 3259 998 ὡς
3287 934 3540 999 κλίϐανος
3569 936 3627 988 αἱ
3659 951 3802 1005 καρ-

2212 1024 2321 1079 δίαι
2351 1024 2548 1079 αὐτῶν.
2590 1025 2698 1079 Καὶ
2721 1025 2936 1097 εἴρηται
2966 1024 3031 1096 δή
3069 1041 3194 1079 ’κου’
3231 1046 3249 1078 ι
3275 1026 3483 1090 Πάντες
3513 1026 3802 1097 μοιχεύον-

2213 1133 2324 1180 τες,
2351 1115 2426 1180 ὡς
2450 1116 2700 1182 κλίϐανος
2729 1119 2784 1171 αἱ
2817 1117 3036 1190 καρδίαι
3063 1117 3264 1172 αὐτῶν.
3302 1136 3323 1171 ›

2282 1209 2498 1276 Κύριος
2556 1209 2626 1263 ἐν
2675 1208 2826 1279 ὀργῇ
2875 1209 3064 1264 αὑτοῦ
3124 1208 3486 1278 συνταράξει
3545 1210 3800 1276 αὐτοὺς,

2213 1318 2266 1354 κ.
2296 1317 2343 1353 τ.
2379 1301 2426 1353 ἑ.
2467 1300 2837 1373 Ταράττονται
2886 1301 2943 1354 δὲ
2975 1301 3068 1354 ἐπὶ
3119 1301 3412 1374 προσδοκίᾳ
3460 1303 3574 1373 (44)
3625 1319 3800 1372 τιμω-

2215 1387 2354 1461 ρίας,
2393 1390 2490 1459 οὑχ
2534 1389 2721 1454 ἀπλῶς
2765 1389 2988 1454 πάντες,
3038 1389 3152 1444 ἀλλ’
3187 1391 3236 1442 οἱ
3282 1389 3349 1442 δι’
3373 1389 3567 1460 ἡδονὴν
3609 1390 3796 1450 κακοὶ,

2213 1481 2306 1534 καὶ
2335 1481 2647 1549 δοξάζοντες
2673 1482 2741 1536 τὰ
2768 1481 2960 1554 ψευδῆ.
3009 1499 3028 1533 ι
3055 1481 3166 1536 Καὶ
3189 1481 3563 1549 καταφάγεται
3594 1481 3798 1543 αὐτοὺς

2212 1574 2347 1646 πῦρ,
2375 1594 2396 1628 s
2427 1573 2613 1646 ἐπειδή
2645 1576 2750 1628 είσι
2775 1574 2927 1641 ξύλα,
2959 1575 3174 1646 χόρτος,
3201 1572 3440 1642 καλάμη.

2288 1665 2398 1719 Τὸν
2441 1665 2674 1733 καρπὸν
2711 1665 2911 1720 αὐτῶν
2949 1665 3064 1720 ἀπὸ
3104 1663 3218 1734 γῆς
3261 1661 3532 1728 ἀπολεῖς,
3571 1662 3678 1714 καὶ
3729 1661 3798 1714 τὸ

534 1777 706 1816 semen
739 1775 918 1813 eorum
956 1775 988 1811 a
1021 1757 1147 1826 ﬁliis
1191 1757 1485 1822 hominum,
1543 1766 1650 1812 etc.
1684 1754 1801 1810 Non
1855 1756 2103 1810 substan-

2221 1754 2444 1824 γπέρμα
2486 1753 2684 1809 αὐτῶν
2709 1754 2828 1809 ἀπὸ
2872 1754 3019 1810 υἱῶν
3058 1751 3399 1821 ἀνθρώπων,
3447 1769 3504 1805 κ.
3528 1768 3583 1807 1.
3606 1751 3659 1804 ἑ.
3717 1752 3796 1805 Οὐ

535 1853 686 1914 tiam,
709 1847 876 1921 619
911 1847 1158 1903 interitus
1187 1841 1332 1902 enim
1362 1863 1557 1916 expers
1591 1857 1704 1912 est;
1739 1847 1832 1902 sed
1865 1847 2103 1916 qualita-

536 1954 643 1998 tem
677 1957 781 2011 qua
813 1939 1141 2009 germinavit
1169 1939 1336 2010 ligna,
1369 1938 1606 2005 fanum,
1639 1939 1914 2009 stipulam,
1965 1937 2104 1993 mala

534 2045 731 2102 nempe
765 2046 965 2102 opera;
1015 2031 1100 2086 vel
1133 2032 1294 2086 etiam
1327 2031 1378 2086 id
1413 2031 1559 2100 quod
1593 2030 1716 2084 mali
1751 2040 1806 2085 et
1835 2029 1984 2098 impii
2015 2044 2106 2084 se-

534 2125 813 2179 minarunt
839 2137 1047 2186 semen,
1074 2123 1217 2193 quod
1247 2123 1464 2193 quidem
1496 2122 1769 2192 diSperdet
1800 2120 1945 2176 Deus
1973 2136 2002 2176 a
2045 2119 2106 2174 li-

533 2215 622 2271 liis
651 2216 950 2270 hominum.
1003 2214 1327 2270 Beneﬁcium
1368 2223 1548 2268 autem
1595 2220 1678 2268 est
1717 2229 1746 2266 a
1782 2213 2020 2282 peccatis
2051 2220 2107 2268 et

534 2307 690 2363 malis
715 2308 1136 2380 cogitationibus
1160 2305 1430 2363 decidere.
1462 2305 1662 2360 Semen
1691 2307 1834 2360 enim
1867 2305 2104 2375 peccati,

533 2400 792 2468 cogitatio
826 2413 1104 2470 perversa.

502 2546 514 2556 ,
603 2488 769 2546 Vens.
803 2489 890 2543 12.
925 2489 1191 2555 Quoniam
1213 2487 1608 2544 declinaverunt
1633 2489 1688 2544 in
1731 2497 1780 2542 te
1808 2487 1974 2553 mata,
2013 2503 2105 2542 co-

531 2582 828 2651 gitaverunt
856 2581 1076 2635 consilia
1109 2597 1226 2651 qua:
1255 2597 1358 2635 non
1385 2591 1664 2649 potuerunt
1696 2581 1952 2648 stabilire,
1993 2589 2101 2636 etc.

532 2670 640 2727 Per
672 2673 854 2728 omnia
880 2687 1002 2728 sese
1029 2684 1248 2728 vertunt
1271 2674 1512 2743 perversi
1544 2683 1604 2728 ut
1641 2672 1941 2728 imbecilles
1969 2674 2104 2727 ado-

534 2763 764 2819 riantur.
807 2763 1128 2836 Excogitant
1184 2767 1329 2821 enim
1376 2765 1604 2822 insidias
1657 2766 1926 2822 adversus
1976 2781 2104 2822 eum

531 2858 626 2930 qui
662 2872 855 2912 noxam
881 2873 988 2912 non
1015 2857 1201 2913 ferret.

607 2951 883 3022 Ejusdem.
939 2950 1178 3020 Quilibet
1226 2966 1519 3023 perversus
1568 2952 1807 3008 declinat
1858 2952 2000 3008 mala
2052 2951 2104 3007 in

511 3059 657 3101 'eum
693 3044 780 3100 cui
829 3058 1027 3099 nocere
1069 3043 1199 3108 vult,
1240 3044 1323 3098 vel
1356 3045 1407 3099 in
1442 3059 1566 3100 eum
1621 3045 1845 3116 quicum
1880 3043 2102 3113 injuste,

531 3135 615 3192 vel
650 3135 703 3190 in
729 3149 852 3190 eum
886 3134 1103 3206 quicum
1137 3135 1299 3205 impie
1321 3136 1452 3207 agit.

543 3225 554 3230 ”
606 3226 878 3298 Ejusdem.
914 3229 1066 3284 Tunc
1113 3229 1462 3296 inclinamur,
1508 3231 1726 3300 quando
1762 3243 1952 3287 contra
2003 3246 2104 3286 na-

533 3326 712 3375 turam
739 3335 1043 3376 movemur.

605 3409 766 3467 Vsus.
799 3412 886 3467 l3.
919 3411 1184 3478 Quoniam
1219 3430 1379 3483 pones
1408 3430 1497 3470 eos
1539 3415 1755 3470 dorsum
1795 3429 1816 3469 :
1863 3415 1923 3470 in
1982 3414 2107 3469 reli-

531 3503 669 3574 quiis
697 3505 801 3558 tuis
829 3505 1148 3574 prwparabis
1189 3505 1392 3560 uultum
1435 3522 1636 3573 eorum,
1671 3517 1778 3562 etc.
1810 3506 2103 3577 Postquam

530 3595 691 3668 positi
726 3595 926 3651 iuerint
961 3597 1209 3653 odientes
1259 3597 1544 3654 Dominum
1575 3608 1636 3653 ut
1686 3598 1932 3656 clibanus
1966 3600 2106 3668 ignis

532 3688 585 3745 in
619 3698 858 3757 tempore
885 3688 1062 3742 vultus
1092 3689 1233 3758 ejus,
1279 3699 1334 3744 et
1358 3691 1666 3746 conturbati
1699 3690 1903 3746 fuerint
1932 3707 1962 3746 a
1999 3692 2106 3747 Du-

532 3781 682 3836 mino
738 3780 790 3833 in
842 3780 922 3834 ira
955 3782 1097 3849 ejus,
1128 3796 1193 3836 ac
1221 3782 1566 3838 devoraverit
1611 3797 1705 3838 eos
1743 3783 1910 3854 ignis,
1937 3793 2104 3854 atque

528 3871 826 3944 perdiderit
855 3870 1112 3927 Dominus
1141 3871 1378 3927 fructum
1409 3888 1597 3928 eorum
1629 3875 1696 3929 de
1727 3884 1895 3936 terra,
1963 3890 2102 3944 quo—

531 3964 676 4018 niam
711 3961 936 4032 spiritus
971 3961 1175 4016 fructus
1209 3978 1315 4017 non
1345 3972 1496 4031 erat;
1531 3973 1817 4034 postquam
1850 3965 1979 4019 item
2013 3981 2102 4020 se-

530 4064 653 4105 men
680 4064 868 4105 eorum
913 4049 1295 4119 disperdiderit
1316 4066 1345 4106 a
1373 4052 1496 4107 tiliis
1526 4053 1804 4108 hominum
1834 4055 2101 4124 (declina-

529 4149 726 4196 verunt
764 4140 912 4195 enim
957 4139 1208 4197 odientes
1259 4141 1547 4199 Dominum
1590 4146 1730 4199 mala
1765 4147 1816 4201 in
1847 4161 1995 4212 eum,
2047 4157 2103 4204 et

530 4222 912 4304 cogitaverunt
941 4233 1164 4288 consilia
1193 4249 1313 4302 qua:
1340 4249 1447 4287 non
1482 4243 1777 4304 potuerunt
1809 4239 2099 4310 stabilire),

528 4340 594 4381 ac
624 4335 908 4396 postquam
935 4334 1120 4394 postea
1152 4325 1396 4392 posuerit
1421 4325 1537 4381 illos
1561 4327 1828 4397 fugientes
1855 4331 2098 4396 dorsum,

2205 1849 2304 1920 τὴν
2331 1847 2442 1919 (45)
2475 1847 2683 1911 οὐσίαν,
2721 1845 3024 1918 ἀνώλεθρος
3048 1845 3177 1917 γὰρ,
3211 1845 3344 1899 ἀλλὰ
3385 1843 3483 1915 τὴν
3521 1844 3794 1915 ποιότητα

2206 1938 2328 1991 καθ’
2361 1939 2426 2008 ἢν
2453 1936 2750 2009 ἐϐλάστησε
2777 1936 2930 2004 ξύλα,
2971 1938 3183 2010 χόρτον,
3216 1937 3490 2007 καλάμην,
3517 1936 3589 1990 τὰ
3622 1953 3794 2006 πονη-

2209 2030 2277 2101 ρά
2304 2030 2440 2101 ἔργα
2457 2048 2471 2062 ο
2499 2030 2534 2101 ἢ
2562 2030 2656 2084 καὶ
2683 2031 2818 2102 ὅπερ
2849 2031 2898 2083 oi
2923 2032 3085 2084 κακοὶ
3126 2031 3219 2084 καί
3245 2029 3526 2093 δυσσεϐεῖς
3555 2029 3796 2082 κατέϐα-

2205 2121 2295 2174 λον
2325 2120 2563 2192 σπέρμα,
2594 2121 2731 2192 ὅπερ
2764 2119 3011 2191 ἀφανίζει
3036 2123 3066 2175 ό
3098 2121 3231 2185 Θεὸς
3252 2121 3358 2174 ἀπὸ
3382 2121 3489 2173 τῶν
3521 2120 3658 2174 υἱῶν
3683 2123 3826 2174 τῶν

2205 2212 2526 2284 ἀνθρώπων.
2565 2213 2869 2284 Εύεργεσία
2898 2213 2956 2266 δέ
3006 2215 3151 2267 ἐστιν
3196 2216 3444 2268 ἐκπεσεῖν
3497 2213 3793 2286 ἁμαρτιῶν

2207 2305 2300 2358 καὶ
2347 2304 2567 2358 ἐννοιῶν
2606 2305 2875 2378 πονηρῶν.
2914 2306 3143 2378 Σπέρμα
3178 2306 3286 2379 γὰρ
3319 2305 3598 2378 ἁμαρτίας
3645 2306 3794 2374 λογι-

2207 2396 2343 2468 σμὸς
2373 2398 2626 2470 πονηρός.

2279 2489 2398 2542 Ὅτι
2423 2492 2676 2544 έκλιναν
2693 2492 2780 2557 εις
2805 2491 2879 2545 σὲ
2898 2491 3070 2557 κακὰ,
3105 2490 3520 2562 διελογίσαντο
3537 2491 3796 2560 ,βουλὴν

2206 2580 2288 2649 ἣν
2327 2583 2400 2636 σὺ
2435 2581 2522 2651 μὴ
2561 2582 2853 2638 δύνωνται
2896 2583 3143 2650 στῆσαι,
3189 2601 3242 2637 κ.
3278 2601 3327 2638 1.
3351 2584 3396 2636 ὲ.
3431 2583 3532 2636 Διά
3569 2583 3796 2637 πάντων

2205 2676 2253 2728 οἱ
2285 2674 2478 2745 φαῦλοι
2507 2675 2616 2746 (46)
2646 2676 3117 2748 καταστραφέντες
3159 2676 3436 2739 ἀδυνάτοις
3475 2674 3794 2747 ἐπιχειροῦ-

2209 2785 2279 2821 σι.
2321 2767 2724 2836 Διαλογίζονται
2749 2767 2856 2840 γὰρ
2895 2767 3339 2841 ὲπιϐουλευτικὴν
3364 2768 3504 2822 κατά
3531 2767 3630 2822 τοῦ
3665 2767 3795 2839 βλά-

2208 2859 2310 2932 ϐην
2337 2861 2412 2933 μὴ
2443 2861 2824 2933 ὑπομένοντος.

2285 2952 2396 3006 Τοῦ
2427 2953 2634 3008 αὐτοῦ.
2695 2954 2790 3018 Εἰς
2834 2953 2894 3007 ὃν
2937 2951 3079 3007 θέλει
3126 2952 3354 3016 ἕκαστος
3395 2951 3503 3006 τῶν
3531 2952 3796 3024 πονηρῶν

2209 3048 2547 3110 κακοποιεῖν,
2592 3044 2762 3099 κλίνει
2792 3045 2862 3100 τὰ
2892 3045 3057 3110 κακὰ,
3112 3044 3145 3116 ἢ
3181 3045 3260 3108 είς
3303 3043 3362 3097 δν
3397 3043 3592 3108 ἀδικεῖ,
3638 3043 3677 3114 ἢ
3710 3047 3798 3109 εις

2206 3135 2266 3189 ὃν
2293 3136 2498 3190 ἀσεϐεῖ.

2283 3230 2392 3283 Τοῦ
2417 3229 2624 3286 αὑτοῦ.
2655 3230 2790 3284 Τότε
2829 3229 3140 3303 κλινόμεθα,
3189 3231 3277 3284 ὅτε
3310 3230 3461 3302 παρά
3504 3231 3670 3301 φύσιν
3705 3250 3795 3286 κι-

2203 3319 2468 3391 νούμεθα.

2279 3411 2399 3464 Ὅτι
2427 3411 2636 3478 θήσεις
2658 3412 2880 3479 αὐτοὺς
2913 3412 3132 3468 νῶτον·
3167 3415 3236 3468 ὲν
3263 3412 3388 3480 τοῖς
3414 3414 3796 3481 περιλοίποις

2205 3515 2323 3555 σου
2355 3501 2689 3571 ἐτοιμὰσεις
2711 3505 2777 3557 τὸ
2802 3505 3124 3572 πρόσωπον
3136 3505 3353 3570 αὐτῶν,
3388 3523 3442 3559 κ.
3462 3522 3509 3558 τ.
3541 3507 3591 3560 ὲ.
3629 3505 3795 3559 Μετὰ

2205 3591 2448 3646 τίθεσθαι
2480 3593 2589 3666 (47)
2627 3596 2754 3659 τοὺς
2789 3595 3078 3666 μισοῦντας
3106 3597 3198 3650 τὸν
3229 3598 3430 3670 Κύριον
3489 3597 3569 3662 ὡς
3601 3598 3796 3651 κλίϐαο

2204 3701 2294 3740 νον
2325 3684 2496 3756 πυρὸς
2528 3687 2608 3750 εἰς
2635 3688 2823 3760 καιρὸν
2854 3687 2946 3741 τοῦ
2981 3688 3271 3760 προσώπου
3313 3688 3497 3754 αὐτοῦ,
3535 3691 3632 3744 καὶ
3669 3709 3796 3744 συν-

2203 3775 2568 3847 ταράσσεσθαι
2616 3777 2811 3841 αὐτοὺς
2842 3778 2947 3832 ὑπὸ
2991 3781 3194 3852 Κυρίου
3228 3783 3286 3834 ὲν
3333 3784 3397 3852 τῇ
3427 3782 3567 3854 ὀργῇ
3597 3784 3792 3849 αὐτοῦ,

2205 3868 2298 3921 καὶ
2323 3869 2483 3938 ἡνίκα
2528 3871 2911 3943 καταφάγηται
2956 3873 3152 3938 αὐτοὺς
3182 3873 3314 3948 πῦρ,
3361 3876 3452 3928 καὶ
3481 3877 3738 3952 ἀπολέσῃ
3763 3881 3793 3932 ὁ

2203 3958 2405 4030 Κύριος
2425 3961 2515 4012 τὸν
2545 3962 2752 4031 καρπὸν
2785 3963 2966 4016 αὐτῶν
2990 3964 3098 4018 ἀπὸ
3121 3965 3246 4035 γῆς,
3275 3967 3504 4038 ἐπείπερ
3531 3969 3593 4021 οὐ
3626 3969 3793 4023 πνεύ-

2208 4068 2374 4120 ματος
2410 4052 2620 4124 καρπὸς
2649 4050 2715 4124 ἦν
2735 4071 2748 4084 '
2783 4055 2876 4107 καὶ
2909 4057 3046 4109 ἐπὰν
3078 4056 3138 4110 τὸ
3172 4057 3391 4130 σπέρμα
3439 4059 3622 4113 αὐτῶν
3656 4063 3793 4115 ἀπο-

2204 4138 2332 4211 λέσῃ
2361 4141 2467 4194 ἀπὸ
2517 4141 2646 4195 υίῶν
2691 4143 2991 4214 ἀνθρώπων
3037 4145 3271 4216 (ἔκλιναν
3307 4148 3416 4220 γὰρ
3457 4150 3508 4202 οἱ
3567 4152 3792 4220 μισοῦν-

2203 4233 2522 4304 τες-Κύριον
2551 4235 2696 4289 κακὰ
2724 4238 2802 4300 είς
2848 4237 3028 4306 αὐτὸν,
3058 4241 3150 4293 καὶ
3174 4240 3540 4309 διελογίσαντο
3567 4243 3788 4314 βουλὰς,

2201 4322 2268 4387 ἃς
2298 4325 2491 4394 στῆσαι
2543 4327 2604 4380 οὐ
2654 4327 2951 4399 δύνανται)⁶
3004 4330 3098 4384 καὶ
3147 4331 3285 4385 ἐπάν
3332 4333 3468 4403 μετά
3511 4335 3694 4390 ταῦτα
3724 4337 3788 4408 Bg

531 4427 656 4474 tunc
691 4419 1019 4489 prmparabit
1049 4418 1256 4472 vultum
1289 4433 1476 4472 eorum
1511 4419 1562 4474 in
1593 4420 1854 4490 reliquiis.
1887 4433 1942 4478 ut
1977 4434 2101 4495 post

2221 4416 2398 4480 ιύτοὺς
2428 4417 2728 4486 φεύγοντας
2760 4421 2947 4489 νῶτον,
2999 4423 3121 4477 τότε
3171 4427 3446 4496 ἑτοιμάσει
3479 4427 3544 4481 τὸ
3568 4430 3792 4500 πρόσω-

530 4517 610 4564 tot
644 4509 880 4576 dolores,
913 4508 1292 4564 remissionem
1332 4509 1646 4578 obtineant,
1676 4523 1731 4567 et
1759 4514 1826 4570 ad
1852 4511 2101 4572 content-

527 4599 820 4671 plationetn
857 4603 1196 4657 perveniant.

598 4759 767 4817 Vens.
796 4759 883 4814 14.
919 4759 1194 4826 Exaltare,
1231 4760 1470 4832 Domine,
1513 4765 1568 4819 in
1599 4766 1790 4821 uirtute
1817 4777 1935 4834 tua,
1973 4785 2102 4824 can-

527 4853 753 4908 labimus
806 4864 853 4907 et
903 4853 1187 4923 psaltemus
1219 4855 1438 4909 virtutes
1490 4865 1630 4921 tuas,
1681 4869 1786 4914 etc.
1820 4861 1876 4915 Si
1929 4862 2102 4918 virtus

527 4942 621 4997 Dei
649 4942 898 4998 Christus
925 4955 1029 5007 est,
1065 4945 1188 4997 dum
1222 4945 1498 5000 exaltatur
1529 4946 1582 5000 in
1611 4937 1817 5003 virtute
1859 4967 1954 5006 sua
1986 4952 2094 5008 Do-

525 5040 724 5100 minus,
770 5039 824 5092 in
870 5036 1086 5094 Christo
1135 5038 1430 5094 exaltatur.
1477 5039 1638 5095 Canit
1665 5049 1848 5100 autem
1873 5045 2093 5117 aliquis,

599 5155 642 5190 ⁸⁸
677 5155 848 5212 Exod.
875 5172 1009 5213 xvu.
1090 5159 1134 5190 ¹³
1164 5157 1303 5214 Osee
1333 5173 1429 5222 vn,
1459 5159 1514 5216 4.

523 5367 568 5425 G
758 5298 866 5352 Kal
921 5297 1064 5364 τοὺς
1105 5298 1222 5363 μὲν
1271 5297 1660 5366 ταχυτάτους,
1714 5313 1820 5357 etc.
1873 5301 2096 5360 Srhedte

576 5385 629 5421 ra
655 5383 732 5421 )ll.

561 5437 709 5520 _(43)
761 5436 940 5491 Τοῦτο
985 5441 1124 5506 περὶ
1167 5437 1696 5506 πονηρευομένων,
1746 5451 1851 5498 etc.
1893 5444 2095 5501 Corde-

527 5523 1129 5701 ἓίἒέξζ.τναράττονται
1150 5577 1218 5632 δὲ
1239 5577 1336 5632 ἐπὶ
1359 5577 1714 5648 προσδοκίᾳ,
1741 5592 1846 5638 etc.
1874 5584 2098 5644 Scheda:

600 5715 712 5788 (45)
731 5720 812 5774 οὐ
846 5717 962 5788 τὴν
985 5718 1224 5786 οὐσίαν,
1255 5730 1362 5779 etc.
1389 5719 1620 5778 Schedte
1644 5720 1852 5780 Grabii.

2157 4515 2160 4518 ’
2205 4525 2306 4561 πον
2339 4509 2517 4564 αὐτῶν
2563 4514 2619 4565 ὲν
2663 4517 2774 4578 τοῖς
2813 4515 3164 4586 περιλοίποις,
3201 4519 3286 4572 ἵνα
3328 4523 3420 4574 καὶ
3466 4523 3525 4574 ὲν
3571 4524 3792 4588 τούτοις

2205 4601 2340 4670 μετὰ
2387 4603 2508 4667 τοὺς
2557 4605 2843 4670 τοσούτους
2885 4608 3121 4674 ἀνέσεως
3163 4610 3385 4682 τύχωσι,
3432 4615 3527 4668 καὶ
3574 4613 3792 4690 Sarapi,-

2204 4705 2359 4744 σωσι.

2284 4781 2587 4851 Ὺψώθητι,
2618 4785 2817 4856 Κύριε,
2853 4788 2924 4842 ἐν
2962 4788 3037 4859 τῇ
3067 4789 3314 4861 δυνάμει
3360 4811 3476 4848 σου
3495 4813 3510 4826 ο
3553 4796 3792 4868 ᾆσομεν

2201 4873 2299 4927 καὶ
2353 4875 2672 4946 ψαλοῦμεν
2708 4880 2831 4947 τὰς·
2863 4879 3225 4950 δυναστείας
3256 4898 3392 4949 σου,
3441 4902 3497 4940 κ.
3535 4905 3586 4943 1.
3631 4891 3680 4943 ὲ.
3719 4891 3791 4944 ΕΞ

2201 4962 2426 5034 δύναμις
2449 4967 2584 5021 Θεοῦ
2619 4969 2731 5041 (48)
2757 4973 2786 5024 ό
2819 4973 3074 5044 Χριστὸς,
3107 4974 3409 5046 ὑψούμενος
3438 4979 3500 5031 ὲν
3520 4982 3588 5050 τῇ
3622 4981 3794 5036 δυνά-

2203 5071 2294 5125 μει
2329 5057 2521 5111 ἑαυτοῦ
2550 5061 2579 5112 ό
2616 5061 2839 5133 Κύριος,
2891 5065 2950 5117 ὲν
2983 5065 3206 5135 Χριστῷ
3238 5066 3462 5137 ὑψοῦται
3538 5071 3688 5144 ’ᾼδει
3731 5073 3794 5127 δά

2244 5307 2386 5432 ἰὶ(46)
2430 5309 2533 5364 Διὰ
2569 5309 2808 5364 πάντων
2839 5313 2892 5364 οἱ
2921 5310 3177 5380 φαῦλοι,
3223 5321 3332 5368 etc.
3370 5311 3602 5370 Schedg
3647 5314 3794 5373 οη.

2273 5448 2384 5518 (47)
2413 5449 2575 5503 Μετὰ
2599 5450 2885 5514 τίθεσθαι.
2918 5460 3026 5505 etc.
3056 5450 3240 5506 Codex
3272 5451 3643 5509 Coislinianus
3669 5455 3793 5510 Eu—

2203 5519 2352 5592 sebio
2384 5520 2604 5592 tribuit,
2648 5520 2942 5592 Corderius
2983 5535 3288 5592 anonymo,
3333 5525 3548 5578 schedte
3591 5525 3792 5582 Crahii

2202 5589 2443 5660 Origeni.
2475 5588 2633 5660 Certe
2665 5591 2719 5644 in
2753 5591 2966 5646 Eusebii
2998 5588 3408 5648 commentariis
3436 5593 3490 5648 in
3526 5593 3790 5651 Psaiutos

2205 5659 2338 5728 nihil
2370 5659 2545 5712 simile
2573 5661 2859 5728 reperitur.

2275 5727 2387 5799 (48)
2419 5730 2488 5784 Et
2519 5727 2770 5802 δύναμις
2799 5731 2969 5799 Θεοῦ,
2996 5740 3102 5787 etc.
3135 5729 3447 5789 Cordcrius.

2205 5377 2239 5432 b
