3986 6384
215 219 359 275 ηδε

1169 228 1479 289 SELECTA
1514 233 1580 290 IN
1611 235 1949 294 PSALMOS.
1992 271 2061 282 --
2097 238 2297 300 PSAL.
2330 240 2471 300 XXI.

3328 240 3467 300 1254

206 348 297 425 τις
318 333 560 425 θεωρῶν,
589 335 685 391 καὶ
713 336 903 407 ψάλλει
942 342 1064 393 κατ’
1094 342 1291 416 ἀρετὴν
1338 347 1594 419 ἐνεργῶν.
1625 350 1717 402 Δεῖ
1737 349 1765 401 δ

1899 353 2112 418 quando
2136 353 2554 423 contemplatur;
2591 361 2646 409 et
2675 352 2878 424 psallit,
2909 368 3032 410 cum
3060 352 3313 409 virtutem
3338 370 3471 425 ope-

206 422 310 477 ναὶ
348 422 573 495 θεωρεῖν
598 426 699 489 τὰς
725 426 1040 493 δυναστείας
1067 432 1253 498 αὐτοῦ,
1288 435 1381 489 κα)⁸
1410 436 1550 491 κατὰ
1588 439 1791 501 ταύτας

205 514 494 589 πράττειν.

759 697 1053 753 ΨΔΛΜΟΣ
1089 702 1221 755 KA'.

289 781 346 836 Ὁ
377 782 539 850 Θεὸς,
569 784 603 838 ό
624 786 767 852 Θεός
782 804 922 855 μου,
947 790 1213 857 πρόσχες
1239 806 1361 859 μοι’
1391 793 1493 847 ἵνα
1522 796 1579 848 τί
1608 796 1784 867 ἐγκα-

202 873 447 941 τέλιπές
475 894 566 945 με,
611 886 666 932 κ.
690 897 741 934 τ.
765 881 811 933 ὲ.
852 880 998 955 Αὕτη
1050 886 1082 955 ὴ
1126 887 1277 959 φωνὴ
1303 888 1413 960 (49)
1451 890 1544 944 τοῦ
1578 894 1781 963 Κυρίου

203 967 466 1038 Χριστοῦ,
512 969 590 1041 τῷ
637 972 853 1043 σταυρῷ
882 976 1326 1049 προσηλωμένου,
1383 982 1474 1036 καὶ
1519 984 1693 1049 άλλως
1724 987 1781 1041 δὲ

202 1063 368 1114 τυποῖ
390 1062 449 1115 τὸ
477 1063 741 1137 ἡμέτερον
772 1067 963 1133 πάθος.
1008 1070 1196 1141 Ἡμεῖς
1217 1073 1325 1144 γάρ
1351 1069 1492 1146 ἦμεν
1536 1078 1584 1130 οἱ
1618 1079 1785 1147 ἐγκα-

201 1152 616 1225 ταλελειμμένοι
643 1158 739 1211 κα)⁵
764 1163 1180 1234 παρεωραμένοι
1208 1165 1499 1238 πρότερον·
1540 1164 1657 1222 εἶτα
1688 1170 1783 1224 νῦν

200 1245 670 1316 προσειλημμένοι
713 1252 806 1304 καὶ
860 1254 1191 1324 σεσωσμένοι
1235 1258 1348 1320 τοῖς
1398 1257 1494 1311 τοῦ
1538 1260 1783 1326 ἀπαθοῦς

200 1335 454 1401 πάθεσιν,
488 1336 676 1410 ὥσπερ
724 1341 822 1412 τὴν
866 1343 1174 1416 ἀφροσύνην
1200 1347 1356 1417 ἡμῶν
1384 1351 1477 1402 καὶ
1518 1351 1581 1403 τὸ
1602 1352 1783 1424 πλημ-

202 1426 366 1496 μελὲς
389 1428 772 1501 οἰκειούμενος,
820 1432 908 1486 διὰ
937 1434 1046 1488 τῶν
1079 1435 1204 1506 ἑξῆς
1232 1437 1324 1491 τοῦ
1363 1438 1578 1509 ψαλμοῦ
1610 1460 1742 1514 φησι
1762 1460 1777 1474 ⁸

1897 452 2071 500 ratur.
2117 444 2387 500 Caeterum
2422 446 2654 502 virtutes
2697 446 2811 515 ejus
2842 448 3272 520 contemplandas
3313 457 3462 514 sunt,

1897 544 1953 591 et
1987 537 2053 591 ad
2082 536 2201 594 illas
2226 538 2337 593 vita
2367 539 2655 609 exigenda.

2430 719 2751 777 PSALMUS
2788 722 2929 779 XXI.

1963 806 2130 862 Vsus.
2171 807 2225 863 2.
2267 809 2423 877 Deus,
2457 811 2597 866 Deus
2627 829 2795 878 meus,
2824 816 3022 883 respice
3050 817 3105 871 in
3149 833 3229 871 me
3253 834 3271 873 :
3299 833 3462 888 quare

1888 914 1971 952 me
2001 900 2352 971 dereliquisli,
2386 912 2494 957 etc.
2523 903 2648 959 Haec
2674 913 2758 959 est
2800 905 3010 961 Domini
3054 908 3256 963 Christi
3293 909 3475 964 cruci-

1890 989 1980 1042 ﬁxi
2014 1004 2141 1054 vox,
2188 1006 2306 1060 qua:
2347 990 2570 1048 aliunde
2606 994 2804 1063 ﬁgurat
2856 997 3000 1066 quod
3034 998 3191 1053 nobis
3244 1001 3460 1056 accidit.

1890 1077 1997 1135 Nos
2034 1080 2178 1135 enim
2202 1097 2421 1137 eramus
2450 1084 2600 1153 prius
2632 1085 2877 1140 derelicti
2909 1096 2964 1141 et
2990 1088 3253 1158 despecti.
3317 1105 3459 1145 nunc

1890 1187 2022 1228 vero
2053 1175 2394 1242 postmodum
2420 1177 2681 1246 assumpti
2712 1186 2767 1231 et
2792 1178 2925 1233 salvi
2963 1179 3092 1235 facti
3118 1184 3459 1251 passionibns

1887 1264 2006 1335 ejus
2032 1265 2125 1334 qui
2154 1279 2259 1320 non
2283 1274 2397 1319 erat
2422 1266 2770 1336 passionibus
2793 1270 3083 1334 obnoxius,
3110 1275 3456 1340 quemadmo-

1888 1356 2015 1410 dum
2061 1356 2427 1425 insipientiam
2477 1367 2720 1414 nostram
2768 1368 2823 1415 et
2869 1360 3127 1416 delictum
3167 1363 3270 1417 sibi
3296 1364 3458 1435 620

1887 1450 2327 1517 accommodans,
2380 1451 2666 1519 sequentia
2716 1451 2907 1520 psalmi
2961 1454 3125 1509 verba
3181 1457 3389 1524 profert
3439 1470 3457 1511 :

205 1535 227 1568 ι
248 1518 483 1590 Μακρὰν
511 1521 619 1573 ἀπὸ
643 1522 744 1593 τῆς
771 1524 1043 1596 σωτηρίας
1076 1544 1177 1597 μου
1211 1530 1259 1581 oi
1288 1529 1436 1599 λόγοι
1460 1532 1568 1585 τῶν
1600 1551 1765 1606 παρα·

1891 1558 1912 1592 ι
1950 1540 2133 1614 Longe
2158 1559 2185 1597 a
2217 1544 2390 1599 salute
2422 1561 2543 1599 mea
2575 1550 2740 1600 verba
2781 1546 3099 1603 delictorum
3132 1565 3399 1608 meorum.
3433 1568 3453 1603 ι

197 1610 512 1680 πτωμάτων
543 1630 662 1683 μου.
685 1632 703 1665 s
752 1615 840 1679 Ὦς
876 1616 1031 1686 ἔλεγε
1054 1618 1166 1690 (50)
1187 1638 1200 1652 ⁸
1226 1620 1462 1695 Μακρὰν
1498 1642 1565 1696 με
1596 1627 1782 1681 ποιοῦ-

197 1715 255 1751 σι
281 1700 380 1770 τῆς
409 1702 680 1773 σωτηρίας
712 1706 767 1759 αἱ
796 1706 1081 1778 ἁμαρτίαι.

271 1813 355 1868 Σὺ
405 1814 473 1869 δὲ
515 1817 585 1870 ἐν
626 1818 770 1888 ἁγιῳ
813 1823 1106 1891 κατοικεῖς
1150 1828 1186 1880 ὁ
1233 1828 1478 1897 ἔπαινος
1514 1831 1622 1886 τοῦ
1673 1832 1780 1887 ἰσ-

186 1904 378 1974 ραὴλ,
409 1924 464 1963 κ.
491 1926 541 1962 τ.
570 1909 617 1962 ἐ.
686 1911 965 1967 Ἐντεῦθεν
1008 1916 1348 1990 μανθάνομεν
1380 1919 1512 1991 (51),
1557 1925 1637 1977 ὅτι
1682 1925 1780 1978 αύ-

192 1997 480 2064 τοέπαινός
517 2000 664 2055 ἐστιν
705 2004 980 2077 όΚύριος,
1023 2008 1117 2061 καῖ⁹
1158 2009 1377 2075 ἔπαινος
1405 2012 1639 2086 Μακράν
1681 2016 1776 2070 τοῦ

209 2088 446 2161 Ἰσραήλ.

280 2181 421 2251 Ἐγὼ
442 2182 509 2236 δέ
528 2184 643 2253 ειμι
672 2186 919 2256 σκώληξ
944 2190 1042 2244 καὶ
1070 2192 1181 2246 οὐκ
1212 2191 1542 2262 ἅνθρωπος,
1575 2215 1626 2251 κ.
1651 2216 1698 2252 τ.
1725 2200 1773 2256 ὲ.

205 2271 266 2325 '0
298 2272 512 2346 σκώληξ
543 2276 655 2346 (52)
702 2278 801 2331 οὐκ
839 2281 904 2333 ὲκ
957 2283 1298 2355 συνδυασμοῦ
1342 2290 1617 2355 γεννᾶται,
1660 2290 1775 2343 ἁλλ’

189 2363 303 2419 ἀπὸ
347 2364 523 2429 ξύλου,
577 2369 672 2422 καὶ
719 2371 993 2426 κατεσθίει
1035 2373 1185 2441 ξύλα,
1234 2377 1443 2449 χόρτον,
1501 2371 1771 2452 καλάμην.

190 2456 348 2526 Τάχα
397 2458 491 2511 καὶ
519 2461 548 2512 6
583 2460 714 2524 Θεὸς
740 2464 771 2532 ἡ
782 2461 898 2533 μῶν
928 2463 1039 2536 πῦρ
1086 2467 1202 2520 ἐστι
1246 2470 1639 2525 καταναλίσκον
1677 2458 1775 2543 τὴν

193 2550 475 2621 μοχθηρὰν
520 2553 613 2605 καὶ
645 2551 952 2625 εὔπρηστον
1002 2553 1154 2629 ὕλην.
1206 2560 1270 2612 Ei
1314 2560 1369 2614 δὲ
1418 2561 1548 2629 ξύλα
1592 2564 1687 2618 καὶ
1715 2567 1773 2618 al

188 2642 408 2713 λογικαὶ
428 2643 783 2715 ὀνομάζονται
806 2646 1024 2716 φύσεις*
1063 2650 1190 2703 «Σὲ»
1224 2653 1353 2725 γὰρ,
1381 2655 1566 2726 φησὶν,
1601 2674 1618 2706 ι
1646 2655 1774 2728 ἐξή-

186 2734 370 2789 λωσαν
408 2735 583 2791 πάντα
630 2736 697 2791 τὰ
730 2738 861 2803 ξύλα
895 2739 990 2793 τοῦ
1030 2743 1383 2817 παραδείσου.
1412 2764 1432 2798 ›
1471 2747 1529 2799 ὲν
1560 2747 1615 2800 δὲ
1643 2747 1773 2801 ταύ-

186 2842 309 2888 ταις
338 2826 543 2895 πὲφυκε
567 2828 856 2896 γεννᾶσθαι
882 2832 1116 2902 Χριστὸς
1138 2834 1216 2897 ὡς
1242 2835 1423 2905 σοφία,
1457 2836 1550 2889 καὶ
1571 2838 1772 2893 δικαιο-

1883 1630 2047 1699 Quasi
2075 1634 2279 1689 diceret
2308 1653 2322 1690 :
2359 1636 2553 1691 Procul
2578 1651 2606 1690 a
2632 1616 2807 1692 salute
2856 1654 2942 1694 me
2969 1650 3193 1710 peccata
3228 1641 3454 1698 faciunt.

1952 1813 2122 1870 Vens.
2157 1814 2215 1871 4.
2249 1814 2327 1870 Tu
2356 1827 2529 1870 autem
2561 1818 2617 1872 in
2653 1828 2836 1873 sancto
2869 1817 3079 1874 habitas
3104 1819 3224 1875 laus
3258 1820 3453 1888 Israel,

1880 1915 1990 1961 etc.
2017 1903 2167 1961 Hinc»
2196 1906 2457 1963 discimus
2509 1907 2794 1965 Dominum
2842 1924 2963 1966 esse
3014 1911 3227 1968 laudem
3259 1914 3453 1984 ipsam,

1879 2010 1934 2057 et
1964 2002 2198 2058 maxime
2223 2002 2436 2059 laudem
2462 2003 2647 2059 Israel.

1947 2175 2113 2233 Vens.
2150 2179 2204 2235 7.
2261 2178 2375 2249 Ego
2428 2188 2605 2233 autem
2652 2194 2767 2233 sum
2800 2180 2990 2233 vermis
3039 2188 3091 2233 et
3146 2195 3249 2235 non
3275 2181 3450 2248 homo,

1877 2272 1983 2321 etc.
2017 2264 2132 2321 Non
2160 2267 2334 2322 oritur
2361 2268 2563 2323 vermis
2604 2283 2671 2324 ex
2703 2268 2916 2338 c0pula,
2955 2271 3049 2325 sed
3084 2284 3149 2324 ex
3202 2270 3370 2341 ligno,
3396 2279 3452 2327 et

1858 2358 2020 2412 .rodit
2072 2358 2238 2429 ligna,
2293 2360 2519 2425 faenum,
2565 2360 2846 2431 stipulam.
2910 2361 3165 2417 Fortasse
3220 2372 3275 2417 et
3307 2365 3452 2421 Deus

1875 2458 2062 2504 noster
2093 2449 2235 2518 ignis
2261 2460 2346 2505 est
2371 2466 2699 2507 consumens
2734 2467 2958 2523 pravam
2993 2463 3047 2507 et
3095 2454 3451 2513 combustibi-

1876 2541 1979 2595 lem
2011 2541 2315 2598 materiam.
2354 2541 2508 2609 Quod
2536 2544 2579 2598 si
2611 2544 2881 2613 lignorum
2917 2545 3178 2601 vocabulo
3209 2547 3449 2603 rationa-

1876 2631 2010 2687 biles
2035 2646 2248 2702 qttoque
2275 2642 2481 2687 natura:
2510 2632 2852 2703 appellantur
2884 2648 2899 2685 :
2937 2651 2956 2684 ι
2991 2633 3068 2689 Te
3113 2654 3132 2688 ι
3168 2636 3336 2704 enim,
3368 2637 3451 2693 itt-

1873 2722 1992 2793 quit
2021 2721 2087 2787 i‘,
2118 2739 2138 2773 ι
2185 2723 2435 2777 aemulata
2486 2731 2612 2778 sunt
2638 2724 2819 2778 omnia
2853 2723 2997 2793 ligna
3031 2725 3297 2792 paradisi,
3338 2745 3359 2779 ι
3394 2726 3451 2783 iu

1875 2814 1958 2869 his
1981 2823 2160 2868 autem
2192 2812 2327 2869 solet
2355 2813 2503 2868 nasci
2531 2812 2799 2880 Christus,
2824 2822 2886 2868 ut
2907 2814 3170 2883 sapientia
3205 2825 3262 2871 et
3286 2815 3450 2886 justi-

189 2915 324 2985 σύνη
347 2934 361 2948 ο
397 2917 579 2983 καλῶς
619 2922 648 2974 6
674 2921 909 2994 Χριστὸς
934 2898 1258 2995 όνομάζεται
1297 2898 1515 2999 σκώληξ
1556 2930 1614 2982 ὲν
1658 2932 1765 2994 τοῖς

1880 2903 1968 2971 tia,
2000 2904 2228 2974 pulchre
2280 2903 2531 2959 Christus
2574 2904 2776 2959 dicitur
2821 2906 3022 2959 vermis
3066 2906 3123 2960 in
3180 2907 3444 2975 ejusmodi

185 3007 449 3074 τοιούτοις
478 3009 655 3077 ξύλοις
681 3012 987 3084 γενόμενος.
1030 3015 1188 3097 {sua
1218 3018 1315 3071 κα)⁸
1338 3018 1413 3097 ᾡς
1447 3020 1663 3093 σκώληξ
1687 3022 1773 3076 δέ-

184 3100 320 3171 λεαρ
351 3101 539 3170 γέγονε
569 3102 648 3174 τῷ
692 3104 921 3175 διαϐόλῳ
972 3090 1064 3160 κα),
1104 3111 1217 3170 τοῖς
1264 3090 1518 3179 ἀγγέλοις
1564 3090 1767 3168 αύτοῦ⁶

186 3194 284 3248 καὶ
314 3194 629 3267 εὑρίσκεται
679 3196 776 3267 μὲν
815 3196 896 3268 τῷ
944 3198 1091 3271 σοφῷ
1136 3201 1317 3268 εὐθὺς,
1363 3204 1441 3275 τῷ
1470 3204 1528 3258 δὲ
1574 3206 1769 3276 ἄφρονι

185 3284 419 3348 σκολιός.
468 3283 676 3340 Γίνεται
703 3285 761 3339 δὲ
792 3286 886 3340 καὶ
936 3289 1072 3360 ἡμῖν
1122 3290 1495 3364 ἁμαρτάνουσι
1529 3295 1764 3369 σκώληξ,

181 3374 282 3446 τὴν
313 3375 614 3447 συνείδησιν
644 3376 804 3448 ἡμῶν
830 3378 1119 3451 διελέγχων
1153 3383 1247 3436 καὶ
1276 3385 1664 3456 κατατρώγων.

258 3468 384 3523 Ὅτι
416 3469 498 3523 σὺ
541 3471 600 3525 εἷ
634 3472 667 3525 ό
695 3470 1018 3540 ἐπισπάσας
1045 3492 1124 3545 με
1169 3476 1237 3530 ἐκ
1284 3481 1565 3548 γαστρὸς,
1607 3483 1646 3550 ἡ
1672 3482 1769 3536 ἐλ-

178 3562 286 3628 πίς
325 3580 446 3631 μου
491 3561 609 3617 ἀπὸ
635 3562 886 3632 μαστῶν
933 3565 1044 3635 τῆς
1080 3571 1307 3638 μητρός
1341 3589 1481 3641 μου,
1527 3590 1581 3626 κ.
1622 3573 1669 3627 τ.
1715 3575 1761 3628 ἐ.

177 3654 316 3709 Θεὸν
352 3652 458 3726 γὰρ
500 3655 788 3726 γενόμενον
836 3657 947 3730 (55)
991 3659 1020 3711 6
1052 3656 1241 3733 Πατὴρ
1290 3662 1652 3734 ὲμαιεύσατο·
1689 3663 1766 3720 οϊ-

181 3766 282 3821 μαι
315 3748 371 3802 δὲ
403 3748 499 3802 καὶ
533 3749 691 3820 μόνον
719 3749 826 3803 τῶν
858 3751 939 3814 είς
979 3751 1193 3820 γένεσιν
1237 3754 1590 3825 ἐληλυθότων,
1642 3760 1764 3813 ἐπεὶ

176 3843 275 3896 καὶ
310 3842 470 3912 μόνος
519 3841 578 3909 ἐξ
627 3842 782 3911 ἁγίου
827 3843 1143 3916 Πνεύματος
1181 3841 1270 3918 ἦν.
1323 3849 1387 3901 El
1432 3849 1489 3903 δὲ
1522 3850 1763 3917 ἐλπίζειν

173 3938 297 4009 ᾔδει
326 3935 404 3990 ἔτι
428 3935 983 4007 γαλακτοδοτούμενος
1003 3936 1319 4009 τελειότητι,
1350 3940 1487 4012 πρὸς
1507 3943 1593 4007 τὸ,
1630 3961 1647 3993 ι
1673 3945 1765 3998 ἐκ-

175 4030 395 4093 σπάσας
426 4047 515 4100 με,
541 4049 559 4081 ι
605 4029 821 4101 λεχθείη
855 4029 943 4094 ἂν,
975 4030 1057 4083 ὅτι
1091 4032 1185 4085 καὶ
1216 4031 1305 4086 ἵνα
1338 4033 1413 4104 μὴ
1446 4033 1638 4107 ἐξέλθῃ
1663 4035 1763 4107 τῆς

172 4120 432 4193 γαστρὸς,
469 4120 854 4174 ὲπεὸουλεύετο
880 4122 973 4173 καὶ
1004 4120 1291 4185 ἐκωλύετο,
1327 4121 1403 4187 ὼς
1428 4122 1632 4177 δεῖσθαι
1664 4124 1759 4178 τοῦ

1875 2993 2031 3064 lignis
2061 3003 2241 3049 natus.
2288 2992 2395 3050 Sed
2442 3002 2499 3050 et
2550 3003 2806 3064 tanquam
2861 2996 3066 3049 vermis
3106 3010 3233 3051 esea
3266 2996 3448 3054 factus

1872 3095 1955 3142 est
1990 3086 2203 3143 diabolo
2230 3096 2284 3143 et
2316 3086 2522 3155 angelis
2568 3085 2709 3154 ejus.
2746 3085 2993 3156 Sapienti
3045 3088 3267 3155 insuper
3294 3088 3449 3145 inve-

1872 3178 2021 3233 nitur
2078 3187 2280 3245 rectus,
2310 3179 2587 3248 insipienti
2647 3194 2781 3234 vero
2837 3178 3109 3248 obliquus.
3157 3179 3246 3234 Fit
3278 3181 3444 3236 etiam

1871 3272 2029 3327 nobis
2060 3271 2439 3341 peccatoribus
2469 3270 2695 3337 vermis,
2741 3272 3138 3327 conscientiam
3196 3281 3443 3329 nostram

1869 3377 2104 3435 arguens
2134 3371 2187 3418 et
2221 3362 2442 3417 rodens.

1937 3475 2103 3531 Vsus.
2134 3472 2225 3530 l0.
2272 3472 2537 3539 Quoniam
2586 3482 2642 3525 tu
2695 3489 2749 3527 es
2782 3472 2873 3543 qui
2920 3473 3200 3529 extraxiin
3248 3491 3331 3529 me
3372 3476 3438 3531 de

1867 3579 2061 3629 ventre,
2087 3584 2203 3634 spes
2236 3581 2352 3620 mea
2393 3565 2456 3619 ab
2483 3564 2729 3618 uberibus
2782 3566 2967 3619 matris
2994 3583 3143 3633 mere,
3171 3576 3280 3623 etc.
3328 3567 3441 3623 Na-

1868 3660 2040 3716 scenti
2070 3661 2179 3715 Deo
2218 3658 2381 3713 Pater
2404 3656 2795 3712 ohstetricatus
2830 3668 2933 3723 est,
2964 3658 3121 3728 eique
3153 3658 3279 3724 soli,
3312 3660 3440 3729 opi-

1865 3767 1987 3815 nor,
2023 3750 2147 3821 quia
2197 3748 2348 3804 solus
2391 3749 2459 3804 de
2504 3747 2710 3818 Spiritu
2743 3760 2935 3804 sancto
2975 3760 3115 3804 erat.
3167 3748 3439 3816 Quoniam

1865 3852 2043 3898 autem
2099 3856 2320 3913 sperare
2365 3853 2613 3908 noverat,
2664 3856 2783 3896 cum
2830 3842 3008 3896 adhuc
3086 3844 3438 3913 perfectionis

1863 3936 2004 3990 lacte
2033 3937 2355 4000 nutriretur,
2401 3936 2468 3991 ad
2525 3935 2655 3990 illud
2691 3950 2713 3985 ι
2746 3934 3030 3988 extraxisti
3060 3950 3166 4000 me,
3203 3953 3222 3987 ›
3252 3934 3439 3989 dicen-

1863 4028 1993 4081 dum
2032 4029 2159 4092 erit,
2186 4027 2380 4097 ipsum,
2414 4028 2709 4098 quominus
2733 4028 2905 4083 exiret
2928 4028 2993 4081 de
3023 4035 3231 4093 ventre,
3269 4026 3437 4082 fuisse

1863 4117 2199 4188 impeditum,
2233 4117 2391 4187 eique
2433 4117 2659 4173 insidias
2712 4116 2919 4189 positas
2973 4115 3163 4179 fuisse,
3212 4116 3347 4171 adeo
3376 4124 3436 4171 ut

170 4208 311 4263 θεοῦ
346 4207 654 4271 ὲκσπῶντος
704 4207 865 4261 αὑτὸν
906 4208 1015 4264 ἁπὺ
1068 4211 1323 4283 γαστρός.
1376 4213 1528 4283 Τάχα
1559 4214 1614 4267 δὲ
1662 4216 1751 4268 καὶ

1880 4227 1997 4281 lpus
2031 4211 2285 4266 habuerit
2315 4210 2425 4266 Deo
2458 4210 2549 4281 qui
2578 4210 2727 4264 illum
2778 4210 3095 4265 extraheret
3122 4208 3191 4264 de
3222 4215 3431 4261 ventre.

170 4302 356 4357 πάντα
385 4300 476 4355 τὸν
519 4298 854 4371 γεννώμενον
898 4301 1127 4371 ἀόρατός
1169 4321 1252 4367 τις
1302 4304 1529 4376 δύναμις
1574 4308 1753 4379 ἐκσπᾷ

1880 4303 2027 4359 ῖοτιο
2070 4312 2251 4358 autem
2302 4312 2356 4355 et
2412 4302 2711 4371 quemlibet
2777 4309 3091 4355 nascentem
3148 4297 3434 4354 invisibilis

167 4396 283 4451 ἀπὸ
323 4396 423 4467 τῆς
452 4394 690 4465 γαστρός
708 4411 722 4424 ·
776 4393 908 4464 ἁγία
938 4395 1055 4466 μὲν,
1084 4395 1161 4459 ὡς
1204 4396 1295 4449 τὸν
1323 4397 1536 4451 Παῦλον
1559 4399 1754 4470 ἀφορι-

168 4487 398 4559 ζόμενον
421 4488 487 4540 ὲκ
511 4486 716 4550 κοιλίας
740 4486 942 4557 μητρός
962 4504 975 4517 ·
1009 4487 1205 4560 χείρων
1232 4488 1307 4553 δὲ,
1336 4489 1411 4552 ὡς
1430 4491 1556 4553 τοὺς
1583 4491 1756 4563 ἁπηλ-

165 4578 572 4650 λοτριωμένους
604 4577 711 4631 ἀπὸ
739 4578 951 4649 μήτρας
972 4578 1345 4650 ἁμαρτωλούς.
1380 4582 1556 4635 Μόνον
1584 4582 1641 4635 δὲ
1660 4582 1751 4635 τὸν

165 4669 401 4739 Σωτῆρα
432 4667 595 4731 αὐτὸς
621 4666 919 4733 ἐξέσπασεν
942 4666 972 4719 6
1000 4668 1191 4740 Πατὴρ
1225 4668 1333 4722 ἁπδ
1362 4670 1463 4741 τῆς
1493 4672 1749 4744 γαστρὸς,

162 4757 312 4812 ὥστε
343 4756 506 4812 αὐτὸν
550 4755 645 4810 τοῦ
698 4755 980 4827 ἐξαιρέτου
1031 4757 1417 4830 αίσθανόμενον
1468 4760 1748 4832 εἰρηκέναι

159 4851 250 4914 τό,
286 4851 440 4904 «Ὅτι
485 4849 550 4902 σὺ
595 4844 649 4902 ei
689 4850 719 4903 6
748 4849 1030 4913 ἐπισπάσας
1073 4866 1139 4920 με
1175 4850 1240 4903 ὲκ
1284 4852 1548 4921 γαστρός*
1580 4872 1599 4905 s
1636 4853 1747 4907 τῶν

159 4944 341 5000 ἄλλων
376 4941 679 5015 ἀνθρώπων
719 4942 818 4996 οὐκ
857 4942 1267 5013 ὲκσπασμένων,
1314 4943 1430 4996 ἀλλ’
1454 4943 1745 5016 ἐξερχομέ-

156 5051 307 5091 νων.
360 5052 380 5087 ι
404 5032 624 5104 Ἐξῆλθε
648 5052 667 5084 ι
710 5032 839 5105 γὰρ,
884 5033 1069 5104 φησιν,
1116 5052 1133 5084 ι
1173 5036 1203 5087 6
1246 5034 1414 5088 Ἠσαῦ
1446 5036 1577 5091 ὡσεὶ
1611 5038 1745 5111 δορὰ

156 5126 348 5192 δασύς.
384 5145 402 5179 ι
449 5125 549 5180 Διὰ
594 5125 752 5179 τοῦτο
783 5125 839 5179 δὲ
875 5124 1033 5196 μόνος
1078 5125 1138 5178 ού
1171 5125 1393 5195 γέγονεν
1424 5128 1483 5183 ὲν
1528 5131 1595 5201 τῇ
1634 5130 1745 5187 τῶν

235 5264 283 5297 ⁸⁸
312 5263 514 5320 Ezech.
552 5261 768 5329 xxx1,9.
844 5261 889 5293 ¹⁸
933 5261 1069 5317 (ron.
1118 5278 1245 5329 xxv,
1286 5263 1377 5317 25.

230 5402 346 5479 (l9)
370 5401 547 5479 Αὕτη-
576 5400 621 5479 ἡ
656 5398 828 5479 φωνή
847 5438 862 5464 ,
895 5408 998 5455 etc.
1032 5397 1322 5479 Corderius
1345 5437 1361 5463 ,
1386 5396 1523 5479 “qui.
1550 5405 1609 5479 et
1655 5396 1731 5453 si-

153 5465 337 5529 milia'
367 5472 480 5528 fere
525 5465 701 5527 habet
749 5465 850 5525 sub
903 5470 1121 5525 nomine
1171 5465 1442 5541 Gregorii'
1477 5465 1730 5523 Nazian-

152 5558 344 5684 ιθῖἑρ)
382 5612 482 5678 Ὠς
507 5612 700 5682 ἔλεγε,
733 5621 840 5671 etc.
866 5609 1050 5667 Codex
1079 5608 1465 5676 Coislinianus,
1494 5616 1550 5666 et
1578 5607 1734 5665 sche-

150 5679 249 5741 da:~
267 5679 471 5739 Grabii.

1861 4394 2107 4464 qumdam
2147 4393 2322 4448 virtus
2343 4392 2586 4448 extrahit
2610 4392 2676 4447 de
2701 4400 2926 4452 ventre;
2964 4397 3151 4443 sancta
3187 4388 3428 4457 quidem,

1860 4485 2034 4555 qualis
2067 4484 2167 4539 fuit
2196 4499 2259 4540 ea
2289 4500 2410 4554 quze
2440 4482 2681 4539 extraxit
2717 4480 2943 4536 Paulum
2982 4490 3322 4550 segregatum
3360 4499 3429 4539 ex

1859 4588 2014 4634 utero
2041 4578 2262 4642 matris;
2318 4576 2459 4632 mala
2509 4589 2800 4644 vero,qu.'e
2848 4572 3082 4628 extrahit
3110 4585 3428 4643 peccatores

1858 4670 1952 4741 qui
2000 4669 2220 4724 alienati
2257 4676 2385 4723 sunt
2428 4682 2456 4720 a
2505 4667 2687 4722 vulva.
2739 4666 2811 4720 At
2852 4665 3027 4719 solum
3084 4663 3428 4723 Salvatorem

1856 4766 1971 4831 ipse
2008 4763 2246 4820 extraxit
2286 4760 2449 4815 Pater
2489 4760 2555 4814 de
2604 4762 2816 4823 ventre,
2862 4758 2999 4813 adeo
3029 4766 3088 4811 ut
3136 4759 3429 4828 smgnlaris

1855 4858 2104 4914 beneﬁcii
2135 4854 2388 4910 conscius
2424 4852 2597 4908 Filius
2635 4851 2837 4906 dixerit
2871 4864 2886 4903 :
2920 4868 2941 4903 ι
2979 4849 3247 4918 Quoniam
3279 4860 3331 4907 tu
3365 4868 3426 4907 es

1853 4951 1945 5020 qui
2002 4946 2290 5004 extraxisti
2325 4959 2411 5000 me
2464 4946 2531 5001 de
2577 4952 2789 5010 ventre,
2825 4960 2845 4995 ι
2885 4957 3008 4999 cum
3041 4942 3133 4997 alii
3175 4942 3423 4997 homines

1853 5058 1959 5098 non
1985 5040 2366 5101 extrahantur,
2397 5035 2489 5092 sed
2521 5035 2908 5107 egrediantur:
2941 5052 2961 5087 ι
2993 5034 3257 5105 Egressus
3284 5041 3368 5089 est
3396 5051 3419 5087 ι

1848 5133 2016 5200 enim,
2046 5130 2291 5202 inquit",
2314 5147 2334 5183 ι
2357 5128 2497 5185 Esau
2515 5128 2657 5185 sicut
2682 5127 2837 5199 pellis
2861 5126 3087 5199 pilosus.
3118 5144 3139 5179 ι
3162 5124 3418 5196 Propter-

1915 5396 2029 5464 (51)
2070 5393 2383 5467 Ἐντεῦθεν
2395 5397 2801 5467 μανθάνομεν,
2820 5407 2923 5453 etc.
2954 5397 3178 5454 Schedze
3205 5398 3413 5456 Grabii.

1914 5466 2029 5537 (52)
2071 5466 2133 5537 ’ρ
2177 5464 2457 5533 σκώληξ,
2502 5476 2610 5522 etc.
2654 5464 2833 5524 Codex
2872 5467 3095 5524 Coislin.
3126 5480 3179 5524 et
3203 5471 3417 5527 schedte

1841 5535 2058 5600 Grahii,
2092 5535 2384 5591 Barbarus.

1916 5607 2025 5679 (5'5)
2055 5605 2211 5679 Bede:
2236 5606 2356 5679 γὰρ
2386 5608 2719 5679 γενόμενον
2740 5645 2755 5672 ,
2790 5615 2897 5665 etc.
2931 5606 3157 5665 Scheaae
3201 5610 3410 5676 Grabii,

1842 5676 2149 5748 partimque
2174 5676 2492 5734 Corderius.
