3986 6384
515 175 658 234 “55

1880 177 1972 233 EX
2012 177 2314 235 ORIGENE

3636 174 3780 229 1256

515 309 582 354 ea
612 294 760 352 solus
785 293 1035 350 Salvator
1056 291 1307 348 infantia:
1344 292 1642 347 amentiam
1678 301 1733 346 et
1755 299 1952 346 statum
1983 307 2080 346 non

2192 294 2399 364 νηπίων
2425 292 2580 364 ἀνοίᾳ
2609 294 2702 347 καὶ
2729 293 3060 347 καταστάσει
3085 308 3099 322 ·
3130 292 3210 345 ἐτι
3241 289 3352 362 γὰρ
3385 291 3636 362 μαστοὺς
3671 309 3780 363 μη-

517 397 604 445 est
627 396 904 457 expertus,
946 387 1149 456 quippe
1197 386 1289 454 qui
1334 384 1516 440 adhuc
1550 385 1718 438 ubera
1751 384 1940 440 matris
1965 399 2089 438 cor-

517 493 654 549 pore
681 492 902 547 sugens,
928 490 1152 546 sperare
1176 485 1402 530 noverat
1423 475 1476 529 in
1502 489 1626 530 eum
1653 475 1747 544 qui
1787 484 2092 530 extraxerat

517 568 668 624 illum
696 569 762 623 de
781 577 989 623 ventre.
1014 567 1214 622 Omnes
1239 565 1384 620 enim
1413 565 1662 622 homines
1689 565 1782 620 ubi
1804 565 1915 620 nati
1941 575 2085 633 sunt,

516 661 586 718 ad
651 658 912 714 malitiam
954 658 1192 728 primum
1244 657 1536 720 accedunt,
1591 655 1854 712 Dominus
1904 665 2086 712 autem

517 760 704 807 noster
738 767 757 802 ι
793 750 1112 820 priusquam
1162 749 1378 804 noverit
1420 748 1619 802 bonum
1663 756 1758 800 aut
1797 746 2018 813 malum,
2059 765 2080 799 ι

515 843 659 899 sicut
697 841 776 896 ait
828 839 999 898 Isaias
1028 840 1094 908 ³⁸,
1124 858 1144 893 ι
1192 839 1411 896 malitia:
1431 838 1797 903 abrenuntiat,
1825 846 1884 892 ut
1927 837 2090 908 eligat

515 934 740 988 bonum.
779 950 800 984 ι
837 933 973 988 Cum
995 933 1084 988 his
1122 929 1371 986 conteres
1395 945 1460 984 ea
1510 943 1629 998 qua:
1661 929 1804 984 dicta
1847 938 1974 984 sunt
2019 927 2088 984 de

512 1020 722 1077 Joanne
749 1039 769 1073 ι
805 1021 1114 1076 exsultante
1163 1033 1276 1088 prae
1321 1019 1518 1089 gaudio
1558 1018 1628 1083 ⁸⁷,
1661 1036 1682 1070 ι
1712 1026 1768 1073 et
1805 1019 1873 1072 de
1913 1015 2086 1072 Jacob

518 1130 539 1164 ι
575 1112 628 1167 in
682 1121 839 1167 utero
888 1112 1275 1180 supplantante
1312 1109 1540 1164 fratrem
1583 1125 1744 1164 suum
1771 1109 1838 1178 ’°,
1879 1127 1897 1161 ι
1926 1118 1980 1164 et
2019 1109 2086 1165 de

511 1201 748 1258 Jeremia
777 1221 796 1254 ι
825 1202 1139 1272 priusquam
1164 1202 1338 1256 exiret
1355 1205 1419 1256 de
1443 1200 1600 1256 vulva
1623 1200 1964 1255 sanctificata
1983 1201 2080 1257 η.»

579 1294 740 1365 621
771 1293 934 1349 Vens.
962 1292 1053 1357 l0,
1087 1294 1172 1346 lt.
1213 1291 1343 1362 Spes
1375 1308 1491 1346 utea
1522 1292 1586 1346 ab
1625 1292 1868 1345 uberibus
1901 1292 2084 1345 matris

511 1401 660 1449 mea,
685 1388 739 1440 in
761 1393 810 1440 te
830 1386 1088 1454 projectus
1111 1401 1228 1438 sum
1249 1400 1313 1438 ea:
1344 1395 1512 1448 utero,
1533 1393 1641 1439 etc.
1667 1383 1812 1438 Enos
1834 1385 2078 1454 speravit

512 1479 765 1535 invocare
791 1480 982 1544 Deum,
1011 1478 1106 1534 sed
1137 1493 1247 1532 non
1277 1478 1346 1533 ab
1377 1478 1634 1532 uberibus
1668 1478 1898 1532 matris:
1930 1477 2085 1533 Chri-

509 1579 625 1624 stus
667 1577 847 1623 autem
882 1576 1173 1637 antequam
1220 1576 1576 1638 cognosceret
1611 1569 1810 1628 bonum
1847 1578 1944 1624 aut.
1969 1583 2086 1622 ma-

2188 387 2314 456 τρὸς
2344 385 2431 439 διὰ
2457 386 2515 439 τὸ
2547 387 2706 456 σῶμα
2742 385 2987 458 θηλάζων
3019 384 3259 448 ἐλπίζειν
3285 384 3400 455 ⁴ᾔδει
3432 384 3526 436 ἐπὶ
3561 384 3659 436 τὸν
3689 387 3781 438 ὲκ-

2191 477 2470 532 σπάσαντα
2489 477 2652 530 αὐτὸν
2682 479 2746 530 ἐκ
2777 479 3013 549 γαστρός
3037 495 3050 508 ·
3103 479 3303 542 πάντες
3330 478 3440 550 γὰρ
3491 479 3779 549 ἄνθρωποι

2187 568 2466 638 γένομενοι
2513 568 2775 640 πρότερον
2823 571 2890 640 τῇ
2948 567 3115 639 κακίᾳ
3169 568 3568 641 προσέρχονται
3591 585 3609 601 ·
3663 572 3695 623 ὁ
3721 571 3776 624 δὲ

2188 657 2390 729 Κύριος
2419 658 2595 730 ἡμῶν,
2644 658 2827 723 καθώς
2852 675 3019 729 φησιν
3062 660 3312 723 Ἡσαΐας,
3349 678 3367 710 ι
3395 660 3528 731 πρὶν
3563 662 3600 730 ἦ
3632 663 3775 729 γνῶ-

2187 768 2274 805 ναι
2302 751 2464 804 αὐτὸν
2485 751 2688 818 ἀγαθὸν
2731 752 2764 822 ἢ
2798 752 2986 815 κακὸν,
3021 752 3236 806 ἀπειθεῖ
3264 755 3499 826 πονηρίᾳ
3541 756 3646 809 τοῦ
3677 757 3773 807 ἐκ-

2186 839 2440 906 λέξασθαι
2470 840 2531 894 τὸ
2558 841 2778 908 ἀγαθόν.
2806 861 2824 893 ι
2873 841 2948 894 Τὸ
2973 841 3029 895 δὲ
3069 843 3195 914 περὶ
3238 843 3482 898 Ἰωάννου
3515 843 3776 914 μέντοιγε

2194 947 2213 983 ι
2238 929 2564 1002 σκιρτῶντος
2603 932 2661 982 ἐν
2708 929 3062 998 ἀγαλλιάσει»
3121 931 3494 998 ωνεξετάσεις
3533 933 3773 996 τούτοις,

2187 1022 2378 1077 καὶτὰ
2420 1023 2546 1093 περὶ
2586 1021 2777 1076 Ἰακὼϐ
2815 1041 2832 1074 ι
2856 1025 2914 1076 ἐν
2957 1024 3021 1092 τῇ
3051 1021 3228 1094 κοιλίᾳ
3270 1022 3658 1094 πτερνίζοντος
3682 1024 3772 1077 τὸν

2186 1115 2413 1184 ἀδελφὸν
2445 1113 2632 1174 αὐτοῦ,
2658 1135 2677 1166 ι
2707 1116 2801 1168 καὶ
2845 1114 2912 1168 τὰ
2946 1114 3072 1188 περὶ
3111 1114 3372 1186 Ἱερεμίου
3402 1134 3422 1167 ι
3442 1116 3579 1186 πρὶν
3623 1114 3775 1180 ἐξιλ-

2187 1201 2299 1255 θεῐν
2327 1204 2391 1256 ἐκ
2417 1204 2626 1274 μήτρας
2649 1201 3053 1270 ἀγιασθέντος.»

2267 1294 2328 1351 Ἠ
2349 1295 2524 1360 ἐλπίς
2547 1312 2665 1364 μου
2688 1293 2808 1349 ἀπὸ
2825 1293 3074 1363 μαστῶν
3101 1292 3210 1362 τῆς
3233 1295 3458 1363 μητρός
3482 1311 3638 1363 μου,
3665 1295 3769 1348 ἐπὶ

2185 1385 2259 1441 σὲ
2300 1386 2628 1455 ἐπεῤῥίφην
2660 1386 2729 1440 ὲκ
2763 1388 2994 1456 μήτρας
3021 1425 3037 1451 ,
3081 1403 3136 1440 κ.
3186 1403 3236 1439 τ.
3286 1389 3355 1439 ἐ.ι’
3382 1386 3553 1453 'Ew‘o;
3604 1389 3769 1459 ἤλπιο

2187 1496 2277 1531 σεν
2304 1478 2414 1550 (54)
2438 1477 2807 1530 ἐπικαλεῖσθαι
2830 1477 2920 1531 τὸν
2951 1478 3104 1543 Θεὸν,
3126 1479 3240 1532 ἀλλ’
3275 1479 3374 1532 οὐκ
3398 1479 3508 1533 ἀπὸ
3535 1481 3771 1549 μαστῶν

2183 1567 2281 1637 τῆς
2312 1567 2515 1637 μητρός
2534 1580 2547 1595 ·
2578 1569 2607 1619 ὁ
2637 1567 2694 1620 δὲ
2721 1567 2952 1639 Χριστὸς
2989 1567 3120 1638 πρὶν
3151 1567 3184 1638 ἢ
3214 1567 3522 1638 γνωσθῆναι
3560 1569 3769 1637 ἀγαθὸν

508 1659 640 1726 lum,
685 1659 848 1730 elegit
893 1659 1116 1713 bonum.
1167 1657 1350 1724 Quare
1397 1659 1567 1727 probe
1603 1659 1802 1712 dicitur
1840 1673 2080 1727 sperasse

2191 1656 2436 1728 ἧκακὺν,
2476 1655 2754 1722 ἐξελέξατο
2800 1656 2860 1708 τὸ
2901 1655 3133 1725 ἀγαθόν’
3185 1655 3326 1709 ὥστε
3379 1657 3566 1721 καλῶς
3609 1651 3769 1722 οὗτος

508 1752 576 1805 ab
617 1750 875 1806 uberibus
913 1748 1124 1803 matris.
1167 1765 1186 1800 ι
1219 1745 1334 1803 Non
1384 1749 1530 1804 enim
1553 1786 1571 1816 ,
1617 1747 1884 1818 inquit",
1922 1749 2082 1802 homo

509 1842 705 1912 estqui
737 1843 908 1904 vivat.
930 1848 985 1894 et
1011 1854 1120 1895 non
1154 1848 1368 1910 peccet.
1389 1856 1412 1890 s

579 2016 656 2071 De
687 2025 865 2071 ventre
896 2012 1080 2068 matris
1111 2025 1241 2065 mea:
1270 2009 1407 2066 Deus
1439 2026 1584 2065 meus
1615 2028 1668 2064 es
1697 2020 1775 2075 tu,
1804 2020 1909 2065 etc.
1945 1995 2081 2078 Quia

506 2109 762 2165 nimirum
792 2121 916 2162 cum
939 2113 1280 2165 nasceretur,
1304 2103 1515 2166 orabat,
1547 2103 1682 2156 forte
1707 2104 1870 2156 etiam
1900 2105 2082 2171 prius-

504 2215 666 2270 quam
697 2207 1032 2254 nasceretur.
1057 2195 1384 2250 Prudentior
1415 2195 1560 2249 enim
1593 2194 1698 2249 fuit
1721 2193 1860 2250 Jona
1895 2196 1987 2264 qui
2025 2193 2082 2250 in

504 2300 697 2348 ventre
728 2289 832 2344 ceti
865 2288 1063 2344 oravit.

579 2384 745 2439 Vna.
771 2381 862 2436 l2.
892 2378 977 2435 Ne
1009 2378 1316 2434 discesseris
1342 2395 1373 2431 a
1404 2392 1508 2442 me,
1536 2376 1779 2446 quoniam
1809 2373 2081 2429 tribulatio

505 2475 751 2543 proxima
801 2481 917 2538 est,
966 2470 1218 2540 quoniam
1274 2485 1379 2522 non
1429 2478 1503 2521 est
1552 2467 1643 2537 qui
1676 2468 1924 2536 adjuvet,
1970 2477 2078 2523 etc.

508 2564 778 2622 Fortassis
809 2562 973 2627 istud,
1019 2579 1038 2612 ι
1072 2560 1352 2615 tribulatio
1385 2559 1630 2628 proxima
1665 2568 1769 2620 est,
1792 2577 1811 2610 ι
1859 2559 2079 2614 dicebat

507 2673 629 2714 cum
677 2657 733 2711 in
763 2669 927 2711 cruce
972 2653 1254 2723 penderet,
1290 2651 1671 2720 referebatque
1708 2651 1834 2706 illud
1874 2654 1943 2706 ad
1985 2667 2079 2706 eas

504 2763 640 2819 quas
675 2748 728 2802 in
767 2747 978 2804 inferno
1026 2754 1351 2814 experturus
1383 2755 1502 2798 erat
1547 2743 1875 2799 amictioues
1907 2745 1978 2799 ab
2017 2745 2082 2800 iis

507 2852 630 2905 qua
670 2837 746 2893 ibi
779 2837 1066 2908 degebant,
1108 2833 1493 2906 potestatibus.
1539 2833 1663 2890 llaac
1697 2847 1877 2891 autem
1927 2837 2078 2902 dicit,

508 2927 665 2996 quasi
703 2927 880 2982 nullus
910 2926 1228 2996 angelorum
1263 2924 1477 2982 futurus
1519 2937 1664 2982 esset
1698 2927 1934 2996 adiutor.
1965 2927 2076 2981 Non

506 3018 652 3072 enim
699 3033 765 3072 ex
819 3017 929 3072 illis
985 3017 1252 3088 quispiam
1304 3016 1431 3071 illuc
1487 3030 1652 3071 ausus
1701 3026 1782 3072 est
1830 3033 1953 3071 cum
2012 3033 2076 3072 eo

506 3109 862 3164 descendere.

586 3197 746 3252 Vsus.
777 3199 864 3252 i3.
911 3195 1377 3252 Circumdederunt
1428 3212 1506 3250 me
1550 3195 1696 3250 vituli
1731 3194 1902 3261 multi,
1935 3198 2076 3249 tauri

507 3290 726 3361 pingues
748 3289 1180 3353 obsederuutzme,
1210 3299 1315 3342 etc.
1340 3289 1461 3342 llaec
1491 3287 1651 3341 etiam
1686 3287 1886 3341 referes
1909 3289 1973 3340 ad
1999 3289 2078 3342 in-

519 3381 853 3437 tellectuales
896 3379 1196 3446 daemones,
1233 3389 1288 3433 et
1323 3378 1611 3433 vitulorum
1656 3378 1873 3432 nomine
1913 3378 2076 3432 intel-

506 3473 645 3544 liges
673 3471 959 3542 malignas,
989 3487 1112 3542 quae
1147 3480 1361 3526 terrena
1394 3479 1706 3539 operantur,
1739 3479 2073 3536 potestates:

508 3578 632 3618 nam
661 3561 862 3632 vitulus
911 3562 1112 3616 animal
1151 3571 1229 3614 est
1269 3572 1427 3614 terrae
1473 3559 1732 3626 operibus
1767 3562 2072 3615 addicunn.

504 3653 807 3709 Taurorum
856 3652 1130 3724 pinguium
1184 3650 1402 3705 nomine
1449 3652 1518 3706 ob
1569 3653 1918 3723 multiplicem
1957 3668 2078 3706 ma-

505 3747 638 3802 litia:
681 3746 964 3801 scientiam
997 3761 1090 3800 eas
1119 3747 1267 3800 dices
1297 3744 1526 3800 virtutes
1560 3759 1680 3814 quae
1711 3745 1889 3800 verbis
1922 3745 2073 3800 falla-

505 3837 664 3894 cibus
693 3846 952 3904 praesunt,
981 3847 1036 3891 et
1066 3837 1132 3891 iis
1159 3850 1263 3892 ceu
1299 3852 1470 3891 cornu
1509 3837 1754 3892 homines
1798 3837 2000 3892 feriunt
2024 3846 2078 3892 et

506 3937 814 4000 proterunt.
845 3927 952 3983 Leo
999 3929 1106 3983 erit
1136 3927 1387 3983 diabolus
1423 3929 1643 3998 rugiens
1671 3937 1863 3982 contra
1897 3942 1996 3982 nos
2026 3937 2080 3982 et

507 4020 710 4076 multos
763 4021 1094 4090 abripiens:
1146 4035 1175 4074 a
1225 4036 1334 4091 quo
1393 4020 1550 4075 leone
1593 4021 1828 4074 extraxit
1895 4029 2080 4091 pastor

506 4113 683 4170 bonus
707 4112 816 4168 duo
861 4111 1066 4168 femora
1107 4120 1163 4166 et
1206 4113 1371 4167 imam
1415 4113 1565 4167 auris
1607 4121 1837 4182 partem.
1877 4113 2102 4166 Aurem

507 4205 656 4261 enim
705 4206 900 4262 anima:
934 4207 1167 4261 hominis
1213 4221 1310 4274 per
1355 4205 1618 4271 auditum,
1647 4214 1702 4258 et
1747 4218 1842 4272 per
1876 4205 2078 4258 femora

508 4297 780 4353 incessum
804 4297 922 4369 ejus
949 4297 1285 4368 deglutierat.

582 4386 862 4458 Ejusdem.
893 4389 976 4443 Ab
1024 4389 1110 4444 bis
1143 4389 1370 4444 verbis:
1411 4404 1431 4438 ι
1461 4384 1946 4441 Circumdederunt
1994 4398 2080 4438 me

507 4477 660 4533 vituli
688 4479 861 4547 multi,
885 4504 904 4533 ο
936 4496 1148 4552 quzeres
1192 4497 1320 4536 num
1360 4479 1462 4534 alia
1495 4478 1715 4550 quidem
1763 4477 1831 4532 ad
1864 4491 1926 4530 ea
1961 4490 2080 4545 qua:

508 4569 624 4637 ejus
669 4571 875 4626 exitum
923 4583 1338 4642 prmcesscrunt,
1385 4573 1490 4628 alia
1524 4579 1705 4625 autem
1749 4569 1815 4623 ad
1860 4582 1922 4623 ea
1957 4583 2079 4636 qure

510 4663 666 4717 illum
707 4664 997 4720 subsecuta
1030 4675 1180 4731 sunt,
1226 4682 1296 4721 an
1328 4682 1460 4721 vero
1505 4663 1687 4718 omnia
1722 4663 1787 4715 ad
1837 4660 1924 4715 illa
1958 4675 2077 4729 qua:

508 4754 715 4809 exitum
759 4754 1048 4812 subsecuta
1079 4767 1228 4822 sunt,
1276 4759 1606 4828 pertineant.
1651 4751 1958 4806 Verisimile
1993 4757 2076 4805 est

511 4844 663 4901 illum
699 4846 900 4902 vidisse
961 4847 1380 4905 circumstantes
1430 4854 1724 4918 potestates
1780 4857 1899 4912 qua:
1956 4841 2074 4895 ani-

512 4951 656 4990 mam
685 4937 804 5007 ejus
834 4937 1090 5010 abripere
1117 4938 1367 4996 volebant
1402 4947 1457 4994 et
1486 4937 1554 4993 ad
1585 4932 1928 4991 liorribiliora
1957 4931 2072 4986 loca

509 5029 818 5085 detrudere.

581 5167 627 5199 "
683 5167 784 5222 lsa.
814 5182 909 5232 vlt,
955 5167 1042 5222 l6.
1119 5167 1161 5198 "'
1189 5165 1319 5221 Luc.
1351 5166 1487 5232 1,44.

581 5305 695 5379 (54)
730 5305 912 5379 ΪΕνῲς
929 5305 1218 5379 ἤλπισεν,
1249 5313 1354 5361 etc.
1382 5303 1608 5360 Schedze
1633 5301 1840 5364 Grabii,
1866 5299 2073 5354 Barba-

513 5378 626 5440 rus,
651 5378 819 5432 codex
846 5378 1229 5432 Coislinianus.

582 5447 694 5519 (55)
724 5443 809 5519 *ῌ
840 5446 970 5500 ἐπεὶ
1001 5445 1158 5516 ἅμα,
1196 5459 1301 5501 etc.
1348 5443 1529 5498 Codex
1573 5440 1969 5503 Coislinianus,
2020 5446 2076 5492 et

513 5517 729 5573 scheda:
749 5517 956 5572 Grabii.

583 5586 694 5658 (56)
731 5585 887 5656 Τάχα
913 5587 997 5653 τὸ,
1039 5586 1265 5655 θλίψις,
1296 5591 1402 5639 etc.
1446 5579 1658 5636 Eaedem
1687 5581 1921 5648 schedze,
1952 5579 2079 5633 Bar-

1564 5165 1606 5196 ¹⁸
1633 5162 1771 5218 Gen.
1798 5176 1966 5225 xxvn,
1993 5158 2081 5214 56.

2183 1747 2396 1816 λέγεται
2447 1748 2733 1818 ἠλπικέναι
2776 1747 2883 1802 ἀπὸ
2930 1748 3148 1817 μαστῶν
3191 1749 3288 1818 τῆς
3325 1750 3554 1821 μητρός.
3593 1768 3616 1802 ε
3651 1752 3770 1803 Οὐκ

2183 1838 2298 1892 ἐστι
2347 1839 2475 1912 γὰρ,
2531 1841 2712 1912 φησιν,
2765 1840 3068 1911 ἄνθρωπος,
3118 1839 3176 1904 ὃς
3205 1840 3445 1912 ζήσεταιν
3505 1841 3610 1895 καὶ
3667 1842 3768 1912 οὐχ

2185 1927 2508 1999 ἁμαρτήσει.
2554 1947 2572 1980 ι

2267 2017 2400 2072 Ἀπὸ
2447 2019 2704 2089 γαστρὸς
2737 2021 2962 2088 μητρός
2993 2038 3109 2090 μου
3145 2024 3286 2088 Θεός
3315 2039 3435 2091 μου
3465 2021 3526 2073 εἴ
3559 2020 3668 2085 σὺ,
3713 2040 3769 2076 κ.

2183 2129 2234 2165 τ.
2275 2113 2320 2164 ἐ.
2350 2107 2427 2165 Ἧ
2459 2113 2581 2165 ἐπεὶ⁷
2608 2113 2724 2184 ἅμα
2757 2112 2867 2183 (55)
2902 2112 2980 2182 τῷ
3011 2113 3330 2185 γεννηθῆναι
3365 2113 3598 2184 ηὔχετο,
3629 2114 3772 2185 τάχα

2191 2205 2283 2258 καὶ
2315 2204 2443 2276 πρὶν
2475 2205 2796 2276 γεννηθῆναι
2815 2221 2828 2235 ο
2858 2200 2926 2276 ἧν
2956 2203 3064 2276 γὰρ
3111 2204 3466 2276 συνετώτερος
3499 2207 3664 2259 Ἰωνᾶ
3713 2208 3770 2258 ἐν

2129 2357 2134 2366 ι
2183 2294 2361 2366 κοιλίᾳ
2387 2297 2582 2367 κήτους
2609 2295 2922 2366 εὐχομένου.

2252 2385 2349 2455 Μὴ
2383 2386 2656 2456 ἀποστῇς
2696 2389 2797 2442 ἀπ’
2841 2387 3010 2458 ἐμοῦ,
3053 2387 3142 2440 ὅτι
3184 2389 3386 2457 θλίψις
3428 2389 3637 2458 ἐγγὺς,
3679 2389 3770 2442 ὅτι

2184 2478 2294 2531 οὐκ
2324 2476 2495 2530 ἐστιν
2521 2480 2552 2530 ὀ
2577 2477 2844 2545 βοηθῶν,
2883 2494 2936 2529 κ.
2954 2493 3005 2534 τ.
3036 2477 3081 2529 ἐ.
3101 2477 3250 2548 Τάχα
3271 2477 3349 2540 τὸ,
3378 2497 3396 2529 ι
3433 2479 3614 2547 θλίψις
3655 2479 3772 2552 (56)

2183 2571 2368 2639 ἐγγὺς,
2407 2589 2426 2622 s
2460 2569 2641 2639 ἔλεγεν
2665 2568 2757 2621 ἐπὶ
2780 2567 2874 2622 τοῦ
2908 2568 3140 2639 σταυροῦ
3173 2568 3538 2640 κρεμάμενος,
3563 2570 3774 2637 ἀναφέ-

2187 2678 2294 2734 ρων
2327 2661 2419 2715 ἐπὶ
2451 2661 2549 2724 τὰς
2583 2663 2639 2715 ἐν
2681 2661 2805 2732 ᾇδου
2846 2662 2980 2732 πρὸς
3018 2660 3116 2724 τὰς
3160 2661 3276 2714 ἐκεῖ
3311 2660 3570 2730 δυνάμεις
3602 2677 3770 2729 περι-

2184 2753 2419 2818 στάσεις.
2448 2753 2608 2822 Λέγει
2633 2754 2690 2807 δὲ
2716 2753 2907 2816 ταῦτα,
2936 2753 3100 2806 οἱονεὶ
3123 2752 3335 2816 οὐδενὸς
3369 2751 3475 2804 τῶν
3509 2751 3770 2819 ἀγγέλων

2181 2844 2330 2915 αὐτῷ
2363 2843 2700 2916 βοηθοῦντος.
2742 2847 2815 2900 (ὶύ
2862 2845 2971 2918 γάρ
3014 2845 3276 2917 ἐτόλμησέ
3315 2861 3398 2908 τις
3437 2843 3626 2896 αὐτῶν·
3659 2842 3772 2905 ἕως

2183 2938 2300 2990 ἐκεῖ
2324 2937 2752 3009 συγκαταϐῆναι.

2251 3187 2744 3256 Περιεκύκλωσάν
2763 3203 2841 3257 με
2861 3188 3084 3256 μόσχοι
3123 3184 3360 3247 πολλοὶ,
3389 3182 3593 3251 ταῐιροι
3625 3185 3770 3236 πίο-

2177 3297 2279 3348 νες
2310 3279 2630 3349 περιέσχον
2655 3296 2751 3348 με,
2786 3297 2839 3334 κ.
2869 3296 2920 3334 τ.
2962 3279 3008 3330 ἐ.
3053 3277 3295 3345 Ἀνάγοις
3339 3275 3394 3328 δὲ
3441 3275 3618 3328 ταῦτα
3649 3275 3770 3346 (57)

2179 3374 2273 3428 καὶ
2301 3374 2392 3426 ἐπὶ
2429 3373 2554 3434 τοὺς
2591 3371 2813 3443 νοητοὺς
2843 3369 3120 3440 δαίμονας,
3147 3369 3239 3421 καὶ
3288 3367 3518 3438 μόσχους
3543 3368 3768 3436 νοήσεις

2177 3461 2276 3525 τὰς
2329 3459 2656 3530 ἐνεργούσας
2715 3458 2876 3529 γήϊνα
2920 3458 3160 3528 πονηρὰς
3210 3454 3486 3525 δυνάμεις,
3550 3455 3646 3508 διὰ
3705 3455 3766 3507 τὸ

2177 3552 2450 3622 γεώπονον
2488 3547 2628 3605 εἶναι
2675 3551 2736 3604 τὸ
2779 3548 2944 3614 ζῶον·
2993 3548 3224 3619 ταύρους
3263 3547 3317 3600 δὲ
3353 3547 3544 3610 πίονας
3580 3547 3676 3601 διὰ
3707 3548 3766 3600 τὸ

2178 3647 2486 3720 πολυμαθὲς
2514 3645 2613 3716 τῆς
2643 3644 2838 3706 κακίας
2874 3642 2973 3705 τάς
3024 3640 3128 3694 τῶν
3160 3639 3450 3710 ἀπατηλῶν
3497 3641 3768 3711 ῥημάτων

2179 3737 2581 3809 προῖσταμένας
2631 3735 2884 3806 δυνάμεις
2925 3733 3017 3787 καὶ
3049 3732 3117 3785 δι’
3161 3731 3339 3785 αὐτῶν
3371 3730 3501 3793 τοὺς
3549 3730 3766 3803 ἀνθρώ-

2180 3847 2314 3894 πους
2347 3826 2765 3902 κερατιζούσας·
2798 3826 2994 3880 λέοντα
3016 3825 3073 3878 δὲ
3107 3823 3196 3877 τὸν
3233 3823 3471 3878 διάϐολον
3507 3822 3760 3894 ὠρυόμε-

2179 3939 2270 3977 νον
2307 3921 2426 3975 καθ’
2457 3919 2634 3991 ἡμῶν,
2685 3918 2777 3972 καὶ¹
2822 3915 3050 3979 πολλοὺς
3097 3914 3537 3985 καθαρπάζοντα,
3575 3916 3674 3982 ἀφ’
3705 3911 3765 3968 οὗ

2179 4013 2391 4076 λέοντος
2424 4010 2722 4077 ἐξέσπασεν
2762 4010 2791 4061 ὁ
2822 4008 3024 4080 ποιμὴν
3055 4009 3081 4060 ὁ
3121 4005 3283 4069 καλὸς
3321 4005 3414 4058 δύο
3463 4004 3638 4075 σκέλη
3673 4007 3767 4057 καὶ

2179 4107 2335 4160 λοϐὸν
2365 4104 2550 4170 ὠτίου,
2585 4102 2672 4156 διὰ
2707 4102 2985 4172 παρακοῆς
3021 4101 3117 4171 μὲν
3147 4097 3537 4160 καταπίνοντος
3574 4097 3640 4149 τὸ
3671 4092 3765 4158 a3;

2178 4199 2278 4269 τῆς
2317 4197 2493 4268 ψυχῆς
2536 4195 2631 4248 τοῦ
2678 4193 2986 4265 ἀνθρώπου,
3021 4191 3111 4246 διὰ
3157 4191 3215 4244 δὲ
3256 4191 3362 4245 τῶν
3405 4189 3616 4244 σκελῶν
3666 4190 3766 4261 τὴν

2184 4288 2405 4360 πορείαν
2433 4286 2620 4357 αὐτῆς.

2257 4376 2367 4431 Τοῦ
2403 4374 2608 4430 αὑτοῦ.
2642 4372 2903 4444 Ζητήσεις
2931 4371 2986 4424 δὲ
3018 4370 3127 4441 (58)
3157 4370 3262 4423 ἀπὸ
3289 4368 3402 4433 τοῦ,
3436 4388 3454 4420 ι
3491 4370 3765 4440 Περιεκύ-

2181 4469 2394 4524 κλωσάν
2427 4485 2495 4540 με
2527 4467 2716 4538 μόσχοι
2754 4466 2958 4529 πολλοὶ,
2995 4483 3012 4516 ι
3047 4464 3271 4534 πότερον
3308 4462 3374 4516 τὰ
3409 4462 3512 4529 μὲν
3541 4462 3766 4532 λέγεται

2181 4558 2288 4630 πρὸ
2316 4559 2414 4629 τῆς
2447 4557 2646 4624 ἐξόδου,
2675 4555 2743 4609 τὰ
2779 4555 2837 4609 δὲ
2873 4555 2998 4625 περὶ
3030 4553 3136 4607 τῶν
3167 4552 3304 4623 μετά
3341 4552 3440 4624 τὴν
3487 4551 3692 4618 ἔξοδον,
3725 4554 3763 4624 ἦ

2180 4653 2396 4714 πάντως
2429 4650 2556 4720 περὶ
2583 4647 2691 4701 τῶν
2728 4643 2863 4718 μετά
2891 4644 2987 4715 τὴν
3016 4643 3212 4710 ἔξοδον.
3245 4645 3354 4697 Καὶ⁸
3391 4643 3538 4705 εἰκός
3573 4659 3644 4710 γε
3679 4643 3766 4695 ὅτι

2178 4744 2326 4816 ἐώρα
2361 4741 2782 4815 περιεστηκυίας
2814 4739 3069 4809 δυνάμεις
3098 4736 3424 4808 βουλομένας
3449 4734 3549 4806 τὴν
3577 4735 3766 4806 ψυχὴν

2180 4834 2343 4889 αὑτοῦ
2367 4833 2721 4906 παραλαϐεῖν,
2749 4833 2842 4886 καὶ
2871 4831 3234 4887 καταϐιϐάσαι
3275 4832 3334 4884 ἐν
3375 4827 3767 4901 σκυθρωποτέ-

2182 4941 2297 4998 ροις
2323 4924 2562 4996 χωρίοις.

2161 5157 2202 5187 ¹⁹
2224 5157 2427 5210 Jerem.
2457 5166 2498 5214 ι,
2521 5149 2577 5204 5.
2650 5149 2697 5178 ὀ
2736 5145 2799 5200 lll
2833 5147 2964 5215 Reg.
2989 5159 3108 5212 vm,
3134 5143 3224 5198 46.

2179 5309 2366 5433 0³ῐὲξῇ
2409 5361 2670 5431 Ἆνὰγοις
2706 5358 2777 5412 δὲ
2818 5356 3038 5433 ταῦτα,
3096 5363 3208 5410 etc.
3260 5352 3490 5433 Schedaa
3528 5348 3768 5433 Gabii,

2181 5421 2488 5507 partimque
2533 5421 2826 5489 Corderius
2865 5430 3004 5495 apud
3053 5440 3218 5496 quem
3272 5425 3484 5479 incerto
3542 5421 3766 5476 auctori

2183 5507 2512 5562 tribuuntur.

2255 5574 2368 5646 (58)
2402 5570 2692 5641 Ζητήσεις
2722 5569 2810 5635 δέ,
2847 5575 2954 5625 etc.
2983 5565 3207 5624 Schedae
3237 5562 3445 5621 Grabii.
