3986 6384
115 281 141 333 1
158 279 268 335 9.57

1138 273 1450 332 SELECTA
1489 272 1557 327 IN
1599 270 1931 328 PSALMOS.
1974 303 2041 312 —
2075 271 2266 326 PSAL.
2309 272 2448 327 XXI.

3270 287 3407 347 1258

212 390 367 444 'chl
402 390 557 460 ὕδωρ
583 390 899 462 ἐξεχύθην,
931 393 1027 447 καὶ
1058 394 1486 461 διεσκορπίσθη
1520 391 1706 444 πάντα

1890 387 2051 442 Vens.
2086 388 2170 442 15.
2208 386 2356 442 Sicut
2390 405 2526 458 aqua
2555 390 2754 457 e/fusus
2786 406 2901 446 sum
2925 400 2976 447 et
3002 392 3240 459 dispersa
3267 406 3391 452 sunt

113 486 200 540 τὰ
228 484 380 539 ὀστᾶ
401 503 543 554 μου,
572 504 623 539 κ.
659 503 708 541 τ.
741 488 788 540 ὲ.
823 488 987 540 ὐστᾶ
1016 488 1115 557 τῆς
1148 486 1338 556 σοφίας
1361 485 1468 555 (59)
1494 486 1561 539 τὰ
1587 486 1715 554 ἆγια

112 576 376 648 δόγματα
408 578 507 648 τῆς
548 578 871 650 Ἐκκλησίας
917 580 1085 644 ἐστὶν,
1130 578 1273 649 ἆπερ
1315 580 1372 630 ὲν
1419 576 1498 647 τῷ
1528 578 1716 647 Πάσχα

112 672 239 732 τοῖς
265 669 540 733 Ἰουδαίοις
562 671 635 741 μὴ
656 672 958 743 συντρίϐειν
974 672 1439 744 νενομοθέτηταισι
1463 668 1713 724 Ὀστοῦν»

114 760 260 832 γάρ,
316 761 507 832 φησὶν,
542 762 644 815 (οὐ
671 763 987 834 συντρίψετε
1041 763 1226 817 αὑτοῦ.
1271 784 1288 815 ι
1333 762 1600 832 Ἐκχεῖται
1657 761 1714 814 δὲ

112 850 260 902 ὡσεὶ
285 850 428 922 ὕδωρ
469 850 625 920 λόγος
653 853 758 905 ὑπὸ
802 853 909 906 τῶν
944 854 1351 925 πρεσϐευόντων
1394 854 1557 905 αὐτὸν
1588 853 1713 906 ὑδα-

118 944 260 1013 ρῶς,
293 944 384 997 καὶ
410 943 514 997 ὑπὸ
540 944 651 998 τῶν
680 948 760 1009 εἰς
789 946 888 999 οὐκ
919 947 1195 1019 ἐπιτήδεια
1222 945 1388 1017 σκεύη
1414 945 1714 999 λαλούντων

112 1037 313 1099 αὐτὸν,
346 1039 439 1091 καὶ
481 1038 809 1108 ἐκχεόντων·
846 1039 1288 1112 διασκορπίζεται
1337 1040 1393 1093 δὲ
1432 1040 1611 1094 πάντα
1646 1040 1713 1093 τά

110 1130 260 1183 ὀστᾶ
283 1130 374 1183 τοῦ
398 1130 559 1199 λόγου
594 1132 698 1184 ὑπὸ
721 1131 828 1184 τῶν
861 1131 933 1203 μὴ
968 1132 1246 1195 σωζόντων
1276 1130 1440 1183 αὑτοῦ
1466 1130 1526 1183 τὸ
1558 1130 1710 1200 ὕψος,

110 1219 261 1273 ἀλλά
282 1220 380 1290 τὴν
409 1222 465 1273 ἐν
484 1224 602 1285 ταῖς
626 1223 866 1293 Γραφαίς
888 1221 1151 1292 ἁρμονίαν
1182 1220 1345 1275 αὐτοῦ
1372 1221 1711 1291 διαλυόντων,

109 1308 266 1362 ὥστε
310 1305 449 1362 εἶναι
496 1310 648 1381 παρὰ
692 1311 791 1381 μὲν
828 1309 964 1381 τῷδέ
995 1327 1100 1363 τινι
1140 1308 1259 1362 τόδε
1306 1308 1490 1362 ὀστέον
1525 1309 1710 1374 αὑτοῦ,

110 1402 279 1473 παρὰ
326 1401 462 1472 τῷδὲ
509 1419 616 1455 τινι
650 1403 856 1473 ἕτερον,
901 1403 995 1457 καὶ
1026 1402 1212 1473 ἕτερον
1262 1403 1390 1474 παρ’
1420 1402 1610 1473 ἑτέρῳ.
1655 1403 1713 1455 Ὀ

108 1492 173 1545 δὲ
223 1494 282 1545 ὲν
330 1492 405 1563 τῷ
425 1491 613 1562 τελείῳ
661 1492 793 1556 Θεὸς
831 1493 1052 1561 συνάγει
1100 1491 1291 1545 ὀστοῦν
1331 1492 1465 1563 πρὸς
1498 1490 1709 1555 ὀστοῦν,

111 1586 218 1638 καὶ
254 1586 520 1656 ἁρμονίαν
570 1586 706 1658 πρὸς
742 1586 1007 1657 ἁρμονίαν
1058 1588 1121 1640 ὲκ
1159 1585 1252 1639 τοῦ
1286 1586 1436 1648 ὄντος
1479 1584 1707 1657 Ἰσραήλ.

121 1677 203 1728 Ἦ
234 1676 378 1730 κατὰ
409 1677 490 1740 τὸ,
527 1697 545 1729 ι
596 1677 845 1747 Ἐλέησόν
876 1694 965 1747 με,
1000 1677 1193 1749 Κύριε,
1224 1678 1306 1729 ὅτι
1339 1675 1616 1748 ἐταράχθη
1644 1675 1713 1730 τὰ

111 1768 262 1823 ὀστᾶ
293 1787 416 1840 μου,
460 1789 478 1823 ι
521 1771 640 1823 ὲστί
676 1788 795 1824 τινα
825 1771 927 1840 τῆς
952 1771 1129 1841 ψυχῆς
1158 1769 1321 1841 νοητὰ
1349 1771 1500 1823 ὀστᾶ.

190 1861 303 1915 Καὶ
340 1864 429 1928 είς
476 1861 631 1930 χοῦν
673 1861 931 1916 θανάτου
978 1860 1310 1930 κατήγαγές
1351 1878 1450 1930 με,
1479 1877 1535 1915 κ.
1570 1877 1620 1914 τ.
1657 1861 1703 1913 ὲ.

110 1954 237 2005 Οὐκ
261 1954 340 2017 είς
370 1953 597 2007 θάνατον
625 1954 757 2025 (60),
788 1954 901 2008 ἀλλ’
932 1955 1013 2017 είς
1040 1952 1167 2024 χοῦν
1198 1952 1430 2007 θανάτου
1459 1950 1707 2022 κατήχθη

106 2049 140 2100 ὁ
183 2046 455 2118 Χριστός·
487 2047 548 2099 οὐ
584 2045 692 2118 γὰρ
735 2049 768 2118 ἡ
809 2046 956 2118 ψυχὴ
1000 2043 1163 2098 αὐτοῦ
1197 2047 1276 2107 είς
1315 2043 1445 2115 ᾅδου
1476 2043 1708 2114 κατελήσ

111 2138 252 2210 φθη,
281 2138 376 2193 καὶ
400 2141 433 2210 ἡ
463 2138 599 2210 σάρξ
620 2138 784 2192 αὑτοῦ
815 2139 915 2192 οὐκ
937 2133 1043 2191 οἶδε
1073 2135 1389 2208 διαφθοράν.

185 2321 608 2391 Διεμερῖσαντο
652 2321 725 2375 τὰ
757 2320 956 2391 ἱμάτιά
997 2340 1117 2391 μου
1158 2323 1413 2391 ἑαυτοῖς,
1454 2324 1553 2377 καί
1610 2324 1710 2378 ἐπὶ

108 2415 228 2469 τὸν
246 2416 566 2484 ἱματισμόν
581 2432 700 2484 μου
721 2414 943 2468 ἔϐαλον
964 2415 1212 2484 κλῆρον,
1231 2435 1286 2473 κ.
1317 2435 1368 2472 τ.
1392 2419 1439 2471 ὲ.
1468 2418 1709 2472 Ἰουδαῖοι

113 2508 221 2579 μὲν
248 2505 358 2576 (61)
385 2504 474 2557 τὸν
499 2505 743 2576 γραπτὸν
767 2506 930 2576 νόμον
950 2504 1243 2576 τηροῦντες
1263 2506 1357 2559 καὶ
1383 2507 1450 2560 τά
1476 2506 1710 2578 αἰσθητὰ

110 2603 127 2652 ί
138 2600 314 2669 μάτια
342 2596 436 2650 τοῦ
460 2597 631 2664 Λόγου
653 2597 1089 2669 διαμερίζονται·
1123 2599 1282 2668 ἡμεῖς
1314 2597 1370 2651 δὲ
1398 2598 1459 2651 τὸ
1494 2598 1709 2671 πνεῦμα

108 2688 213 2743 τοῦ
238 2688 398 2757 λόγου
428 2686 811 2756 φυλάσσοντες,
838 2686 907 2739 τά
935 2685 1101 2757 νοητὰ
1126 2686 1317 2757 ἱμάτια
1337 2684 1430 2738 τοῦ
1458 2685 1709 2756 Σωτῆρος

106 2780 277 2851 ἡμῶν
314 2777 761 2852 διαμεριζόμεθα,
792 2778 871 2842 είς
908 2777 1142 2848 Χριστὸν
1174 2776 1583 2847 βαπτιζόμενοι,
1614 2777 1710 2830 καὶ

108 2871 284 2925 αὐτὸν
308 2871 613 2942 ἐνδυόμενοι
636 2869 710 2934 ὡς
741 2870 933 2940 σοφίαν
963 2870 1056 2924 καὶ
1093 2870 1347 2942 ἀλήθειαν
1380 2868 1475 2924 καὶ
1506 2868 1710 2925 δικαιο-

110 2963 309 3034 σύνην.
1415 2963 1417 2973 ’

197 3054 400 3109 Ῥῦσαι
429 3053 548 3109 ἀπὸ
565 3054 865 3123 ῥομφαίας
900 3054 1013 3124 τὴν
1039 3056 1249 3124 ψυχήν
1274 3073 1413 3126 μου,
1454 3076 1509 3111 κ.
1558 3072 1609 3111 τ.
1653 3060 1701 3112 ἐ.

1820 482 1995 535 omnia
2027 497 2145 534 ossa
2195 496 2333 545 mea,
2363 490 2467 536 etc.
2505 480 2641 537 Ossa
2675 484 2969 551 sapientiae,
3005 485 3255 555 dogmata
3290 485 3391 539 Ec-

1819 572 1995 627 clesiae
2038 581 2224 627 sancta
2256 581 2409 638 sunt,
2457 588 2577 640 qua:
2617 574 2669 629 in
2706 575 2971 632 Paschate
3016 593 3120 632 non
3156 578 3377 633 commio

1818 664 2030 719 nuenda
2076 678 2196 719 esse
2228 663 2312 719 lex
2358 662 2556 720 Judaeis
2588 667 2967 737 praecipiebat:
3001 687 3019 718 ι
3047 669 3119 725 0s
3162 689 3181 722 ι
3214 668 3383 733 enim,

1819 754 2074 823 inquit“,
2098 772 2117 806 ι
2149 768 2251 807 non
2279 754 2656 810 comminuetis
2683 771 2748 810 ex
2772 771 2890 812 eo.»
2923 755 3226 811 Eﬂ‘unditur
3251 757 3393 812 sicut

1819 860 1957 913 aqua
1990 846 2212 898 verbum
2245 844 2315 899 ab
2348 844 2414 899 iis
2442 844 2533 913 qui
2570 860 2675 901 non
2725 848 2938 903 sincere
2971 852 3144 918 ipsum
3180 864 3391 903 annun-

1820 936 1975 1002 tiant,
2020 946 2073 992 et
2105 936 2174 990 ab
2210 938 2277 993 iis
2306 937 2399 1006 qui
2443 938 2494 992 in
2529 941 2720 994 idonea
2754 955 2879 996 vasa
2912 957 3017 996 non
3066 942 3194 997 illud
3226 944 3391 997 emit-

1816 1036 1975 1096 tunt;
2028 1030 2415 1102 disperguntur
2459 1051 2587 1091 vero
2626 1036 2805 1091 omnia
2855 1052 2978 1093 ossa
3027 1040 3175 1094 verbi
3214 1042 3281 1095 ab
3325 1041 3392 1095 iis

1816 1122 1906 1190 qui
1956 1122 2074 1191 ejus
2122 1124 2511 1185 sublimitatem
2544 1144 2649 1184 non
2689 1140 2940 1198 servant,
2982 1132 3074 1187 sed
3114 1147 3233 1187 eam
3271 1149 3390 1203 qua:

1819 1212 1873 1267 in
1911 1211 2209 1285 Scripturis
2247 1227 2349 1286 est,
2384 1220 2724 1276 harmoniam
2755 1222 3079 1289 dissolvunt,
3116 1224 3189 1278 ita
3239 1234 3299 1280 ut
3327 1240 3392 1281 os

1815 1307 1932 1378 ejus
1963 1308 2106 1363 aliud
2155 1325 2320 1380 penes
2360 1313 2505 1366 hunc
2542 1314 2652 1378 sit,
2701 1314 2845 1369 aliud
2897 1329 3066 1382 penes
3110 1316 3292 1381 illum,
3334 1328 3392 1371 et

1816 1401 1958 1455 aliud
1991 1417 2154 1471 penes
2187 1402 2438 1458 alterum.
2470 1404 2573 1472 Qui
2616 1417 2799 1462 autem
2842 1408 3005 1479 622
3050 1408 3390 1478 ili-perfecto

1816 1494 2025 1550 habitat
2059 1496 2221 1561 Deus,
2251 1512 2312 1552 os
2344 1499 2410 1552 ad
2438 1513 2501 1554 os
2538 1499 2838 1568 c0njnngit,
2867 1509 2919 1555 et
2952 1500 3290 1554 harmoniam
3323 1502 3391 1555 ad

1817 1585 2156 1640 harmoniam
2207 1604 2271 1643 ex
2308 1588 2491 1643 Israel.
2543 1589 2639 1645 Vel
2669 1588 2820 1657 juxta
2880 1591 3011 1645 illud
3041 1594 3085 1623 ²²
3116 1608 3130 1645 :
3174 1610 3192 1643 ι
3222 1591 3388 1647 Mise-

1818 1689 1939 1730 rere
1987 1676 2108 1737 mei,
2147 1677 2391 1743 Domine,
2437 1678 2694 1748 quoniam
2734 1682 3058 1736 conturbata
3097 1691 3228 1737 sunt
3266 1698 3388 1740 ossa

1744 1764 1786 1820 Β
1817 1784 1956 1833 mea,
1993 1788 2010 1820 ι
2057 1771 2297 1838 quaedam
2334 1779 2460 1825 sunt
2500 1770 2884 1827 intellectualia
2915 1774 3107 1828 anima:
3133 1790 3279 1830 ossa.

1884 1864 2047 1921 Vnus.
2073 1867 2159 1921 ιϐ.
2188 1866 2255 1921 Et
2282 1870 2335 1922 in
2364 1868 2631 1938 pulverem
2657 1871 2839 1923 mortis
2860 1869 3126 1924 deduxisti
3149 1886 3250 1934 me,
3277 1878 3385 1926 etc.

1809 1955 1925 2011 Non
1967 1959 2020 2012 in
2052 1967 2305 2023 mortem,
2335 1961 2431 2016 sed
2465 1961 2517 2014 in
2566 1959 2846 2030 pulverem
2897 1960 3088 2015 mortis
3123 1962 3389 2016 deductus

1810 2059 1893 2104 est
1937 2049 2222 2106 Christus:
2262 2067 2369 2107 non
2399 2052 2543 2107 enim
2574 2051 2752 2105 anima
2781 2052 2898 2120 ejus
2946 2054 2999 2107 in
3040 2050 3252 2107 inferno
3295 2053 3388 2107 de-

1811 2139 1997 2194 relicta
2026 2149 2143 2209 est,
2185 2157 2362 2213 neque
2400 2156 2527 2197 caro
2557 2140 2673 2211 ejus
2710 2151 2931 2212 espcrta
2961 2152 3043 2198 est
3083 2142 3390 2213 corruptio-

1810 2246 1955 2285 nent.

1884 2322 2046 2379 Vens.
2090 2325 2176 2381 19.
2241 2325 2544 2381 Diviserunt
2608 2328 2711 2382 sibi
2772 2328 3077 2380 vestimenta
3136 2343 3288 2393 mea,
3337 2338 3388 2382 et

1808 2431 1965 2482 super
2015 2424 2204 2470 vestem
2242 2432 2413 2470 meam
2470 2418 2726 2472 miserunt
2778 2428 3002 2479 sortem,
3049 2426 3156 2472 etc.
3214 2416 3387 2472 Judzei

1810 2504 2029 2572 quidem
2090 2506 2213 2559 dum
2266 2505 2439 2574 legem
2494 2507 2751 2575 scriptam
2806 2516 3059 2573 servant,
3109 2507 3388 2561 scnsibilia

1810 2595 2307 2675 Yerhivestimeuta
2353 2596 2621 2663 dividunt,
2655 2613 2750 2652 nos
2779 2613 2911 2654 vero
2945 2600 3196 2669 spiritum
3233 2601 3387 2657 verbi

1808 2684 2198 2749 custodientes,
2231 2685 2611 2741 intellectualia
2645 2687 2957 2743 Servatoris
2991 2691 3165 2745 nostri
3205 2690 3377 2745 vesti-

1811 2783 1993 2830 menta
2026 2774 2335 2841 dividimus,
2366 2776 2421 2830 in
2454 2777 2737 2831 Christum
2787 2777 3077 2848 baptizati,
3122 2789 3175 2833 et
3209 2778 3386 2849 ipsum

1812 2876 2071 2937 tanquam
2137 2868 2498 2937 sapientiam,
2546 2869 2835 2925 veritatem
2888 2879 2942 2925 et
2984 2870 3253 2942 justitiam
3305 2872 3385 2925 iu-

1810 2960 1946 3013 duti.

1900 3048 2065 3108 Vsus.
2126 3050 2216 3105 2|.
2275 3050 2421 3106 Erue
2486 3068 2518 3104 a
2581 3051 2827 3120 framea,
2897 3051 3077 3116 Deus,
3153 3054 3388 3107 animam

120 3147 193 3200 'H
224 3146 495 3217 δυναμένη
528 3113 975 3218 τῆνῠιζίυχὴνωὲ)
1254 3113 1494 3218 ῥομφαία
1538 3148 1701 3219 νοητὴ

1820 3157 1995 3206 neum,
2029 3152 2134 3197 etc.
2179 3141 2405 3198 Framea
2435 3159 2555 3214 quae
2586 3145 2820 3198 animam
2852 3143 3017 3199 ferire
3046 3146 3239 3216 possit,
3278 3147 3388 3200 uti-

108 3243 225 3311 ιιρα
251 3240 387 3302 ἐστὶ,
417 3239 545 3311 περὶ
580 3235 651 3311 ἧς
680 3241 922 3312 εἴρηται·
965 3260 983 3292 ι
1018 3241 1129 3293 Καὶ
1175 3241 1267 3295 σοῦ
1310 3241 1366 3294 δὲ
1405 3242 1576 3313 αὐτῆς
1602 3242 1702 3314 τὴν

1820 3247 1907 3300 lue
1934 3234 2191 3304 Spiritalis
2220 3247 2325 3302 εει,
2367 3234 2434 3291 de
2467 3250 2574 3306 qua
2605 3234 2808 3290 dictum
2835 3246 2918 3291 est
2943 3236 3029 3292 ³³ι
3067 3255 3086 3289 ι
3118 3238 3184 3293 Ει
3233 3248 3381 3293 tuam

107 3333 295 3403 ψυχὴν
342 3331 676 3385 διελεύσεται
716 3332 979 3404 ῥομφαία.
1008 3352 1026 3384 ι
1066 3333 1336 3403 Ῥομφαία
1378 3333 1555 3386 τοίνυν
1587 3334 1704 3387 ἐστὶ

1826 3326 1974 3395 psius
2012 3327 2250 3381 animam
2288 3327 2642 3397 pertransibit
2689 3326 2921 3398 gladius.
2950 3347 2970 3381 ι
3015 3330 3388 3400 Reprehensi-

107 3424 291 3497 ψεκτὴ
321 3424 625 3496 πειρασμὸς
651 3426 730 3488 είς
756 3424 1014 3478 ἀπιστίαν
1056 3422 1191 3477 Θεοῦ
1231 3423 1703 3495 προσκαλούμενος

108 3514 213 3585 τὴν
253 3513 449 3584 ψυχὴν,
490 3513 755 3585 ἢγνῶσις
799 3514 1229 3585 ψευδώνυμος,ἣ
1275 3513 1530 3584 λογισμὸς
1568 3514 1705 3568 ἀκά-

110 3606 315 3677 θαρτος
356 3606 435 3668 είς
484 3605 760 3677 ἁμαρτίαν
793 3605 1151 3676 ἐφελκόμενος
1190 3605 1288 3677 τὴν
1321 3606 1524 3677 ψυχήνσ
1566 3607 1703 3678 ὅπερ

114 3697 406 3769 συμϐαίνει
449 3699 561 3761 τοῖς
605 3696 701 3768 τὴν
748 3697 1054 3770 πρακτικὴν
1104 3697 1401 3770 κατορθοῦν
1446 3697 1701 3769 βουλομέ-

110 3808 251 3853 νοις.

186 3878 296 3937 Kal
327 3882 395 3935 ἐκ
428 3882 627 3949 χειρός
652 3880 837 3947 κυνὸς
869 3878 975 3948 τὴν
999 3880 1297 3949 μονογενῆ
1319 3899 1458 3950 μου,
1490 3899 1544 3936 κ.
1572 3899 1622 3935 τ.
1654 3883 1699 3933 ἑ.

112 3976 197 4029 Τὰ
228 3977 292 4027 ὲκ
318 3975 507 4028 τούτου
534 3973 643 4044 (65)
672 3973 767 4029 τοῦ
790 3973 949 4037 κυνὸς
974 3972 1288 4042 γεννώμενα
1325 3974 1419 4025 καὶ
1444 3973 1583 4027 αὐτὰ
1610 3992 1705 4026 κυ-

110 4069 280 4139 νάρια
304 4065 648 4138 ὀνομάζεται,
674 4065 802 4137 περ).
829 4062 902 4119 ὧν
929 4066 1140 4137 εἴρηται
1160 4082 1172 4095 ·
1204 4084 1221 4116 ‹
1254 4066 1367 4118 Οὐκ
1396 4065 1511 4118 ἔστι
1540 4066 1702 4118 καλὸν

109 4159 301 4214 λαϐεῖν
328 4158 420 4211 τὸν
445 4158 609 4228 ἄρτον
635 4156 743 4210 τῶν
783 4156 1009 4221 τέκνων,
1044 4156 1138 4209 καὶ
1171 4155 1353 4226 βαλεῖν
1383 4157 1497 4220 τοῖς
1540 4173 1704 4209 κυνα-

116 4253 277 4324 ρίοις.

186 4343 553 4414 Διηγήσομαι
580 4343 647 4397 τὸ
683 4342 871 4412 ὄνομά
918 4356 1034 4396 σου
1070 4340 1194 4407 τοῖς
1236 4341 1522 4411 ἀδελφοῖς
1559 4358 1699 4410 μου,

1803 3417 1929 3472 bilis
1962 3419 2144 3487 itaque
2181 3419 2387 3474 framea
2417 3429 2499 3474 est
2527 3421 2753 3475 teutatio
2778 3420 2867 3473 illa
2894 3433 3015 3489 quae
3038 3421 3102 3475 ad
3133 3421 3385 3476 incredu-

1807 3509 2012 3563 litatem
2048 3512 2138 3564 Dei
2190 3515 2425 3564 animum
2459 3512 2682 3577 inducit,
2717 3511 2802 3565 vel
2834 3512 3073 3582 cognitio
3108 3511 3266 3579 falsa,
3297 3515 3384 3567 vel

1805 3602 2062 3669 cogitatio
2098 3602 2303 3671 impura
2344 3616 2463 3671 qua:
2499 3604 2549 3657 in
2585 3612 2866 3673 peccatum
2902 3604 3138 3658 animam
3172 3605 3378 3659 trahit;

1805 3695 1946 3763 quod
1978 3695 2204 3764 contigit
2231 3695 2317 3750 his
2345 3695 2436 3766 qui
2465 3706 2618 3750 recte
2644 3711 2804 3767 agere
2837 3695 3045 3751 volunt.

1878 3878 1948 3931 Et
1998 3879 2062 3932 de
2114 3895 2275 3934 manu
2327 3882 2473 3935 canis
2530 3882 2743 3935 unicam
2796 3897 2998 3942 meam,
3048 3888 3156 3936 etc.
3211 3878 3381 3947 llujus

1807 3969 1958 4024 cauis
1992 3968 2137 4025 fetus
2163 3980 2216 4025 et
2260 3972 2360 4040 ipsi
2393 3972 2573 4026 catelli
2605 3982 2890 4035 vocantur,
2940 3973 3005 4027 de
3052 3973 3249 4040 quibus
3299 3974 3384 4027 di-

1805 4070 1949 4113 ctum
1985 4061 2176 4115 est”:
2213 4081 2231 4113 ι
2259 4060 2375 4116 Non
2406 4072 2489 4117 est
2521 4064 2723 4118 bonum
2759 4077 2975 4119 sumere
3012 4079 3206 4135 panem
3243 4063 3382 4120 ﬁlio-

1810 4168 1929 4205 rum
1955 4161 2009 4206 et
2040 4152 2174 4209 dare
2198 4154 2428 4209 catellis.
2452 4174 2470 4207 ι

1876 4337 2040 4392 Vsus.
2062 4336 2152 4392 23.
2176 4336 2426 4391 Narrabo
2444 4354 2629 4393 nomen
2654 4349 2800 4391 tuum
2823 4336 3080 4406 fratribus
3105 4336 3253 4403 meis,
3271 4344 3379 4391 etc.

112 4458 166 4492 κ.
200 4455 253 4490 τ.
289 4440 335 4491 ἑ.
366 4435 550 4491 Ταῦτα
586 4436 746 4490 οἱονεὶ
777 4434 886 4507 (64)
919 4435 1249 4498 ἀναστάντος
1278 4437 1341 4488 ὲκ
1369 4434 1577 4505 νεκρῶν
1608 4436 1702 4486 ὑπ’

1820 4431 1933 4486 ilazc
1958 4431 2027 4485 ab
2068 4432 2183 4501 ipso
2216 4432 2359 4487 dicta
2388 4443 2513 4487 sunt
2543 4434 2698 4503 quasi
2723 4433 2834 4500 jam
2869 4447 2897 4485 a
2932 4431 3161 4486 mortuis
3199 4446 3384 4486 resur-

111 4528 279 4583 αὖτοῦ
328 4526 567 4597 λέγεται,
602 4528 696 4580 καὶ
742 4524 1169 4589 ἐπακουσθέντος
1213 4523 1300 4593 ἐφ’
1335 4517 1420 4588 οἷς
1460 4522 1701 4594 προσηύ-

114 4622 262 4685 ξατο.

180 4712 351 4780 Παρὰ
376 4710 492 4766 σοῦ
523 4713 557 4765 ό
580 4710 826 4776 ἔπαινός
842 4728 961 4778 μου
985 4710 1056 4762 ἐν
1088 4708 1419 4777 Ἐκκλησία
1441 4706 1697 4777 μεγάλῃ,

109 4824 164 4859 κ.
208 4822 261 4857 τ.
306 4804 353 4858 ὲ.
388 4822 406 4855 ι
447 4804 536 4857 Ἐν
566 4803 643 4874 τῷ
676 4804 867 4876 Κυρίῳ
896 4802 1004 4873 (65)
1040 4800 1457 4872 ἐπαινεθήσεται
1489 4804 1522 4871 ἡ
1553 4799 1697 4871 ψυχή

113 4915 242 4967 μου,
277 4915 295 4946 ι
324 4893 603 4961 τουτέστιν
626 4896 725 4948 οὐκ
752 4898 807 4948 ὲν
838 4894 1084 4966 εὐγενείᾳ
1107 4893 1216 4947 οὐδ’
1246 4894 1302 4946 ὲν
1330 4891 1563 4962 πλούτῳ,
1584 4891 1699 4945 ἀλλ’

107 4991 167 5041 ἐν
204 4985 368 5056 σοφίᾳ
401 4986 494 5038 καὶ
524 4984 855 5057 δικαιοσύνῃ.

182 5078 480 5149 φάγονται
524 5077 780 5146 πένητες
820 5079 917 5131 καὶ
977 5074 1506 5146 ἐμπληησθιξσονται
1532 5113 1545 5137 ,
1600 5072 1701 5126 καὶ

235 5215 280 5246 ¹¹
320 5213 478 5269 Joau.
514 5228 628 5279 XIX,
663 5215 751 5268 50.

186 5333 303 5395 (59)
352 5330 532 5387 Ὀστᾶ
575 5330 684 5399 τῆς
728 5330 985 5399 σοφίας,
1036 5336 1142 5383 etc.
1196 5328 1407 5383 Eaedem
1453 5328 1703 5395 schedaa,

162 5426 177 5458 ἱ
271 5424 281 5456 ἒ
373 5421 417 5460 5.

111 5406 460 5555 Βιςιίίὸῗῗὶρκ
487 5476 580 5555 εἷς
609 5472 906 5536 θάνατον,
949 5479 1057 5527 etc.
1097 5468 1277 5524 Codex
1314 5467 1703 5534 Coisliuianus,

117 5546 341 5600 schedm
372 5543 579 5597 Gruhii.

190 5614 304 5685 (σι)
342 5614 619 5685 Ἰουδαῖοι
642 5614 780 5683 μέν,
812 5622 919 5668 etc.
948 5611 1131 5666 Codex
1162 5610 1549 5675 Coisliniauus,
1576 5610 1706 5666 Bar-

110 5683 306 5748 barus,
340 5687 553 5738 schedaz
583 5683 790 5738 Grabii.

191 5756 324 5826 (62)
383 5754 447 5808 Ἠ
490 5752 795 5823 δυναμένη
851 5754 963 5820 τὴν
1010 5750 1260 5821 ψυχήν,
1320 5761 1429 5807 etc.
1477 5750 1702 5807 Schcdae

401 5849 678 5909 Parnm.
712 5846 831 5907 Gtt.
866 5846 1009 5908 ΧΗ.

846 5214 890 5244 ²²
932 5210 1153 5273 ΡξιιιΛί,
1183 5211 1236 5265 3.
1313 5210 1359 5240 ”
1396 5208 1530 5264 Luc.
1560 5224 1632 5273 tt,
1660 5208 1750 5263 55.

1808 4525 2063 4591 rexisset,
2102 4534 2156 4579 et
2193 4526 2484 4579 exauditus
2522 4536 2668 4581 esset
2699 4540 2796 4594 pro
2828 4525 2895 4579 iis
2926 4531 3156 4593 quorum
3205 4524 3384 4595 gratia

1804 4629 2078 4673 Oraverat.

1878 4709 2041 4762 Vens.
2084 4707 2174 4762 26.
2230 4707 2381 4776 Apud
2433 4715 2483 4760 te
2537 4704 2655 4759 laus
2702 4721 2816 4759 mea
2864 4706 2918 4759 in
2970 4704 3213 4759 Ecclesia
3261 4723 3380 4760 ma-

1806 4817 1930 4869 gna,
1969 4811 2074 4856 ctc.
2107 4819 2126 4853 ι
2153 4801 2209 4856 In
2258 4800 2483 4854 L'omino
2532 4799 2846 4853 laudabitur
2880 4800 3060 4853 anima
3112 4814 3230 4856 mea
3258 4801 3324 4867 ",
3356 4819 3375 4852 ι

1808 4894 1910 4947 hoc
1932 4903 2036 4960 est,
2071 4909 2174 4947 non
2209 4894 2259 4946 in
2296 4894 2510 4964 generis
2536 4891 2834 4958 nobilitate,
2866 4907 3042 4963 neque
3070 4891 3122 4946 in
3154 4892 3381 4958 divitiis,

1808 4982 1900 5034 sed
1936 4982 1985 5034 in
2020 4983 2293 5051 sapientia
2323 4992 2375 5036 et
2404 4981 2638 5049 justitia.

1881 5071 2049 5126 Vens.
2076 5073 2169 5127 ‘27.
2209 5073 2373 5127 Edent
2404 5090 2655 5142 pauperes
2683 5081 2733 5126 et
2763 5074 3171 5142 saturabunlur,
3199 5084 3245 5128 et
3274 5074 3386 5127 lau-

1828 5207 1874 5239 “
1910 5207 2099 5263 Matth.
2126 5224 2214 5271 xv,
2242 5208 2331 5263 26.

1802 5327 2028 5391 Grabii,
2076 5327 2384 5397 partimque
2416 5327 2709 5383 Corderius
2736 5368 2750 5391 ,
2794 5336 2849 5385 et
2884 5327 3055 5382 codex
3099 5326 3386 5383 Coislinia-

1804 5416 1987 5540 n“35.5)
2047 5468 2124 5523 Τὰ
2164 5468 2235 5540 ἐκ
2275 5468 2532 5535 τούτου,
2582 5477 2685 5523 etc.
2739 5468 2919 5524 Codex
2982 5465 3383 5533 Coislinianus,

1804 5539 2022 5596 schedte
2050 5539 2261 5595 Grabii.

1874 5612 1988 5681 (64)
2024 5609 2456 5681 Ταῦταηοὶονεί,
2488 5620 2599 5664 etc.
2633 5607 2943 5681 corderius.

1874 5677 1988 5753 (65)
2033 5681 2136 5737 Ἐν
2166 5679 2246 5747 τῷ
2283 5684 2498 5749 Κυρίῳ,
2535 5694 2643 5737 etc.
2679 5679 2861 5735 Codex
2889 5677 3276 5735 Coisliniauus.

3048 5837 3126 5900 1ιο

2421 5210 2467 5242 ⁸⁸
2511 5208 2824 5264 Psat.xxxu|
2843 5249 2859 5275 ,
2898 5209 2953 5262 5.
