3986 6384
189 307 323 361 1‘26!

1178 302 1483 360 SELECTA
1522 302 1588 356 IN
1622 300 1954 357 PSALMOS.
1989 333 2057 340 —
2097 300 2288 355 PSAL.
2332 300 2493 355 XXII.

3305 301 3445 362 ηιξ

190 425 471 497 μαστίγων
525 425 618 479 καὶ
676 424 783 479 τῶν
828 425 1100 480 κολάσεων
1151 426 1386 496 εἴρηται,
1439 425 1772 497 μαρτυρήσει

1879 422 2033 477 testis
2078 421 2181 475 erit
2214 419 2517 490 Scriptura,
2565 437 2684 489 qua:
2716 421 2950 477 dicit”:
2988 440 3005 473 ι
3040 421 3095 476 Si
3143 422 3448 493 derelique-

184 519 326 589 αὑτὴ
380 520 413 589 ἡ
482 518 521 569 Γ
526 518 672 590 ραφὴ
738 518 995 588 λέγουσα·
1058 537 1074 569 ι
1127 519 1248 572 Ἐάν
1314 518 1776 586 ὲγκαταλείπωσιν

184 612 239 663 oi.
273 609 375 664 υἱοί
412 628 512 683 μου
540 609 631 665 τὸν
664 609 825 682 νόμον
864 629 983 682 μου,
1022 611 1113 663 καὶ
1163 614 1272 674 τοῖς
1306 610 1534 682 κρίμασί
1565 627 1664 680 μου
1704 609 1776 681 μὴ

190 700 568 773 πορευθῶσιν·
614 701 708 755 ἐὰν
760 701 827 757 τὰ
876 700 1221 773 δικαιώματά
1262 718 1361 771 μου
1406 699 1774 771 βεϐηλώσωσι,

188 795 288 847 καὶ
319 794 418 857 τὰς
448 794 669 858 ἐντολάς
707 812 806 866 μου
856 795 930 867 μὴ
970 794 1293 863 φυλάξωσιν,
1324 793 1687 863 ἐπισκέψομαι
1719 792 1775 843 ὲν

189 888 373 958 ῥάϐδῳ
400 886 499 950 τὰς
525 888 752 958 ἀνομίας
780 887 979 952 αὐτῶν,
1016 887 1107 939 καὶ
1138 889 1195 939 ὲν
1228 886 1444 957 μάστιξι
1477 886 1573 948 τὰς
1600 886 1778 956 ἁμαρ-

185 978 312 1042 τίας
345 979 542 1043 αὐτῶν,
574 980 635 1031 τὸ
670 979 727 1033 δὲ
774 978 920 1041 ἔλεός
953 994 1052 1049 μου
1084 976 1144 1029 οὐ
1187 978 1259 1046 μὴ
1307 976 1642 1029 διασκεδάσω
1681 974 1774 1027 ἀπ’

187 1068 402 1121 αὐτῶνθ
438 1089 456 1121 ι
485 1068 625 1121 ὥστε
656 1070 704 1122 εἰ
733 1068 977 1140 ἥμαρτες
1017 1067 1110 1120 καὶ
1155 1066 1368 1135 βλέπεις
1410 1065 1601 1136 ῥάϐδον
1641 1063 1773 1116 Θεοῦ

189 1160 551 1231 ἐπικειμένην
578 1178 680 1225 σοι,
719 1159 847 1223 ῐσθι,
881 1160 962 1211 ὅτι
1001 1158 1063 1211 τὸ
1092 1158 1233 1221 ἕλεος
1279 1158 1372 1210 τοῦ
1406 1157 1541 1211 Θεοῦ
1574 1157 1634 1209 οὐ
1665 1157 1774 1209 διε-

189 1250 482 1305 σκέδασται
513 1250 620 1305 ἀπὸ
651 1250 765 1305 σοῦ.
798 1252 861 1303 Et
895 1250 951 1303 δὲ
983 1250 1248 1321 ἥμαρτες,
1297 1251 1389 1302 καὶ
1416 1248 1650 1318 οὐδαμοῦ
1679 1247 1775 1318 ρά-

188 1345 337 1408 ϐδος,
371 1344 492 1397 οὐδὲ
530 1343 745 1415 μάστιξ,
778 1342 943 1412 φοϐοῦ
968 1359 979 1373 ·
1010 1343 1069 1395 οὐ
1104 1339 1465 1412 παραδέχεταί
1500 1357 1557 1392 σε
1592 1342 1619 1393 ό
1644 1339 1776 1402 Θεὸς

194 1456 213 1486 ι
260 1438 288 1489 ὁ
318 1436 595 1508 μαστιγῶν
627 1437 804 1489 πάντα
836 1436 950 1491 υἱὸν
982 1435 1041 1489 ὃν
1066 1435 1449 1507 παραδέχεται.
1494 1454 1510 1484 ι
1542 1432 1776 1486 Τοιαῦτα

186 1530 406 1599 λέγεται
436 1529 563 1600 περὶ
595 1528 701 1584 τῶν
741 1528 1097 1599 ἁμαρτωλῶν,
1132 1529 1218 1580 ὅτε
1251 1528 1311 1580 οὐ
1350 1526 1738 1596 μαστιγοῦνται
1758 1542 1770 1554 ⁸

194 1641 214 1673 ι
265 1621 429 1692 Ἐμοῦ
463 1622 519 1675 δὲ
553 1620 703 1692 παρὰ
740 1619 931 1690 μικρὸν
961 1617 1325 1688 ὲσαλεύθησαν
1358 1618 1405 1670 οἱ
1442 1617 1616 1678 πόδες,
1647 1618 1773 1687 παρ’

185 1714 367 1782 ὀλίγον
399 1712 624 1784 ἐξεχύθη
659 1711 725 1764 τά
749 1710 1055 1781 διαϐήματά
1085 1727 1205 1779 μου,
1240 1709 1321 1761 ὅτι
1347 1710 1445 1761 οὐκ
1475 1707 1616 1760 ἔστιν
1642 1708 1773 1759 ἀνά-

1882 512 1988 565 rint
2020 511 2112 564 lilii
2152 512 2254 563 mei
2294 511 2464 581 legem
2499 526 2694 573 meam,
2720 520 2773 566 et
2803 512 2855 564 in
2895 511 3115 581 judiciis
3166 511 3299 565 meis
3341 527 3447 568 non

1879 603 2309 668 ambulaverint;
2356 603 2399 657 si
2443 600 2686 670 justitias
2734 618 2880 658 meas
2924 603 3352 672 profanaverint,
3397 616 3452 658 et

1879 694 2132 748 mandata
2180 708 2297 748 mea
2346 708 2451 747 non
2507 695 2894 755 eustodierint,
2934 694 3165 749 visitabo
3197 695 3250 749 in
3312 697 3450 765 Jirga

1880 785 2199 854 iniquitates
2238 798 2447 850 eorum,
2476 794 2529 837 et
2563 785 2614 837 in
2644 784 2956 839 verberibus
2985 793 3205 853 peccata
3235 800 3449 848 eorum,

1881 876 2305 931 misericordiam
2334 884 2511 929 autem
2542 889 2711 928 meam
2747 891 2850 928 non
2882 874 3187 946 dispergam
3222 876 3290 930 ab
3313 876 3444 930 εἰς.»

1880 967 2241 1035 Quamobrem
2276 966 2321 1020 si
2354 966 2623 1036 peccasti,
2671 976 2726 1019 et
2776 967 2926 1023 vides
2958 968 3164 1030 virgam
3214 967 3307 1021 Dei
3354 967 3449 1021 tibi

1880 1064 2185 1125 imminere,
2212 1060 2377 1132 624
2408 1048 2545 1116 scito
2592 1063 3018 1116 misericordiam
3057 1063 3148 1116 Dei
3199 1077 3304 1118 non
3341 1063 3451 1117 dis-

1879 1172 2091 1227 persam
2144 1172 2263 1211 esse
2298 1173 2326 1208 a
2372 1164 2442 1209 te.
2497 1154 2553 1209 Si
2609 1163 2786 1207 autem
2842 1156 3115 1223 peccasti,
3162 1170 3261 1210 nec
3300 1154 3450 1226 virga

1878 1266 1976 1305 nec
2009 1250 2277 1321 ﬂagellum
2311 1246 2589 1302 ullumodo
2618 1246 2883 1309 imminet,
2916 1248 3044 1301 time
3072 1266 3086 1299 :
3126 1263 3229 1301 non
3260 1248 3451 1316 recipit

1882 1353 1931 1395 te
1974 1342 2113 1395 Deus
2160 1342 2246 1409 qui
2288 1360 2305 1391 ι
2338 1339 2577 1409 ﬂagellat
2623 1355 2838 1396 onmem
2894 1340 3061 1394 ﬂlium
3105 1356 3264 1409 quem
3314 1342 3451 1397 reciv

1878 1434 1956 1503 pit
1984 1433 2051 1487 ³¹.
2077 1451 2094 1483 ι
2133 1431 2267 1485 Nam
2299 1432 2365 1485 de
2408 1433 2786 1499 peccatoribus
2836 1448 2974 1501 quos
3027 1448 3132 1487 non
3183 1434 3449 1503 castigat,

1879 1526 2073 1580 dicitur
2094 1525 2177 1577 aI:
2218 1543 2236 1576 ι
2270 1521 2369 1578 )lei
2401 1533 2577 1578 autem
2610 1539 2744 1591 pene
2776 1525 2906 1578 moti
2942 1534 3068 1579 sunt
3097 1524 3285 1592 pedes,
3314 1539 3451 1593 pene

1879 1618 2033 1672 eﬂusi
2068 1628 2195 1673 sunt
2230 1633 2449 1689 gressus
2495 1618 2621 1681 mei,
2668 1618 2793 1687 quia
2822 1632 2926 1671 non
2967 1627 3052 1672 est
3086 1625 3360 1687 respectus
3393 1617 3447 1670 in

1880 1719 2051 1764 morte
2085 1706 2345 1779 ipsorum,
2389 1720 2439 1761 et
2478 1709 2875 1763 ﬁrmamentum
2924 1708 2975 1761 in
3030 1707 3183 1776 plaga
3234 1722 3446 1762 eorum.

186 1821 374 1868 νευσις
412 1806 469 1857 ὲν
512 1802 588 1873 τῷ
635 1802 848 1872 Θανάτῳ
892 1800 1089 1866 αὐτῶν,
1138 1800 1232 1852 καὶ
1277 1799 1562 1870 στερέωμα
1606 1799 1663 1849 ἐν
1707 1799 1771 1867 τῇ

1879 1801 1931 1854 In
1964 1802 2242 1857 laboribus
2271 1802 2548 1855 hominum
2584 1815 2688 1853 non
2725 1809 2871 1863 sunt,
2907 1810 3108 1853 etcum
3142 1799 3450 1853 hominibus

192 1897 418 1967 μάστιγι
468 1894 667 1947 αὐτῶν.
713 1894 798 1945 Ἐν
832 1893 1021 1955 κόποις
1062 1889 1360 1961 ἀνθρώπων
1399 1890 1497 1942 οὐκ
1536 1889 1773 1951 εἰσὶ,καὶ

192 1984 333 2057 μετά
387 1983 689 2055 ἀνθρώπων
742 1983 803 2035 οὐ
866 1980 1388 2052 μαστιγωθήσονται.
1456 1978 1553 2031 Διά
1617 1978 1775 2031 τοῦτο

186 2077 494 2148 ἐκράτησεν
525 2074 719 2137 αὐτοὺς
752 2076 784 2145 ἡ
816 2072 1191 2144 ὑπερηφανίαν
1232 2070 1613 2142 περιεϐάλοντο
1655 2070 1773 2123 ἁδι-

104 2236 107 2239 _
186 2166 316 2219 κίαν
340 2166 431 2218 καὶ
460 2164 709 2219 ἀσέϐειαν
737 2164 934 2218 αὐτῶν.
968 2166 1033 2217 Ἡ
1058 2164 1247 2235 ῥάϐδος
1274 2181 1365 2216 σου
1400 2164 1491 2216 καὶ
1516 2165 1548 2233 ἡ
1575 2162 1776 2232 βακτη-

190 2255 284 2325 ρία
326 2272 440 2307 σου.
476 2274 495 2308 ι
534 2255 717 2325 Ἀρκεῖ
766 2253 989 2324 ῥάϐδος⁸
1033 2253 1085 2306 τί
1131 2256 1275 2307 ποιεῖ
1326 2252 1628 2324 βακτηρία;
1678 2252 1772 2305 ἐὰν

184 2342 258 2421 ᾖς
304 2346 570 2420 πρόϐατον
627 2345 980 2417 ἁμαρτωλὸν,
1023 2344 1200 2416 ῥάϐδῳ
1249 2346 1529 2417 πληγὴσῃ·
1574 2343 1669 2397 ἐὰν
1704 2340 1773 2416 ᾖς

188 2437 476 2509 ἄνθρωπος
507 2437 846 2509 ἁμαρτωλὸς,
886 2436 1178 2508 βακτηρίᾳ·
1210 2437 1298 2492 διὰ
1332 2436 1488 2490 τοῦτο
1524 2438 1617 2489 ἐπὶ
1647 2436 1769 2488 τού-

188 2548 300 2584 των
327 2532 387 2583 οὐ
419 2531 629 2601 ῥάϐδος,
662 2531 795 2585 ἀλλά
839 2530 1108 2602 βακτηρία
1154 2528 1442 2599 ὠνομάσθη
1501 2529 1651 2603 παρὰ
1695 2527 1771 2598 τῷ

190 2621 496 2692 Σολομῶντι
528 2625 585 2675 ἐν
612 2625 730 2686 ταῖς
755 2624 1128 2691 Παροιμίαις·
1172 2642 1187 2673 ι
1234 2623 1290 2675 '0
1321 2621 1629 2692 φειδόμενος
1672 2622 1773 2691 τῆς

188 2711 494 2785 βακτηρίας
527 2717 676 2786 μισεῖ
698 2715 788 2768 τὸν
817 2714 1011 2768 ἑαυτοῦ
1037 2715 1167 2769 υἱόν.
1202 2736 1219 2767 ι
1249 2714 1434 2768 Ταῦτα
1467 2710 1557 2768 οὖν
1590 2732 1771 2787 παρα-

1879 1908 1983 1947 non
2012 1893 2451 1964 ﬂagellabuntur.
2481 1892 2602 1947 Ideo
2633 1892 2804 1956 tenuit
2832 1907 2925 1946 eos
2957 1893 3230 1961 superbia.
3262 1890 3447 1961 Operti

1878 1994 2006 2038 sunt
2041 1985 2332 2054 iniquitate
2359 1992 2414 2038 et
2455 1984 2733 2054 impietate
2777 1998 2896 2037 sua.
2932 1982 3093 2052 Virga
3134 1993 3220 2038 tua
3252 1992 3305 2037 et
3354 1983 3451 2037 ba-

1878 2077 2030 2131 culus
2059 2084 2202 2130 tuus.
2231 2094 2248 2127 ι
2287 2073 2494 2129 SulIicit
2524 2076 2673 2143 virga
2706 2091 2719 2127 :
2752 2076 2878 2143 quid
2911 2090 3047 2143 opus
3091 2083 3174 2129 est
3220 2074 3449 2129 baculo?

1879 2168 1921 2222 si
1962 2168 2129 2222 fueris
2161 2169 2276 2221 ovis
2307 2182 2521 2231 errans,
2550 2166 2733 2233 virga;
2764 2166 2808 2219 si
2854 2166 3018 2221 lueris
3050 2168 3212 2221 homo
3253 2181 3444 2235 pecca-

1882 2269 1986 2323 tor,
2038 2259 2230 2312 baculo
2271 2257 2567 2329 vapulabis.
2621 2258 2744 2312 Ideo
2797 2257 2849 2310 in
2887 2257 2970 2311 bis
3013 2272 3118 2311 non
3159 2258 3449 2325 virga,sed

1878 2350 2101 2405 baculus
2148 2351 2198 2404 in
2255 2348 2551 2403 Proverbiis
2602 2365 2629 2402 a
2679 2350 2968 2405 Salomone
3018 2349 3320 2418 appellatur
3355 2348 3446 2405 ”:

1884 2461 1901 2492 ι
1932 2441 2031 2508 Qui
2076 2442 2248 2511 parcit
2280 2441 2492 2507 baculo,
2521 2440 2634 2494 odit
2670 2440 2840 2494 lilium
2874 2457 3049 2495 suum.
3080 2459 3098 2491 ι
3150 2439 3273 2493 Πειιο
3316 2455 3451 2494 con~

1878 2532 2121 2586 solantur
2168 2547 2292 2585 eum
2341 2531 2433 2600 qui
2467 2529 2684 2599 vapulat
2727 2539 2782 2585 et
2826 2531 3069 2599 punitur,
3119 2531 3321 2601 quippe
3360 2531 3449 2583 cui

1877 2639 2194 2693 persuasum
2226 2623 2297 2677 sit
2324 2640 2352 2677 a
2385 2621 2493 2676 Deo
2522 2637 2739 2676 omnem
2791 2622 2958 2677 tilium
2990 2638 3149 2692 quem
3193 2622 3449 2695 suscipit,

1880 2714 2159 2783 ﬂagellari.

186 2803 347 2858 καλεῖ
372 2805 460 2857 τὸν
480 2806 809 2871 τυπτόμενον
834 2807 928 2860 καὶ
951 2808 1039 2861 τὸν
1065 2804 1441 2876 κολαζόμενον,
1475 2807 1857 2876 πεπεισμένον,
1886 2808 1968 2860 ὅτι
1998 2808 2251 2879 μαστιγοῖ
2281 2809 2309 2861 ὁ
2337 2807 2467 2873 Θεδς
2496 2809 2673 2864 πάντα
2708 2806 2821 2860 υίὺν
2848 2807 2907 2861 ὃν
2934 2806 3315 2879 παραδέχεται.

270 2899 380 2954 Τοῦ
424 2900 627 2955 αὐτοῦ.
672 2903 879 2974 ’Ὠσπερ
939 2903 1130 2973 ῥάϐδος
1162 2904 1272 2974 (74)
1308 2901 1583 2966 παιδεύει,
1633 2903 1772 2958 οὕτω

1951 2905 2231 2974 Ejusdem.
2262 2906 2725 2971 Quemadmodum
2759 2906 2907 2976 virga
2939 2906 3138 2970 erudit,
3182 2906 3262 2961 sic
3310 2906 3452 2960 actio

188 2992 470 3064 πρακτικὴ
505 2991 863 3065 μετροπαθεῖν
890 2994 1193 3048 ἐκδιδάσκει
1210 3012 1222 3024 ο
1253 2995 1345 3048 καὶ
1368 2992 1557 3066 ὥσπερ
1584 2994 1777 3066 βακτη-

191 3085 287 3158 ρία
314 3084 602 3147 ἀναπαύει,
627 3084 768 3137 οὕτω
800 3086 893 3139 καὶ
919 3086 1117 3153 γνῶσις
1161 3087 1461 3158 εὐφραίνει.
1496 3086 1775 3158 Βακτηρία

184 3172 253 3227 τὶ
290 3174 526 3245 (ιχυρόν.
550 3173 804 3227 Βούλεται
828 3170 918 3228 οὖν
951 3178 1141 3242 εἰπεῖν,
1176 3178 1276 3241 ὅτι,
1315 3178 1380 3229 Ἦ
1406 3176 1651 3247 βασιλεία
1680 3194 1772 3229 σου

188 3269 225 3338 ἡ
260 3267 494 3336 κραταιὰ
532 3267 632 3338 τῆς
672 3266 1067 3339 παρακλήσεώς
1103 3287 1191 3340 μοι
1221 3270 1422 3341 ταύτης
1448 3269 1662 3337 ἐγένετο
1689 3286 1777 3339 χο-

190 3359 380 3430 ρηγός-

275 3452 625 3521 Ἠτοίμασνας
659 3452 915 3507 ἐνώπιόν
951 3472 1069 3524 μου
1114 3451 1431 3521 τράπεζαν,
1489 3455 1557 3519 ἐξ
1600 3457 1774 3509 ἐναν-

188 3544 321 3609 τίας
352 3544 469 3596 τῶν
496 3546 820 3599 θλιϐόντων
836 3564 932 3615 με,
960 3563 1014 3600 κ.
1042 3564 1090 3599 τ.
1118 3547 1163 3599 ὲ.
1193 3547 1256 3600 Τί
1282 3546 1525 3616 βούλεται
1559 3547 1667 3617 (75)
1692 3546 1771 3610 τὸ,

194 3654 215 3686 ι
258 3635 315 3701 ἐξ
346 3638 590 3701 ἐναντίας
630 3637 735 3690 τῶν
765 3638 1053 3692 θλιϐόντων
1099 3655 1198 3709 με;
1249 3658 1266 3690 ι
1301 3640 1452 3708 Ἔχει
1486 3657 1535 3694 τι
1568 3640 1771 3710 μυστή-

191 3744 307 3797 ριον
341 3727 669 3799 ἀπόρρητον,
703 3729 787 3781 ἵνα
831 3746 914 3792 τις
947 3728 1171 3799 εὔχηται
1200 3728 1491 3782 θλίϐεσθαι.
1540 3730 1773 3783 Ἐπινόει

194 3829 286 3885 μοι
313 3811 502 3884 ὥσπερ
554 3816 646 3867 ἐπὶ
690 3815 798 3869 τῶν
848 3817 1071 3886 ἀγώνων
1126 3816 1232 3869 τῶν
1278 3819 1527 3889 μεγάλων
1582 3819 1774 3883 ἄθλους

188 3906 571 3976 ἐπικειμένους
620 3907 742 3961 καθ’
799 3908 1026 3962 ἕκαστον
1079 3908 1385 3978 ἀγώνισμα,
1442 3909 1613 3974 οὕτως
1649 3910 1771 3964 καθ’

189 4000 429 4071 ἑκάστην
457 3999 657 4069 θλίψιν,
681 4000 842 4071 ἡνίκα
868 4002 933 4057 ἂν
964 4002 1022 4055 τὸ
1046 4001 1223 4055 θλίϐον
1252 4005 1423 4073 παρῇ,
1459 4004 1552 4056 καὶ
1578 4004 1633 4056 αἱ
1664 4002 1773 4055 θλί-

191 4092 383 4146 ϐουσαι
417 4093 672 4163 δυνάμεις
704 4096 757 4147 αί
802 4093 1193 4164 ἀντικείμεναι,
1223 4095 1331 4147 νόει
1369 4094 1771 4167 ἡτοιμασμένην

188 4184 469 4256 τράπεζαν
505 4186 878 4258 πνευματικὴν
920 4188 1014 4240 καὶ
1052 4188 1267 4258 νοητὴν,
1307 4187 1393 4241 διὰ
1428 4188 1630 4260 ταύτην
1673 4189 1771 4259 τὴν

1882 2999 2097 3051 modum
2148 2999 2199 3051 in
2237 2996 2522 3053 aﬂectibus
2568 2998 2858 3052 tenendum
2904 3000 3125 3061 edocet;
3158 3008 3212 3051 et
3252 3013 3445 3067 quem.

1880 3089 2167 3143 admodum
2202 3091 2421 3144 baculus
2457 3091 2544 3145 dat
2578 3093 2837 3161 quietem,
2880 3089 2960 3144 sic
2996 3100 3050 3144 et
3082 3089 3307 3145 scientia
3352 3090 3447 3145 lm-

1879 3179 2074 3233 titiam.
2127 3179 2358 3234 Baculus
2384 3191 2467 3235 est
2518 3182 2645 3250 quid
2684 3181 2839 3235 forte.
2885 3179 2996 3235 lloc
3042 3195 3171 3249 ergo
3216 3181 3328 3235 vult
3368 3183 3451 3235 di-

1877 3285 2039 3324 cere:
2076 3270 2316 3341 Regnum
2368 3282 2514 3325 tuunt
2558 3273 2794 3327 validum
2843 3272 2983 3328 hanc
3027 3273 3447 3329 consolationem

1879 3361 2005 3414 mihi
2043 3364 2289 3429 praebuit.

1954 3451 2113 3507 Vens.
2142 3453 2196 3507 5.
2246 3454 2460 3507 Parasft'
2506 3456 2564 3508 in
2610 3465 2883 3524 conspectu
2927 3472 3038 3509 meo
3069 3472 3300 3509 mensam
3343 3458 3445 3510 ad-

1877 3561 2051 3599 versus
2100 3562 2185 3599 eos
2233 3548 2319 3619 qui
2371 3547 2623 3601 tribulam
2676 3564 2786 3612 me,
2836 3559 2942 3601 etc.
2995 3548 3133 3615 Quid
3192 3548 3294 3603 sibi
3334 3550 3448 3603 vult

1877 3637 2041 3703 istud,
2080 3655 2097 3687 ‹
2126 3637 2389 3693 adversus
2418 3653 2513 3693 eos
2555 3640 2645 3708 qui
2696 3638 2957 3692 tribulant
3005 3639 3129 3693 me?
3158 3657 3176 3690 ι
3228 3638 3446 3708 Aliquid

1877 3729 2121 3799 mysterii
2172 3729 2434 3792 continet,
2482 3739 2537 3784 ut
2587 3741 2838 3799 precetur
2870 3731 2993 3798 quis
3040 3729 3307 3784 tribulari.
3345 3731 3449 3785 Co»

1876 3821 1986 3891 gita
2024 3820 2156 3875 mihi
2201 3822 2657 3891 quemadmodum
2693 3822 2748 3875 in
2781 3823 2990 3892 magnis
3032 3824 3446 3890 certaminibus,

1876 3912 2095 3967 cuilibet
2119 3912 2380 3981 palzestrae
2403 3923 2551 3969 certa
2578 3914 2850 3984 proposita
2872 3924 2999 3968 sunt
3022 3916 3264 3985 praemia,
3292 3916 3445 3972 sicin

1877 4004 2117 4071 qualibet
2142 4005 2507 4071 tribulatione,
2525 4007 2740 4076 quando
2770 4007 2822 4061 id
2842 4008 2984 4076 quod
3012 4008 3252 4074 tribulat,
3272 4010 3444 4074 adest.

1875 4106 1931 4149 et
1987 4096 2388 4152 tribulationem
2444 4098 2684 4152 inferunt
2736 4097 3060 4153 adversariae
3119 4109 3444 4169 potestates,

1878 4204 2120 4243 mensam
2150 4188 2483 4258 spiritualem
2515 4199 2570 4243 et
2601 4189 3017 4246 intellectualem
3047 4205 3167 4247 esse
3206 4202 3447 4262 paratam

190 4278 392 4350 θλίψιν.
433 4279 651 4342 Ὁσάκις
673 4280 801 4347 γοῦν
837 4279 931 4333 ἐὰν
961 4280 1138 4350 θλιϐᾗ,
1165 4281 1490 4340 τοσαυτάκις
1520 4283 1613 4335 καὶ
1642 4282 1772 4353 τρά-

1879 4290 2101 4350 propter
2134 4282 2272 4335 hanc
2327 4280 2746 4337 tribulationem.
2791 4282 3229 4352 Quotiescunque
3283 4282 3449 4352 igitur

164 4370 337 4451 ⁵πεζά
370 4390 450 4425 σοι
484 4372 840 4443 παρατίθεται
871 4373 1233 4444 πνευματική.
1260 4373 1433 4426 Μόνον
1456 4373 1544 4444 ἔχε
1578 4374 1775 4443 ὀφθαλ-

193 4466 330 4537 μοὺς
358 4467 483 4529 τοὺς
514 4464 809 4534 βλέποντας
852 4464 1131 4537 τραπέζας
1172 4482 1292 4536 μου,
1324 4467 1390 4520 ἵν’
1436 4467 1773 4538 εὐχαριστῶν

189 4558 370 4627 λέγοις
417 4557 554 4629 μετά
604 4557 698 4611 τοῦ
737 4558 1086 4611 Ἀποστόλουσ
1129 4576 1147 4610 t
1189 4558 1263 4611 Οὐ
1306 4557 1462 4628 μόνον
1507 4558 1586 4624 δὲ,
1638 4559 1773 4614 ἀλλὰ

190 4652 288 4705 καὶ
316 4649 655 4721 καυχώμενοι
681 4650 736 4702 ἐν
766 4652 883 4712 ταῖς
917 4648 1174 4718 θλίψεσιν.
1210 4667 1228 4699 ι
1264 4649 1350 4702 Ἐν
1397 4649 1589 4721 ἀρχαῖς
1622 4649 1678 4702 δὲ
1715 4652 1771 4702 ὲ-

191 4744 475 4814 φάσκομεν
495 4743 587 4794 τὸν
614 4742 677 4795 ἐκ
707 4742 986 4812 προκοπῆς
1018 4740 1144 4794 ὄντα
1170 4739 1543 4810 κατασκηνοῠν
1574 4741 1653 4809 είς
1684 4741 1772 4793 τό-

189 4853 293 4889 πον
317 4834 497 4905 χλόης.
546 4833 696 4887 Ἐπεὶ
725 4829 817 4887 οὖν
859 4835 886 4885 ό
916 4832 1237 4903 προκόπτων
1276 4830 1375 4885 κᾶν
1404 4831 1495 4883 ἐπὶ
1527 4830 1587 4883 τὸ
1620 4831 1768 4894 τέλος

190 4928 470 4998 φθάσειεν,
502 4926 684 4979 οὐκέτι
717 4926 905 4996 μείνας
934 4924 1223 4996 πρόϐατον,
1245 4923 1380 4976 ἀλλὰ
1405 4922 1617 4992 λογικὸς
1648 4925 1769 4977 ἁνα-

188 5020 443 5091 δειχθεὶς,
487 5018 762 5091 τράπεζαν
812 5015 1043 5084 λογικῶν
1086 5013 1301 5086 τροφῶν
1332 5013 1768 5086 ηὐτρεπισμένην

190 5114 304 5185 ἔχει
337 5112 441 5165 ὑπὸ
465 5111 690 5182 Κυρίου.
728 5109 817 5179 Τῷ
845 5108 952 5179 γὰρ
979 5109 1170 5180 Κυρίῳ
1198 5107 1515 5177 τυγχάνοντι
1542 5108 1574 5176 ἡ
1610 5105 1769 5174 σοφία

190 5205 473 5277 ἑτοιμάσει
501 5205 602 5276 τὴν
623 5202 823 5272 ἑαυτῆς
840 5198 1138 5272 τράπεζαν,
1158 5202 1241 5268 ἐφ’
1260 5195 1327 5272 ἦς
1343 5199 1409 5251 τὰ
1429 5197 1532 5251 ἴδια
1553 5196 1770 5267 θύματα

190 5299 512 5371 παρέχεται.
557 5294 907 5367 Εὑχαριστῶν
948 5289 1040 5347 οὗν
1069 5310 1226 5364 φησι·
1264 5311 1281 5344 ι
1320 5290 1649 5361 Ἤτοίμασας
1685 5290 1771 5341 ὲν-

266 5486 466 5543 "Psal.
490 5499 752 5549 Lxxan,
772 5482 832 5535 5|
865 5489 917 5534 et
945 5496 1059 5550 seq.

268 5624 400 5696 (74)
438 5626 663 5696 Ὥσπερ
696 5622 952 5692 ῥάϐδος,
1003 5632 1107 5678 etc.
1155 5622 1335 5679 Codex
1375 5622 1768 5686 Coislinianus,

190 5694 405 5753 scliedte
432 5694 636 5750 Grabii.

1138 5480 1356 5536 “Hebr.
1382 5495 1487 5545 χιι,
1518 5480 1569 5536 6.
1646 5480 1689 5512 ³⁸
1727 5476 1867 5534 Psal.
1888 5490 2063 5539 uati,
2096 5471 2133 5525 2
2163 5481 2217 5526 et
2262 5486 2375 5539 seq.

1874 4372 2044 4428 fueris
2091 4373 2399 4438 tribulatus,
2435 4374 2593 4428 toties
2642 4375 2737 4429 tibi
2788 4389 2972 4429 mensa
3022 4374 3285 4442 spiritalis
3317 4389 3445 4443 pror-

1873 4464 2112 4536 ponitur.
2147 4464 2254 4520 Fac
2297 4465 2483 4520 oculos
2515 4465 2716 4521 habeas
2750 4465 2921 4520 solum
2955 4465 3019 4519 ad
3052 4479 3199 4521 meas
3230 4480 3447 4522 mensas

1876 4566 2131 4622 attentos,
2174 4566 2230 4611 ut
2270 4558 2472 4627 gratias
2522 4572 2686 4626 agens
2733 4557 2883 4611 dicas
2923 4571 3044 4610 cum
3078 4557 3444 4627 Apostolo“:

1887 4669 1904 4702 ι
1936 4648 2051 4703 Non
2080 4649 2253 4705 solum
2282 4659 2486 4712 autem,
2518 4650 2611 4704 sed
2647 4658 2700 4703 et
2728 4648 3025 4718 gloriamur
3056 4649 3108 4704 in
3140 4649 3448 4706 tribulatio-

1878 4728 2094 4796 nibus.»
2129 4741 2289 4797 Initio
2319 4741 2630 4796 dicebamus
2658 4754 2779 4795 eum
2811 4742 2901 4809 qui
2938 4742 3169 4810 prolicit,
3198 4743 3444 4798 habitare

1877 4833 1930 4887 in
1964 4833 2080 4889 loco
2110 4849 2342 4903 pascuae.
2393 4832 2497 4887 Sed
2527 4848 2646 4886 eum
2686 4833 2730 4888 is
2770 4834 2860 4901 qui
2902 4833 3138 4902 prolicit,
3179 4834 3246 4890 ad
3284 4836 3442 4889 linem

1876 4925 2217 4991 pervenerit,
2268 4932 2393 4976 tunc
2443 4936 2565 4976 cum
2609 4936 2711 4975 non
2762 4922 2991 4991 amplius
3043 4931 3259 4979 maneat
3306 4924 3445 4988 ovis,

1876 5012 1969 5071 sed
2007 5021 2151 5068 totus
2200 5012 2483 5067 rationalis
2519 5010 2825 5066 declaratus
2858 5012 2947 5080 sit,
2994 5028 3234 5067 mensam
3284 5012 3446 5067 ratio-

1876 5102 2145 5160 nabilibus
2190 5103 2323 5158 cibis
2368 5118 2397 5156 a
2446 5103 2554 5157 Deo
2612 5103 2937 5157 instructam
2993 5104 3171 5158 habet.
3218 5102 3447 5157 Domino

1875 5198 2018 5250 enim
2061 5196 2321 5265 sapientia
2369 5194 2696 5264 praeparabit
2739 5208 2983 5248 mensam
3033 5208 3186 5248 suam
3233 5192 3287 5245 in
3335 5206 3441 5260 qua

1877 5286 2125 5342 victimas
2170 5301 2295 5341 suas
2327 5287 2607 5357 proponit.
2633 5285 2992 5353 Quamobrem
3034 5286 3237 5355 gratias
3278 5298 3444 5354 agens

2453 5471 2498 5502 ³³
2536 5469 2698 5524 Prov.
2725 5484 2840 5531 xm,
2868 5466 2957 5520 24.
3034 5463 3079 5495 ³⁸
3120 5462 3274 5518 Rom.
3307 5478 3358 5526 ν,
3389 5463 3441 5517 5.

1946 5616 2062 5688 (75)
2094 5617 2154 5669 Τί
2183 5616 2493 5683 ,βούλεταιι
2536 5622 2641 5668 etc.
2672 5609 2850 5666 Codex
2886 5606 3254 5664 Baroccnanus
3274 5643 3290 5671 ,
3319 5619 3447 5675 par.

1880 5687 2081 5760 tim‘que
2107 5687 2414 5743 Corderius.
