3986 6384
507 271 658 327 1363

1889 258 1980 313 EX
2013 255 2314 314 ORlCE-NE

3639 254 3790 312 1265

508 388 624 442 ait:
664 407 681 439 ι
716 385 930 444 Parasti
981 387 1035 443 in
1087 394 1380 458 conspectu
1433 398 1550 440 meo
1612 397 1884 446 mensam,
1914 402 1931 433 ι
1984 395 2089 434 non

2203 375 2364 430 ὠπιόν
2387 395 2488 448 μου
2512 374 2810 449 τράπεζαν,
2834 395 2851 426 ι
2873 375 3060 430 οὐκέτι
3081 374 3447 445 εἰσαγωγικὴν
3467 372 3562 427 καὶ
3582 373 3794 444 ἠθικὴν

506 495 716 538 morum
737 479 1130 542 formatricem,
1155 486 1206 534 et
1225 493 1344 547 quae
1371 485 1518 532 recte
1542 474 1752 529 vivendi
1780 474 2088 528 rudimenta

507 571 752 626 traderet
773 569 1137 640 disciplinam,
1168 577 1228 622 ιιι
1259 567 1427 637 prius,
1459 566 1556 620 sed
1587 565 1868 638 mysticam
1913 574 1968 619 et
1999 577 2090 616 ve-

507 663 684 718 ritatis
731 663 1274 733 contemplationem.
1320 660 1614 716 Considera
1667 675 1798 714 num
1849 659 2090 729 quandiu

506 752 702 824 aliquis
735 765 820 809 est
851 754 901 808 in
934 753 1037 808 hac
1070 752 1200 818 vita,
1237 761 1292 806 et
1321 766 1420 822 per
1447 752 1725 820 speculum
1761 766 1823 807 ac
1862 752 2089 823 aenigma

503 845 668 918 625
699 847 863 913 vitlct,
897 846 1017 901 ovis
1051 846 1120 900 sit
1153 860 1272 914 qnte
1300 845 1402 898 sub
1433 854 1654 915 pastore
1683 855 1934 916 regatur;
1965 860 2089 900 cum

504 951 640 992 vero
672 936 739 992 ad
773 935 1031 992 saeculum
1070 932 1312 988 futurum
1368 932 1667 994 transierit,
1701 941 1755 986 et
1799 931 1993 986 faciem
2026 931 2091 985 ad

506 1027 699 1082 faciem
743 1027 996 1082 veritatis
1029 1025 1355 1091 admoverit,
1396 1026 1461 1079 ad
1510 1025 1809 1094 spiritalem
1849 1038 2091 1102 mensam

515 1135 844 1177 accessurus
873 1119 969 1182 sit,
989 1117 1144 1186 juxta
1171 1117 1302 1171 illud
1327 1117 1373 1150 ³⁸
1398 1135 1410 1171 :
1438 1136 1456 1168 ι
1480 1117 1542 1171 Et
1561 1131 1659 1186 ego
1684 1116 1966 1186 disponam
1999 1129 2094 1169 vo-

507 1215 593 1270 bis
609 1213 1044 1276 Testamentum,
1074 1220 1131 1263 ut
1154 1210 1330 1265 edatis
1351 1218 1404 1264 et
1435 1208 1633 1264 bibatis
1662 1223 1824 1278 super
1851 1223 2092 1263 mensam

511 1304 692 1362 Patris
727 1304 781 1359 in
828 1304 1079 1359 veritate.
1115 1322 1132 1355 ι
1166 1301 1321 1358 Unde
1359 1311 1414 1358 et
1447 1299 1649 1356 istud“
1676 1317 1689 1353 :
1717 1320 1735 1352 ι
1764 1299 2095 1371 Ρτωριιτιινὶι

508 1398 654 1454 Deus
687 1413 807 1469 quae
857 1399 1050 1454 oculus
1093 1413 1200 1453 non
1253 1397 1407 1457 vidit,
1439 1415 1456 1449 ι
1512 1405 1620 1450 etc.
1665 1393 1798 1448 lllnd
1833 1411 1965 1449 vero
1999 1395 2094 1450 «in

508 1502 801 1560 conspectu
833 1507 982 1556 meo,
1008 1510 1024 1542 ι
1057 1489 1327 1561 significat
1355 1497 1600 1557 apertam
1633 1487 1763 1541 mihi
1796 1501 1916 1542 esse
1941 1501 2094 1542 men-

509 1598 625 1636 sam
659 1583 932 1652 eregione
970 1581 1346 1636 tribulautium
1383 1594 1469 1633 me
1498 1577 1816 1640 multorum,
1853 1578 1944 1648 qni
1980 1594 2096 1634 me-

509 1689 630 1729 cum
681 1673 996 1728 inimicitias
1047 1687 1311 1728 exercere
1352 1669 1559 1725 volunt.
1613 1670 1677 1724 Et
1722 1685 1844 1724 cum
1876 1681 2098 1741 propter

508 1779 606 1819 eos
635 1763 728 1833 qui
760 1762 1023 1817 tribttlant
1053 1777 1162 1826 me,
1199 1760 1459 1816 Dominus
1491 1759 1619 1813 velit
1655 1774 1740 1814 me
1790 1735 2089 1814 valide-ad-
2125 1735 2168 1790 Β

511 1869 707 1910 versus
739 1853 887 1924 ipsos
934 1853 1237 1923 insurgere,
1279 1852 1492 1922 paravit
1539 1852 1592 1906 in
1637 1862 1932 1922 conspectu
1973 1867 2092 1908 meo

511 1961 782 2011 mensam,
817 1946 870 2000 in
904 1960 1008 2015 qua
1038 1944 1246 2001 solidus
1283 1943 1568 2014 appositus
1597 1952 1681 1998 est
1707 1942 1881 2008 cibus,
1907 1953 1966 1999 ut
1989 1945 2091 2000 hoc

513 2033 774 2090 athletice
824 2045 1127 2098 saturatas.
1157 2048 1424 2105 generose
1459 2033 1668 2088 valeam
1705 2035 1962 2090 resistere
1991 2035 2089 2090 ad-

510 2141 702 2182 versus
744 2141 838 2182 eos
871 2127 962 2195 qni
1019 2127 1282 2180 tribulant
1318 2139 1424 2179 me.
1482 2125 1654 2195 Cujus
1703 2137 1882 2180 autem
1932 2135 2092 2196 caput

509 2217 633 2270 oleo
687 2231 716 2270 a
766 2215 1000 2272 Domino
1054 2215 1448 2286 impinguatur,
1497 2215 1564 2279 is,
1629 2217 2091 2286 quemadmodum

509 2307 768 2364 Christus
801 2317 995 2364 unctus
1025 2323 1055 2362 a
1092 2309 1203 2364 Deo
1247 2307 1370 2363 oleo
1421 2306 1823 2373 exsultationis,
1848 2308 2093 2364 dicet":

516 2395 760 2452 «Oleum
813 2408 997 2452 autem
1052 2397 1360 2466 peccatoris
1413 2411 1520 2449 non
1582 2397 1883 2467 impinguet
1933 2408 2097 2468 caput

509 2500 716 2546 meum.
742 2506 764 2540 ι
797 2487 1062 2542 Existimo
1090 2491 1252 2541 etiam
1279 2504 1403 2544 eum
1437 2492 1530 2560 qui
1561 2487 1794 2561 jejunat,
1826 2490 1906 2546 sic
1934 2498 2097 2560 caput

509 2594 714 2660 ungere
769 2591 825 2635 et
862 2579 1057 2636 faciem
1103 2581 1308 2637 lavare.
1362 2581 1429 2636 Et
1470 2583 1728 2651 quoniam
1777 2599 1885 2638 non
1913 2583 2093 2638 solum

513 2686 758 2726 mensam
789 2671 1005 2740 paravit
1048 2673 1340 2740 sapientia,
1373 2689 1562 2728 verum
1595 2675 1759 2729 etiam
1803 2675 1856 2729 in
1885 2684 2096 2730 cratere

512 2763 740 2820 miscuit
784 2763 968 2818 vinum
1009 2779 1075 2819 ex
1121 2765 1238 2835 ipsa
1284 2780 1411 2821 vera
1463 2766 1572 2821 vite
1611 2780 1957 2838 expressum,
1990 2766 2097 2822 hoc

516 2867 651 2908 vero
692 2855 879 2909 vinum
929 2855 1172 2920 miscuit,
1219 2871 1340 2911 cum
1386 2857 1639 2913 humanis
1691 2859 1872 2916 verbis
1905 2873 2096 2914 sensus

515 2947 729 3001 divinos
761 2946 1070 3015 admiscuit,
1100 2962 1168 3003 ex
1193 2949 1457 3020 ejusmodi
1486 2961 1698 3007 cratere
1736 2952 1966 3022 singulis
1986 2953 2098 3008 dis-

512 3037 759 3094 tribuens
803 3037 1031 3097 calicem
1075 3043 1300 3110 prmbet,
1333 3043 1424 3113 qui
1471 3044 1638 3107 calix,
1693 3059 1817 3100 cum
1871 3045 2096 3115 praecla-

517 3143 634 3197 rus,
679 3129 782 3185 hoc
825 3139 908 3186 est
954 3132 1228 3202 pretiosus
1272 3141 1328 3189 et
1377 3135 1617 3190 eximius
1647 3135 1741 3201 sit,
1773 3136 2095 3206 accipientis

529 3233 651 3276 esse
679 3221 902 3278 dicitur.

494 3327 496 3329 ’
591 3331 869 3402 Ejusdem.
931 3333 1175 3390 Primum
1223 3337 1444 3406 quidem
1494 3346 1555 3393 ut
1611 3347 1798 3408 pastor
1848 3338 2101 3396 Christus

516 3427 700 3498 pascit
731 3439 886 3491 oves,
919 3441 1065 3483 nunc
1095 3442 1226 3483 vero
1265 3439 1324 3484 ut
1350 3429 1560 3485 amicus
1605 3441 1766 3485 vocat
1793 3432 1998 3488 amicos
2032 3433 2100 3488 ad

518 3533 786 3574 mensam.
816 3536 836 3570 ι
885 3517 1002 3574 Νοιι
1042 3520 1276 3589 amplius
1302 3539 1323 3574 ι
1357 3521 1525 3588 enim,
1559 3522 1820 3590 inquit”,
1857 3541 1874 3575 ι
1896 3539 1992 3580 vos
2017 3523 2102 3580 di-

517 3626 586 3668 co
611 3625 830 3676 servos,
855 3611 949 3666 sed
979 3612 1204 3668 amicos.
1227 3631 1247 3665 ι
1283 3612 1362 3667 Ac
1397 3629 1584 3669 servos
1615 3615 1834 3685 quidem
1867 3614 1998 3671 facit
2029 3616 2097 3671 ti-

516 3717 638 3758 mor
666 3703 779 3767 Dei,
807 3703 1016 3758 auticos
1038 3712 1217 3758 autem
1249 3704 1488 3774 cognitio
1525 3709 1914 3777 mysteriorum
1950 3708 2092 3779 ejus.

518 3793 760 3848 Mensam
797 3793 900 3849 hoc
944 3792 1064 3848 loco
1109 3794 1578 3851 immortalitatem
1613 3807 1794 3854 vocat.
1826 3799 1974 3854 lstttd
2002 3817 2101 3854 au-

518 3890 670 3937 tem:
701 3883 1014 3937 «Adversus
1049 3896 1145 3940 eos
1195 3885 1292 3954 qui
1329 3885 1592 3942 tribulant
1638 3903 1743 3955 me,
1771 3907 1790 3941 ι
1837 3891 1977 3946 idem
2017 3900 2101 3948 est

520 3989 606 4040 ac,
655 3974 839 4030 invitis
884 3975 953 4030 iis
999 3976 1091 4045 qui
1131 3977 1264 4032 mihi
1323 3977 1673 4036 insidiantur.
1727 3980 1913 4052 Neque
1953 3983 2100 4039 enim

519 4067 778 4122 volebant
818 4067 955 4123 forte
987 4067 1271 4141 Babylonii
1311 4085 1406 4126 eos
1437 4087 1465 4124 a
1492 4074 1814 4143 captivitate
1855 4074 2097 4142 liberari,

519 4159 619 4214 sed
652 4159 826 4230 Cyrus
853 4160 1026 4217 victor
1057 4175 1153 4217 eos
1184 4161 1241 4217 in
1265 4162 1578 4220 libertatem
1608 4167 1867 4222 asseruit.

597 4364 758 4422 Vsus.
785 4367 840 4422 6.
876 4366 943 4421 Et
971 4367 1337 4422 misericordia
1370 4377 1461 4421 tua
1505 4369 1849 4439 subsequatur
1876 4387 1959 4428 me
1989 4390 2100 4428 om-

520 4459 672 4514 nibus
698 4461 882 4514 diebus
911 4461 1030 4514 vita
1069 4475 1217 4525 ntere,
1251 4471 1358 4513 etc.
1385 4460 1646 4526 Quasnam
1674 4471 1759 4517 est
1785 4463 2100 4520 misericor-
2133 4434 2177 4489 Β

521 4551 610 4604 dia
662 4565 782 4620 qua:
829 4552 1204 4619 subsequitur,
1246 4551 1351 4605 nisi
1385 4551 1474 4605 illa
1527 4553 1596 4608 de
1646 4569 1750 4622 qua
1807 4556 2100 4626 Apostolus

519 4643 600 4696 ait
620 4641 666 4675 ⁹⁹
693 4659 707 4697 ι
738 4661 758 4694 ι
789 4642 989 4698 Factus
1020 4652 1104 4698 est
1149 4642 1309 4699 nobis
1336 4644 1601 4713 sapientia
1634 4661 1663 4700 a
1695 4646 1822 4711 Deo,
1855 4656 1909 4703 et
1932 4647 2100 4715 justi-

519 4732 622 4796 tia,
666 4741 722 4786 et
768 4733 1158 4798 sanctiﬁcatio,
1201 4742 1256 4787 et
1294 4735 1678 4805 redemptio?»
1725 4734 2099 4793 Miseri-cordia

519 4835 642 4892 qua:
661 4832 710 4876 te
725 4823 1090 4892 subsequitur,
1110 4823 1352 4877 animata
1369 4825 1639 4895 sequitur,
1659 4836 1710 4882 et
1727 4827 1864 4883 alios
1880 4829 2097 4898 quidem

433 4959 440 4968 .
520 4913 901 4984 apprehendit,
921 4914 1057 4970 alios
1075 4929 1205 4971 vero
1232 4931 1361 4971 non.
1393 4917 1558 4972 Valde
1579 4918 1847 4989 fugientes
1873 4921 2100 4978 minime

520 5007 908 5077 apprehendit,
947 5008 1133 5063 minus
1164 5018 1346 5064 autem
1391 5008 1661 5081 fugientes
1697 5013 1845 5081 capit
1899 5023 1960 5066 ut
1996 5015 2102 5068 mi-

521 5113 786 5154 sereatur.
819 5099 934 5154 Non
968 5099 1142 5154 solum
1174 5113 1352 5156 autem
1391 5104 1768 5160 misericordia
1807 5107 2098 5179 subsequi-

523 5196 632 5252 tur,
664 5205 850 5243 verum
879 5190 1045 5244 etiam
1077 5191 1180 5244 hoc
1205 5190 1360 5255 facit,
1397 5211 1414 5242 ι
1436 5202 1492 5246 ιιι
1526 5193 1826 5252 inhabilem
1848 5198 1902 5253 in
1937 5202 2100 5256 domo

524 5281 739 5336 Domini
767 5282 818 5335 in
841 5281 1238 5352 longitudinem
1278 5285 1510 5341 dierum.
1539 5305 1558 5341 ι
1603 5289 1909 5360 Longitudo
1950 5295 2096 5350 enim

597 5423 644 5455 ³⁸
670 5422 800 5477 Luc.
844 5438 979 5488 χχιι,
1003 5421 1094 5477 29.
1211 5424 1254 5456 ⁸⁸
1282 5425 1297 5479 Ι
1326 5425 1452 5482 Cor.
1479 5443 1518 5493 ι,
1555 5428 1609 5483 9.

1693 5427 1760 5476 -"
1791 5428 1934 5485 Psal.
1966 5446 2092 5498 cst,
2116 5434 2149 5488 5

2191 468 2536 523 διδασκαλίαν
2573 468 2715 523 καθὰ
2754 470 3036 540 πρότερον,
3070 467 3204 522 ἀλλά
3239 467 3506 539 μυστικὴν
3540 467 3642 520 καὶ
3683 466 3794 536 τὴν

2193 562 2294 632 τῆς
2325 562 2579 633 ἀληθείας
2604 563 2854 634 Θεωρίαν.
2881 561 3203 633 Ἐπίστησον
3231 560 3308 624 δέ,
3339 561 3386 612 εί
3421 560 3514 613 καὶ
3540 560 3671 612 ὅσον
3701 560 3794 622 τίς

2194 656 2340 708 ἐστιν
2362 659 2419 709 ἐν
2438 654 2514 725 τῷ
2537 653 2634 725 βίῳ
2657 657 2848 726 τούτῳ,
2874 653 2938 706 δι’
2956 655 3220 725 ἐσόπτρου
3247 653 3340 706 καὶ
3360 652 3425 705 δι’
3457 652 3792 722 αἰνίγματος

2197 747 2426 819 βλέπων,
2456 747 2724 820 πρόϐατόν
2758 749 2906 800 ἐστιν
2937 744 3042 798 ὑπὸ
3074 743 3291 816 ποιμένι
3336 743 3643 814 ἀγόμενον·
3685 760 3782 814 με·

2194 839 2364 905 ταϐἀς
2412 841 2468 894 δὲ
2509 841 2601 893 ἐπὶ
2633 839 2725 892 τὸν
2763 837 3025 910 μέλλοντα
3057 836 3261 900 αἰῶνα,
3298 837 3594 908 πρόσωπον
3648 835 3790 908 πρὸς,

2196 931 2488 1005 πρόσωπον
2559 928 2880 1004 προσϐαλὼν
2945 932 3010 1000 τῇ
3089 929 3350 1000 ἀληθείᾳ,
3427 929 3790 998 πνευματικῇ

2197 1025 2495 1098 προσϐαλεί
2531 1022 2799 1097 τραπέζῃ,
2825 1022 2967 1076 κατὰ
2994 1020 3054 1074 τό
3078 1037 3090 1050 ⁸
3136 1040 3153 1071 ι
3181 1021 3351 1089 Κάγὼ
3381 1019 3625 1090 θήσομαι
3657 1020 3794 1089 ὑμῖν

2197 1117 2494 1188 Διαθήκην,
2527 1114 2724 1169 ἐσθίειν
2758 1114 2852 1168 καὶ
2886 1112 3058 1166 πίνειν
3105 1111 3198 1164 ἐπὶ
3227 1111 3327 1179 τῆς
3358 1107 3650 1181 τραπέζης
3693 1107 3796 1161 τοῦ

2198 1210 2411 1281 Πατρὸς
2436 1211 2493 1262 ἐν
2521 1210 2587 1277 τῇ
2619 1206 2860 1278 ἀληθείᾳ.
2894 1224 2910 1254 ι
2950 1203 3110 1258 Ὅθεν
3145 1203 3238 1257 καὶ
3271 1203 3353 1256 re"
3390 1221 3408 1254 ι
3453 1200 3793 1270 Ἠτοίμασεν

2198 1304 2227 1356 ὁ
2257 1301 2388 1364 Θεδς
2420 1301 2456 1355 ἀ
2499 1298 2774 1370 ὀφθαλμὸς
2801 1297 2902 1350 οὐκ
2933 1289 3060 1361 εἶδε,
3087 1315 3105 1344 ι
3155 1295 3250 1348 καὶ
3295 1293 3364 1347 τά
3410 1292 3559 1364 ἑξῆς.
3598 1291 3675 1344 Τὸ
3709 1290 3790 1350 δὲ,

2206 1415 2223 1448 ι
2250 1394 2478 1448 ἐνώπιόν
2515 1410 2638 1464 μου,
2666 1411 2684 1444 ι
2721 1390 2872 1462 δηλοῖ
2903 1386 3323 1461 πεφανερῶσθαι
3361 1387 3457 1438 καὶ
3505 1382 3790 1454 ἐγνῶσθαί

2203 1505 2304 1559 μου
2337 1487 2436 1557 τὴν
2488 1482 2767 1555 τράπεζαν
2811 1479 2872 1547 ἐξ
2919 1482 3164 1544 ἐναντίας
3213 1480 3320 1533 τῶν
3375 1478 3674 1532 θλιϐόντων
3725 1493 3790 1547 με

2200 1578 2410 1632 πολλῶν
2451 1576 2758 1648 ἐχθραίνειν
2813 1592 2900 1646 μοι
2958 1575 3313 1647 βουλομένων.
3365 1575 3476 1627 Καὶ
3530 1573 3629 1626 διὰ
3683 1571 3792 1625 τῶν

2201 1669 2492 1724 θλιϐόντων
2529 1686 2595 1738 με
2629 1666 3008 1735 ἐξανίστασθαί
3041 1685 3108 1738 με
3154 1665 3389 1738 ἰσχυρῶς
3414 1665 3553 1736 πρὸς
3589 1663 3789 1726 αὐτοὺς

2195 1764 2223 1815 ό
2259 1760 2464 1834 Κύριος
2497 1760 2686 1825 θέλων,
2715 1760 3011 1832 ἡτοίμασεν
3059 1757 3289 1813 ἐνώπιόν
3341 1775 3441 1829 μου
3475 1756 3787 1826 τράπεζαν,

2195 1854 2252 1904 ἐν
2285 1847 2317 1925 ᾗ
2349 1851 2621 1904 ἐπίκειται
2657 1848 2855 1920 στερεά
2885 1847 3081 1920 τροφὴ,
3109 1845 3214 1910 ἴνα,
3239 1844 3441 1915 ταύτης
3472 1843 3789 1913 ἀθλητικῶς

2193 1942 2559 2016 ἐμφορηθεὶς,
2613 1941 2928 2011 ἀντιστῆναι
2984 1938 3250 2008 γενναίως
3302 1936 3446 2008 πρὸς
3489 1935 3624 1997 τοὺς
3673 1933 3787 1987 θλί-

2195 2035 2388 2100 ϐοντας
2441 2034 2674 2106 δυνηθῶ.
2708 2026 2783 2088 Οὗ
2831 2033 2888 2086 δὲ
2943 2033 3050 2086 ἀπὸ
3096 2029 3298 2103 Κυρίου
3359 2029 3676 2083 λιπαίνεται
3728 2029 3785 2079 ἐν

2195 2127 2355 2198 ἐλαίῳ
2400 2129 2432 2198 ἡ
2467 2127 2698 2197 κεφαλὴ,
2745 2129 2890 2198 ἐρεῖ·
2927 2146 2944 2176 ι
2979 2124 3196 2178 Ἕλαιον
3228 2123 3286 2176 δὲ
3331 2119 3667 2192 ἀμαρτωλοῦ
3712 2120 3788 2190 μὴ

2194 2219 2472 2273 λιπανάτω
2499 2219 2598 2289 τὴν
2627 2217 2868 2290 κεφαλήν
2896 2235 3024 2288 μου,
3049 2236 3066 2268 ι
3097 2215 3171 2278 ὡς
3194 2213 3300 2268 ἀπὸ
3324 2211 3458 2266 Θεοῦ
3493 2213 3785 2284 χριόμενος

2197 2310 2362 2382 ἐλαίῳ
2396 2309 2770 2379 ἀγαλλιάσεως
2810 2307 3065 2380 Χριστός.
3098 2301 3264 2377 Οἶμαι
3297 2305 3374 2368 δὲ,
3409 2305 3493 2356 ὅτι
3541 2303 3642 2356 καί
3689 2319 3785 2371 νη-

2197 2403 2422 2467 στεύων,
2449 2401 2622 2466 οὒτως
2653 2401 2930 2470 ἀλείφεται
2963 2399 3061 2470 τὴν
3090 2397 3352 2469 κεφαλὴν,
3389 2394 3484 2449 καὶ
3513 2394 3579 2447 τὸ
3615 2392 3787 2464 πρόσ-

2195 2513 2342 2550 ωπον
2367 2495 2634 2549 νίπτεται.
2669 2495 2779 2549 Καὶ
2818 2493 2942 2546 ἐπεὶ⁸
2981 2493 3057 2566 μὴ
3107 2492 3264 2562 μόνον
3293 2488 3579 2562 τράπεζαν
3625 2488 3781 2560 ἡτοί-

2199 2605 2367 2659 μασεν
2400 2588 2434 2659 ἡ
2469 2587 2650 2656 σοφία,
2680 2587 2816 2641 ἀλλὰ
2847 2586 2939 2640 καὶ
2970 2586 3172 2658 κράτος
3197 2583 3428 2654 ἐκέρασε
3455 2582 3548 2635 τὸν
3581 2582 3786 2651 ἑαυτῆς

2195 2675 2357 2744 οἶνον,
2401 2678 2460 2744 ἐξ
2501 2679 2670 2750 αὐτῆς
2725 2679 3123 2750 γεγεννημένον
3181 2675 3424 2746 ἀμπέλου
3479 2673 3784 2744 ἀληθινῆς,

2197 2770 2428 2843 ἐκέρασε
2469 2769 2525 2823 δὲ
2564 2769 2750 2822 τοῦτον
2795 2769 2887 2822 τὸν
2931 2763 3096 2832 οἶνον,
3149 2765 3496 2838 καταμίξασα
3546 2765 3615 2818 τά
3662 2764 3782 2817 θεῖα

2196 2862 2444 2934 νοήματα
2488 2859 2699 2928 λέξεσιν
2728 2859 3118 2932 ἀνθρωπίναις,
3148 2859 3212 2911 ἐκ
3240 2858 3332 2912 τοῦ
3364 2857 3612 2912 τοιούτου
3646 2875 3783 2929 κρα-

2194 2954 2360 3027 τῆρος
2396 2954 2693 3026 μερίζουσα
2722 2953 2936 3022 ἐκάστῳ
2975 2952 3157 3006 δίδωσι
3196 2952 3473 3023 ποτήριον,
3504 2952 3646 3020 ὅπερ
3688 2967 3783 3002 πο-

2196 3048 2385 3118 τήριον
2419 3048 2705 3120 κράτιστον
2744 3046 2824 3110 ὃν,
2856 3047 3102 3099 τουτέστι
3133 3043 3310 3116 τίμιον
3341 3045 3437 3100 καὶ
3478 3042 3781 3114 ἐξαίρετον,

2199 3138 2291 3192 τοῦ
2317 3138 2570 3204 λαϐόντος
2598 3139 2834 3208 λέγεται.

2278 3346 2386 3401 Τοῦ
2425 3347 2633 3402 αὑτοῦ.
2671 3345 2942 3418 Πρότερον
2984 3344 3081 3416 μὲν
3106 3343 3218 3416 (76)
3247 3343 3323 3407 ὡς
3354 3341 3560 3414 ποιμὴν
3591 3345 3620 3396 ό
3649 3344 3789 3416 Χρι-

2203 3441 2327 3506 στὸς
2370 3440 2647 3512 ποιμαίνει
2679 3441 2748 3493 τὰ
2780 3440 3059 3512 πρόϐατα’
3089 3438 3186 3494 νῦν
3213 3439 3270 3492 δέ
3299 3437 3483 3492 λοιπὸν
3523 3436 3602 3500 ὡς
3629 3438 3785 3506 φίλος

2201 3532 2356 3586 καλεῖ
2392 3533 2518 3595 τοὺς
2543 3531 2728 3601 φίλους
2766 3531 2862 3583 ἐπὶ
2911 3532 3010 3602 τὴν
3043 3529 3339 3602 τράπεζαν.
3363 3529 3622 3584 «Οὐκέτι»
3655 3529 3786 3597 γὰρ,

2203 3626 2388 3694 φησὶν,
2416 3624 2590 3695 «ὑμᾶς
2610 3623 2758 3677 καλῶ
2787 3622 3028 3688 δούλους,
3062 3621 3197 3676 ἀλλά
3228 3621 3434 3692 φίλους.
3457 3639 3481 3674 ι
3515 3621 3630 3674 Καὶ
3661 3621 3784 3674 δού-

2203 3717 2328 3781 λους
2363 3717 2461 3788 μὲν
2492 3719 2636 3769 ποιεῖ
2674 3716 2836 3782 φόϐος
2875 3714 3040 3768 Θεοῦ·
3091 3715 3276 3784 φίλους
3316 3713 3374 3767 δὲ
3419 3712 3627 3783 γνῶσις
3682 3732 3784 3784 μυ.

2206 3809 2442 3882 στηρίων
2491 3808 2652 3863 Θεοῦ.
2709 3807 2996 3878 Τράπεζαν
3040 3807 3270 3861 ἐνταῦθα
3329 3806 3431 3879 τὴν
3482 3807 3786 3861 ἀθανασίαν

2202 3902 2374 3970 λέγει.
2402 3901 2475 3953 Τὸ
2504 3900 2583 3967 δὲ,
2609 3919 2627 3952 ι
2657 3899 2716 3967 ἐξ
2751 3898 2998 3962 ἐναντίας
3021 3898 3130 3952 τῶν
3159 3897 3446 3952 θλιϐόντων
3483 3914 3577 3969 με,
3600 3917 3620 3950 ι
3663 3900 3785 3956 ἀντὶ

2203 3994 2322 4058 τοῦ,
2378 3992 2618 4047 ἀκόντων
2658 3991 2768 4046 τῶν
2818 3990 3292 4045 ἐπιϐουλευόντων.
3339 3991 3410 4043 Οὐ
3463 3989 3574 4059 τάρ
3629 3990 3790 4045 €602.3-

2202 4085 2355 4140 λοντο
2388 4083 2548 4153 τυχὸν
2581 4083 2632 4136 οἱ
2665 4064 2994 4139 Βαϐυλώνιοι
3024 4081 3358 4153 ἀπολυθῆναι
3391 4080 3592 4146 αὐτούς
3617 4098 3634 4114 ⁸
3671 4082 3701 4136 6
3730 4082 3788 4135 δέ

2207 4176 2406 4248 Κῦρος,
2450 4173 2908 4246 ἐπικρατέστερος
2960 4176 3272 4246 γενόμενος»
3322 4173 3535 4244 ἀφῆκεν
3585 4175 3785 4236 αὐτθίθς

2203 4268 2303 4338 τῆς
2337 4266 2734 4338 αἰχμαλωσίας.

2275 4379 2386 4432 Καὶ
2414 4379 2482 4431 τὸ
2513 4377 2688 4442 ἔλεός
2714 4388 2833 4430 σου
2871 4374 3296 4439 καταδιώξεταί
3325 4392 3403 4445 με
3437 4374 3647 4441 ,πιάσας
3677 4375 3788 4442 τὰς

2205 4470 2430 4540 ἡμέρας
2479 4469 2590 4539 τῆς
2641 4467 2791 4537 ζωῆς
2824 4486 2965 4539 μου,
3012 4485 3064 4521 κ.
3095 4486 3144 4521 τ.
3181 4470 3228 4522 ἐ.
3261 4467 3356 4532 Τίς
3405 4470 3553 4520 ἐστιν
3612 4467 3728 4538 (77)
3757 4468 3788 4520 ὁ

2205 4559 2557 4616 καταδιώκων
2606 4559 2774 4623 ἔλεος,
2823 4559 2856 4630 ἢ
2893 4559 3021 4629 περὶ
3063 4551 3124 4610 οὗ
3173 4575 3335 4630 φησιν
3367 4560 3396 4611 ὁ
3432 4557 3782 4622 ’Δτιόστολος·

2211 4671 2230 4703 ι
2271 4652 2532 4723 Ἐγενήθη
2567 4652 2698 4722 ἡμῖν
2733 4650 2894 4719 σοφία
2925 4649 3034 4703 ἀπὸ
3066 4649 3223 4713 Θεοῦ,
3259 4648 3573 4718 δικαιοσύνη
3603 4666 3665 4703 τε
3695 4649 3788 4702 καὶ

2205 4743 2504 4813 ἁγιασμὸς,
2541 4743 2634 4795 καὶ
2687 4740 3094 4812 ἀπολύτρωσιςς
3124 4761 3140 4791 ι
3191 4741 3250 4796 '0
3294 4740 3653 4794 καταδιώκων
3686 4743 3786 4811 εμ-

2205 4835 2376 4905 ψυχός
2411 4851 2467 4888 σε
2505 4834 2652 4898 ἔλεος
2701 4832 2905 4898 διώκει,
2943 4832 3036 4896 οὓς
3085 4833 3182 4903 μέν
3225 4832 3660 4904 καταλαμϐάνει,
3693 4833 3786 4898 οὓς

2207 4926 2264 4980 δὲ
2295 4924 2377 4980 οὔ.
2401 4925 2540 4988 Τοὺς
2584 4926 2724 4979 πάνυ
2767 4924 3065 4994 φεύγοντας
3088 4925 3149 4978 οὺ
3184 4923 3630 4995 καταλαμϐάνειν
3661 4925 3788 4988 τοὺς

2204 5017 2260 5070 δὲ
2296 5017 2512 5070 ἔλαττον
2547 5018 2765 5088 κρατεῖ,
2815 5016 2900 5068 ἵνα
2935 5015 3156 5090 ἐλεήσῃ.
3186 5016 3260 5068 Οὐ
3317 5015 3474 5086 μόνον
3527 5014 3584 5067 δὲ
3640 5014 3786 5077 ἕλεος

2207 5109 2569 5172 καταδιώκει,
2617 5108 2752 5162 ἀλλὰ
2796 5107 2888 5160 καὶ
2931 5105 3089 5160 τοῦτο
3131 5108 3308 5170 ποιεῖ,
3359 5126 3376 5157 ι
3405 5107 3464 5159 τὸ
3509 5108 3786 5160 κατοικεξν

2213 5222 2281 5275 με
2309 5207 2364 5257 ἐν
2387 5203 2520 5275 οἴκῳ
2548 5201 2752 5275 Κυρίου
2781 5203 2860 5264 είς
2903 5199 3220 5271 μακρότητα
3261 5197 3503 5270 ἡμερῶν.
3540 5217 3559 5249 ι
3597 5198 3790 5266 Μῆκος

2211 5299 2317 5370 γὰρ
2361 5297 2573 5370 χρόνου,
2624 5292 2721 5348 καὶ
2773 5293 2851 5346 ἔτι
2885 5290 3062 5362 ζωῆς,
3105 5293 3163 5346 ἐν
3203 5289 3351 5362 δεξιᾷ
3404 5291 3505 5359 τῆς
3557 5290 3786 5360 σοφίας·

2248 5437 2292 5466 ³⁸
2319 5435 2475 5491 Joan.
2503 5452 2595 5502 xv,
2629 5432 2718 5490 M.
2795 5431 2838 5465 ³³
2870 5430 2890 5486 ι
2918 5431 3044 5487 Cor.
3073 5449 3113 5498 ι,
3154 5431 3244 5486 50.

599 5607 713 5676 (76)
752 5610 1050 5676 Πρότερον
1072 5605 1207 5676 μέν,
1255 5615 1373 5677 etc.
1404 5602 1628 5677 Schedzc
1663 5604 1848 5664 Grabii
1872 5647 1889 5677 ,
1925 5608 2095 5667 codex

2206 5613 2508 5674 islinianus.

600 5675 715 5750 (77)
753 5681 846 5746 Τίς
874 5675 1201 5744 ἐστιηθιε.
1235 5675 1548 5733 Cordet'ius.
