3822 6514
73 429 190 486 19.θό

986 418 1291 476 SELECTA
1327 415 1394 472 ΙΝ
1431 411 1768 470 PSALMOS.
1808 444 1877 454 ——-
1913 412 2108 467 PSAL.
2151 409 2344 465 XXIII.

3117 404 3260 460 126ίί

67 552 242 623 ημέραι
279 547 331 602 δὲ
379 544 523 619 ζωῆς
579 543 848 616 φωτισμοί
883 544 988 598 είσι
1035 544 1279 614 διάφοροι
1326 539 1424 611 τῆς
1479 537 1609 609 ἁλη-

1733 535 1994 606 emporis,
2017 536 2126 588 imo
2157 543 2212 589 et
2248 533 2394 597 vitte,
2423 529 2475 584 in
2497 529 2715 584 dextera
2741 537 2826 584 est
2850 525 3124 598 sapient-ite
3144 544 3158 580 :
3182 528 3299 582 dies

67 645 211 707 θείας.

602 821 894 876 ΨΑΛΜΟΣ
929 819 1056 874 Kl".

133 917 232 973 Τοῦ
267 915 484 986 Κιφὶου
517 915 555 984 ἠ
611 913 686 984 γῆ
735 913 832 966 καὶ
885 913 951 966 τὸ
983 910 1274 980 πλήρωμα
1317 905 1528 976 αὐτῆς,
1577 908 1616 974 ἡ

64 1009 356 1080 οἰκουμένη
377 1049 391 1072 ,
437 1007 534 1062 καὶ
565 1005 786 1072 πάντες
814 1008 868 1058 οἱ
897 1002 1316 1068 κατοικοῦντες
1341 1001 1410 1054 ἐν
1439 998 1614 1066 αὐτῇ,

65 1119 110 1154 κ.
139 1117 185 1154 τ.
218 1101 257 1151 ὲ.
291 1100 429 1169 Ὅρα
479 1097 534 1151 δὲ
563 1099 657 1151 καὶ
697 1096 868 1160 οὕτως
905 1095 1039 1166 (78),
1081 1096 1128 1147 εἰ
1171 1093 1244 1165 μὴ
1283 1093 1480 1155 πάντες
1526 1089 1620 1144 ἆν-

65 1191 252 1262 θρωποι
287 1191 441 1262 μερὶς
467 1190 698 1261 Κυρίου,
733 1189 826 1242 καὶ
857 1188 954 1258 οὐχ
977 1184 1163 1250 ἁπλῶς
1197 1185 1487 1238 ἀκουστέον
1523 1181 1616 1236 τοῦ

62 1283 254 1344 πάντας
290 1284 412 1346 τοὺς
445 1280 832 1343 κατοικοῦντας
868 1278 965 1350 τὴν
996 1277 1319 1348 οἰκουμένην
1353 1269 1490 1329 εἶναι
1524 1273 1616 1329 τοῦ

61 1377 269 1448 Κυρίου,
294 1376 340 1427 εἰ
388 1375 461 1445 μὴ
493 1373 602 1446 ἄρα
629 1373 716 1427 διὰ
757 1374 856 1443 τὴν
892 1372 1082 1442 κλῆσιν
1115 1371 1214 1442 τὴν
1248 1369 1355 1424 ἀπὸ
1401 1369 1618 1424 πάντων

58 1467 162 1520 τῶν
185 1467 338 1520 ἐθνῶν
363 1467 520 1520 τοῦτο
556 1466 977 1538 προφητεῦεται.

129 1559 230 1614 Τοῦ
281 1559 483 1612 αὑτοῦ.
539 1559 653 1630 Πρὸ
697 1558 795 1630 τῆς
856 1557 1092 1630 Χριστοῦ
1154 1557 1264 1629 (79)
1320 1557 1616 1626 ἐπιδημίας

53 1652 280 1724 γνωστδς
315 1653 370 1705 ἐν
409 1654 474 1722 τῇ
519 1651 747 1723 Ἰουδαίᾳ
793 1652 952 1722 μόνον
985 1648 1053 1722 ἦν
1088 1654 1116 1706 6
1148 1651 1310 1714 Θεὸς·
1348 1649 1405 1718 ἐξ
1453 1641 1512 1704 οἵ)
1557 1650 1613 1704 δὲ

55 1745 274 1816 Χριστὸς
320 1743 650 1814 ἐπεδήμησε,
683 1742 778 1796 τοῦ
829 1743 1033 1815 Κυρίου
1087 1745 1238 1797 πᾶσα
1278 1743 1309 1813 ἡ
1363 1743 1452 1812 γῆ.
1503 1743 1614 1796 Καὶ

1721 639 1902 684 autem
1931 628 2054 682 vita:
2075 637 2202 680 sunt
2226 625 2454 680 diversae
2481 621 2872 678 illustrationes
2900 620 3168 676 veritatis.

2135 807 2301 878 626
2331 803 2554 859 PSALM
2566 803 2651 860 US
2685 800 2877 857 XXIII.

1791 901 1958 956 Vens.
1991 901 2041 954 I.
2073 899 2289 954 Domini
2317 907 2392 952 est
2427 910 2568 950 terra
2593 906 2642 950 et
2683 893 2956 964 plenitudo
2980 892 3118 962 ejus,
3155 889 3298 944 orbis

1721 1004 2005 1052 terrarum.
2045 1001 2092 1045 et
2144 989 2372 1044 universi
2411 987 2498 1058 qui
2552 987 2790 1040 habitant
2821 987 2875 1038 in
2909 1001 2987 1052 eo,
3023 993 3128 1038 etc.
3165 981 3302 1036 Vide

1720 1090 1882 1142 etiam
1915 1086 1990 1140 sic
2027 1099 2210 1138 annon
2235 1081 2476 1136 universi
2499 1079 2749 1132 homines
2765 1093 2891 1146 pars
2921 1077 3029 1131 sint
3061 1073 3299 1138 Domini,

1721 1189 1821 1230 nec
1855 1174 2175 1244 simpliciter
2202 1169 2575 1242 accipiendum
2620 1167 2691 1222 sit
2723 1182 2916 1223 onmes
2940 1166 3088 1222 orbis
3121 1174 3298 1218 terra-

1682 1275 1685 1278 ’
1722 1282 1840 1320 runt
1871 1266 2212 1320 habitatores
2242 1279 2362 1318 esse
2396 1261 2635 1323 Domini,
2677 1259 2782 1314 nisi
2809 1268 3030 1328 propter
3057 1255 3301 1310 vocatio-

1719 1374 1843 1413 nem
1886 1373 2005 1428 quae
2047 1372 2113 1412 ex
2159 1357 2412 1411 omnibus
2443 1353 2696 1425 gentibus
2729 1351 2872 1406 facta
2898 1358 3006 1415 est,
3035 1349 3138 1404 hoc
3163 1347 3302 1404 vati-

1723 1449 1959 1506 cinetnr.

1793 1541 2070 1610 Ejusdem.
2098 1538 2240 1592 Ante
2275 1535 2478 1593 Christi
2509 1535 2800 1590 adventum
2837 1543 3000 1586 notus
3033 1527 3206 1585 solum
3245 1528 3298 1578 in

1720 1633 1904 1688 Judma
1953 1631 2094 1686 Deus
2138 1628 2274 1692 fuit;
2326 1643 2393 1682 cx
2427 1641 2534 1696 quo
2566 1635 2743 1680 autem
2776 1623 3028 1678 Christus
3057 1618 3298 1678 advenit.

1725 1724 1937 1780 homini
1977 1731 2059 1778 est
2106 1721 2360 1776 universa
2405 1725 2570 1772 terra.
2603 1717 2668 1772 Et
2700 1717 3016 1788 priusquam
3047 1711 3302 1769 Christus

54 1835 183 1906 πρὶν
219 1835 311 1905 μὲν
358 1835 456 1904 τῆς
489 1831 724 1905 Χριστοῦ
765 1833 1058 1905 ἐπιδημίας
1096 1835 1197 1886 οὐκ
1227 1828 1294 1904 ἦν
1338 1835 1514 1906 εὑρεῖν
1561 1836 1617 1886 ἐν

1733 1818 2027 1882 adveniret,
2060 1829 2169 1870 non
2209 1821 2326 1868 erat
2365 1810 2416 1864 in
2447 1811 2698 1865 universa
2728 1819 2870 1864 terra
2903 1805 3298 1878 plenitudinem

53 1927 198 1999 πάσῃ
229 1929 289 1997 τῇ
319 1928 387 1996 γῇ
425 1925 719 1996 πλήρωμα,
759 1925 876 1979 ἀλλ’
915 1921 982 1996 ῆν
1011 1925 1077 1978 τὰ
1106 1926 1334 1979 πλεῖστα
1362 1925 1462 1995 τῆς
1491 1925 1614 1996 γῆς,

51 2021 96 2070 εί
125 2017 204 2070 δεῖ
235 2017 401 2081 οὕτως
437 2019 629 2081 εἰπεῖν,
668 2017 919 2087 κενότης·
951 2019 1038 2070 ὅτε
1068 2017 1123 2070 δὲ
1155 2017 1389 2089 Χριστὸς
1424 2017 1618 2088 ἐπεδή-

95 2128 208 2179 ησε,
245 2109 419 2163 πολλοῖ¹
465 2110 665 2163 εἴποιεν
697 2109 762 2163 ἂν
807 2110 913 2162 τῶν
947 2111 1383 2164 πεπιστευκότων
1421 2113 1485 2164 ἐκ
1511 2109 1618 2162 τῶν

49 2203 246 2257 ἐθνῶν·
283 2223 300 2255 ι
342 2205 436 2256 Ἐκ
467 2203 562 2256 τοῦ
595 2201 958 2274 πληρώματος
1008 2202 1171 2256 αὐτοῦ
1211 2203 1410 2267 πάντες
1457 2205 1618 2275 ἡμεῖς

47 2297 306 2369 ἐλάϐομεν
335 2315 347 2328 ·
378 2317 396 2350 ι
436 2297 529 2352 καὶ
569 2295 658 2350 διὰ
705 2295 863 2349 τοῦτο
911 2295 1075 2349 αὐτοῦ
1131 2291 1269 2349 εἷναι
1323 2295 1614 2368 πλήρωμα.

45 2389 118 2442 Οὐ
163 2389 266 2459 γὰρ
297 2389 344 2441 οἱ
379 2387 524 2441 κενοὶ
555 2388 658 2459 τῆς
693 2387 833 2441 κατὰ
865 2388 924 2442 τὸ
960 2387 1293 2456 Εὑαγγὲλιον
1343 2387 1618 2454 πολιτείας

46 2475 316 2548 πλήρωμα
368 2472 476 2530 εἷεν
509 2475 765 2548 Χριστοῦ.
813 2477 886 2529 Οὐ
941 2477 1102 2547 μόνον
1130 2476 1186 2528 δὲ
1236 2476 1378 2546 ήγῆ
1427 2478 1522 2530 καὶ
1557 2477 1618 2530 τὸ

45 2567 318 2640 πλήρωμα
347 2568 534 2638 αὐτῆς,
571 2567 704 2621 ἀλλὰ
740 2568 833 2622 καὶ
948 2567 1258 2638 οἰκουμένη.
1304 2567 1392 2620 Ἐν
1425 2568 1618 2640 ἐρήμῳ

44 2663 289 2714 κατοικεῖ
329 2663 356 2714 ὁ
387 2661 736 2730 ἁμαρτωλὸς,
784 2661 812 2712 6
843 2659 898 2711 δὲ
933 2661 990 2712 ὲν
1033 2662 1100 2729 τῇ
1143 2658 1440 2731 Ἐκκλησία
1490 2677 1620 2729 τυγ-

41 2753 223 2822 χάνων
271 2754 334 2822 τῇ
370 2752 774 2824 πεπληρωμένη
811 2751 914 2820 τῆς
965 2751 1125 2818 ἁγίας
1165 2751 1412 2822 Τριάδος,
1463 2744 1618 2817 οὗτος

41 2849 290 2900 κατοικεῖ
318 2845 416 2917 τὴν
465 2845 811 2916 οἰκουμένην,
861 2844 982 2914 ἣτις
1031 2845 1243 2914 ἐστινὴ
1291 2844 1614 2914 Ἐκκλησία,

40 2937 139 2990 ἐπὶ
183 2934 464 2990 θαλασσῶν
505 2934 610 2988 τῶν
675 2935 994 3006 πειρασμῶν
1038 2935 1142 2988 ὑπὸ
1189 2934 1394 3007 Κυρίου
1453 2935 1617 3007 θεμε-

36 3024 324 3097 λιουμένη,
355 3027 445 3080 καί
472 3029 528 3080 ἐν
557 3027 736 3090 αἰτεῖς
758 3026 986 3089 νικῶσα,
1011 3027 1096 3080 ἵνα
1127 3027 1263 3099 μετὰ
1289 3025 1446 3080 τοῦτο
1476 3044 1620 3082 ποτι-

37 3117 248 3190 ζομὲνη
273 3119 364 3172 ἐπὶ
399 3118 642 3190 ποταμοῦ
677 3118 992 3190 ἑτοιμασθῇ.

119 3211 218 3274 Τίς
264 3208 626 3276 ἀναϐήσεται
653 3212 742 3275 εὶς
774 3209 840 3262 τὸ
891 3209 1028 3277 ὅρος
1074 3210 1180 3265 τοῦ
1221 3211 1472 3278 Kept'ov,
1521 3211 1620 3266 καὶ

32 3303 132 3367 τίς
162 3301 454 3368 στήσεται
495 3303 565 3356 ἑνν
594 3303 755 3368 τόπῳ
786 3301 931 3370 ἁγίῳ
971 3302 1191 3366 autcf);
1235 3321 1290 3356 κ.
1317 3322 1365 3356 τ.
1400 3305 1446 3356 ὲ.
1483 3303 1624 3373 Σύγ-

33 3411 230 3466 κρινον
262 3393 318 3447 δὲ
345 3393 516 3448 ταῦτα
549 3393 657 3464 (80)
687 3394 785 3464 τῷ,
824 3411 842 3444 ι
872 3393 1064 3466 Κύριε,
1097 3393 1182 3457 τίς
1211 3397 1534 3467 παροικήσει
1565 3399 1622 3451 ὲν

31 3488 114 3557 τῷ
152 3487 472 3558 σκηνώματί
505 3489 761 3552 commoti
790 3486 860 3541 τὰ
898 3487 1058 3557 ἑξῆς·
1097 3486 1190 3540 καὶ
1223 3487 1346 3558 ὅρα,
1381 3487 1464 3540 ὅτι
1510 3491 1626 3542 ἐκεῖ

31 3579 140 3648 μὲν
189 3578 454 3650 πῴτερον
503 3581 826 3652 παροικήσει
875 3581 932 3633 ἐν
987 3576 1304 3650 σκηνώματι
1345 3580 1550 3649 Κυρίου
1596 3582 1625 3633 6

31 3670 270 3734 τοιόσδε,
318 3671 510 3724 ἔπειτα
549 3670 960 3743 κατασκηνώσει
996 3672 1052 3723 ἐν
1087 3672 1203 3745 ὄρει
1253 3671 1392 3743 ἁγίῳ
1426 3672 1620 3726 αὐτοῦ·

31 3760 230 3814 ἐνθάδε
261 3761 316 3814 δὲ
369 3761 631 3834 πρότερον
680 3763 1012 3833 ἀναϐήσεται
1043 3763 1124 3825 εἰς
1173 3762 1300 3836 ὄρος
1348 3763 1553 3834 Κυρίου
1597 3765 1625 3816 6

31 3853 270 3916 τοιόσδε,
301 3852 551 3925 δεύτερον
585 3853 641 3906 δὲ
673 3856 926 3925 στήσεται
968 3856 1026 3908 ἐν
1056 3853 1133 3925 τῷ
1165 3856 1313 3926 τόπῳ
1351 3856 1493 3927 ἁγίῳ
1532 3857 1628 3910 αὐ-

31 3945 149 4000 τοῦ.
203 3946 318 3998 Καὶ
363 3945 489 4017 ὅρος
535 3944 632 4016 μέν
667 3962 799 4016 φησι
833 3944 1038 4016 Κυρίου
1070 3945 1130 3999 τὸ
1161 3946 1374 4000 τελικὸν
1423 3946 1626 4015 ἀγαθὸν

31 4039 128 4091 (αἱ
157 4038 255 4090 τὸν
288 4036 422 4090 Θεὸν
455 4037 657 4105 Λόγον·
693 4038 914 4099 σπάνιος
949 4035 1056 4107 γὰρ
1089 4039 1118 4089 6
1146 4035 1280 4109 πρὸς
1322 4039 1420 4110 τὴν
1448 4039 1629 4110 ἀκρώ-

31 4148 190 4198 οειαν
221 4128 387 4182 αὐτοῦ
429 4128 516 4182 διὰ
547 4129 826 4200 προκοπῆς
860 4127 1124 4198 ἀναϐῆναι
1159 4129 1486 4201 δυνάμενος·
1517 4134 1546 4184 6

31 4219 384 4282 τελειωθεὶς,
437 4219 632 4289 μηκέτι
686 4217 996 4289 περαιτέρω
1040 4223 1238 4292 χωρεῖν
1279 4216 1388 4284 οἶός
1424 4237 1481 4272 τε
1529 4219 1624 4286 ὢν,

31 4311 259 4363 ’σταται
293 4309 509 4379 βέϐαιος
555 4309 650 4362 καὶ
693 4307 1047 4379 χρηματίζων
1083 4311 1235 4378 ἅγιος
1269 4311 1431 4374 τόπος
1467 4309 1622 4364 Θεοῦ.

31 4400 262 4453 Ὀπίσω
321 4399 431 4470 γὰρ
463 4398 666 4468 Κυρίου
705 4397 1066 4469 πορευόμενος
1122 4397 1433 4462 ἀναϐαίνει,
1467 4416 1486 4449 ι
1520 4398 1626 4452 τῶν

1723 1909 1988 1974 invenire,
2014 1907 2108 1961 scd
2150 1912 2269 1960 erat.
2301 1901 2534 1956 tnaxima
2575 1917 2700 1971 pars
2747 1909 2926 1965 terrae,
2959 1898 3004 1953 si
3049 1898 3128 1953 sic
3153 1895 3301 1965 loqui

1723 1999 1804 2052 l‘as
1848 2007 1952 2061 est,
2005 1997 2286 2063 vacuitas;
2321 1998 2540 2066 quando
2572 2003 2751 2048 autem
2780 1992 3032 2047 Christus
3059 1988 3300 2050 advenit,

1723 2089 1940 2161 plurimi
1995 2088 2184 2144 ﬁdeles
2219 2104 2286 2142 ex
2339 2087 2594 2159 gentibus
2623 2086 2808 2141 dicere
2837 2079 3142 2153 possint“:
3179 2097 3198 2130 ι
3229 2077 3303 2132 De

1721 2180 2058 2251 plenitudine
2093 2177 2210 2249 ejus
2254 2193 2352 2233 nos
2409 2192 2604 2232 omnes
2652 2175 2998 2245 accepimus;
3035 2191 3054 2224 ι
3092 2181 3147 2226 et
3180 2185 3304 2238 pro-

1723 2283 1906 2343 pterea
1955 2288 2015 2328 se
2059 2286 2181 2326 esse
2229 2271 2348 2342 ejus
2389 2266 2808 2340 plenitudinem.
2865 2263 2982 2318 Non
3015 2262 3162 2317 enim
3209 2260 3301 2329 qni

1721 2363 2032 2434 evangelica
2070 2363 2406 2418 institutione
2428 2360 2584 2415 vacui
2607 2367 2757 2423 sunt,
2785 2353 3064 2426 plenitudo
3095 2351 3302 2408 Christi

1720 2471 1840 2510 esse
1877 2463 2122 2526 possunt.
2161 2451 2276 2506 Non
2312 2451 2484 2506 solum
2539 2460 2720 2503 autem
2759 2457 2906 2503 terra
2938 2459 2990 2500 et
3024 2443 3304 2516 plenitudo

1721 2547 1860 2616 ejus,
1903 2547 1996 2601 sed
2052 2555 2107 2599 et
2159 2543 2308 2598 orbis
2356 2553 2625 2600 terrarum
2673 2540 2846 2609 ipsius
2899 2547 3006 2593 est.
3037 2537 3304 2592 Peccator

1721 2635 1930 2690 habitat
1975 2637 2030 2688 in
2075 2635 2322 2699 deserto;
2355 2631 2446 2701 qui
2491 2645 2619 2685 vero
2651 2631 2704 2684 in
2735 2629 2998 2694 Ecclesia,
3020 2643 3140 2697 quae
3179 2642 3306 2680 san-

1722 2727 1976 2782 ctissimae
2006 2723 2288 2780 Trinitatis
2323 2724 2479 2792 plena
2511 2733 2616 2790 est,
2655 2732 3049 2783 commoratur,
3073 2719 3164 2773 hic
3207 2733 3304 2771 or-

1721 2821 1842 2876 bem
1896 2830 2162 2875 terrarum
2211 2817 2502 2884 inhabitat,
2533 2831 2652 2885 qua:
2713 2826 2797 2870 est
2855 2812 3096 2868 Ecclesia
3141 2825 3306 2880 super

1727 2915 1897 2968 maria
1952 2911 2307 2968 tentationum
2352 2925 2382 2963 a
2439 2909 2668 2964 Domino
2702 2908 2924 2963 fundata
2980 2915 3035 2961 et
3073 2904 3126 2958 in
3171 2905 3316 2974 ipsis~

1723 3021 2010 3076 superans,
2069 3013 2128 3060 ut
2181 3003 2524 3074 postmodum
2569 3010 2754 3073 potata
2813 3001 2868 3054 itt
2909 2997 3130 3053 ﬂumine
3165 3011 3306 3068 prae-

1727 3105 1910 3168 parata
1940 3099 2034 3152 sit.

1796 3189 1958 3245 Vens.
1991 3189 2045 3244 5.
2083 3189 2214 3255 Quis
2256 3189 2498 3242 ascendet
2541 3188 2594 3242 in
2651 3195 2880 3240 montem
2933 3183 3171 3248 Domini,
3209 3189 3306 3236 aut

1721 3283 1836 3352 quis
1868 3283 2022 3335 stabit
2049 3283 2103 3336 in
2132 3281 2244 3334 loco
2275 3290 2456 3336 sancto
2487 3280 2641 3350 ejus?
2666 3291 2774 3334 etc.
2815 3277 3014 3334 Confer
3038 3277 3152 3330 hanc
3181 3289 3304 3330 cum

1727 3377 1848 3432 istis
1875 3376 1916 3408 “
1964 3394 1978 3430 :
2031 3393 2049 3427 ι
2079 3375 2328 3441 Domine,
2388 3374 2511 3442 quis
2558 3373 2824 3427 habitabit
2857 3372 2910 3425 in
2947 3366 3304 3425 tabernaculo

1729 3470 1861 3524 tuo?
1892 3488 1910 3521 ι
1945 3478 2086 3534 etc.;
2121 3476 2177 3522 et
2219 3467 2342 3521 vide
2375 3467 2518 3520 hunc
2547 3465 2764 3534 quidem
2813 3465 2883 3519 ibi
2915 3463 3068 3532 prius
3094 3461 3305 3516 habita-

1729 3573 1908 3616 turum
1963 3562 2014 3615 in
2067 3558 2420 3616 tabernaculo
2473 3557 2707 3622 Domini,
2755 3555 2954 3610 deinde
3007 3563 3190 3608 autem
3246 3552 3301 3606 in

1727 3663 1912 3710 monte
1933 3662 2124 3708 sancto
2155 3653 2274 3722 ejus
2306 3669 2320 3704 :
2348 3651 2435 3706 hic
2461 3664 2592 3705 vero
2621 3647 2770 3718 prius
2801 3659 3156 3702 escensurum
3182 3657 3306 3698 esse

1728 3748 1780 3802 in
1820 3753 2057 3800 montem
2095 3744 2330 3810 Domini,
2395 3752 2453 3798 ut
2491 3741 2684 3798 deinde
2727 3749 2836 3794 stet
2882 3740 2934 3793 in
2969 3738 3086 3794 loco
3113 3747 3310 3792 sancto

1729 3837 1865 3906 cius.
1916 3837 1982 3890 Et
2041 3845 2278 3891 montem
2323 3833 2544 3904 quidem
2597 3831 2810 3887 Domini
2861 3831 2992 3887 dicit
3033 3845 3318 3886 summum

1730 3933 2039 3994 bonum,et
2071 3929 2240 3983 Deum
2273 3927 2514 3984 Verbum
2547 3940 2562 3978 :
2599 3939 2754 3980 rarus
2779 3924 2925 3980 enim
2959 3931 3042 3978 est
3082 3922 3174 3993 qui
3217 3923 3308 3993 ju-

1729 4022 1868 4092 giter
1915 4019 2244 4090 proﬁciendo
2287 4019 2356 4074 ad
2405 4019 2524 4087 ejus
2562 4016 2828 4072 verticem
2861 4015 3172 4086 pertingere
3211 4027 3309 4067 va-

1731 4115 1857 4166 leat.
1900 4111 2004 4176 Qui
2051 4126 2180 4167 vero
2231 4109 2510 4180 perfectus
2543 4117 2650 4176 est,
2691 4122 2816 4163 cum
2853 4119 2964 4160 non
2995 4105 3168 4174 possit
3197 4114 3309 4160 ten-

1729 4208 1860 4262 dere
1905 4204 2156 4270 ulterius,
2209 4211 2320 4257 stat
2377 4201 2584 4264 ﬁrmus,
2625 4210 2682 4256 et
2722 4205 2950 4254 vocatur
2993 4197 3145 4252 locus
3181 4209 3308 4252 san-

1729 4305 1850 4351 ctus
1894 4293 2010 4349 Dei.
2056 4291 2189 4348 Nam
2239 4292 2330 4361 qui
2381 4290 2670 4346 Dominum
2711 4289 2982 4360 sequitur,
3031 4285 3306 4353 ascendit,

1736 4406 1754 4438 ι
1785 4402 1904 4456 qua:
1939 4392 2087 4440 retro
2131 4372 2278 4440 sunt~
2301 4382 2654 4449 obliviscens,
2685 4380 2750 4435 ad
2784 4395 2845 4434 ea
2873 4393 3003 4434 vero
3032 4391 3152 4446 qua:
3181 4384 3314 4431 sunt

31 4490 268 4544 μπισθεν
319 4487 838 4560 ἐπιλανθανόμενος,
885 4493 996 4553 τοῖς
1041 4489 1098 4541 δὲ
1147 4489 1456 4562 ἔμπροσθεν
1527 4493 1617 4544 s7:-

1733 4479 1912 4548 priora
1965 4476 2264 4532 extendens
2300 4477 2378 4528 "s
2435 4475 2698 4542 seipsum,
2745 4470 2907 4525 ﬁnem
2959 4468 3164 4523 habens
3211 4467 3313 4522 bo-

39 4583 438 4653 κτεινόμενος,
465 4601 483 4633 ι
505 4581 655 4645 τέλος
679 4581 814 4652 ἔχων
830 4581 1030 4650 ἀγαθὸν
1053 4581 1114 4635 τὸ
1137 4583 1322 4652 στῆναι
1343 4581 1478 4652 μετὰ
1495 4580 1626 4635 Θεὸν

39 4691 76 4726 ν
115 4673 283 4743 τόπῳ
313 4674 456 4743 ἁγίῳ
497 4671 682 4726 αὐτοῦ.
727 4673 789 4725 Εἰ
837 4671 1090 4742 βούλεσθε
1137 4671 1488 4742 παράδειγμα
1534 4671 1628 4724 λα-

31 4765 146 4817 ἷεῖν
195 4763 314 4816 ἀπὸ
359 4763 466 4816 τῶν
513 4763 671 4834 ἱερῶν
717 4761 1080 4834 γραμμάτων,
1117 4761 1354 4831 Μωῡσῆς
1390 4759 1520 4832 ἔστη
1571 4762 1628 4813 ἐν

33 4857 190 4926 όπῳ
250 4855 594 4926 ἁγιάσματος
627 4855 718 4908 τοῦ
753 4853 918 4908 Θεοῦ·
955 4854 1090 4926 πρὸς
1123 4853 1180 4906 ὃν
1209 4849 1360 4906 εἶπεν
1393 4854 1422 4905 6
1454 4853 1583 4915 Θεός
1611 4869 1622 4882 ·

65 4949 158 5002 ΣΞ)
198 4947 260 5000 δὲ
309 4946 474 5001 αὑτοῦ
528 4946 686 5017 στῆθι
734 4949 848 5018 μετ’
895 4945 1092 5018 ἐμοῦ.»
1140 4945 1279 4998 Ἀλλ’
1322 4945 1404 4996 ὅτι
1447 4942 1630 5016 ζητεῖς

37 5041 296 5110 γίασμα
351 5038 445 5092 τοῦ
475 5039 631 5104 Θεοῦ,
661 5041 793 5092 ὅπου
824 5039 903 5091 δεῖ
937 5039 1153 5108 στῆναι·
1212 5057 1228 5088 ι
1260 5037 1372 5090 Καὶ
1399 5035 1630 5108 ἔστησεν

32 5135 110 5187 πὶ
159 5132 382 5202 πέτραν
411 5133 536 5196 τοὺς
577 5133 742 5196 πόδας
775 5149 898 5204 μου,
923 5151 940 5182 ι
971 5132 1220 5199 λέγουσιν
1251 5131 1299 5182 οἱ
1331 5129 1628 5200 προφῆται,

31 5229 156 5280 πεὶ
204 5247 224 5278 ι
261 5226 442 5298 πέτρα
476 5221 546 5298 ἦν
570 5228 598 5279 6
630 5225 881 5294 Χριστός.
910 5243 926 5274 ι
968 5222 1246 5293 Μάθωμεν
1283 5221 1340 5274 δὲ
1365 5221 1448 5285 τίς
1483 5223 1630 5274 ἐστιν

51 5321 202 5376 τῶν
227 5317 578 5388 ἐπαγγελιῶν
600 5315 802 5369 τούτων
828 5314 1166 5384 τευξόμενος.

97 5409 340 5475 Ἀθῶος
393 5407 566 5478 χερσὶ
615 5407 714 5464 καί
747 5405 1005 5473 καθαρὸς
1045 5403 1122 5472 τῇ
1153 5403 1386 5472 καρδίᾳ,
1429 5421 1553 5456 κ.τ.
1581 5405 1628 5458 ἑ.

1735 4585 1883 4634 ιιιιιιι,
1915 4578 1974 4623 ιιι
2005 4578 2114 4624 stet
2142 4579 2264 4637 post
2298 4569 2468 4622 Deum
2505 4567 2558 4621 in
2587 4566 2706 4620 loco
2751 4570 2943 4618 sancto
2989 4560 3127 4630 ejus.
3157 4559 3312 4628 Quod

1735 4662 1778 4716 si
1821 4660 1986 4714 vultis
2033 4675 2100 4714 ex
2150 4659 2322 4714 sacris
2363 4649 2667 4727 Scrip’turis
2711 4652 3021 4722 exemplum
3069 4667 3312 4716 sumere,

1735 4753 1887 4808 stetit
1930 4752 1984 4806 in
2037 4752 2164 4806 loco
2198 4748 2652 4805 sanctiﬁcationis
2685 4746 2780 4802 Dei
2813 4743 3024 4815 Moyses
3053 4745 3120 4799 ad
3151 4760 3314 4815 quem

1738 4844 1868 4899 dixit
1894 4843 1976 4900 "z
2005 4863 2024 4895 ι
2051 4843 2130 4898 Τιι
2167 4858 2294 4896 vero
2324 4843 2434 4896 illic
2463 4851 2550 4896 sta
2581 4854 2816 4895 mecum.
2841 4857 2860 4891 ι
2895 4838 3000 4893 Sed
3028 4839 3156 4907 quia
3186 4853 3314 4892 san-

1738 4935 2126 4991 ctiﬁcationem
2188 4933 2280 4989 Dei
2315 4936 2517 5004 qumris
2562 4931 2652 4988 ubi
2691 4940 2840 4987 stare
2890 4939 3160 5001 oporteat,
3197 4945 3324 4999 pro:

1737 5029 1914 5098 phetae
1959 5028 2150 5084 dicunt
2195 5047 2208 5082 :
2260 5029 2366 5082 «Et
2416 5027 2608 5084 statuit
2669 5041 2834 5096 super
2897 5035 3106 5095 petram
3150 5021 3322 5091 pedes

1741 5136 1888 5177 meos
1903 5121 1970 5188 ⁸⁵,
1999 5142 2016 5174 ι
2050 5123 2308 5190 quoniam
2339 5139 2356 5173 ι
2381 5129 2534 5191 petra
2565 5128 2686 5174 erat
2707 5117 2960 5173 Christus
2980 5116 3080 5170 ".s
3119 5114 3312 5166 Disca-

1740 5229 1860 5269 mus
1893 5225 2075 5268 autem
2108 5214 2360 5282 quisnam
2393 5213 2584 5284 sitqui
2617 5211 3008 5283 promissiones
3036 5204 3318 5274 huiusmo-

1740 5307 1790 5362 di
1820 5313 2202 5376 consequatur.

1809 5397 1974 5468 627
2008 5394 2169 5451 Vens.
2201 5395 2253 5450 4.
2287 5393 2546 5450 Iunocens
2575 5395 2816 5451 manibus
2837 5402 2886 5449 et
2911 5392 3116 5446 mundo"
3137 5389 3314 5452 corde,

67 5571 156 5604 ⁸⁸·
181 5567 356 5625 Joan.
388 5568 521 5633 ι,ιϐ.
596 5567 639 5600 δ’
675 5566 818 5622 Psal.
853 5581 961 5634 ειν,
998 5566 1047 5620 Ι.
1125 5567 1170 5600 *³
1201 5565 1432 5636 Philipp.
1468 5581 1552 5632 ιιι,
1581 5567 1617 5620 ll

1743 5561 1787 5593 ⁸⁵³
1820 5561 1992 5616 Exod.
2019 5577 2202 5617 xxxw.
2280 5561 2326 5593 “
2352 5559 2493 5618 Psal.
2529 5575 2720 5626 xxxix,
2746 5557 2798 5614 5.
2887 5555 2930 5588 ⁸⁵
2963 5553 3132 5612 ICor.
3171 5570 3227 5619 ιι,
3261 5552 3316 5610 4.

69 5727 226 5800 (78)
272 5729 419 5798 Ὅρα
447 5729 514 5800 δὲ
537 5731 634 5784 καὶ
666 5731 874 5796 οὕτως,
905 5741 1012 5786 etc.
1045 5729 1265 5786 St-heda:
1295 5731 1503 5792 Gt'abii,
1525 5732 1617 5784 Iiat

1733 5744 1818 5788 US.

69 5801 226 5870 (ἵει)
261 5800 386 5867 Πρό
421 5799 531 5867 τῆς
574 5801 853 5869 Χριστοῦ,
898 5813 1002 5854 etc.
1057 5803 1381 5864 Corderius.
1427 5801 1716 5856 Barbarus.

73 5869 232 5943 (80)
263 5871 603 5940 Σύγκρινον
629 5871 696 5924 δὲ
725 5872 934 5936 ταῦτα,
959 5881 1064 5927 etc.
1095 5871 1294 5928 Partim
1325 5874 1616 5928 Cordcrius

1751 5871 1963 5927 δεΙιοιίιε
1991 5872 2197 5940 Grabii,
2241 5887 2299 5927 ac
2327 5871 2618 5926 Barbarus.
