3986 6384
234 304 259 359 l
273 305 377 362 i69

1208 304 1516 363 SELECTA
1553 305 1620 363 IN
1656 303 1992 364 PSALMOS.
2029 339 2097 350 --
2136 309 2330 364 PSAL.
2373 308 2561 367 XXIV.

3352 308 3371 361 1
3389 308 3486 361 27D

315 420 423 475 Τοῦ
459 420 666 474 αὑτοῦ.
699 418 811 473 Οὐκ
850 412 1001 471 εἶπεν
1032 418 1163 485 (87),
1214 421 1484 486 Ἀνοίξατε
1512 422 1612 485 τὰς
1641 421 1800 485 πύλας

1988 420 2263 491 Ejusdem.
2292 424 2404 479 Non
2441 422 2596 489 dixit,
2624 422 2849 492 Aperite
2895 428 3077 491 portas
3122 420 3318 491 quibus
3346 436 3486 494 prte-

230 507 311 567 ὢν
332 511 550 583 ἡγεῖσθε
570 512 663 565 καὶ
690 510 985 581 τυγχάνετε
1016 510 1270 579 φύλακες,
1300 512 1413 565 ἀλλ’
1444 532 1459 561 «
1486 514 1652 583 ἄρατε
1669 530 1681 542 ·
1698 532 1714 564 ι
1737 512 1811 575 ὡς

230 605 346 676 γὰρ
378 602 580 657 κατιὼν
626 602 812 665 κλίνας
857 603 1138 673 οὐρανοὺς,
1168 604 1267 656 οὐκ
1316 603 1531 667 ἀνοίξας
1577 603 1807 674 κατέϐη,

228 696 326 750 τὸν
361 696 524 749 αὐτὸν
557 696 758 767 τρόπον
788 694 1146 765 ἀναληφθεὶς,
1188 696 1289 747 οὐκ
1327 694 1673 767 ἀνοιχθεισῶν
1704 694 1811 749 τῶν

232 788 422 843 πυλῶν
454 786 719 859 εἰσῆλθεν,
750 786 864 840 ἀλλ’
888 787 1244 858 αἱρουμένων.

307 880 414 933 Τοῦ
458 879 643 932 αὐτοῦ.
684 879 794 932 Καὶ
841 878 1156 947 ἐπάρθητε,
1207 880 1392 932 πύλαι
1434 878 1675 932 αἱώνιοι.
1724 879 1811 942 Ὠς

227 972 480 1041 λογικαῖς
529 970 640 1041 (88)
690 971 746 1023 δὲ
793 970 1017 1034 ταύταις
1072 971 1205 1041 φησὶ
1252 970 1342 1033 τὸ,
1386 988 1402 1019 ι
1442 970 1746 1040 ὲπάρθητε·
1786 991 1803 1022 ι

228 1062 603 1133 πνευματικαὶ
628 1062 685 1116 δέ
717 1063 844 1128 εἰσι,
878 1063 969 1115 καὶ
990 1063 1052 1115 οὐ
1086 1062 1409 1135 πρόσκαιροι
1443 1061 1531 1115 διά
1559 1063 1619 1115 τὸ
1653 1062 1810 1116 amo.

229 1153 331 1206 καὶ
359 1153 654 1223 ἀκήρατον.

305 1336 520 1405 Κύριος
540 1338 817 1406 κραταιὸς
836 1338 931 1391 καὶ
951 1337 1225 1404 δυνατὸς,
1243 1339 1455 1407 Κύριος
1475 1338 1731 1402 δυνατὸς
1743 1338 1811 1391 ἐν

227 1426 497 1497 πολέμῳ,
529 1446 581 1483 κ.
616 1448 665 1482 τ.
696 1431 741 1483 ὲ.
781 1449 797 1481 ι
830 1429 1109 1501 Θαρσεῖτε,
1139 1449 1156 1482 ι
1195 1432 1359 1502 φησὶν
1393 1430 1499 1503 (89)
1531 1435 1559 1485 ὁ
1596 1431 1804 1501 Σωτὴρ,

234 1540 257 1571 «
294 1520 405 1588 ἐγὼ
455 1521 715 1592 νενίκηκα
745 1522 834 1575 τὸν
869 1522 1099 1594 κόσμον·
1130 1522 1224 1575 νῦν
1268 1524 1447 1595 ἄρχων
1480 1522 1572 1576 τοῦ
1602 1522 1804 1592 κόσμου

227 1611 425 1665 τούτου
453 1612 856 1685 ἐμϐληθήσεται
891 1614 1012 1682 ἔξω.
1047 1634 1064 1667 ι

302 1702 519 1770 Κύριος
544 1702 874 1773 δυνάμεων,
919 1706 1101 1770 αὐτός
1142 1705 1274 1759 ἐστι
1325 1701 1503 1771 οὗτος
1550 1708 1582 1759 ὁ
1625 1705 1807 1770 βασι-

1913 516 2042 569 estis
2064 524 2116 569 et
2133 530 2357 584 quarum
2381 514 2511 570 estis
2535 514 2812 581 custodes,
2829 513 2921 569 sed
2951 513 3261 568 «attollite.»
3282 512 3485 581 Quem-

1914 603 2199 658 admodum
2249 604 2391 658 enim
2438 618 2559 657 cum
2613 603 2927 667 descendit,
2961 603 3129 659 caelos
3188 616 3292 658 non
3354 619 3485 672 ape-

1914 695 2075 759 riens,
2112 696 2206 749 sed
2250 695 2520 750 inclinans
2570 694 2868 763 descendit,
2902 696 2981 750 sic
3019 710 3141 749 cum
3172 704 3484 765 assumptus

1925 792 2032 848 est,
2068 798 2171 838 non
2203 785 2430 853 apertis,
2462 784 2554 838 sed
2600 784 2795 839 ablatis
2830 786 3003 855 portis
3036 786 3310 856 ingressus
3341 794 3445 841 est.

1995 874 2266 943 Ejusdem.
2322 875 2391 929 Et
2460 875 2759 940 elevamini,
2819 885 2983 945 portae
3030 876 3325 944 wtemales,
3375 885 3480 932 etc.

1914 966 2077 1034 Quasi
2126 966 2359 1022 rationis
2386 976 2568 1023 essent
2600 976 2901 1037 compotes.
2944 982 3038 1022 eas
3067 968 3365 1038 alloquitur
3400 969 3483 1023 di-

1913 1074 2064 1125 cens,
2112 1077 2130 1109 ι
2156 1058 2471 1119 elevamini:
2504 1077 2521 1109 ο
2557 1059 2869 1129 spirituales
2919 1058 3061 1113 enim
3115 1068 3259 1124 sunt,
3294 1070 3349 1113 et
3376 1073 3481 1114 non

1914 1163 2296 1221 temporanem,
2330 1166 2394 1205 eo
2435 1152 2579 1220 quod
2617 1151 2862 1206 materite
2903 1160 2960 1205 et
2998 1152 3364 1220 corruptionis
3388 1167 3483 1207 ex-

1912 1256 2094 1317 pertes
2125 1248 2252 1300 sint.

1984 1340 2242 1393 Dominus
2310 1339 2461 1407 fortis
2528 1348 2577 1392 et
2628 1346 2844 1407 potens,
2908 1336 3159 1391 Dominus
3205 1346 3385 1407 potens
3429 1339 3485 1392 in

1910 1431 2122 1500 pretia,
2145 1441 2251 1487 etc.
2305 1450 2321 1483 «
2350 1430 2639 1495 Conﬁdite,
2668 1450 2687 1483 ι
2736 1430 2913 1501 inquit
2971 1428 3221 1484 Salvator
3241 1429 3307 1492 ⁸³,
3340 1447 3359 1480 «
3385 1444 3485 1499 ego

1915 1522 2016 1576 vici
2076 1526 2354 1576 mundum.
2420 1521 2575 1577 Nunc
2640 1523 2893 1592 princeps
2942 1520 3105 1590 hujus
3158 1522 3342 1575 mundi
3387 1520 3485 1589 eji-

1913 1614 2088 1668 cietur
2120 1613 2266 1669 foras
2288 1613 2356 1668 '°.
2388 1632 2408 1666 ι

1987 1701 2146 1758 Vens.
2201 1703 2289 1757 10.
2341 1702 2601 1757 Dominus
2658 1702 2909 1757 virtutum
2969 1703 3077 1772 ipse
3120 1710 3196 1757 est
3247 1718 3338 1757 rex
3380 1700 3486 1771 glo-

223 1768 518 1859 λεὺςήτῆς
545 1768 749 1860 δόξης,
778 1768 906 1847 κ.
933 1795 980 1847 ὲ.
1013 1768 1304 1865 Δυνάμεων
1336 1768 1537 1867 Κύριον
1569 1768 1680 1865 (99)
1716 1796 1800 1848 αύ-

1914 1793 2026 1858 νὶσε,
2063 1804 2171 1848 etc.
2210 1794 2496 1847 Dominum
2537 1794 2794 1848 virtutum
2846 1795 3020 1862 ipsum
3074 1793 3329 1848 dixerunt
3365 1802 3487 1846 tan-

221 1880 322 1934 τὸν
355 1876 506 1935 εἷπον
535 1882 612 1945 ὡς
644 1882 879 1954 ἄρχοντα
925 1885 1319 1954 στρατοπέδων.
1361 1885 1698 1955 Σημειωτέον
1726 1884 1806 1948 δὲ,

220 1972 310 2026 ὅτι
338 1974 385 2025 οἱ
412 1973 478 2025 τὰ
509 1973 775 2044 Ἐϐραίων
801 1976 1173 2046 ἡκριϐωκὸτες
1201 1976 1354 2046 φασίο
1372 1978 1507 2048 Τὴν(
1532 1976 1753 2032 Σαϐαὼθ
1782 1996 1800 2028 ι

221 2064 414 2133 φωνὴν
441 2066 497 2116 ὲν
529 2064 609 2135 τῷ
648 2065 919 2136 Ἐϐραῖκῷ
945 2068 1202 2138 κειμένην
1236 2070 1315 2131 εἰς
1351 2067 1597 2130 Ἑλλάδος
1625 2067 1807 2137 φωνὴν

218 2156 274 2207 οἱ
310 2153 711 2225 Ἐϐδομήκοντα
745 2157 1269 2228 μεταλαμϐάνοντες,
1298 2159 1385 2211 ὁτὲ
1414 2158 1509 2229 μὲν
1537 2159 1615 2220 τὸ,
1655 2177 1672 2209 «
1700 2158 1806 2211 Κύ-

225 2260 342 2315 ριος
370 2244 479 2296 τῶν
505 2244 807 2316 δυνάμεων,
834 2268 851 2298 ι
891 2249 978 2301 ὁτὲ
1004 2249 1060 2301 δὲ
1089 2249 1169 2313 τὸ,
1202 2269 1220 2300 «
1254 2249 1460 2322 Κύριος
1486 2251 1797 2322 κραταιὸς,ι

218 2332 314 2385 ὁτὲ
354 2333 410 2385 δὲ
455 2334 537 2396 τὸ,
573 2355 590 2385 «
620 2339 1033 2409 παντοκράτωρ,
1058 2359 1077 2391 ι
1117 2338 1336 2406 ἔταξαν.
1377 2341 1612 2409 Λέγουσι
1653 2342 1802 2410 γοῦν,

219 2423 308 2476 δτι
354 2424 445 2477 καὶ
486 2427 544 2477 ὲν
573 2424 651 2495 τῷ
677 2427 827 2498 τόπῳ
874 2429 1049 2499 τούτῳ
1082 2430 1307 2502 κειμένη
1342 2430 1437 2484 τοῦ
1486 2451 1505 2482 «
1535 2432 1759 2486 Σαϐαὼθ
1782 2452 1799 2484 ι

220 2517 255 2585 ὴ
295 2516 596 2587 μετάληψις
628 2519 708 2581 εἰς
739 2519 816 2582 τὸ,
852 2538 869 2571 ι
893 2520 1095 2591 Κύριος
1142 2522 1248 2575 τῶν
1277 2524 1577 2595 δυνάμεων,
1607 2544 1626 2576 ι
1662 2525 1811 2594 γέγο-

222 2624 335 2660 νεν.
388 2609 448 2661 Εἰ
487 2608 543 2660 δὲ
592 2609 653 2662 τὸ
678 2602 721 2659 ἰ
750 2610 976 2664 Σαϐαὼθ
1014 2632 1031 2665 ι
1069 2614 1160 2666 ἐπὶ
1184 2615 1278 2668 τοῦ
1323 2617 1576 2686 Σωτῆρος
1609 2619 1805 2681 κεῖται,

218 2698 585 2769 ἑρμηνεύεται
642 2703 720 2765 εἰς
780 2701 838 2754 τὸ
894 2722 910 2753 t
941 2706 1397 2778 παντοκράτωρ.ι
1452 2707 1689 2771 Εἰκότως
1762 2708 1795 2778 ἡ

227 2811 246 2841 «
283 2792 675 2865 παντοκράτωρ
709 2814 725 2845 ι
765 2795 913 2865 φωνὴ
959 2797 1052 2849 τοῦ
1094 2798 1345 2869 Σωτῆρος
1381 2798 1804 2871 κατηγορηθείη.

218 2882 286 2933 Ei
324 2881 432 2953 γὰρ
474 2900 491 2932 ι
521 2883 697 2936 πάντα
737 2884 803 2936 δι’
842 2886 1002 2939 αὑτὸν
1034 2888 1246 2956 γέγονε,
1270 2909 1287 2940 ι
1327 2890 1420 2942 καὶ
1477 2890 1639 2953 αὐτός
1682 2892 1797 2943 ἐστι

219 2972 331 3043 πρὸ
364 2973 601 3040 πάντων,
638 2976 947 3042 ἀκολούθως
977 2981 1373 3052 παντοκράτωρ
1406 2981 1640 3050 λέγεται.

782 3157 1074 3212 ΨΑΛΜΟΣ
1115 3161 1239 3214 ΚΔ’.

293 3246 812 3314 Αἱσχυνθήτωσαν
850 3251 902 3301 οἱ
934 3250 1302 3319 ἀνομοῦντες
1330 3252 1631 3321 διακενῆς,
1663 3271 1716 3308 κ.
1746 3272 1794 3309 τ.

221 3342 269 3392 ἔ.
300 3337 456 3389 Ἔστι
490 3338 585 3391 καὶ
637 3339 710 3409 μὴ
753 3339 1003 3412 διακενῆς
1050 3341 1157 3411 (91)
1198 3343 1494 3413 άνομῆσαι.
1530 3364 1549 3396 «
1595 3347 1800 3415 Ἐγενό-

221 3443 332 3495 μην
373 3430 482 3491 τοῖς
531 3429 751 3499 ἀνόμοις
802 3429 877 3492 ὼς
924 3430 1154 3509 ἄνομος·
1190 3451 1207 3484 ι
1243 3433 1379 3504 αὕτη
1417 3437 1449 3505 ἡ
1500 3437 1697 3506 ἀνομία
1737 3437 1797 3490 οὐ

216 3519 492 3590 διακενῆς.
525 3520 783 3591 Στρέψον,
812 3520 1080 3585 Δέσποτα,
1123 3523 1223 3595 τὴν
1260 3525 1519 3596 αἰσχύνην
1549 3529 1628 3590 εἰς
1671 3527 1799 3591 τοὺς

216 3611 557 3681 ἀνομοῦντας
587 3614 754 3683 ἡμᾶς,
799 3612 948 3666 οὐδὲν
980 3614 1332 3685 ἠδικηκότας.
1364 3618 1534 3671 Τοῦτο
1564 3618 1670 3691 γάρ
1718 3620 1801 3673 λέ-

216 3720 307 3773 γει
342 3721 359 3755 «
380 3702 653 3775 διακενῆς.
672 3727 687 3758 ι
1690 3716 1709 3735 ⁸

296 3977 410 4044 Τὰς
439 3976 620 4046 ὁδούς
650 3995 786 4046 σου,
825 3982 1020 4049 Κύριε,
1055 3982 1351 4051 γνώρισόν
1376 4002 1497 4051 μοι,
1547 3984 1644 4037 καὶ
1691 3986 1798 4050 τὰς

217 4069 459 4136 τρίϐους
492 4085 610 4124 σου
658 4070 905 4136 δίδαξόν
924 4090 1022 4141 με,
1070 4091 1123 4126 κ.
1162 4092 1211 4127 τ.
1248 4075 1295 4127 ἐ.
1334 4074 1391 4128 Ὀ
1436 4074 1604 4129 θέλων
1657 4076 1798 4144 γνῶ-

216 4177 306 4213 ναι
334 4160 444 4230 (92)
490 4161 589 4225 τὰς
614 4162 765 4226 ὁδοὺς
797 4163 889 4216 τοῦ
912 4164 1114 4234 Κυρίου
1140 4165 1382 4233 γενέσθω
1430 4167 1637 4233 πραύς’
1674 4185 1693 4219 «
1718 4170 1801 4220 Δι-

215 4250 364 4317 δάξει
391 4272 409 4304 ι
437 4252 565 4324 γὰρ,
586 4255 741 4323 φησι,
773 4273 792 4305 ‹
820 4258 1011 4327 πραεῖς
1035 4256 1186 4320 ὁδοὺς
1213 4256 1398 4323 αὑτοῦ,
1422 4276 1439 4308 ι
1470 4258 1597 4321 τοὺς
1629 4275 1797 4313 κατα-

218 4346 536 4407 παύσαντας
564 4345 661 4415 τὴν
692 4345 747 4398 ὲν
779 4348 844 4417 τῇ
890 4345 1037 4418 ψυχῇ
1083 4347 1355 4401 ἄπαυστον
1401 4348 1581 4419 μάχην
1624 4349 1797 4419 θυμοῦ

217 4437 311 4488 καὶ
344 4435 639 4505 ἐπιθυμίας
672 4437 767 4490 καὶ
806 4437 914 4491 τῶν
959 4438 1166 4503 τούτοις
1208 4440 1667 4513 ὑποϐεϐλημένων
1696 4459 1801 4496 πα-

218 4525 345 4580 οῶν.
379 4526 472 4590 Τὸ,
515 4545 532 4578 «
562 4527 832 4600 Γνώρισόν
885 4548 995 4600 μοι,
1060 4531 1152 4583 καὶ
1186 4531 1413 4597 δίδαξον,
1451 4552 1469 4585 ι
1518 4534 1612 4585 ἐπὶ
1653 4534 1795 4603 πρά-

217 4634 404 4686 γματα
438 4617 606 4685 λέγει.
631 4620 886 4673 Βούλεται
919 4621 1028 4691 γὰρ
1065 4623 1255 4687 εἰπεῖν,
1279 4624 1381 4687 ὅτι,
1427 4625 1514 4677 Ἐν
1561 4624 1797 4679 ἀπολαύ-

215 4727 300 4763 σει
355 4728 421 4780 με
480 4712 821 4784 κατάστησον
878 4713 986 4767 τῶν
1051 4712 1303 4785 πράξεών
1348 4731 1463 4778 σου,
1493 4711 1789 4770 τουτέστιν,

227 4801 507 4873 Ἑπάγαγέ
524 4819 593 4873 με
637 4804 716 4866 εἰς
748 4804 814 4857 τὰ
857 4804 1065 4857 οἰκεῖα·
1107 4803 1229 4856 ὅθεν
1267 4803 1545 4875 ἐπιφέρειο
1581 4823 1599 4855 «
1642 4805 1795 4876 Ὀδή-

211 4892 380 4964 γησόν
408 4911 476 4963 με
508 4896 587 4957 εἰς
612 4894 709 4964 τὴν
737 4894 991 4966 ἀλήθειάν
1020 4912 1133 4949 σου.
1166 4914 1184 4946 ι

295 4986 610 5054 Ἀμαρτίας
637 4987 921 5053 νεότητός
954 5004 1073 5055 μου
1131 4985 1228 5039 καὶ
1273 4986 1520 5055 ἀγνοίας
1555 5005 1676 5056 μου
1705 4988 1792 5056 μὴ

208 5077 511 5149 μνησθῇς,
547 5096 600 5131 κ.
635 5095 683 5131 τ.
719 5078 764 5130 ὲ.
814 5078 928 5145 Ἐφ’
964 5071 1046 5141 οἷς
1072 5076 1181 5149 γὰρ
1215 5076 1293 5130 ἔτι
1335 5078 1445 5148 (95)
1482 5078 1794 5149 πλημμελεῖ

213 5221 259 5253 ⁸⁸
285 5219 443 5276 Joan.
476 5236 586 5290 xvr,
610 5221 701 5276 35.
794 5220 840 5252 ⁸⁰
865 5220 1021 5277 Joan.
1046 5236 1144 5286 xn,
1171 5222 1260 5277 51.

285 5335 396 5404 (87)
429 5337 551 5389 Οὐκ
577 5337 765 5402 εἷπεν,
796 5345 896 5389 etc.
927 5336 1152 5390 Schedae
1172 5337 1380 5392 Grabii.

304 5405 392 5476 88)
431 5407 525 5470 Ὡς
567 5406 855 5476 λογικαῖς,
890 5419 995 5460 etc.
1026 5406 1236 5476 Eadem
1263 5408 1493 5462 schedze.

304 5409 392 5475 88)
431 5409 525 5470 Ὡς
567 5409 855 5476 λογικαῖς,
890 5419 995 5460 etc.
1026 5409 1236 5460 Eadem
1263 5409 1493 5462 schedas.

212 5409 400 5600 mgf]?
422 5476 723 5546 Θαρσεῖτε,
748 5477 960 5546 φησίν,
985 5488 1089 5530 etc.
1116 5475 1329 5533 Eaedem
1358 5480 1571 5535 schedte
1587 5488 1639 5534 et
1660 5480 1791 5535 Bar-

252 5561 400 5599 arus.

283 5614 394 5684 (90)
420 5616 737 5690 Δηρνάμεων
768 5617 1147 5690 Κύριονηριε.
1195 5617 1420 5690 Didymo
1450 5619 1636 5675 tribuit
1657 5620 1792 5674 Bar-

213 5684 404 5749 barus,
432 5687 552 5741 alia!
577 5684 715 5740 vero
750 5689 969 5741 Catena:
1001 5688 1239 5756 Origeni.

285 5755 397 5827 (9|)
437 5757 609 5811 Ἔστι
654 5757 749 5811 καὶ
794 5756 880 5828 μὴ
913 5755 1227 5828 διακειξῆς,
1278 5769 1383 5816 etc.
1416 5759 1793 5818 Scltet'mCra-

1910 1899 2071 1952 quam
2143 1885 2442 1954 principem
2516 1894 2843 1940 castrorum.
2900 1882 3313 1939 Observandum
3400 1893 3485 1938 est.

1908 1986 2088 2032 autem
2145 1992 2239 2032 eos
2285 1978 2377 2046 qui
2438 1986 2693 2032 accurate
2739 1976 2965 2032 Hebraea
2997 1977 3272 2047 legerunt,
3301 1978 3485 2033 dicere

1913 2082 2097 2123 vocem
2137 2086 2154 2121 «
2199 2067 2467 2132 Sabaoth,
2494 2088 2512 2120 ι
2545 2083 2665 2137 quae
2690 2067 2742 2121 in
2774 2067 3001 2123 Hebraeo
3034 2069 3288 2132 habetur,
3319 2084 3350 2123 a
3386 2068 3485 2122 Se—

1913 2162 2187 2231 ptuaginta
2219 2160 2609 2230 interpretibus
2646 2159 2833 2214 (ἔναιρε
2880 2159 3013 2214 verti
3056 2163 3235 2225 modo,
3269 2176 3289 2210 «
3312 2159 3486 2214 Domi-

1914 2269 2015 2308 nus
2048 2253 2310 2307 virtutum
2336 2269 2349 2317 ;
2375 2271 2391 2303 ›
2429 2252 2612 2316 modo,
2648 2269 2667 2302 «
2696 2251 2951 2306 Dominus
2975 2250 3161 2317 fortis;
3185 2270 3205 2303 ι
3236 2251 3483 2321 aliquan-

1913 2345 1981 2399 do
2014 2354 2216 2411 autem,
2260 2363 2277 2395 «
2301 2345 2668 2410 omnipotens.
2694 2364 2714 2396 ι
2747 2345 3009 2397 Asscrunt
3059 2358 3187 2414 ergo
3218 2345 3320 2399 hoc
3363 2344 3481 2398 loco

1915 2450 2098 2491 vocem
2155 2454 2173 2486 ι
2202 2437 2448 2491 Sabaoth
2475 2454 2493 2488 ι
2549 2436 2814 2491 redditam
2851 2448 2993 2499 esse,
3034 2452 3052 2485 ς
3078 2433 3335 2488 Dominus
3363 2436 3479 2487 vir-

1914 2537 2111 2583 tutum.
2139 2548 2157 2579 ι
2198 2527 2255 2581 Si
2313 2538 2490 2583 autem
2557 2542 2660 2581 vox
2696 2524 2979 2581 «Sabaoth
3007 2545 3025 2578 ι
3086 2526 3151 2579 de
3199 2524 3481 2580 Salvatore

1912 2619 2148 2687 ponitur,
2207 2620 2596 2687 interpretatur
2634 2636 2653 2667 «
2678 2618 3042 2686 omnipotens.
3074 2634 3093 2667 ι
3133 2614 3244 2669 Nec
3282 2616 3475 2669 imme-

1911 2707 2014 2761 rito
2041 2720 2143 2761 vox
2182 2724 2200 2756 «
2223 2706 2564 2776 omnipotens
2587 2724 2606 2758 ι
2639 2705 2706 2760 de
2738 2704 3023 2760 Salvatore
3075 2705 3477 2774 prmdicabitnr.

1912 2797 1970 2851 Si
1998 2797 2141 2852 enim
2176 2815 2195 2849 «
2221 2798 2403 2851 omnia
2450 2812 2546 2867 per
2601 2797 2775 2866 ipsum
2812 2795 2954 2852 faeta
2986 2796 3202 2860 sunt",
3227 2814 3249 2849 ι
3284 2804 3337 2850 et
3365 2795 3481 2862 ipse

1903 2899 1986 2945 est
2016 2900 2141 2945 ante
2170 2891 2372 2956 omnia,
2406 2901 2801 2961 consequenter
2831 2891 3170 2961 omnipotens
3192 2890 3433 2946 dicitur-

2412 3156 2734 3214 PSALMUS
2775 3158 2961 3215 XXIV.

1977 3253 2138 3310 Vens.
2170 3251 2222 3306 ι.
2243 3250 2650 3321 confundantur
2669 3267 2843 3307 omnes
2874 3253 3053 3322 iniqua
3076 3261 3283 3321 agema
3302 3267 3485 3320 super-

1904 3362 2084 3410 vacue,
2118 3353 2227 3399 etc.
2256 3343 2398 3397 Fieri
2432 3342 2596 3397 etiam
2628 3351 2802 3412 potest
2845 3351 2903 3395 ut
2940 3342 3062 3412 quis
3082 3357 3185 3396 non
3218 3356 3478 3411 superva-

1904 3452 2001 3493 cue
2040 3436 2157 3492 sine
2198 3435 2315 3505 lege
2354 3435 2445 3498 sit,
2473 3432 2626 3504 juxta
2681 3432 2811 3488 illud
2828 3434 2914 3485 "z
2951 3433 3188 3489 «Factus
3239 3449 3356 3489 sum
3411 3434 3477 3489 iis

1901 3529 1991 3596 qui
2025 3527 2141 3582 sine
2167 3526 2285 3596 lege
2310 3535 2490 3592 erant,
2526 3534 2781 3596 tanquam
2808 3527 2927 3581 sine
2961 3525 3078 3595 lege
3106 3539 3301 3581 essem.
3326 3542 3345 3578 ι
3376 3524 3476 3580 ilic

1902 3624 2075 3671 status
2101 3614 2261 3669 exlex
2286 3629 2391 3669 non
2420 3622 2507 3669 est
2529 3629 2886 3685 supervacue.
2912 3613 3198 3680 Converte,
3226 3615 3472 3681 Domine,

1900 3705 2279 3761 confusionem
2319 3705 2371 3758 in
2409 3718 2502 3759 eos
2551 3705 2646 3775 qui
2694 3705 2981 3761 adversum
3024 3719 3122 3760 nos
3154 3705 3473 3759 innocentes

1904 3797 2089 3866 inique
2125 3803 2315 3867 agunt.
2356 3794 2467 3850 Hoc
2517 3796 2662 3850 enim
2700 3796 2970 3868 signiﬁcat
2999 3793 3130 3850 illud
3170 3784 3476 3865 «superva-

1901 3905 2019 3944 cue.
2051 3909 2072 3942 θ

1985 3980 2108 4036 Viae
2137 3989 2281 4046 tuas,
2327 3981 2571 4046 Domine,
2625 3981 2929 4036 demonstra
2970 3981 3102 4035 mihi
3154 3990 3204 4035 et
3257 3979 3473 4035 sanitas

1901 4084 2018 4128 tuas
2046 4075 2208 4128 edoce
2250 4090 2352 4138 me,
2382 4082 2491 4129 etc.
2523 4072 2625 4139 Qui
2656 4073 2772 4127 vult
2802 4087 3032 4129 noscere
3080 4071 3198 4125 vias
3227 4072 3467 4137 Domini,

1902 4163 2050 4218 mitis
2069 4162 2184 4216 ﬁat.
2210 4180 2229 4213 «
2252 4162 2478 4217 Docebit
2500 4180 2518 4214 ι
2540 4161 2710 4228 enim,
2727 4161 2923 4231 inquit,
2943 4180 2963 4216 «
2983 4161 3142 4217 mites
3158 4161 3272 4216 vias
3288 4174 3467 4224 suasu

1903 4270 2026 4309 cum
2081 4255 2474 4311 indesinentem
2524 4254 2579 4308 in
2617 4254 2799 4309 anima
2826 4269 3057 4325 pugnam
3092 4252 3388 4308 iracundiae
3417 4261 3473 4305 et

1903 4347 2361 4417 concupiscentia:
2414 4360 2479 4401 ac
2542 4355 2866 4402 caeterorum
2923 4345 3211 4401 alfectuum
3246 4344 3339 4413 qui
3401 4343 3471 4398 iis

1902 4436 2288 4506 subjiciuntur,
2305 4438 2751 4506 compresseriut.
2775 4436 2909 4490 ιιιυά
2944 4443 3155 4490 autem:
3194 4452 3213 4485 «
3238 4434 3472 4497 Demon-

1832 4514 1874 4567 ί)
1904 4540 2014 4581 stra
2047 4530 2203 4594 mihi,
2238 4540 2293 4583 et
2340 4529 2494 4597 doce,
2524 4549 2542 4581 ι
2597 4529 2663 4583 ad
2704 4542 2791 4581 res
2848 4528 2995 4595 ipsas
3054 4524 3315 4580 refertur.
3344 4522 3471 4579 Vult

1901 4621 2045 4675 enim
2072 4620 2255 4675 dicere
2283 4640 2294 4675 :
2320 4619 2488 4691 629
2517 4618 2798 4675 (lonstitue
2831 4630 2918 4671 me
2953 4617 3005 4669 in
3038 4617 3316 4671 actionum
3350 4624 3473 4670 tua—

1904 4728 2023 4767 rum
2078 4712 2279 4777 fructu,
2337 4712 2441 4765 hoc
2494 4718 2577 4765 est
2606 4726 2621 4761 :
2649 4708 2834 4763 Dedue
2880 4722 2966 4762 me
3007 4709 3059 4761 in
3097 4707 3313 4777 propria
3346 4716 3472 4774 tua;

1901 4807 2040 4860 unde
2068 4804 2229 4859 infert
2269 4821 2281 4855 :
2323 4822 2341 4855 «
2374 4803 2553 4857 Dedue
2585 4815 2670 4856 me
2695 4801 2748 4854 in
2780 4801 3013 4855 veritate
3043 4812 3151 4856 tua.
3180 4819 3200 4852 ι

1976 4987 2138 5044 Vnus.
2177 4988 2225 5040 7.
2278 4985 2482 5041 Delicta
2521 4984 2811 5055 juventutis
2860 4999 3008 5049 mete,
3061 4992 3110 5037 et
3145 4981 3472 5053 ignorantia:

1900 5097 2040 5134 meas
2080 5095 2142 5132 ne
2182 5076 2498 5143 memineris,
2522 5084 2626 5132 etc.
2666 5076 2741 5132 Ea
2774 5076 2921 5131 enim
2974 5090 3094 5145 quae
3130 5073 3306 5127 adhuc
3347 5072 3472 5140 quis

1371 5222 1411 5253 '“
1445 5221 1597 5277 Joan.
1632 5238 1673 5287 ι,
1707 5222 1759 5277 3.
1838 5224 1882 5255 θ’
1913 5223 1929 5276 1
1957 5222 2082 5278 Cor.
2110 5239 2185 5291 ix,
2218 5222 2307 5278 2|.

1899 5339 1991 5402 bii,
2024 5337 2315 5392 Barbarus.

1970 5407 2083 5479 (92)
2114 5408 2186 5479 ,Ὀ
2216 5407 2408 5462 θέλων
2456 5407 2696 5479 γνῶναι,
2726 5418 2846 5479 θοις.
2902 5405 3128 5462 Scheda‘:
3164 5406 3375 5471 Grabii,
3415 5412 3470 5461 et

1901 5477 2069 5534 codex
2100 5477 2485 5542 Coisliniantts,
2511 5494 2574 5533 ac
2616 5478 2907 5533 Barbarus.

1972 5548 2082 5619 (95)
2111 5549 2236 5617 Ἐφ’
2267 5544 2357 5615 οἷς
2386 5548 2505 5619 γὰρ,
2526 5548 2635 5612 ἔτι,
2666 5558 2777 5619 etc.
2824 5547 3047 5603 Sclteda:
3096 5547 3305 5619 Grabii,
3339 5561 3465 5615 par-

1898 5617 2100 5675 timque
2127 5617 2440 5675 Corderius.
2466 5618 2733 5673 Nonnulla
2770 5627 2950 5671 tamen
2983 5618 3173 5671 iisdem
3203 5617 3318 5671 fere
3346 5630 3467 5670 ver-

1898 5691 1982 5745 bis
2014 5685 2215 5745 habent
2241 5690 2526 5756 Eusebius,
2557 5698 2609 5743 et
2647 5687 2905 5756 Didymus
2954 5688 3005 5743 in
3034 5686 3237 5743 Catena
3264 5685 3446 5743 Barba

1901 5764 1966 5818 ri.
