3822 6574
204 440 336 500 1275

1158 445 1465 503 SELECTA
1499 446 1567 502 IN
1601 444 1939 505 PS.\LMOS.
1980 479 2050 488 —
2085 448 2280 506 PSAL.
2315 448 2483 505 XXV.

3325 455 3464 509 i275

266 565 324 616 Μ
331 561 362 629 ἲι
383 563 909 632 καταισχυνθείην,
933 560 1022 616 ὅτι
1050 560 1283 632 ἤλπισα
1309 563 1405 616 ἐπὶ
1437 563 1530 628 σὲ,
1572 581 1624 618 κ.
1662 581 1710 618 τ.
1731 565 1777 620 ὲ.

1956 562 2120 619 Vens.
2166 563 2257 618 20.
2325 564 2448 619 Non
2497 565 2816 632 erubescam,
2849 567 3095 637 quoniam
3143 567 3345 634 speravi
3391 567 3444 622 in

214 653 275 706 Ἥ
317 652 473 717 ἐλπὶς
513 652 622 724 (98)
669 655 730 707 οὐ
785 652 1152 724 καταισχύνει.
1203 654 1460 726 Θυγάτηρ
1507 656 1612 728 γάρ
1662 658 1778 710 ἐστι

201 742 455 813 δοκιμῆς,
491 742 713 811 ἔκγονος
768 744 823 798 δὲ
864 743 1141 815 ὑπομονῆς
1183 743 1398 816 δοκιμίγ
1438 747 1680 816 ὑπομονὴ
1721 749 1778 802 δὲ

203 834 263 887 ἐκ
295 832 526 901 θλίψεων
558 833 788 901 γίνεται,
819 826 896 888 ὧν
934 832 1183 904 πρόξενοι
1208 834 1265 888 αἱ
1298 835 1492 906 ἀρεταὶ
1525 832 1614 902 αἷς
1649 838 1778 890 ἕπε-

202 944 288 980 ται
326 925 523 995 γνῶσις
554 925 714 983 Θεοῦ.

260 1146 262 1148 τ
761 1107 1052 1162 ΨΑΛΜΟΣ
1091 1110 1221 1163 KE'.

271 1197 562 1264 Πύρωσον
602 1197 743 1264 τοὺς
793 1200 1052 1268 νεφρούς
1092 1218 1231 1268 μου,
1275 1218 1330 1255 κ.
1373 1218 1424 1254 τ.
1473 1202 1518 1254 ἑ.
1564 1201 1773 1274 Νεφροὶ

201 1287 307 1358 μὲν
339 1287 448 1360 (99)
489 1287 754 1359 σύμϐολόν
787 1292 891 1344 εἰσι
939 1289 1033 1344 τοῦ
1077 1290 1378 1362 παθητικοῦ
1433 1292 1632 1364 μέρους
1682 1294 1782 1364 τῆς

204 1379 402 1451 ψυχῆς,
429 1383 674 1437 τουτέστι
701 1382 874 1454 θυμοῦ
906 1384 1000 1437 καὶ
1027 1383 1340 1454 ἐπιθυμίαςο
1377 1385 1572 1456 καρδία
1605 1385 1662 1438 δὲ
1685 1386 1779 1440 τοῦ

207 1471 534 1542 λογιστικοῦ.

283 1655 410 1708 Ὅτι
440 1657 473 1709 ό
493 1653 665 1720 ἔλεός
693 1670 807 1709 σου
829 1654 1140 1709 κατέναντι
1167 1654 1284 1708 τῶν
1315 1654 1641 1724 ὀφθαλμῶν
1665 1672 1785 1724 μου

209 1744 360 1809 ἐστὶ,
397 1746 494 1798 καὶ
535 1746 916 1814 εὐηρέστησα
933 1747 1003 1799 ἐν
1029 1746 1103 1815 τῇ
1130 1747 1376 1814 ἀληθείᾳ
1403 1761 1540 1810 σου,
1576 1764 1628 1799 κ.
1659 1765 1707 1800 τ.
1737 1747 1783 1798 ὲ.

1887 666 1956 723 te,
1991 665 2098 711 etc.
2133 656 2273 725 Spes
2305 672 2412 710 non
2447 657 2750 716 confundit.
2779 658 2914 713 Filia
2950 661 3093 714 enim
3129 659 3465 730 probationis

1886 758 1992 813 est,
2029 748 2304 818 patientia.-
2345 760 2528 803 autem
2567 749 2709 805 fetus
2756 760 2839 806 est
2890 747 3163 822 probatio,
3201 751 3464 821 patientia

1887 856 2018 896 vero
2049 840 2296 895 nascitur
2317 855 2381 895 cx
2413 841 2852 898 tribulationibus
2882 859 3016 914 quas
3049 843 3283 912 hospitio
3310 841 3462 897 exci-

1890 933 2046 1003 piunt
2073 933 2304 988 virtutes
2338 935 2536 1004 quibus
2561 945 2872 990 assectatur
2902 935 3141 1006 cognitio
3171 933 3286 988 Dei.

2401 1117 2629 1173 PSALM
2641 1118 2724 1176 US
2797 1117 2966 1174 XXV.

1961 1208 2124 1264 Vens.
2161 1207 2214 1262 9..
2268 1206 2374 1262 Ure
2420 1223 2565 1262 renes
2597 1223 2765 1273 meos,
2802 1217 2908 1262 etc.
2950 1207 3130 1262 Renes
3167 1208 3467 1279 symbolum

1890 1309 2016 1353 sunt
2065 1298 2210 1352 illius
2263 1298 2438 1367 partis
2493 1299 2688 1352 animae
2740 1313 2862 1367 quae
2908 1296 3191 1353 affectibus
3235 1300 3468 1354 obnoxia

1887 1398 1990 1452 est,
2029 1388 2129 1442 ltoc
2172 1396 2254 1442 est
2287 1388 2581 1442 iracundiae
2607 1395 2664 1442 et
2691 1388 3183 1456 concupiscentia;
3220 1404 3317 1444 cor
3366 1404 3471 1442 au-

1892 1487 1998 1533 tent
2032 1476 2338 1548 symbolum
2387 1485 2470 1532 est
2501 1477 2644 1533 illius
2674 1492 2795 1547 quae
2822 1478 3184 1533 ratiocinandi
3215 1478 3474 1534 facultate

1893 1569 2118 1639 praedita
2149 1578 2252 1624 est.

1964 1661 2132 1717 Vens.
2164 1662 2220 1718 3.
2257 1662 2522 1728 Quoniam
2572 1662 2937 1717 misericordia
2981 1672 3073 1716 tua
3124 1670 3247 1715 ante
3294 1660 3474 1716 oculos

1894 1771 2034 1809 meos
2062 1763 2161 1819 est,
2192 1766 2238 1809 et
2269 1755 2561 1823 complacni
2595 1754 2648 1807 in
2678 1755 2892 1808 veritate
2922 1762 3036 1820 tua,
3065 1762 3172 1807 etc.
3203 1751 3307 1818 Qui
3341 1767 3474 1806 con-

224 1834 281 1887 '0
316 1834 450 1888 νοῶν
482 1833 556 1905 (1)
599 1835 666 1889 τὰ
701 1836 828 1906 περὶ
862 1836 1045 1900 ἐλέους
1073 1838 1246 1890 ταῦτα
1273 1839 1406 1909 ἐρεῖ,
1442 1838 1784 1908 μεμνημένος

1921 1845 2095 1900 iderat
2125 1843 2582 1908 misericordiam,
2612 1859 2824 1898 memor
2852 1845 3334 1914 contemplationis
3362 1842 3478 1912 ejus

208 1925 312 1995 τῆς
356 1926 482 1997 περὶ
515 1926 698 1991 ἐλέους
735 1928 988 2000 θεωρίας·
1034 1930 1091 1983 Ὁ
1137 1929 1287 1992 ἔλεός
1332 1947 1426 1982 σου
1457 1931 1485 1982 6
1517 1929 1784 2003 τεθεωρη-

215 2017 376 2089 μένος
408 2035 518 2088 μοι,
562 2019 640 2090 τῷ
671 2020 957 2074 κατέναντι
1000 2020 1110 2074 τῶν
1158 2019 1450 2090 ὀφθαλμῶν
1497 2037 1596 2089 μου
1627 2015 1789 2083 εἶναι,

214 2113 465 2182 συνεργεῖ
496 2111 632 2183 πρὸς
673 2111 733 2164 τδ
771 2112 1130 2183 εὐαρεστῆσαι
1173 2113 1230 2164 ὲν
1276 2114 1342 2182 τῇ
1391 2109 1622 2182 ἀληθείᾳ
1673 2128 1787 2165 σου.

213 2202 349 2254 Κατ’
383 2201 636 2273 ἀλήθειαν
676 2202 784 2273 γὰρ
824 2203 920 2256 καὶ
953 2204 1050 2256 οὐκ
1095 2202 1444 2266 ἐπιπλάστως
1477 2205 1793 2276 εὐαρεστεῖν

209 2297 357 2347 ποιεῖ
397 2293 456 2347 τὸ
489 2294 580 2348 τοῦ
611 2294 743 2348 Θεοῦ
776 2295 940 2359 ἔλεος.
975 2295 1146 2365 Σοφοῦ
1188 2295 1298 2367 γὰρ
1331 2297 1425 2349 καὶ
1461 2295 1793 2368 θεωροῦντος

209 2387 310 2455 τὴν
351 2386 608 2457 ἀλήθειαν
653 2389 686 2458 ἡ
725 2388 895 2457 φωνή.
948 2384 1080 2442 Εἶτα
1115 2388 1216 2459 τῆς
1257 2390 1671 2460 εὐαρεστήσεως
1724 2386 1794 2440 τὰ

210 2477 330 2548 εἴδη
355 2478 622 2542 διέξεισιν.

293 2569 402 2622 Τοῦ
434 2568 636 2622 αὑτοῦ.
667 2569 729 2621 Εἰ
758 2569 791 2640 ἡ
822 2567 1050 2639 ἀλήθειά
1078 2569 1152 2638 t2)
1183 2570 1297 2621 ἐστι
1342 2568 1576 2639 Χριστὸς
1604 2569 1632 2621 6
1663 2567 1797 2631 Θεὸς

208 2661 393 2730 ἡμῶν,
427 2661 501 2724 ὡς
549 2657 719 2714 εἶπεν·
757 2680 774 2711 ι
813 2660 952 2728 Ἐγὼ
980 2661 1094 2730 εἰμι
1141 2661 1174 2732 ἡ
1207 2660 1487 2732 ἁλήθεια’›
1525 2662 1585 2714 ὲν
1629 2659 1683 2714 δὲ
1727 2663 1794 2732 τῇ

209 2751 442 2822 ἀληθεία
490 2752 825 2822 εὐηρέστησε
877 2750 1038 2805 Δαυῖδ
1067 2751 1146 2823 τῷ
1191 2751 1330 2822 Θεῷ,
1361 2753 1420 2805 ὲν
1454 2751 1530 2823 τῷ
1559 2751 1677 2822 Θεῷ
1708 2753 1794 2804 εὐο

205 2843 435 2915 ηρέστει
451 2844 558 2914 ἄρα
575 2847 604 2898 ὁ
624 2843 786 2897 Δαυῖδ
797 2843 874 2913 τῷ
894 2842 1031 2913 Θεῷ.
1050 2843 1148 2896 Διὰ
1168 2843 1344 2906 τοῦτο,
1357 2843 1544 2914 φησὶν,
1559 2843 1799 2896 ἔσπευσα

209 2939 528 3009 εὐαρεστεῖν
543 2940 607 3008 τῇ
626 2935 850 3007 ἀληθείᾳ
881 2954 996 2998 σου,
1023 2937 1142 2989 ἀντὶ
1163 2935 1280 3002 τοῦ,
1306 2935 1408 2990 σοί.
1434 2937 1800 3007 Περιφραστι-

211 3030 330 3093 κῶς
352 3029 460 3100 γὰρ
483 3029 580 3100 τὴν
601 3028 854 3100 ἀλήθειαν
881 3026 972 3081 τοῦ
1001 3027 1136 3080 Θεοῦ
1171 3028 1331 3081 αὐτὸν
1361 3028 1517 3081 καλεῖ
1532 3028 1622 3081 τὸν
1643 3027 1798 3082 Θεόν.

293 3124 413 3178 Οὐκ
451 3121 706 3176 ἐκάθισα
717 3121 867 3190 μετὰ
894 3120 1216 3188 συνεδρίου
1244 3121 1660 3190 ματαιότητος,
1695 3121 1794 3173 καὶ

1895 1935 2010 1988 haec
2046 1935 2188 1988 (licet
2223 1953 2236 1988 :
2270 1933 2643 1988 Misericordia
2696 1943 2784 1986 tua
2829 1949 2950 2002 quae
3003 1933 3136 1987 ntihi
3190 1942 3472 2002 perspecta

1893 2035 1998 2091 est,
2045 2041 2109 2081 eo
2141 2026 2284 2095 quod
2331 2025 2504 2081 oculis
2551 2025 2689 2078 meis
2732 2025 3075 2086 obversetur,
3117 2025 3271 2094 juvat
3303 2039 3390 2078 me
3420 2032 3482 2077 ιιι

1895 2117 2260 2188 complaccam
2295 2119 2350 2172 in
2385 2118 2618 2172 veritate
2667 2125 2778 2171 tua.
2822 2115 2891 2172 Ut
2921 2117 3044 2186 quis
3073 2118 3219 2171 enim
3266 2132 3395 2172 vere
3426 2126 3480 2172 et

1896 2226 2002 2265 non
2053 2210 2176 2265 ficte
2223 2210 2580 2279 complaceat,
2615 2209 2746 2264 facit
2793 2210 2886 2263 Dei
2924 2210 3323 2265 misericordia.
3351 2207 3480 2264 Ilaec

1895 2305 2038 2356 enim
2067 2318 2168 2357 vox
2200 2314 2282 2356 est
2310 2302 2574 2372 sapientis
2603 2311 2659 2357 et
2691 2303 2978 2357 veritatem
3031 2303 3477 2372 contemplantis.

1896 2392 2101 2448 Deinde
2135 2401 2385 2448 recenset
2417 2393 2630 2463 species
2663 2392 3096 2462 complacentiae.

1967 2569 2248 2642 Ejusdem.
2291 2573 2346 2628 Si
2395 2573 2602 2629 veritas
2637 2584 2720 2628 est
2776 2573 3028 2628 Christus
3079 2574 3218 2628 Deus
3264 2582 3478 2638 noster,

1899 2663 2353 2732 quemadmodum
2394 2664 2588 2717 dixit”
2616 2682 2630 2717 :
2664 2683 2682 2716 ι
2707 2664 2819 2733 Ego
2857 2681 2974 2718 sunt
3002 2665 3226 2730 veritas,
3259 2682 3278 2716 ι
3309 2666 3362 2720 in
3389 2679 3485 2719 ve-

1902 2756 2059 2811 ritate
2088 2764 2268 2809 autem
2301 2756 2632 2824 complacuit
2662 2757 2828 2810 David
2885 2759 3014 2824 Deo,
3057 2758 3109 2812 in
3143 2757 3252 2812 Deo
3296 2756 3484 2825 utique

1901 2845 2068 2900 David
2113 2847 2443 2916 complacuit
2489 2848 2621 2902 Deo.
2678 2847 2996 2918 Propterea,
3047 2849 3249 2918 inquit,
3300 2847 3484 2902 studui

1899 2939 2119 3009 placere
2153 2939 2371 2994 veritati
2393 2936 2527 3003 'tuae,
2559 2941 2609 2994 id
2644 2949 2729 2994 est
2759 2941 2881 2995 tibi.
2913 2939 3048 2994 Nam
3077 2955 3143 2993 ex
3179 2938 3484 3010 periphrasi

1903 3030 2192 3084 veritatem
2226 3031 2342 3095 Dei,
2373 3033 2552 3100 ipsum
2581 3040 2741 3086 vocat
2771 3033 2962 3087 Deum.

1984 3120 2147 3178 Vsus.
2177 3123 2230 3177 4.
2260 3122 2384 3176 Non
2416 3124 2529 3178 sedi
2559 3140 2677 3177 cum
2721 3123 2941 3178 consilio
2971 3123 3237 3187 vanitatis,
3276 3130 3322 3176 et
3367 3138 3485 3176 cum

204 3214 365 3286 μετὰ
396 3215 900 3284 παρανομούντων
950 3215 1022 3268 οὐ
1066 3211 1152 3282 μὴ
1187 3210 1458 3267 εἰσέλθω.
1499 3213 1784 3282 Ἐμίσησι

1918 3213 2083 3283 iniqua
2115 3212 2413 3282 gerentibus
2444 3230 2548 3268 non
2576 3214 2827 3267 introibo.
2854 3211 3014 3267 0divi
3066 3213 3340 3266 ecclesiam
3367 3228 3488 3265 ma-

208 3308 556 3376 ἐκκλησίαν
607 3308 1126 3376 πονηρευομένων,
1171 3308 1266 3361 καὶ
1291 3307 1442 3376 μετὰ
1470 3306 1706 3361 ἀσεϐῶν
1729 3311 1801 3362 οὐ

204 3400 304 3471 μὴ
342 3400 588 3461 καθίσω,
620 3416 672 3451 κ.
700 3417 750 3452 τ.
777 3400 822 3451 ὲ.
849 3399 1132 3470 Συνέδριον
1169 3399 1526 3470 ματαιότητος
1557 3398 1632 3470 (5)
1669 3416 1805 3471 πρε-

210 3490 473 3562 σϐύτεροι
507 3490 791 3563 αἱρετικοί·
818 3490 1260 3561 παρανομοῦντες
1275 3490 1454 3543 λαῖκο“ι
1469 3488 1800 3560 παράνομοι.

226 3587 530 3658 Ἐκκλησία
578 3587 1025 3659 πονηρευομένων
1072 3589 1320 3661 αἱρετικὴ
1373 3587 1654 3655 σύνταξις,
1712 3589 1806 3642 καὶ

208 3679 439 3744 ἀσεϐεῖς
492 3680 853 3752 πρεσϐύτεροι
894 3679 1178 3752 αἱρετικοί.
1227 3680 1468 3744 Τούτοις,
1514 3680 1696 3751 φησιν,
1742 3679 1805 3733 οὐ

213 3771 508 3842 συνῆλθον,
541 3771 654 3824 ἀλλ’
683 3771 802 3824 οὐδὲ
837 3774 949 3836 τοῖς
980 3773 1070 3826 τὸν
1111 3772 1251 3825 θεῖον
1290 3771 1688 3844 παραϐαίνουσι
1719 3771 1808 3825 νό-

214 3880 328 3936 μον
358 3864 754 3936 συνεφυρόμην.
783 3864 1032 3918 Μάλιστα
1053 3864 1106 3916 δὲ
1142 3863 1356 3917 πάντων
1383 3864 1806 3936 ἁπεστρεφόμην

207 3956 352 4018 τοὺς
382 3956 442 4007 τὸ
464 3955 604 4008 θεῖον
637 3953 1020 4026 ἐνυϐρίζοντας
1055 3953 1215 4017 σέϐας
1235 3956 1292 4007 ὲν
1324 3953 1620 4026 Ἐκκλησία
1647 3953 1806 4025 δῆθεν

209 4046 750 4118 ‹;’·.›γκροτουμένους⁹
775 4046 868 4100 καὶ
891 4047 1026 4118 πρὸς
1047 4045 1256 4110 τούτοις
1280 4046 1380 4117 τὴν
1399 4045 1506 4098 τῶν
1527 4044 1809 4100 εἰδωλολα-

205 4137 496 4211 τρούντων
524 4135 798 4203 ἀσέϐειαν,
832 4132 914 4201 οἷς
943 4137 1036 4191 καὶ
1068 4136 1128 4191 τὸ
1157 4135 1528 4207 συγχρονίζειν
1557 4135 1808 4207 ἡγούμην

206 4228 543 4298 ἐπισφαλές.

305 4321 414 4374 Τοῦ
442 4320 647 4375 αὐτοῦ.
681 4319 864 4374 Ταῦτα
897 4320 1088 4390 ῥητέον
1225 4318 1506 4389 φιλίπποις
1532 4319 1629 4372 καὶ
1661 4320 1808 4390 αἱρε-

201 4417 413 4477 τικοίς.
451 4414 636 4467 Ταῦτα
682 4415 860 4467 πάντα
892 4413 1124 4477 τέθεικε,
1161 4411 1482 4484 βουλόμενος
1508 4410 1696 4476 δεῖξαι,
1727 4412 1809 4463 ὅτι

201 4508 348 4563 οὐδὲ
376 4510 494 4571 ταῖς
522 4509 732 4580 ἑορταῖς
765 4507 872 4560 τῶν
903 4506 1135 4560 εἰδώλων
1162 4504 1487 4576 ἐκοινώνησέ
1516 4523 1665 4567 ποτε,
1689 4503 1810 4557 οὐδὲ

200 4601 296 4654 τὰ
337 4600 564 4672 λαμπρά
618 4597 725 4652 τῶν
768 4599 978 4653 ἀσεϐῶν
1022 4600 1330 4670 ἠγάπησεν,
1362 4599 1483 4652 οὐδὲ
1513 4598 1808 4668 ἐξέπληξεν

195 4694 389 4750 αὐτὸν
417 4697 446 4748 6
474 4693 574 4765 τῆς
617 4693 960 4758 Βαϐυλωνίας
1009 4693 1256 4758 πλοῦτος,
1299 4692 1413 4746 ἀλλ’
1442 4689 1509 4763 ἦν
1556 4692 1706 4763 αὐτῷ
1751 4695 1808 4745 ἐν

193 4786 569 4857 ἐπςτηδεύσει
603 4789 636 4858 ἡ
667 4787 920 4840 εὐσέϐεια
951 4787 1044 4839 καὶ
1075 4787 1107 4857 ἡ
1149 4784 1641 4856 ταπεινοςρροσύνη.

297 4880 556 4949 [VIp-opai
577 4880 646 4933 ἐν
664 4878 876 4946 ἀθώοις
894 4884 1002 4944 τὰς
1025 4877 1227 4947 χεῖράς
1251 4896 1369 4948 μου
1393 4877 1492 4931 καὶ
1517 4877 1808 4931 κυκλώσω

189 4972 292 5028 τὸ
339 4971 774 5040 θυσιαστήριον
797 4987 934 5037 σου,
968 4973 1166 5039 Κύριε,
1203 4989 1256 5025 κ.
1287 4989 1334 5024 τ.
1364 4972 1408 5024 ὲ.
1447 4969 1677 5038 Λογικδν
1711 4969 1807 5022 θυ-

191 5061 542 5132 σιαστήριον
566 5061 642 5133 (ὃ)
668 5061 803 5114 Θεοῦ
834 5063 862 5113 6
892 5061 1016 5125 νοῦς
1041 5060 1197 5132 ἡμῶν
1239 5061 1406 5124 ἐστιν,
1439 5061 1522 5128 ἐφ’
1562 5051 1622 5112 οὗ
1659 5059 1810 5113 καίο-

191 5170 330 5227 μεν
359 5153 433 5223 τῷ
467 5153 617 5225 παρά
649 5152 744 5206 τοῦ
783 5154 997 5225 Πατρδς
1034 5155 1112 5216 εἰς
1139 5153 1237 5224 τὴν
1265 5152 1367 5222 γῆν
1398 5150 1644 5221 βληθέντι
1673 5151 1808 5222 πυρὶ

184 5243 406 5298 πάντα
452 5242 708 5314 λογισμὸν
758 5243 950 5314 ἄλογον
1003 5242 1416 5315 ἁποσκιρτῶντα
1457 5241 1558 5312 τῆς
1611 5240 1814 5312 ἀγέλης

177 5333 323 5390 ’τοῦ
355 5333 637 5389 δεσπότου.
663 5335 788 5388 Ὅτε
805 5333 984 5388 τοίνυν
1015 5336 1049 5406 ἡ
1070 5333 1216 5405 ψυχὴ
1237 5334 1337 5387 οὐκ
1365 5331 1469 5396 ἔξω
1492 5333 1656 5398 νεύει,
1680 5331 1814 5386 ἀλλὰ

303 5430 349 5462 ⁵⁵
377 5428 533 5485 Joan.
577 5435 691 5498 XIV,
725 5431 779 5486 6.

301 5523 412 5590 (98)
457 5523 522 5577 Ἢ
551 5523 762 5590 ἐλπίς,
813 5533 919 5577 etc.
981 5521 1208 5578 Schedze
1258 5519 1478 5590 Grabii,
1529 5531 1583 5578 et
1634 5525 1804 5579 codex

172 5593 612 5653 Coislinianus.

301 5662 417 5732 (99)
440 5664 659 5733 Νεφροι
683 5663 820 5733 μέν,
852 5673 957 5716 etc.
983 5664 1168 5719 Codex
1194 5662 1581 5718 Coislinianus.

303 5731 404 5796 (-l)'
428 5733 490 5785 '0
513 5731 697 5797 νοῶν,
720 5746 826 5789 etc.
853 5733 1160 5790 Corderius.

297 5803 380 5889 (ε)
493 5805 532 5885 ᾖ
561 5802 832 5889 ἀλήθεια,
860 5813 966 5860 etc.
997 5804 1179 5862 Codex
1221 5803 1606 5874 Coislinianus,
1643 5806 1804 5863 selte-

163 5887 304 5943 djz
339 5873 548 5943 Grabii,
588 5874 874 5930 Barbarus.

1905 3305 2304 3374 lignantium,et
2335 3321 2453 3358 cum
2485 3306 2658 3373 impiis
2692 3321 2793 3359 non
2821 3306 3030 3371 sedebo,
3057 3314 3160 3361 etc.
3189 3305 3484 3360 Consilium

1902 3396 2162 3452 vanitatis
2203 3406 2332 3451 sunt
2361 3397 2662 3467 presbyteri
2701 3397 2974 3460 haeretici;
3017 3397 3201 3464 iniqua
3235 3406 3483 3465 agentes,

1905 3498 2034 3548 sunt
2077 3489 2203 3544 laici
2248 3487 2698 3560 prevaricantes.
2751 3487 2988 3542 Ecclesia
3041 3487 3484 3556 malignantium,

1905 3592 1990 3638 est
2019 3591 2192 3638 coetus
2233 3581 2639 3646 ltazreticorum,
2674 3591 2730 3635 et
2765 3580 2913 3649 impii
2967 3579 3270 3650 presbyteri
3312 3579 3488 3633 luere-

1909 3673 2022 3730 tici.
2061 3672 2196 3727 Cum
2237 3672 2411 3736 bisce,
2461 3671 2654 3741 inquit,
2698 3686 2802 3726 non
2859 3684 3184 3741 congressus
3212 3685 3355 3734 sum,
3389 3684 3489 3726 nec

1906 3780 2032 3818 cum
2056 3764 2254 3819 divina:
2288 3764 2423 3833 legis
2458 3763 2968 3832 praevaricatoribus
3000 3761 3316 3816 commistus
3345 3777 3486 3815 sum.

1907 3857 2142 3912 Maxime
2179 3857 2422 3910 omnium
2462 3853 2568 3926 fugi
2602 3856 2800 3908 divinat
2837 3853 3106 3922 tnajestati
3139 3851 3366 3921 injurios
3395 3852 3488 3921 qui

1911 3951 1962 4002 in
1993 3948 2232 4004 Ecclesia
2263 3949 2760 4020 congregabantur,
2790 3957 2846 4001 et
2879 3947 3049 4001 multo
3086 3945 3257 4017 magis
3295 3944 3491 4014 impios

1913 4031 2247 4106 idololatras,
2291 4041 2612 4110 quibuscum
2663 4040 2988 4096 commorari
3040 4039 3266 4094 minime.
3311 4047 3490 4093 tutum

1909 4150 2031 4190 esse
2065 4134 2396 4189 existimavi.

1985 4320 2261 4389 Ejusdem.
2295 4319 2422 4374 Haec
2452 4333 2718 4390 equorum
2763 4319 3102 4373 amatoribus
3131 4328 3185 4373 et
3221 4314 3491 4374 ltiercticis

1913 4412 2136 4468 dicenda
2155 4412 2435 4466 sunt.tla:c
2449 4414 2629 4466 omnia
2650 4413 2845 4481 posuit,
2864 4423 2919 4465 ut
2933 4411 3091 4481 631
3111 4413 3418 4466 ostenderet
3434 4427 3495 4467 se

1842 4537 1886 4590 Β
1916 4521 2192 4576 nunquam
2229 4505 2496 4561 idolorum
2534 4505 2690 4560 festis
2725 4505 3062 4569 interfuisse,
3093 4520 3266 4573 neque
3308 4506 3494 4576 splen-

1916 4598 2102 4652 dorem
2137 4597 2432 4668 impiorum
2463 4611 2697 4662 amasse,
2735 4611 2912 4665 neque
2961 4595 3378 4666 Babyloniorum
3408 4597 3496 4650 di-

1917 4690 2062 4744 vitiis
2094 4704 2152 4744 se
2187 4705 2308 4746 esse
2335 4689 2672 4760 perculsum,
2701 4691 2796 4743 sed
2830 4704 2941 4758 prae
2982 4688 3234 4743 omnibus
3263 4687 3496 4743 coluisse

1918 4785 2174 4854 pietatem
2207 4793 2260 4840 et
2299 4783 2684 4838 humilitatem.

1992 4876 2151 4931 Vsus.
2184 4876 2237 4931 6.
2275 4876 2486 4930 Lavabo
2512 4877 2649 4928 inter
2669 4874 2970 4928 innocentes
3009 4889 3197 4927 manus
3229 4889 3407 4940 meas,
3448 4883 3497 4927 et

1915 4972 2254 5026 circumdabo
2289 4971 2457 5024 altare
2492 4980 2673 5037 mum,
2706 4970 2959 5032 Domine,
2987 4977 3094 5021 etc.
3132 4965 3280 5020 Eliens
3311 4975 3498 5020 nostra

1919 5063 2239 5118 rationabile
2289 5062 2382 5116 Dei
2432 5063 2605 5116 altare
2645 5073 2748 5128 est,
2793 5063 2844 5117 in
2883 5079 2990 5133 quo
3036 5061 3158 5131 igne
3197 5076 3225 5111 a
3251 5057 3410 5112 Patre
3445 5059 3498 5112 in

1917 5161 2117 5206 terram
2173 5153 2340 5208 misso
2393 5153 2762 5208 comburimus
2811 5167 3025 5208 omnem
3071 5147 3496 5204 irrationabilcm

1911 5243 2296 5312 cogitationem
2337 5259 2457 5314 qua:
2510 5260 2576 5299 ex
2632 5253 2879 5298 armento
2925 5241 3200 5296 dominico
3250 5248 3500 5307 proterve

1915 5336 2121 5390 exsilit.
2165 5336 2394 5403 Quando
2436 5336 2602 5407 igitur
2631 5335 2811 5390 anima
2846 5341 2962 5388 non
2988 5343 3139 5388 extra
3161 5371 3175 5395 ,
3215 5330 3310 5384 sed
3343 5330 3411 5382 ad
3443 5342 3501 5382 se

1987 5523 2063 5592 (5)
2094 5521 2414 5591 Συνέδριον
2432 5520 2849 5592 ματαιότητος),
2875 5527 2983 5592 etc.
3019 5512 3333 5592 gorderitts;

1989 5581 2065 5666 (4)
2101 5581 2296 5666 Ταῦτά
2307 5581 2975 5666 ῥητέονπθιοίξὸιιεᾳω
3017 5584 3205 5640 Grabii
3229 5623 3244 5649 ,
3293 5581 3500 5637 Barba-

1915 5657 2029 5720 rus.
2048 5657 2057 5664 ’
2075 5665 2283 5719 Similia
2308 5657 2472 5718 habet
2495 5663 2664 5716 codex
2695 5657 3079 5715 Coislinianus.

1988 5737 2066 5807 (5)
2102 5735 2358 5807 Λογικὸν
2377 5730 2848 5799 θυσιαστήριον,
2885 5736 2991 5784 etc.
3035 5725 3260 5783 Scltedaa
3284 5723 3497 5792 Grabii,

1914 5811 2084 5863 codex
2117 5806 2342 5862 (Letsliu.
