3822 6498
404 395 544 450 1275

1838 391 1931 449 EX
1965 393 2269 451 ()RIGENE

3541 393 3668 447 1276

399 523 453 568 et
483 513 550 568 ad
588 513 863 585 proprium
893 521 1141 568 centrum
1176 513 1432 584 respicit,
1473 513 1776 569 circumdat
1815 515 1962 568 altari

2094 517 2275 586 βλέπει
2311 516 2445 587 πρὸς
2472 515 2669 587 ἑαυτὴν
2715 515 2809 569 καὶ
2852 515 2910 568 τὸ
2945 514 3074 569 ἴδιον
3110 514 3357 586 κέντρον,
3396 514 3588 567 multo?
3615 517 3669 569 τὸ

400 603 528 671 Dei,
562 621 662 660 nec
687 605 852 659 ullum
888 614 1146 676 operatur
1172 605 1426 675 angulum
1455 607 1548 675 qui
1581 607 1984 676 corruptionem

398 708 562 767 queat
594 699 837 767 recipere
884 715 898 753 :
953 713 972 748 ι
1008 696 1323 766 [nsipientia
1351 698 1495 751 enim
1527 699 1578 751 in
1613 698 1823 768 angulis
1853 699 1985 754 insi-

398 790 578 843 diatur
604 790 650 821 "
671 831 686 856 ,
727 808 744 840 ι
778 790 855 843 ait
887 790 1104 854 sapiens
1156 788 1432 843 Salomon.
1479 790 1572 844 Est
1604 799 1783 844 autem
1820 790 1988 846 altare

398 893 784 948 corporeorum
841 891 894 936 et
955 881 1399 949 incorporearum
1454 883 1879 952 contemplatio,
1931 884 1983 937 in

395 985 502 1039 qua
539 981 868 1040 expurgatur
913 987 1065 1028 meus
1087 1013 1101 1039 ,
1135 987 1295 1042 quam
1329 973 1420 1042 qui
1455 974 1777 1040 circumdat,
1807 975 1857 1030 id
1881 987 1983 1042 est,

394 1063 570 1127 novit,
604 1065 649 1116 is
681 1073 905 1118 enarrat
934 1065 1117 1118 omnia
1153 1064 1420 1118 mirabilia
1456 1065 1567 1120 Dei.

467 1156 630 1212 Vsus.
683 1159 736 1221 8,
785 1157 854 1223 9,
909 1159 996 1214 lt).
1053 1159 1310 1221 Domine,
1349 1159 1508 1213 dilexi
1533 1161 1771 1214 decorem
1797 1160 1985 1217 domus

395 1257 536 1315 ture,
585 1259 634 1302 et
679 1249 850 1304 locum
899 1250 1242 1304 habitationis
1292 1250 1474 1320 gloria:
1513 1262 1637 1306 tuw.
1675 1251 1756 1306 Ne
1793 1253 1982 1320 perdas

391 1357 512 1395 eum
563 1343 732 1411 impiis
773 1344 1006 1397 animam
1037 1359 1246 1406 meam,
1277 1351 1324 1396 et
1355 1359 1475 1396 cum
1509 1343 1632 1397 viris
1665 1343 1983 1412 sanguinum

391 1433 552 1487 vitam
601 1451 798 1498 meam,
846 1435 901 1488 in
935 1451 1161 1505 quorum
1209 1433 1452 1486 manibus
1491 1433 1796 1502 iniquitates
1839 1442 1980 1487 sunt.

394 1522 623 1578 Dextera
665 1542 844 1580 eorum
887 1526 1081 1595 repleta
1108 1536 1181 1579 est
1207 1524 1514 1579 muneribus
1542 1565 1556 1590 ,
1590 1534 1694 1582 etc.
1729 1527 1980 1580 Animam

391 1613 677 1671 affectibus
704 1617 1186 1672 incontamiualam
1215 1619 1448 1672 servavi.

463 1707 740 1778 Ejusdem.
773 1711 1054 1779 Tanquam
1085 1709 1263 1780 justus
1288 1715 1460 1781 possit
1498 1727 1601 1768 una
1645 1725 1766 1765 cum
1802 1710 1982 1780 impiis

390 1800 567 1868 perdi,
613 1799 727 1854 haac
751 1801 847 1855 ait.
891 1801 957 1854 Et
997 1802 1270 1857 Abraham
1315 1805 1382 1858 ad
1419 1804 1586 1858 Deum
1619 1820 1634 1858 ε
1674 1823 1692 1854 ι
1732 1802 1978 1872 Nunquid

2090 609 2472 681 θυσιαστήριον
2504 609 2598 662 τοῦ
2625 607 2780 661 Θεοῦο
2810 607 3079 680 μηδεμίαν
3101 610 3305 676 γωνίαν
3332 606 3670 679 ἐργαζομένη

2090 701 2294 774 φθορᾶς
2325 702 2600 774 δεκτικήν·
2640 701 2780 772 «Τὴν
2820 700 2928 770 γὰρ
2957 701 3267 771 ἀφροσύνην
3301 702 3510 767 γωνίαν
3539 719 3674 772 παρ-

2088 793 2327 864 εδρεύειν
2348 814 2364 845 ι
2399 796 2426 848 6
2461 794 2622 862 σοφός
2657 809 2788 862 φησι
2824 791 3089 862 Σολομὼν.
3119 793 3275 845 Ἐστι
3300 792 3358 844 δὲ
3380 793 3674 862 θυσιαστή-

2091 905 2203 960 ριον
2232 888 2500 958 σωμάτων
2531 886 2734 958 θεωρία
2759 887 2853 940 καὶ
2880 884 3210 955 ἀσωμάτων,
3252 889 3310 937 ἐν
3420 885 3675 956 καθαῖρε-

2086 998 2174 1034 ται
2205 979 2347 1043 νοῦς·
2384 980 2448 1050 ἦν
2491 979 2519 1030 6
2556 976 2864 1041 κυκλώσας,
2916 977 3192 1030 τουτέστιν
3239 975 3526 1044 ἐγνωκὼς,
3558 977 3672 1044 8:1;-

2087 1075 2264 1141 γεῖται
2291 1071 2468 1124 πάντα
2493 1070 2560 1124 τὰ
2594 1069 2874 1141 θαυμάσια
2899 1068 2994 1122 τοῦ
3019 1067 3174 1121 Θεοῦ.

2157 1164 2354 1230 Κύριε,
2413 1161 2702 1231 ἠγάπησα
2751 1160 3116 1228 εὐπρέπειαν
3167 1159 3342 1211 οἴκου
3391 1173 3540 1215 σου.
3579 1159 3672 1209 καὶ

2087 1252 2272 1305 τόπον
2304 1249 2696 1320 σκηνώματος
2726 1250 2911 1316 δόξης
2940 1266 3074 1303 σου.
3106 1247 3204 1316 Μὴ
3234 1246 3676 1311 erm-arto.“ch

2078 1343 2231 1412 μετὰ
2262 1341 2498 1395 ἀσεϐῶν
2527 1341 2640 1408 τὴν
2683 1339 2894 1410 ψυχήν·
2918 1358 3058 1409 μου,
3100 1341 3198 1392 καὶ
3238 1338 3391 1408 μετὰ
3438 1337 3674 1406 ἀνδρῶν

2083 1435 2344 1504 αἱμάτων
2375 1434 2486 1501 τὴν
2513 1433 2663 1500 ζὶυήν
2679 1450 2819 1502 μου,
2851 1428 2937 1486 ὧν
2965 1433 3034 1487 ἐν
3065 1431 3278 1501 χερσὶν·
3300 1433 3572 1498 ἀνομίαι.
3614 1431 3674 1486 Ἡ

2083 1526 2251 1590 δεξιὰ
2283 1524 2481 1580 αὐτῶν
2518 1525 2798 1593 ἐπλήσθη
2832 1524 3053 1593 δώρων,
3092 1542 3145 1577 κ.
3180 1541 3230 1577 τ.
3266 1525 3313 1577 ἑ.
3353 1523 3470 1594 Τὴν
3497 1522 3672 1594 dra-[ly

2083 1617 2266 1689 ἀπαθῆ
2302 1617 2616 1687 διεφύλαξα.

2161 1711 2270 1765 Τοῦ
2299 1709 2504 1765 αὐτοῦ.
2543 1711 2631 1773 Ὠς
2652 1708 2947 1779 δυναμένου
2971 1707 3046 1777 (6)
3077 1707 3170 1761 καὶ
3194 1706 3408 1762 δικαίου
3437 1723 3668 1758 συναπο-

2082 1803 2268 1858 λέσθαι
2297 1806 2408 1866 τοῖς
2439 1801 2679 1862 ἀσεϐέσι,
2702 1795 2893 1854 ¹ταῦτά
2923 1817 3072 1870 φησι.
3119 1801 3230 1853 Καὶ
3259 1801 3288 1851 ὁ
3336 1797 3597 1869 Ἀϐραὰμ
3618 1798 3670 1850 δὲ

388 1893 605 1962 perdes,
632 1908 648 1940 ι
686 1893 878 1962 inquit.
908 1913 924 1943 ι
953 1895 996 1926 ⁵⁷
1025 1895 1230 1964 justum
1253 1911 1374 1950 cum
1394 1895 1585 1965 impio,
1609 1871 1962 1964 etcritjustus

2094 1896 2218 1967 πρὸς
2253 1894 2344 1946 τὸν
2385 1893 2536 1957 Θεὸν,
2579 1913 2598 1943 ι
2619 1894 2710 1964 Μὴ
2745 1892 3141 1963 συναπολέσῃς,
3169 1911 3186 1941 ι
3228 1891 3386 1961 φησι,
3428 1909 3448 1938 ‹
3470 1889 3669 1942 δίκαιον

390 1985 531 2038 sicut
549 1985 768 2054 impius?
793 2004 811 2037 ι
835 1986 927 2040 llis
943 1988 1120 2042 verbis
1146 1988 1406 2042 utendum
1437 2001 1519 2043 est
1538 2003 1664 2058 erga
1692 1988 1975 2057 religiosos

388 2075 538 2130 viros
586 2084 680 2131 aut
740 2076 968 2132 feminas
1011 2079 1101 2148 qui
1147 2079 1225 2134 vel
1271 2095 1391 2150 qua:
1419 2096 1520 2134 una
1550 2095 1672 2134 cum
1714 2079 1867 2134 malis
1896 2079 1973 2132 vi-

388 2175 537 2221 vunt.

459 2258 736 2327 Ejusdem.
791 2281 807 2312 ι
869 2261 1097 2317 Dextera
1153 2279 1341 2337 eorum
1395 2264 1599 2331 repleta
1649 2273 1732 2318 est
1785 2278 1974 2318 mune-

388 2345 558 2400 ribus.
623 2367 642 2400 ι
701 2348 964 2416 Quoniam
1020 2353 1361 2422 iniquitatem
1413 2353 1618 2421 operati
1661 2364 1808 2418 Sunt,
1851 2353 1972 2407 ideo

385 2435 666 2493 dexteram
701 2457 852 2496 suam
888 2445 1205 2500 muneribus
1234 2444 1611 2515 impleverunt.

901 2723 1128 2780 PSALM
1142 2723 1230 2780 US
1261 2725 1447 2781 XXVI.

457 2811 623 2868 Vsus.
684 2813 736 2869 1.
801 2813 1056 2870 Dominus
1114 2816 1434 2871 illuminatio
1487 2833 1604 2872 mea
1650 2830 1694 2871 et
1740 2815 1974 2870 salvator

382 2923 557 2972 meus,
583 2922 733 2977 quem
759 2907 972 2961 timebo?
1010 2907 1263 2962 Dominus
1291 2911 1554 2976 protector
1594 2908 1711 2963 vita:
1739 2923 1896 2969 παραυ.
1940 2925 1970 2961 a

389 3015 494 3067 quo
533 2999 836 3067 trepidabo?
866 3009 974 3054 etc.
1024 2998 1149 3053 llaec
1183 2999 1322 3054 dicet
1357 2998 1442 3051 vir
1475 2998 1632 3052 fortis
1654 3008 1706 3054 et
1743 3000 1969 3054 scientia

389 3089 765 3158 illuminatus,
813 3091 994 3162 qualis
1037 3101 1151 3146 erat
1204 3091 1251 3146 is
1292 3091 1384 3160 qui
1424 3091 1636 3146 dicebat
1663 3090 1712 3125 "
1741 3109 1754 3146 :
1787 3109 1807 3144 ι
1837 3091 1969 3157 Quis

385 3195 486 3234 nos
517 3181 794 3250 separabit
839 3199 866 3236 a
898 3183 1161 3238 charitate
1185 3179 1436 3240 Christi?
1481 3198 1500 3231 ι
1530 3184 1742 3240 Etenim
1768 3186 1811 3241 si
1843 3200 1972 3241 vere

383 3272 634 3328 Christus
665 3289 763 3343 pro
792 3275 949 3330 nobis
981 3316 996 3338 ,
1029 3276 1094 3329 ad
1125 3276 1350 3330 nihilum
1386 3278 1648 3348 redigitur
1674 3279 1851 3332 ornuis
1877 3277 1968 3346 qui

383 3375 572 3419 contra
593 3380 688 3420 nos
715 3374 818 3420 est.
839 3367 894 3420 Si
918 3377 1097 3422 autem
1119 3369 1219 3422 ista
1244 3371 1429 3435 verba,
1453 3389 1470 3422 ι
1498 3373 1785 3436 vitaamem,
1815 3389 1835 3423 ι
1863 3387 1966 3425 nor.

382 3455 748 3525 intelligamus
774 3457 838 3510 de
863 3472 931 3512 eo
954 3460 1042 3528 qui
1075 3459 1152 3513 ait
1179 3461 1226 3493 ’θ
1262 3477 1275 3514 :
1304 3479 1322 3513 ι
1361 3461 1471 3532 Ego
1499 3478 1617 3516 sum
1649 3463 1788 3529 vita,
1821 3481 1842 3516 ι
1874 3463 1967 3517 sed

377 3547 709 3619 simpliciter
730 3548 796 3602 de
823 3552 1092 3605 communi
1123 3552 1254 3615 vita,
1281 3567 1389 3606 non
1424 3553 1529 3608 erit
1562 3554 1823 3609 Dominus
1846 3555 1968 3608 vitae

379 3651 678 3712 martyrum
711 3653 1006 3700 protector.
1037 3645 1177 3710 Quin
1201 3655 1255 3700 et
1294 3645 1513 3711 Paulus,
1545 3663 1665 3701 cum
1697 3647 1833 3702 dixit
1873 3666 1887 3702 :
1921 3647 1966 3679 ‘°

387 3751 406 3783 ι
449 3734 524 3787 Ita
558 3743 616 3788 ut
651 3735 1076 3790 destitueremur
1114 3737 1282 3791 etiarn
1313 3737 1446 3804 vita,
1480 3757 1500 3790 ι
1533 3739 1770 3793 divinam
1797 3738 1963 3793 vitam

379 3822 668 3879 intellexit.
699 3825 867 3880 Porro
889 3825 1234 3882 formidinem
1259 3844 1363 3883 non
1389 3830 1628 3897 patietur
1647 3830 1735 3899 qui
1758 3832 1870 3884 haec
1897 3845 1963 3884 ex

377 3914 577 3971 aﬂ’ectu
602 3919 752 3973 dicit.
771 3921 933 3991 632
953 3941 971 3973 ι
998 3921 1222 3976 Timidis
1240 3941 1258 3974 ι
1278 3921 1445 3985 enim,
1471 3921 1926 3977 secundumDomi
1948 3951 1962 3963 -

379 4025 532 4076 num,
568 4027 587 4061 ι
620 4026 746 4078 pars
769 4022 850 4067 est
882 4015 932 4067 in
961 4023 1150 4084 stagno
1182 4015 1320 4084 ignis
1347 4017 1412 4068 ⁶¹.
1458 4035 1475 4067 ι
1511 4014 1761 4088 lmpingit
1783 4026 1961 4072 autem

378 4102 559 4155 anima
611 4104 927 4169 caecutiens,
977 4115 1033 4159 et
1079 4107 1258 4160 omnia
1305 4109 1513 4172 metuit,
1573 4117 1732 4178 atque
1785 4111 1957 4180 ipsam

376 4194 539 4248 etiam
579 4195 668 4249 Dei
701 4195 1091 4264 professionem
1125 4198 1372 4267 negabit;
1399 4215 1430 4254 a
1463 4201 1570 4255 Deo
1600 4216 1727 4256 vero
1755 4201 1958 4256 illumi-

375 4297 523 4351 nata,
576 4285 810 4354 primum
859 4286 1078 4354 quidem
1125 4285 1465 4340 defensorem
1511 4302 1573 4342 ac
1618 4287 1958 4343 Salvatorem

374 4390 533 4430 suum
579 4377 980 4446 contemplatur
1001 4417 1016 4443 ,
1061 4378 1258 4432 deinde
1286 4393 1416 4433 vero
1447 4380 1745 4434 animosior
1780 4381 1961 4434 evadit

371 4478 560 4522 contra
584 4469 768 4524 hostes
792 4484 918 4524 suos
933 4508 952 4533 ,
973 4469 1086 4524 sive
1109 4469 1354 4524 homines
1374 4471 1487 4524 sint
1509 4472 1598 4538 qui
1623 4472 1788 4525 Deum
1813 4470 1961 4541 igno-

374 4569 520 4622 rant,
557 4560 672 4615 sive
703 4559 1009 4616 invisibiles
1049 4570 1348 4630 potestates
1369 4602 1382 4626 ,
1416 4562 1579 4616 habet
1607 4563 1748 4616 enim
1780 4562 1952 4631 ipsum

373 4651 570 4706 Filium
590 4653 893 4721 adiutorem
922 4671 937 4708 :
970 4669 1093 4708 nam
1135 4655 1188 4708 in
1226 4653 1492 4708 llebraico
1521 4655 1818 4724 exemplari
1849 4670 1953 4710 vox

370 4759 472 4812 qua
493 4744 810 4813 exprimitur
831 4764 848 4796 ‹
876 4746 1292 4811 salvatormeus,
1321 4759 1542 4800 momen
1559 4754 1640 4800 est
1659 4744 1954 4802 Salvatoris

369 4834 545 4888 nostri
591 4834 717 4890 Jesu
767 4836 1015 4902 Christi,
1071 4837 1357 4906 ipsissimis
1401 4839 1811 4893 character-ibus
1845 4840 1954 4895 He-

368 4925 570 4981 braicis
599 4941 942 4994 expressum,
974 4930 1168 4997 quibus
1202 4945 1396 4985 nomen
1425 4929 1582 4986 Jesus
1608 4931 1950 4988 describitur.

439 5013 606 5077 Vens.
645 5017 702 5070 2.
749 5016 888 5071 Dum
939 5021 1247 5088 appropiant
1289 5039 1446 5090 super
1471 5040 1551 5078 me
1586 5036 1860 5090 nocentes,
1892 5035 1950 5079 ut

365 5108 521 5162 edant
553 5125 737 5163 carnes
771 5125 963 5164 meas:
1005 5110 1094 5181 qui
1135 5112 1388 5167 tribu/ant
1437 5132 1516 5169 me
1560 5117 1761 5171 inimici
1805 5119 1943 5182 mei,

365 5202 468 5269 ipsi
486 5202 746 5270 infirmati
771 5213 912 5266 sunt,
947 5211 996 5256 et
1026 5205 1342 5271 ceciderunt,
1367 5217 1476 5261 etc.
1511 5207 1643 5263 Cum
1678 5217 1948 5264 tentantes

367 5296 434 5348 ad
461 5311 560 5349 nos
600 5296 870 5351 accedunt
897 5307 1174 5362 nocentes,
1197 5301 1557 5355 utcomedant
1587 5317 1806 5356 carnem
1830 5317 1949 5369 qua:

437 5392 483 5424 "
507 5462 516 5463 ί
541 5391 698 5448 Prov.
751 5409 849 5463 vn,
894 5394 981 5451 12.

358 5477 476 5528 xxI,
496 5462 546 5516 8.

437 5554 525 5636 (ϐ).
557 5554 1038 5636 Ὡςριγαμένου,
1080 5565 1186 5613 etc.
1237 5556 1464 5613 Sehcda:
1512 5557 1734 5623 Grabti,
1779 5561 1950 5614 codex

366 5624 615 5685 Cuislin.,
650 5625 944 5680 Barbarus.

439 5695 786 5767 (7)_’Esssu3'h
807 5696 1164 5765 εἰρττὶζοντο,
1198 5709 1303 5755 etc.
1343 5697 1570 5754 Scltedte
1611 5699 1820 5767 Grahii,
1856 5717 1952 5755 c0-

369 5763 474 5817 dcx
509 5763 1220 5826 Coisliniauus,Barbarus.

446 5835 521 5904 (8)
565 5835 618 5888 Ὀ
645 5836 911 5904 drive-ng
941 5837 1156 5910 ταῦτα,
1198 5849 1304 5896 etc.
1333 5840 1644 5909 Cordcrius,
1689 5853 1739 5896 et
1784 5841 1951 5896 codex

1083 5397 1126 5427 "
1154 5397 1349 5452 Genes.
1405 5413 1558 5462 xvm,
1587 5399 1676 5453 95.
1753 5399 1799 5431 ⁸⁸
1832 5401 1962 5454 Ιὶοιιι

2103 5402 2252 5468 ι,55.
2331 5399 2552 5456 "Joan.
2597 5415 2709 5466 xiv,
2761 5398 2813 5454 6.

2085 1984 2223 2054 μετά
2248 1983 2476 2047 ἀσεϐοῦς
2497 2000 2511 2047 ;
2543 1983 2652 2036 Kal
2675 1981 2826 2034 ἔσται
2849 1982 2876 2032 6
2895 1982 3102 2044 δίκαιος
3119 1982 3195 2044 ὡς
3218 1981 3430 2050 ἀσεϐής
3452 1995 3468 2042 ;
3493 1999 3513 2029 ι
3534 1981 3671 2048 Syr,-

2082 2078 2237 2130 στέον
2287 2078 2343 2130 δὲ
2389 2076 2563 2147 τούτῳ
2601 2075 2679 2145 τῷ
2725 2074 2873 2146 ῥητῷ
2914 2074 3051 2146 πρὸς
3085 2073 3341 2136 εὐλαϐεῖς
3390 2074 3595 2144 ἄνδρας
3634 2074 3661 2142 ἦ

2081 2171 2366 2237 γυναῖκας,
2405 2167 2679 2232 συζῶντας
2707 2167 2738 2237 ἦ
2767 2166 3030 2231 συζούσας
3061 2170 3273 2230 κακοῖς.

2158 2261 2268 2316 Τοῦ
2307 2259 2512 2314 αὑτοῦ.
2557 2281 2573 2311 ι
2612 2261 2675 2312 Ἠ
2705 2260 2857 2324 δεξιά
2893 2260 3072 2313 αὐτῶν
3107 2258 3359 2330 ἐπλήσθη
3411 2258 3620 2328 δώρων.
3643 2278 3659 2308 υ

2094 2349 2312 2420 Ἐπειδὴ
2342 2349 2746 2421 εἰργάζοντοίῖ)
2778 2350 3028 2425 ἀνομίαν,
3051 2349 3141 2404 διὰ
3171 2348 3336 2402 τοῦτο
3364 2350 3472 2419 τὴν
3501 2348 3662 2415 δεξιὰν

2078 2440 2256 2493 αὐτῶν
2280 2439 2550 2511 ἐπλήρουν
2574 2438 2781 2510 δώρων.

2631 2720 2922 2775 mmo}:
2960 2721 3106 2786 κςι.

2147 2817 2364 2884 Κύριος
2394 2815 2697 2884 φωτισμός
2717 2831 2836 2882 μου
2864 2813 2957 2866 καὶ
2986 2812 3191 2881 σωτήρ
3227 2830 3376 2882 μου,
3412 2813 3552 2866 τίνα
3572 2830 3660 2882 5:0-

2075 2908 2440 2978 σηθήσομαι;
2468 2909 2682 2976 Κύριος
2702 2903 3168 2974 ὑπερασπιστὴς
3197 2905 3314 2973 τῆς
3349 2904 3507 2973 ζωῆς
3534 2924 3657 2973 μου,

2073 3000 2192 3055 ἀπὸ
2227 3000 2388 3066 τίνος
2413 2999 2733 3062 (Saluiam;
2767 3017 2820 3053 κ.
2852 3016 2902 3050 τ.
2934 3000 2980 3051 ὲ.
3023 2999 3080 3050 ὐ
3111 2997 3364 3068 ἀνδρεῖος
3401 2997 3577 3051 ταῦτα
3593 2999 3656 3064 {8|

2073 3094 2191 3166 ἐρεῖ
2219 3094 2312 3146 καὶ
2352 3091 2550 3162 γνώσει
2597 3091 3028 3162 πεφωτισμένος,
3070 3091 3256 3154 ὁποῖος
3295 3086 3369 3161 ἦν
3409 3093 3441 3142 6
3475 3090 3654 3157 λέγων’

2079 3203 2097 3236 ι
2122 3184 2216 3248 Τίς
2249 3185 2396 3255 ἡμᾶς
2429 3183 2653 3255 χωρίσει
2699 3182 2806 3236 ἀπὸ
2833 3183 2932 3254 τῆς
2970 3183 3193 3254 ἀγάπης
3235 3182 3333 3236 τοῦ
3365 3181 3652 3253 Χριποῦν

2072 3279 2184 3333 Καὶ
2210 3278 2316 3350 γὰρ
2348 3279 2395 3330 εἰ
2425 3275 2640 3347 ἀληθῶς
2665 3278 2694 3329 ὁ
2732 3276 2964 3347 Χριστὸς
2997 3275 3136 3347 ὑπὲρ
3162 3277 3196 3345 ἡ
3207 3275 3350 3346 μῶν,
3379 3275 3659 3341 £50965»-

2070 3387 2160 3424 ται
2207 3371 2314 3434 πᾶς
2354 3371 2383 3422 6
2420 3367 2542 3422 καθ’
2575 3366 2751 3438 ἡμῶν.
2825 3365 2950 3419 Ἐἀν
2987 3366 3046 3419 δὲ
3086 3366 3158 3436 μὴ
3208 3366 3544 3435 ὲκλάεωμεν
3586 3366 3657 3426 τὲ,

2078 3481 2096 3512 ‹
2119 3461 2264 3531 ζωῆς
2297 3479 2418 3532 μου,
2446 3480 2463 3511 ι
2504 3460 2601 3512 ἐπὶ
2634 3458 2727 3511 τοῦ
2769 3457 3034 3522 εἰπέντος,
3058 3478 3076 3508 ι
3114 3456 3257 3525 Ἑγὼ
3274 3459 3392 3527 εἰμι
3421 3460 3456 3527 ἡ
3483 3457 3613 3528 ζωὴ,
3639 3477 3654 3506 ι

2071 3552 2184 3607 ἀλλ’
2205 3553 2297 3605 ἐπὶ
2323 3552 2422 3622 τῆς
2445 3549 2812 3619 ἁπλούστερον
2844 3551 3162 3620 νοουμένης,
3180 3551 3282 3604 ούκ
3307 3551 3470 3602 ἔσται
3501 3551 3658 3620 iamp-

2071 3647 2340 3716 ασπιστὴς
2383 3646 2482 3716 τῆς
2539 3643 2648 3696 τῶν
2685 3641 2977 3714 μαρτύρων
3011 3640 3156 3714 ζωῆς
3189 3645 3218 3696 6
3246 3643 3483 3714 Κύριος.
3512 3644 3658 3696 Καὶό

2072 3736 2283 3800 Παῦλος
2311 3735 2367 3788 δὲ
2413 3735 2608 3802 λέγων,
2658 3753 2676 3784 ι
2705 3734 2868 3784 Ὥστε
2913 3731 3324 3803 ἐξαπορηθῆναι
3372 3735 3532 3801 ἡμᾶς
3577 3731 3656 3783 καὶ

2069 3828 2164 3881 τοῦ
2183 3827 2304 3898 ζῇν,
2319 3846 2337 3877 ι
2356 3827 2454 3898 τὴν
2472 3825 2619 3879 θεῖαν
2642 3824 2793 3892 ἔλεγε
2818 3821 2982 3895 ζωήν.
3013 3823 3222 3876 Δειλίαν
3243 3824 3302 3877 δὲ
3322 3825 3382 3876 ού
3418 3825 3656 3876 πείσεται

2067 3923 2096 3974 6
2111 3919 2282 3972 ταῦτα
2296 3919 2466 3987 λέγων
2483 3921 2546 3972 ὲκ
2563 3917 2876 3980 διαθέσεως.
2897 3936 2913 3966 ι
2927 3917 3050 3981 Τοῖς
3063 3937 3079 3967 ι
3099 3916 3206 3988 γὰρ
3225 3938 3240 3966 ι
3253 3916 3480 3979 δειλοῖς,
3497 3938 3513 3966 ι
3531 3915 3655 3968 κατὰ

2067 4013 2158 4066 τὸν
2183 4011 2406 4083 Κύριον,
2435 4011 2520 4063 ιτὺ
2545 4009 2709 4081 μέρος
2731 4009 2787 4060 ὲν
2809 4012 2874 4080 τῇ
2900 4009 3066 4083 λίμνῃ
3088 4012 3183 4062 τοῦ
3212 4009 3408 4079 πυρός.
3437 4030 3456 4059 ι
3491 4011 3654 4080 Προσ-

2068 4105 2258 4158 κόπτει
2297 4103 2352 4156 δὲ
2383 4101 2528 4174 ψυχὴ
2570 4100 2974 4171 τυφλώττουσα,
3022 4103 3118 4153 καὶ
3161 4100 3341 4153 πάντα
3390 4100 3652 4169 φοϐεῖται.

2068 4196 2161 4247 καὶ
2196 4195 2294 4264 τὴν
2330 4197 2408 4257 εἰς
2439 4194 2569 4246 Θεὸν
2601 4193 2890 4262 ὁμολογίαν
2937 4194 3258 4264 ἀρνήσεται·
3304 4192 3416 4245 ὑπὸ
3443 4191 3580 4244 Θεοῦ
3605 4191 3654 4242 δὲ

2068 4287 2429 4358 φωτισθείσα,
2472 4289 2686 4360 πρῶτον
2730 4291 2826 4360 μὲν
2873 4290 2964 4342 τὸν
3009 4287 3295 4358 πρόμαχον
3347 4287 3530 4356 αὐτῆς
3569 4287 3654 4337 καὶ

2067 4379 2296 4452 Σωτῆρά
2335 4381 2450 4433 ἐστι
2493 4381 2791 4452 θεωροῦσα,
2838 4379 2976 4452 μετά
3012 4380 3068 4432 δὲ
3111 4379 3286 4432 ταῦτα
3328 4379 3444 4432 τῶν
3495 4379 3654 4448 αὐτῆς

2066 4471 2338 4541 πολεμίων
2361 4471 2712 4544 καταθαῤῥεῖ,
2742 4472 2851 4525 εἴτε
2890 4470 3021 4524 Θεὸν
3063 4468 3412 4536 ἀγνοούντων
3441 4468 3651 4538 ἀνθρὼ-

2063 4582 2202 4627 πων,
2236 4565 2345 4616 εἴτε
2383 4563 2662 4633 δυνάμεων
2699 4565 2966 4636 ἀοράτων,
3007 4564 3082 4625 ὼς
3119 4562 3280 4616 αὐτὸν
3324 4561 3530 4631 ἔχουσα
3573 4562 3656 4614 τὶν

2062 4657 2188 4710 Υἱὸν
2214 4656 2424 4727 βοηθόνο
2467 4657 2524 4710 ὲν
2552 4657 2660 4727 γὰρ
2689 4656 2861 4728 τούτῳ
2889 4655 2966 4727 τῷ
3010 4653 3284 4725 Ἐϐραῖκῷ
3311 4654 3391 4712 τὸ,
3433 4675 3451 4703 ι
3483 4655 3654 4723 sunt?

2066 4767 2220 4820 μου,ι
2267 4751 2434 4821 ὖνομα
2463 4750 2773 4819 γέγραπται
2823 4748 2916 4801 τοῦ
2963 4747 3218 4817 Σωτῆρος
3261 4745 3425 4816 ἡμῶν
3492 4743 3652 4814 Ἰηπῦ

2063 4841 2316 4913 Χριστοῦο
2369 4841 2434 4894 δι’
2473 4835 2547 4894 ὧν
2594 4841 2658 4894 ἄν
2696 4857 2779 4904 τις
2815 4842 2925 4902 τοῖς
2968 4838 3276 4910 Ἑϐραϊκοῖς
3313 4838 3653 4909 χαρακτῆρσι

2062 4937 2249 5008 γράψῃ
2288 4936 2378 4989 τὸν
2425 4935 2654 5006 Ἰησοῦν.

2145 5031 2247 5083 Ἑν
2273 5029 2352 5095 τῷ
2378 5027 2628 5099 ἐγγίζειν
2671 5028 2765 5081 ἐπ’
2793 5026 2898 5096 ἐμὲ
2930 5026 3274 5092 κακοῦντας
3303 5027 3413 5080 τοῦ
3444 5024 3654 5095 ξας-εῖτ

2053 5121 2159 5188 τὰς
2187 5121 2416 5188 σάρκας
2426 5138 2564 5190 μου·
2585 5124 2638 5174 οἱ
2667 5119 3060 5186 θλίϐοντέςμε
3086 5117 3184 5171 καὶ
3218 5121 3270 5171 οἱ
3291 5118 3501 5185 ἐχθροί
3519 5137 3648 5186 μευ,

2054 5215 2222 5267 αὐτοὶ
2255 5212 2612 5282 ἠσθένησαν
2647 5211 2744 5264 καὶ
2787 5210 3038 5273 ἕπεο-αν,
3081 5228 3136 5263 κ.
3183 5226 3232 5262 τ.
3279 5210 3328 5261 ὲ.
3377 5209 3514 5262 “Urs
3542 5226 3650 5260 πεεο

2059 5304 2345 5376 ραςόμενοι
2369 5303 2445 5375 (9)
2479 5303 2789 5373 ἐγγίζουσιν
2827 5304 2910 5371 ἐφ’
2937 5303 3082 5372 ἡμᾶς
3106 5301 3425 5364 κακοῦντες,
3461 5302 3650 5369 (pardi

2892 5399 2937 5431 σο
2966 5397 3010 5452 ιι
3042 5398 3167 5453 Cor.
3200 5415 3240 5463 1,
3270 5397 3325 5452 s.
3400 5396 3446 5426 σι
3481 5399 3645 5465 Apoc.

2061 5563 2427 5620 Coislinianus
2452 5579 2604 5618 num.
2641 5562 2763 5618 189.
2793 5560 2986 5616 Verum
3013 5559 3275 5616 nonnulla
3310 5559 3512 5614 iisdem
3540 5555 3645 5611 fere

2062 5636 2486 5710 verbisexstant
2515 5635 2656 5710 apud
2696 5632 3009 5686 Eusebium.
3053 5701 3088 5710 Λ
3149 5702 3160 5710 _
3277 5699 3312 5710 η
3352 5700 3363 5710 ¹
3398 5698 3434 5710 __
3488 5699 3500 5708 _

2065 5706 2208 5831 18δῦ)
2238 5708 2375 5761 Ὅτε
2421 5698 2842 5774 πειροζόμενοι,
2897 5712 2998 5758 etc.
3049 5701 3232 5755 Codex
3273 5698 3642 5754 Coislinianu
