3822 6500
183 417 307 475 ΙΞἺἹ

1117 412 1421 472 SELECTA
1460 412 1527 468 1N
1566 411 1901 468 PSALMOS.
1938 442 2007 452 —
2037 412 2235 468 PSAL.
2270 410 2458 467 XXVI.

3274 410 3405 463 1278

181 539 412 600 θέλοντες
438 536 531 607 τὴν
561 533 634 607 μὴ
656 534 957 605 δυναμένην
983 533 1385 604 κληρονομῆσαι
1418 530 1551 585 Θεοῦ
1585 532 1723 601 βασι-

1836 544 2058 599 regnum
2087 530 2180 585 Dei
2212 529 2533 584 baereditare
2566 542 2673 583 non
2703 535 2914 597 potest,
2949 534 3111 597 atque
3164 529 3408 583 nutrian-

178 630 315 684 λείαν
362 628 569 699 σάρκα,
618 632 711 684 καὶ
755 626 1028 697 τραφῆναι
1078 624 1168 692 ἀφ’
1216 618 1289 674 ὧν
1334 622 1734 693 ἁμαρτάνοντες

182 721 427 791 ποιοῦμεν
456 719 629 789 ἔργων
667 717 867 788 σαρκὸς
900 718 1089 787 ἑτέρας
1126 714 1289 785 οὔσης
1314 715 1463 785 παρὰ
1490 715 1583 785 τὴν
1606 714 1733 783 ὀψο-

183 812 337 881 μένην
378 810 555 881 σάρκα
601 809 661 861 τὸ
703 810 966 879 σωτήριον
1013 806 1105 859 τοῦ
1142 806 1296 859 Θεοῦο
1334 806 1426 858 καὶ
1464 807 1551 858 ὅτε
1586 807 1735 873 ἐγγί-

179 902 320 968 ζουσι
357 901 449 954 τοῦ
481 900 689 954 δικαίου
734 899 1046 962 κακοῦντες,
1070 898 1191 950 τότε
1233 898 1446 969 πρῶτον
1485 896 1734 950 ἀσθενοῦ-

181 1013 278 1060 σιν,
316 991 430 1047 εἶτα
474 994 781 1055 πίπτουσιν,
825 990 994 1061 αὐτῆς
1051 990 1148 1060 τῆς
1190 990 1332 1059 ἁφῆς
1368 986 1435 1061 ἦς
1472 989 1731 1042 ἅπτονται

176 1086 264 1140 τοῦ
306 1086 533 1149 δικαίου,
578 1084 911 1154 κολαζούσης
961 1084 1175 1147 αὐτοὺς,
1219 1082 1311 1135 καλ⁵
1356 1081 1598 1134 ἀσθενεῖν
1641 1081 1730 1133 καὶ

177 1177 384 1229 πίπτειν
424 1176 679 1244 ποιούσης
716 1172 929 1236 αὐτούς.

248 1269 351 1321 Τοῦ
388 1266 595 1321 αὐτοῦ.
639 1269 701 1319 Ei
736 1268 895 1336 ἡμεῖς
933 1266 1030 1328 τὰς
1068 1264 1160 1318 τοῦ
1203 1262 1564 1335 Χριστοῦ(10)
1598 1263 1728 1332 σάρ-

174 1375 269 1423 κας
305 1359 573 1428 ἐσθίομεν,
617 1358 661 1429 (t
708 1359 763 1411 Ὀ
804 1357 1072 1426 τρώγων»
1127 1355 1233 1425 γάρ
1290 1375 1307 1405 ι
1337 1372 1459 1425 μου,
1492 1373 1510 1404 ι
1564 1354 1724 1421 φησὶ,

177 1470 196 1502 t
222 1451 310 1520 τὴν
345 1451 541 1520 σάρκα,
566 1450 659 1501 καὶ
694 1448 861 1500 πίνων
902 1465 999 1517 μου
1038 1448 1097 1499 τὸ
1120 1444 1275 1517 αἷμα*
1293 1448 1348 1514 ι)
1376 1446 1474 1508 τάς
1514 1445 1569 1497 δὲ
1591 1446 1727 1513 ἠμε-

172 1542 327 1613 τέρας
357 1542 405 1593 οἱ
430 1540 696 1610 δαίμονες·
736 1542 942 1609 μήποτε
968 1541 1059 1592 καὶ
1092 1540 1191 1600 τὰς
1222 1536 1313 1590 τοῦ
1347 1534 1580 1607 Χριστοῦ
1619 1535 1726 1605 ἄρα

175 1634 371 1701 σάρκας
401 1634 449 1684 οἱ
476 1632 725 1701 δαίμονες
749 1630 1004 1693 ἐσθίουσι,
1030 1630 1125 1693 τὰς
1168 1631 1223 1680 ὲν
1260 1630 1390 1698 ἡμῖν
1414 1626 1611 1695 ἀρετὰς
1630 1624 1724 1677 καὶ

170 1722 234 1774 τὰ
260 1723 422 1795 ἀληθῆ
452 1724 692 1794 δόγματα
719 1720 1048 1792 διαφθείρειν
1075 1719 1479 1783 σπουδάζοντες·
1506 1717 1721 1784 λέγεται

170 1808 347 1883 γὰρτὸ
379 1831 394 1861 t
416 1817 607 1881 φαγεῖν
632 1832 648 1864 ι
676 1813 766 1866 καὶ
788 1813 880 1866 ἐπὶ
905 1813 996 1866 τοῦ
1020 1832 1035 1865 t
1058 1811 1403 1882 διαφθείρειν.
1421 1808 1713 1863 »υ-ιἘὰνι

169 1904 270 1974 γὰρ
317 1902 565 1973 (θέλητε,
594 1922 611 1953 ι
661 1902 845 1972 φησιν,
901 1902 1036 1955 «καὶ
1082 1900 1435 1971 εἱσακούσητέ

169 1996 337 2064 ἀγαθὰ
364 1996 461 2066 τῆς
500 1996 603 2065 γῆς
646 1996 901 2065 φάγεσθε.
948 1994 1071 2046 Ἐὰν
1109 1994 1165 2047 δὲ
1217 1994 1289 2064 μὴ
1338 1992 1548 2065 θέλητε,
1588 1994 1722 2065 μηδὲ

166 2086 509 2156 είσακούσητὲ
543 2103 676 2156 μοι),
725 2087 965 2157 μάχαιρα
1004 2087 1147 2154 ὑμᾶς
1177 2084 1475 2137 κατέδεται·
1517 2083 1577 2136 τὸ
1617 2084 1724 2154 γὰρ

168 2177 330 2247 στόμα
372 2178 574 2248 Κυρίου
615 2177 843 2248 ὲλάλησε
884 2176 1075 2230 ταῦτα.
1100 2195 1117 2226 ι
1180 2174 1441 2229 Ἐνταῦθα
1488 2175 1596 2245 γὰρ
1640 2175 1719 2239 τὸ,

170 2286 189 2318 ι
213 2268 537 2331 κατέδεται,›
567 2270 687 2322 ἀντὶ
707 2267 821 2328 τοῦ,
857 2266 1235 2337 (διαφθείρειη
1260 2268 1452 2319 κεῖται·
1481 2266 1722 2337 μάχαιρα

164 2360 268 2431 γὰρ
288 2362 480 2413 ἐσθίειν
502 2362 560 2414 ού
587 2361 843 2430 πέφυκεν.
875 2360 943 2411 Ἢ
980 2358 1077 2421 τὰς
1118 2360 1323 2429 σάρκας
1352 2358 1511 2428 ἡμῶν
1542 2357 1725 2425 λέγον-

160 2470 249 2506 ται
284 2453 476 2505 ἐσθίειν
510 2454 559 2505 oi
597 2452 845 2522 δαίμονες
886 2452 1005 2504 ἀντὶ
1040 2450 1132 2503 τοῦ
1173 2451 1239 2503 τὰ
1278 2452 1341 2502 ὲκ
1376 2450 1476 2520 τῆς
1524 2448 1723 2519 σαρκὸς

157 2543 416 2614 φυόμενα.
467 2561 484 2592 t
509 2540 719 2611 Φανερὰ
756 2540 813 2592 δέ
854 2542 968 2591 ἐστι
1020 2538 1088 2590 τὰ
1134 2538 1270 2609 ἔργα
1308 2538 1407 2607 τῆς
1445 2536 1665 2607 σαρκὸς,
1698 2554 1716 2585 ι

156 2640 185 2687 ὀ
221 2637 355 2705 ἱερὸς
388 2633 703 2696 Ἀπόστολός
732 2650 915 2702 φησιν,
944 2652 960 2681 ι
988 2630 1143 2684 ἅτινά
1168 2633 1283 2683 ἐστι
1308 2631 1559 2699 μοιχεῖαι,
1596 2642 1723 2698 πορι

156 2733 311 2789 νεῖαι,
338 2728 633 2795 ἀσέλγειαι,
667 2724 1119 2795 εἱδωλολατρείαι,
1148 2743 1164 2774 ι
1191 2723 1285 2777 καὶ
1322 2721 1388 2774 τὰ
1423 2720 1572 2791 ἑξῆς.

244 2819 380 2872 Ἐὰν
405 2817 809 2885 παρατάξηται
837 2816 928 2868 ἐπ’
963 2815 1067 2884 ἐμὲ
1107 2812 1473 2881 παρεμϐολὴ,
1509 2814 1578 2866 οὺ
1617 2829 1721 2881 ερο-

158 2910 475 2977 ϐηθήσεται
497 2911 532 2977 ή
556 2908 769 2975 καρδία
786 2925 925 2976 μου,
950 2925 1002 2960 κ.
1032 2924 1081 2958 τ.
1110 2908 1156 2958 ὲ.
1192 2906 1253 2957 'll
1278 2904 1591 2976 παρεμϐολὴ
1612 2904 1721 2972 (Η)

155 3004 373 3073 τοιαύτη
402 3004 569 3066 ἐστὶν,
610 3005 791 3063 ὁποῖος
813 3004 840 3053 ὁ
862 3004 919 3053 ὲν
950 3001 1139 3068 τάφοις
1172 2998 1333 3050 οἰκῶν
1370 2996 1588 3065 λεγεών.
1614 2995 1722 3049 Καὶ

153 3098 295 3167 τάχα
318 3095 427 3164 φῶς
463 3096 605 3147 ἐστιν
639 3094 799 3163 ἡτῶν
827 3092 1081 3145 ἐναντίων
1119 3089 1455 3160 παρεμϐολή.
1503 3088 1566 3140 Ἦ
1589 3105 1723 3159 καρ-

1839 630 1924 674 tur
1957 635 2020 675 ex
2066 620 2133 675 iis
2173 634 2290 688 qua:
2335 619 2607 687 peccando
2639 620 2898 682 facimus,
2935 619 3187 688 operibus
3226 620 3405 673 carnis

1835 713 1902 767 ab
1970 710 2057 765 illa
2118 710 2347 764 diversae
2395 723 2557 763 carne
2597 724 2716 777 qua:
2759 709 2962 763 videbit
2997 708 3240 763 salutare
3276 709 3399 774 Dei;

1836 807 1963 858 item
1994 801 2209 873 quando
2250 800 2514 855 accedunt
2561 808 2617 853 ut
2665 807 2882 869 tangant
2913 798 3116 867 justum
3148 808 3202 853 et
3231 800 3278 853 ei
3308 814 3404 854 no—

1833 905 2013 957 ceaut,
2069 902 2195 947 tunc
2246 892 2479 961 primum
2528 889 2895 955 intirmantur,
2944 891 3138 945 deinde
3168 892 3401 954 cadunt,

1834 1002 1952 1041 cum
1989 986 2105 1055 ipso
2146 993 2292 1037 tactu
2350 996 2457 1051 quo
2503 991 2729 1051 tangunt
2766 981 3005 1051 justum,
3046 982 3257 1051 ipsimct
3293 981 3403 1051 ple-

1832 1085 2063 1143 ctantur,
2094 1074 2429 1129 inﬁrmentur
2448 1080 2504 1127 et
2529 1079 2949 1141 prosternamur,

1906 1228 2178 1298 Ejusdem.
2221 1225 2276 1281 Si
2325 1238 2425 1280 nos
2466 1238 2661 1278 carnes
2704 1222 2907 1277 Christi
2941 1222 3271 1277 comedimus
3305 1220 3404 1293 (ait

1832 1321 1976 1376 enim
2029 1320 2074 1350 θ’
2123 1336 2136 1372 :
2198 1338 2216 1368 ι
2254 1315 2356 1382 Qui
2400 1314 2691 1369 manducat
2720 1330 2896 1369 meam
2922 1328 3161 1379 carnem,
3188 1324 3240 1368 et
3267 1313 3401 1367 bibit

1831 1427 2008 1468 meum
2052 1408 2365 1478 sanguinem
2394 1429 2409 1460 ι
2437 1407 2478 1477 ),
2511 1415 2565 1461 et
2614 1421 2805 1460 carnes
2862 1414 3074 1459 nostras
3131 1404 3402 1459 daemones

1828 1502 2153 1567 comedunt,
2206 1501 2325 1553 vide
2352 1514 2416 1552 ne
2439 1498 2580 1553 forte
2607 1508 2657 1552 et
2686 1496 2889 1552 Christi
2914 1509 3106 1550 carnes
3133 1496 3401 1551 daemones

1829 1595 2180 1657 manducent,
2202 1605 2322 1645 cum
2347 1590 2577 1643 virtutes
2605 1604 2725 1658 qua:
2747 1589 2799 1642 in
2828 1586 2983 1641 nobis
3013 1595 3158 1653 sunt,
3190 1596 3243 1640 et
3270 1602 3398 1641 vera

1825 1684 2075 1753 dogmata
2126 1680 2452 1738 labefactare
2505 1681 2720 1734 student
2746 1698 2759 1735 :
2792 1694 2914 1732 nam
2941 1686 2993 1732 et
3020 1696 3038 1729 t
3068 1678 3228 1732 edere
3255 1696 3274 1728 ι
3306 1691 3401 1746 pro

1824 1774 2149 1831 labefactare
2172 1773 2407 1843 ponitur.
2448 1791 2465 1824 t
2497 1771 2554 1826 Si
2583 1790 2601 1823 ι
2634 1772 2794 1837 enim,
2826 1772 3025 1841 inquit,
3060 1770 3104 1803 “
3140 1787 3159 1820 ι
3214 1770 3399 1825 volue-

1480 1860 1720 1969 μουζξέὰ
1756 1866 1795 1919 Β
1824 1866 1940 1920 ritis
1997 1872 2051 1920 et
2098 1864 2378 1919 audieritis
2410 1879 2530 1929 me,
2569 1862 2710 1918 bona
2756 1871 2913 1917 terrae
2969 1860 3283 1916 comedetis.
3341 1862 3397 1917 Si

1825 1966 2003 2011 autem
2070 1956 2351 2011 nolueritis
2402 1970 2501 2010 nec
2562 1954 2838 2009 audieritis
2884 1968 3000 2019 me,
3046 1953 3252 2022 gladius
3303 1969 3400 2009 vos

1825 2048 2100 2111 comedet,
2142 2061 2205 2103 os
2248 2047 2390 2101 enim
2431 2045 2638 2101 Domini
2674 2044 2909 2098 locutum
2938 2055 3020 2097 est
3052 2044 3171 2097 ista.
3217 2062 3235 2095 ι
3264 2042 3395 2096 Natu

1828 2138 1927 2191 hoc
1951 2136 2067 2192 loco
2095 2155 2112 2188 t
2142 2138 2389 2192 comedet
2411 2156 2429 2189 ι
2456 2151 2553 2206 pro
2580 2155 2597 2188 t
2626 2134 2931 2200 iuterficiet,
2968 2157 2984 2186 ι
3009 2134 3226 2204 ponitur
3252 2133 3398 2202 :gla-

1826 2225 1944 2278 dius
1993 2225 2134 2280 enim
2177 2236 2368 2279 natura
2412 2241 2516 2280 non
2577 2235 2734 2294 aptus
2773 2235 2856 2279 est
2889 2225 2953 2279 ad
2986 2225 3397 2279 comedendum.

1831 2314 1927 2369 Vel
1971 2330 2167 2371 carnes
2211 2325 2426 2371 nostras
2463 2316 2717 2371 dicuntur
2766 2315 3038 2370 daemones
3080 2316 3397 2380 comedere,

1824 2404 1927 2460 hoc
1956 2414 2060 2475 est,
2095 2422 2156 2461 ea
2182 2422 2299 2476 quae
2321 2422 2384 2462 ex
2412 2422 2575 2462 carne
2603 2416 2914 2461 nascuntur.
2947 2424 2967 2459 ι
3002 2406 3281 2461 Manifesta
3305 2421 3400 2460 au-

1826 2505 1930 2550 tem
1954 2504 2080 2550 sunt
2108 2511 2270 2565 opera
2304 2497 2501 2563 carnis,
2530 2516 2547 2547 ι
2588 2497 2758 2565 inquit
2788 2504 3006 2552 sanctas
3027 2497 3395 2567 Apostolus“,

1829 2604 1975 2659 «quae
1992 2599 2117 2643 sunt
2140 2588 2422 2653 adulteria,
2452 2588 2862 2655 fornicationes,
2885 2589 3251 2658 impudicitiae,
3283 2590 3397 2645 ido-

1824 2677 2071 2742 lolatriaa,
2094 2694 2112 2727 ι
2134 2683 2188 2729 et
2207 2690 2328 2748 quae
2349 2687 2672 2749 sequuntur.

1899 2836 2057 2891 Vens.
2104 2837 2155 2889 '5.
2211 2836 2268 2890 Si
2322 2838 2604 2891 consistant
2638 2837 2911 2891 adversum
2952 2853 3033 2890 me
3075 2844 3269 2903 castra,
3295 2852 3397 2890 non

1825 2929 2020 2982 timebit
2065 2945 2157 2982 cor
2190 2945 2385 2995 meum,
2424 2938 2530 2984 etc.
2570 2928 2757 2983 Castra
2787 2927 2904 2982 hazc
2937 2937 3060 2982 sunt
3094 2927 3392 2996 ejusmodi,

1830 3017 2007 3086 qualis
2054 3028 2170 3072 erat
2213 3018 2353 3088 legio
2401 3033 2519 3087 qua:
2560 3019 2611 3071 in
2652 3019 2915 3088 sepulcris
2950 3019 3283 3071 morabatur.
3330 3016 3398 3071 Et

1828 3101 1963 3157 forte
2008 3102 2095 3157 lux
2138 3112 2261 3157 sunt
2301 3113 2481 3159 castra
2528 3106 2986 3161 adversariorum.
3021 3105 3129 3160 Cor
3166 3115 3346 3160 autem
3373 3144 3391 3169 ,

153 3191 246 3243 δία
295 3190 367 3253 δὲ,
420 3186 660 3240 τουτέστι
705 3186 765 3238 τὸ
814 3182 1168 3255 ἡγεμονικὸν,
1222 3180 1281 3234 ού
1337 3179 1718 3250 φοϐηθήσεται’

1836 3192 1877 3247 id
1912 3203 1994 3248 est
2027 3194 2293 3264 prtecipua
2325 3197 2516 3250 anima:
2546 3212 2671 3267 pars
2693 3238 2707 3263 ,
2742 3213 2844 3252 non
2878 3197 3104 3259 timebit,
3136 3197 3390 3266 quoniam

153 3281 276 3332 ἐπεὶ
317 3280 377 3331 τὸ
416 3279 666 3348 φρόνημα
706 3276 877 3344 αὐτῆς
934 3274 1103 3344 ἔχθρα
1141 3275 1287 3325 ἐστιν
1333 3274 1412 3334 είς
1452 3271 1604 3335 Θεὸν,
1646 3270 1723 3340 τῷ

150 3370 299 3440 νόμῳ
333 3370 421 3423 τοῦ
458 3368 591 3421 Θεοῦ
617 3370 713 3437 οὺχ
734 3366 1197 3435 ὑποτασσομὲνης,
1230 3384 1247 3413 ι
1285 3364 1411 3417 Ἐὰν
1448 3363 1720 3432 ἐπαναστῇ

151 3462 243 3513 ἐπ’
267 3460 363 3529 ἐμὲ
394 3458 646 3527 πόλεμος,
679 3478 696 3507 ι
726 3457 819 3509 καὶ
842 3455 904 3507 τὰ
945 3454 1089 3523 ἑξῆς.
1135 3453 1293 3507 Κατὰ
1326 3452 1483 3505 τοῦτο
1517 3451 1722 3506 δέδοται

149 3552 469 3621 ἀνακλήτως
508 3549 745 3611 ἐλπίζειν
787 3550 843 3600 ὲν
877 3549 942 3616 τῇ
988 3547 1203 3617 καρδίᾳ.

231 3641 337 3693 Τοῦ
367 3637 572 3693 αὑτοῦ.
618 3640 675 3690 '0
710 3638 807 3707 μὲν
853 3636 1153 3706 πρακτικὸς
1191 3636 1297 3707 (12)
1335 3635 1422 3689 διὰ
1456 3634 1561 3687 τῶν
1599 3636 1724 3706 ἀρε-

144 3733 261 3786 τῶν
289 3732 587 3801 πολεμείτω
618 3732 727 3792 τοῖς
756 3727 1087 3796 ἀλλοφύλοις·
1124 3730 1152 3780 ὁ
1176 3728 1232 3780 δὲ
1261 3727 1587 3797 θεωρητικὸς
1612 3730 1722 3791 τοῖς

145 3825 373 3895 ἀληθέσι
413 3824 641 3893 δόγμασι
672 3822 921 3891 καθαιρεῖ
952 3820 1010 3872 τὸ
1056 3822 1161 3872 πᾶν
1209 3818 1406 3889 ὕψωμα
1451 3818 1589 3871 κατὰ
1626 3819 1722 3888 τῆς

146 3915 245 3967 τοῦ
278 3914 410 3967 Θεοῦ
444 3913 695 3982 γνώσεως
723 3910 1100 3981 ἐπαιρόμενον.
1139 3910 1382 3980 Καρδίαν
1411 3909 1466 3961 δὲ
1493 3909 1553 3961 τὸ
1592 3912 1721 3979 ἡγε-

149 4007 372 4080 μονικὸν
418 4006 601 4071 λέγει,
657 4005 794 4074 ὅπερ
845 4003 904 4054 οὐ
953 4001 1340 4071 φοϐηθήσεται.
1376 4002 1527 4070 Τάχα
1554 4001 1719 4072 γὰρὴ

144 4099 497 4167 ἀσθενήσασα
552 4095 686 4165 σὰρξ
746 4093 1132 4164 φοϐηθήσεται,
1191 4093 1312 4145 ἐπεὶ
1351 4091 1409 4144 τὸ
1468 4092 1722 4164 φρόνημα

146 4191 321 4260 αὐτῆς
348 4189 538 4259 ἐχθρόν
576 4189 724 4239 ἐστιν
753 4188 831 4249 εἰς
860 4186 1011 4248 Θεὸν,
1041 4184 1117 4255 τῷ
1146 4185 1292 4255 νόμῳ
1320 4181 1410 4236 τοῦ
1442 4182 1576 4236 Θεοῦ
1624 4185 1722 4253 οὐχ

144 4284 177 4335 ὑ
188 4280 615 4350 ποτασσομένης.

219 4374 324 4428 Τοῦ
359 4372 543 4425 αὑτοῦ.
594 4371 728 4424 Ἐὰν
757 4367 1068 4437 ἐπαναστῇ
1097 4368 1187 4421 ἐπ’
1214 4367 1318 4437 ἐμὲ
1346 4368 1626 4436 πόλεμος,
1654 4366 1722 4418 ἐν

137 4466 332 4530 ταύτῃ
376 4461 489 4531 ἐγὼ
527 4454 758 4519 ἐλπίζω.
807 4459 895 4510 Ἐν
929 4461 993 4529 τῇ
1030 4458 1246 4529 καρδίᾳ.
1289 4457 1589 4526 Ἐφωτίσθη
1614 4456 1720 4526 γὰρ

1827 3286 2108 3353 prudentia
2152 3286 2319 3355 ipsius
2363 3288 2581 3342 inimica
2613 3299 2696 3344 est
2732 3288 2862 3352 Deo,
2904 3302 3079 3357 neque
3106 3287 3250 3342 enim
3290 3285 3393 3356 legi

1828 3373 1919 3427 Dei
1946 3374 2243 3443 subjectum
2274 3386 2375 3430 est.
2416 3396 2432 3427 ι
2470 3377 2526 3432 Si
2554 3388 2811 3447 exsurgat
2836 3381 3119 3431 adversum
3146 3390 3231 3430 me
3255 3391 3396 3445 pra:-

1828 3466 1977 3529 lium,
2037 3487 2056 3519 ι
2109 3474 2211 3523 etc.
2264 3466 2572 3523 Secundum
2618 3470 2721 3525 ltoc
2755 3469 2951 3524 alacris
2984 3469 3036 3521 in
3077 3468 3239 3522 corde
3272 3481 3396 3536 spes

1826 3554 1945 3608 data
1973 3565 2078 3610 est.

1893 3645 2052 3715 633
2074 3645 2343 3715 Ejusdem.
2369 3648 2467 3715 Qui
2491 3650 2655 3705 vitam
2679 3651 2910 3705 activam
2930 3649 3195 3718 sequitur,
3216 3649 3259 3703 is
3278 3648 3388 3703 vir-

1824 3738 2027 3791 tutibus
2054 3739 2169 3792 suis
2190 3739 2388 3795 bellum
2408 3748 2561 3809 gerat
2580 3756 2700 3794 cum
2719 3740 3068 3810 alienigenis;
3098 3741 3187 3810 qui
3206 3750 3385 3795 autem

1824 3830 2326 3899 contemplativam,
2360 3833 2403 3886 is
2432 3834 2577 3886 veris
2602 3833 2948 3902 dogmatibus
2980 3843 3137 3888 utens
3168 3848 3385 3888 omnem

1826 3920 2162 3974 altitudinem
2193 3936 2310 3989 qua:
2342 3932 2527 3975 contra
2561 3923 2651 3976 Dei
2689 3923 3053 3991 cognitionem
3087 3922 3390 3987 extollitur,

1825 4010 2072 4064 destruit.
2111 4010 2218 4065 Cor
2256 4020 2436 4065 autem
2472 4023 2628 4066 vocat
2662 4014 2990 4081 prtecipuam
3041 4013 3234 4066 animae
3267 4028 3393 4082 par-

1827 4110 1932 4155 tem
1958 4141 1973 4162 .
2005 4117 2125 4169 quae
2164 4117 2268 4156 non
2308 4103 2534 4158 timebit.
2570 4103 2732 4157 Forte
2777 4105 2920 4158 enim
2966 4103 3234 4157 infirmata
3265 4118 3393 4158 caro

1826 4192 2069 4256 timebit,
2102 4193 2358 4261 quoniam
2413 4194 2529 4261 ejus
2569 4196 2833 4264 sapientia
2860 4196 3077 4251 inimica
3112 4204 3195 4252 est
3237 4195 3387 4263 Deo;

1827 4298 1998 4351 neque
2027 4284 2169 4337 enim
2202 4282 2306 4353 legi
2336 4284 2425 4338 Dei
2456 4285 2760 4355 subjicitur.

1893 4374 2173 4444 Ejusdem.
2213 4373 2276 4429 Si
2308 4384 2555 4440 exsurgat
2601 4377 2877 4430 adversum
2917 4392 2996 4429 me
3037 4376 3299 4444 prwlium,
3337 4377 3391 4430 in

1824 4466 1919 4519 hoc
1946 4482 2037 4535 ego
2070 4468 2287 4535 sperabo
2308 4505 2323 4530 ,
2352 4478 2459 4520 etc.
2498 4467 2549 4519 lu
2594 4468 2755 4520 corde
2790 4467 3065 4519 nimirum.
3114 4464 3389 4521 lllumina-

140 4559 205 4609 ὲν
233 4554 407 4626 ταύτῃ
431 4555 494 4623 τῇ
528 4550 747 4622 βοηθείᾳ
770 4546 837 4619 ἧς
863 4552 1056 4619 πεῖραν
1082 4549 1291 4612 ἔλαϐον,
1321 4548 1441 4600 ὃθεν
1467 4548 1588 4600 οὐδὲ
1626 4547 1719 4599 ἄλ-

1836 4571 1933 4607 .um
1960 4564 2042 4609 est
2068 4556 2210 4610 enim
2243 4556 2343 4610 hoc
2376 4556 2576 4609 auxilio
2612 4556 2756 4624 quod
2793 4566 3050 4624 expertus
3075 4572 3216 4622 sum,
3251 4558 3391 4613 unde

136 4646 244 4712 λην
287 4643 505 4696 πλείονα
547 4640 847 4712 παράταξιν
876 4640 1121 4701 δέδοικα,
1166 4637 1471 4708 σκεπούσης
1512 4656 1577 4709 με
1617 4639 1718 4708 τῆς

134 4735 402 4805 τοιαύτης
439 4733 705 4803 βοηθείας.

212 4825 377 4878 Μίαν
426 4822 743 4890 ᾐτησάμην
800 4820 961 4888 παρὰ
1010 4820 1253 4887 Κυρίου,
1301 4820 1525 4886 ταύτην
1551 4820 1717 4888 ἐκζη-

128 4913 332 4979 τήσαν
368 4912 473 4964 τοῦ
530 4910 827 4965 κατοικεῖν
861 4928 938 4979 με
977 4910 1046 4961 ἐν
1089 4910 1231 4972 οἴκῳ
1261 4910 1480 4977 Κυρίου
1518 4912 1721 4979 πάσας

129 5006 251 5071 τὰς
302 5003 525 5072 ἡμέρας
559 5003 669 5071 τῆς
711 5002 859 5070 ζωῆς
895 5020 1035 5072 μου,
1074 5002 1182 5056 τοῦ
1226 5002 1463 5069 θεωρεῖν
1496 5021 1572 5072 με
1608 5005 1721 5071 τὴν

129 5098 518 5166 τερπνότητα
546 5096 765 5162 Κυρίου
784 5133 798 5156 ,
834 5095 929 5147 καὶ
952 5093 1415 5147 ἐπισκέπτεσθαι
1446 5097 1553 5147 τὸν
1574 5095 1723 5148 ναὸν

104 5189 353 5259 αὑτοῦ·
390 5188 477 5240 ὅτι
504 5186 732 5254 ἔκρυψέ
747 5203 823 5254 με
868 5186 937 5238 ἐν
976 5182 1173 5253 σκηνῇ
1206 5184 1390 5239 αὑτοῦ
1421 5186 1491 5238 ἐν
1531 5186 1719 5255 ἡμέρᾳ

125 5278 350 5333 κακῶν
368 5296 485 5347 μου
506 5318 520 5341 ,
549 5276 853 5330 ἐσκέπασέ
881 5292 957 5344 με
998 5276 1067 5328 ἐν
1085 5277 1408 5344 ἀποκρύφῳ
1430 5276 1538 5343 τῆς
1564 5292 1711 5344 σκη-

122 5370 259 5440 νῆς
284 5370 495 5425 αὐτοῦ·
520 5370 589 5421 ἐν
609 5368 793 5436 πέτρῃ
819 5367 1027 5435 ὕψωσέ
1042 5384 1136 5435 με.
1168 5366 1579 5437 Μεμαθήκαμεν
1605 5369 1711 5439 (15)

192 5491 244 5521 θ’
279 5488 633 5558 Joan.w,55.
712 5485 1051 5555 83lsai.t,19,
1080 5483 1169 5538 20.
1246 5483 1290 5513 “
1318 5482 1500 5550 Gal.r,
1530 5485 1614 5539 l9.

210 5624 335 5696 (1οὶ
360 5626 431 5678 El
456 5625 623 5694 ἡμεῖς
640 5624 745 5690 τὰς
773 5624 1165 5692 τοῦΧριστοῦ,
1199 5635 1303 5679 etc.
1344 5623 1569 5680 Schedae
1589 5624 1719 5677 Gra-

112 5699 232 5759 Ιιὶἰ,
263 5698 439 5749 codex
463 5696 851 5762 Coisliuianus,
885 5696 1175 5749 Barbarus.

203 5768 257 5831 (Ι
278 5767 334 5830 1)
370 5765 432 5815 Ἡ
455 5764 820 5834 παρεμϐολή,
847 5775 956 5819 etc.
989 5766 1299 5819 Corderins.

200 5834 331 5907 (1‘2)
370 5834 425 5887 Ὀ
447 5833 562 5904 μὲν
588 5836 926 5903 πρακτικός,
955 5847 1060 5893 etc.
1091 5833 1530 5902 SchedaeGrabii,
1548 5837 1710 5894 codex

1822 4660 1921 4699 nec
1947 4646 2175 4699 alterum
2208 4646 2467 4715 majorem
2498 4647 2840 4700 inimicorum
2877 4648 3171 4702 exercitum
3204 4648 3390 4713 timeo,

1820 4750 1943 4788 cum
1974 4734 2237 4802 ejusmodi
2266 4750 2351 4788 me
2383 4734 2642 4787 auxilium
2672 4743 2941 4803 protegat.

1896 4826 2059 4881 Vens.
2091 4826 2145 4888 4,
2175 4826 2227 4887 5,
2266 4826 2318 4881 6.
2364 4823 2534 4877 Unam
2559 4826 2685 4893 petii
2712 4842 2743 4877 a
2777 4825 3022 4893 Domino,
3047 4826 3182 4880 hanc
3211 4828 3387 4899 requi-

1819 4934 1955 4982 ram,
2008 4928 2061 4970 ut
2110 4918 2393 4970 inhabilem
2422 4918 2474 4970 in
2502 4919 2655 4970 domo
2691 4918 2902 4971 Domini
2944 4919 3185 4972 omnibus
3209 4921 3388 4973 diebus

1818 5011 1938 5063 vita:
1971 5025 2132 5073 mete;
2169 5018 2223 5061 ut
2258 5010 2459 5062 rideant
2496 5009 2806 5078 voluptatem
2835 5009 3080 5074 Domini,
3111 5021 3158 5064 et
3189 5012 3385 5064 visitant

1822 5101 2066 5169 templum
2097 5100 2208 5167 ejus
2232 5117 2251 5163 ;
2280 5101 2530 5170 quoniam
2566 5102 2833 5155 abscondit
2859 5118 2940 5154 me
2966 5102 3020 5154 in
3053 5101 3389 5154 tabernaculo

1827 5209 1921 5244 suo
1972 5192 2023 5245 in
2059 5194 2145 5245 die
2174 5191 2432 5245 malorum
2463 5233 2477 5259 ,
2507 5196 2734 5261 protexit
2765 5211 2845 5246 me
2881 5196 2935 5247 in
2966 5194 3271 5247 abscondito
3308 5202 3391 5247 ta-

1831 5282 2097 5335 bernaculi
2128 5284 2248 5342 sui;
2279 5284 2507 5352 inpetra
2540 5284 2787 5338 exaltari!
2816 5301 2914 5349 tne,
2953 5292 3059 5337 etc.
3095 5282 3391 5337 Didicimus

1832 5374 2048 5432 domum
2093 5375 2307 5430 Domini
2343 5377 2447 5431 dici
2476 5375 2771 5433 Ecclesium
2807 5375 2899 5430 Dei
2936 5374 3186 5441 viventis,
3218 5388 3283 5428 ex
3313 5373 3390 5427 la-

1824 5630 2205 5691 Coislinianus,
2251 5626 2545 5681 Barbarus.

1896 5702 2005 5770 (15l
2050 5686 2504 5770 Μεμὲιθιξκαμεν,
2536 5702 2643 5770 etc.
2676 5688 2968 5746 Corderius
3009 5686 3250 5759 Origeui,
3279 5686 3378 5742 Ca-

1824 5762 1946 5826 tena
1978 5770 2205 5827 Barbari
2234 5762 2455 5833 Didyina
2482 5762 2684 5817 tribuit.
