3986 6384
477 326 610 383 1279

1908 324 1999 379 EX
2031 322 2332 381 ORIGENE

3567 328 3714 385 1280

469 436 686 508 pidibus
718 434 875 491 vivis.
907 434 1040 491 Cum
1088 452 1215 494 vero
1249 446 1306 493 et
1347 437 1652 510 benignitas
1683 446 1738 493 et
1773 437 2019 493 severita:

2141 429 2285 490 οἷκον
2315 436 2521 507 Κυρίου
2549 435 2798 506 λέγεσθαι
2828 435 2924 506 τὴν
2962 435 3284 508 Ἐκκλησίαν
3319 434 3454 490 Θεοῦ
3484 437 3713 506 ζῶντος,

471 529 719 598 ηυίεάεηι
749 528 820 582 sit
847 527 962 592 Dei,
1001 529 1092 598 qui
1127 529 1376 584 habitant
1410 532 1464 584 in
1495 530 1658 584 domo
1689 528 1924 595 Domini,
1959 530 2038 584 vi-

469 619 678 674 tlebunt
707 619 760 672 in
813 619 1056 675 bonitate
1106 620 1195 676 Dei
1247 619 1681 688 jucunditatem;
1714 621 1806 691 qui
1856 631 2034 675 autem

467 719 622 764 extra
651 710 869 765 domum
896 711 1016 780 ejus
1042 722 1198 777 sunt,
1230 717 1574 768 severitatem
1608 713 1724 782 ejus
1752 715 2036 784 experien-

470 805 574 853 tur.
605 799 864 856 Advertes
901 813 1076 857 autem
1104 818 1231 857 num
1265 801 1479 857 diﬂ‘erat
1512 803 1767 872 templum
1800 803 2032 869 Domini,

467 905 498 941 a
534 890 691 944 domo
727 892 980 957 Domini,
1029 902 1085 947 et
1133 909 1259 947 num
1295 894 1487 949 domus
1526 895 1596 948 sit
1640 895 1879 950 Ecclesia
1914 911 2034 964 quae

468 989 672 1047 spectet
713 983 869 1037 simul
919 985 986 1038 ad
1047 983 1262 1040 Levitas
1307 995 1363 1040 et
1406 989 1736 1042 sacerdotes.
1786 985 2032 1041 Primum

468 1072 685 1139 quidem
715 1074 765 1125 in
801 1074 888 1128 die
917 1073 1181 1129 maiorum
1219 1076 1567 1131 absconditur
1593 1077 1714 1145 quis
1738 1093 1766 1130 a
1804 1076 2034 1132 Domino

465 1160 521 1215 in
559 1163 650 1216 Dei
704 1163 1078 1228 tabernaculo,
1121 1166 1314 1220 deinde
1366 1166 1670 1237 protegitur
1704 1167 1755 1220 in
1806 1168 2034 1221 abscon-

463 1253 579 1310 dito
605 1255 934 1312 tabernaculi
962 1259 1152 1328 ipsius,
1189 1261 1344 1314 tertio
1369 1259 1584 1314 demum
1611 1259 1661 1314 in
1691 1269 1844 1330 petra
1880 1260 2035 1315 exal-

464 1354 634 1402 tatur.
662 1347 803 1403 Petit
834 1351 1018 1421 itaque
1048 1361 1103 1406 ut
1136 1353 1189 1406 in
1223 1351 1460 1406 Ecclesia
1494 1351 1757 1407 inhabitet
1787 1355 2033 1407 curando

463 1450 556 1492 res
601 1439 1005 1496 ecclesiasticas
1052 1443 1304 1498 omnibus
1336 1443 1526 1499 diebus
1559 1444 1876 1499 illuminatae
1911 1446 2031 1499 vitae

462 1539 597 1581 sitae.
626 1525 682 1581 lu
721 1536 887 1596 terra,
927 1530 1123 1601 inquit,
1160 1546 1406 1599 manens,
1439 1533 1653 1588 tametsi
1686 1533 1870 1589 multis
1897 1610 1905 1618 _
1929 1537 2029 1589 bo-

463 1615 550 1670 nis
580 1631 802 1687 egeam,
851 1635 1014 1674 unum
1055 1623 1316 1678 hactenus
1346 1633 1490 1692 peto.
1544 1624 1676 1680 Cum
1714 1627 1859 1682 enim
1893 1615 2028 1682 con-

462 1706 642 1764 fertim
693 1711 745 1765 in
779 1713 1032 1769 omnibus
1078 1714 1233 1771 bonis
1271 1718 1474 1773 versari
1507 1733 1800 1788 nequeam.
1828 1735 1895 1775 ne
1925 1722 2028 1774 sal-

2139 529 2203 581 ὲκ
2229 526 2389 581 λίθων
2415 527 2649 591 ζώντων.
2687 525 2865 599 Οὔσης
2903 527 2960 581 δὲ
3000 529 3094 582 καὶ
3133 529 3514 598 χρηστότητος,
3541 528 3716 599 οῦς-ης

2137 618 2192 672 δὲ
2227 618 2318 672 καὶ
2347 618 2648 689 ἀποτομίας
2679 617 2813 671 Θεοῦ
2833 657 2849 682 ,
2878 620 2927 671 οἱ
2953 619 3050 689 μὲν
3084 619 3458 681 κατοικοῦντες
3491 621 3550 672 ὲν
3573 621 3714 690 οἴκῳ

2137 709 2341 781 Κυρίου
2381 709 2600 778 ὄψονται
2631 711 2728 782 τὴν
2763 712 2821 763 ἐν
2846 713 2912 780 τῇ
2939 710 3265 782 χρηστότητι
3294 708 3387 762 τοῦ
3422 709 3558 762 Θεοῦ
3586 727 3716 782 τερ-

2137 803 2396 874 πνότηταο
2430 805 2478 856 oi
2506 804 2561 856 δὲ
2593 803 2696 870 ἔξω
2716 803 2808 857 τοῦ
2831 803 2980 856 οἴκου
3007 803 3364 871 τυγχάνοντες
3386 802 3488 872 τῆς
3505 805 3713 856 ἀποτο-

2139 892 2265 962 μίας
2294 893 2456 946 αὐτοῦ
2494 895 2687 964 πεῖραν
2736 891 3014 963 λήψονται.
3052 891 3114 943 Εἰ
3161 889 3407 962 διαφέρει
3460 892 3517 944 δὲ
3580 891 3713 954 ναὸς

2135 984 2340 1055 Κυρίου
2375 985 2467 1038 καὶ
2496 980 2643 1048 οἶκος
2672 985 2874 1056 Κυρίου
2899 985 3228 1056 ἐπιστήσεις,
3251 985 3343 1037 καὶ
3371 987 3418 1036 εί
3439 979 3586 1046 οἶκος
3609 984 3712 1052 μὲν

2133 1076 2166 1145 ἡ
2215 1075 2504 1147 Ἐκκλησία
2535 1077 2809 1145 ἀναλόγως
2845 1077 3095 1140 Λευῖταις
3135 1078 3228 1129 καὶ
3271 1075 3497 1146 ἱερεῦσι.
3541 1075 3708 1145 Πρῶ·

2133 1183 2222 1219 τον
2251 1169 2307 1220 ὲν
2345 1170 2410 1238 τῇ
2445 1171 2614 1239 σκηνῇ
2662 1167 2756 1221 τοῦ
2801 1167 2934 1220 Θεοῦ
2974 1167 3270 1239 κρύπτεταί
3306 1184 3392 1230 τις
3426 1167 3485 1218 ὲν
3521 1166 3711 1236 ἡμέρα

2133 1258 2318 1312 κακῶν
2353 1259 2460 1313 ἀπὸ
2497 1259 2734 1331 Κυρίου,
2771 1239 2900 1312 ἐἶτα
2943 1260 3272 1324 σκεπάζεται
3307 1260 3366 1311 ὲν
3401 1257 3711 1329 ἀποκρύφῳ

2131 1349 2230 1419 τῆς
2273 1350 2474 1422 σκηνῆς
2509 1347 2706 1414 αὑτοῦ,
2757 1351 2850 1404 καὶ
2894 1351 3074 1424 τρίτον
3113 1352 3170 1402 ἐν
3221 1348 3396 1420 πέτρα
3453 1349 3706 1418 ὑψοῦται.

2131 1442 2282 1494 Ales!
2341 1442 2517 1495 τοίνυν
2555 1443 2652 1513 τὴν
2693 1442 3013 1513 Ἐκκλησίαν
3049 1443 3216 1495 οἰκεῖν
3243 1440 3329 1495 ea
3363 1439 3457 1495 τοῦ
3486 1442 3708 1509 φρονεῖν

2129 1527 2200 1580 τά
2255 1528 2685 1600 ἐκκλησιαστικά
2744 1532 2923 1592 πάσας
2970 1529 3069 1593 τὰς
3112 1530 3322 1602 ἡμέρας
3375 1530 3471 1600 τῆς
3513 1545 3708 1597 πεφω-

2129 1619 2386 1690 τισμένης
2416 1619 2578 1672 αὑτοῦ
2614 1618 2777 1691 ζωῆς.
2827 1621 2950 1673 Ἐπὶ
2985 1620 3108 1692 γῆς,
3141 1621 3295 1690 φησὶ,
3313 1621 3618 1690 τυγχάνων,
3655 1620 3708 1672 ει

2130 1711 2220 1764 καὶ
2251 1712 2454 1766 πολλῶν
2506 1712 2585 1765 δεῖ
2635 1729 2724 1782 μοι
2755 1711 2861 1764 τῶν
2889 1711 3131 1779 ἀγαθῶν,
3164 1711 3289 1781 μίαν
3315 1710 3530 1781 αἴτησιν
3562 1709 3706 1772 τέως

463 1807 572 1854 tem
604 1799 704 1854 hoc
730 1816 816 1856 me
839 1802 1054 1859 deﬁciat
1079 1807 1219 1874 quod
1252 1823 1503 1878 magnum
1545 1818 1599 1865 et
1627 1811 1886 1866 eximium
1918 1823 2019 1881 est,

2129 1802 2280 1856 αἰτῶ.
2326 1802 2558 1874 Ἀορόως
2604 1803 2711 1876 γὰρ
2758 1805 2816 1859 ἐν
2868 1807 3030 1859 πᾶσιν
3068 1807 3166 1876 οὐχ
3197 1798 3306 1856 οἷόν
3343 1819 3402 1855 τε
3441 1801 3704 1870 γενέσθαι

464 1903 486 1938 ι
513 1896 570 1942 ut
601 1889 833 1957 videam,
866 1910 885 1944 ι
928 1902 1033 1948 etc.
1087 1895 1186 1962 Qui
1223 1906 1405 1952 autem
1437 1899 1614 1967 diligit
1645 1901 1894 1956 decorem
1928 1903 2028 1958 do-

460 1991 581 2031 mus
605 1977 840 2049 Domini,
869 1983 1102 2040 dulciter
1125 1987 1244 2055 ejus
1271 2002 1564 2058 conspectu
1600 1991 1702 2046 lrui
1730 1994 2021 2060 desiderat,

457 2075 514 2122 et
548 2079 668 2138 post
713 2076 1225 2146 contemplationem
1254 2119 1270 2147 ,
1309 2080 1544 2136 invisere
1585 2086 1836 2153 templum
1885 2087 2023 2156 ejus.

455 2157 627 2217 Porro
663 2162 707 2218 is
731 2166 875 2222 videt
899 2167 1296 2237 jucunditatem
1330 2171 1542 2227 Domini
1574 2175 1668 2243 qui
1708 2175 2025 2235 fundamen-

458 2251 584 2307 talia
633 2253 886 2313 Ecclesia:
945 2259 1196 2330 dogmata
1239 2263 1516 2319 intuetur:
1565 2266 1852 2324 Trinitatis
1897 2288 2026 2327 vero

458 2347 712 2415 mysteria
748 2350 1102 2407 considerans
1127 2391 1142 2419 ,
1190 2356 1441 2425 templum
1473 2355 1588 2424 ejus
1639 2361 2025 2432 contemplabi-

454 2443 562 2490 tur.
598 2437 772 2494 Decor
799 2442 1032 2509 Domini,
1061 2455 1140 2499 est
1169 2447 1332 2500 etiam
1363 2451 1537 2504 omnis
1572 2465 1760 2506 eormn
1789 2453 1898 2507 vita
1928 2455 2021 2524 qui

454 2528 652 2582 virtute
695 2539 751 2584 et
790 2531 987 2600 pietate
1031 2545 1311 2604 praestant.
1363 2557 1382 2590 ι
1421 2539 1689 2605 Quoniam
1734 2543 2022 2598 abscondit

453 2630 561 2682 me,
587 2636 607 2670 ι
643 2628 747 2673 etc.
789 2622 1038 2678 «Inimici
1068 2626 1306 2694 quidem,
1348 2628 1541 2697 inquit,
1572 2631 1868 2689 inlirmitati
1895 2645 2024 2691 sunt

446 2711 508 2756 et
529 2704 872 2774 ceciderunt;
907 2729 925 2762 ι
967 2725 1066 2782 ego
1101 2723 1278 2769 autem
1307 2718 1408 2772 sub
1431 2719 1652 2774 dextera
1690 2723 1857 2792 ipsius
1888 2726 2019 2780 abs-

450 2794 752 2861 condebar,
787 2801 1038 2858 habitans
1082 2804 1135 2858 in
1176 2807 1562 2877 tabernaculo;
1617 2815 1872 2882 quoniam
1909 2825 2019 2871 tum

451 2881 506 2936 in
539 2882 768 2942 desertis
801 2891 1070 2960 morabar,
1103 2911 1202 2950 nec
1229 2898 1493 2955 habebam
1519 2881 1739 2958 domum
1769 2905 1886 2974 Dei,
1920 2924 2018 2966 nec

450 2975 708 3044 templum
772 2980 908 3050 ejus.
965 2983 1347 3043 Verumtamen
1399 2989 1505 3047 isto
1564 2999 2014 3063 persecutionum

451 3066 616 3140 634
665 3078 904 3178 tempore
954 3078 1192 3144 protexit
1241 3095 1345 3135 me.
1391 3082 1782 3142 Absconditum
1834 3100 2087 3178 autemc

451 3161 812 3230 tabernaculi,
842 3173 962 3219 erat
985 3167 1102 3236 ejus
1129 3168 1377 3225 intimum
1405 3183 1461 3228 et
1489 3174 1844 3247 inaccessum,
1869 3183 2015 3250 quod

448 3242 650 3302 Sancta
684 3259 996 3307 sanctorum
1019 3255 1389 3322 appellabant.
1432 3258 1546 3314 Non
1583 3263 1801 3317 omnino
1831 3242 2016 3322 autem

447 3340 860 3397 tabernaculqu
917 3345 971 3400 in
1020 3345 1140 3401 loco
1175 3347 1342 3404 fuisse
1391 3353 1622 3419 asserit,
1662 3355 1760 3409 sed
1805 3356 1858 3410 in
1889 3373 2016 3412 sana

445 3432 645 3487 animae
674 3437 1065 3494 constitutione
1094 3455 1214 3509 qua:
1245 3443 1316 3497 sit
1357 3445 1429 3499 ab
1459 3447 1605 3500 omni
1652 3449 2016 3508 multitudinis

444 3526 825 3583 communione
849 3528 1039 3585 libera.
1067 3531 1182 3587 Non
1213 3536 1459 3602 permisit
1482 3553 1590 3603 me,
1617 3539 1814 3610 inquit,
1849 3541 2016 3617 latere

447 3630 617 3685 usque
653 3617 704 3672 in
749 3619 910 3676 ﬁnem
937 3661 952 3687 ,
993 3623 1086 3678 sed
1119 3639 1238 3679 cum
1272 3627 1436 3681 etiam
1483 3628 1605 3684 aliis
1646 3646 1731 3686 me
1761 3634 2016 3702 prodesse

446 3706 628 3774 vellet,
665 3709 716 3763 in
751 3721 924 3778 petra,
963 3714 1014 3769 id
1061 3726 1145 3769 est
1179 3716 1394 3772 Christo
1419 3720 1682 3776 cxaltavit
1711 3739 1818 3778 me.
1865 3726 2014 3781 Alias

445 3799 610 3854 etiam
643 3816 782 3872 saepe
813 3803 1012 3858 dictum
1041 3815 1124 3860 est
1168 3808 1847 3880 tabernaculo-profectum
1869 3857 1884 3884 ,
1919 3817 2016 3872 do-

447 3906 536 3945 mo
565 3901 742 3948 autem
791 3895 1186 3963 perfectionem
1239 3900 1558 3969 signiﬁcari.
1598 3903 1767 3960 Nemo
1813 3907 2009 3977 igitur,

444 3997 566 4038 cum
612 3985 711 4056 ipsi
759 3985 874 4041 dies
918 3989 1091 4050 malus
1138 3989 1424 4058 imminet,
1465 3993 1518 4048 in
1549 3995 1708 4050 domo
1754 3997 1848 4054 Dei
1885 4015 2005 4056 esse

443 4084 656 4142 potest:
700 4076 791 4130 scd
829 4078 880 4130 in
923 4080 1112 4133 umbra
1155 4081 1546 4152 absconditur,
1582 4089 1722 4155 quod
1761 4089 1806 4144 is
1855 4093 1946 4160 qui
1979 4109 2010 4148 a

445 4165 586 4219 malo
634 4165 826 4222 liberat
873 4168 1172 4238 profectum
1226 4172 1344 4243 ejus
1389 4185 1657 4247 protegat.
1713 4179 1814 4246 Qui
1863 4183 2009 4238 enim

441 4258 621 4313 adhuc
645 4271 810 4327 agunt
839 4262 1232 4331 paenitentiam,
1270 4267 1659 4336 perfectionem
1695 4272 1893 4328 habere
1921 4289 2012 4328 ne-

441 4357 668 4415 queunt.
695 4348 926 4405 Possunt
953 4353 1115 4408 etiam
1148 4356 1286 4410 mala
1324 4357 1411 4414 hic
1443 4358 1674 4431 intelligi
1706 4364 2008 4418 adversita-

2127 1897 2238 1958 τοῖς
2271 1895 2510 1962 ἀγαθοῖς,
2549 1898 2713 1966 μήπω
2739 1896 2856 1949 τόδε
2884 1897 3055 1950 λείποι
3097 1898 3156 1950 τὸ
3185 1897 3326 1968 μέγα
3353 1897 3445 1948 καὶ
3483 1895 3706 1966 ἐξαίρε-

2126 2001 2250 2049 τον,
2297 2004 2316 2035 ι
2347 1985 2408 2037 τὸ
2452 1987 2672 2058 Θεωρεῖν
2705 2003 2790 2057 με,
2819 2006 2837 2037 ι
2874 1988 2965 2040 καὶ
3001 1987 3070 2040 τὰ
3102 1985 3250 2056 ἑξῆς.
3298 1986 3354 2038 ὐ
3381 1985 3439 2038 δὲ
3467 1985 3704 2055 ἀγαπῶν

2125 2076 2222 2146 τὴν
2253 2075 2584 2147 εὐπρέπειαν
2616 2076 2707 2130 τοῦ
2747 2077 2893 2131 οἴκου
2925 2079 3127 2150 Κυρίου
3165 2077 3408 2148 βούλεται
3446 2077 3707 2148 τερπνῶς

2125 2166 2490 2220 ὲναπολαῦσαι
2522 2171 2586 2239 τῇ
2623 2169 2740 2240 θέα,
2776 2171 2868 2222 καὶ
2904 2171 3040 2240 μετά
3073 2171 3170 2242 τὴν
3199 2170 3428 2246 θεωρίαν
3471 2171 3701 2224 ἐπισκέ-

2126 2259 2354 2312 πτεσθαι
2382 2259 2474 2312 τὸν
2506 2260 2631 2313 ναὸν
2656 2260 2842 2314 αὑτοῦ.
2873 2262 3078 2334 Θεωρεῖ
3115 2263 3172 2317 δέ
3216 2281 3299 2327 τις
3327 2263 3425 2334 τὴν
3465 2263 3703 2334 τερπνό-

2124 2369 2260 2422 τητα.
2299 2353 2526 2424 Κυρίου.
2553 2352 2622 2406 τὰ
2649 2354 3027 2426 ὑποϐεϐηκότα
3059 2355 3302 2426 δόγματα
3338 2357 3437 2426 τῆς
3469 2355 3703 2426 Ἐκκλη-

2125 2442 2246 2504 σίας
2287 2442 2449 2513 ὁρῶν·
2497 2443 2816 2514 προσϐαλὼν
2847 2445 2902 2498 δὲ
2930 2449 3039 2511 τοῖς
3067 2447 3194 2515 περὶ
3224 2447 3469 2517 Τριάδος,
3500 2463 3700 2518 περιαο

2123 2531 2313 2604 Θρήσει
2339 2533 2429 2588 τὸν
2449 2535 2572 2587 ναὸν
2596 2535 2780 2590 αὑτοῦ.
2815 2537 3128 2608 Εὐπρέπεια
3147 2537 3202 2590 δὲ
3228 2538 3432 2608 Κυρίου
3466 2540 3561 2590 καὶ
3589 2541 3701 2602 πᾶς

2122 2625 2150 2676 ό
2177 2627 2297 2679 κατ’
2335 2625 2533 2698 ἀρετὴν
2563 2627 2676 2698 βίος
2709 2627 2816 2683 τῶν
2855 2631 2912 2683 ὲν
2963 2629 3236 2699 θεοσεϐείᾳ
3265 2630 3698 2700 διαπρεπόντων.

2127 2735 2146 2768 t
2175 2718 2296 2770 ’Ότι
2329 2717 2533 2790 ἔκρυψέ
2561 2737 2648 2791 με,
2679 2739 2698 2771 ι
2729 2722 2823 2774 καὶ
2865 2721 2934 2774 τὰ
2967 2721 3113 2793 ἑξῆς.
3154 2741 3170 2772 t
3191 2722 3255 2775 Ol
3334 2722 3429 2791 μὲν
3462 2721 3687 2791 ἐχθροὶ,

2121 2809 2312 2879 φησὶν,
2370 2809 2627 2879 ἠσθένουν
2677 2812 2771 2865 καὶ
2797 2812 3042 2867 ἔπιπτον·
3068 2833 3086 2865 ι
3117 2811 3226 2882 ἐγὼ
3263 2813 3319 2866 δὲ
3351 2813 3454 2866 ὑπὸ
3479 2815 3576 2883 τῆς
3599 2814 3698 2868 αὺ-

2120 2899 2214 2952 τοῦ
2247 2900 2426 2966 δεξιᾶς
2467 2903 2817 2975 ἐκρυπτόμην
2861 2905 2920 2957 ὲν
2965 2909 3135 2976 σκηνῇ
3169 2904 3469 2970 κατοικῶν,
3506 2905 3592 2957 διὰ
3633 2905 3694 2957 τὸ

2118 2990 2323 3060 διάγειν
2349 2994 2407 3046 ὲν
2435 2993 2712 3065 ἐρημίαις,
2749 2995 2844 3048 καὶ
2887 2995 2962 3066 μὴ
2989 2995 3129 3066 ἔχειν
3159 2995 3280 3048 τότε
3303 2995 3396 3047 τὸν
3423 2991 3568 3048 οἷκον
3598 2995 3692 3048 τοῦ

2119 3082 2290 3149 Θεοῦ,
2350 3083 2481 3154 μηδὲ
2524 3084 2615 3138 τὸν
2654 3085 2781 3140 ναὸν
2821 3086 3006 3143 αὑτοῦ.
3050 3087 3160 3140 Καὶ
3208 3088 3265 3140 ἐν
3307 3086 3441 3157 τῷδε
3476 3087 3555 3157 τῷ
3583 3088 3692 3141 τῶν

2119 3173 2371 3244 διωγμῶν
2409 3175 2584 3247 καιρῷ
2618 3177 2887 3231 ὲσκέπασέ
2947 3197 3033 3249 με.
3087 3178 3427 3250 Ἀπόκρυφον
3464 3179 3524 3232 δὲ
3555 3197 3694 3248 σκη-

2119 3265 2215 3335 νῆς
2251 3265 2311 3317 τὸ
2344 3266 2618 3320 ἐνδότατόν
2651 3285 2708 3322 τε
2743 3269 2836 3322 καὶ
2865 3269 3082 3333 ἄϐατον,
3110 3271 3246 3341 ὅπερ
3270 3270 3496 3324 ἐκάλουν
3523 3269 3692 3338 Ἅγια

2117 3355 2308 3424 ἁγίων.
2349 3357 2420 3410 Οὐ
2446 3357 2661 3422 πάντως
2685 3358 2740 3410 δὲ
2765 3359 2862 3428 τὴν
2885 3360 3088 3431 σκηνὴν
3113 3361 3168 3412 ὲν
3191 3361 3341 3430 τόπῳ
3364 3360 3692 3430 γεγενῆσθαί

2119 3467 2302 3522 φησιν,
2355 3451 2468 3504 ἀλλ’
2519 3453 2575 3504 ἐν
2617 3450 2792 3521 ψυχῆς
2852 3450 3176 3504 καταστάσει
3229 3452 3552 3522 ἡγιασμένη,
3599 3453 3694 3505 καὶ

2117 3543 2298 3612 πάσης
2327 3541 2723 3614 ἀπηλλαγμένῃ
2742 3543 2840 3612 τῆς
2859 3541 2967 3594 τῶν
2997 3541 3204 3594 πολλῶν
3233 3543 3533 3607 κοινωνίας.
3551 3543 3690 3595 Ἀλλ’

2113 3635 2213 3686 οὐκ
2237 3634 2419 3703 ἀφῆκέ
2455 3651 2542 3703 με,
2581 3634 2740 3705 φησὶ,
2783 3632 2944 3703 μέχρι
2988 3633 3171 3696 τέλους
3215 3632 3688 3696 mammam

2115 3727 2208 3780 καὶ
2240 3725 2445 3797 ἑτέροις
2476 3726 2744 3796 χρήσιμον
2775 3723 3026 3793 γενέσθαι
3060 3723 3400 3794 βουλόμενος,
3425 3725 3482 3775 ἐν
3515 3724 3693 3796 πέτρᾳ

2114 3821 2190 3891 τῷ
2221 3819 2442 3892 Χριστῷ
2477 3819 2657 3896 ῦψωσέ
2700 3837 2787 3890 με.
2819 3820 2929 3872 Καὶ
2957 3819 3131 3881 ἄλλως
3159 3819 3216 3872 δὲ
3251 3817 3507 3880 πολλάκις
3539 3818 3694 3890 εἴρη-

2111 3930 2201 3967 ται
2235 3913 2332 3982 τὴν
2365 3913 2461 3981 μὲν
2492 3911 2693 3983 σκηνὴν
2731 3911 2923 3983 δηλοῦν
2979 3912 3280 3984 προκοπὴν,
3326 3911 3414 3964 τὸν
3448 3907 3596 3964 οἷκον
3632 3913 3690 3965 δὲ

2111 4003 2445 4074 τελειότητα.
2482 4002 2668 4066 Οὐδεὶς
2698 3998 2789 4056 οῦν
2813 4041 2827 4066 ,
2861 4003 3212 4072 ἐνεστηκυίας
3245 4001 3393 4071 αὐτῷ
3426 4003 3524 4073 τῆς
3577 4002 3688 4055 τῶν

2115 4097 2300 4149 κακῶν
2330 4093 2562 4165 ἡμέρας,
2597 4095 2653 4147 ὲν
2685 4092 2818 4163 οἴκῳ
2847 4089 2984 4146 εἶναι
3009 4093 3229 4146 δύναται
3257 4092 3348 4147 τοῦ
3379 4093 3532 4146 Θεοῦ·
3569 4093 3688 4147 ἀλλ’

2113 4187 2170 4240 ὲν
2209 4187 2275 4256 τῇ
2311 4187 2437 4255 σκιᾷ
2469 4184 2765 4256 κρύπτεται
2789 4183 2898 4255 ,τῷ
2929 4184 3027 4256 τὴν
3061 4184 3342 4257 προκοπὴν
3389 4185 3687 4250 σκεπάζειν

2109 4275 2202 4329 τὸν
2230 4275 2428 4338 κακίας
2463 4274 2953 4346 ἀπαλλαττόμενον.
2992 4277 3112 4328 Ἔτι
3145 4275 3252 4347 γὰρ
3277 4275 3686 4347 μετανοοῦντες,

2113 4367 2172 4420 οὐ
2207 4366 2461 4422 δύνανται
2495 4366 2638 4437 ἔχειν
2686 4365 2784 4439 τὴν
2829 4367 3161 4437 τελειότητα.
3219 4366 3447 4420 Δύναται
3495 4367 3551 4420 δὲ
3593 4369 3689 4422 καὶ

444 4448 554 4503 tes;
606 4442 979 4498 absconditum
1029 4456 1207 4502 autem
1242 4451 1570 4509 tabernaculi
1605 4452 1722 4522 ejus
1761 4456 2008 4527 discipli-

2122 4459 2207 4513 νῦν
2251 4459 2397 4513 κακὰ
2449 4459 2684 4512 νοεῖσθαι
2743 4458 2813 4512 τὰ
2863 4458 3237 4530 περιστατικά·
3277 4457 3593 4529 ἀπόκρυφον
3627 4459 3689 4513 δὲ

441 4547 544 4594 na,
587 4549 690 4602 qua
725 4537 886 4588 etiam
920 4537 1257 4604 proﬁcimus.
1293 4541 1470 4611 Atque
1505 4545 1607 4598 alia
1635 4547 1851 4614 quidem
1883 4561 2008 4607 sunt

441 4620 755 4686 manifesta,
793 4625 892 4678 alia
927 4642 1054 4681 vero
1087 4631 1333 4700 mystica.
1370 4632 1513 4690 Deus
1556 4637 1739 4706 itaque
1781 4655 1886 4695 non
1915 4657 2006 4697 su-

437 4715 656 4780 prrﬁcie
691 4727 850 4772 tenus
874 4719 1244 4785 proﬁcientem
1274 4728 1533 4796 protegit.
1565 4729 1710 4784 Dixit
1745 4733 2002 4790 taberna-

439 4803 618 4856 culum
652 4805 801 4874 ejus,
835 4812 1087 4878 quouiam
1135 4831 1240 4870 non
1292 4819 1474 4873 annuis
1502 4820 1777 4888 prolectus
1811 4839 2004 4882 secun-

437 4894 563 4948 dum
591 4895 753 4950 Deum
786 4911 898 4965 est,
944 4903 1085 4960 hunc
1115 4917 1293 4962 autem
1328 4910 1628 4978 profectum
1664 4917 1875 4986 excepit
1907 4934 1999 4988 pe-

438 4995 516 5042 tra
545 4987 912 5056 perlectionis.
950 4994 1222 5054 Profectui
1261 5001 1553 5070 respondet
1585 5005 1802 5061 verbum
1837 5027 1855 5056 σ
1878 4987 2004 5067 abs-

433 5079 652 5145 condit;
704 5102 724 5134 ι
803 5085 1125 5153 perfectioni
1174 5105 1305 5146 vero
1361 5111 1381 5146 ‹
1426 5094 1706 5152 exultavit.
1748 5118 1767 5152 ι
1821 5101 2003 5159 Possis

432 5172 597 5226 etiam
637 5174 1037 5233 tabernaculum
1080 5183 1393 5254 intelligere,
1436 5187 1558 5242 vitae
1588 5189 1887 5247 institutum
1915 5210 2002 5250 se-

433 5263 668 5318 cundum
699 5265 868 5336 legem
897 5279 952 5324 et
975 5274 1290 5341 prophetas,
1319 5275 1371 5330 in
1397 5293 1525 5347 quo,
1561 5281 1612 5335 id
1646 5291 1727 5337 est
1755 5284 1806 5338 in
1838 5300 1999 5342 sensu

433 5356 684 5422 mystico,
717 5359 1004 5414 abscondit
1043 5363 1180 5420 Deus
1211 5380 1331 5422 eum
1371 5385 1530 5438 quem
1563 5371 1804 5439 instruit,
1849 5379 1999 5432 exal-

433 5452 556 5496 tans
587 5443 763 5512 ip-um
795 5448 845 5500 in
873 5458 1045 5516 petra,
1075 5453 1126 5508 id
1159 5463 1240 5510 est
1267 5456 1317 5510 in
1343 5458 1579 5515 Christo.

509 5533 668 5589 Vens.
719 5538 770 5590 5.
810 5537 1072 5604 Quoniam
1119 5546 1391 5602 abscondit
1437 5567 1518 5604 me
1561 5555 1618 5605 in
1665 5555 2000 5613 tabernaculo

435 5637 532 5677 suo
561 5625 617 5679 in
655 5628 740 5682 die
776 5631 1034 5688 malarum
1059 5676 1073 5701 ,
1115 5648 1219 5694 etc.
1255 5639 1688 5699 Tabernaculum
1722 5643 1996 5703 Christum

2116 4553 2322 4624 σκηνῆς
2350 4552 2512 4606 αὐτοῦ
2548 4554 2640 4606 ἐπὶ
2675 4553 2772 4624 τῆς
2803 4552 3150 4615 παιδεύσεως,
3191 4553 3348 4604 κάκεῖ
3378 4552 3687 4621 προκόπτο-

2116 4659 2234 4716 μεν.
2263 4645 2344 4698 Τά
2372 4646 2472 4716 μέν
2497 4647 2614 4698 ἐστι
2659 4645 2908 4715 προφανῆ
2933 4685 2947 4706 ,
2975 4642 3042 4696 τὰ
3067 4644 3122 4696 δὲ
3167 4644 3420 4714 μυστικά.
3472 4644 3587 4696 Οὐκ
3623 4646 3688 4697 ὲν

2109 4740 2222 4802 τοῖς
2246 4736 2581 4799 ἐπιπολαίοις
2609 4731 2701 4789 οὖν
2727 4737 2754 4788 ό
2776 4735 2907 4798 Θεὸς
2930 4735 3019 4788 τὸν
3043 4735 3419 4806 προκόπτοντα
3465 4734 3684 4789 σκέπει.

2109 4832 2281 4885 Αὑτοῦ
2310 4832 2364 4885 δὲ
2391 4827 2509 4884 εἷπε
2540 4829 2766 4901 σκηνὴν,
2789 4829 2910 4881 ἐπεὶ
2935 4827 3009 4900 μὴ
3050 4829 3200 4882 πᾶσα
3228 4826 3366 4881 κατά
3389 4827 3519 4880 Θεὸν
3545 4845 3689 4899 προ-

2109 4923 2272 4995 κοπίγ
2292 4921 2557 4986 διεδέξατο
2585 4921 2640 4974 δὲ
2664 4921 2762 4993 τὴν
2791 4919 3070 4991 προκοπὴν
3097 4920 3130 4990 ἡ
3157 4918 3328 4989 πέτρα
3355 4919 3454 4988 τῆς
3477 4919 3685 4973 τελειό-

2107 5030 2290 5084 τητος.
2323 5011 2670 5078 Κατάλληλον
2703 5011 2760 5064 δὲ
2791 5015 2856 5082 τῇ
2887 5011 2985 5082 μὲν
3006 5013 3253 5083 προκοπῇ
3285 5010 3346 5063 τὺ
3379 5031 3394 5061 t
3417 5010 3677 5082 {xy-atlas,»

2108 5109 2176 5177 τῇ
2207 5105 2263 5158 δὲ
2294 5103 2589 5174 τελειότητι
2620 5103 2680 5156 τὸ
2708 5123 2726 5154 ι
2752 5102 2955 5171 ὓψωσε.
2985 5123 3003 5154 ›
3039 5103 3231 5171 Λέγοις
3279 5102 3322 5155 δ’
3357 5101 3421 5156 ἂν
3471 5101 3683 5172 σκηνὴν

2111 5198 2202 5250 καὶ
2230 5197 2328 5268 τὴν
2356 5194 2445 5248 διὰ
2463 5195 2628 5265 νόμου
2658 5194 2751 5247 καὶ
2780 5194 3074 5264 προφητῶν
3097 5193 3340 5264 ἀγωγὴν,
3369 5188 3476 5267 ὲνῇ
3506 5195 3566 5246 ὲν
3598 5194 3685 5262 τῷ

2111 5283 2354 5356 μυστικῷ
2384 5282 2461 5354 νῷ
2489 5283 2720 5354 κρύπτει
2757 5283 2849 5336 τὸν
2879 5283 3261 5354 παιδευόμενον
3291 5284 3318 5335 ό
3344 5283 3492 5346 Θεὸς,
3521 5281 3683 5352 ὑψῶν

2109 5375 2268 5432 αὐτὸν
2297 5377 2354 5428 ὲν
2381 5378 2447 5447 τῇ
2479 5375 2654 5447 πέτρᾳ
2693 5375 2769 5446 τῷ
2794 5373 3036 5446 Χριστῷ.

2178 5558 2293 5610 ’Ότι
2319 5555 2548 5625 ἐκρυψέ
2571 5574 2648 5626 με
2680 5556 2749 5610 ἐν
2791 5557 2993 5626 σκηνῇ
3021 5555 3205 5611 αὐτοῦ
3241 5556 3312 5609 ἐν
3353 5555 3536 5624 ἡμέρᾳ
3569 5572 3684 5609 κα-

2105 5649 2228 5705 κῶν
2247 5669 2386 5720 μου,
2415 5669 2470 5705 κ.
2492 5669 2541 5705 τ.
2571 5652 2616 5704 έ.
2644 5651 2856 5724 Σκηνὴν
2885 5652 2974 5706 τὸν
3005 5652 3233 5721 Χριστὸν
3270 5651 3376 5724 (1-4)
3397 5651 3678 5720 ὀνομάζει,

501 5739 612 5811 (ll)
639 5739 682 5790 Σ
692 5743 888 5815 κηνὴν
918 5748 1024 5804 τὸν
1052 5753 1330 5822 Χριστόν,
1365 5765 1470 5814 etc.
1511 5756 1739 5817 Schetlaa
1783 5759 1992 5836 Grabii,

2125 5783 2189 5824 ex
2221 5766 2606 5833 Cuislinianus,
2641 5763 2926 5823 Barbarus.
