3822 6538
148 337 260 394 1281

1077 341 1384 397 SELECTA
1418 343 1482 398 IN
1516 343 1854 401 PSALMOS.
1885 374 1954 386 --
1983 348 2172 402 PSAL.
2209 349 2395 402 Χλνι.

3225 362 3248 411 1
3258 362 3364 414 ‘48:!

143 458 196 511 ἐν
225 451 264 526 ᾧ
300 457 398 514 καὶ
455 457 871 530 κατεσκήνωσεν
928 457 956 508 ὁ
999 457 1162 522 Θεός·
1211 479 1228 511 ι
1266 461 1354 514 Ἐν
1387 460 1467 532 τῷ
1504 461 1638 532 ἡλίῳ
1677 481 1693 512 ο

1815 469 1972 524 rocat,
2004 461 2060 514 in
2088 477 2195 531 quo
2223 462 2366 517 Deus
2395 461 2676 517 habitavit.
2713 480 2732 514 ‹
2766 464 2828 516 In
2871 463 2984 520 sole
3019 483 3038 517 ›
3072 467 3246 534 enim,
3278 472 3363 526 in-

143 551 256 622 γὰρ,
287 549 473 621 φησὶν,
523 570 540 600 ι
566 549 718 603 ἔθετο
747 549 806 604 τὺ
841 552 1106 622 σκήνωμα
1153 552 1336 606 αὐτοῦ.
1370 572 1388 603 ι
1423 554 1608 619 Ἥλιος
1647 553 1702 607 δὲ

1794 551 1912 620 quit
1941 551 2004 618 ⁸⁸,
2036 571 2053 602 ι
2097 553 2276 621 posuit
2318 554 2721 608 tabernaculum
2768 571 2944 612 suum.
2984 577 3002 610 ›
3046 559 3135 614 Sol
3177 572 3361 618 autem

143 641 471 712 δικαιοσύνης
509 642 536 693 6
584 641 808 713 Κύριος.
842 641 951 695 Καὶ
979 642 1087 714 γὰρ
1123 644 1187 696 ὲκ
1229 643 1323 697 τοῦ
1373 645 1502 699 ναοῦ
1548 664 1696 717 φησι.

1819 640 2012 694 ustitiae
2045 640 2305 696 Dominus
2341 652 2442 697 est.
2481 645 2694 698 Etenim
2736 645 2802 700 de
2829 649 3030 718 templo
3058 650 3205 705 dicit.
3246 653 3362 710 Hoc

145 733 340 804 Ταύτην
373 733 501 805 γὰρ,
535 733 704 801 λέγει,
765 735 968 806 σκηνὴν
1026 736 1180 807 ἔσχον
1233 737 1332 808 τὴν
1373 737 1582 808 σκέπην
1611 741 1705 793 καὶ

143 825 230 898 τὴν
275 825 542 898 βοήθειαν.
581 827 796 898 Ἐπειδὴ
829 830 887 880 ὲν
918 831 984 899 τῇ
1018 828 1111 883 τοῦ
1146 829 1280 883 Θεοῦ
1316 833 1485 901 σκηνῇ
1539 849 1706 902 προσ-

143 915 416 988 ευξάμενος
438 959 452 981 ,
493 918 586 971 καὶ
617 921 716 991 τὴν
745 919 851 975 ἀπὸ
874 919 980 974 τῶν
1013 923 1190 993 ἄρτων
1225 921 1405 975 λαϐὼν
1427 922 1701 992 εὐλογίαν,

141 1008 230 1072 τὰς
261 1012 448 1080 χεῖρας
479 1009 590 1066 τῶν
639 1011 1017 1082 πολεμούντων
1049 1013 1299 1083 διέφυγεν
1326 1054 1340 1078 ,
1388 1017 1548 1070 ὁπότε
1609 1020 1704 1073 καὶ

141 1101 284 1173 Δωὴκ
311 1102 408 1166 τὰς
441 1103 724 1173 βασιλικὰς
762 1105 1017 1175 ἡμιόνους
1057 1106 1236 1178 νέμων
1273 1109 1372 1181 τὴν
1402 1109 1568 1163 αὐτοῦ
1605 1127 1705 1179 φυ-

141 1195 233 1267 γὴν
258 1195 330 1267 τῷ
358 1197 530 1250 Σαοὺλ
559 1199 954 1268 κατεμήνυσεν.
995 1219 1012 1251 ι
1055 1201 1360 1256 Ἐσκέπασέ
1393 1219 1458 1273 με
1489 1187 1546 1256 ἐν
1570 1203 1705 1257 ἀπο-

141 1285 318 1358 κρύφῳ
367 1288 464 1358 τῆς
516 1289 723 1360 σκηνῆς
768 1289 955 1344 αὑτοῦ.
983 1309 1000 1343 ι
1054 1291 1197 1344 Ἀντὶ
1223 1291 1339 1356 τοῦ,
1373 1293 1449 1357 ὼς
1477 1295 1533 1347 ἐν
1568 1295 1703 1348 ἀπο-

140 1377 338 1450 κρύφῳ.
375 1379 549 1443 Οὕτω,
587 1381 740 1450 φησὶ,
775 1380 946 1434 πολλὰ
976 1381 1309 1454 ζητήσαντες
1335 1385 1464 1456 περὶ
1497 1384 1630 1456 ἐμοῦ
1653 1386 1702 1438 οἱ

141 1469 370 1539 πολέμιοι
404 1471 502 1541 οὐχ
546 1465 704 1543 εὗρόν
755 1489 842 1542 με,
888 1472 980 1527 τοῦ
1010 1473 1145 1528 Θεοῦ
1190 1493 1257 1546 με
1314 1476 1699 1542 σκεπάζοντος.

138 1561 237 1614 Καὶ
269 1560 408 1614 οῦτω
436 1563 516 1625 τὸ,
552 1564 833 1636 (Ἕκαυψέ
860 1584 946 1637 με.
963 1591 980 1621 ι

202 1654 301 1707 Καὶ
329 1655 444 1708 νῦν
474 1655 602 1709 ἰδοὺ
636 1657 846 1724 ὕψωσε
880 1656 996 1724 τὴν
1036 1659 1312 1729 κεφαλήν
1335 1678 1454 1730 μου
1483 1661 1577 1714 ἐπ’
1605 1662 1704 1730 ἑχ-

135 1747 305 1813 θρούς
324 1764 462 1816 μου’
499 1747 820 1803 ἑκύκλωσα
841 1751 938 1804 καὶ
958 1752 1150 1806 ἔθυσα
1179 1753 1250 1806 ἐν
1280 1751 1354 1821 τῇ
1379 1752 1585 1822 σκηνῇ
1605 1757 1705 1808 αὺ-

133 1834 234 1889 τοῦ
264 1837 482 1890 θυσίαν
511 1838 886 1909 ἀλαλαγμοῦ,
905 1859 958 1892 κ.
985 1858 1035 1895 τ.
1060 1843 1106 1894 ἐ.
1128 1842 1192 1894 Εἰ
1220 1845 1248 1896 6
1272 1842 1557 1905 κυκλώσας
1589 1843 1700 1912 (15)

131 1923 258 1978 θύει·
293 1925 451 1979 θυσία
494 1928 550 1981 δέ
586 1931 702 1981 ἐστι
751 1930 965 2002 πνεῦμα
1010 1933 1488 2004 συντετριμμένον·
1521 1933 1549 1984 6
1579 1949 1703 1986 συν-

125 2017 314 2089 τρίψας
351 2019 449 2090 τὴν
502 2021 694 2074 ἑαυτοῦ
745 2021 922 2093 ψυχὴν
975 2023 1158 2096 κύκλῳ
1210 2024 1381 2096 αὐτὴν
1435 2024 1700 2096 πεποίηκε

129 2111 305 2182 σχῆμα
336 2111 537 2180 γωνίας
566 2113 640 2185 μὴ
675 2113 900 2184 ἔχουσαν
935 2115 1325 2186 ὲπιδεχομένην
1355 2115 1580 2187 φθορὰν,
1609 2116 1702 2170 καὶ

123 2201 221 2272 τὴν
247 2203 554 2276 ἀφροσύνην
587 2205 756 2277 αὐτὴν
778 2249 792 2270 ,
825 2208 894 2279 ἢ,
939 2209 1072 2278 φησὶ
1102 2207 1372 2279 Σολομὼν,
1410 2228 1427 2260 ‹
1459 2211 1578 2272 ταῖς
1601 2225 1704 2277 γω-

121 2293 262 2358 νίαις
296 2296 638 2368 παρεδρεύειο
669 2317 687 2350 ›
737 2300 830 2352 καὶ
861 2300 940 2365 τὸ,
971 2321 988 2351 ‹
1014 2300 1288 2356 Κατελθὸν
1330 2301 1386 2354 δὲ
1440 2303 1532 2354 ἐπὶ
1576 2302 1702 2365 τοὺς

120 2381 314 2447 παῖδας
358 2383 474 2436 Ἰὼϐ
518 2384 628 2456 πῦρ
676 2387 786 2442 τῶν
819 2389 1099 2461 τεσσάρων
1148 2391 1326 2462 ἥψατο
1351 2391 1561 2460 γωνιῶν
1605 2392 1698 2446 τοῦ

120 2473 294 2530 οἴκου.
328 2496 346 2527 ι

190 2569 289 2623 Σοί
319 2566 488 2625 εἶπεν
511 2572 550 2640 ἠ
580 2571 790 2640 καρδία
821 2588 959 2640 μου’
1003 2571 1366 2643 Ἔξεζήτησα
1402 2573 1466 2628 τὸ
1507 2576 1699 2644 πρόσ-

114 2660 281 2712 ωπόν
295 2661 511 2720 σου.τό
527 2666 850 2730 πρόσωπόν
875 2680 1011 2726 σου,
1036 2665 1230 2732 Κύριε,
1250 2665 1500 2734 ζητήσω,
1515 2683 1632 2720 κ.τ.
1649 2667 1696 2720 ὲ.

118 2747 290 2803 Ὅταν
322 2751 383 2804 τὸ
420 2751 711 2822 πρόσωπόν
740 2771 884 2817 τινος
919 2753 1028 2824 (16)
1056 2754 1117 2807 τὸ
1146 2755 1434 2825 πρόσωπον
1465 2753 1558 2809 τοῦ
1588 2757 1701 2810 Κυ-

117 2839 239 2912 ρίου
273 2841 517 2913 ζητήσει,
569 2844 689 2897 τότε
723 2845 1260 2916 ἀνακεκαλυμμὲνως
1281 2847 1378 2918 τὴν
1399 2846 1556 2913 δόξαν
1581 2849 1699 2901 Κυ-

114 2930 238 3002 ρίου
283 2935 722 3006 κατοπτρίζεται,
760 2938 855 2990 καὶ
891 2937 1183 3007 γενόμενος
1233 2937 1553 3006 ἰσάγγελος,
1610 2937 1698 2992 διὰ

111 3020 318 3085 παντὸς
345 3023 532 3092 ὄψεται
562 3026 622 3078 τὸ
661 3026 948 3097 πρόσωπον
979 3024 1072 3080 τοῦ
1101 3027 1158 3080 ὲν
1180 3025 1428 3097 οὐρανοῖς
1463 3027 1697 3100 Πατρός.

192 3115 303 3170 Τοῦ
327 3117 533 3171 αὐτοῦ.
568 3120 645 3172 Δι’
679 3113 753 3172 ὧν
791 3118 1044 3188 καθαίρει
1074 3136 1157 3182 τις
1197 3117 1307 3188 (17)
1351 3118 1562 3184 ἑαυτὸν,
1592 3118 1700 3173 δεί-

109 3224 274 3260 κνυσι
331 3206 509 3279 ζητῶν
547 3210 608 3263 τὸ
635 3211 924 3282 πρόσωπον
958 3209 1052 3263 τοῦ
1098 3211 1256 3277 Θεοῦ,
1293 3213 1430 3283 ὅπερ
1456 3213 1505 3264 οἱ
1535 3211 1700 3282 ἄγγε-

108 3298 196 3352 λοι
239 3299 327 3353 διὰ
357 3301 555 3364 παντὸς
579 3301 826 3372 λέγονται
855 3303 1092 3374 βλέπειν.

184 3391 316 3446 Ὅτι
352 3395 383 3446 ό
414 3394 607 3463 πατὴρ
631 3413 751 3464 μου
790 3397 886 3451 καὶ
925 3399 964 3466 ἡ
1004 3398 1203 3469 μήτηρ
1241 3417 1362 3468 μου
1394 3400 1698 3471 ἐγκατέλι-

102 3485 235 3537 πόν
269 3501 376 3553 με,
410 3503 463 3540 κ.
496 3499 551 3539 τ.
600 3488 647 3540 ὲ.
701 3489 987 3559 Μακάριος
1028 3493 1056 3544 6
1097 3492 1546 3561 ἐγκαταλειφθεὶς
1587 3496 1695 3564 (18)

100 3575 220 3630 ὑπὸ
248 3575 343 3629 τοῦ
375 3576 622 3631 διαϐόλου
664 3580 756 3632 καὶ
783 3580 882 3649 τῆς
913 3581 1146 3650 συζύγου
1195 3582 1358 3635 αὐτοῦ
1387 3585 1604 3649 κακίας,
1640 3584 1697 3651 ἐξ

95 3666 177 3740 ἧς
233 3670 409 3725 τίκτει
451 3673 576 3736 τοὺς
628 3672 978 3744 παρανόμους
1037 3675 1224 3728 τούτου
1265 3674 1432 3738 υἱούς.
1488 3677 1698 3748 ’Ὠσπερ

96 3762 328 3826 Παῦλος
362 3764 449 3816 διὰ
479 3763 574 3817 τοῦ
613 3765 947 3833 Εὑαγγελίου
973 3767 1136 3836 γεννᾷ
1161 3765 1286 3829 τοὺς
1317 3765 1584 3829 Γαλάτας,
1608 3765 1699 3819 οῦ-

93 3873 187 3907 τω
215 3855 312 3908 καὶ
340 3855 425 3908 διὰ
463 3854 562 3926 τῆς
591 3855 790 3919 κακίας
831 3858 860 3909 6
893 3857 1134 3920 διάϐολος
1173 3859 1337 3929 γεννᾷ
1366 3859 1490 3922 τοὺς
1531 3875 1698 3930 πονη-

96 3947 262 4018 ρούς.
302 3945 414 4016 Τῆς
449 3948 753 4018 συμφορᾶς,
781 3947 942 4018 φησὶν
963 3987 978 4009 ,
1013 3950 1310 4019 ἐπιστάσης
1351 3967 1439 4020 μοι
1463 3949 1580 4016 νῦν,
1604 3952 1698 4005 καλ⁵

88 4037 206 4107 τῆς
239 4037 510 4092 τοσούτων
549 4037 826 4109 πολεμίων
871 4040 1087 4108 ἐφόδου,
1138 4042 1258 4095 οὐδὲ
1302 4043 1484 4115 πατὴρ
1516 4046 1580 4098 ἄν
1629 4063 1696 4116 με

89 4126 406 4198 ὠφέλησαν
456 4127 577 4181 οὐδὲ
602 4129 806 4200 μήτηρ,
838 4129 1001 4193 αὐτὸς
1021 4129 1078 4182 δὲ
1105 4131 1226 4184 ἀντὶ
1261 4132 1477 4187 πάντων
1511 4133 1698 4206 ὣιρθης

91 4237 200 4290 μοι
231 4219 446 4290 βοηθός.

172 4311 604 4379 Νομοθέτησόν
619 4327 716 4380 με,
747 4311 943 4378 Κύριε,
974 4312 1088 4381 τὴν
1108 4313 1254 4368 ὀδόν
1275 4329 1412 4381 σου,
1436 4316 1532 4370 καὶ
1557 4316 1696 4385 ἀδή-

83 4404 307 4472 τησόν
343 4420 420 4472 με
458 4403 530 4457 ἐν
563 4405 737 4472 τρίϐῳ
770 4405 991 4470 εὐθείᾳ,
1044 4423 1098 4460 κ.
1145 4423 1196 4460 τ.
1241 4408 1286 4460 ὲ.
1336 4409 1475 4482 Ὅρα
1512 4409 1603 4462 τὸν
1638 4411 1700 4463 ὲν-

1794 734 1937 787 enim
1959 773 1972 798 ,
2001 732 2194 802 inquit,
2227 736 2629 790 tabernaculqu
2659 740 2981 807 protectioni
3008 743 3140 796 mihi
3168 754 3220 797 et
3261 762 3361 799 au-

1795 829 1921 882 xilio
1947 827 2068 882 fuit.
2115 829 2249 882 Nam
2277 843 2402 882 cum
2435 840 2641 883 orasset
2671 831 2724 883 in
2770 833 3115 889 tabernaculo
3155 835 3270 900 Dei,
3307 846 3362 891 et

1795 933 1963 988 panes
2004 919 2399 974 benedictionis
2446 923 2759 990 accepisset,
2791 939 2983 977 manus
3013 925 3245 978 hostium
3279 927 3362 980 ef-

1793 1009 1950 1081 fugit,
1976 1011 2192 1080 quando
2225 1011 2368 1081 Doeg
2395 1013 2655 1082 regiarum
2684 1015 2950 1068 mularum
2977 1025 3162 1085 pastor
3189 1017 3360 1086 ipsius

1793 1103 1970 1174 fugam
1999 1103 2144 1157 Sauli
2172 1103 2553 1158 manifestavit.
2591 1123 2608 1154 ‹
2646 1103 2883 1159 Protexit
2919 1122 3008 1161 me
3041 1109 3096 1162 in
3126 1109 3360 1162 abscon-

1804 1195 1919 1253 dito
1947 1196 2280 1252 tabernaculi
2303 1197 2406 1252 sui.
2443 1215 2462 1250 ι
2502 1196 2646 1254 Loco
2669 1197 2833 1262 illius,
2871 1209 3126 1269 tanquam
3166 1205 3217 1258 in
3251 1205 3380 1259 abs-

1805 1287 2046 1342 condito.
2107 1287 2199 1343 Sic
2222 1329 2240 1354 ,
2282 1288 2475 1356 inquit,
2507 1304 2630 1343 cum
2664 1288 2888 1342 multum
2921 1306 3005 1345 me
3040 1294 3382 1362 qumsiissent

1805 1379 2031 1442 inimici,
2071 1394 2175 1433 non
2202 1380 2526 1434 invenerunt
2554 1394 2656 1446 me,
2683 1381 2878 1450 quippe
2906 1397 3064 1451 quem
3097 1385 3234 1439 Dens
3257 1402 3384 1454 pro-

1805 1468 2040 1538 tegebat.
2071 1468 2272 1538 Sicque
2306 1469 2682 1538 aecipiendum
2715 1478 2798 1524 est
2832 1469 3001 1526 illud:
3038 1490 3057 1522 ι
3083 1472 3382 1528 Abscondit

1805 1575 1910 1614 me.
1941 1578 1959 1612 1

1877 1653 2042 1708 Vsus.
2075 1651 2127 1707 6.
2161 1649 2230 1705 Et
2263 1668 2402 1706 nunc
2431 1651 2679 1707 exaltavit
2710 1663 2864 1721 caput
2901 1669 3070 1708 meum
3103 1671 3259 1723 super
3286 1656 3381 1710 ini-

1806 1745 1970 1798 micos
1996 1759 2136 1796 meos
2158 1759 2176 1796 :
2203 1744 2418 1797 circuivi
2447 1753 2494 1796 et
2523 1744 2786 1797 immolavi
2815 1745 2868 1796 in
2898 1744 3233 1799 tabernaculo
3264 1746 3378 1807 eius

1737 1817 1776 1871 Β
1803 1833 2028 1886 hostiam
2059 1831 2477 1900 vociferationis,
2499 1842 2608 1886 etc.
2638 1830 2694 1885 Si
2725 1834 2815 1902 qui
2841 1835 3055 1900 circuit,
3081 1835 3374 1901 sacrificat,

1804 1924 2136 1979 sacriﬁcium
2167 1933 2346 1979 autem
2401 1933 2484 1979 est
2521 1923 2747 1992 spiritus
2776 1925 3081 1978 contritus:
3115 1926 3204 1993 qui
3239 1940 3377 1979 cono-

1805 2018 1932 2071 terit
1961 2017 2200 2071 animam
2230 2030 2406 2078 suam,
2444 2016 2709 2072 circulum
2750 2032 2868 2070 eam
2901 2017 3030 2072 facit
3061 2017 3154 2087 qui
3185 2019 3252 2073 ab
3282 2018 3394 2071 an-'

1801 2108 1972 2176 gulari
2022 2108 2194 2180 ﬁgura
2240 2108 2579 2178 corruptibili
2625 2109 2812 2179 procul
2845 2111 3024 2173 abest,
3062 2125 3268 2164 necnon
3307 2113 3378 2166 ab

1803 2201 1916 2270 ipsa
1941 2201 2273 2271 insipientia,
2300 2216 2460 2269 quam
2485 2201 2742 2257 Salomon
2775 2219 2793 2252 ι
2815 2203 2868 2254 in
2899 2201 3111 2270 angulis
3134 2201 3322 2257 sedere
3353 2221 3376 2254 ›

1802 2294 1967 2350 dicit:
2000 2297 2142 2364 quod
2174 2293 2340 2348 etiam
2371 2295 2729 2349 contirmatur
2756 2310 2821 2347 ex
2855 2295 2954 2348 hoc
2983 2294 3058 2348 “:
3093 2312 3113 2346 ι
3145 2294 3381 2351 Descen-

1801 2390 1933 2444 dens
1971 2403 2101 2442 vero
2137 2388 2275 2458 ignis
2307 2402 2471 2458 super
2503 2387 2643 2442 tilios
2673 2386 2773 2442 Job
2808 2387 2975 2456 tetigit
3015 2395 3253 2457 quatuor
3279 2403 3378 2441 an-

1797 2481 1956 2552 gulos
1989 2481 2202 2535 domus.
2234 2497 2251 2531 ι

1873 2570 2037 2625 Vens.
2085 2573 2137 2626 8.
2191 2570 2307 2624 Tibi
2345 2570 2478 2624 dixit
2525 2585 2616 2624 eor
2663 2571 3145 2639 meum,Ea:quisiai
3190 2569 3379 2640 (aciem

1798 2675 1963 2729 "tam,
1989 2663 2153 2734 635
2175 2663 2363 2731 [aciem
2399 2673 2564 2726 tuam,
2622 2662 2868 2729 Domine,
2905 2664 3168 2732 requirant
3199 2701 3216 2727 ,
3265 2671 3376 2716 etc.

1799 2753 2028 2820 Quando
2057 2754 2223 2808 facies
2248 2753 2476 2822 alicujus
2499 2752 2693 2807 faciem
2730 2751 2942 2807 Domini
2974 2753 3221 2822 requirit,
3251 2763 3378 2808 tunc

1797 2845 1917 2899 sine
1955 2842 2075 2898 velo
2106 2841 2336 2914 gloriam
2369 2841 2580 2896 Domini
2617 2843 2881 2907 intuetur,
2921 2851 2975 2897 et
3008 2843 3233 2912 aequalis
3277 2857 3377 2895 an-

1798 2936 1934 3004 gelis
1966 2935 2190 2991 effectus
2219 2977 2234 3003 ,
2284 2950 2501 3006 semper
2531 2935 2679 2990 videt
2725 2934 2920 2990 faciem
2962 2935 3138 2992 Patris
3171 2937 3262 3006 qui
3320 2937 3380 2990 in

1797 3028 1952 3083 caelis
1981 3037 2085 3083 est.

1870 3116 2148 3187 Ejusdem.
2184 3116 2286 3172 Per
2315 3132 2435 3186 quae
2489 3117 2726 3185 seipsnm
2758 3116 3024 3188 quispiam
3068 3125 3371 3186 expurgat,

1754 3204 1768 3225 ⁸
1800 3211 2034 3266 ostendit
2065 3226 2123 3265 se
2151 3224 2395 3279 quaerere
2426 3208 2519 3264 Dei
2578 3208 2768 3266 faciem
2798 3249 2812 3275 ,
2844 3225 3006 3280 quam
3043 3224 3256 3280 semper
3290 3210 3378 3264 in-

1802 3303 1938 3358 tueri
1968 3301 2143 3371 angeli
2182 3302 2456 3355 dicuntur.

1877 3395 2041 3450 Vens.
2085 3393 2174 3448 10.
2212 3391 2476 3458 Quoniam
2511 3403 2662 3460 pater
2686 3409 2831 3446 meus
2862 3403 2908 3447 et
2941 3404 3112 3449 mater
3147 3413 3260 3450 mea
3292 3397 3380 3450 de-

1800 3488 2121 3558 reliquerunt
2156 3502 2234 3540 me
2257 3525 2273 3549 ,
2309 3495 2418 3539 etc.
2451 3483 2648 3537 Beatus
2677 3493 2759 3538 est
2785 3485 2876 3554 qui
2907 3499 2936 3538 a
2970 3485 3184 3540 diabolo
3221 3487 3377 3541 dere-

1799 3580 2064 3648 linqnitur
2101 3589 2156 3633 et
2188 3577 2416 3646 conjuge
2449 3575 2566 3646 ejus
2601 3575 2834 3639 malitia,
2867 3591 2933 3630 ex
2968 3591 3069 3645 qua
3096 3576 3240 3632 filios
3270 3578 3379 3633 ini-

1799 3672 2026 3743 quitatis
2056 3670 2220 3740 parit.
2252 3669 2716 3735 Quemadmodum
2745 3665 2948 3720 Paulus
2995 3683 3090 3737 per
3128 3668 3378 3740 Evangc.

1798 3764 1927 3819 lium
1957 3761 2178 3818 Galatas
2213 3761 2421 3831 genuit,
2464 3759 2545 3814 sic
2583 3773 2680 3828 per
2715 3759 2974 3814 malitiam
3010 3760 3250 3816 diabolus
3284 3775 3381 3831 ge-

1800 3864 1955 3912 nerat
1982 3854 2172 3910 malos.
2204 3853 2261 3908 ln
2294 3857 2427 3920 hac,
2466 3853 2674 3922 inquit,
2704 3851 2990 3920 ingruente
3027 3851 3078 3905 in
3113 3867 3197 3906 me
3229 3851 3378 3908 cala-

1800 3948 2022 4012 mitate,
2053 3955 2110 4000 et
2149 3945 2352 4015 impetu
2391 3944 2734 3998 inimicorum
2755 3981 2772 4008 ,
2815 3958 2990 4013 neque
3021 3953 3176 4013 pater
3203 3958 3381 4012 neque

1799 4047 1974 4092 mater
2016 4037 2146 4092 mihi
2178 4045 2374 4106 praesto
2423 4035 2694 4102 fuissent,
2745 4035 2837 4090 sed
2887 4044 2942 4090 tu
2979 4035 3098 4091 loco
3130 4034 3375 4090 omnium

1799 4133 1931 4187 mibi
1962 4131 2256 4186 auxiliator
2283 4129 2453 4184 fuisti.

1867 4311 2032 4366 Vens.
2073 4310 2158 4364 1-1.
2204 4309 2384 4380 Legem
2416 4324 2548 4377 pone
2584 4307 2731 4371 mihi,
2764 4305 3009 4369 Domine,
3050 4321 3107 4358 ιη
3138 4305 3222 4358 uia
3258 4317 3374 4370 tua,

1796 4414 1843 4458 et
1878 4404 2044 4473 dirige
2079 4419 2158 4456 me
2194 4404 2249 4456 in
2281 4412 2520 4456 semitam
2561 4415 2778 4463 rectam,
2811 4406 2917 4451 etc.
2953 4397 3089 4453 Vide
3127 4411 3248 4451 eum
3281 4397 3375 4466 qni

77 4493 179 4564 τῷ
212 4495 369 4566 νόμῳ
404 4495 513 4564 (l9)
542 4497 820 4561 Μωῦσέως
858 4499 952 4551 καὶ
979 4499 1285 4570 γράμματι,
1319 4501 1394 4564 ὡς
1429 4503 1527 4555 οὐκ
1566 4503 1694 4557 ὄντα

1823 4513 1854 4549 n
1893 4496 2010 4566 lege
2035 4494 2234 4566 Moysis
2267 4503 2323 4548 et
2355 4495 2406 4546 in
2443 4492 2624 4546 littera
2655 4499 2758 4554 est,
2790 4504 2853 4543 ac
2881 4488 2926 4542 si
2961 4505 3066 4541 non
3101 4489 3171 4542 sit
3202 4488 3254 4542 in
3286 4489 3375 4542 via

80 4587 157 4637 ἐν
194 4584 307 4656 ὁδῷ
335 4586 560 4657 Κυρίου,
584 4588 1008 4661 νομοθετηθῆναι
1057 4591 1348 4662 εὐχόμενον
1373 4596 1439 4664 τῇ
1468 4594 1572 4666 ὁδῷ
1598 4595 1692 4649 τοῦ

72 4679 344 4750 Κυρίου.

185 4768 532 4837 Ἀνδρίζου,
585 4773 684 4826 καὶ
732 4775 1141 4842 κραταιοῦσθω
1182 4778 1220 4845 ἡ
1261 4777 1475 4844 καρδία
1527 4794 1645 4833 σου
1673 4827 1687 4850 ,

62 4877 148 4916 κ.
179 4879 238 4914 τ.
276 4863 325 4913 ἐ.
357 4861 630 4934 Ἀνδρίζου
663 4864 798 4935 ('20),
837 4864 1113 4918 τουτέστιν
1151 4866 1401 4936 ἀνδρείαν
1433 4867 1691 4932 ἀνάλαϐε,

69 4955 174 5025 μὴ
231 4955 357 5006 κατ’
404 4955 553 5023 ἰσχὺν
605 4954 875 5026 σώματος,
930 4955 1064 5009 ἀλλὰ
1108 4957 1544 5029 κραταιουμένης
1597 4959 1696 5028 τῆς

61 5044 342 5118 καρδίας
385 5063 499 5098 σου·
535 5045 677 5100 οὕτω
703 5047 811 5118 γὰρ
841 5049 1130 5119 ὑπομεῖναι
1168 5047 1259 5101 τὸν
1289 5049 1495 5120 Κύριον
1535 5050 1696 5121 δυνη-

63 5139 278 5210 θήσῃ.

169 5223 298 5280 Τοῦ
329 5226 536 5280 αὑτοῦ.
577 5224 816 5298 ’Δνδρεὶα
843 5225 1041 5298 καρδία
1076 5226 1190 5299 (21)
1221 5229 1316 5282 καὶ
1354 5228 1498 5301 ψυχή
1542 5232 1690 5285 ἐστιν

163 5321 223 5354 ⁸⁸
268 5321 414 5376 Psal.
449 5339 600 5390 xvm,
633 5325 686 5379 6.
763 5325 808 5356 ³⁵
835 5323 960 5381 Job.
993 5311 1034 5388 ι,
1062 5323 1151 5378 19.

160 5439 296 5506 (-15)
339 5443 409 5496 Ei
440 5443 473 5494 ό
505 5440 846 5508 κυκλώσας,
878 5452 984 5498 etc.
1036 5443 1263 5508 Scltctlze
1310 5442 1518 5513 Grabii,
1551 5445 1686 5523 Bar-

119 5531 132 5561 :
251 5527 299 5561 ς.

43 5525 294 5662 ἴῖἹῗϋ)
339 5581 516 5637 Ὅταν
572 5583 634 5638 τὸ
693 5581 1016 5653 πρόσωπόν
1068 5598 1261 5650 τινος,
1323 5595 1427 5640 etc.
1478 5584 1686 5640 Corde-

43 5669 94 5710 τ
115 5668 296 5793 ’,(ῗξ)
339 5723 419 5775 Δι’
443 5717 532 5777 ὧν
563 5726 826 5793 καθαίρει
857 5742 966 5790 τις,
996 5734 1105 5780 etc.
1144 5724 1370 5778 Scheda:
1403 5723 1612 5780 Grabii.

167 5788 298 5866 (t8)
343 5793 638 5863 Μακάριος
679 5788 1278 5869 όᾋγιαὲαλειερθείς,
1321 5804 1427 5851 etc.
1478 5794 1688 5853 Eaedem

1802 4589 2040 4653 Domini,
2066 4602 2228 4642 orare
2262 4595 2321 4641 ut
2351 4585 2436 4640 lex
2469 4584 2570 4639 sibi
2605 4593 2842 4653 ponatur
2871 4582 2924 4636 in
2953 4583 3038 4636 via
3068 4581 3303 4638 Domini.

1879 4770 2036 4825 Vens.
2078 4768 2164 4822 Η.
2207 4765 2445 4820 Virititer
2481 4780 2607 4834 age,
2630 4772 2680 4817 et
2729 4763 3053 4832 ronfortetur
3085 4776 3178 4816 eor
3201 4769 3371 4824 tuum,

1802 4873 1911 4919 etc.
1947 4861 2190 4915 Viriliter
2218 4873 2340 4927 age,
2380 4857 2430 4910 id
2461 4865 2566 4922 est,
2599 4854 2810 4910 virilem
2841 4854 3081 4908 animum
3113 4867 3331 4907 assume
3351 4888 3374 4918 ,

1806 4968 1912 5008 nou
1939 4953 2234 5008 secundum
2274 4950 2440 5004 robur
2469 4947 2735 5018 corporis,
2771 4946 2868 5001 sed
2901 4944 3200 5000 secundum
3231 4943 3377 4998 vires

1805 5047 1987 5101 cordis
2019 5045 2133 5098 tui:
2164 5044 2248 5097 sic
2279 5041 2426 5097 enim
2464 5040 2748 5094 Dominum
2778 5039 2983 5109 poteris
3012 5039 3300 5093 sustinere.

1872 5226 2150 5297 Ejusdem.
2184 5225 2292 5281 Cor
2330 5222 2488 5278 virile
2524 5222 2688 5279 etiam
2718 5221 2896 5274 anima
2929 5228 3010 5274 est
3049 5232 3171 5287 qua:
3200 5217 3375 5287 impu~

1792 5442 2006 5500 scheda:
2032 5453 2094 5491 ac
2124 5435 2417 5508 Barbarus.
2476 5502 2500 5508 _
2600 5502 2612 5508 _
2904 5497 2936 5508 ἡ
2979 5496 2991 5508 _
3067 5496 3079 5508 _
3163 5495 3198 5508 η

1865 5493 2177 5581 (tetram
2191 5505 2298 5558 τὸν
2327 5503 2396 5557 ἐν
2430 5502 2508 5569 τῷ
2541 5502 2720 5570 νόμῳ,
2749 5509 2855 5554 etc.
2903 5496 3130 5554 Scbudae
3159 5493 3371 5562 Grabii,

1794 5577 2111 5640 Cot'derius,
2145 5577 2436 5629 Barbarus.

1884 5652 1977 5715 20)
2029 5643 2341 5712 Ἂνδρίζου,
2374 5641 2822 5715 ethorderigs.

1890 5705 1976 5784 21)
2035 5705 2291 5784 Ἀνδρεία
2323 5705 2559 5784 καρδία,
2588 5723 2694 5766 etc.
2734 5707 2963 5764 Scbedte
3009 5705 3229 5775 Grabii,
3276 5718 3372 5760 ce-

1797 5783 1898 5851 dei
1947 5783 2333 5848 Coislinianus,
2375 5783 2661 5837 Barbarus.
