3986 6384
477 296 613 353 1283

1907 285 1997 341 EX
2035 281 2335 341 ORIGENE

3591 275 3728 330 1234

473 417 551 471 ris
599 410 1018 486 cogitationibus
1086 421 1140 467 et
1199 407 1351 466 falsis
1404 407 1748 480 dogmatibus
1805 420 1910 461 non
1963 414 2043 458 est

2156 403 2181 472 ἡ
2231 400 2306 472 μὴ
2361 399 2556 470 ἔχουσα
2605 396 2898 469 λογισμοὺς
2951 392 3295 465 ἀκαθάρτους
3345 389 3439 443 καὶ
3482 387 3729 458 δόγματα

474 509 704 571 imbuta,

968 684 1294 743 PSALMUS
1343 683 1552 740 XXVII.

547 784 713 840 Vens.
748 785 799 837 l.
828 782 909 837 Ad
941 791 988 836 te
1015 821 1030 846 ,
1072 779 1294 834 Domine
1319 818 1334 844 ,
1365 778 1601 832 clamabo
1629 817 1645 842 ,
1687 775 1826 830 Deus
1869 775 2042 841 meus,

479 893 542 930 ne
569 877 728 930 sileas
760 891 790 928 α
821 890 922 942 me,
955 882 1062 929 etc.
1096 874 1175 927 Ex
1200 874 1264 927 iis
1292 872 1382 942 qui
1411 870 1648 926 clamant
1677 869 1742 923 ad
1796 870 1960 925 Deum
1991 877 2046 924 et

478 966 729 1022 emittunt
779 980 968 1035 preces
996 1004 1011 1030 ,
1067 965 1111 1018 si
1148 963 1272 1033 quis
1309 972 1532 1017 terrena
1570 960 1740 1029 petit,
1777 958 1895 1026 ejus
1941 973 2047 1014 vox

479 1058 660 1113 brevis
690 1067 746 1112 et
775 1057 934 1112 exilis
965 1065 1068 1111 est.
1105 1054 1162 1110 Si
1218 1063 1398 1108 autem
1448 1051 1689 1107 coelestia
1726 1051 1896 1118 petit,
1930 1049 2045 1104 cla-

479 1156 614 1203 mat.
648 1145 803 1204 Unde
833 1145 1144 1216 frequenter
1173 1144 1224 1198 in
1254 1142 1552 1212 Scripturis
1577 1139 1751 1198 sancti
1784 1140 1851 1195 ad
1880 1138 2046 1195 Deum

469 1225 746 1294 'clamasse
817 1237 1094 1291 dicuntur.
1153 1233 1392 1289 Conetur
1451 1232 1618 1298 igitur
1679 1231 2049 1299 unusquisque

487 1331 652 1385 Demn
687 1343 847 1384 orare
879 1343 1001 1382 cum
1048 1326 1287 1380 clamore
1311 1364 1326 1389 ,
1361 1332 1417 1378 et
1463 1324 1641 1378 dicam
1673 1337 1780 1391 quo
1831 1321 2046 1376 insolito

483 1421 738 1476 clamore.
785 1419 1093 1491 Ingreditur
1126 1419 1252 1488 quis
1297 1417 1350 1470 in
1384 1414 1692 1471 cubiculum
1739 1425 1792 1469 et
1842 1413 2048 1470 claudit

481 1512 708 1578 omium,
735 1526 799 1566 ac
821 1511 898 1566 sic
923 1509 1176 1566 clamavit
1198 1508 1265 1562 ad
1296 1507 1482 1562 Deum.
1512 1525 1530 1558 ι
1556 1505 1630 1560 Ne
1654 1505 1818 1561 sileas
1839 1521 1869 1559 a
1895 1519 2041 1560 me.»

483 1603 760 1673 Scriptum
787 1613 868 1659 est
905 1601 1076 1656 Deum
1110 1599 1303 1670 Moysi,
1338 1598 1539 1652 Aaroni
1567 1607 1621 1652 et
1646 1597 1772 1652 Jesu
1806 1597 1950 1652 Nave
1979 1597 2050 1651 lo-
2085 1634 2126 1694 Β

481 1705 666 1750 cutum
696 1709 838 1750 esse.
873 1693 1028 1762 Digni
1055 1693 1200 1746 enim
1230 1702 1387 1746 erant
1412 1692 1606 1761 quibus
1636 1693 1778 1746 Deus
1807 1691 2052 1760 loquere-

486 1791 596 1837 tur.
628 1782 728 1839 Per
758 1781 1052 1852 prophetas
1079 1796 1298 1852 quoque
1329 1781 1540 1836 locutus
1561 1789 1662 1843 est,
1692 1781 1927 1850 quandiu
1959 1794 2053 1849 po-

481 1874 642 1944 pulus
673 1874 767 1928 Dei
805 1874 968 1928 stetit.
1004 1872 1114 1928 Nec
1144 1883 1398 1944 putemus
1425 1873 1590 1928 Deum
1621 1872 1862 1926 exterius
1896 1871 2052 1925 nobis

483 1967 628 2036 loqui
656 1984 670 2020 :
703 1966 870 2038 636
895 1981 1018 2020 nam
1047 1976 1252 2020 sancta:
1290 1966 1393 2022 illa:
1422 1965 1782 2036 cogitationes
1813 1978 1933 2032 quae
1957 1979 2056 2018 cor

482 2067 726 2113 nostrum
773 2059 1040 2122 subeunt,
1083 2058 1255 2113 verba
1291 2066 1417 2112 sunt
1450 2072 1515 2111 ac
1556 2071 1714 2112 voces
1743 2054 1939 2124 quibus
1971 2054 2050 2110 lo-

482 2149 673 2220 quitur
702 2149 861 2203 nobis
889 2148 1050 2204 Deus.
1087 2147 1180 2202 Sic.
1209 2149 1415 2219 accipe,
1445 2149 1661 2219 quando
1690 2148 1886 2202 dicitur
1911 2148 2054 2203 Deus

483 2241 550 2294 ad
577 2242 720 2295 hunc
746 2239 829 2294 vel
860 2239 1009 2293 illum
1044 2240 1275 2294 locutus.
1309 2239 1461 2307 Quod
1494 2240 1598 2296 hoc
1638 2239 1711 2292 ita
1741 2254 1800 2295 se
1832 2239 2051 2304 habeat,

483 2332 771 2402 Scriptura
801 2340 1030 2392 testatur
1053 2332 1135 2386 '7:
1186 2349 1206 2383 c
1240 2331 1438 2386 Beatus
1471 2331 1554 2386 vir
1581 2331 1736 2402 cujus
1762 2341 1847 2387 est
1893 2330 2052 2386 auxi-

481 2421 608 2474 lium
637 2423 734 2476 abs
765 2431 836 2484 te.
874 2420 1122 2487 Domine,
1153 2421 1499 2477 ascensiones
1523 2421 1577 2476 in
1610 2422 1774 2478 corde
1804 2435 1904 2478 suo
1945 2420 2055 2476 dis-

481 2513 682 2583 posuit.
737 2533 758 2566 ι
817 2513 1085 2569 Habemus
1134 2524 1314 2568 autem
1361 2522 1418 2569 et
1468 2513 1634 2568 alium
1672 2513 1914 2568 auditum
1948 2528 2054 2582 quo

480 2609 707 2663 verbum
734 2604 830 2660 Dei
859 2607 1094 2661 auditur.
1127 2605 1351 2660 Divinus
1381 2614 1463 2661 est
1504 2619 1700 2660 sensus
1731 2604 1820 2660 ille
1858 2605 1948 2674 qui
1977 2606 2056 2661 sic

482 2698 625 2766 apud
662 2696 1008 2752 Salomonem
1039 2698 1372 2763 nominatur,
1405 2696 1497 2767 qui
1526 2697 1681 2750 audit
1704 2697 1926 2751 verbum
1960 2696 2054 2751 Dei

481 2797 537 2841 et
562 2786 611 2840 ei
651 2787 978 2840 admiscetur
1006 2800 1071 2840 ac
1116 2784 1483 2856 coniungitur.
1523 2804 1542 2836 ‹
1574 2785 1718 2840 Deus
1752 2799 1937 2852 meus,
1969 2787 2052 2839 in-

482 2877 620 2947 quit,
652 2890 721 2930 ne
752 2875 912 2932 sileas
943 2891 973 2930 a
1021 2885 1196 2940 me,et
1225 2875 1574 2931 assimilabor
1601 2877 2054 2936 descendentibus

2155 497 2346 568 ψευδῆ.

2699 670 2988 725 ΨΑΛΜΟΣ
3023 666 3150 724 ΚΖ’.

2234 772 2390 840 Πρὸς
2434 768 2541 830 σὲ,
2571 763 2772 833 Κύριε,
2810 760 3190 830 κεκράξομαι,
3231 762 3264 814 ό
3294 759 3439 824 Θεός
3472 774 3618 826 μου,
3637 753 3728 822 μὴ

2151 859 2628 932 παρασιωπήσῃς
2664 857 2764 911 ἀπ’
2800 853 2965 924 ἐμοῦ,
3009 871 3066 908 κ.
3096 871 3146 910 τ.
3191 853 3237 905 ὲ.
3289 850 3410 903 Τῶν
3450 847 3590 920 πρὸς
3635 845 3728 899 τὸν

2152 957 2282 1010 Θεὸν
2323 954 2434 1026 (22)
2478 951 2726 1024 βοώντων
2767 951 2861 1002 καὶ
2899 945 3274 1016 ἀναφερόντων
3299 942 3396 1005 τάς
3429 941 3596 1010 εὐχάς
3621 978 3636 1000 ,
3683 937 3731 990 εί

2157 1050 2252 1121 μὲν
2278 1047 2348 1101 τά
2379 1043 2598 1114 ὲπίγειά
2631 1060 2716 1106 τις
2763 1041 2924 1103 αἰτεῖ,
2973 1037 3120 1090 ἐστὶν
3157 1038 3192 1106 ὴ
3220 1034 3372 1103 φωνὴ
3398 1030 3565 1084 αὑτοῦ
3601 1029 3734 1121 βραο

2153 1120 2368 1211 ﬁda-osi
2401 1137 2457 1191 δὲ
2487 1137 2557 1190 τά
2600 1133 2897 1205 ἑπουράνιά
2932 1149 3015 1195 τις
3052 1130 3212 1192 αἰτεῖ,
3245 1125 3359 1196 βοᾷ.
3395 1122 3559 1176 Ὅθεν
3602 1120 3729 1173 πολ-

2152 1232 2307 1294 λάκις
2341 1230 2559 1298 λέγεται
2601 1229 2658 1279 έν
2687 1227 2808 1288 ταῖς
2838 1224 3084 1295 Γραφαῖς
3116 1220 3243 1290 περὶ
3272 1217 3380 1270 τῶν
3424 1214 3619 1283 ἁγίων,
3647 1213 3729 1264 ὅτι

2152 1321 2288 1394 πρὸς
2313 1322 2404 1374 τὸν
2430 1319 2562 1373 Θεὸν
2592 1313 2917 1389 ὲκέκραξαν.
2957 1309 3244 1383 Πειράσθω
3281 1307 3459 1361 τοίνυν
3495 1306 3729 1364 ἕκαστος

2151 1413 2402 1484 εὕχεσθαι
2433 1412 2510 1482 τῷ
2541 1409 2659 1480 Θεῷ
2693 1405 2998 1479 κεκραγὼς,
3029 1405 3122 1456 καὶ
3162 1399 3588 1473 παραδοξότερον
3617 1395 3729 1468 ἐρῶ

2154 1509 2272 1573 πῶς
2301 1505 2606 1579 κεκραγώς.
2634 1500 2904 1557 Εἰσελθὼν
2933 1501 3012 1562 εἰς
3035 1497 3096 1550 τὸ
3117 1497 3339 1566 ταμεῖον
3367 1490 3533 1545 αὑτοῦ
3558 1488 3728 1579 κλείει

2153 1599 2250 1672 τὴν
2289 1578 2476 1670 θύραν,
2511 1597 2604 1650 καὶ
2632 1594 2804 1657 οὕτως
2848 1591 3086 1662 κέκραγε
3128 1587 3262 1657 πρὸς
3289 1583 3380 1637 τὸν
3404 1580 3561 1635 Θεόν.
3591 1599 3610 1629 ι
3635 1578 3726 1672 liii;

2156 1667 2593 1761 παρασιιυπήσῃς
2634 1682 2730 1738 ἀπ’
2776 1679 2933 1752 ἐμοῦ.
2966 1697 2983 1729 ι
3022 1677 3154 1739 Θεὸς
3196 1671 3613 1761 ἀναγέγραπται
3649 1667 3730 1761 its-

2151 1756 2440 1850 λαληκέναι
2632 1772 2891 1835 Μωῦσέα,
2927 1768 3019 1823 καὶ
3043 1769 3176 1841 πρὸς
3204 1762 3439 1835 ιἈαρὼν,
3469 1760 3565 1814 καί
3593 1756 3728 1850 πρὸς

2165 1849 2371 1942 Ἰησοῦν
2409 1870 2500 1921 τὸν
2535 1865 2628 1920 τοῦ
2665 1864 2845 1934 Ναυῆ.
2891 1859 3130 1914 Τοιοῦτοι
3165 1856 3270 1928 γὰρ
3296 1850 3436 1926 ἦσαν
3469 1852 3558 1904 ἵνα
3589 1849 3725 1942 λαλῇ

2154 1941 2292 2034 πρὸς
2332 1961 2528 2022 αὐτοὺς
2575 1960 2604 2011 ό
2639 1955 2791 2018 Θεός.
2829 1954 2940 2008 Καὶ
2975 1951 3064 2005 διὰ
3094 1948 3202 2002 τῶν
3233 1942 3550 2018 προφητῶν,
3585 1941 3676 1993 ὅτε
3702 1943 3730 1992 ὁ

2154 2054 2279 2117 λαὸς
2309 2048 2375 2124 ἦν
2405 2051 2498 2104 τοῦ
2537 2047 2671 2104 Θεοῦ
2697 2088 2711 2112 ,
2758 2047 2858 2100 οὐκ
2901 2042 3128 2097 ἐσιώπα.
3169 2041 3280 2094 Καὶ
3315 2037 3385 2110 μὴ
3415 2034 3728 2106 νομίσωμεν

2154 2150 2351 2219 ἔξωθεν
2377 2150 2509 2220 ἡμῖν
2534 2147 2714 2200 λαλεῖν
2751 2143 2844 2197 τὸν
2883 2141 3034 2195 Θεόνο
3072 2138 3206 2194 άλλά
3243 2136 3352 2207 γὰρ
3395 2133 3465 2186 τά
3505 2128 3730 2186 ἀναὸαίο

2155 2261 2312 2298 νοντα
2336 2241 2492 2313 ἡμῶν
2523 2241 2616 2293 ἐπὶ
2639 2238 2736 2309 τὴν
2767 2235 2993 2308 καρδίαν
3029 2233 3158 2301 ἅγια
3189 2228 3370 2286 ἐκεῖνά
3403 2229 3556 2279 ἐστιν
3582 2223 3620 2276 ἃ
3642 2222 3729 2275 λα-

2155 2339 2237 2391 λεῖ
2260 2338 2390 2408 ἡμῖν
2415 2335 2443 2387 ό
2463 2332 2613 2396 Θεός.
2644 2329 2830 2392 Οὕτως
2861 2327 3023 2382 ἄκουε
3058 2324 3172 2387 τοῦ,
3224 2321 3514 2391 Ἐλάλησεν
3543 2320 3572 2371 ὁ
3595 2316 3728 2408 85p;

2157 2430 2293 2502 πρὸς
2319 2427 2410 2482 τὸν
2443 2425 2609 2478 δεῖνα.
2653 2423 2774 2475 Ὅτι
2807 2422 2864 2474 δὲ
2890 2419 3038 2474 τοῦθ’
3067 2414 3237 2478 οὕτως
3263 2413 3374 2483 ἔχει
3393 2453 3407 2475 ,
3437 2411 3602 2502 ἄκουε
3627 2407 3728 2502 τῆς

2155 2489 2380 2591 Γραιρῆς
2432 2517 2600 2587 αὐτῆς
2652 2511 3052 2586 μαρτυρούσης·
3100 2505 3428 2575 «Μακάριος
3665 2489 3726 2549 οὗ

2156 2589 2302 2663 ἐστιν
2335 2589 2616 2677 ἀντίληψις
2649 2602 2812 2657 αὑτοῦ
2843 2600 2991 2671 παρά
3022 2597 3115 2651 σοὶ
3134 2637 3149 2663 ,
3182 2593 3350 2665 Κύριε
3375 2631 3390 2655 ,
3437 2589 3728 2650 ἀναϐάσεις

2159 2705 2239 2766 είς
2302 2700 2400 2772 τὴν
2452 2697 2679 2769 καρδίαν
2739 2693 2923 2751 αὑτοῦ.
2959 2711 2976 2743 ι
3045 2691 3278 2759 Ἕχομεν
3335 2683 3499 2752 ἀλλην
3548 2677 3728 2772 ζάκοὴν

2155 2769 2456 2848 ἀκούουσαν
2495 2789 2653 2857 λόγου
2678 2786 2832 2840 Θεοῦ.
2863 2783 2994 2838 Θεία
3035 2782 3180 2834 ἐστὶν
3207 2781 3240 2850 ἡ
3273 2775 3521 2845 αἴσθησις
3543 2769 3728 2836 ἐκείνη

2156 2887 2191 2958 ἡ
2229 2883 2374 2939 οὕτω
2409 2882 2561 2955 παρά
2596 2878 2902 2950 Σολομῶντι
2944 2871 3315 2946 ὀνομαζομένη
3337 2909 3350 2933 ,
3387 2869 3422 2939 ἡ
3456 2863 3729 2958 ἀκούουσα

483 2970 538 3023 in
573 2968 773 3025 lacum.
811 2986 830 3020 ι
866 2967 1148 3023 Neminem
1181 2977 1491 3023 sanctorum
1523 2968 1698 3023 lacum
1730 2967 1930 3024 fodisse
1955 2983 2049 3021 nn-

2156 2954 2312 3046 λόγου
2341 2954 2504 3039 Θεοῦ,
2533 2967 2951 3042 ἀνακεκραμένη
2996 2964 3141 3036 αὺτῷ
3175 2964 3269 3018 καὶ⁵
3297 2958 3571 3032 ἡνωμένη.
3609 2975 3629 3006 ι

481 3060 681 3115 vimus.
715 3058 771 3114 Si
794 3059 1009 3130 quando
1035 3068 1215 3114 autem
1241 3059 1357 3114 viro
1383 3069 1574 3114 sancto
1597 3075 1739 3130 aqua
1770 3074 1906 3130 opus
1931 3058 2052 3124 fuit,

483 3163 702 3222 puteum
731 3151 885 3208 fodit.
921 3151 1179 3207 Salomon
1207 3167 1238 3207 e
1269 3152 1444 3221 puteis
1477 3153 1662 3208 bibere
1695 3151 1883 3221 jubet;
1917 3153 2057 3208 Deus

483 3258 614 3298 vero
645 3259 740 3314 per
765 3245 1082 3314 prophetam
1117 3244 1184 3298 iis
1215 3245 1306 3314 qui
1337 3244 1401 3300 de
1436 3243 1552 3298 lacu
1576 3243 1787 3312 bibunt,
1820 3245 2058 3299 minatur

484 3333 675 3390 dicens
697 3333 778 3390 "':
818 3353 838 3387 ι
888 3335 972 3390 Me
1013 3335 1421 3406 dereliqueruut
1455 3335 1659 3392 fontem
1690 3352 1844 3407 aqua:
1883 3335 2016 3391 viva:
2039 3377 2055 3402 ,

483 3434 537 3479 et
568 3423 820 3480 foderunt
847 3426 948 3481 sibi
982 3425 1132 3481 laeus
1159 3425 1492 3483 confractos.
1525 3426 1603 3483 Ne
1643 3428 1806 3499 igitur
1830 3429 1992 3484 sileas
2026 3443 2055 3482 a

485 3531 596 3584 tne,
627 3527 682 3571 et
713 3517 1060 3572 assimilabor
1097 3517 1553 3574 descendentibus
1584 3521 1636 3574 in
1667 3519 1865 3574 lacum.
1899 3539 1916 3570 I
1949 3519 2055 3575 Ye-

483 3623 603 3662 rum
637 3616 695 3662 ut
721 3608 997 3673 sciamus,
1027 3609 1246 3678 quinam
1281 3611 1333 3664 iu
1366 3611 1542 3664 lacum
1581 3611 1934 3676 descendant,
1972 3625 2058 3665 sa-

483 3715 575 3756 cra
607 3698 888 3768 Scriptura
922 3700 1136 3756 divinas
1167 3717 1277 3766 res,
1324 3702 1564 3767 calidas;
1589 3717 1708 3770 quae
1736 3713 1912 3757 autem
1944 3719 2056 3757 ma-

483 3791 621 3846 teria
649 3802 705 3848 et
737 3805 964 3862 peccato
997 3791 1210 3847 infecta:
1241 3803 1366 3847 sunt
1386 3833 1402 3858 ,
1431 3807 1525 3848 eas
1552 3792 1774 3864 frigidas
1802 3794 2058 3864 appellat.

483 3884 559 3939 lbi
595 3885 876 3939 hominum
929 3883 1104 3938 hostis
1149 3883 1314 3938 draco
1359 3883 1662 3950 inhabitat,
1698 3885 1789 3954 qui
1830 3883 2058 3956 frigidus

483 3985 824 4043 nuncupatus
846 3982 943 4028 est.
973 3972 1188 4027 Nullum
1213 3971 1358 4027 enim
1385 3971 1723 4026 terrestrium
1745 3972 2056 4027 animalium

483 4064 712 4135 perinde
779 4065 1030 4135 frigidum
1079 4075 1182 4130 est,
1236 4074 1398 4134 atque
1449 4065 1634 4119 draco.
1676 4064 1849 4119 Omne
1894 4064 2060 4134 igitur

484 4165 770 4225 peccatum
802 4155 1053 4226 frigidum
1084 4164 1210 4222 est;
1247 4172 1336 4212 res
1367 4167 1547 4212 autem
1576 4156 1792 4220 divinae.
1832 4158 2056 4212 utvide-

486 4253 596 4309 tur,
631 4245 849 4300 fervida:
890 4254 1038 4300 sunt.
1080 4247 1171 4300 Ait
1214 4246 1358 4301 enim
1392 4247 1466 4301 "z
1505 4264 1523 4298 ι
1553 4245 1654 4314 Qui
1683 4247 1809 4302 facit
1841 4249 2058 4318 angelos

484 4350 614 4391 suos
641 4337 866 4406 spiritus
890 4377 907 4406 ,
947 4349 1006 4393 et.
1037 4338 1315 4393 ministros
1346 4353 1475 4394 suos
1519 4337 1788 4394 flammam
1818 4339 1958 4409 ignis
1983 4381 1997 4406 ,
2029 4359 2048 4392 ι

483 4433 614 4494 et".
648 4451 668 4486 ί
714 4435 896 4502 Ignem
939 4434 1060 4489 veni
1105 4435 1320 4489 mittere
1350 4435 1400 4489 in
1429 4444 1664 4501 terram;
1690 4454 1708 4487 ι
1745 4435 1950 4491 etillud
1973 4437 2050 4490 ηε

491 4541 509 4574 ι
547 4521 752 4592 Spiritu
789 4523 1094 4601 ferventes.
1130 4545 1149 4578 ι
1191 4525 1472 4592 Quomodo
1507 4534 1688 4580 autem
1738 4535 2053 4595 peccatores

484 4615 625 4683 apud
673 4615 824 4670 lacus
864 4617 1011 4681 sint,
1041 4617 1186 4671 audi.
1229 4617 1284 4671 ln
1331 4616 1517 4670 Exodo
1549 4616 1808 4685 scriptum
1855 4625 1940 4671 est
1960 4617 2046 4669 τίς

489 4721 510 4755 ι
542 4703 816 4760 lnterfecit
860 4704 1003 4760 Deus
1053 4707 1121 4761 ab
1157 4707 1306 4762 omni
1353 4707 1714 4777 primogenita
1752 4706 2049 4763 Pharaonis

483 4795 575 4864 qui
626 4795 844 4850 sedebat
877 4797 931 4852 in
966 4799 1160 4854 throno
1204 4814 1378 4869 usque
1417 4803 1483 4856 ad
1520 4800 1934 4871 primogenitum
1963 4813 2052 4852 ca-

481 4886 640 4957 ptivae
679 4901 801 4957 qua:
845 4897 966 4943 erat
1013 4889 1066 4942 iu
1098 4889 1240 4944 lacu.
1274 4908 1293 4942 ι
1342 4890 1434 4946 Sic
1481 4907 1610 4960 ergo
1639 4890 1730 4960 qui
1773 4891 1824 4943 iu
1874 4889 2049 4944 lacum

483 4977 833 5044 descendunt,
861 4990 988 5036 sunt
1009 4992 1324 5052 peccatores
1345 4993 1396 5039 et
1414 4983 1634 5053 captivi,
1661 4983 1755 5038 sed
1783 4983 2050 5052 benignus

484 5068 627 5126 Deus
661 5073 758 5127 hos
792 5072 961 5126 etiam
1001 5083 1180 5140 vocat,
1212 5085 1378 5144 atque
1409 5075 1513 5129 illis
1544 5073 1802 5143 prazdicat
1833 5073 2055 5130 liberta-

486 5171 612 5216 tem.
665 5182 683 5214 ‹
713 5163 950 5234 Spiritus
996 5167 1140 5221 enim
1194 5166 1408 5221 Domini
1456 5181 1621 5236 super
1671 5181 1792 5230 me,
1837 5176 2056 5238 propter

485 5254 626 5322 quod
656 5255 810 5308 unxit
853 5271 960 5320 me,
990 5257 1366 5327 evangelizare
1403 5257 1729 5328 pauperibus
1763 5259 1910 5314 misit
1943 5274 2051 5327 me,

485 5345 778 5414 praedicare
821 5348 1053 5417 captivis
1088 5349 1393 5405 libertatem
1415 5389 1430 5416 ,
1471 5359 1526 5405 et
1558 5351 1716 5406 cmcis
1747 5352 1917 5406 visum
1951 5353 2016 5406 ⁷³.

554 5464 598 5496 ⁸⁷
632 5462 778 5518 Psal.
809 5479 1026 5534 ιιιπιιι..
1059 5465 1111 5521 6.
1208 5465 1252 5498 ⁸⁸
1272 5464 1470 5522 Jerem.
1509 5483 1566 5534 Il,
1599 5468 1684 5523 l5.

485 5547 584 5597 xtl,
611 5534 704 5589 29.
779 5535 824 5567 ⁷⁸
843 5533 978 5590 Jsai.
1023 5553 1135 5602 ut,
1162 5537 1212 5591 l.

1790 5469 1834 5501 "
1862 5466 2006 5525 Psnl.
2033 5482 2186 5534 cvm,
2220 5441 2273 5523 ί
2350 5471 2394 5500 ⁷ο
2430 5468 2559 5524 Luc.
2596 5483 2694 5532 xu,
2723 5467 2810 5522 40.

2156 3043 2288 3128 Θεὸς
2326 3059 2420 3117 οὖν
2457 3081 2558 3135 μου
2580 3103 2593 3126 ,
2630 3063 2827 3133 φησιν,
2872 3060 2945 3130 μὴ
2979 3056 3408 3128 παρασιωπήσῃς
3438 3048 3532 3102 ἀπ’
3568 3043 3726 3116 ἐμοῦ,

2159 3159 2250 3213 καὶ
2303 3155 2742 3228 όμοιωθήσομαι,
2795 3152 2991 3223 φησιν,
3044 3151 3155 3212 τοῖς
3191 3143 3604 3200 καταϐαίνουσιν
3649 3140 3730 3201 είς

2157 3249 2378 3304 λάκκον.
2407 3267 2422 3298 ι
2463 3247 2666 3300 Οὐδένα
2703 3243 2811 3297 τῶν
2841 3241 3009 3310 ἁγίων
3024 3238 3252 3308 οἴδαμεν
3275 3235 3472 3288 λάκκον
3505 3229 3731 3302 ὀρόξανυ

2155 3354 2244 3394 τα³
2279 3338 2392 3392 ἀλλ’
2436 3339 2616 3390 εἴποτε
2657 3336 2809 3403 ἆγιος
2851 3332 3039 3404 χρείαν
3080 3329 3236 3399 ἔσχεν
3291 3326 3506 3388 ὓδατος,
3550 3320 3728 3392 φρέαρ

2158 3431 2352 3503 ὤρυξε.
2383 3429 2492 3483 Καὶ
2523 3425 2770 3497 Σολομὼν
2794 3423 3094 3478 ἐντέλλεται
3121 3420 3229 3473 ἀπὸ
3253 3417 3498 3490 φρεάτων
3528 3414 3726 3467 πίνεινο

2156 3525 2186 3577 ὁ
2225 3523 2280 3577 δὲ
2329 3523 2613 3593 προφήτης
2670 3517 2884 3572 ἀπειλεῖ
2931 3517 3044 3579 τοῖς
3091 3514 3336 3568 πίνουσιν
3385 3511 3450 3562 ὲκ
3490 3507 3730 3568 λάκκου,

2158 3614 2329 3682 λέγων
2356 3614 2430 3677 ὡς
2461 3616 2526 3666 ὲκ
2551 3609 2839 3684 προσώπου
2864 3607 2958 3661 τοῦ
2983 3606 3138 3660 Θεοῦ’
3178 3625 3195 3656 ι
3227 3603 3356 3674 Ἐμὲ
3376 3599 3731 3669 ἐγκατέλιπον

2161 3707 2340 3779 πηγὴν
2374 3706 2564 3769 ὓδατος
2593 3704 2822 3770 ζῶντος,
2859 3702 2954 3756 καὶ
2996 3697 3210 3768 ὤρυξαν
3245 3697 3456 3757 ἑαυτοῖς
3493 3693 3733 3754 λάκκους

2161 3798 2670 3875 συντετριμμένους.
2727 3797 2952 3868 Μήποτε
3008 3789 3100 3846 οὖν
3152 3783 3731 3875 παρασιωτεήσῃςάιιτ⁸

2161 3873 2421 3964 ὲμοῦ,καὶ
2449 3889 2856 3961 όμοιωθήσομαι
2896 3887 3009 3947 τοῖς
3052 3879 3464 3937 καταϐαίνουσιν
3497 3876 3576 3937 είς
3603 3873 3737 3926 λάκ-

2159 4003 2274 4039 κον.
2295 4003 2315 4038 ι
2361 3983 2500 4038 ‘AD’
2534 3983 2680 4045 ὅπως
2713 3981 2909 4050 ῐδωμεν
2945 3977 3087 4038 τίνες
3116 3975 3164 4026 οἱ
3195 3969 3607 4029 καταϐαίνοντες
3654 3967 3736 4027 εἰς

2159 4078 2378 4141 λάκκον,
2409 4077 2444 4146 ἡ
2475 4075 2596 4146 ἱερά
2628 4071 2818 4145 Γραφὴ
2845 4069 2914 4123 τά
2951 4069 3069 4121 θεῖα
3093 4066 3240 4133 λέγει
3264 4057 3398 4117 εἶναι
3437 4057 3635 4132 Θερμὰ,
3664 4058 3736 4110 τὰ

2159 4170 2214 4223 δὲ
2248 4169 2348 4238 τῆς
2393 4166 2664 4238 ἁμαρτίας
2713 4163 2807 4216 καὶ
2859 4161 2958 4232 τῆς
3004 4159 3134 4230 ὕλης
3187 4155 3485 4227 πράγματα
3524 4149 3734 4219 ψυχρά.

2173 4261 2320 4313 Ἐκεῖ
2359 4261 2496 4311 οἰκεῖ
2531 4259 2626 4309 καὶ
2657 4257 2684 4308 ό
2717 4254 2971 4323 πολέμιος
3008 4251 3121 4304 τῶν
3156 4247 3455 4318 ἀνθρώπων
3493 4243 3736 4315 δράκων,

2159 4349 2219 4414 ὃς
2268 4346 2560 4419 ὠνομάσθη
2600 4344 2825 4416 ψυχρός.
2861 4343 3023 4396 Οὐδὲν
3058 4340 3165 4410 γὰρ
3197 4340 3306 4392 τῶν
3339 4339 3430 4390 ἐπὶ
3458 4335 3560 4406 γῆς
3597 4334 3739 4399 ζῶόν

2159 4445 2275 4498 ἐστι
2317 4430 2544 4512 ψυχρὸν,
2589 4440 2662 4502 ὼς
2690 4441 2718 4491 ό
2749 4437 2984 4509 δράκων.
3016 4436 3173 4487 Πᾶσα
3214 4427 3307 4485 οὖν
3355 4428 3601 4501 ἁμαρτία
3631 4427 3738 4495 ψυ-

2158 4534 2265 4605 χρά
2294 4533 2429 4585 ἐστι·
2461 4531 2531 4584 τὰ
2575 4529 2631 4582 δὲ
2677 4529 2816 4594 θεῖα,
2851 4529 2925 4592 ὡς
2968 4526 3131 4590 ἔοικε,
3180 4525 3377 4598 θερμά.
3418 4543 3436 4576 ι
3474 4525 3533 4576 '0
3563 4520 3738 4575 ποιῶν

2159 4627 2282 4689 τοὺς
2311 4623 2574 4690 ἀγγέλους
2607 4621 2768 4676 αὐτοῦ
2795 4621 3076 4691 πνεύματα
3110 4619 3204 4672 καὶ
3237 4619 3360 4681 τοὺς
3386 4616 3738 4688 λειτουργοὺς

2157 4715 2321 4772 αὐτοῦ
2375 4715 2546 4788 πυρὸς
2585 4713 2812 4783 φλόγα-ι
2846 4713 2975 4776 καὶ,
3013 4731 3031 4763 ι
3062 4711 3182 4784 Πῦρ
3229 4706 3390 4781 ἦλθον
3422 4707 3599 4778 βαλεῖν
3636 4707 3736 4759 ἐπὶ

2156 4811 2254 4882 τὴν
2292 4811 2415 4880 γῆνο
2455 4828 2474 4862 ι
2537 4807 2648 4873 καὶ,
2679 4826 2696 4858 ι
2719 4804 2809 4877 Τῷ
2840 4805 3105 4877 πνεύματι
3135 4803 3364 4869 ζέοντες.
3392 4822 3410 4853 ι
3448 4801 3572 4863 Πῶς
3599 4801 3654 4853 δὲ
3683 4802 3737 4852 οι

2162 4899 2472 4971 ἁμαρτωλώ⁸
2498 4897 2649 4966 παρὰ
2673 4895 2894 4961 λάκκοις
2917 4895 3274 4960 εἱσὶν,ἄκουε.
3319 4895 3406 4946 Ἐν
3460 4892 3525 4960 τῇ
3585 4890 3736 4954 Ἐξό-

2153 4991 2228 5061 δῳ
2317 4989 2661 5061 γέγραπται·
2709 5009 2726 5040 ι
2763 4987 3109 5042 Ἀπέκτεινεν
3138 4988 3166 5039 ό
3208 4986 3339 5047 Θεὸς
3375 4983 3484 5036 ἀπὸ
3528 4998 3740 5051 πρωτο-

2155 5080 2316 5134 τόκου
2347 5081 2566 5151 Φαραὼ,
2599 5079 2656 5143 ὃς
2687 5079 2919 5149 κάθηται
2959 5077 3053 5131 ἐπὶ
3097 5075 3193 5130 τοῦ
3223 5076 3412 5147 θρόνου
3445 5073 3548 5134 ἓως
3583 5089 3739 5142 πρω-

2157 5171 2378 5226 τοτόκου
2406 5171 2506 5241 τῆς
2535 5169 2934 5242 αἱχμαλωτίδος
2963 5169 3062 5240 τῆς
3085 5170 3143 5221 ὲν
3165 5168 3240 5238 τῷ
3261 5167 3468 5234 λάκκῳ.
3498 5184 3516 5214 ι
3541 5161 3738 5226 Οὕτως

2155 5261 2206 5314 οἱ
2244 5261 2660 5324 καταϐαίνοντες
2719 5262 2799 5324 εἰς
2854 5260 3054 5314 λάκκον
3110 5256 3417 5329 ἁμαρτωλοί
3475 5256 3581 5308 εἱσι
3637 5254 3738 5304 καὶ

2159 5354 2512 5425 αἰχμάλωτοι·
2550 5353 2661 5408 ἁλλ’
2686 5353 2936 5424 ὁάγαθὸς
2978 5353 3109 5415 Θεὸς
3157 5352 3253 5405 καὶ
3300 5349 3522 5410 τούτους
3554 5343 3733 5404 καλεῖ,

2914 5467 2956 5497 ⁷¹
2992 5465 3146 5518 Rom.
3171 5480 3268 5527 xu,
3313 5463 3398 5517 ll.
3473 5463 3517 5493 ⁷¹
3555 5459 3728 5513 Exod.

558 5625 1041 5708 (-22)._T§ir_:§pgg
1080 5630 1201 5708 _t6r
1239 5629 1424 5697 Θεόν,
1483 5638 1591 5685 etc.
1649 5627 1827 5708 codex
1893 5625 2052 5684 Βοῖος

2156 5642 2285 5694 nus,
2337 5625 2644 5698 partimque
2689 5627 2888 5682 Catena
2941 5627 3226 5695 Corderii;
3284 5623 3502 5698 Origeni
3557 5621 3726 5677 etiam

488 5693 711 5753 aséribit
746 5693 945 5755 Daniel'
969 5693 1259 5758 Barbarus.
