3822 6570
207 349 342 406 1285

1155 351 1464 409 SELECTA
1499 350 1565 407 IN
1600 351 1935 410 PSALMOS.
1976 385 2045 397 --
2078 354 2277 413 PSAL.
2316 355 2524 413 XXVII.

3338 367 3474 422 i286

202 473 294 525 καὶ
327 468 591 544 κηρύσσει
629 474 812 538 αὐτοῖς
847 473 1058 543 ἄφεσιν,
1108 494 1125 527 ι
1163 475 1386 546 Πνεῦμα
1425 475 1532 548 γὰρ
1576 475 1782 548 Κυρίου
1814 477 1900 528 ἐπ’
1938 478 2059 548 ἐμὲ,
2111 471 2170 532 οὗ
2215 478 2401 533 ἕνεκεν
2456 478 2640 552 ἔχρισέ
2693 498 2781 552 με,
2834 481 3290 552 εὐαγγελίσασθαι
3322 503 3469 540 πτω-

202 566 314 636 χοῖς
337 565 647 618 ἀπέσταλκέ
679 583 767 639 με,
799 567 1032 638 κηρύξαι
1062 565 1429 638 αἰχμαλώτοις
1459 568 1655 637 ἄφεσιν
1685 569 1779 621 καὶ
1814 569 2037 637 τυφλοῖς
2069 569 2388 640 ἀνάϐλεψιν.
2434 592 2452 624 ι

268 656 678 723 Είσὰκουσον,
725 660 929 728 Κύριε,
973 658 1082 726 τῆς
1123 659 1387 726 δεήσεως
1421 679 1541 730 μου
1584 661 1655 714 ὲν
1703 659 1775 727 τῷ

1960 661 2123 718 Vens.
2165 662 2218 716 ‘2.
2269 663 2518 731 Exaudi,
2556 665 2814 733 Domine,
2869 685 3041 723 vocem
3077 668 3468 737 deprecationis

199 747 442 802 δέεσθαι
471 766 549 818 με
582 749 735 817 πρὸς
769 749 863 814 σὲ,
899 750 970 803 ἐν
1005 748 1086 815 τῷ
1113 750 1306 818 αἴρειν
1341 768 1416 821 με
1448 751 1649 820 χεῖράς
1664 769 1784 821 μου

199 841 348 908 πρὸς
376 841 528 895 ναὸν
558 842 731 912 ἅγιόν
757 858 894 906 σου,
939 860 993 896 κ.
1047 861 1097 896 τ.
1139 845 1185 896 ὲ.
1231 845 1293 895 Εί
1327 844 1453 908 ναός
1485 845 1632 897 ἐστιν
1673 845 1782 916 (‘25)

197 934 225 985 6
254 931 392 1003 ἔχων
429 933 580 1000 Θεὸν,
611 935 639 987 6
672 934 802 999 Θεὸς
827 934 884 987 δὲ
927 930 995 1006 ἦν
1030 938 1089 988 ἐν
1114 935 1334 1006 Χριστῷ
1365 937 1566 1008 κόσμον
1598 938 1787 992 καταλ-

197 1025 411 1080 λάσσων
468 1027 646 1099 ἐαυτῷ
667 1070 682 1095 ,
736 1029 862 1093 ναὸς
923 1029 1030 1101 ἄρα
1063 1031 1212 1084 ἐστὶν
1247 1031 1402 1100 ἅγιος
1433 1036 1461 1086 6
1493 1033 1732 1104 Χριστὸς
1765 1074 1781 1097 ,

197 1118 334 1189 πρὸς
367 1119 426 1171 ὃν
449 1120 593 1190 αἴρει
625 1138 709 1184 τις
732 1122 826 1174 καὶ
859 1122 983 1192 ὐψοῖ
1003 1121 1101 1194 τὴν
1135 1122 1330 1178 ἑαυτοῦ
1364 1123 1540 1195 ψυχὴν
1560 1124 1648 1178 διὰ
1673 1124 1782 1178 τῶν

199 1211 430 1283 ἀρετῶν.

273 1305 383 1360 Τοῦ
415 1305 624 1361 αὐτοῦ.
671 1308 825 1379 Ἐμοὶ
861 1308 1008 1363 δοκεῖ
1035 1310 1310 1383 διαφέρειν
1345 1310 1456 1381 (ει)
1493 1311 1626 1382 εὐχὴ
1656 1310 1781 1381 δεή-

199 1413 358 1460 σεως,
394 1397 488 1449 καὶ
540 1396 687 1451 δοκεῖ
723 1416 810 1469 μοι
849 1397 878 1449 6
923 1399 1244 1464 Ἀπόστολος
1291 1400 1510 1454 πλείονα
1542 1401 1782 1471 ὀνόματα

196 1490 278 1551 εἰς
324 1487 531 1558 ταύτην
579 1488 678 1560 τὴν
710 1489 972 1560 διαφορὰν
997 1491 1273 1545 διαθέσθαι
1307 1491 1504 1560 λέγων·
1546 1511 1564 1543 ι
1596 1493 1781 1564 Παρα-

195 1578 346 1632 καλῶ
376 1578 591 1648 πρῶτον
622 1579 838 1634 πάντων
885 1580 1154 1636 ποιεῖσθαι
1185 1582 1415 1653 δεήσεις,
1449 1582 1775 1653 προσευχὰς,

194 1671 484 1738 ἐντεύξεις,
517 1672 891 1744 εὐχαριστίας,
919 1694 937 1727 ι
961 1675 1180 1746 μείζονα
1200 1674 1371 1745 λέγων
1392 1674 1467 1739 ὡς
1495 1675 1617 1746 ἐμοὶ
1634 1676 1782 1729 δοκεῖ

190 1764 293 1834 τῆς
338 1765 573 1837 δεήσεως
618 1765 716 1838 τὴν
746 1767 1071 1840 προσευχὴν,
1103 1769 1196 1822 καὶ
1228 1768 1431 1821 τούτων
1467 1769 1565 1840 τὴν
1597 1769 1777 1823 ἐντευ-

192 1855 298 1921 ξιν,
337 1858 554 1913 πάντων
591 1858 648 1911 δὲ
675 1859 770 1931 τὴν
799 1860 1168 1932 εὐχαριστίαν.
1208 1861 1426 1932 Εἴποιμ’
1458 1860 1523 1914 ἂν
1551 1856 1664 1926 οῦν,
1696 1862 1778 1914 ὅτι

189 1949 285 2002 τοῦ
329 1949 408 2002 ἔτι
435 1949 668 2014 ἐνδεοῦς,
704 1952 799 2006 καὶ
829 1945 910 2014 οἷς
941 1951 1020 2004 ἔτι
1054 1952 1195 2004 ἐνδεῖ
1225 1969 1366 2016 τινα,
1403 1952 1608 2007 τούτων
1630 1953 1776 2006 ἐστὶν

187 2041 224 2111 ἡ
254 2039 454 2110 δέησις.
493 2043 623 2095 Ὅτε
660 2042 716 2096 δὲ
748 2042 808 2096 τὸ
849 2042 1066 2114 ἀξίωμα
1113 2042 1207 2097 τοῦ
1253 2043 1387 2098 Θεοῦ
1415 2045 1613 2116 νοήσας
1640 2044 1777 2098 αἰτῶ

188 2148 245 2184 τι
279 2131 426 2204 παρὰ
461 2133 556 2187 τοῦ
587 2133 743 2200 Θεοῦ,
787 2135 908 2188 τότε
953 2136 1344 2208 προσεύχομαι·
1376 2138 1504 2191 ὅταν
1539 2137 1594 2190 δὲ
1626 2138 1778 2208 φίλος

188 2222 284 2276 ἐπὶ
324 2223 503 2278 πλεῖον
532 2227 797 2298 γένωμαι,
838 2228 956 2281 τότε
1009 2229 1311 2301 εὐχαριστῶ
1353 2230 1431 2301 τῷ
1461 2230 1598 2301 Θεῷ.
1628 2251 1645 2282 ι
1689 2233 1778 2285 Ἐν

187 2314 271 2385 τῷ
295 2317 469 2387 αἴρειν
500 2335 567 2389 με
593 2323 781 2392 χεῖρας
811 2320 948 2392 πρὸς
983 2321 1109 2375 ναὸν
1137 2321 1291 2391 ἆγιόν
1313 2340 1426 2376 σου.
1461 2342 1479 2374 ι
1511 2323 1778 2388 Πολλάκις

187 2405 453 2477 ἐλέγομεν
484 2409 612 2478 περὶ
644 2409 742 2480 τῆς
775 2410 1061 2482 ὲπάρσεως
1127 2411 1233 2465 τῶν
1278 2413 1499 2485 χειρῶν.
1571 2415 1774 2486 Ἐπῆρε

186 2498 433 2570 Μωῦσῆς
456 2499 553 2564 τὰς
588 2502 895 2572 χεῖρας,καὶ
918 2502 1246 2572 κατίσχυσεν
1276 2505 1304 2556 6
1342 2503 1578 2576 Ἰσραήλ·
1600 2505 1687 2558 ὅτε
1719 2505 1774 2557 δὲ

187 2588 404 2660 καθῆκε
451 2591 547 2655 τὰς
594 2595 802 2664 χεῖρας,
843 2593 1168 2664 κατίσχυσεν
1205 2597 1233 2648 6
1298 2594 1579 2667 Ἀμαλήκ·
1637 2596 1728 2649 καὶ
1757 2637 1772 2660 ,

193 2699 214 2730 ι
269 2681 610 2753 Ἐπαίροντες
633 2684 816 2747 ὁσίους
844 2687 1034 2756 χεῖρας
1089 2687 1258 2758 χωρὶς
1278 2686 1446 2759 ὀργῆς
1475 2687 1567 2740 καὶ
1599 2687 1776 2741 διαλο-

183 2770 413 2841 γισμοῦ
446 2791 464 2824 ι
513 2773 627 2836 καὶ,
677 2774 990 2846 (Ἔπαρσις
1036 2775 1145 2828 τῶν
1192 2775 1392 2847 χειρῶν
1454 2793 1554 2847 μου
1616 2777 1774 2831 θυσία

184 2863 470 2934 ἑσπερινή.
501 2882 519 2914 ι
544 2864 766 2935 Εἵποιμι
795 2864 860 2918 ἂν
889 2861 1002 2930 οὖν,
1037 2867 1118 2919 ὅτι
1156 2868 1212 2920 αί
1247 2871 1425 2940 χεῖρες
1454 2867 1610 2938 ήμῶν
1639 2870 1774 2924 εἰσιν

183 2957 250 3008 αἱ
282 2954 422 3008 κατὰ
453 2955 760 3009 Θεοσέὅειαν
800 2957 1047 3029 πράξεις.
1091 2957 1216 3013 Ἐὰν
1252 2959 1669 3032 θησαυρίζωμεν
1718 2963 1775 3015 ὲν

182 3045 477 3118 οὐρανοῖς,
522 3045 716 3118 ἔχομεν
761 3047 859 3111 τὰς
901 3049 1088 3120 χεῖρας
1145 3049 1462 3120 ὲπηρμὲνας
1505 3049 1640 3122 πρὸς
1685 3050 1776 3104 τὸν

181 3133 344 3200 Θεὸν,
380 3135 470 3189 καὶ
498 3136 738 3208 νικῶμεν
760 3137 850 3190 τὸν
878 3137 1087 3208 ἐχθρόν·
1115 3138 1242 3194 ὅταν
1271 3139 1326 3191 δὲ
1354 3138 1511 3210 ἡμῶν
1528 3141 1582 3192 αἱ
1600 3141 1778 3213 χεῖρες

183 3227 343 3281 κάτω
373 3229 657 3298 γένωνται,
709 3231 923 3302 ἀνάγκη
961 3232 1106 3301 ἡμᾶς
1158 3231 1434 3288 νικᾶσθαι.
1475 3233 1643 3286 Ὅταν
1683 3229 1776 3286 οὖν

178 3319 402 3390 ὲπαίρω
434 3320 531 3385 τὰς
554 3322 742 3394 χεῖράς
775 3339 878 3392 μου
912 3321 1049 3392 πρὸς
1081 3322 1172 3376 τὸν
1202 3321 1357 3387 Θεὸν,
1393 3323 1486 3377 καὶ
1531 3322 1622 3377 διὰ
1667 3322 1774 3376 τῶν

180 3412 390 3484 χειρῶν
422 3413 522 3483 τῆς
565 3414 742 3485 ψυχῆς
773 3413 994 3486 ὐψῶμαι
1027 3414 1165 3486 πρὸς
1203 3414 1386 3478 αὐτὸν,
1433 3417 1649 3469 νικᾶται
1681 3415 1771 3468 ὐπ’

176 3503 326 3575 ἐμοῦ
361 3506 390 3557 6
444 3505 728 3577 Ἀμαλὴκ,
785 3506 878 3559 καὶ
926 3506 1161 3576 οὐδαμοῦ
1203 3507 1367 3559 ἐστιν.
1429 3506 1640 3560 Οὐκοῦν
1694 3506 1776 3560 δεῖ

176 3597 435 3666 ἐπαίρειν
475 3600 663 3669 χεῖρας
703 3598 839 3669 πρὸς
875 3597 1002 3651 ναὸν
1035 3598 1190 3666 ἅγιον
1223 3596 1316 3653 τοῦ
1347 3597 1502 3652 Θεοῦ.
1551 3598 1609 3652 Ὀ
1649 3598 1774 3663 ναὸς

173 3689 246 3742 δὲ
273 3688 367 3743 τοῦ
397 3688 530 3743 Θεοῦ
560 3688 684 3762 δόξα
719 3690 836 3742 ἐστὶ
863 3689 954 3745 τοῦ
985 3689 1142 3745 Θεοῦ.

258 3866 356 3936 Μὴ
381 3869 774 3939 συνελκύσῃς
805 3885 882 3938 με
903 3870 1053 3938 μετὰ
1080 3868 1466 3938 ἁμαρτωλῶν,
1502 3867 1600 3923 καί
1620 3869 1773 3940 μετὰ

171 3959 585 4031 ἐργαζομένων
615 3961 855 4016 ἀδικίαν
875 3962 962 4031 μὴ
991 3962 1430 4033 συναπολέσῃς
1447 3981 1544 4033 με,
1565 3982 1618 4020 κ.
1651 3982 1701 4017 τ.
1725 3966 1770 4018 ὲ.

171 4055 254 4108 Et
288 4057 372 4124 ἐφ’
407 4057 537 4126 ἡμῖν
563 4054 676 4127 (25)
724 4057 1002 4129 ἑκάτερον,
1042 4057 1094 4109 τί
1123 4056 1232 4110 τῶν
1269 4056 1492 4125 ἀγαθῶν
1521 4057 1639 4133 Θεῷ
1675 4058 1774 4128 τὴν

175 4149 371 4205 αἰτίαν
400 4149 695 4221 ἀνέθηκεν;
750 4151 887 4204 Ἀλλ’
921 4152 1002 4205 ὅτι
1038 4152 1126 4205 ὅτε
1176 4151 1421 4205 συνέλκει
1465 4151 1601 4224 πρὸς
1647 4151 1774 4216 τοὺς

173 4239 464 4306 τοιούτους
495 4241 626 4303 Θεὸς
660 4242 750 4296 τὸν
775 4243 946 4296 σῶσαι
971 4243 1298 4310 δυνάμενον;
1345 4242 1660 4314 Τοιγαροῦν.
1683 4261 1774 4297 τε-

175 4336 375 4388 λωνῶν
416 4334 567 4406 φίλος
622 4337 852 4408 ἤκουσεν
901 4339 930 4390 6
981 4337 1188 4409 Σωτὴρ,
1245 4336 1410 4408 μηδὲν
1458 4335 1518 4401 ἐξ
1552 4337 1774 4391 ἐκείνων

174 4430 582 4501 βλαπτόμενος.
637 4429 905 4501 Τοιαύτην
958 4427 1050 4485 οὖν
1113 4430 1224 4494 ἕξιν
1279 4429 1568 4484 ἀναλαϐεῖν
1611 4431 1770 4484 αἰτεῖ.

170 4525 349 4588 Ἴσως
382 4523 440 4576 δὲ
461 4524 587 4587 τοῦς
609 4524 751 4578 πάνυ
784 4523 1139 4594 ἁμαρτωλοὺς
1170 4524 1534 4594 παραιτεῖται,
1558 4522 1772 4587 ὁποίους

161 4617 382 4686 ἐπάγει
427 4617 552 4680 τοὺς
588 4617 616 4670 ὃ
664 4617 738 4687 μὴ
789 4616 1046 4688 φρονοῦσι
1078 4614 1388 4677 λαλοῦντας.
1420 4614 1484 4666 Et
1517 4614 1626 4686 γὰρ
1681 4615 1773 4668 καὶ

1887 768 2018 806 mea:
2055 753 2178 805 dum
2225 770 2315 806 ora
2363 755 2432 807 ad
2466 764 2549 809 te:
2595 759 2721 812 dum
2764 760 2960 813 extollo
3011 776 3196 813 manus
3226 776 3366 814 meas
3399 764 3470 813 ad

1887 842 2133 912 templum
2165 855 2406 899 sanctum
2458 857 2604 900 tuum
2635 889 2650 907 .
2700 859 2806 905 etc.
2859 848 2914 904 Si
2951 851 3208 920 templum
3249 861 3333 906 est
3367 853 3463 920 qui

1886 935 2050 991 habet
2078 936 2245 990 Deum
2277 978 2290 1002 ,
2321 937 2466 994 Deus
2505 951 2686 994 autem
2721 955 2835 995 erat
2865 944 2918 996 in
2956 944 3174 998 Christo
3208 945 3466 997 mundum

1888 1027 2246 1082 reconcilians
2301 1030 2450 1094 sibi,
2506 1041 2753 1087 sanetum
2825 1035 3012 1102 utique
3064 1035 3324 1106 templum
3383 1043 3467 1090 est

1885 1115 2136 1173 Christus
2182 1120 2250 1174 ad
2295 1135 2454 1189 quem
2499 1123 2677 1177 elevat
2712 1132 2768 1179 ct
2800 1125 3009 1181 extollit
3052 1127 3176 1198 quis
3225 1126 3463 1182 animam

1885 1224 2039 1264 suam
2069 1226 2166 1280 per
2198 1213 2447 1268 virtutes.

1954 1301 2237 1372 Ejusdem.
2282 1304 2552 1360 Dill'erunt
2605 1307 2749 1362 inter
2789 1324 2888 1374 se,
2926 1319 2983 1364 ut
3041 1312 3172 1366 mihi
3209 1311 3461 1377 videtur,

1883 1400 2060 1452 oratio
2086 1407 2139 1453 et
2175 1399 2512 1469 deprecatio.
2563 1399 2740 1470 Atque
2774 1403 2938 1457 etiam
2981 1403 3276 1473 Apostolus
3309 1403 3464 1474 plura.

1885 1488 2044 1542 simul
2094 1491 2312 1544 nomina
2346 1489 2449 1545 hoc
2492 1491 2811 1546 discrimine
2839 1494 3085 1562 posuisse
3130 1495 3346 1549 videtur
3377 1495 3462 1548 di-

1882 1593 2011 1636 cens
2041 1581 2118 1636 7‘:
2167 1601 2185 1633 ι
2216 1582 2458 1638 Obsecro
2496 1584 2725 1653 primum
2763 1587 3004 1639 omnium
3045 1584 3159 1638 ﬁeri
3203 1585 3462 1641 obsecra-

1883 1670 2093 1737 tiones,
2133 1673 2411 1727 orationes
2438 1713 2453 1737 ,
2498 1672 2894 1743 postulationes
2925 1715 2938 1739 ,
2968 1673 3132 1744 637
3163 1674 3462 1745 gratiarum

1883 1762 2162 1825 actiones,
2202 1781 2220 1814 ›
2263 1762 2684 1831 obsecratione,
2735 1775 2788 1818 ut
2841 1767 3078 1820 arbitror
3115 1765 3416 1820 orationem
3444 1804 3461 1831 ,

1881 1854 2134 1909 oratione
2181 1855 2605 1925 postulationem
2637 1896 2652 1922 ,
2688 1856 2774 1912 his
2801 1871 2930 1910 vero
2957 1856 3207 1912 omnibus
3257 1856 3460 1928 gratia-

1883 1962 2000 2000 rum
2032 1946 2303 2002 aclionem
2335 1948 2594 2018 majorem
2629 1947 2992 2003 constituens.
3029 1947 3263 2002 Dixerim
3293 1947 3463 2016 igitur

1880 2040 2172 2110 indigentis
2202 2048 2256 2096 et
2286 2056 2475 2096 eorum
2511 2041 2710 2111 quibus
2745 2040 2925 2112 aliqua
2962 2041 3178 2108 desunt,
3214 2055 3335 2095 esse
3361 2040 3462 2095 oh-

1879 2133 2272 2188 scerationem.
2302 2133 2434 2189 Cum
2471 2149 2600 2190 vero
2633 2135 2904 2190 intellecta
2931 2135 3043 2205 jam
3079 2135 3170 2191 Dei
3199 2133 3462 2204 dignitate

1879 2225 2086 2295 aliquid
2121 2234 2250 2296 peto
2292 2241 2321 2280 a
2356 2225 2484 2289 Deo,
2524 2235 2654 2282 tunc
2686 2241 2804 2282 oro.
2840 2228 2911 2281 At
2942 2243 3065 2283 eum
3107 2225 3369 2294 meipsmn
3401 2224 3458 2278 in

1880 2317 2024 2372 illius
2053 2318 2349 2372 amicitiam
2383 2334 2611 2389 prorsus
2642 2320 3013 2384 insinuavero,
3050 2329 3162 2373 tum
3200 2319 3308 2374 Deo
3334 2333 3459 2386 gra-

1881 2410 1986 2465 tias
2019 2424 2142 2482 ago.
2200 2429 2218 2461 ι
2255 2410 2387 2465 Dum
2425 2411 2632 2468 extollo
2673 2427 2869 2466 manus
2905 2427 3056 2466 meas
3101 2411 3168 2465 ad
3200 2409 3459 2480 templum

1879 2509 2124 2557 sanctum
2157 2514 2330 2557 tuum.
2365 2522 2384 2554 ι
2418 2501 2572 2573 Saepe
2594 2505 2659 2560 de
2689 2519 2946 2560 manuum
2972 2504 3274 2558 elevatiune
3295 2501 3459 2558 verba

1878 2589 2128 2648 fecimus.
2180 2594 2396 2665 Moyses
2454 2611 2646 2651 manus
2680 2598 2914 2662 extulit,
2957 2606 3012 2651 et
3069 2597 3231 2652 Israel
3281 2596 3461 2653 vietor

1877 2686 2070 2740 evasit.
2105 2685 2240 2742 Cum
2277 2703 2409 2744 vero
2444 2704 2638 2745 manus
2668 2691 2940 2761 deposuit,
2978 2691 3263 2761 prawaluit
3289 2689 3460 2745 Ama-

1878 2777 2049 2834 lec".
2082 2778 2183 2833 Et:
2216 2798 2234 2830 ι
2262 2779 2531 2836 Levantes
2562 2797 2728 2852 puras
2780 2797 2975 2836 manus
3007 2783 3127 2837 sine
3157 2783 3234 2836 ira
3266 2791 3320 2836 et
3349 2780 3460 2835 disc

1876 2874 2184 2943 ceptatione
2227 2874 2293 2928 ⁷⁸.
2338 2892 2357 2926 ι
2418 2874 2482 2929 Et
2529 2873 2660 2928 illud
2701 2873 2746 2906 "
2786 2891 2800 2928 :
2847 2893 2865 2926 ι
2899 2873 3145 2930 Elevatio
3200 2887 3458 2928 manuum

1877 2982 2124 3021 mearum
2155 2966 2483 3022 sacriﬁcium
2524 2965 2917 3036 vespertinum.
2953 2985 2971 3017 ι
3011 2964 3251 3020 Dixerim
3293 2963 3460 3034 igitur

1879 3074 2072 3116 manus
2113 3070 2330 3114 nostras
2378 3073 2503 3115 esse
2541 3067 2758 3114 nostras
2807 3058 3030 3128 pietatis
3085 3057 3348 3112 actiones.
3395 3052 3456 3110 Si

1881 3155 2190 3210 thesaurum
2223 3153 2275 3206 in
2304 3151 2457 3208 caelis
2475 3166 2890 3221 congregemus,
2921 3149 3161 3206 sublatas
3189 3151 3256 3206 ad
3285 3151 3456 3205 Deum

1877 3261 2072 3301 manus
2109 3244 2409 3311 habemus,
2454 3253 2505 3297 et
2552 3243 2764 3297 hostem
2799 3258 3140 3312 superamus.
3179 3241 3234 3296 Si
3275 3252 3455 3297 autem

1801 3365 1842 3422 ο
1880 3351 2072 3390 manus
2110 3345 2312 3390 nostrae
2344 3334 2593 3389 demissae
2627 3332 2828 3386 fuerint
2857 3373 2872 3398 ,
2911 3332 3052 3387 vinci
3103 3347 3203 3387 nos
3235 3346 3456 3387 necesse

1876 3437 1977 3484 est.
2008 3428 2143 3484 Cum
2174 3427 2338 3498 igitur
2366 3428 2432 3480 ad
2465 3427 2630 3481 Deum
2659 3424 2942 3480 elevavero
2971 3439 3165 3479 manus
3202 3439 3371 3486 meas,
3403 3433 3458 3477 et

1877 3535 1972 3589 per
1992 3534 2189 3574 manus
2221 3519 2417 3573 animae
2445 3519 2512 3573 ad
2539 3518 2714 3588 ipsum
2747 3517 2994 3572 sublatus
3024 3516 3200 3584 fuero,
3227 3517 3454 3572 Amalec

1877 3629 1907 3667 a
1944 3627 2029 3666 me
2054 3612 2291 3667 vincitur
2313 3651 2328 3676 ,
2361 3620 2416 3664 et
2447 3611 2635 3666 nullibi
2677 3609 2967 3680 reperitur.
3017 3608 3205 3679 Itaque
3240 3609 3456 3666 elevare

1877 3720 2070 3759 manus
2117 3711 2336 3774 oportet
2383 3707 2450 3758 ad
2496 3703 2754 3773 templum
2811 3711 3063 3758 sanctum
3116 3702 3231 3755 Dei.
3281 3699 3455 3756 Porro

1878 3795 2134 3863 templum
2168 3796 2284 3860 Dei,
2318 3796 2492 3866 gloria
2528 3795 2650 3865 ejus
2683 3804 2785 3850 est.

1948 3881 2111 3936 Vens.
2147 3883 2199 3936 5.
2232 3880 2315 3936 Ne
2344 3882 2506 3935 simul
2528 3883 2709 3938 trahas
2743 3899 2823 3937 me
2843 3900 2962 3937 cum
2987 3883 3372 3952 peccatoribus,
3403 3893 3456 3937 et

1875 3990 1992 4028 cum
2022 3974 2358 4041 operantibus
2391 3975 2718 4043 iniquitatem
2745 3991 2806 4029 ne
2839 3977 3031 4038 perdas
3062 3991 3166 4040 me,
3223 3985 3333 4035 etc.
3395 3975 3454 4032 Si

1877 4065 1930 4119 in
1965 4065 2118 4120 nobis
2175 4065 2278 4120 hoc
2322 4075 2612 4134 utrumque
2665 4066 2830 4120 situm
2868 4075 2970 4131 est,
3027 4081 3126 4121 cur
3190 4067 3456 4122 honorum

1877 4155 1988 4210 Deo
2011 4171 2228 4211 causam
2268 4153 2496 4208 tribuit?
2533 4155 2612 4209 An
2655 4154 2801 4224 quod
2850 4154 3120 4210 interdum
3182 4155 3248 4208 ad
3309 4154 3455 4224 ejus-

1876 4246 2021 4300 modi
2048 4245 2295 4300 homines
2339 4244 2502 4298 simul
2539 4244 2706 4300 trahit
2739 4244 2882 4301 Deus
2907 4261 3030 4300 eum
3060 4260 3220 4316 quem
3246 4244 3457 4301 salvare

1875 4338 2098 4408 potest?
2128 4337 2471 4408 Quapropter
2496 4338 2906 4408 publicanorum
2934 4337 3144 4392 amicus
3170 4337 3346 4393 dictus
3373 4346 3458 4393 est

1877 4432 2150 4497 Salvator,
2176 4447 2296 4486 cum
2324 4433 2561 4502 alioquin
2586 4433 2720 4487 nihil
2750 4435 2816 4487 ab
2851 4432 2958 4487 illis
3001 4431 3310 4486 detrimenti
3359 4447 3455 4487 ca-

1875 4533 2046 4594 peret.
2083 4525 2236 4580 Hunc
2294 4525 2460 4596 igitur
2522 4524 2765 4578 habitum
2823 4531 2879 4576 ut
2943 4521 3131 4576 induat
3181 4523 3451 4591 exposcit.

1877 4613 2132 4670 Fortasse
2165 4631 2293 4670 vero
2339 4628 2659 4682 magnorum
2711 4621 3079 4682 peccatorum,
3141 4612 3324 4684 quales
3375 4613 3458 4667 in-

165 4709 328 4782 μετὰ
349 4709 553 4782 πόρνης
577 4709 796 4778 γέγονεν
823 4711 851 4762 6
872 4707 1080 4780 Σωτὴρ,
1117 4707 1229 4762 ἀλλ’
1262 4706 1492 4779 ᾀδούσης
1519 4707 1770 4779 εἰρηνικὰ

1885 4706 2030 4762 ducit
2051 4722 2142 4763 eos
2169 4708 2285 4778 qui,
2311 4723 2431 4776 qum
2449 4723 2554 4762 non
2579 4709 2840 4773 sentiunt,
2870 4707 3186 4775 loquuntur,
3227 4720 3455 4762 consor-

155 4803 278 4858 καὶ
310 4801 570 4856 τάναντία
593 4797 969 4872 λογιζομένης.

258 4984 371 5039 Τοῦ
394 4983 599 5038 αὐτοῦ.
634 4983 730 5046 Τίς
762 4982 922 5055 χρεία
962 4981 1136 5037 ταῦτα
1173 4980 1427 5050 λέγεσθαι
1461 4981 1606 5053 (26);
1650 4982 1768 5054 ἢτοι

148 5080 291 5151 γὰρ
315 5080 488 5141 ποιεῖς
503 5077 601 5148 τὴν
623 5076 872 5148 ἀνομίαν,
908 5075 1003 5130 καὶ
1032 5075 1390 5130 συναπολλύει
1420 5093 1499 5141 σε,
1540 5076 1632 5128 καὶ
1667 5075 1772 5147 μά-

144 5191 279 5245 την
319 5171 496 5240 λέγεις
537 5169 708 5224 ταῦτα
744 5168 878 5240 πρὸς
909 5167 1060 5221 Θεὸν·
1089 5167 1123 5239 ἢ
1162 5168 1312 5221 οὐδὲν
1341 5170 1514 5232 ποιεῖς
1548 5168 1768 5238 ἄνομον,

139 5266 273 5322 καὶ
298 5262 401 5316 οὐκ
431 5261 684 5315 ἀπολλύει
707 5263 735 5314 6
761 5260 912 5324 Θεός.
953 5261 1012 5312 '0
1034 5260 1164 5323 Θεὸς
1195 5259 1305 5331 γὰρ
1332 5261 1429 5330 οὐχ
1457 5258 1630 5324 οὕτως
1657 5259 1770 5314 ἄδι-

137 5359 269 5421 κός
302 5359 441 5410 ἐστι.
477 5353 776 5426 Τολμῶμεν
805 5350 898 5408 οὖν
924 5353 1030 5407 ἀπὸ
1051 5352 1144 5408 τοῦ
1179 5353 1534 5424 Εὐαγγελίου,
1569 5354 1660 5406 κα)⁸
1691 5351 1773 5406 λέ-

289 5503 338 5536 ⁷δ
372 5501 390 5555 ι
419 5499 561 5554 Tim.
598 5515 658 5565 ιι,
693 5501 744 5554 1.
818 5499 864 5531 ⁷⁸
903 5499 1069 5554 Exod.
1108 5514 1238 5560 xv",
1271 5498 1353 5552 Η.

254 5627 372 5694 (9.5)
415 5625 481 5676 Ei
507 5623 654 5688 ναός
677 5622 992 5687 damnate.
1021 5621 1246 5676 Scheda:
1273 5620 1486 5686 Grabii,
1510 5627 1562 5676 et
1595 5621 1761 5674 codex

136 5694 578 5752 Cnislinianus.

256 5765 374 5835 (Ἣ)
428 5763 580 5835 Ἐμρὶ
612 5762 780 5816 δοκεῖ
807 5761 1130 5831 διαφέρειν,
1161 5773 1266 5819 etc.
1305 5760 1485 5816 Codex
1538 5759 1764 5816 Barocc.

136 5857 195 5894 c
209 5849 236 5891 ι
268 5833 476 5892 Catena
516 5833 770 5889 Barbari.

1879 4799 2012 4853 tium
2039 4799 2386 4869 deprecatur.
2418 4799 2549 4855 Nam
2581 4800 2706 4854 licet
2735 4799 2986 4855 Salvator
3014 4814 3134 4854 cum
3174 4801 3458 4856 meretrice

1879 4890 2065 4955 fuerit,
2092 4901 2148 4944 at
2185 4891 2269 4944 illa
2297 4890 2522 4960 paciﬁca
2553 4903 2606 4946 et
2637 4891 2913 4946 contraria
2944 4889 3244 4961 cogitabat.

1949 4981 2228 5050 Ejusdem.
2265 4981 2404 5048 Quid
2460 4997 2595 5050 opus
2625 4992 2708 5037 est
2745 4983 2858 5038 haec
2893 4982 3114 5037 dicere?
3171 4981 3255 5037 vel
3308 4984 3456 5038 enim

1884 5078 2018 5132 facis
2063 5077 2512 5145 iniquitatem,et
2564 5076 2725 5132 simul
2767 5078 2880 5132 haec
2944 5077 3119 5145 perdit
3167 5085 3240 5140 te,
3296 5086 3458 5144 atque

1881 5171 1994 5225 haec
2037 5169 2240 5224 frustra
2273 5169 2382 5223 Deo
2416 5169 2589 5235 dicis;
2618 5168 2698 5222 vel
2734 5168 2868 5223 nihil
2911 5165 3204 5222 committis
3260 5164 3454 5235 iniqui,

1875 5270 1930 5315 et
1954 5275 2292 5330 nequaquam
2325 5259 2501 5329 perdit
2527 5271 2576 5313 te
2600 5259 2757 5314 Deus.
2790 5257 2974 5328 Neque
2996 5259 3140 5314 enim
3171 5255 3314 5311 Deus
3348 5265 3452 5309 tam

1878 5353 2111 5422 injustus
2138 5360 2241 5406 est.
2276 5351 2559 5406 Audemus
2589 5351 2775 5420 itaque
2798 5365 2862 5404 ex
2893 5346 3188 5418 Evangelia
3221 5356 3275 5403 et
3315 5345 3452 5402 dici-

1428 5495 1517 5550 "l
1549 5497 1688 5550 'l‘im.
1717 5512 1776 5559 ιι,
1798 5495 1852 5552 8.
1931 5496 1974 5526 ⁷⁷
1997 5493 2142 5550 Psal.
2171 5508 2297 5558 CXL,
2326 5494 2382 5548 2.

1938 5615 2051 5699 (25)
2083 5617 2164 5699 ,Εἰ
2189 5615 2280 5685 ἐφ’
2307 5614 2472 5686 ἡμῖν.
2504 5625 2610 5671 etc.
2641 5613 2820 5670 Codex
2854 5610 3204 5682 Anglicanus,
3239 5607 3449 5664 Catena

1866 5688 2194 5839 Ιῗᾛὲὸῃῖίς
2248 5756 2419 5826 χρεία
2472 5756 2657 5811 ταῦτα
2715 5754 3031 5825 λέγεσθαι,
3080 5758 3185 5808 etc.
3247 5749 3450 5807 Corde-

1870 5843 2006 5885 “US.

3467 5936 3494 5947 Α
3511 5941 3513 5943 ,
