3986 6384
428 221 560 278 1-287

1877 217 1965 271 EX
1995 217 2296 276 ORIGENE

3547 233 3692 289 1288

425 351 566 399 mus,
597 334 760 390 Deum
793 330 952 388 simul
980 331 1200 387 trahere
1227 328 1430 398 justum
1455 345 1578 384 cum
1600 330 1975 399 peccatoribus

2103 347 2290 402 γομεν,
2331 333 2412 386 ὅτι
2435 333 2463 385 6
2492 333 2624 398 Θεὸς
2651 333 2893 388 συνέλκει
2916 334 3005 388 τὸν
3027 334 3231 390 δίκαιον
3264 340 3400 409 μετά
3425 341 3692 416 ἀμαρτω-

425 427 582 482 simul
613 427 828 479 trahere
858 424 1068 492 justum
1120 432 1346 494 propter
1391 433 1727 494 pecratores,
1765 434 1818 476 et
1875 438 2002 492 ope-

428 530 610 574 rantes
641 517 979 587 iniquitatem
1019 525 1078 570 ut
1130 515 1267 570 salvi
1325 515 1476 570 iiant.
1515 513 1614 582 Qui
1667 524 1845 567 autem
1881 529 1998 585 my-

425 613 652 666 sterium
693 612 794 664 hoc
818 625 923 662 non
960 617 1244 670 noverant,
1273 607 1573 677 arguebant
1597 605 1780 660 Jesum
1808 607 2001 662 dicen-

427 711 505 756 tes
529 701 618 754 ":
661 721 676 751 ι
718 701 1012 754 Manducas
1063 709 1116 754 et
1169 699 1306 753 bibis
1362 714 1484 752 cum
1534 699 1933 768 peccatoribus.
1977 717 1993 748 ι

426 793 543 864 Ipse
577 802 754 847 autem
786 792 1013 846 multum
1045 792 1253 854 aberat,
1289 798 1346 843 ιιι
1379 791 1446 844 ab
1515 790 1646 858 ipsis
1699 790 2000 844 detrimen-

424 895 535 940 tum
566 891 804 953 caperet.
847 881 1158 949 Quinetiam
1199 880 1332 948 ipsis
1379 877 1653 948 proderat.
1714 877 1806 932 Sic
1832 879 1994 932 etiam

423 975 713 1044 contingit,
736 988 858 1028 cum
884 972 1154 1043 quispiam
1191 971 1393 1025 Christi
1442 970 1679 1024 imitator
1710 969 1810 1024 hoc
1847 968 1993 1022 facit.

424 1065 481 1122 Si
511 1067 632 1136 quis
665 1077 844 1121 autem
900 1067 1196 1134 imparatus
1245 1072 1300 1117 et
1355 1061 1638 1116 imbecillis
1671 1061 1722 1115 in
1785 1071 1993 1116 tantum

423 1159 722 1230 periculum
757 1173 814 1212 se
833 1157 1111 1227 conjiciat,
1139 1167 1199 1209 ut
1229 1169 1351 1208 cum
1376 1155 1755 1223 peccatoribus
1777 1164 1831 1208 et
1868 1169 1997 1224 Ope--

421 1251 674 1304 rantibus
716 1249 1058 1318 iniquitatem
1088 1256 1465 1312 conversetur,
1499 1261 1674 1314 neque
1699 1246 1830 1314 ipsis
1867 1262 1993 1314 pro-

2103 420 2230 486 λῶν,
2275 423 2519 478 συνέλκει
2550 426 2639 478 τὸν
2661 427 2868 479 δίκαιον
2900 427 2984 481 διά
3007 430 3131 492 τοὺς
3168 431 3541 500 ἁμαρτωλοὺς,
3590 439 3690 490 καὶ

2101 516 2226 578 τοὺς
2254 515 2652 588 ἐργαζομένους
2686 519 2786 588 τὴν
2820 519 3067 590 ἀνομίαν,
3109 520 3198 575 ἵνα
3229 522 3490 579 σωθῶσιν.
3525 527 3588 579 Οἱ
3627 527 3688 582 δὲ

2105 605 2178 678 μὴ
2217 607 2415 671 εἰδότες
2442 609 2597 662 τοῦτο
2624 609 2684 662 τὸ
2717 612 3011 682 μυστήριον
3055 613 3339 668 ἐνεκάλουν
3363 615 3438 686 τῷ
3485 618 3688 687 Ἰησοῦ,

2100 697 2366 765 λέγοντες·
2410 717 2430 748 t
2485 699 2710 763 ἘσΘίεις
2768 702 2860 754 καὶ
2899 703 3072 766 πίνεις
3107 703 3247 775 μετά
3277 705 3384 758 τῶν
3416 692 3653 779 ἁμαρτω

2099 788 2224 843 λῶν.
2267 808 2285 841 ι
2334 789 2505 852 Αὐτὸς
2535 789 2591 842 δὲ
2621 793 2837 864 μακρὰν
2874 787 2940 863 ἦν
2987 795 3084 864 τῆς
3117 796 3211 848 ἀπ’
3241 795 3417 849 αὐτῶν
3452 797 3686 869 βλάϐης,

2101 883 2237 953 πρὸς
2262 881 2322 935 τὸ
2354 880 2446 934 καί¹
2470 881 2698 951 ὠφελεῖν
2732 885 2947 946 αὐτούς.
2983 885 3138 938 Οὕτω
3165 887 3257 939 καὶ
3280 885 3420 948 εἴτις
3437 887 3684 960 Χριστοῦ

2103 974 2345 1046 μιμητὴς
2405 973 2560 1026 τοῦτο
2615 979 2776 1031 ποιεῖ.
2824 976 2946 1028 Ἐἀν
2981 978 3230 1047 μέντοιγέ
3279 997 3363 1043 τις
3407 981 3482 1052 μὴ
3513 999 3688 1054 παρε-

2100 1065 2465 1135 σκευασμένος
2490 1061 2545 1137 ᾖ,
2581 1067 2714 1136 μηδέ
2760 1065 2984 1138 δύναμιν
3018 1067 3175 1139 ἔχων,
3212 1069 3546 1143 ἐμϐάλληται
3599 1073 3687 1135 εἰς

2096 1155 2345 1210 τοσοῦτον
2405 1155 2666 1219 κίνδυνον,
2699 1156 2835 1211 ὥστε
2868 1159 3116 1228 γενέσθαι
3165 1161 3302 1232 μετὰ
3338 1163 3684 1234 ἁμαρτωλῶν

2095 1249 2189 1303 καὶ
2212 1248 2320 1302 τῶν
2335 1249 2712 1320 ἐργαζομένων
2729 1250 2828 1322 τὴν
2852 1251 3096 1322 ἀνομίαν,
3128 1252 3249 1306 οὔτε
3273 1254 3509 1317 ἐκείνους
3533 1255 3684 1322 ὡφε-

422 1342 582 1408 derit,
610 1352 664 1397 et
701 1341 942 1410 seipsum
977 1339 1181 1410 perdet.
1223 1338 1492 1409 Pwpheta
1542 1336 1706 1406 igitur
1747 1338 1835 1391 hic
1881 1337 1980 1390 vuil

2094 1329 2401 1410 λήσει,”καὶ
2436 1339 2626 1392 ἐαυτὸν
2676 1340 3091 1411 προσαπολέσει.
3127 1343 3425 1414 Τοιγαροῦν
3455 1343 3552 1396 καὶ
3592 1345 3684 1396 ἐν-

421 1449 542 1490 sese
569 1434 917 1505 praemunire,
947 1444 1005 1488 ut
1043 1435 1215 1504 possit
1241 1434 1458 1502 quidem
1485 1447 1609 1487 cum
1649 1431 1817 1503 638
1863 1445 1980 1501 pec-

2094 1430 2218 1485 Θάδε
2260 1433 2289 1484 ὀ
2339 1430 2622 1502 προφήτης
2679 1431 3114 1503 παρασκευάζειν
3165 1433 3356 1486 ἐαυτὸν
3401 1433 3679 1504 βούλεται,

420 1526 697 1580 catorihus
727 1534 782 1579 et
818 1524 1156 1595 iniquitatem
1177 1526 1534 1594 operantibus
1557 1527 1786 1587 versari,
1819 1539 1980 1593 llthlN.

2092 1523 2232 1577 ὥστε
2261 1523 2515 1577 δύνασθαι
2554 1524 2652 1594 μὲν
2674 1519 2810 1576 εἶναι
2848 1524 2983 1593 μετά
3016 1524 3350 1595 ἁμαρτωλῶν
3381 1527 3474 1579 καὶ
3505 1527 3684 1597 ἐργα-

421 1623 606 1670 tamen
636 1631 758 1671 cum
794 1616 904 1672 illis
947 1617 1109 1672 simul
1148 1617 1309 1672 trahi.
1338 1617 1610 1674 Fortassis
1637 1634 1766 1673 vero
1801 1633 1980 1688 pecca-

2094 1615 2337 1686 ζομὲνων
2369 1615 2616 1686 ἀνομίαν,
2651 1616 2724 1686 μὴ
2749 1615 3170 1686 συνελκυσθῆναι
3203 1615 3259 1670 δὲ
3289 1616 3489 1680 αὐτοῖς.
3511 1619 3681 1682 Ἴσως

423 1717 569 1762 tores
599 1708 692 1778 qui
730 1724 792 1763 ea
847 1724 964 1776 qua:
990 1709 1171 1763 curari
1215 1721 1509 1778 nequeunt,
1540 1710 1855 1776 admittunt,
1893 1710 1980 1765 de-

2093 1705 2149 1759 ὃέ
2182 1706 2428 1772 καὶτοὺς
2478 1706 2547 1760 τὰ
2592 1705 2787 1760 ἀνίατα
2835 1707 3245 1778 ἁμαρτάνοντας
3301 1711 3678 1780 παραιτεῖται,

423 1809 674 1868 testatur,
709 1817 832 1857 cum
867 1801 971 1856 hoc
1001 1802 1154 1856 dicit.
1186 1801 1327 1856 Nam
1377 1802 1584 1856 addidit
1615 1820 1627 1856 :
1695 1823 1713 1854 ι
1752 1803 1852 1870 Qui
1921 1803 1980 1858 lo

2091 1797 2250 1853 τοῦτο
2277 1800 2466 1869 λέγων.
2507 1799 2617 1852 Καὶ
2641 1799 2747 1871 γὰρ
2791 1799 3119 1871 προσέθηκεο
3163 1818 3180 1850 t
3219 1799 3338 1853 Τῶν
3367 1800 3682 1856 λαλούντων

418 1903 660 1964 quuutur
697 1908 888 1963 pacem
916 1907 1038 1946 cum
1076 1894 1326 1962 proximo
1360 1909 1480 1960 suo,
1512 1896 1656 1974 maia
1701 1906 1882 1951 autem
1936 1896 1980 1950 in

2090 1893 2316 1963 εἰρήνην
2347 1891 2483 1962 μετὰ
2511 1890 2620 1944 τῶν
2648 1891 2872 1961 πλησίον
2906 1888 3104 1955 αὐτῶν,
3150 1891 3296 1946 κακά
3328 1892 3384 1945 δέ
3433 1895 3490 1946 ἐν
3539 1911 3681 1965 καρ-

418 1986 672 2040 cordibus
695 1999 904 2039 eorum.
940 2004 958 2036 ι
997 1985 1170 2041 Valde
1208 1987 1353 2041 enim
1384 1987 1530 2055 impii
1557 1997 1705 2052 sunt,
1730 1988 1857 2056 quia
1889 2001 1980 2042 nec

2090 1979 2227 2044 δίαις
2251 1981 2448 2035 αὐτῶν.
2487 2002 2506 2034 ι
2536 1982 2746 2051 Σφόδρα
2772 1981 2881 2050 γάρ
2914 1981 3148 2046 ἀσεϐεῖς,
3174 1983 3254 2036 ὅτι
3280 1982 3401 2038 οὔτε
3429 1984 3505 2048 ὠς
3529 1985 3677 2054 φίλοι

419 2085 476 2129 ut
500 2075 660 2130 amici
688 2074 868 2130 all'ecti
893 2087 1042 2138 sunt.
1077 2092 1250 2147 neque
1296 2088 1355 2132 ut
1394 2077 1601 2132 inimici
1658 2079 1984 2148 loquuntur;

417 2167 509 2222 sed
541 2169 823 2223 continent
847 2170 1062 2239 quidem
1107 2169 1450 2224 inimicitiam
1480 2169 1533 2222 in
1561 2168 1775 2238 seipsis,
1805 2167 1986 2223 verbis

415 2268 598 2312 autem
673 2259 912 2328 pacilicis
970 2257 1236 2315 simulant
1308 2259 1630 2313 amicitiam.
1677 2258 1984 2315 istiusmodi

415 2357 594 2403 autent
619 2348 932 2404 hominibus
961 2350 1093 2404 nihil
1119 2359 1204 2404 est
1238 2350 1634 2405 detestabilius.
1693 2349 1851 2406 Tales
1887 2349 1988 2404 ita-

414 2455 522 2510 que
572 2441 656 2494 vir
695 2441 876 2510 justus
913 2451 1214 2496 aversatur.
1269 2440 1464 2496 Videte
1517 2441 1662 2496 enim
1716 2439 1986 2511 quomodo

413 2535 576 2588 etiam
619 2533 871 2588 Salvator
921 2543 1106 2588 noster
1165 2549 1288 2589 cum
1339 2533 1720 2603 peccatoribus
1765 2530 1983 2602 quidem

414 2637 767 2680 conversatus
805 2626 989 2692 fuerit,
1025 2636 1226 2682 etcum
1257 2625 1567 2690 meretrice,
1599 2625 1693 2680 sed
1727 2639 1834 2678 non
1860 2637 1982 2678 cum

415 2713 530 2780 tali,
555 2731 674 2785 quae
706 2715 1018 2786 loqueretur
1043 2717 1261 2786 quidem
1311 2717 1560 2786 paciﬁca,
1611 2715 1752 2770 mala
1804 2723 1982 2767 autem

414 2805 468 2861 in
537 2808 701 2862 corde
766 2822 865 2864 suo
931 2807 1178 2862 haberet.
1236 2807 1332 2863 Vel
1403 2817 1659 2879 precatur
1713 2806 1898 2862 dicens
1965 2822 1979 2858 :

361 2895 542 2955 .Cutn
590 2899 774 2967 inique
818 2909 1067 2968 agentem
1101 2900 1326 2956 omnino
1377 2909 1635 2971 sequatur
1691 2899 1981 2964 interitus;

2087 2070 2403 2136 διάκεινται,
2427 2071 2548 2125 οὔτε
2584 2073 2660 2136 ὡς
2696 2072 2878 2144 ἐχθροὶ
2909 2072 3178 2138 λαλοῦσιν,
3211 2075 3326 2128 ἀλλ’
3355 2076 3535 2146 ἔχουσι
3573 2077 3678 2148 μὲν

2089 2162 2185 2232 τὴν
2222 2162 2418 2234 ἔχθραν
2459 2165 2516 2219 ἐν
2552 2166 2785 2229 ἐαυτοῖς,
2817 2164 2996 2233 λόγοις
3027 2165 3085 2218 δὲ
3120 2169 3411 2239 εἰρηνικοῖς
3438 2170 3672 2242 ὑποκρί-

2088 2271 2266 2308 νονται
2285 2256 2485 2324 φιλίαν.
2513 2255 2632 2310 Τῶν
2653 2255 2709 2310 δὲ
2729 2256 2981 2310 τοιούτων
3011 2257 3312 2330 ἀνθρώπων
3329 2260 3673 2334 μιαρώτερον

2087 2345 2186 2398 οὐκ
2214 2345 2348 2402 ἐστι.
2387 2347 2524 2411 Τοὺς
2574 2343 2666 2401 οὖν
2694 2349 2964 2415 τοιούτους
2997 2351 3024 2403 6
3051 2350 3257 2415 δίκαιος
3298 2356 3660 2424 παραιτεῖται

2098 2437 2289 2508 Ὁρᾶτε
2319 2437 2425 2510 γάρ
2453 2439 2528 2503 ὠς
2561 2441 2654 2494 καὶ
2679 2443 2707 2495 6
2735 2442 2923 2515 Σωτὴρ
2969 2444 3124 2515 ἡμῶν
3152 2445 3291 2515 μετά
3327 2446 3672 2518 ἁμαρτωλῶν

2089 2528 2303 2597 ἐγένετο
2329 2530 2422 2583 καὶ
2446 2532 2580 2601 μετά
2610 2533 2830 2606 πόρνης,
2865 2536 2925 2588 ού
2958 2535 3140 2607 μέντοι
3173 2536 3440 2609 λαλούσης
3465 2539 3568 2608 μέν
3592 2541 3673 2593 εἰ-

2087 2619 2313 2693 ρηνικὰ,
2336 2621 2481 2676 κακά
2499 2623 2556 2677 δὲ
2590 2625 2819 2697 ἐχούσης
2840 2628 2896 2680 ἐν
2915 2629 2980 2698 τῇ
3005 2628 3202 2700 καρδίᾳ
3231 2629 3450 2701 ἑαυτῆς.
3477 2631 3550 2682 ’Β
3576 2630 3669 2683 εὖ·

2085 2726 2236 2780 χεται
2274 2711 2465 2781 λέγων’
2535 2715 2685 2770 Ἐπεὶ
2733 2718 2950 2782 πάντως
2982 2719 3060 2789 τῷ
3108 2720 3376 2774 ἀδικοῦντι
3419 2721 3663 2775 ἀπώλεια

2085 2799 2296 2867 ἕπεται,
2345 2805 2690 2880 δικαιοσύνην
2729 2809 2982 2881 παρέχων
3019 2828 3130 2882 μοι,
3181 2812 3255 2886 μὴ
3288 2813 3453 2886 ἐάσῃς
3487 2831 3556 2884 με
3605 2817 3665 2868 ἐν

2084 2891 2268 2966 ἀδικίᾳ
2295 2897 2568 2964 γενέσθαι,
2603 2900 2750 2964 ὅπως
2784 2900 2858 2972 μὴ
2895 2901 3181 2975 ἀπόλωμαι
3212 2903 3469 2976 μετὰτῶν
3500 2907 3665 2980 ἐργα-

406 2988 674 3058 justitiam
709 2991 837 3045 mihi
862 2993 1131 3062 praebens,
1171 3007 1238 3047 ne
1267 2995 1552 3063 permittas
1583 3007 1668 3046 me
1693 2989 1897 3046 versari
1926 2990 1978 3044 in

2090 2986 2326 3058 ζομένων
2353 2989 2543 3060 αὑτήν.

416 3078 722 3150 iniquitate,
755 3095 820 3135 ne
845 3082 1006 3136 simul
1036 3098 1254 3153 peream
1282 3098 1404 3138 cum
1439 3084 1506 3138 iis
1530 3083 1621 3152 qui
1651 3082 1798 3137 illam
1851 3095 1982 3152 ope-

411 3183 622 3226 rantur.

481 3259 726 3336 VERSJ.
761 3264 844 3319 Da
873 3266 1001 3332 illis,
1043 3265 1299 3332 Domine,
1349 3266 1638 3321 secundum
1685 3283 1842 3334 opera
1895 3281 1981 3320 eo-

413 3371 552 3422 rum,
580 3367 628 3412 et
689 3362 979 3414 secundum
1033 3361 1322 3432 nequitiam
1370 3347 1983 3438 adinvenlionupllpso-

410 3465 548 3514 rum,
573 3461 679 3505 etc.
715 3449 966 3508 Postulat
1013 3468 1110 3522 per
1141 3453 1480 3522 disciplinam
1523 3452 1642 3508 illos
1675 3441 1870 3522 allligi,
1922 3463 1982 3506 ut

409 3556 636 3611 peccare
668 3543 958 3598 desistant.
996 3541 1173 3612 Opera
1210 3558 1341 3598 vero
1372 3544 1585 3599 occulta
1617 3543 1749 3598 dicit
1779 3560 1794 3598 :
1852 3558 1976 3598 nam

409 3633 549 3686 mala
586 3635 638 3687 in
670 3635 928 3689 cordibus
963 3633 1342 3706 loquebantur.

480 3723 757 3795 Ejusdem.
793 3727 1060 3783 Docemur
1091 3729 1177 3792 his
1199 3729 1378 3786 verbis
1421 3737 1645 3799 peccata
1683 3726 1864 3784 omnia
1885 3725 1978 3781 de-

405 3833 632 3888 ponere.
663 3818 719 3873 Si
752 3821 895 3873 enim
927 3837 1034 3876 non
1068 3837 1257 3877 sumus
1292 3823 1664 3893 puri,oportet
1696 3835 1794 3876 nos
1820 3817 1978 3890 puni-

405 3907 480 3971 ri,
503 3916 562 3961 ut
590 3909 1302 3980 corrigantur.tSecundum
1338 3928 1526 3983 opera,
1553 3931 1572 3964 ι
1594 3911 1790 3980 inquit,
1825 3927 1843 3961 ι
1867 3923 1977 3964 ma-

403 4015 568 4054 nuum
596 4014 786 4057 eorum
819 4003 996 4059 tribue
1031 4003 1157 4072 illis,
1191 4024 1210 4057 ι
1245 4006 1402 4076 quasi
1433 4006 1577 4060 dicat
1619 4020 1634 4058 :
1667 3995 1973 4058 Secundum

400 4106 570 4161 opera
611 4092 856 4162 ipsorum
891 4096 1124 4163 occulta,
1157 4097 1321 4152 redde
1349 4095 1760 4152 retributionem
1785 4109 1972 4150 eorum

401 4182 556 4253 ipsis.
586 4183 686 4252 Qui
718 4187 1010 4258 perspicax
1041 4198 1143 4252 est,
1177 4198 1232 4243 et
1254 4188 1550 4260 prudenter
1586 4202 1673 4243 res
1721 4187 1972 4260 aggredi-

400 4282 512 4341 tur,
577 4277 626 4332 is
668 4293 836 4349 prava
890 4289 1148 4350 tanquam
1197 4280 1361 4336 noxia
1413 4289 1716 4347 aversatur,
1765 4279 1971 4353 eligens

2154 3257 2266 3324 Δὸς
2293 3258 2515 3325 αὐτοῖς,
2542 3261 2734 3327 Κύριε,
2763 3263 2909 3316 κατὰ
2928 3262 3000 3316 τὰ
3028 3263 3172 3334 ἔργα
3202 3263 3400 3334 αὐτῶν·
3426 3264 3525 3318 καί
3555 3284 3661 3320 καρ

2080 3349 2153 3403 τὰ
2177 3349 2290 3418 τὴν
2305 3352 2599 3420 πονηρίαν
2614 3352 2732 3405 τῶν
2745 3354 3453 3424 ἐπιτηδευμάτων-αὑτῶν,
3469 3375 3522 3411 κ.
3541 3375 3592 3413 τ.
3608 3360 3656 3414 ἐ.

2080 3442 2234 3495 Αἰτεῖ
2261 3443 2456 3508 αὐτοὺς
2488 3444 2596 3514 (29)
2623 3446 2938 3517 κακωθῆναι
2976 3447 3065 3502 διά
3095 3449 3361 3514 παιδείας,
3393 3452 3540 3514 ὅπως
3592 3451 3660 3506 ἄν

2081 3529 2395 3589 παύσίωνται
2440 3535 2900 3606 πλημμελοῦντες.
2940 3539 3114 3610 Ἔργα
3151 3540 3208 3594 δὲ
3250 3541 3493 3610 λέγειτά
3523 3561 3661 3613 κρυ-

2079 3623 2206 3676 πτά’
2242 3625 2386 3677 κακά
2414 3624 2522 3697 γὰρ
2551 3627 2608 3678 ἐν
2633 3629 2752 3690 ταῖς
2781 3627 3030 3698 καρδίαις
3060 3629 3298 3684 ἐλάλουν.

2155 3717 2264 3769 Τοῦ
2292 3716 2496 3772 αὐτοῦ.
2535 3719 2907 3790 Διδασκόμεθα
2942 3721 3048 3774 ὑπὸ
3080 3721 3172 3775 τοῦ
3197 3723 3353 3793 λόγου
3383 3725 3492 3795 (24)
3520 3726 3658 3779 ἀπο-

2079 3805 2262 3860 θέσθαι
2293 3806 2468 3862 πάντα
2495 3807 2563 3862 τὰ
2595 3811 2984 3882 ἁμαρτήματα·
3019 3815 3066 3866 εἰ
3094 3813 3201 3886 γὰρ
3230 3816 3329 3868 οὐκ
3359 3816 3526 3887 ἐσμὲν
3550 3836 3656 3870 κα-

2078 3895 2253 3968 Θαροὶ,
2276 3896 2357 3950 δεῖ
2374 3898 2518 3983 ημᾶς
2546 3897 2896 3969 κολασθῆναι,
2924 3899 3010 3953 ἵνα
3034 3901 3423 3971 παιδευθῶμεν.
3457 3921 3476 3952 ι
3496 3903 3657 3957 Κατά

2073 3986 2146 4040 τὰ
2178 3988 2313 4061 ἔργα
2353 3990 2460 4043 τῶν
2511 3989 2710 4061 χειρῶν
2739 3990 2937 4056 αὐτῶν,
2978 4010 2996 4043 ι
3037 3994 3188 4064 φησὶ,
3225 4012 3243 4043 ι
3279 3994 3366 4059 δὸς
3392 3995 3594 4060 αὐτοῖς’
3632 4017 3650 4047 ι

2074 4079 2206 4133 ὡσεὶ
2247 4080 2422 4149 ἐλεγευ
2456 4083 2611 4135 Κατά
2649 4082 2716 4135 τά
2749 4083 2967 4152 κρυπτά
2996 4083 3101 4136 τῶν
3135 4084 3310 4157 ἔργων
3353 4086 3551 4150 ἀπόδος
3594 4087 3657 4140 τὸ

2075 4173 2419 4246 ἀνταπόδομα
2459 4173 2638 4227 αὐτῶν
2678 4175 2879 4239 αὐτοῖς.
2929 4176 2988 4228 Ὀ
3019 4175 3322 4248 διορατικὺς
3349 4180 3654 4250 ἐπιστημο-

2073 4266 2238 4330 νικῶς
2265 4269 2377 4330 τοῖς
2406 4267 2692 4340 πράγμασι
2721 4268 3154 4340 προσερχόμενος
3179 4269 3253 4332 ὡς
3285 4268 3556 4338 βλαπτικά
3586 4270 3654 4325 τὰ

399 4369 540 4424 bona
584 4386 705 4440 qua:
768 4371 923 4426 utilia
972 4381 1120 4428 sunt.
1182 4372 1466 4444 improbus
1515 4387 1642 4428 vero
1699 4372 1972 4443 voluptate

2090 4357 2258 4428 ραῦλα
2282 4359 2701 4430 ἀποστρέφεται,
2725 4360 3046 4432 αἱρούμενος
3069 4360 3138 4414 τά
3169 4359 3367 4428 ἀγαθὰ,
3399 4360 3653 4432 ὠφέλιμα

398 4462 649 4530 allectus,
699 4476 965 4534 operatur
1028 4466 1208 4534 mala,
1250 4481 1357 4521 non
1400 4465 1754 4522 considerans
1805 4483 1968 4538 quam

400 4553 562 4606 noxia
589 4555 719 4610 sint.
751 4554 884 4634 Cum
914 4556 1102 4626 itaque
1125 4557 1336 4614 ratione
1365 4572 1470 4612 non
1519 4557 1785 4629 percipiat
1839 4558 1967 4628 quid

399 4644 453 4699 iu
483 4645 565 4698 eis
587 4645 657 4699 sit
682 4648 925 4716 noxium,
956 4658 1112 4720 rogat
1146 4649 1224 4704 vir
1245 4657 1464 4705 sanctus
1489 4651 1788 4704 secundum
1838 4663 1965 4720 ope-

398 4749 458 4789 ra
505 4750 598 4790 sua
661 4737 885 4792 retribui
948 4739 1049 4793 sibi
1083 4753 1148 4795 ea
1177 4753 1294 4810 qua:
1338 4739 1558 4793 molesta
1599 4748 1742 4803 sunt,
1787 4747 1846 4792 ut
1882 4737 1968 4792 vel

396 4825 467 4879 ob
489 4825 770 4885 molestias
804 4829 944 4885 mala
975 4829 1145 4902 fugiat
1170 4846 1288 4902 qua:
1333 4831 1588 4903 supplicii
1649 4829 1751 4900 ipsi
1799 4844 1966 4886 causa

397 4916 616 4975 fuerint.

468 5011 731 5076 Quoniam
765 5030 866 5068 non
892 5014 1259 5071 intellexerunt
1289 5015 1344 5068 in
1372 5029 1530 5083 opera
1555 5010 1802 5075 Domini,
1829 5019 1879 5065 et
1906 5010 1961 5064 in

395 5117 550 5171 opera
573 5121 826 5162 manuum
861 5106 999 5176 ejus,
1046 5117 1150 5162 etc.
1205 5107 1378 5176 Opera
1416 5102 1626 5160 Domini
1661 5103 1797 5157 forte
1834 5109 1962 5155 sunt

393 5209 512 5262 quae
547 5195 818 5253 intellectu
860 5199 1254 5270 percipiuntur,
1284 5212 1450 5267 opera
1477 5204 1657 5250 autem
1699 5207 1956 5247 manuum

389 5285 510 5354 ejus
565 5288 799 5346 arbitror
857 5307 978 5347 esse
1028 5307 1091 5347 ea
1160 5305 1282 5362 qua:
1347 5289 1450 5345 sub
1493 5301 1686 5344 sensus
1734 5285 1952 5342 cadunt.

466 5404 514 5437 ⁷³
548 5406 712 5463 Mare.
739 5425 802 5472 ιι,
840 5409 925 5464 16.

458 5523 572 5592 (‘27)
610 5521 776 5578 Αἰτεῖ
802 5522 1044 5587 αὐτούς,
1071 5532 1176 5575 etc.
1210 5520 1436 5576 Scheda:
1471 5518 1679 5575 Grabii.

459 5587 1014 5676 ,Αίδαο-κόρερρ
1052 5593 1169 5647 ὑπὸ
1218 5592 1322 5648 τοῦ
1374 5593 1583 5664 λόγου,
1623 5599 1729 5646 etc.
1779 5587 1958 5646 Codex

386 5663 767 5727 Coisliuianus.
796 5679 853 5719 ιι.
882 5663 1004 5718 189.

2075 4448 2220 4505 ὄντα.
2258 4451 2314 4505 '0
2342 4450 2398 4504 δὲ
2424 4450 2644 4520 φαῦλος,
2674 4452 2833 4524 ἡδονῇ
2867 4451 3208 4522 Θελγόμενος,
3240 4449 3529 4523 ἐργάζεται
3583 4452 3650 4506 τὰ

2075 4541 2240 4606 κακὰ,
2273 4543 2372 4613 οὐχ
2409 4541 2549 4614 ὀρῶν
2578 4542 2756 4596 αὐτῶν
2787 4542 2848 4596 τὸ
2883 4541 3160 4614 βλαϐερόν.
3201 4542 3351 4596 Ἐπεὶ
3379 4538 3472 4596 οὖν
3500 4541 3650 4611 λογι-

2074 4635 2186 4700 κῶς
2218 4637 2316 4689 οὐκ
2362 4637 2671 4691 αἰσθάνεται
2710 4635 2823 4690 τῶν
2858 4634 3157 4706 βλαϐερῶν,
3193 4633 3407 4705 εύχεται
3432 4637 3462 4688 6
3495 4635 3651 4702 ἅγιος

2075 4729 2326 4782 ἀποτῖσαι
2375 4728 2525 4799 αὐτῷ
2556 4727 2694 4781 κατά
2725 4726 2793 4781 τὰ
2839 4727 2973 4798 ἔργα
3009 4726 3172 4780 αὐτοῦ
3202 4727 3451 4790 ἐπίπονα,
3499 4727 3651 4789 ὅπως

2073 4820 2140 4874 ἂν
2172 4821 2261 4874 διὰ
2287 4822 2412 4882 τοὺς
2447 4821 2640 4883 πόνους
2667 4819 2991 4890 ἀποστραφῇ
3022 4816 3091 4870 τά
3121 4816 3284 4882 κακὰ,
3308 4818 3455 4870 αίτια
3487 4817 3648 4872 κολά-

2074 4930 2211 4978 σεως
2247 4912 2395 4984 αύτῷ
2421 4911 2782 4982 γεγενημένα.

2147 5008 2266 5059 ’Ότι
2319 5008 2390 5060 οὐ
2423 5003 2702 5073 συνῆκαν
2746 5006 2834 5069 εἰς
2869 5002 2942 5056 τὰ
2972 5000 3117 5072 ἔργα
3156 5000 3394 5068 Kvplov,
3431 4998 3530 5053 καί
3563 5001 3648 5065 εἰς

2067 5099 2140 5154 τὰ
2171 5100 2313 5168 ἔργα
2337 5097 2456 5150 τῶν
2479 5095 2691 5166 χειρῶν
2719 5094 2924 5158 αὑτοῦ,
2961 5111 3014 5147 κ.
3042 5111 3090 5146 τ.
3117 5095 3162 5147 ἐ.
3199 5093 3378 5163 Ἔργα
3410 5092 3507 5162 μὲν
3531 5094 3614 5145 Κυ
3638 5118 3648 5132 ·

2067 5191 2183 5262 ρίου
2211 5191 2319 5262 (29)
2358 5189 2499 5260 τάχα
2539 5188 2656 5240 ἐστὶ
2685 5186 2751 5240 τὰ
2782 5184 2968 5256 νοητὰ,
3004 5185 3139 5255 ἔργα
3171 5183 3226 5237 δὲ
3252 5183 3449 5256 χειρῶν
3480 5183 3644 5236 αὑτοῦ

2063 5283 2129 5336 τά
2177 5280 2410 5352 αἰσθητά
2466 5277 2688 5350 νομίζω.
2745 5295 2765 5328 t
2806 5275 2940 5345 Οὐχὶ
2991 5277 3024 5346 ἡ
3073 5275 3195 5346 χείρ
3255 5289 3390 5342 μου,
3457 5273 3640 5345 φησὶν,

2141 5510 2254 5582 (‘29)
2295 5509 2480 5582 Ἔργα
2519 5502 2636 5582 μὲν
2670 5504 3060 5582 Κυρζοοῂοιιξ2
3090 5501 3314 5582 Schedte
3354 5501 3539 5582 (ἔτειρίί
3585 5512 3638 5558 et

2067 5571 2250 5640 codex'
2318 5571 2705 5636 Coi'slinianus.
2754 5571 2975 5631 Similia
3035 5573 3152 5630 fere
3225 5573 3387 5629 habet
3466 5571 3636 5629 East.~

2066 5654 2211 5710 bius.
