3822 6500
169 269 192 322 Ι
205 269 312 324 289

1105 271 1416 330 SELECTA
1453 270 1523 327 IN
1562 269 1899 328 PSALMOS.
1935 301 2002 311 ——-
2035 269 2236 328 PSAL.
2277 266 2516 324 XXVIII.

3292 270 3431 326 1290

173 408 190 441 ι
227 389 450 460 ἐποίησε
489 390 659 445 ταῦτα
698 380 903 458 πάντας
935 412 955 445 ι
991 394 1062 447 Ἦ
1083 395 1224 464 τάχα
1252 394 1389 466 ἔργα
1419 393 1519 464 μὲν
1543 393 1735 466 Κυρίοι

1863 410 1880 443 ι
1919 389 2130 460 Nonne,
2161 391 2337 462 inquit
2365 391 2438 455 7’,
2465 402 2660 444 manus
2692 402 2816 444 mea
2848 387 2974 445 fecit
3009 389 3125 446 hzec
3143 391 3324 446 omnia
3352 393 3376 447 ί
3409 413 3428 445 ι

165 479 224 532 αί
250 480 461 550 ἀρεταὶ,
492 479 629 551 ἔργα
659 482 715 535 δὲ
739 483 935 552 χειρῶν
957 483 1122 538 αὐτοῦ
1144 487 1192 537 oi
1225 483 1372 552 λόγοι
1399 481 1507 537 τῶν
1533 481 1755 551 γεγονό-

165 589 292 624 των.
307 591 324 622 ι
338 572 600 636 Καθελεῖς
617 575 810 638 αὐτοὺς
827 576 919 628 καὶ
936 577 994 629 οὐ
1019 575 1092 647 μὴ
1109 575 1359 648 οἰκοδομή
1368 593 1480 640 σεις
1497 575 1714 639 αὐτούς.
1729 593 1748 626 ι

166 663 402 716 Καθελεῖ
449 663 652 734 Κύριος
707 665 807 729 τὰς
859 665 1002 733 ἕξεις
1061 665 1159 730 τὰς
1216 665 1491 738 πονηράς,
1541 666 1635 719 καὶ
1688 665 1748 717 οὐ

169 751 243 822 μὴ
283 750 362 803 ἔτι
411 754 754 824 συγχωρήσει
817 757 930 818 τοῖς
985 754 1355 826 οἰκοδομοῦσιν
1400 755 1752 826 οἰκοδομῆσαι

167 843 357 907 αὐτάς.

237 939 343 991 Kal
386 938 680 993 ἁνέθαλεν
706 941 744 1007 ἡ
777 941 933 1008 σάρξ
956 959 1099 1009 μου,
1135 958 1190 994 κ.
1231 959 1280 996 τ.
1319 944 1365 995 ὲ.
1413 941 1602 1013 Σάρκα
1653 940 1751 1011 μὲν

165 1028 418 1100 ὠνόμασε
449 1030 562 1102 ('50)
579 1031 676 1102 τὴν
695 1031 872 1102 ψυχὴν
897 1032 984 1086 διά
1012 1033 1072 1085 τὸ
1101 1033 1461 1104 κεκολλῆσθαι
1487 1033 1656 1104 αὐτὴν
1680 1036 1748 1104 τῇ

169 1121 352 1189 σαρκὶ,
389 1120 529 1174 κατὰ
573 1120 654 1184 τὸ,
700 1141 718 1173 t
758 1122 986 1190 Ὄψεται
1029 1124 1178 1176 πᾶσα
1214 1123 1349 1194 σὰρξ
1391 1124 1450 1176 τὸ
1483 1123 1751 1194 σωτήριον

165 1209 260 1261 τοῦ
308 1209 444 1262 Θεοῦ
477 1210 655 1280 ἡμῶν.
697 1230 713 1261 ι
752 1212 822 1264 Ἢ
861 1211 1002 1282 τάχα
1035 1214 1068 1284 ἡ
1104 1211 1336 1283 αἰσθητὴ
1385 1212 1567 1266 θάλλει
1614 1212 1751 1282 σὰρξ

164 1301 478 1372 ἀποθεμένη
506 1301 574 1354 τὰ
592 1301 757 1372 πάθη.

233 1389 441 1444 Σῶσον
471 1391 576 1444 τὸν
625 1393 784 1445 λαόν·
808 1405 946 1454 σου,
972 1390 1069 1444 καί
1101 1392 1444 1460 εὐλόγησον
1465 1389 1580 1457 τὴν
1607 1393 1750 1458 κλη-

155 1483 448 1550 ρονομίαν
473 1499 611 1546 σου,
652 1483 748 1536 καὶ
784 1483 1078 1551 ποίμανον
1097 1481 1341 1547 αὐτοὺς,
1374 1482 1474 1535 καὶ
1523 1482 1748 1548 ἔπταρον

161 1565 386 1633 αὐτοὺς
440 1570 551 1638 ἕως
580 1569 687 1624 τοῦ
717 1570 952 1636 αἰῶνος,
986 1589 1039 1624 κ.
1075 1589 1120 1623 τ.
1155 1573 1204 1623 ὲ.
1233 1571 1614 1642 κληρονομίαν
1633 1569 1744 1638 (51)

159 1660 258 1714 νῦν
293 1663 438 1730 λέγει
482 1664 582 1735 τὴν
625 1663 1066 1736 κληρονομοῦσαν
1103 1664 1264 1717 αὐτὸν
1298 1663 1456 1732 φύσιν
1497 1663 1741 1732 λογικήν.

240 1754 349 1808 Τοῦ
376 1756 584 1810 αὑτοῦ.
614 1734 787 1819 Αὐτδς
811 1757 838 1809 6
879 1755 1110 1827 Χριστὸς
1155 1755 1265 1825 (52)
1307 1755 1458 1825 ἡμᾶς
1490 1757 1742 1824 ποιμανεῖ
1781 1734 1821 1788 Β

155 1847 286 1910 τοὺς
334 1848 412 1910 εἰς
457 1848 620 1900 αὑτδν
665 1848 1116 1910 πεπιστευκότας,
1163 1846 1386 1917 πέμψας
1416 1845 1529 1899 ἀντ’
1575 1843 1739 1900 αὑτοῦ

156 1941 256 1992 καὶ
287 1939 361 2001 ὡς
389 1939 550 1992 αὑτὸν
577 1940 665 1992 τὸν
695 1941 1072 2011 Παράκλητον,
1099 1941 1127 1992 ὃ
1162 1941 1275 1991 ἐστι
1305 1939 1364 1991 τὸ
1396 1938 1620 2008 Πνεῦμα
1645 1939 1743 2009 τῆς

154 2029 434 2100 ἀληθείας.
454 2031 564 2083 Καὶ
596 2031 702 2102 μὴν
725 2032 816 2084 καὶ¹
844 2032 1058 2102 ἐπαίρει
1085 2031 1194 2084 άπὸ
1216 2029 1324 2083 τῶν
1343 2030 1565 2100 γηΐνων,
1587 2047 1743 2082 τουτ-

1858 480 1954 536 Vel
1984 480 2129 536 forte
2156 495 2324 552 opera
2355 479 2568 536 Domini
2595 489 2727 537 sunt
2751 480 2982 538 virtutes
3004 523 3019 549 ,
3049 496 3214 550 Opera
3243 494 3430 539 autem

1857 587 2115 626 manuum
2137 572 2276 640 ejus,
2307 580 2433 628 sunt
2463 583 2643 627 rerum
2669 570 2940 628 factarum
2973 574 3236 632 rationes.
3280 595 3297 626 ι
3332 575 3432 628 De-

1856 672 2036 719 strues
2061 663 2185 720 illos
2206 673 2263 719 et
2291 678 2400 721 nou
2430 665 2727 724 aediﬁcabis
2749 680 2867 723 eos.
2918 685 2937 718 ι
2964 665 3206 722 Destruit.
3245 666 3430 722 Domi-

1856 771 1960 812 nus
2006 757 2176 812 malos
2224 755 2462 824 habitus,
2499 773 2600 814 nec
2637 758 2909 829 permittit
2937 758 3330 814 aediﬁcantibus
3371 767 3431 814 ut

1855 849 2004 918 ipsos
2031 849 2208 904 instau
2220 857 2357 903 rent.

1927 940 2088 996 Vens.
2123 940 2177 995 7.
2203 940 2269 994 Et
2293 940 2532 1011 reﬂoruit
2565 957 2690 996 caro
2731 958 2866 1008 mea,
2896 951 3005 997 etc.
3048 940 3279 996 Carnem
3331 954 3430 994 vo-

1853 1033 1996 1087 cavit
2025 1032 2284 1099 animam,
2315 1033 2459 1103 quod
2484 1032 2636 1088 carni
2663 1032 2961 1096 adhaareat,
2989 1032 3143 1103 juxta
3169 1031 3296 1087 illud
3322 1031 3366 1063 ⁸⁰
3410 1047 3427 1086 :

1859 1145 1876 1176 ι
1915 1124 2130 1180 Videbit
2150 1126 2328 1181 omnis
2353 1140 2485 1182 caro
2506 1124 2748 1180 salutare
2774 1125 2866 1181 Dei
2889 1125 3078 1181 nostri.
3111 1144 3130 1176 ι
3164 1124 3262 1180 Vel
3290 1123 3432 1179 lorte

1852 1217 2070 1272 sensilis
2107 1231 2236 1272 caro
2267 1215 2586 1284 reﬁorescit,
2619 1231 2741 1271 cum
2786 1215 3010 1270 allectus
3049 1215 3318 1284 deposuit.
3489 1206 3503 1222 '

1919 1393 2086 1464 639
2121 1400 2274 1454 νειιε.
2305 1391 2356 1447 9.
2393 1391 2612 1448 Salvum
2638 1391 2724 1461 [ac
2751 1389 3002 1460 papulunt
3035 1399 3205 1453 tuum,
3235 1398 3285 1442 et
3335 1387 3428 1438 be-

1852 1485 2004 1538 nedtc
2034 1483 2336 1538 liter-edituri
2376 1494 2501 1545 ture,
2539 1493 2586 1536 et
2629 1497 2744 1550 rege
2801 1497 2910 1543 eos,
2945 1489 2993 1533 et
3048 1479 3238 1532 extolte
3303 1477 3428 1530 illos

1851 1589 2010 1642 usque
2032 1563 2087 1627 in
2109 1589 2383 1634 reret-nunt,
2417 1583 2523 1627 etc.
2551 1571 2936 1625 llaereditatem
2978 1577 3138 1624 vocat
3186 1568 3428 1622 rationa-

1851 1663 2014 1719 bilem
2041 1673 2286 1717 natnram
2315 1679 2435 1732 qum
2466 1664 2638 1732 ipsius
2665 1663 2837 1717 haeres
2868 1660 3006 1715 facta
3039 1669 3144 1716 est.

1924 1753 2201 1824 Ejusdem.
2242 1756 2357 1824 ipse
2395 1756 2643 1810 Christus
2686 1753 2862 1824 pascit
2897 1767 2994 1807 nos
3024 1752 3117 1820 qui
3155 1751 3207 1804 in
3249 1749 3422 1818 ipsum

1848 1848 2198 1911 credidimus,
2236 1847 2453 1902 mittens
2485 1863 2580 1917 pro
2611 1862 2668 1902 se
2697 1855 2753 1902 et
2787 1856 3042 1916 tanquam
3083 1859 3142 1899 se
3171 1841 3426 1898 Paracle-

1852 1950 1988 2006 tum,
2021 1939 2283 2009 Spiritum
2308 1941 2573 1995 veritatis.
2592 1939 2731 2006 Quin
2760 1949 2815 1993 et
2837 1939 3044 1994 extollit
3069 1952 3166 1991 nos
3190 1952 3220 1991 a
3255 1945 3426 1990 terre-

1852 2032 1956 2092 nis,
1985 2033 2031 2084 id
2062 2042 2146 2086 est
2172 2032 2432 2087 sublimes
2459 2031 2589 2088 facit
2616 2033 2668 2086 in
2693 2030 2874 2086 futura
2900 2040 2953 2085 et
2973 2029 3183 2084 inﬁnita
3202 2026 3422 2083 smcula.
3477 2057 3486 2063 -

154 2122 306 2178 ἐστιν
365 2124 600 2194 ὑψηλοὺς
647 2125 937 2195 ἀποφαίνει
970 2125 1050 2187 είς
1099 2123 1226 2186 τοὺς
1275 2122 1564 2192 μέλλοντας
1605 2124 1700 2176 καὶ
1739 2124 2126 2196 ἁτελευτήτους
2168 2123 2389 2187 αἰῶνας.

719 2321 1011 2374 ΨΑΛΜΟΣ
1032 2321 1165 2374 KH'.

231 2437 534 2508 Ἐνέγκατε
566 2434 646 2502 τῷ
685 2436 896 2504 Κυρίῳ,
921 2435 1037 2488 υἱοὶ
1062 2435 1231 2498 Θεοῦ,
1268 2453 1319 2487 κ.
1353 2452 1401 2487 τ.
1442 2436 1488 2488 ὲ.
1525 2435 1738 2501 Παῦλος

147 2530 182 2586 ὁ
217 2530 367 2598 ἅγιος
401 2529 510 2595 (55)
561 2527 673 2590 υἱὸς
706 2523 842 2579 Θεοῦ
876 2525 1068 2593 γέγονε
1113 2524 1202 2578 διὰ
1242 2524 1335 2577 τοῦ
1376 2524 1730 2592 Εὑαγγελίου.

161 2623 388 2690 Ἐγέννα
426 2620 483 2674 δὲ
529 2619 624 2674 καὶ
667 2619 831 2683 αὐτὸς
890 2619 1038 2681 υἱοὺς
1087 2618 1180 2670 καὶ
1216 2617 1456 2688 προσῆγε
1483 2616 1562 2688 τῷ
1591 2616 1730 2689 Θεῷ.

149 2713 318 2775 Υἱοὺς
369 2710 525 2765 καλεῖ
555 2712 685 2772 τοὺς
734 2708 935 2779 πολλῆς
981 2709 1244 2779 τυχόντας
1286 2708 1437 2780 παρὰ
1474 2709 1568 2763 τοῦ
1604 2707 1738 2762 Θεοῦ

149 2805 506 2876 κηδεμονίας,
557 2805 654 2857 καὶ
703 2802 977 2866 σωθέντας
1023 2801 1374 2872 παραδόξως,
1415 2795 1491 2856 ὧν
1530 2803 1558 2857 ὁ
1607 2801 1738 2866 Θεὸς

151 2897 406 2966 ἐφείσατο
425 2895 597 2960 οὕτως
627 2893 703 2959 ὡς
736 2894 892 2950 υίῶν.

231 2989 536 3060 Ἐνέγκατε
573 2988 654 3056 τῷ
704 2990 902 3056 Κυρίῳ
955 2987 1124 3054 υἱοὺς
1163 2987 1361 3055 κριῶν,
1397 3005 1451 3040 κ.
1489 3003 1540 3040 τ.
1586 2987 1634 3040 ἑ.
1675 2987 1735 3040 '0

151 3083 399 3151 συνάγων
431 3081 545 3151 (54)
579 3078 646 3134 τὰ
676 3080 1138 3152 διεσκορπισμένα
1175 3077 1424 3149 πρόϐατα
1473 3075 1733 3149 Χριστοῦ,

147 3176 246 3230 καὶ
287 3174 630 3246 ἐπιστρέφων
661 3171 731 3225 τὰ
771 3172 1180 3241 πεπλανημένα,
1216 3169 1309 3222 καὶ
1355 3170 1625 3240 εὑρίσκων
1667 3168 1735 3222 τά

148 3265 482 3328 ἀπολωλότα,
511 3260 668 3329 οὗτος
703 3263 856 3334 φέρει
891 3261 968 3332 τῷ
1001 3260 1191 3332 Κυρίῳ
1222 3260 1371 3322 υἱοὺς
1417 3257 1606 3326 κριῶν·
1639 3258 1734 3312 καὶ

148 3360 179 3411 6
210 3358 374 3411 ποιῶν
400 3357 547 3420 ὃπως
585 3357 768 3410 ἴδωσιν
797 3355 846 3406 οἱ
887 3353 1163 3424 ἄνθρωποι
1193 3350 1259 3405 τὰ
1293 3350 1430 3403 καλά
1463 3350 1733 3430 ἕργαναὺ-

148 3449 264 3513 τοῦ,
291 3449 382 3502 καὶ
406 3448 668 3514 δοξάσωσι
700 3447 790 3500 τὸν
833 3448 890 3500 ὲν
931 3447 1180 3518 οὐρανοῖς
1204 3442 1445 3514 Πατέρα.
1477 3441 1636 3512 Φέρει
1677 3441 1732 3494 δὲ

145 3539 227 3610 τῷ
249 3540 435 3610 Κυρίῳ
466 3537 621 3604 δόξαν
656 3539 746 3591 καὶ
779 3539 807 3591 ὁ
835 3539 892 3590 ἐν
925 3536 1067 3606 λόγῳ
1102 3534 1293 3604 σοφίας
1314 3531 1596 3601 θεολογῶν.
1635 3533 1732 3584 Tt-

150 3633 259 3704 μὴν
300 3633 357 3686 δὲ
400 3633 553 3704 φέρει
603 3631 792 3702 Κυρίῳ
819 3632 846 3684 6
884 3630 956 3701 μὴ
999 3631 1062 3682 ὲκ
1095 3627 1270 3698 λύπης
1302 3626 1335 3697 ἢ
1389 3624 1449 3690 ἐξ
1486 3625 1732 3695 ἀνάγκης

148 3725 311 3779 ἐλεῶν
339 3725 571 3794 πτωχὸν,
614 3723 706 3776 καὶ
757 3724 816 3776 ὲν
873 3721 1046 3792 τούτῳ
1086 3719 1318 3783 δανείζει
1345 3717 1484 3788 Θεῷ.
1518 3717 1591 3770 Τὸ
1619 3715 1730 3788 γάρ

153 3836 173 3868 ι
213 3818 376 3888 τιμᾷν
411 3837 428 3869 ι
454 3816 598 3879 ἰδίως
619 3816 713 3870 καὶ
730 3815 822 3867 ἐπὶ
840 3814 1042 3867 τούτων
1058 3815 1115 3866 ἐν
1138 3815 1203 3883 τῇ
1236 3813 1424 3884 Γραφῇ
1445 3811 1726 3874 τέτακται,

145 3907 224 3971 ὡς
248 3908 402 3978 δῆλον
434 3908 500 3960 ἐκ
525 3907 640 3960 τοῦ·
683 3925 701 3957 ι
738 3907 925 3975 Χήρας
953 3905 1106 3974 τίμα,
1138 3902 1234 3965 τὰς
1262 3903 1430 3964 ὅντως
1459 3903 1655 3972 χήρας,
1704 3920 1721 3951 ι

2344 2320 2662 2377 PSALMUS
2697 2321 2937 2376 XXVlll.

1917 2437 2160 2492 Vens.l.
2216 2437 2416 2507 A/ferte
2454 2437 2702 2500 Domino,
2754 2437 2856 2505 filii
2908 2436 3022 2503 Dei,
3073 2446 3180 2492 etc.
3221 2436 3423 2492 Paulus

1845 2538 2066 2584 sanctus
2092 2528 2232 2584 ﬁlius
2265 2530 2356 2585 Dei
2394 2544 2489 2598 per
2524 2527 2874 2597 Evangelium
2901 2528 3074 2583 factus
3103 2537 3204 2585 est.
3223 2529 3422 2585 Genuit

1843 2631 2021 2674 autem
2064 2631 2117 2674 et
2148 2620 2263 2689 ipse
2313 2619 2450 2674 ﬁlios
2479 2629 2532 2674 et
2559 2619 2739 2674 attulit
2797 2620 2926 2674 Deo.
2967 2619 3132 2674 Filios
3162 2627 3321 2674 vocat
3352 2619 3422 2674 de

1843 2715 2040 2783 quibus
2065 2715 2253 2783 ingens
2279 2730 2410 2769 cura
2440 2725 2522 2769 est
2553 2716 2681 2781 Deo,
2715 2715 2808 2786 qui
2831 2715 3152 2772 mirabiliter
3186 2716 3420 2772 salutem

1842 2807 2192 2876 suntadepti,
2221 2815 2276 2861 et
2301 2808 2507 2876 quibus
2549 2809 2691 2865 Deus
2745 2817 3001 2880 tanquam
3058 2810 3185 2864 ﬁliis
3228 2823 3422 2880 peper-

1842 2897 1937 2953 cit.

1914 2990 2116 3061 Aﬂ'erle
2141 2992 2369 3047 Domino
2413 2993 2551 3061 filios
2582 2992 2832 3057 arietum,
2891 3002 2999 3050 etc.
3062 2993 3164 3061 Qui
3209 2995 3418 3066 colligit

1843 3084 2117 3153 dispersas
2143 3084 2346 3140 Christi
2375 3099 2538 3149 oves,
2576 3091 2629 3138 et
2667 3094 2919 3140 errantes
2960 3084 3190 3150 reducit,
3239 3087 3420 3155 perdi-

1843 3185 2035 3245 tasque
2070 3175 2297 3248 reperit,
2350 3175 2398 3231 is
2456 3173 2612 3230 aﬂ‘erl
2674 3174 2900 3230 Domino
2934 3175 3072 3230 ﬁlios
3127 3176 3415 3230 arietum:

1837 3267 1980 3335 quod
2007 3267 2136 3321 item
2170 3266 2300 3322 facit
2332 3266 2424 3337 qui
2455 3267 2531 3321 ita
2577 3265 2748 3320 vitam
2799 3266 3053 3332 instituit,
3085 3277 3144 3321 ttt
3190 3267 3415 3323 videant

1842 3358 2091 3413 homines
2144 3372 2310 3426 opera
2365 3357 2482 3426 ejus
2521 3357 2687 3421 bona,
2723 3367 2778 3412 et
2833 3358 3137 3427 gloriﬁcent
3191 3359 3414 3413 Patrem

1835 3448 1926 3516 qni
1969 3447 2022 3501 in
2061 3447 2218 3501 coelis
2244 3443 2728 3503 est.Aﬂ'ertetiam
2774 3446 2881 3500 Deo
2933 3447 3156 3516 gloriam
3202 3449 3293 3517 qui
3345 3449 3416 3501 de

1836 3539 1947 3593 Deo
1985 3538 2264 3608 sapienter
2302 3537 2543 3604 loquitur
2591 3547 2646 3591 et
2701 3538 2885 3591 sentit.
2947 3537 3223 3593 Honorem
3283 3552 3415 3592 vero

1836 3628 2064 3684 Domino
2096 3626 2271 3689 allert,
2297 3627 2386 3696 qui
2419 3642 2527 3680 non
2563 3640 2631 3679 ex
2667 3626 2888 3679 tristitia
2931 3626 3016 3680 vel
3052 3642 3118 3682 ex
3173 3626 3386 3682 necessi

1836 3731 1948 3777 tate
1971 3722 2190 3791 pauperi
2215 3720 2306 3772 dat
2340 3719 2764 3788 eleemosyuam,
2793 3727 2849 3772 et
2883 3719 2936 3772 in
2961 3718 3075 3788 ipso
3106 3712 3412 3775 faeneratur

1831 3813 1965 3868 Deo.
2000 3829 2018 3863 ι
2053 3809 2337 3865 Honorarc
2362 3829 2380 3862 ι
2406 3811 2554 3865 enim
2586 3813 2804 3878 proprie
2835 3811 3002 3864 etiam
3033 3812 3137 3867 hoc
3161 3828 3322 3870 sensu
3355 3814 3408 3869 in

1831 3903 2119 3972 Scriptura
2146 3903 2381 3971 ponitur,
2415 3902 2492 3954 uti
2548 3901 2896 3955 manifestum
2925 3909 3099 3958 estex
3140 3903 3225 3958 his
3285 3921 3412 3960 ver-

150 3999 262 4062 καὶ,
292 4015 310 4048 ι
346 3998 491 4067 Τίμα
515 3997 605 4050 τὸν
653 3997 862 4068 πατέρα
891 3995 986 4048 καὶ
1014 3994 1111 4065 τὴν
1144 3993 1375 4064 μητέρα.
1420 4012 1438 4046 ι
1488 3992 1634 4064 Αυλὴ
1668 3991 1725 4044 δὲ

1857 3993 1915 4047 ιίε
1945 3993 1989 4024 ⁸⁸
2029 4010 2042 4045 :
2086 4012 2104 4042 ι
2139 3990 2339 4046 Viduas
2369 3992 2594 4054 honora,
2634 4004 2752 4058 qua:
2793 4005 2920 4044 vere
2975 3991 3151 4044 vidua:
3182 4003 3347 4057 sunt;
3387 4015 3406 4046 ι

147 4092 280 4160 ἁγία
307 4092 340 4162 ἡ
377 4088 688 4162 Ἐκκλησία.

217 4273 386 4341 Φωνὴ
421 4273 642 4340 Κιιοίου
662 4273 761 4325 ἐπὶ
787 4271 904 4326 τῶν
928 4273 1182 4330 ὑδάτων.
1213 4289 1267 4323 κ.
1286 4288 1336 4323 τ.
1364 4271 1410 4323 ἑ.
1436 4269 1590 4338 Φωνὴ
1626 4268 1724 4338 μὲν

141 4368 350 4439 Κυρίου
394 4367 505 4435 (55)
539 4365 724 4427 ἁπλῶς
753 4366 845 4418 ἐπὶ
870 4366 977 4418 τῶν
1019 4366 1245 4425 ὑδάτων,
1276 4363 1438 4425 αὐτὸς
1467 4361 1522 4414 δὲ
1554 4363 1581 4414 ὁ
1612 4360 1726 4413 Κύ-

144 4477 260 4530 ριος
289 4460 380 4512 ἐπὶ
409 4459 614 4512 ὑδάτων
644 4457 870 4510 πολλῶν.
919 4456 1155 4525 Λογικὰς
1183 4456 1238 4509 δὲ
1272 4453 1463 4523 φύσεις
1497 4451 1592 4505 νῦν
1625 4468 1723 4520 ση-

141 4552 325 4622 μαίνει
350 4550 416 4603 τὰ
432 4551 618 4603 ὕδατα.
648 4570 666 4600 ι
699 4549 1004 4620 Γενηθήτω,
1086 4548 1238 4616 φησι,
1332 4544 1392 4597 τὸ
1429 4544 1718 4615 στερέωμα

135 4644 202 4695 ὲν
227 4642 375 4712 μέσῳ
398 4642 489 4694 τοῦ
523 4640 732 4706 ὓδατος,
769 4642 862 4694 καὶ
894 4639 1032 4692 ἔστω
1059 4637 1403 4708 διαχωρίζον.
1452 4655 1470 4687 ι

205 4734 312 4787 Kal
335 4733 621 4787 λεπτυνεῖ
647 4732 831 4798 αὑτὰς
856 4732 936 4796 ὡς
965 4731 1070 4783 τὸν
1097 4731 1338 4797 μόσχον
1377 4725 1484 4779 τοῦ
1543 4724 1720 4780 Λιϐά-

128 4844 271 4888 νου,
316 4843 371 4878 κ.
398 4843 450 4878 τ.
482 4827 530 4878 ὲ.
564 4824 779 4894 Μόσχος
814 4822 1044 4875 Λιϐάνου
1074 4819 1182 4883 ['56)
1223 4821 1252 4871 6
1302 4817 1536 4887 πονηρὸς
1585 4815 1720 4868 ὲνώ-
1751 4823 1756 4828 ’

132 4933 262 4969 πων
281 4916 484 4987 Κυρίου
513 4914 950 4985 παντοκράτορος
974 4910 1349 4983 τραχηλιάσας
1377 4909 1471 4973 καὶ
1496 4906 1722 4977 ἁπορῤίσ

125 5007 244 5078 ψας
286 5007 378 5061 τὸν
417 5005 767 5075 εὐαγγελικὸν
801 5004 984 5073 ζυγὸν,
1049 5004 1166 5067 θεὸς
1209 4997 1347 5055 εἶναι
1383 4996 1721 5070 βιαζόμενος.

206 5173 250 5203 ’³
284 5171 402 5224 Act.
426 5187 523 5234 vn,
556 5170 646 5228 50.
721 5171 766 5202 ⁸ο
792 5169 921 5223 Luc.
951 5185 1030 5229 tu,
1064 5169 1116 5220 6.
1193 5167 1237 5196 “
1279 5167 1293 5218 l
1320 5165 1470 5218 Tim.
1495 5179 1548 5228 ν,
1575 5163 1629 5216 5.

204 5329 319 5397 ('50)
357 5329 558 5397 Σάρκα
605 5329 721 5400 μὲν
772 5329 1081 5400 ὠνόμασεν,
1120 5333 1228 5379 θιο·
1276 5324 1456 5400 (ἱράεκ
1508 5321 1708 5400 3°15“-

125 5393 358 5504 :tianu's,
407 5393 622 5457 schedai
667 5393 904 5463 Grabii,
944 5397 1256 5468 partimque
1311 5394 1514 5449 Catena
1575 5393 1709 5447 Bar-

135 5483 320 5607 ngl)
360 5537 796 5607 Κληρονομίαν,
819 5547 926 5592 etc.
958 5537 1109 5607 idem,
1136 5550 1271 5591 mss.

231 5605 324 5674 δὲ)
365 5605 557 5673 Αὐτὸς
583 5611 614 5662 ό
632 5605 918 5675 Χριστός,
943 5617 1050 5663 etc.
1083 5606 1262 5661 Codex
1289 5605 1426 5663 Roe.

230 5671 325 5749 55)
364 5671 606 5743 Παῦλος
636 5671 906 5746 ὅᾶτιοςξ.
939 5688 1046 5732 etc.
1095 5676 1282 5731 Codex
1331 5675 1464 5741 Rue,
1511 5671 1716 5728 Barba-

341 5771 615 5833 PATBOL.
650 5772 767 5832 GR.
803 5771 946 5832 XII.

1829 4095 1877 4138 et
1906 4084 2022 4139 istis
2041 4084 2086 4115 δ’
2122 4099 2138 4138 ι
2175 4102 2195 4132 α
2236 4083 2449 4136 Honora
2479 4092 2688 4152 patrem
2712 4090 2767 4136 et
2791 4090 3042 4138 matrem.
3076 4103 3093 4134 ι
3131 4086 3266 4138 Aula
3308 4103 3412 4140 au-

1832 4187 1938 4230 tem
1976 4183 2186 4240 sancta,
2226 4184 2308 4228 est
2340 4174 2602 4228 Ecclesia.

1899 4267 2065 4322 Vsus.
2094 4266 2148 4320 5.
2199 4263 2308 4318 Vox
2337 4265 2555 4319 Domini
2577 4282 2736 4333 super
2755 4282 2941 4335 aquas,
2973 4274 3080 4320 etc.
3141 4269 3258 4322 Vox
3293 4269 3414 4336 qui-

1830 4361 1951 4412 dem
1988 4357 2202 4412 Domini
2232 4356 2553 4425 simpliciter
2593 4365 2677 4410 cst
2709 4369 2875 4424 super
2904 4369 3109 4424 aquas;
3163 4356 3280 4424 ipsc
3313 4373 3410 4409 au-

1832 4460 1940 4504 tem
1978 4450 2241 4502 Dominus
2265 4462 2428 4515 super
2455 4461 2624 4514 aquas
2659 4445 2874 4498 multas.
2911 4444 3288 4500 Rationabiles
3312 4463 3414 4500 na-

1831 4551 1963 4595 tura:
1988 4543 2089 4595 hoc
2120 4542 2237 4593 loco
2261 4539 2418 4607 aquis
2453 4535 2849 4605 signiﬁcantur.
2892 4555 2910 4587 ‹
2955 4536 3095 4593 Fiat.
3132 4537 3308 4604 inquit
3333 4537 3402 4602 ³³,

1828 4631 2228 4683 ﬁrmamentum
2260 4629 2310 4680 in
2340 4627 2516 4680 medio
2547 4641 2722 4693 aquae,
2755 4635 2809 4678 et
2832 4627 2904 4678 sit
2926 4625 3192 4679 dividens.
3237 4643 3255 4674 ι

1903 4719 2062 4773 Vens.
2093 4719 2145 4772 6.
2179 4716 2241 4770 Et
2265 4717 2580 4770 comminuet
2612 4733 2700 4768 eos
2723 4726 2974 4782 tanquam
3029 4718 3252 4769 vitulum
3315 4717 3408 4769 Li-

1825 4814 1968 4878 bani,
1999 4821 2106 4866 etc.
2134 4809 2346 4864 Vitulus
2373 4808 2563 4863 Libani
2615 4809 2884 4878 malignus
2934 4818 3016 4863 est
3063 4811 3153 4877 qui
3209 4825 3396 4864 coram

1828 4901 2054 4958 Domino
2078 4899 2450 4968 omnipotente
2479 4897 2748 4952 cervicem
2775 4897 3033 4953 attollens
3075 4901 3286 4956 excutit
3311 4899 3402 4968 ju-

1831 5010 1956 5064 gum
1979 4992 2378 5061 evangelicum,
2407 4999 2462 5045 et
2489 4990 2622 5047 deus
2650 4991 2837 5047 haberi
2861 5003 3115 5048 conatur.

1705 5160 1752 5191 ⁸³
1784 5157 1957 5213 Exod.
1993 5171 2085 5221 xx,
2125 5154 2210 5210 12.
2289 5153 2334 5185 ⁸³
2354 5152 2551 5208 Gencs.
2577 5169 2618 5216 1,
2647 5153 2701 5211 6.

1825 5333 1934 5375 rus.
1963 5315 2131 5371 codex
2153 5315 2547 5370 Coislinianus.

1892 5388 2003 5456 (54)
2057 5387 2109 5438 Ὀ
2142 5385 2446 5456 συνάγων.
2477 5399 2583 5443 etc.
2614 5386 2817 5441 Catena
2847 5382 3117 5456 qutlerii.

2057 5387 2109 5438 '0
2142 5385 2425 5456 συνάγων

1895 5449 2008 5527 (55)
2047 5455 2220 5527 (banti;
2443 5458 2692 5526 Κυρίου,
2737 5465 2845 5527 εις.
2896 5453 3122 5527 Schedte
3172 5449 3396 5517 Grabii,

1821 5523 2138 5598 partimque
2156 5523 2358 5583 catena
2391 5523 2660 5598 Cord'erii,
2696 5523 2863 5598 ac_Ba
2874 5526 2965 5598 rba
2975 5538 3087 5598 rus.

1896 5595 2008 5666 (36)
2043 5591 2292 5667 Μόσχος
2318 5596 2600 5664 Λιϐάνου,
2627 5605 2736 5653 etc.
2769 5592 2996 5650 Se'hedat
3022 5591 3237 5656 Grabii,
3265 5591 3334 5644 Ba
3345 5607 3396 5642 r-

2999 5718 3135 5814 ιι

1827 5666 2015 5722 barus.
