3822 6514
209 291 350 346 1295

1163 285 1469 342 SELECTA
1510 286 1573 340 IN
1612 284 1949 343 PSALMOS.
1991 315 2061 326 --
2095 285 2292 344 PSAL.
2326 281 2519 340 XXIX.

3325 283 3462 339 129$

207 403 423 475 μέλους·
448 404 546 459 ἐὰν
579 405 634 459 δὲ
670 405 852 478 πάσχῃ
891 407 1050 478 μέλος
1077 407 1154 470 ἓν,
1187 405 1496 476 συμπάσχει
1519 405 1697 458 πάντα
1723 406 1787 457 τὰ

1904 404 2199 460 membrum
2225 405 2440 476 aliquod
2473 403 2701 475 patitur,
2724 401 2973 460 universa
3003 403 3164 460 simul
3219 405 3461 457 inetuhra

207 495 366 567 μέλη.
391 497 501 550 Καὶ¹
518 497 613 550 ἐὰν
628 496 916 570 δοξάζηται
934 498 1096 569 μέλος
1114 497 1191 563 ἓν,
1208 495 1586 560 συνδοξάςεται
1607 493 1785 548 πάντα

204 586 272 640 τὰ
305 586 460 659 μέλη.
483 589 688 659 Πάσχει
716 589 771 642 δὲ
798 589 859 642 τὸ
875 589 1048 653 οὕτως
1061 587 1296 661 Χριστοῦ
1324 586 1484 656 σῶμα
1501 587 1596 640 καὶ
1616 586 1784 639 δεῖται

207 682 522 756 θεραπείας.
562 685 686 737 Ἐπὶ
713 687 780 756 τῇ
830 685 1078 756 ἡμετέρᾳ
1125 683 1302 736 τοίνυν
1342 680 1608 751 θεραπείᾳ
1633 679 1786 734 οὐδὲν

204 774 404 830 ἄτοπον
435 775 612 845 λέγειν
636 775 774 846 πρὸς
799 776 981 830 αὐτόν·
1017 794 1036 828 ι
1080 774 1251 846 Κύριε
1279 775 1308 826 ὁ
1341 773 1474 837 Θεός
1505 790 1628 843 μου,
1665 772 1786 825 ἐκέ-

205 864 384 939 κραξα
402 867 540 939 πρὸς
567 866 649 931 σὲ,
668 867 761 921 καὶ
786 867 920 921 ἰάσω
953 884 1042 938 με.
1075 885 1092 920 θ
1123 865 1234 920 Καὶ
1259 865 1367 937 γὰρ
1391 865 1466 928 ὡς
1483 865 1589 918 ἴδια
1608 865 1788 937 ἁμαρ-

206 960 422 1029 τήματα
455 958 852 1029 ὲξομολογεῖται
871 957 940 1012 τὰ
972 957 1236 1029 ἡμέτερα,
1267 955 1341 1019 ὡς
1363 957 1420 1010 ὲν
1447 954 1525 1027 τῷ
1555 953 1788 1026 εἰκοστῷ

205 1049 408 1122 πρώτῳ
438 1050 638 1122 ψαλμῷ
685 1051 879 1120 λέγων·
924 1069 942 1101 ι
990 1050 1223 1122 Μακρὰν
1251 1049 1360 1104 ἀπὸ
1387 1050 1488 1118 τῆς
1515 1048 1788 1120 σωτηρίας

211 1161 309 1214 μου
341 1144 391 1198 oi
424 1143 568 1212 λόγοι
605 1141 1064 1214 παραπτωμάτων
1107 1159 1227 1211 μου⁹
1267 1161 1284 1193 ι
1329 1142 1422 1195 καὶ
1454 1143 1512 1195 ὲν
1552 1141 1630 1212 τῷ
1663 1140 1788 1212 ἑξη-

209 1234 386 1306 κοστῷ
413 1234 604 1306 ὀγδόῳ·
643 1253 664 1286 ι
699 1234 892 1306 Κύριε,
922 1235 986 1287 σὺ
1011 1233 1182 1302 ἔγνως
1209 1232 1308 1304 τὴν
1325 1232 1636 1303 ἀφροσύνην
1660 1249 1785 1303 μου,

211 1325 307 1378 καὶ
347 1325 404 1379 ai
445 1325 815 1397 πλημμέλειαί
847 1341 947 1396 μου
991 1323 1098 1378 ἀπὸ
1127 1321 1222 1376 σοῦ
1255 1322 1358 1375 οὐκ
1387 1319 1718 1392 ἐκρύϐησαν.
1762 1339 1782 1374 ι

223 1419 320 1472 Ἐκ
345 1415 637 1490 προσώπου
667 1416 724 1470 δὲ
751 1415 846 1471 τοῦ
875 1413 1109 1488 Χριστοῦ
1139 1414 1435 1485 ἀμφότεροι
1464 1413 1707 1486 εἴρηνται
1739 1413 1789 1466 oi

205 1510 432 1582 ψαλμοί.

283 1601 525 1656 Ψάλατε
543 1599 624 1667 τῷ
643 1599 857 1668 Κυρίῳ,
884 1600 938 1654 οἱ
965 1599 1116 1653 ὅσιοι
1144 1597 1355 1664 αὑτοῦ,
1383 1596 1483 1651 καὶ
1507 1594 1791 1668 ἐξομολο-

208 1694 408 1766 γεῖσθε
434 1693 509 1763 τῇ
537 1693 745 1763 μνήμῃ
785 1689 894 1759 τῆς
925 1691 1268 1761 ἁγιωσύνης
1301 1690 1521 1755 αὐτοῦ,
1570 1708 1625 1745 κ.
1653 1707 1703 1743 τ.
1740 1691 1788 1744 ὲ.

1887 495 2202 564 patiuntur;
2249 507 2304 551 et
2353 498 2400 552 si
2456 496 2763 551 membrum
2819 494 3041 564 aliquod
3101 493 3460 566 gloriﬁcatur,

1889 587 2138 642 universa
2198 587 2441 643 membra
2508 588 2667 644 simul
2715 587 3110 660 glorificantur.
3181 586 3272 642 Sic
3338 601 3466 641 vero

1891 677 2093 748 patitur
2122 677 2324 734 Christi
2351 692 2548 748 corpus
2577 693 2638 732 ac
2662 679 2865 749 indiget
2893 680 3156 736 sanitate.
3227 678 3464 733 Proinde

1888 767 2024 823 nihil
2058 768 2350 823 absurdum
2382 778 2468 823 est
2497 767 2544 822 si
2579 768 2633 820 in
2679 771 2913 824 sanitate
2961 779 3144 825 nostra
3177 768 3242 822 ad
3287 768 3462 836 ipsum

1888 861 2178 917 dicamus:
2225 880 2244 913 ‹
2285 859 2511 917 Domine
2573 861 2716 918 Deus
2764 874 2938 928 meus,
2995 860 3223 917 clamavi
3266 862 3332 915 ad
3390 871 3463 926 te,

1889 959 1947 1006 et
1998 949 2205 1005 sanasti
2261 964 2367 1005 me.
2411 967 2430 1003 ι
2487 948 2622 1005 Nam
2684 960 2873 1008 nostra
2935 960 3193 1020 tanquam
3247 949 3463 1017 propria

1886 1039 2046 1114 64],
2092 1049 2315 1110 peccata
2370 1041 2704 1109 conﬁtetur,
2767 1050 2826 1095 ut
2879 1042 2934 1096 in
2986 1042 3247 1097 vicesimo
3288 1041 3466 1111 primo

1889 1135 2097 1205 psalmo
2130 1133 2317 1190 dicens
2345 1133 2389 1166 ⁸⁷
2421 1149 2436 1187 :
2476 1152 2495 1186 ι
2531 1133 2715 1204 Longe
2741 1149 2770 1188 a
2797 1135 2968 1190 salute
3005 1149 3126 1190 mea
3171 1133 3335 1189 verba
3369 1133 3473 1186 dea

1891 1224 2140 1280 lictorum
2193 1238 2473 1292 meorum;
2508 1244 2527 1278 ι
2577 1235 2630 1281 et
2662 1226 2716 1280 in
2761 1227 3098 1295 sexagesimo
3147 1235 3340 1280 octavo
3372 1223 3416 1255 ⁸⁸³
3449 1240 3461 1276 :

1895 1335 1914 1369 ι
1947 1315 2194 1380 Domine,
2231 1325 2284 1372 tu
2316 1316 2424 1373 scis
2480 1317 2852 1388 insipientiam
2907 1331 3107 1383 meam,
3164 1327 3220 1372 et
3267 1315 3467 1372 delicta

1889 1423 2011 1464 mea
2039 1423 2067 1463 a
2104 1419 2153 1465 te
2176 1424 2281 1464 non
2310 1421 2436 1465 sunt
2458 1411 2802 1468 abscondita.
2840 1429 2858 1462 ι
2891 1410 2967 1466 Ex
3001 1424 3232 1481 persona
3285 1421 3467 1467 autem
3488 1390 3516 1405 ’

1891 1495 2090 1550 Christi
2125 1506 2352 1566 uterque
2381 1499 2622 1567 psalmus
2637 1501 2812 1554 dictus
2833 1511 2936 1554 est.

1969 1587 2134 1642 Vens.
2167 1587 2219 1642 5.
2251 1589 2474 1644 Psallite
2517 1589 2761 1655 Domino,
2795 1602 2962 1645 sancti
2999 1593 3137 1662 ejus,
3165 1600 3211 1646 et
3253 1591 3471 1658 conﬁte-

1896 1682 2025 1734 mini
2071 1682 2342 1736 memoria:
2380 1683 2684 1738 sanctitatis
2733 1683 2883 1754 ejus,
2918 1695 3025 1739 etc.
3058 1684 3324 1751 Quoniam
3362 1701 3470 1741 nou

220 1787 373 1841 Ἐπεὶ
399 1786 498 1857 οὐχ
529 1785 728 1858 ὡραῖος
765 1783 878 1855 (42)
909 1778 1060 1846 αἶνος
1088 1783 1146 1836 ὲν
1181 1784 1408 1855 στόματι
1436 1781 1786 1854 ἁμαρτωλοῦ,

1904 1782 1978 1826 est
2009 1773 2254 1841 speciosa
2298 1771 2418 1828 laus
2464 1775 2519 1828 in
2560 1789 2657 1830 ore
2707 1775 3038 1846 peccatoris,
3066 1790 3174 1831 non
3212 1776 3470 1847 quilibet,

206 1873 304 1945 οὐχ
325 1876 355 1928 6
375 1873 554 1946 τυχὼν
585 1872 984 1944 προστάσσεται
1011 1871 1236 1943 ψάλλειν
1263 1873 1342 1944 τῷ
1360 1873 1569 1945 Κυρίῳ,
1594 1871 1709 1926 ἀλλ’
1739 1875 1786 1926 oi

207 1963 344 2017 ὅσιοι
383 1962 547 2016 αὑτοῦ
568 2003 582 2029 ,
608 1962 804 2024 οἵτινες
829 1959 1082 2015 δύνανται
1122 1960 1345 2029 ψάλλειν
1383 1960 1463 2031 τῷ
1496 1960 1786 2032 πνεύματι,

207 2055 430 2126 ψάλλειν
458 2055 515 2109 δὲ
539 2057 635 2109 καὶ
674 2053 754 2125 τῷ
781 2053 882 2107 νοΐ.
921 2054 1019 2107 Διὰ
1041 2053 1094 2107 τί
1120 2053 1179 2107 δὲ
1215 2053 1290 2124 μὴ
1323 2053 1562 2127 ἠρκέσθη
1598 2054 1628 2105 6
1657 2054 1792 2126 ΙΙρο-

209 2149 387 2219 φήτης
434 2145 514 2216 τῷ
559 2146 762 2198 εἰπεῖν·
811 2163 830 2196 ι
857 2145 1080 2198 Ψάλατε
1113 2143 1193 2214 τῷ
1225 2144 1436 2215 Κυρίῳ,
1466 2143 1515 2197 οὶ
1552 2145 1718 2207 ὅσιοι,
1765 2165 1784 2198 ι

208 2237 344 2292 ἀλλὰ
363 2237 670 2310 προσέθηκε
701 2237 794 2291 καὶ
817 2236 877 2290 τὸ
904 2255 921 2288 ι
946 2235 1134 2302 αὐτοῦ,
1162 2255 1178 2288 ι
1207 2235 1281 2299 ὡς
1310 2237 1480 2289 ὅντων
1507 2236 1668 2290 ὁσίων
1689 2237 1790 2290 οὐκ

208 2329 372 2384 αὑτοῦ
396 2346 413 2397 ;
441 2330 624 2401 Φαμὲν
655 2329 832 2382 τοίνυν
860 2369 874 2391 ,
907 2327 1094 2400 ὥσπερ
1139 2328 1308 2398 χωρὶς
1337 2329 1515 2397 πάσης
1551 2328 1791 2399 προσθή-

210 2440 314 2495 κης
345 2422 502 2494 μόνος
527 2424 555 2475 6
579 2421 712 2485 Θεὸς
740 2420 943 2490 ἀγαθός
980 2421 1126 2473 ἐστιν
1150 2459 1165 2484 ,
1208 2419 1352 2473 οὕτω
1393 2422 1566 2493 χωρὶς
1607 2421 1791 2492 πάσης

209 2514 527 2590 προσθήκης
551 2515 696 2577 ὅσιος
730 2512 890 2583 μόνος
917 2513 946 2565 6
980 2512 1202 2583 Κύριος,
1236 2511 1312 2577 ὡς
1342 2513 1400 2564 ὲν
1434 2515 1500 2583 τῇ
1533 2511 1627 2566 τοῦ
1660 2516 1792 2565 Δευ-

208 2605 523 2678 τερονομίου
558 2605 669 2676 ᾠδῇ
695 2604 930 2676 εὕρομεν
954 2620 968 2635 ·
1006 2623 1026 2656 ο
1063 2605 1281 2668 Δίκαιος
1323 2603 1420 2657 καὶ
1447 2604 1594 2668 ὅσιος
1623 2606 1652 2657 6
1677 2601 1792 2657 Κύ-

211 2711 340 2770 ριος.
372 2717 390 2751 ι
411 2699 496 2764 Ὠς
517 2698 573 2751 δὲ
597 2697 733 2768 μετὰ
754 2696 1072 2769 προσθήκης
1096 2697 1214 2750 ἐστὶ
1240 2695 1424 2759 δοῦλος
1453 2694 1677 2764 ἀγαθὸς,
1702 2712 1794 2748 κα-

211 2791 278 2844 τὰ
301 2790 359 2843 τό
383 2807 397 2820 ·
441 2808 460 2841 ι
494 2785 591 2855 Εὖ,
614 2788 768 2843 δοῦλε
801 2787 972 2856 ἀγαθὲ
1005 2789 1100 2842 καὶ
1130 2786 1310 2853 πιστὲ,
1343 2806 1360 2839 ι
1393 2787 1488 2840 καὶ
1509 2785 1794 2858 ἄνθρωπος

211 2880 414 2950 ἀγαθὸς
443 2880 586 2934 κατὰ
617 2880 698 2944 τὸ,
737 2898 758 2934 ι
802 2881 860 2933 '0
888 2879 1093 2946 ἀγαθὸς
1132 2878 1418 2950 ἄνθρωπος
1447 2879 1512 2932 ἐκ
1533 2876 1628 2931 τοῦ
1658 2877 1794 2946 ἁγα-

211 2972 305 3026 θοῦ
335 2971 608 3043 θησαυροῦ
637 2971 738 3042 τῆς
766 2972 1017 3044 καρδίας,
1047 2990 1066 3023 ι
1098 2970 1284 3024 καὶτὰ
1311 2969 1456 3041 ἑξῆς·
1482 2968 1623 3025 οὕτω
1657 2968 1794 3040 μετά

209 3063 529 3137 προσθήκης
558 3065 607 3117 οἱ
635 3064 770 3118 ὅσιοι
794 3063 888 3117 τοῦ
918 3063 1147 3135 Κυρίου.
1447 3122 1454 3130 ο

285 3155 395 3211 Τοῦ
423 3154 628 3210 αὑτοῦ.
687 3154 840 3225 Τάχα
880 3153 936 3206 δὲ
971 3153 1067 3208 καὶ
1105 3154 1234 3217 τοὺς
1285 3153 1400 3224 (45)
1449 3152 1564 3206 ὅσοι
1597 3151 1792 3223 πρότε-

212 3264 305 3315 ρον
338 3247 396 3299 ὲν
427 3246 756 3319 ἀκαθάρτοις
799 3245 1079 3314 διάγοντες
1114 3246 1194 3307 είς
1241 3246 1462 3316 μνήμην
1504 3239 1670 3314 ἦλθον
1698 3258 1795 3313 με·-

207 3337 278 3392 τὰ
307 3335 479 3392 ταῦτα
507 3338 606 3408 τῆς
635 3337 944 3407 ἁγιωσύνης
973 3337 1164 3405 αὑτοῦ,
1194 3335 1496 3407 προτρέπει
1525 3335 1604 3398 εἰς
1633 3350 1792 3404 χαρι-

211 3431 416 3486 στείαν.

288 3521 398 3578 Τοῦ
429 3523 634 3579 αὐτοῦ.
662 3524 778 3588 Πᾶς
814 3525 843 3579 6
880 3522 1226 3594 μεμνημένος
1256 3519 1368 3592 (44)
1407 3519 1505 3592 τῆς
1530 3517 1626 3572 τοῦ
1658 3515 1794 3570 Θεοῦ

211 3615 619 3686 φιλανθρωπίας
645 3615 1047 3687 ἐξομολογεῖται
1079 3611 1249 3682 αὐτῷ.

285 3707 412 3762 Ὅτι
441 3707 588 3778 ὀργὴ
617 3708 687 3761 ἐν
713 3706 794 3773 τῷ
817 3705 980 3776 θυμῷ
1007 3705 1213 3766 αὐτοῦ,
1244 3703 1341 3756 καὶ
1369 3700 1480 3770 ζωὴ
1508 3700 1578 3754 ἐν
1604 3699 1684 3766 τῷ
1706 3701 1796 3752 θε-

208 3797 430 3868 λήματι
453 3799 662 3862 αὐτοῦ,
684 3815 808 3852 κ.τ.
828 3798 876 3851 ἑ.
907 3798 1119 3864 ’Ὠσπερ
1149 3796 1213 3848 ὲκ
1244 3793 1341 3845 τοῦ
1365 3791 1657 3864 λεγομένου
1681 3790 1794 3861 (45)

211 3889 388 3961 θυμοῦ
425 3889 630 3963 Κυρίου
665 3889 946 3961 ἐξέρχεται
973 3888 1150 3959 ὀργὴ,
1185 3886 1326 3939 οὕτω
1364 3884 1459 3938 καὶ
1489 3885 1555 3937 ἐκ
1581 3882 1677 3937 τοῦ
1712 3882 1798 3935 θε-

210 3980 453 4052 λήματος
504 3981 669 4035 αὑτοῦ
714 3983 968 4050 γεννᾶται
1026 3978 1163 4050 ζωή.
1208 3978 1319 4032 Καὶ
1364 3977 1412 4029 εί
1459 3978 1490 4046 ἠ
1540 3973 1652 4045 ζωὴ
1698 3973 1798 4044 τὴν

214 4071 414 4140 γνῶσιν
441 4073 712 4144 σημαίνει·
747 4091 766 4124 ι
790 4072 931 4140 Ἐγὼ
955 4091 973 4124 ι
994 4071 1102 4142 γάρ
1130 4090 1148 4120 ‹
1172 4072 1310 4140 εἰμι,
1337 4087 1354 4118 ι
1384 4068 1516 4139 φησὶ
1541 4067 1795 4146 Χριστὸς,

215 4181 234 4214 ι
265 4163 300 4233 ή
318 4162 452 4236 ζωὴ,
480 4183 497 4215 ι
520 4166 552 4234 ἡ
573 4163 712 4236 ὀργὴ
733 4163 831 4234 τὴν
851 4163 1126 4231 ἀγνωσίαν
1154 4160 1320 4232 δηλοῖ.
1343 4161 1422 4231 Τῇ
1445 4159 1558 4230 ζωῇ
1579 4158 1636 4212 δὲ
1651 4157 1796 4212 ἀντί-

209 4265 390 4303 κειται
416 4249 446 4300 ὁ
473 4248 701 4313 θάνατος
723 4266 736 4281 ·
767 4249 963 4303 οὐκοῦν
996 4251 1029 4320 ἡ
1062 4249 1199 4320 ὀργὴ
1220 4249 1309 4301 τὸν
1338 4247 1567 4302 θάνατον
1595 4247 1797 4317 σημαί-

218 4354 313 4403 νει,
347 4339 448 4412 τὴν
482 4339 878 4410 καταστέρησιν
917 4339 1016 4409 τῆς
1065 4338 1298 4410 θεωρίας
1337 4337 1790 4408 ἐπισημαίνουσα.

1891 1863 1986 1917 sed
2013 1863 2186 1918 sancti
2217 1864 2336 1935 ejus
2367 1863 2603 1936 psallere
2632 1865 2741 1922 Deo
2763 1864 3047 1934 iubentur,
3077 1868 3168 1936 qui
3199 1881 3328 1922 sane
3358 1877 3470 1922 tum

1891 1953 2104 2022 Spiritu,
2133 1963 2244 2010 tum
2278 1966 2459 2012 mente
2479 1958 2977 2028 psallerepossunt.
2997 1958 3110 2014 Cur
3131 1968 3311 2013 autem
3345 1957 3472 2013 Pro-

1890 2043 2063 2112 phetas
2081 2060 2186 2100 non
2203 2047 2338 2101 satis
2357 2047 2456 2101 fuit
2472 2048 2654 2103 dicere
2673 2063 2717 2102 ιι
2743 2048 2963 2104 Psallite
2980 2050 3221 2114 Domino,
3237 2051 3430 2114 sancti,
3446 2049 3474 2101 ι’

1889 2137 1984 2191 sed
2006 2137 2216 2192 addidit
2236 2155 2256 2190 ι
2291 2138 2429 2209 ejus,
2455 2156 2473 2190 ι
2501 2140 2655 2209 quasi
2685 2142 2856 2196 sancti
2881 2141 3220 2210 reperiantur
3244 2143 3334 2211 qui
3362 2158 3470 2196 non

1895 2229 2007 2282 sint
2043 2229 2201 2298 ejus?
2234 2231 2474 2286 Dicimus
2512 2247 2665 2300 ergo,
2703 2235 3165 2303 quemadmodum
3216 2235 3332 2289 sine
3377 2235 3469 2288 ad.

1891 2321 2128 2390 jectioue
2157 2322 2338 2393 aliqua
2373 2324 2520 2379 solus
2547 2323 2691 2381 Deus
2715 2336 2800 2382 est
2831 2324 3032 2391 bonus,
3081 2327 3152 2380 ita
3198 2325 3316 2381 sine
3362 2327 3470 2380 ullo

1893 2410 2270 2470 additameuto
2303 2423 2550 2470 sanctum
2587 2415 2765 2471 solum
2798 2430 2922 2471 esse
2986 2419 3474 2486 Dominum,quem

1891 2504 2186 2563 admodum
2220 2507 2274 2561 in
2353 2509 2569 2564 cantico
2599 2508 3008 2564 Deuteronomii
3053 2509 3350 2574 reperimus
3373 2509 3417 2540 ⁸⁸
3453 2527 3467 2562 :

1899 2612 1918 2647 ι
1962 2596 2149 2653 Justus
2198 2607 2254 2654 et
2302 2608 2523 2656 sanctus
2552 2599 2840 2657 Dominus.
2873 2619 2890 2652 ι
2920 2598 3075 2655 Sicut
3129 2612 3311 2654 autem
3344 2615 3467 2657 cum

1894 2690 2195 2758 adjectione
2228 2702 2310 2746 est
2335 2706 2527 2748 servus
2551 2693 2750 2758 bonus,
2773 2691 2928 2762 juxta
2963 2691 3092 2747 illud
3118 2693 3166 2725 ⁸ο
3195 2707 3206 2744 :
3249 2709 3266 2743 ι
3300 2692 3473 2762 Euge,

1894 2789 2051 2830 serve
2079 2777 2218 2832 bone
2233 2789 2286 2833 et
2306 2779 2496 2846 ﬁdelis,
2519 2799 2538 2836 ι
2564 2791 2618 2838 et
2638 2784 2800 2838 homo
2827 2783 3022 2846 bonus,
3041 2782 3196 2852 juxta
3221 2782 3365 2838 istud
3385 2784 3429 2816 ⁹¹
3455 2801 3468 2834 :

1903 2882 1921 2915 ι
1958 2864 2140 2924 Bonus
2173 2870 2336 2926 homo
2367 2871 2433 2927 de
2472 2873 2615 2930 bono
2651 2875 2912 2930 thesauro
2947 2876 3148 2940 cordis,
3185 2895 3203 2928 ι
3233 2877 3474 2935 etc..:sic

1896 2972 2020 3012 cum
2047 2958 2348 3027 adjectione
2381 2961 2554 3019 sancti
2586 2962 2802 3020 Domini
2830 2964 3085 3022 dicuntur

1819 3102 1862 3163 ο
1975 3135 2250 3209 Ejusdem.
2273 3139 2544 3197 Fortassis
2560 3143 2724 3198 etiam
2743 3157 2838 3200 eos
2865 3145 2955 3215 qui
2987 3146 3136 3217 prius
3163 3146 3215 3201 in
3244 3146 3472 3203 immun-

1894 3230 2028 3286 ditia
2079 3231 2465 3298 versabantur,
2509 3244 2564 3286 et
2606 3243 2793 3304 postea
2829 3236 2881 3290 in
2914 3236 3230 3292 memoriam
3278 3239 3472 3294 sancti-

1897 3324 2024 3377 tatis
2066 3322 2182 3391 ejus
2230 3333 2519 3392 venerunt,
2550 3335 2818 3397 provocat
2860 3327 2928 3382 ad
2959 3329 3262 3400 gratiarum
3300 3331 3471 3386 actio-

1895 3431 2039 3470 nem.

1971 3505 2247 3576 Ejusdem.
2285 3507 2473 3564 Omnis
2508 3509 2602 3577 qui
2632 3523 2839 3566 memor
2863 3518 2944 3567 est
2970 3510 3321 3583 benignitatis
3356 3512 3474 3580 Dei,

1898 3599 2192 3653 conﬁtetur
2224 3599 2296 3653 ei.

1966 3689 2132 3747 Vens.
2157 3691 2212 3748 6.
2251 3691 2513 3757 Quoniam
2543 3692 2624 3745 ira
2658 3691 2713 3746 in
2744 3692 3105 3762 indignatione
3134 3695 3268 3761 eius,
3291 3703 3338 3748 et
3369 3695 3474 3749 vita

1896 3786 1952 3838 in
1995 3785 2262 3840 voluntate
2300 3800 2437 3855 ejus,
2485 3795 2591 3841 etc.
2619 3784 3087 3854 Quemadmodum
3116 3801 3184 3842 ex
3227 3787 3474 3856 indigna-

1895 3877 2045 3933 tione
2085 3875 2293 3937 Domini
2348 3877 2528 3932 oritur
2583 3877 2702 3942 ira,
2744 3876 2825 3931 sic
2879 3876 3047 3931 etiam
3089 3890 3154 3930 ex
3195 3877 3473 3932 voluntate

1894 3967 2012 4038 ejus
2040 3976 2344 4038 generatur
2368 3969 2500 4023 vita.
2548 3967 2605 4023 Si
2647 3977 2828 4022 autem
2861 3969 2967 4022 vita
2992 3969 3286 4025 scientiam
3331 3969 3474 4024 indi-

1895 4067 2024 4115 cat:
2055 4078 2073 4112 ι
2107 4059 2221 4130 Ego
2248 4061 2567 4124 suunenim,
2600 4059 2777 4128 inquit
2798 4058 3052 4116 Christus
3080 4059 3312 4128 ",«vita,
3345 4079 3364 4112 ι
3394 4062 3472 4115 ira

1898 4149 2167 4206 inscitiam
2197 4149 2438 4206 denotat.
2475 4149 2613 4206 Vitae
2654 4164 2785 4205 vero
2814 4150 3140 4206 adversatur
3164 4165 3312 4206 mors
3345 4168 3359 4205 :
3394 4152 3473 4207 ira

1898 4243 2064 4313 igitur
2086 4251 2319 4298 mortem
2351 4241 2645 4311 signiﬁcat,
2666 4242 3026 4312 privationem
3060 4242 3314 4297 nimirum
3343 4256 3474 4296 con-

1899 4332 2287 4404 templationis.
2340 4331 2577 4390 Pulchre
2614 4348 2748 4404 ergo
2796 4331 2998 4388 dicitur
3025 4332 3073 4364 ”
3141 4347 3151 4381 :
3192 4350 3212 4383 ‹
3261 4329 3382 4385 Vita
3420 4340 3475 4386 et

212 4429 410 4494 Καλῶς
443 4425 536 4484 οὖν
580 4429 798 4496 λέγεται
838 4430 899 4482 τὸ
925 4470 939 4483 .
978 4449 996 4480 ι
1029 4429 1150 4499 Ζωὴ
1183 4431 1277 4483 καὶ
1311 4429 1536 4493 θάνατος
1563 4429 1622 4483 ὲν
1648 4430 1787 4501 χειρὶ

1904 4442 2044 4482 mors
2071 4427 2124 4481 in
2157 4441 2320 4483 manu
2353 4427 2570 4498 linguae.
2613 4445 2632 4478 ›

219 4522 480 4593 γλώσσης.
521 4540 538 4575 ι

293 4620 404 4673 Τοῦ
434 4618 638 4673 αὐτοῦ.
670 4617 824 4667 Ἔστι
865 4618 918 4666 οὲ
950 4614 1007 4664 ἐν
1047 4614 1124 4681 τῷ
1153 4612 1583 4682 ἀναθυμιωμένῳ
1624 4611 1780 4680 θυμῷ

214 4712 524 4783 ἑτοιμότης,
555 4712 650 4764 καὶ
677 4711 812 4783 ὀργὴ
855 4710 952 4777 τῆς
983 4705 1422 4767 ἁνταποδόσεως,
1456 4704 1550 4755 καὶ
1583 4701 1695 4774 ζωὴ
1725 4707 1781 4755 ἐν

214 4807 294 4876 τῷ
316 4805 574 4874 θελήματι
601 4801 1021 4874 προηγουμένως
1050 4798 1164 4850 ἐστὶ
1195 4798 1285 4850 τοῦ
1310 4797 1462 4848 Θεοῦ.

287 4893 436 4963 Ἐγὼ
466 4893 534 4945 δὲ
574 4889 711 4946 εἶπα
749 4892 817 4943 ἐν
857 4889 931 4956 τῇ
974 4887 1222 4953 εὐθηνίᾳ
1259 4902 1406 4953 μου·
1441 4887 1521 4936 Οὺ
1552 4885 1635 4952 μὴ
1670 4901 1781 4938 σα-

217 4986 408 5040 λευθῶ
452 4988 533 5050 εὶς
571 4984 677 5036 τὸν
714 4981 924 5046 αἰῶνα,
959 4998 1011 5032 κ.
1057 4996 1106 5032 τ.
1154 4981 1200 5030 ὲ.
1243 4977 1364 5027 Εἴτε
1410 4976 1641 5045 Χριστός
1673 4993 1781 5045 φη-

215 5097 300 5133 σιν
328 5079 462 5148 (46),
492 5079 600 5130 εἴτε
623 5076 826 5138 δίκαιος
855 5073 933 5134 το,
963 5090 980 5122 ι
1014 5069 1174 5125 Εἷπα·
1216 5089 1232 5120 ›
1262 5066 1375 5121 εἶτα
1403 5069 1538 5140 μετὰ
1574 5069 1671 5139 τὴν
1692 5070 1784 5120 ἐπὶ

217 5171 388 5239 τούτῳ
419 5167 670 5238 στιγμὴν,
705 5184 725 5216 ι
767 5167 823 5217 ἐν
863 5167 926 5234 τῇ
957 5163 1178 5232 εὑθηνίᾳ
1209 5178 1306 5225 μου
1341 5160 1399 5211 οὐ
1441 5159 1513 5228 μὴ
1542 5157 1784 5211 σαλευθῶ

216 5264 296 5326 εἰς
326 5263 416 5314 τὸν
456 5260 658 5314 αἰῶνα·
708 5277 725 5308 ι
766 5257 990 5328 ἁρμόζει
1032 5255 1092 5308 τὸ
1139 5254 1212 5325 μὴ
1253 5251 1568 5306 σαλεύεσθαι
1607 5251 1783 5318 λέγειν

287 5354 329 5383 ⁸⁷
362 5352 449 5405 Ps.
491 5366 598 5412 XXI,
631 5349 684 5401 2.
773 5349 816 5377 ⁸³
841 5347 928 5401 Ps.
962 5346 1138 5410 vaui,
1177 5345 1227 5398 6.

220 5438 329 5484 xiv,
362 5422 413 5474 6.
488 5420 532 5450 ³³
565 5420 720 5472 Prov.
750 5432 901 5480 xvttt,
930 5417 1018 5468 ‘21.
1069 5459 1078 5483 γ

253 5514 403 5592 ,(42)
465 5510 626 5564 Ἐπεὶ
690 5511 800 5578 οὐχ
862 5507 1107 5576 ὡραῖος,
1165 5518 1270 5562 etc.
1337 5507 1517 5562 Codex
1586 5507 1781 5560 Baroc-

220 5597 427 5636 ClallllS.

316 5650 404 5718 45)
449 5648 606 5718 Τάχα
643 5646 710 5700 δὲ
749 5645 845 5700 καὶ
882 5646 1040 5718 τούς,
1082 5655 1184 5700 etc.
1227 5646 1448 5700 Seliethe
1487 5646 1686 5718 Gralni.

316 5653 404 5718 45)
449 5653 606 5715 Τάχα
643 5653 710 5700 δέ
749 5653 845 5700 καὶ
882 5653 1040 5710 τούς,
1082 5655 1184 5700 etc.
1227 5653 1448 5700 Sehedm
1487 5653 1686 5699 Grabii.

292 5653 402 5792 (44)
444 5717 569 5783 Πᾶς
606 5721 636 5771 ὁ
670 5715 1063 5787 μεμνημένος,
1103 5727 1204 5770 etc.
1248 5719 1460 5770 Eaedem
1503 5717 1750 5786 schedio.

1318 5346 1361 5383 ⁸ο
1394 5341 1550 5394 Deut.
1582 5359 1749 5407 xxxii,
1792 5342 1844 5396 4.

1972 4609 2245 4678 Ejusdem.
2275 4609 2369 4665 Est
2400 4619 2582 4664 autem
2625 4609 2681 4664 in
2727 4607 3064 4664 fervescente
3097 4609 3172 4662 ira
3207 4608 3472 4677 prompti-

1897 4705 2045 4766 tudo,
2077 4715 2131 4759 ct
2164 4705 2243 4759 ira
2286 4702 2660 4758 retributionis
2683 4741 2696 4764 .
2745 4713 2800 4755 et
2839 4699 2948 4754 vita
2996 4701 3270 4771 praecipue
3303 4708 3384 4753 est
3417 4702 3470 4752 in

1896 4794 2176 4852 voluntate
2205 4795 2318 4850 Dei.

1965 4886 2130 4941 Vens.
2163 4886 2218 4940 7.
2246 4886 2358 4956 Ego
2397 4895 2569 4941 autem
2598 4886 2712 4938 dixi
2739 4887 2793 4938 in
2821 4883 3149 4937 abundantia
3183 4895 3317 4936 inea.
3346 4879 3466 4933 Non

1893 4975 2136 5029 movebar
2165 4975 2216 5029 in
2246 4984 2523 5042 wternum,
2552 4983 2659 5030 etc.
2689 4973 2816 5030 Sive
2837 4972 3112 5035 Christus,
3148 4972 3263 5026 sive
3285 4969 3468 5036 justus

1897 5066 2098 5120 dixerit
2150 5066 2324 5122 illud:
2372 5085 2392 5118 ι
2431 5067 2545 5138 Ego
2605 5067 2757 5134 dixi;
2792 5084 2812 5120 ι
2865 5065 3062 5122 deinde
3112 5073 3233 5132 post
3268 5063 3468 5116 factum

1898 5157 2097 5212 ibidem
2134 5159 2648 5226 interpunctionem,
2692 5178 2711 5212 ι
2753 5159 2805 5216 in
2836 5156 3163 5214 abundantia
3206 5169 3323 5207 mea
3358 5169 3466 5206 non

1897 5249 2152 5303 movebor
2191 5250 2241 5302 in
2271 5259 2562 5318 internum,
2589 5266 2609 5302 ι
2644 5248 2896 5304 convenit
2934 5259 3054 5300 eum
3091 5244 3178 5312 qui
3212 5245 3262 5296 in
3296 5243 3467 5295 abun-

1957 5346 2000 5376 °°
2025 5344 2212 5402 Matth.
2253 5361 2378 5412 xxv,
2412 5345 2501 5401 2i.
2609 5343 2654 5375 ⁰¹
2685 5343 2874 5398 Matth.
2908 5356 3004 5403 xu,
3037 5338 3128 5393 55.
3230 5338 3274 5370 θ’
3301 5334 3459 5389 Joan.

1961 5507 2072 5578 (45)
2114 5505 2338 5573 Ὥσπερ
2394 5505 2463 5555 ἐκ
2521 5500 2627 5555 τοῦ
2667 5498 3032 5568 λεγομένου,
3080 5503 3185 5549 etc.
3257 5492 3466 5547 Eaedem

1891 5580 2256 5771 Ξωίζῗίίῗὲῖτε
2325 5645 2579 5714 Χριστός
2634 5652 2842 5708 φησιν,
2896 5647 3004 5691 etc.
3063 5636 3263 5687 (lulena
3330 5632 3466 5686 (Zor-

1935 5733 2053 5771 cru.

1935 5733 2053 5772 Cl'll.
