3986 6384
429 209 574 264 ἳὲυό
1837 210 1926 266 EX
1961 209 1985 267 ί

2095 210 2262 268 ΞΕΝΕ
3542 228 3680 284 1296

433 327 615 382 dantia
643 336 748 394 est,
789 325 968 382 dicere
999 340 1060 381 se
1088 341 1193 384 non
1229 335 1428 382 motum
1454 327 1542 383 iri.
1587 327 1910 394 Salvatoris,
1943 342 1985 382 Ill

2101 332 2160 383 ὲν
2198 332 2424 405 εὐθηνίᾳ
2456 333 2604 388 ὄντα.
2637 333 2742 390 Τοῦ
2772 335 3025 408 Σωτῆρος
3059 337 3276 409 μέντοι,
3311 337 3390 402 ὡς
3423 339 3681 407 πολλάκις

432 433 578 488 srepe
598 419 858 484 diximus,
885 419 1190 474 humanitas
1216 420 1316 475 hoc
1335 421 1488 476 dicit.
1513 420 1825 477 Secundum
1851 421 1985 494 Sytn

2103 426 2346 495 εἴπομεν,
2374 425 2435 479 τὸ
2462 425 2799 498 ἀνθρώπινον
2827 429 2984 484 τοῦτο
2999 429 3166 500 λέγει.
3201 431 3359 485 Κατὰ
3380 431 3438 485 δὲ
3457 433 3680 504 Σύμμα-

433 511 688 566 macbum
733 523 884 574 vero,
921 509 966 564 si
1001 510 1240 575 dicatur,
1295 529 1311 562 ι
1367 511 1421 567 in
1476 513 1772 568 solitudine
1800 528 1985 579 mea,t

2103 530 2224 583 χον,
2252 513 2348 567 ἐὰν
2373 510 2438 587 ᾗ,
2475 533 2494 566 ‹
2534 517 2592 568 ἐν
2625 519 2692 588 τῇ
2721 517 2926 589 ἠρεμίᾳ
2959 535 3058 589 μου
3083 557 3098 582 ,
3140 536 3158 570 ι
3185 517 3407 572 δύναται
3429 519 3488 573 τὺ
3513 520 3681 591 γαληα

431 612 610 672 potest
633 601 860 670 intelligi
893 601 1265 671 tranquillitas
1293 611 1348 658 et
1381 603 1580 658 anima:
1622 603 1874 671 perfecta:
1901 603 1985 656 im-

2100 605 2190 658 νὸν
2213 607 2307 660 καὶ
2323 606 2594 678 ἀτάραχον
2606 607 2706 677 τῆς
2728 607 3153 680 τετελειωμένης
3169 607 3460 678 δηλοῦσθαι
3480 609 3677 682 ψυχῆς,

433 693 792 760 perturbatio,
822 692 988 766 642
1019 706 1123 762 qua
1151 693 1243 763 qui
1273 692 1490 761 fruitur,
1517 709 1855 764 nequaquam
1887 708 1985 746 am-

2101 690 2218 769 ὲνῇ
2250 698 2356 760 πᾶς
2382 699 2410 750 ὁ
2446 699 2736 769 γενόμενος
2770 699 3020 770 οὐδαμῶς
3067 701 3144 754 ἔτι
3183 704 3676 774 περιτραπήσεται.

428 786 572 855 plius
616 787 1075 841 commovebitur.
1126 784 1229 851 Qui
1276 785 1424 840 enim
1458 784 1618 841 bonis
1663 782 1985 855 spiritalibus

2112 785 2172 840 Ὀ
2212 787 2320 858 γὰρ
2363 787 2604 861 εὐθηνῶν
2647 791 3036 858 πνευματικῶς
3080 791 3142 846 οὒ
3186 793 3682 866 σαλευθήσεταιεις

429 878 688 944 abundat,
713 894 817 934 non
841 879 1152 935 movebitur
1182 881 1234 934 in
1259 888 1542 934 aeternum.

2100 879 2193 931 τὸν
2221 879 2415 934 αἰῶνα.

499 972 663 1028 Vens.
691 973 745 1028 8.
773 971 1016 1039 Domine,
1051 973 1107 1027 in
1147 972 1415 1028 voluntate
1445 984 1538 1027 tua
1567 973 1864 1041 pra’stilisti
1907 973 1985 1025 de-

2171 969 2368 1037 Κύριε,
2388 970 2458 1024 ἐν
2477 968 2558 1036 τῷ
2587 970 2873 1042 θελήματι
2887 987 3005 1029 σου
3025 975 3337 1045 παρέσχου
3369 976 3447 1042 τῷ
3469 976 3683 1031 κάλλει

428 1062 538 1116 cori
570 1078 683 1118 meo
717 1063 982 1118 virtutem.
1013 1062 1262 1117 Avertisti
1299 1060 1491 1128 faciem
1534 1071 1701 1126 tuam,
1733 1069 1783 1115 et
1825 1061 1985 1128 factm

2095 1079 2212 1132 μου
2241 1063 2514 1133 δύναμιν.
2555 1064 2966 1134 Ἀπέστρεψας
2992 1067 3062 1120 δὲ
3088 1069 3153 1122 τό
3182 1069 3506 1137 πρόσωπόν
3538 1085 3680 1127 σου,

433 1168 552 1207 sum
601 1155 982 1219 conturbatus,
1033 1163 1140 1208 etc.
1193 1153 1344 1207 Alius
1383 1151 1554 1208 dicit:
1587 1152 1652 1207 Et
1697 1151 1900 1207 Christi
1944 1161 1985 1204 el

2099 1153 2196 1206 καὶ
2243 1154 2542 1223 ἐγενήθην
2588 1155 3019 1225 τεταραγμένος
3042 1195 3058 1221 ,
3098 1175 3155 1212 κ.
3191 1175 3240 1211 τ.
3284 1159 3329 1211 ὲ.
3383 1157 3574 1220 Ἀλλος
3622 1157 3682 1210 δὲ

424 1243 555 1313 justi
580 1246 788 1315 gratias
811 1246 1021 1317 agentis
1043 1261 1146 1300 vox
1181 1255 1282 1300 est.
1303 1244 1435 1299 Nam
1461 1253 1655 1313 praeter
1684 1244 1985 1313 prtedictum

2099 1262 2262 1316 φησιν
2298 1246 2442 1316 (47)·
2473 1245 2582 1298 Καὶ
2603 1246 2837 1317 Χριστοῦ
2868 1248 2962 1300 καὶ
2998 1247 3207 1301 δικαίου
3240 1249 3358 1301 ἐστὶ
3397 1249 3547 1320 φωνὴ
3583 1248 3680 1300 εὑ-

425 1334 730 1392 divinltatis
753 1335 1026 1402 decorem,
1052 1334 1272 1392 virtutis
1290 1334 1452 1390 etiam
1469 1335 1778 1389 humanitas
1795 1333 1985 1389 Christi

2097 1338 2412 1408 χαριστική.
2449 1337 2594 1408 Πρὸς
2634 1336 2744 1409 γὰρ
2771 1335 2848 1408 τῷ
2886 1339 3264 1410 προειρημένῳ
3294 1339 3393 1409 τῆς
3426 1338 3680 1408 θεότητος

424 1432 482 1480 et
501 1426 682 1482 omnis
713 1434 933 1482 sanctus
962 1425 1236 1498 particeps
1263 1434 1374 1492 est;
1415 1426 1610 1481 horum
1649 1437 1829 1480 autem
1862 1441 1985 1480 eon-

2096 1427 2318 1491 κάλλει,
2364 1429 2458 1481 καὶ
2497 1428 2779 1498 δυνάμεως
2821 1427 2884 1482 τὸ
2915 1429 3255 1499 ἀνθρώπινον
3285 1431 3380 1484 τοῦ
3416 1429 3679 1501 Χριστοῦ.

423 1532 545 1573 sors
572 1528 656 1573 est
678 1518 954 1574 voluntate
989 1519 1079 1574 Dei
1101 1528 1156 1575 et
1188 1520 1460 1592 praecipuo
1487 1517 1605 1588 ejus
1632 1517 1985 1588 beneplaeito.

2095 1515 2191 1571 καὶ⁵
2212 1519 2322 1582 πᾶς
2355 1518 2506 1587 ἆγιος
2546 1517 2908 1590 κεκοινώνηκε
2931 1558 2947 1583 ,
2983 1521 3080 1574 καὶ
3122 1521 3340 1591 μετέχει
3372 1521 3429 1574 δὲ
3467 1521 3678 1574 τούτων

426 1609 484 1664 Si
521 1625 672 1675 vero,
700 1618 757 1664 ut
781 1601 1004 1680 Aqu‘ilas
1033 1611 1287 1679 scripsit,
1323 1629 1342 1663 ι
1381 1611 1436 1665 in
1467 1619 1647 1665 monte
1679 1624 1818 1675 meo,
1857 1627 1876 1663 s
1918 1609 1985 1663 le-

2098 1607 2361 1679 θελήματι
2391 1608 2525 1663 Θεοῦ
2561 1611 2657 1664 καὶ
2696 1610 2773 1681 τῷ
2796 1611 3190 1683 προηγουμένῳ
3225 1613 3456 1682 ἑκουσίῳ
3487 1613 3677 1665 αὑτοῦ.

422 1718 635 1772 gamus,
683 1717 837 1759 mons
886 1703 1090 1757 Christi
1151 1704 1390 1758 Ecclesia
1451 1703 1568 1773 ejus
1641 1701 1985 1772 intelligenda

2107 1674 2243 1753 Ἐὰν
2261 1701 2337 1763 δὲ,
2367 1701 2443 1764 ὠς
2471 1703 2500 1755 ὁ
2534 1674 2763 1766 Ἀκύλας
2794 1674 3059 1774 ἑέραῷενξ
3085 1721 3105 1754 ι
3135 1674 3194 1756 ὲν
3224 1704 3302 1773 τῷ
3334 1674 3449 1774 ὄρει
3482 1721 3609 1773 μου,
3652 1723 3671 1755 s

426 1801 535 1857 est,
567 1805 686 1862 qua:
714 1791 973 1846 altissima
1002 1801 1055 1847 et
1075 1791 1320 1848 sublimis
1351 1803 1453 1847 est.
1481 1792 1612 1846 lluic
1643 1791 1808 1844 monti
1833 1789 1985 1846 Pater

2095 1789 2216 1861 ὅρος
2247 1790 2482 1860 Χριστοῦ
2510 1789 2608 1861 τὴν
2649 1789 2974 1860 Ἐκκλησίαν
3007 1790 3170 1844 αὑτοῦ
3201 1790 3438 1859 νοητέον,
3470 1789 3678 1858 inpr-ilo-

414 1882 572 1953 juxta
603 1883 996 1956 beneplacitum
1029 1901 1212 1952 suum,
1243 1886 1456 1941 ﬁrmum
1507 1884 1790 1954 imperium
1824 1884 1985 1938 tradi-

2095 1881 2258 1951 τάτην
2284 1882 2378 1934 καὶ
2412 1881 2683 1953 μετέωρον
2719 1881 2904 1936 οὖσαν.
2933 1881 3119 1950 Τούτῳ
3148 1881 3204 1934 δὲ
3227 1880 3306 1952 τῷ
3335 1881 3449 1952 ὄρει
3473 1882 3678 1952 κράτος

421 1973 521 2038 dit,
549 1973 984 2046 quandoquidem
1017 1975 1260 2031 Ecclesia
1286 1976 1506 2046 reliquis
1533 1975 1682 2030 orbis
1709 1985 1863 2030 terrae
1886 1976 1985 2028 im-

2095 1971 2318 2025 ἀπὸτοῦ
2350 1973 2655 2043 Πατρὸςιὲν
2695 1976 2762 2044 τῇ
2811 1974 3026 2045 εὐδοκία
3072 1973 3237 2026 αὖτοῦ
3283 1976 3399 2026 ἐστι
3437 1973 3674 2042 βεϐαίοις

417 2073 596 2132 perat,
650 2074 704 2121 et
737 2080 843 2120 una
879 2081 999 2120 cum
1031 2065 1249 2122 Christo
1291 2077 1502 2137 regnat.
1554 2066 1612 2122 Si
1643 2081 1773 2120 vero
1811 2063 1990 2120 locum

417 2155 620 2212 habeat
653 2155 963 2228 Symmachi
1005 2156 1186 2224 lectio,
1223 2178 1242 2211 ι
1284 2162 1462 2227 primo
1502 2160 1751 2228 parenti,
1786 2177 1804 2211 s
1837 2158 1989 2228 quis-

418 2262 545 2303 nam
589 2247 791 2305 Christi
827 2249 910 2304 vel
951 2248 1083 2317 justi
1135 2251 1343 2319 primus
1401 2265 1603 2320 parens
1650 2251 1756 2305 dici
1810 2258 1990 2318 potest

416 2350 615 2412 prater
655 2341 966 2408 Abraham,
1016 2342 1102 2398 cui
1156 2345 1536 2397 conlirmatum
1568 2341 1780 2398 censeri
1808 2349 1986 2412 potest

417 2432 729 2504 imperium,
779 2433 1089 2504 adimpletis
1130 2433 1241 2504 jam
1279 2434 1480 2489 divinis
1511 2433 1986 2504 promissionibus,

420 2538 542 2594 qua:
568 2535 623 2580 et
658 2525 848 2594 generi
891 2525 1030 2594 ejus,
1058 2533 1112 2578 et
1140 2524 1392 2577 omnibus
1423 2523 1622 2592 quibus
1649 2522 1703 2576 in
1744 2521 1860 2592 ipso
1903 2520 1989 2575 be-

415 2615 688 2672 nedictum
728 2625 812 2672 est
833 2616 1081 2686 gentibus
1103 2615 1257 2668 facta:
1285 2614 1444 2668 sunt?

486 2705 766 2777 Ejusdem.
805 2707 918 2760 Non
947 2715 1030 2760 est
1069 2706 1360 2760 absurdum
1390 2703 1665 2759 Christum
1716 2716 1823 2773 quo
1852 2709 1988 2756 teta-

418 2813 552 2869 pore
587 2813 780 2868 passus
815 2807 922 2865 est,
949 2797 1156 2852 dixisse
1187 2811 1203 2852 :
1241 2818 1259 2848 ε
1299 2797 1554 2852 Avertisti
1611 2795 1803 2849 faciem
1841 2807 1984 2848 tuam

415 2904 446 2944 a
483 2903 590 2953 me,
616 2897 672 2942 et
721 2888 899 2943 factus
933 2902 1052 2942 sum
1079 2888 1459 2954 conturbatus,
1497 2905 1514 2937 ι
1543 2901 1663 2940 cum
1711 2887 1762 2938 in
1807 2883 1983 2939 Evan-

413 2979 558 3047 gello
596 2979 756 3035 modo
795 2979 940 3034 dicat
959 2979 1006 3013 “
1042 2998 1055 3035 :
1101 2997 1120 3032 ι
1179 2977 1320 3033 Deus
1361 2992 1542 3042 meus,
1598 2977 1739 3032 Deus
1796 2992 1983 3038 meus,
2013 3018 2055 3076 Ο

415 3083 585 3139 quare
629 3083 716 3125 me
744 3069 1122 3139 dereliquisti?
1163 3088 1182 3122 ι
1220 3068 1380 3124 modo
1432 3068 1734 3124 autem":
1775 3087 1793 3121 ι
1829 3067 1986 3124 Nunc

409 3163 596 3216 anima
625 3178 742 3218 mea
769 3164 980 3218 turbata
1003 3172 1106 3217 est.
1143 3180 1162 3214 ι

488 3341 764 3414 Ejusdem.
810 3341 962 3398 Hanc
989 3340 1183 3397 faciem
1229 3356 1446 3410 semper
1473 3340 1659 3396 vident
1692 3339 1890 3412 angeli.
1924 3339 1984 3396 Si

400 3443 594 3490 autem
634 3433 793 3504 juxta
823 3431 1123 3502 sapientem
1176 3433 1459 3486 mulierem
1491 3430 1778 3486 Thecoitin
1809 3431 1986 3500 angeli

409 3528 592 3582 omnia
640 3533 841 3582 norunt
879 3539 1000 3596 qua:
1039 3532 1170 3579 sunt
1218 3537 1385 3594 super
1431 3532 1656 3586 terram,
1689 3521 1858 3577 facies
1890 3521 1987 3577 Dei

415 3627 543 3674 sunt
572 3631 761 3674 eorum
791 3631 912 3685 qua:
938 3625 1064 3670 sunt
1097 3629 1260 3684 super
1291 3626 1492 3669 terram
1511 3654 1528 3681 ,
1568 3614 1834 3680 rationes,
1859 3613 1986 3684 qui-

412 3707 513 3764 bus
530 3706 712 3778 opifex
735 3706 856 3777 ejus
874 3705 1102 3760 verbum
1130 3703 1478 3775 exprimitur.

480 3887 647 3943 Vens.
681 3889 736 3950 9,
768 3887 852 3942 10.
880 3887 961 3940 Ad
984 3895 1052 3952 te,
1085 3887 1326 3952 Domine,
1349 3886 1612 3951 clamabo,
1643 3896 1690 3940 et
1713 3887 1783 3939 ad
1816 3885 1984 3940 Deum

406 3993 579 4032 meum
607 3977 944 4044 deprecabor.
973 3977 1105 4042 Quae
1127 3977 1332 4031 utilitas
1353 3979 1406 4030 in
1427 3977 1681 4048 sanguine
1707 3976 1982 4038 meo,dum

408 4069 665 4124 descendo
692 4072 747 4122 in
781 4068 1193 4136 corruptionem,
1229 4078 1336 4123 etc.
1399 4067 1524 4122 Haec
1566 4067 1765 4122 clamat
1814 4066 1982 4121 etiam

409 4159 505 4229 qui
537 4157 779 4215 caelestia
808 4158 924 4213 sola
958 4157 1109 4226 petit.
1159 4155 1298 4224 Quid
1345 4157 1476 4212 mihi
1507 4157 1746 4226 prodest,
1783 4154 1980 4224 inquit,

409 4264 606 4305 sanum
639 4264 707 4304 ex
752 4248 1031 4316 sanguinis
1078 4247 1411 4317 plenitudine
1465 4260 1685 4313 corpus,
1717 4260 1843 4300 cum
1897 4259 1982 4300 me

2090 2059 2263 2118 δοθέν.
2294 2064 2500 2134 Κρατεῖ
2528 2063 2584 2117 δὲ
2611 2065 2644 2135 ἡ
2686 2064 2986 2136 Ἐκκλησία
3034 2063 3388 2134 βασιλεύουσα
3419 2065 3527 2116 τῶν
3558 2063 3672 2115 λοι-

2092 2155 2208 2208 πῶν
2239 2156 2330 2208 ἐπὶ
2353 2157 2453 2226 γῆς
2484 2156 2576 2209 καὶ
2601 2155 2820 2228 Χριστῷ
2847 2157 3336 2227 συμϐασιλεύουσα.
3360 2158 3421 2209 Εἰ
3452 2156 3506 2209 δὲ
3532 2158 3678 2210 κατὰ

2091 2246 2183 2298 τὸν
2214 2247 2505 2317 Σύμμαχον
2529 2243 2615 2317 ᾖ,ι
2645 2247 2722 2318 τῷ
2755 2249 3078 2320 προπάτορι,
3121 2267 3140 2301 s
3164 2247 3245 2310 τίς
3277 2248 3340 2300 ἂν
3373 2248 3676 2318 προπάτωρ

2091 2333 2300 2402 λέγοιτο
2315 2334 2551 2406 Χριστοῦ
2580 2336 2613 2406 ἢ
2641 2335 2735 2388 τοῦ
2757 2336 2965 2388 δικαίου
2989 2337 3022 2406 ἦ
3045 2339 3072 2390 ὁ
3089 2335 3357 2406 Ἀϐραὰμ,
3386 2329 3429 2402 ᾧ
3449 2336 3675 2389 δύναται

2089 2427 2346 2480 ἑστάσθαι
2376 2427 2438 2480 τὸ
2470 2428 2670 2498 κράτος
2703 2425 2780 2497 τῷ
2814 2426 2960 2495 γένει
2998 2425 3164 2481 αὐτοῦ
3195 2427 3286 2480 καὶ
3313 2431 3425 2489 τοῖς
3460 2427 3675 2479 ἐνευλο-

2089 2535 2186 2586 γου
2195 2517 2375 2589 μένοις
2399 2518 2548 2590 αὐτῷ
2577 2520 2740 2572 πᾶσιν
2766 2517 2940 2572 ἔθνεσι
2974 2517 3363 2588 πληρουμένων
3381 2517 3488 2570 τῶν
3511 2516 3674 2570 Θείων

2090 2609 2450 2681 εὐαγγελίως

2165 2701 2274 2756 Τοῦ
2305 2701 2512 2756 αὐτοῦ.
2547 2703 2744 2771 Λέγειν
2787 2701 2845 2755 δὲ
2871 2701 2982 2773 (48)
3025 2701 3121 2755 καὶ
3149 2700 3240 2753 τὸν
3269 2699 3503 2770 Χριστὸν
3534 2699 3674 2767 πρὸς

2087 2793 2165 2864 τῷ
2198 2793 2373 2865 καιρῷ
2417 2793 2707 2863 γενόμενον
2739 2792 2832 2846 τοῦ
2875 2793 3078 2856 πάθους
3117 2792 3177 2845 τὸ
3199 2831 3214 2854 ,
3256 2810 3274 2843 ι
3298 2789 3673 2860 ’Δπὲστρεψας

2086 2885 2148 2940 τδ
2184 2885 2475 2957 πρόσωπόν
2515 2902 2609 2938 σου
2635 2923 2651 2950 ,
2697 2883 2792 2938 καὶ¹
2857 2881 3123 2955 ἐγενήθην
3163 2879 3566 2953 τεταραγμένος
3589 2920 3608 2945 ,
3647 2899 3666 2930 s

2087 2979 2189 3030 οὐκ
2225 2977 2372 3030 ἐστιν
2433 2977 2665 3040 ἄτοπον,
2710 2975 2897 3048 ὥσπερ
2950 2976 3046 3030 καὶ⁸
3100 2977 3158 3028 ὲν
3216 2973 3294 3044 τῷ
3328 2973 3664 3043 Εὐαγγελίῳ,

2088 3071 2222 3124 ὅπου
2257 3070 2354 3139 μέν
2383 3085 2542 3139 φησιο
2585 3087 2602 3119 ι
2639 3068 2740 3123 Θεέ
2773 3059 2873 3140 μου
2899 3109 2914 3133 ,
2939 3068 3039 3122 Θεέ
3068 3083 3168 3138 μου
3193 3107 3208 3130 ,
3240 3068 3326 3120 ἵνα
3363 3069 3416 3120 τί
3462 3083 3531 3136 με
3575 3068 3666 3134 £7-

2088 3161 2377 3224 κατέλιπες
2409 3177 2424 3226 ;
2465 3180 2483 3212 s
2525 3161 2658 3215 ὅπου
2702 3161 2794 3226 δὲ,
2847 3179 2866 3213 ι
2899 3157 3009 3214 Νῦν
3039 3163 3072 3232 ὴ
3104 3160 3249 3232 ψυχή
3288 3178 3389 3231 μου
3433 3160 3664 3232 τετάραο

2088 3271 2233 3308 κται.
2274 3271 2292 3305 ι

2163 3344 2272 3398 Τοῦ
2299 3341 2506 3398 αὑτοῦ.
2550 3345 2722 3398 Τοῦτο
2759 3343 2822 3398 τὸ
2861 3345 3151 3416 πρόσωπον
3194 3344 3303 3416 (49)
3347 3346 3398 3398 oi
3442 3344 3660 3412 ἄγγελοι

2089 3434 2343 3506 βλέπουσι
2380 3434 2691 3499 διαπαντός.
2728 3435 2793 3488 Ei
2823 3434 2881 3488 δὲ
2913 3436 3053 3490 κατὰ
3093 3436 3192 3506 τὴν
3227 3435 3396 3506 σοφὴν
3428 3437 3663 3504 γυναῖκα

2083 3526 2184 3597 τὴν
2226 3525 2529 3580 Θεκωῖτίδα
2578 3526 2630 3579 οί
2685 3525 2908 3595 ἄγγελοι
2959 3527 3136 3580 πάντα
3191 3527 3362 3580 οἴδασι
3425 3527 3495 3580 τὰ
3571 3525 3665 3577 ἐπὶ

2083 3615 2210 3687 γῆς,
2263 3615 2326 3670 τὺ
2377 3615 2668 3687 πρόσωπον
2710 3615 2804 3670 τοῦ
2865 3614 3000 3670 Θεοῦ
3062 3619 3114 3670 οι
3169 3617 3315 3686 λόγοι
3383 3617 3490 3670 εἰσὶ
3551 3613 3662 3668 τῶν

2084 3707 2178 3761 ἐπὶ
2202 3709 2325 3777 γῆς,
2353 3709 2404 3761 oi
2430 3704 2924 3779 χαρακτηρίζοντες
2966 3706 3056 3761 τὸν
3087 3706 3470 3778 δημιουργικὸν
3492 3704 3662 3762 αὐτοῦ

2083 3798 2263 3868 λόγον.

2155 3890 2313 3957 Πρὸς
2335 3888 2428 3953 σὲ,
2451 3889 2645 3957 Κύριε,
2672 3887 3048 3957 κεκράξομαι,
3075 3887 3168 3941 καὶ
3201 3885 3352 3955 πρὸς
3378 3886 3482 3940 τὸν
3510 3886 3662 3941 Θεόγ

2077 3997 2197 4049 μου
2238 3979 2624 4048 δεηθήσομαι.
2660 3979 2756 4044 Τίς
2795 3977 3052 4047 ὠφέλεια
3079 3979 3148 4030 ἐν
3183 3975 3263 4042 τῷ
3303 3976 3505 4046 αἵματι
3533 3991 3660 4040 μου

2081 4071 2153 4123 ἐν
2180 4068 2258 4136 τῷ
2289 4069 2614 4136 καταϐῆναι
2631 4088 2709 4142 με
2736 4073 2823 4136 είς
2846 4069 3193 4138 διαφθορὰν,
3217 4086 3272 4121 κ.
3299 4085 3352 4124 τ.
3377 4069 3423 4120 ὲ.
3448 4066 3661 4135 Κράζει

2081 4160 2253 4216 ταῦτα
2287 4159 2401 4233 (50)
2436 4162 2530 4215 καὶ
2575 4163 2604 4215 ὁ
2646 4161 2715 4216 τὰ
2746 4160 3044 4232 ἐπουράνια
3091 4160 3228 4230 μόνα
3258 4159 3457 4212 ποθῶν.
3485 4159 3554 4210 Τί
3589 4175 3659 4226 με

2080 4253 2197 4316 δεῖ,
2244 4254 2443 4324 φησιν,
2475 4253 2714 4306 εὖεκτεῖν
2761 4255 2820 4306 ὲν
2864 4253 3094 4322 αἵματος
3143 4249 3337 4322 πλήθει
3380 4250 3440 4302 τδ
3469 4249 3656 4318 σῶμα.

409 4351 629 4395 maneat
660 4338 838 4394 futura
869 4353 935 4392 ex
982 4348 1162 4394 morte
1202 4337 1529 4407 corruptio?
1558 4337 1767 4390 Annon
1796 4337 1976 4406 potius

2095 4343 2530 4416 προσδοκωμένης
2558 4361 2647 4414 μοι
2679 4343 2777 4414 τῆς
2800 4345 2862 4396 ὲκ
2878 4342 2969 4396 τοῦ
2995 4341 3224 4395 θανάτου
3248 4338 3485 4410 φθορᾶς
3516 4336 3659 4390 Ἀλλ’

407 4430 784 4502 castigandum
843 4438 948 4493 est,
1004 4444 1069 4484 ne
1142 4430 1365 4498 sanguis
1420 4427 1781 4484 eﬂ‘ervescens
1821 4443 1980 4483 oeca-

406 4521 618 4578 sionem
680 4521 939 4592 peccandi
974 4521 1256 4591 praebeat?

476 4611 757 4684 Ejusdem.
802 4611 1004 4668 Videns
1035 4628 1134 4666 nos
1164 4611 1296 4665 nihil
1325 4611 1564 4680 pretioso
1597 4610 1732 4682 ejus,
1756 4626 1863 4681 quo
1889 4627 1975 4666 re-

405 4703 609 4774 dempti
635 4717 846 4771 sumus,
889 4703 1156 4774 sanguine
1179 4702 1401 4772 dignum
1432 4718 1618 4772 agere,
1649 4704 1766 4758 hate
1790 4704 1977 4756 Salva-

405 4805 494 4854 tor
513 4799 608 4853 ait.
633 4797 768 4854 Curu
798 4797 945 4853 enim
975 4794 1216 4850 nonnulli
1247 4810 1342 4865 pro
1364 4795 1560 4864 quibus
1586 4802 1837 4849 mortuus
1868 4802 1974 4858 est,

408 4889 461 4943 in
487 4897 710 4958 peccato
742 4898 797 4944 et
825 4890 1101 4958 impietate
1126 4898 1498 4958 permaneant,
1520 4887 1720 4940 frustra
1751 4886 1975 4939 descen-

405 4981 551 5037 disse
586 4981 640 5036 in
674 4982 1101 5048 corruptionem,
1151 4995 1206 5037 et
1241 4979 1570 5048 sanguinem
1614 4973 1869 5029 etiudisse
1902 4978 1974 5029 vi-

380 5085 386 5090 .
473 5123 522 5156 ’⁸
547 5118 739 5178 Matth.
771 5137 936 5185 xxvn,
965 5122 1054 5176 46.
1132 5122 1176 5153 ’⁸
1211 5119 1367 5173 Ιοαιι.
1415 5131 1512 5182 λυ.
1542 5115 1633 5170 Ἦ·

473 5253 590 5324 (Π)
633 5254 848 5321 Ἄλλος
875 5253 942 5307 δέ
969 5265 1178 5322 φησιν,
1219 5259 1324 5304 etc.
1355 5248 1535 5304 Codex
1580 5245 1969 5316 Bnroccianus,

402 5321 604 5381 Catena
630 5324 875 5378 Barbari.

475 5393 590 5472 (ᾁξ)
630 5395 838 5472 ῥέτειν
867 5392 954 5472 δᾴ,
983 5398 1102 5472 etc.‘
1117 5386 1300 5472 Codex
1332 5385 1714 5472 Barocciatttts.

476 5455 589 5534 ('49-)
633 5455 812 5534 Τοῦτο
857 5455 1334 5534 segnitia-conor,
1380 5463 1486 5510 etc.
1537 5455 1721 5511 Codex
1773 5455 1968 5515 Coisli-

405 5527 599 5588 nianus
623 5543 678 5584 et
708 5531 918 5584 schedio
943 5527 1152 5582 Grabii.

471 5602 585 5668 (50)
624 5599 827 5668 Κράζει
851 5598 1056 5664 ταῦτα,
1091 5608 1198 5652 etc.
1226 5595 1446 5666 Origeui
1479 5595 1722 5652 tribuunt
1747 5596 1962 5654 schedia

2076 4436 2137 4488 οὑ
2174 4434 2369 4506 μᾶλλον
2402 4435 2742 4499 ὑπωπιάζειν
2774 4433 2835 4487 τὸ
2869 4432 3061 4503 σῶμα,
3113 4433 3308 4503 μήπως
3348 4427 3660 4501 ὑπερζέσαν

2075 4525 2138 4578 τὸ
2169 4520 2308 4596 αἷμα
2341 4526 2476 4595 πρὸς
2505 4524 2782 4596 ἁμαρτίαν
2809 4525 3010 4595 κινήσῃ
3035 4540 3050 4589 ς

2152 4617 2262 4672 Τοῦ
2289 4616 2494 4671 αὐτοῦ.
2539 4617 2712 4688 Ὁρῶν
2745 4615 2908 4687 μηδὲν
2941 4614 3089 4678 ἄξιον
3121 4612 3230 4682 (51)
3258 4613 3408 4681 ἡμᾶς
3439 4608 3658 4664 ποιοῦν-

2077 4725 2177 4772 τας
2207 4706 2301 4761 τοῦ
2324 4709 2506 4778 τιμίου
2536 4708 2786 4778 αἵματος,
2817 4700 2877 4761 οὗ
2911 4703 3317 4776 ἡγοράσθημεν,
3344 4701 3520 4756 ταῦτά
3551 4719 3658 4772 φη-

2084 4815 2167 4852 σιν
2187 4800 2216 4853 ὁ
2246 4799 2454 4871 Σωτήρ.
2493 4799 2710 4870 Ἐπειδὴ
2741 4797 2848 4869 γάρ
2879 4814 3022 4860 τινες
3051 4795 3160 4849 τῶν
3187 4795 3326 4866 ὑπὲρ
3350 4787 3425 4848 ὧν
3449 4793 3658 4848 ἀπέθα-

2080 4906 2204 4955 νεν,
2239 4890 2555 4961 ἐπιμένουσι
2595 4890 2761 4961 κακίᾳ
2809 4890 2904 4943 καὶ
2943 4888 3260 4960 δυσσεϐείᾳ,
3287 4885 3464 4952 ἔδοξεν
3507 4888 3541 4956 ὴ
3577 4886 3656 4948 εἰς

2077 4978 2177 5050 τὴν
2203 4981 2500 5052 διαφθορὰν
2525 4981 2620 5035 τοῦ
2655 4979 2906 5053 Σωτῆρος
2941 4978 3163 5043 κάθοδος
3192 5017 3207 5043 ,
3231 4979 3325 5034 καὶ
3354 4980 3388 5050 ὴ
3437 4978 3656 5048 ἔκχυσις

2079 5251 2290 5316 Grabii,
2321 5249 2416 5306 sed
2452 5263 2647 5305 vereor
2676 5263 2744 5303 ne
2770 5249 2900 5318 quid
2916 5263 2991 5318 px
3027 5246 3224 5302 Basilio
3263 5244 3352 5318 hic
3383 5243 3640 5318 insertum

2078 5313 2285 5376 fuerit—ﬁ
2317 5322 2418 5374 nisi
2479 5320 2635 5374 malis
2681 5313 2863 5373 dicere
2913 5316 3170 5370 Basiliam
3205 5331 3272 5370 cx
3317 5313 3554 5384 Origene
3583 5329 3638 5365 es

2074 5407 2198 5447 esse
2231 5399 2556 5444 mutuatum.
2593 5387 2724 5442 Vide
2758 5385 2980 5440 Barbari
3010 5387 3291 5440 Catenam.

2143 5481 2258 5554 (⁵1)
2309 5478 2716 5554 ὀρῶνημηδὲν
2745 5477 2940 5554 ᾅξεον,
2983 5487 3092 5534 etc.
3136 5477 3339 5533 Catena
3376 5473 3639 5538 Corderii,

2069 5563 2126 5610 et
2152 5548 2326 5610 codex
2353 5548 2722 5608 Coisiinianus
2755 5548 2877 5605 189.
