3986 6384
65 353 92 482 ,ἑ

57 739 82 828 ’1

42 983 74 2104 r

478 313 617 370 {299
1881 315 1971 370 EX
2009 315 2024 368 4

2137 315 2312 369 BENE
3577 315 3707 370 1500
3758 367 3762 372 ,

477 436 699 492 nomine
743 436 1016 493 Christum
1060 437 1336 504 intelligit.
1370 437 1488 506 Ipse
1515 436 1656 492 enim
1686 455 1704 487 ι
1745 435 1918 492 factus
1957 453 2024 494 es:

2143 435 2484 506 δικαιοσύνην
2513 434 2659 504 λέγει
2684 435 2772 488 τὸν
2805 435 3064 506 Χριστόν·
3097 434 3260 498 αὐτὸς
3284 434 3391 505 γὰρ
3429 453 3449 486 ι
3483 434 3706 506 ἐγενήθη

474 528 630 582 nobis
653 527 916 596 sapientia
960 542 988 581 a
1022 527 1129 584 Deo
1161 538 1213 584 et
1237 527 1446 597 justitia
1495 537 1546 582 et
1598 527 1958 582 sanctiﬁcatio
1982 540 2036 585 et

471 617 772 688 redemptio
799 617 864 672 ⁸⁸.
903 637 923 671 ι

541 707 705 762 Vens.
737 709 793 764 3.
824 707 954 763 Esto
976 708 1103 762 mihi
1123 709 1176 763 in
1213 709 1380 763 Deum
1407 718 1752 779 protectorem
1781 720 1827 764 et
1857 712 1909 764 in
1937 713 2034 765 do-

468 814 612 852 mum
642 799 852 870 refugii,
882 808 941 854 ut
965 799 1168 855 salvum
1199 815 1278 854 me
1305 799 1494 868 facias,
1520 809 1626 855 etc.
1655 799 1765 855 Deo
1788 816 1884 856 nos
1914 817 2036 870 pro-

472 897 712 960 tegente,
742 891 866 962 quis
906 890 1066 946 nobis
1095 889 1454 946 adversetur?
1502 890 1672 946 Porro
1713 891 1802 948 Dei
1834 893 2035 948 auxilio

471 982 796 1053 indigemus,
824 994 946 1037 cum
980 980 1284 1052 angelicum
1315 997 1422 1037 non
1451 982 1672 1040 suﬁicit.

537 1161 816 1232 Ejusdem.
855 1163 1059 1221 Domus
1095 1163 1285 1236 refugii
1327 1166 1672 1236 e5tcognitio
1702 1165 1817 1222 Dei.

534 1345 700 1402 Vsus.
719 1345 772 1400 4.
801 1345 1062 1413 Quoniam
1083 1347 1335 1416 fortitudo
1357 1362 1470 1400 mea
1495 1357 1542 1400 et
1569 1345 1828 1416 refugium
1865 1365 2032 1402 meum

463 1452 517 1493 es
555 1448 632 1500 tu,
655 1446 704 1492 et
743 1446 955 1506 propter
981 1453 1164 1492 nomen
1196 1447 1340 1492 tuum
1369 1437 1590 1491 rleduces
1615 1455 1694 1490 me
1731 1448 1774 1492 et
1804 1440 2030 1493 enutrio:

462 1543 573 1595 me,
617 1539 725 1583 etc.
764 1528 993 1586 Deducit
1021 1530 1238 1600 quidem
1283 1543 1377 1598 per
1411 1538 1616 1584 rectam
1653 1529 1812 1584 ﬁdem
1844 1541 1898 1588 et
1937 1547 2032 1600 per

461 1635 670 1691 opera.
723 1624 896 1681 nutrit
943 1632 1122 1678 autem
1179 1637 1277 1691 per
1331 1638 1485 1678 suam
1540 1623 1707 1693 ipsius
1764 1627 2030 1696 cognitio-

463 1727 610 1768 nem.

2141 529 2272 598 ἡμῖν
2297 527 2456 595 σοφία
2481 527 2588 580 ἀπὸ
2621 525 2775 590 Θεοῦ,
2794 526 3100 597 δικαιοσύνη
3126 543 3183 578 τε
3205 528 3299 580 καὶ
3323 525 3591 598 ἁγιασμὸς
3619 525 3708 581 καὶ

2137 619 2534 690 ἀπολύτρωσις.
2565 639 2581 671 ι

2211 708 2404 762 Γενοῦ
2427 725 2528 778 μοι
2553 708 2640 774 εἰς
2665 706 2812 760 Θεὸν
2827 707 3291 776 ὑπερασπιστὴν
3313 709 3411 762 καὶ
3437 711 3525 774 εις
3547 702 3707 762 οἷκον

2138 800 2478 871 καταφυγῆς
2495 798 2619 864 ,τοῦ
2642 798 2839 854 σῶσαι
2873 817 2970 868 με,
3008 818 3062 853 κ.
3092 817 3145 857 τ.
3194 802 3240 854 ὲ.
3287 797 3703 872 ’Υπερασπίζονο

2137 909 2231 956 τος
2256 891 2348 946 τοῦ
2377 890 2511 946 Θεοῦ
2542 891 2654 960 (57)
2690 892 2827 964 ὑπὲρ
2854 892 3007 963 ἡμῶν
3026 933 3042 956 ,
3069 892 3152 956 τίς
3185 891 3308 945 καθ’
3347 893 3500 963 ἡμῶν
3533 909 3548 957 ;
3578 890 3704 945 Θεοῦ

2135 981 2191 1036 δὲ
2219 981 2627 1054 ύπερασπιστοῦ
2659 981 2950 1053 χρῄζομεν,
2991 981 3085 1035 ἐὰν
3115 981 3190 1053 μὴ
3230 980 3529 1053 ἀρκώμεθα
3549 983 3703 1050 ἀγγε-

2137 1072 2260 1144 λικῇ
2289 1070 2594 1144 συμμαχίᾳ.

2212 1161 2324 1216 Τοῦ
2355 1162 2565 1217 αὐτοῦ.
2603 1156 2765 1226 Οἶκος
2815 1163 3134 1233 καταφυγῆς
3187 1164 3324 1236 (58)
3378 1163 3579 1231 γνῶσις
3619 1161 3703 1216 τοῦ

2138 1252 2298 1308 Θεοῦ.

2206 1342 2334 1396 Ὅτι
2367 1343 2703 1413 κραταίωμά
2737 1359 2855 1413 μου
2891 1344 2988 1396 καὶ
3026 1344 3336 1414 καταφυγή
3365 1362 3485 1414 μου
3520 1337 3582 1399 εἴ
3605 1344 3702 1411 σὺ,

2135 1433 2233 1487 καὶ
2258 1434 2464 1488 ἕνεκεν
2503 1435 2608 1489 τοῦ
2633 1436 2923 1504 ὀνόματός
2967 1450 3081 1489 σου
3116 1436 3436 1506 ὀδηγήσεις
3464 1455 3575 1506 με,
3613 1438 3703 1490 καί

2133 1526 2474 1596 διαθρέψεις
2492 1544 2590 1596 με,
2619 1545 2673 1582 κ.
2704 1546 2752 1581 τ.
2790 1529 2836 1582 ἐ.
2873 1527 3089 1599 Ὀδηγεῖ
3119 1529 3216 1598 μὲν
3246 1528 3357 1599 (59)
3389 1528 3479 1582 διὰ
3499 1529 3600 1598 τῆς
3626 1529 3686 1582 πί

2134 1634 2305 1684 στεως
2335 1619 2431 1690 τῆς
2463 1619 2628 1691 ὀρθῆς
2661 1619 2756 1671 καὶ
2781 1618 2870 1671 διὰ
2902 1618 2999 1689 τῆς
3040 1620 3348 1690 πρακτικῆς
3372 1659 3386 1683 ,
3427 1620 3616 1692 τρέφει
3657 1621 3703 1674 δὲ

2134 1708 2221 1762 διὰ
2245 1710 2345 1781 τῆς
2369 1709 2621 1777 γνώσεως
2642 1709 2828 1764 αὑτοῦ.

532 1802 696 1861 Vens.
744 1803 800 1860 6.
848 1804 915 1860 In
964 1823 1150 1862 manus
1197 1817 1316 1864 tuas
1358 1811 1727 1868 commendabo
1785 1783 2024 1878 spiritum

2201 1772 2550 1871 ΕἱςΓχ-εῷἀς
2575 1772 2692 1857 ἀου
2740 1803 3158 1872 παραθήσομαι
3203 1803 3269 1858 τὸ
3296 1801 3534 1872 πνεῦμά
3568 1815 3704 1867 μίαν,

461 1910 655 1964 meum,
686 1904 794 1952 etc.
841 1897 1049 1968 Quippe
1091 1899 1247 1971 cujus
1295 1901 1475 1955 anima
1533 1913 1898 1972 oppugnatur.
1954 1903 2030 1958 De

461 1998 690 2054 corpore
716 1987 860 2042 enim
895 2003 1088 2059 parum
1127 1990 1344 2046 solliciti
1373 2000 1497 2047 sunt
1527 1993 1722 2048 sancti.
1756 1993 1966 2048 Etcum
1997 2008 2027 2047 a

458 2075 840 2149 deceptoribus
866 2080 1054 2137 timeat
1094 2097 1160 2138 ne
1188 2082 1526 2149 vulneretur,
1571 2085 1820 2156 spiritum
1871 2099 2027 2141 suum

458 2169 802 2228 commendat
837 2170 967 2231 Deo.
992 2174 1147 2242 cujus
1177 2175 1600 2256 providentiam,
1629 2189 1823 2232 manus
1846 2185 2023 2233 vocat.

456 2257 570 2314 Hac
598 2262 868 2318 sententia
924 2265 1088 2320 etiam
1123 2281 1253 2323 usus
1277 2275 1360 2323 est
1391 2265 1663 2330 Salvator,
1703 2283 1830 2324 cum
1879 2268 2025 2323 cruci

455 2349 649 2407 aﬁixus
697 2363 836 2409 erat.
887 2352 1057 2409 Porro
1102 2357 1351 2426 spiritum
1407 2357 1688 2428 Scriptura
1749 2359 2023 2414 interdum

453 2448 690 2497 mentem
718 2454 876 2500 vocat
904 2444 973 2509 ",
1011 2456 1069 2498 ut
1094 2461 1214 2500 cum
1244 2447 1492 2502 hortatur
1521 2447 1789 2518 virginem
1820 2455 1878 2502 ut
1899 2461 2026 2504 sau-

455 2539 542 2586 cta
573 2529 647 2588 sit
671 2545 905 2602 corpore
930 2543 985 2589 et
1019 2537 1248 2604 spiritu;
1285 2537 1573 2607 aliquando
1607 2553 1736 2594 vero
1762 2537 2021 2604 animam,

455 2630 515 2675 ut
547 2624 692 2694 apud
712 2621 973 2680 Iacobum
997 2626 1042 2657 ’⁸
1070 2645 1084 2682 ι
1121 2645 1141 2678 ι
1177 2627 1329 2683 Sicut
1355 2623 1500 2682 enim
1541 2643 1740 2699 corpus
1767 2629 1884 2684 sine
1913 2628 2023 2696 spi-

455 2714 564 2770 ritu
600 2725 875 2772 mortuum
901 2725 1022 2786 est;
1065 2736 1084 2770 ι
1117 2733 1510 2790 nonnunquam
1561 2734 1693 2776 vero
1735 2719 2020 2775 conscien-

454 2806 584 2861 tiam
627 2808 825 2863 animae
869 2808 1214 2879 conjunctam
1266 2809 1556 2882 intelligit,
1609 2819 1668 2866 ut
1718 2812 1770 2866 in
1822 2810 2016 2867 illo”:

456 2915 480 2950 ι
517 2898 687 2958 Nemo
711 2901 816 2958 scit
839 2917 960 2974 quae
984 2913 1109 2958 sunt
1136 2903 1393 2968 hominis,
1433 2903 1534 2960 nisi
1573 2905 1800 2975 spiritus
1829 2905 1921 2976 qui
1965 2905 2020 2960 in

454 2991 572 3057 ipso
592 2990 820 3046 habitat.
861 3011 881 3046 ι
917 2992 1072 3060 Quod
1106 3002 1287 3048 autem
1312 2995 1652 3065 propositum
1675 3004 1780 3060 est,
1816 2995 2016 3066 triplici

2131 1909 2185 1946 κ.
2219 1910 2272 1948 τ.
2303 1893 2350 1947 ὲ.
2392 1894 2479 1957 Ὡς
2507 1911 2606 1965 την
2631 1893 2810 1966 ψυχὴν
2841 1894 2947 1965 (60)
2983 1895 3418 1965 πολεμούμενοςο
3462 1893 3682 1965 σώματο

2129 1985 2238 2058 γάρ
2265 1985 2377 2048 τοῖς
2397 1985 2574 2055 ἁγίοις
2600 1987 2754 2058 ὀλίγη
2785 1988 3022 2058 φροντίς.
3054 1989 3162 2042 Καὶ
3183 1988 3320 2060 πρὸς
3337 1988 3442 2040 τῶν
3465 1987 3718 2042 άπατεὼ.

2129 2095 2233 2132 νων
2257 2078 2529 2151 τρωθῆναι
2554 2077 2884 2149 φοϐούμενος
2904 2080 2966 2132 τὸ
2992 2080 3210 2152 πνεῦμα
3239 2081 3600 2149 παρατίθεται
3631 2080 3704 2150 τῷ

2127 2169 2268 2240 Θεῷ,
2290 2170 2389 2235 τὰς
2423 2171 2787 2242 προνοητικὰς
2813 2172 2977 2225 αὐτοῦ
3003 2172 3259 2242 δυνάμεις
3291 2177 3479 2243 χεῖρας
3504 2173 3703 2226 καλῶν.

2127 2261 2219 2333 Τῷ
2251 2261 2309 2315 δὲ
2353 2262 2580 2333 παρόντι
2622 2262 2772 2335 ῥητῷ
2812 2263 2906 2316 καὶ
2936 2265 2966 2316 ὁ
3009 2263 3198 2335 Σωτὴρ
3231 2265 3323 2316 ἐπὶ
3346 2263 3439 2316 τοῦ
3471 2263 3704 2335 σταυροῦ

2126 2354 2475 2425 πεπηγμένος
2503 2355 2792 2426 ἐχρήσατο.
2827 2353 3052 2426 Πνεῦμα
3075 2355 3132 2408 δὲ
3163 2356 3196 2426 ἡ
3231 2345 3420 2427 Γραφὴ
3452 2354 3584 2408 ποτὲ
3607 2355 3702 2425 μὲν

2123 2447 2223 2517 τὴν
2251 2446 2486 2500 διάνοιαν
2520 2446 2702 2512 καλεῖ,
2744 2447 2819 2512 ὡς
2855 2448 2914 2501 ὲν
2955 2446 3033 2518 τῷ
3081 2443 3401 2509 σπουδάζειν
3438 2439 3578 2498 εἶναι
3609 2447 3702 2514 τὴν

2125 2538 2395 2608 παρθένον
2427 2539 2587 2608 ἁγίαν
2620 2538 2890 2611 πνεύματι
2928 2541 3022 2592 καὶ
3054 2535 3297 2610 σώματι·
3335 2536 3465 2591 ποτὲ
3508 2535 3568 2590 δὲ
3603 2537 3702 2608 τὴν

2122 2627 2318 2699 ψυχὴν,
2343 2628 2418 2692 ὡς
2448 2629 2599 2702 παρὰ
2636 2628 2876 2702 Ἰακώϐῳ
2895 2646 2908 2661 ο
2942 2649 2961 2682 t
2996 2630 3204 2699 Ὥσπερ
3234 2627 3291 2682 δὲ
3317 2627 3378 2681 τὸ
3412 2626 3570 2698 σῶμα
3597 2645 3700 2698 χω·

2125 2723 2210 2793 ρὶς
2232 2721 2539 2794 πνεύματος
2567 2723 2756 2794 νεκρόν
2781 2725 2916 2776 ἐστι·
2953 2739 2970 2774 ι
3005 2721 3132 2775 ποτὲ
3156 2720 3214 2774 δὲ
3247 2718 3308 2772 τὸ
3343 2716 3699 2792 συνεζευγμέ-

2122 2831 2210 2867 νον
2235 2817 2300 2885 τῇ
2328 2814 2473 2885 ψυχῇ
2502 2813 2756 2880 συνειδὸς,
2789 2811 2864 2876 ὡς
2896 2814 2953 2867 ὲν
2974 2811 3071 2883 τῷ,
3108 2830 3126 2864 t
3157 2811 3344 2875 Οὐδεὶς
3375 2809 3480 2865 οἶδε
3511 2812 3580 2865 τά
3607 2812 3699 2866 τοῦ

2121 2906 2407 2978 ἀνθρώπου
2438 2908 2485 2960 εί
2511 2907 2584 2979 μὴ
2614 2907 2676 2959 τὸ
2705 2906 2918 2976 πνεῦμα
2944 2907 3002 2959 τὸ
3035 2904 3277 2960 ἐνοικοῦν
3298 2906 3356 2958 ὲν
3379 2903 3547 2977 αὐτῷ.
3580 2923 3601 2958 s
3629 2905 3700 2960 Τὸ

2119 2995 2176 3049 δὲ
2202 2998 2558 3068 προκείμενον
2588 2996 2730 3050 κατὰ
2760 2997 2884 3060 τοὺς
2913 2997 3060 3068 τρεῖς
3092 2994 3412 3067 νοηοήσεται
3443 2995 3698 3068 τρόπους.

455 3081 561 3137 isto
611 3082 943 3155 intelligetur
987 3087 1165 3142 modo.
1218 3085 1395 3142 Porro
1445 3089 1603 3157 quasi
1660 3087 1728 3143 ab
1783 3089 2020 3144 inimicis

2137 3087 2222 3152 Ὠς
2250 3089 2410 3152 ἁλοὺς
2433 3087 2490 3143 δὲ
2512 3089 2664 3162 παρὰ
2693 3089 2799 3143 τῶν
2821 3089 3113 3159 πολεμίων,
3137 3087 3242 3140 ὑπὸ
3270 3085 3406 3140 Θεοῦ
3434 3086 3700 3160 λελυτρῶ-

449 3181 668 3242 taptus,
697 3187 727 3228 a
749 3171 860 3230 Deo
898 3189 958 3230 se
983 3176 1320 3248 redemptmn
1351 3178 1504 3236 dicit.

519 3256 800 3329 Ejusdem.
837 3263 948 3322 Hoc
999 3265 1120 3323 loco
1177 3269 1407 3337 spiritus
1438 3279 1676 3325 mentem
1723 3270 2015 3340 signiﬁcat.

450 3351 582 3422 Quae
604 3355 748 3412 enim
774 3357 1015 3414 adhaeret
1046 3357 1157 3414 Deo
1187 3373 1360 3427 mens,
1390 3375 1530 3417 unus
1553 3370 1640 3417 est
1660 3362 1906 3433 spiritus.

521 3550 684 3608 Vens.
708 3553 764 3619 7,
802 3552 858 3609 8.
903 3553 1079 3608 Odisti
1127 3556 1455 3611 observantes
1489 3557 1745 3612 vanitates
1771 3574 2017 3627 superva-

445 3658 560 3708 cue,
592 3657 687 3712 ego
716 3653 888 3698 autem
919 3643 974 3697 in
1017 3642 1244 3697 Domino
1273 3645 1504 3712 speravi,
1543 3653 1649 3701 etc.
1680 3643 1736 3700 Si
1762 3655 2016 3716 peccato-

444 3746 564 3786 rum
589 3746 714 3804 spes
740 3732 793 3788 in
823 3735 928 3790 hac
960 3735 1213 3806 praesenti
1257 3737 1360 3791 sita
1399 3747 1480 3791 est
1501 3739 1634 3804 vita,
1664 3752 1786 3806 quae
1820 3752 2019 3793 secun-

2124 3178 2248 3231 σθαί
2282 3196 2434 3250 φησι.

2193 3269 2303 3326 Τοῦ
2348 3270 2552 3325 αὐτοῦ.
2599 3269 2712 3325 Νῦν
2756 3269 2817 3324 τὸ
2871 3269 3084 3342 πνεῦμα
3123 3269 3259 3340 (61)
3315 3267 3567 3341 σημαίνει
3611 3267 3702 3322 τὸν

2118 3361 2242 3417 νοῦν
2265 3379 2278 3392 ·
2325 3363 2353 3415 ὁ
2379 3361 2486 3432 γὰρ
2519 3360 2856 3432 κολλώμενος
2891 3360 2970 3433 τῷ
3002 3361 3192 3433 Κυρίῳ
3227 3359 3348 3424 νοῦς
3384 3360 3442 3414 ἓν
3489 3359 3702 3429 γίνεται

2119 3453 2360 3523 πνεῦμα.

2202 3547 2534 3616 Ἐμίσησας
2570 3544 2712 3610 τοὺς
2741 3542 3277 3613 διαφυλάσσοι-τας
3298 3543 3704 3614 ματαιότητος

2096 3634 2397 3703 ’διακενῆς
2415 3653 2428 3666 ·
2463 3636 2578 3705 ἐγὼ
2601 3635 2670 3688 δὲ
2698 3635 2794 3688 ἐπὶ
2836 3633 2916 3700 τῷ
2943 3635 3136 3703 Κυρίῳ
3163 3633 3428 3703 ἤλπισα,
3457 3651 3512 3689 κ.
3560 3651 3616 3689 τ.
3650 3637 3700 3690 ὲ.

2118 3729 2182 3781 Εἰ
2217 3729 2268 3780 oi
2295 3726 2609 3798 ἁμαρτωλοὶ
2641 3725 2750 3797 (6'2)
2786 3727 2842 3778 ὲν
2883 3729 2948 3796 τῇ
2982 3726 3230 3798 παρούσῃ
3255 3724 3367 3798 ζωῇ
3400 3725 3703 3796 ἠλπικότες

444 3821 570 3876 dum
604 3821 950 3878 Salomonem
986 3825 1198 3880 vanitas
1230 3835 1312 3880 est
1350 3825 1656 3880 vanitatum
1686 3825 1726 3893 ⁸,
1751 3825 1843 3894 qui
1874 3825 2017 3880 hanc

2137 3821 2224 3873 ῖίσὶ
2258 3820 2447 3891 μόνον·
2483 3819 2623 3890 αῦτη
2661 3818 2716 3871 δὲ
2752 3818 2892 3872 κατὰ
2921 3818 3012 3870 τὸν
3046 3818 3368 3890 Σολομῶντσ.
3399 3819 3705 3890 ματαιότης

442 3912 617 3966 vitam
634 3913 906 3980 observat,
931 3913 1188 3970 observat
1204 3915 1473 3971 vanitates
1495 3929 1854 3986 supervacue.
1881 3914 2014 3970 Illud

2137 3913 2232 3964 :oc‘t
2259 3913 2632 3983 ματαιοτήτων
2657 3927 2670 3941 ·
2703 3913 2732 3964 ὁ
2763 3910 2964 3981 ταύτην
2998 3909 3094 3981 τὴν
3135 3909 3281 3982 ζωὴν
3323 3909 3703 3980 διαφυλάττων

447 4020 466 4054 ι
497 4016 829 4071 supervacue
861 4024 880 4058 ι
907 4007 992 4062 his
1023 4007 1221 4076 verbis,
1254 4026 1273 4060 ι
1302 4007 1657 4062 observantes
1675 4006 1962 4069 vanitates,
1987 4025 2007 4058 ι

2137 4005 2483 4075 ιαταιότητας
2565 4004 2821 4074 φυλάττει
2895 4003 3167 4075 διακενῆς.
3252 4003 3564 4073 Παρέπεται
3637 4002 3703 4056 τὸ

441 4100 717 4154 adnexum
763 4107 868 4165 est,
898 4100 1280 4172 signiﬁcatque
1328 4117 1422 4156 eos
1453 4117 1520 4156 ex
1553 4117 1683 4156 cura
1737 4117 1900 4170 quam
1958 4103 2011 4157 in

2137 4119 2138 4122 η
2163 4097 2415 4168 διακενῆς
2438 4116 2455 4148 ι
2478 4095 2556 4169 τῷ
2584 4115 2603 4149 ι
2627 4096 2949 4166 φυλάσσοντι
2968 4095 3323 4167 ματαιότητα.
3351 4095 3458 4150 »Τὸ
3477 4115 3496 4148 ι
3514 4094 3703 4149 διακε-

441 4189 586 4244 malo
606 4189 814 4262 agendo
844 4201 1072 4261 ponunt.
1096 4194 1229 4249 nihil
1258 4194 1508 4249 utilitatis
1522 4208 1736 4264 capere,
1761 4203 2013 4263 propter-

2137 4189 2229 4259 γῆς,
2259 4207 2277 4240 ι
2300 4189 2419 4242 ἀντὶ
2436 4187 2551 4252 τοῦ,
2572 4189 2723 4242 οὐδὲν
2749 4187 3080 4258 ὠφελοῦνται
3106 4187 3170 4239 ὲκ
3197 4187 3294 4257 τῆς
3323 4184 3414 4240 τοῦ
3437 4183 3501 4238 τὸ
3523 4184 3705 4239 κακὸν

439 4295 504 4334 ea
555 4282 700 4351 quod
751 4281 893 4338 Deus
926 4282 1047 4339 illos
1088 4285 1234 4348 odit,
1277 4294 1332 4338 et
1375 4286 1570 4354 punit,
1613 4297 1715 4339 nec
1745 4285 2012 4355 permittit

2137 4282 2375 4353 πράττειν
2397 4280 2746 4351 ἐπιμελείας,
2775 4280 2863 4336 διὰ
2902 4281 2963 4332 τὸ
2999 4281 3174 4352 μισεῖν
3210 4279 3405 4342 αὐτοὺς
3427 4277 3520 4330 τὸν
3563 4276 3706 4330 Θεὸν

437 4385 532 4428 eos
562 4373 628 4427 ad
658 4372 820 4430 ﬁnem
843 4375 1145 4431 studiorum
1174 4389 1392 4429 suorum
1430 4376 1736 4444 pervenire.

2137 4372 2206 4424 ιαί
2247 4371 2640 4443 τιμωρεῖσθαι,
2668 4372 2764 4426 καὶ
2800 4371 2874 4444 μὴ
2907 4373 3001 4442 ὲᾷν
3038 4371 3119 4434 εἴς
3157 4387 3210 4424 τι
3239 4370 3410 4441 πέρας
3445 4369 3606 4438 ἄγειν
3635 4367 3703 4420 τὸ

2041 4455 2090 4514 Ι)
2120 4462 2570 4533 σπουδαζόμενον.

508 4541 672 4601 Vsus.
701 4545 756 4602 9.
788 4547 900 4602 Nec
932 4551 1236 4606 conclusisti
1263 4569 1344 4607 me
1388 4554 1445 4607 in
1493 4555 1734 4608 manibus
1781 4555 2006 4619 inimici,

2178 4553 2288 4607 Καὶ
2315 4556 2388 4608 οὺ
2419 4553 2825 4622 συνέκλεισάς
2841 4570 2916 4624 με
2939 4556 3024 4620 εὶς
3040 4552 3244 4624 χεῖρας
3262 4549 3498 4622 ἐχθροῦ,
3519 4549 3706 4617 ἐστη-

433 4639 676 4692 statuisti
704 4640 758 4694 in
793 4640 906 4695 loco
937 4644 1168 4710 spatioso
1207 4646 1361 4712 pedes
1397 4662 1559 4710 meos,
1598 4655 1706 4702 etc.
1750 4645 2012 4703 Rationes

2137 4662 2222 4712 ἀς
2247 4645 2316 4698 ἐν
2341 4645 2654 4714 εὐρυχώρῳ
2679 4647 2822 4712 τοὺς
2853 4645 3044 4711 πόδας
3071 4663 3190 4715 μου
3210 4685 3225 4711 ,
3255 4661 3310 4698 κ.
3339 4662 3390 4700 τ.
3417 4645 3466 4698 ἑ.
3502 4645 3569 4698 Oi
3604 4641 3706 4696 λό-

434 4730 798 4788 tentationum
827 4748 950 4788 cum
983 4736 1380 4806 intelliguntur,
1436 4737 1812 4793 dilatationem
1865 4752 2009 4806 prce-

2137 4755 2191 4790 ’οι
2217 4735 2325 4808 (65)
2344 4737 2452 4790 τῶν
2471 4737 2792 4810 πειρασμῶν
2813 4735 3014 4808 Θεωρού
3024 4753 3173 4807 μενοι
3196 4735 3530 4807 εὐρυχωρίαν
3563 4750 3706 4804 παρα

432 4815 564 4872 bent
585 4820 802 4877 animae.
843 4822 1142 4881 Laudabile
1187 4834 1270 4881 est
1320 4827 1699 4882 diiatationem
1732 4829 2005 4896 conliteri,

2137 4847 2286 4899 χουσι
2326 4833 2392 4902 τῇ
2432 4830 2596 4903 ψυχῇ.
2649 4829 2964 4883 Ἐπαινετὸν
3009 4829 3069 4882 τὸ
3119 4827 3461 4900 εὐρυχωρίαν
3503 4826 3705 4896 ὁμολο-

433 4908 695 4976 quoniam
726 4912 821 4982 qui
851 4915 1146 4984 premitur,
1190 4933 1295 4972 non
1330 4919 1695 4987 angustiatnr.
1735 4919 2008 4978 Dilatatns

2137 4925 2250 4987 νεῖν,
2277 4923 2359 4976 ὅτι
2390 4923 2703 4994 Θλιϐὁμενος
2725 4923 2785 4975 ού
2817 4924 3246 4994 στενοχωρεῖται.
3279 4918 3704 4990 Πλατυνόμενός

430 5007 612 5054 autem
652 5011 708 5058 et
750 5003 1002 5062 laborum
1034 5009 1251 5077 patiens
1299 5010 1639 5068 dilatationis
1677 5013 1897 5070 nomine
1937 5014 2005 5071 li-

2137 5030 2170 5064 ra
2195 5015 2418 5077 καὶτοῖς
2448 5015 2631 5076 πόνοις
2655 5011 3366 5084 ἐγκαρτερῶνέὐρυχωρίαν
3393 5010 3492 5080 τὴν
3523 5008 3701 5061 αὑτο-

430 5092 697 5150 bertatem
725 5095 953 5153 instituti
989 5100 1070 5154 sui
1096 5101 1332 5154 vocavit.

2137 5105 2301 5176 πομίαν
2321 5105 2420 5176 τῆς
2443 5106 2717 5170 πολιτείας
2737 5105 3012 5162 ἐκάλεσεν.

499 5222 594 5278 ⁸⁸1
626 5224 752 5283 Cor.
797 5244 838 5295 ι,
874 5229 963 5284 30.
1040 5231 1085 5263 "
1113 5231 1132 5286 Ι
1163 5232 1288 5288 Cor.
1324 5249 1413 5295 vn,
1441 5235 1531 5289 54.
1604 5236 1652 5270 ⁸⁸
1685 5236 1798 5292 Jac.
1835 5254 1894 5304 ll,
1922 5237 2014 5295 26.

2165 5234 2183 5289 l
2212 5235 2338 5292 Cor.
2379 5251 2441 5303 ιι,
2468 5237 2554 5292 12.
2633 5239 2651 5269 ¹
2684 5237 2830 5293 Eccl.
2857 5253 2896 5302 ι,
2923 5237 2978 5291 2.

499 5337 612 5422 (5:7)
643 5341 1189 5421 ⁸ςΥετιπεραοπιτίζότιυτος
1236 5346 1343 5400 τοῦ
1401 5347 1568 5414 Θεοῦ,
1628 5357 1734 5405 etc.
1802 5340 2004 5404 Catena

2146 5354 2300 5422 ianus
2329 5369 2480 5407 utrm.
2508 5353 2632 5418 189,
2666 5354 2867 5422 partim
2899 5353 3106 5409 Catena
3136 5350 3401 5422 Corderii.

428 5405 727 5494 Corhd'erii.’
788 5405 804 5410 ⁷
1163 5405 1180 5412 ’
1555 5405 1568 5414 ’

2151 5405 2296 5492 (δι)
2319 5405 2867 5494 uesaniam:
2901 5405 3272 5480 at'c‘.“coae{
3289 5405 3692 5489 Coisliuianus,

504 5476 614 5561 (δέ)
649 5474 829 5561 ρζκος
851 5483 1363 5561 καταφυγῆςζειο.
1422 5485 1648 5561 S_ched:e
1675 5489 1880 5557 Grabii,
1911 5504 2005 5545 co-

2137 5474 2306 5561 :a‘ten'a
2321 5474 2590 5547 nam

430 5545 1195 5631 deswgois‘lilnianus,.Caten‘a
1216 5545 1476 5631 barbari.
1520 5626 1532 5631 _
1569 5626 1600 5631 __
1648 5627 1659 5631 _
1867 5545 1880 5557 ’
2115 5545 2131 5548 ⁷
2174 5560 2288 5630 (69.)
2316 5545 2848 5631 ειοιίάράρτωλοι,
2879 5571 2984 5616 etc.
3054 5560 3278 5616 Schedze
3307 5558 3512 5622 Grabii,
3549 5575 3692 5629 par-

457 5684 467 5698 ,
501 5618 613 5702 (.59)
657 5618 1042 5702 Ἐδηγεζμέν,
1076 5634 1180 5679 elc.
1223 5627 1404 5680 Codex
1437 5625 1804 5682 Coislinianus
1831 5640 2000 5696 vetus,
2104 5618 2312 5702 timqne
2340 5641 2493 5702 vetns
2519 5618 2687 5687 codex
2725 5618 3108 5688 Coislinianus.
3151 5631 3340 5686 Latine
3367 5618 3689 5686 omnia-ha-

428 5687 630 5767 Cnte’na
659 5687 921 5767 barbari:
949 5765 955 5767 _
1076 5765 1085 5767 _
1355 5766 1358 5767 ν
1988 5687 1999 5696 ’
2104 5701 2192 5755 bet
2225 5687 2428 5753 'Catena
2459 5701 2706 5755 Barbari.

499 5755 610 5822 ιυθ)
659 5759 750 5824 Ὡς
777 5761 886 5827 τὴν
923 5765 1153 5830 ψυχήν,
1187 5775 1292 5819 etc.
1352 5766 1552 5824 Partim
1616 5769 1784 5825 codex
1819 5771 2003 5826 Coisli-

2175 5770 2288 5836 (65)
2321 5773 2384 5824 Ol
2417 5772 2606 5838 λόγοι,
2637 5784 2742 5828 etc.
2784 5771 3010 5829 Scheda:
3039 5771 3251 5827 Grabii.
