3822 6508
141 424 278 485 1301

1096 413 1408 471 SELECTA
1439 409 1508 465 IN
1543 407 1882 466 PSALMOS.
1921 435 1991 450 --
2030 406 2225 462 PSAL.
2267 402 2460 458 XXXI.

3258 396 3398 450 15θῖ

227 535 552 605 Ἐταράχθη
583 533 652 588 ἐν
687 529 850 602 θυμῷ
896 533 930 587 ό
967 532 1271 600 ὀφθαλμός
1304 547 1451 598 μου,
1491 545 1545 582 κ.
1585 544 1634 580 τ.
1659 527 1703 578 ὲ.

1882 523 2048 578 Vsus.
2098 522 2186 578 10.
2225 518 2388 592 645
2450 515 2805 572 Conturbatus
2861 521 2934 566 est
2981 511 3036 564 in
3086 511 3164 562 ira
3209 509 3398 562 oculus

143 631 309 685 Οὐδὲν
359 629 500 682 οὕτω
542 625 652 686 (64)
705 626 888 678 σκοτεῖ
937 625 1174 678 διάνοιαν
1209 622 1284 684 ὡς
1312 620 1482 690 θυμὸς
1515 635 1715 690 ταρατ-

143 729 202 776 τό
210 737 386 793 μενος.

226 815 320 866 Ἐν
343 810 472 876 ταῖς
503 807 678 877 χερσί
705 822 820 862 σου
847 809 900 860 oi
921 803 1133 872 κλῆροί
1159 821 1298 872 μου,
1326 802 1516 872 ῥῦσαι
1541 818 1616 870 με
1646 803 1716 854 ἐκ

140 911 338 980 χειρὸς
362 907 590 978 ἐχθρῶν
603 925 744 975 μου,
768 904 866 957 καὶ
887 904 954 956 ἐκ
977 901 1095 954 τῶν
1115 898 1598 954 καταδιωκόντων
1619 915 1715 965 με,

142 1019 198 1053 κ.
232 1017 280 1052 τ.
320 999 366 1050 ἐ.
417 997 626 1067 Κλῆροι
663 993 770 1047 τῶν
815 991 1038 1044 δικαίων
1088 986 1194 1058 (65)
1234 984 1536 1056 ἀνθρώπων
1581 984 1718 1035 εἰσιν

141 1094 196 1144 αἱ
229 1090 332 1144 ὑπὸ
364 1090 471 1144 τῶν
497 1087 667 1156 ἁγίων
693 1083 940 1153 ἀγγέλων
971 1079 1374 1150 γινωσκόμεναι
1401 1075 1646 1146 θεωρίαι,

224 1181 333 1236 Τοῦ
365 1180 571 1234 αὑτοῦ.
605 1199 623 1230 ι
655 1177 887 1245 Φεύγετε
917 1173 1012 1244 τὴν
1047 1170 1301 1242 πορνείαν
1332 1167 1464 1235 (66),
1504 1185 1521 1218 ι
1556 1165 1720 1235 φησιν

141 1273 170 1324 ὁ
203 1273 434 1335 Παῦλος.
488 1272 550 1323 El
578 1269 636 1323 δὲ
671 1267 855 1322 διώκει
885 1267 918 1337 ἡ
954 1263 1180 1335 πορνεία
1201 1302 1214 1322 ,
1263 1259 1506 1329 δηλονότι
1541 1257 1637 1310 καὶ
1687 1258 1720 1324 ἡ

148 1365 384 1436 μοιχεία,
413 1363 507 1416 καὶ
540 1364 574 1432 ὴ
603 1358 900 1425 πλεονεξία,
933 1357 1026 1411 καὶ
1058 1354 1248 1426 θυμὸς,
1279 1353 1370 1405 καὶ
1403 1347 1538 1422 ὀργὴ
1560 1387 1574 1412 ,
1628 1347 1722 1400 καὶ

143 1457 218 1510 τὰ
251 1454 430 1510 λοιπά.

223 1549 448 1600 Ἀλαλα
489 1541 792 1614 γενηθήτω
823 1539 896 1592 τὰ
931 1537 1102 1606 χείλη
1149 1535 1222 1588 τὰ
1259 1533 1429 1586 δόλια
1452 1571 1466 1594 ,
1524 1530 1594 1583 τὰ
1620 1533 1725 1583 λα-

145 1637 376 1690 λοῦντα
405 1635 554 1688 κατὰ
581 1633 686 1686 τοῦ
711 1631 944 1684 δικαίου
973 1628 1227 1696 ἀνομίαν
1250 1625 1319 1678 ἐν
1347 1622 1727 1691 ὑπερηφανίᾳ

147 1728 248 1780 καὶ
286 1725 700 1790 ἐξουδενώσει,
735 1741 788 1777 κ.
825 1741 873 1774 τ.
911 1724 954 1774 ὲ.
1015 1720 1397 1790 Εὑεργετεῑται
1437 1715 1545 1784 (67)
1573 1715 1602 1766 ὁ
1628 1714 1724 1764 λα-

1818 633 1981 680 meus,
2022 626 2127 670 etc.
2161 614 2308 670 Nihil
2342 627 2492 684 aeque
2522 611 2779 670 obscurat
2805 614 3038 663 mentem
3063 619 3125 659 ac
3153 605 3230 658 ira
3264 619 3394 657 con-

1817 707 2051 762 turbata.

1892 783 2052 849 Vnius.
2081 791 2170 846 16.
2209 789 2273 844 In
2301 789 2539 843 manibus
2567 789 2668 842 tuis
2696 795 2859 841 sortes
2887 799 3034 846 meae,
3064 778 3202 846 eripe
3225 794 3302 830 me
3331 775 3395 829 de

1819 903 1978 940 manu
2045 883 2382 938 inimicorum
2448 893 2724 942 meorum,
2771 887 2820 931 et
2873 891 2904 929 a
2969 867 3396 944 persequentibus

1821 995 1920 1043 me,
1939 985 2048 1032 etc.
2067 975 2255 1030 Sortes
2272 973 2540 1042 iustorum
2561 971 2841 1026 hominum
2873 974 2998 1022 sunt
3021 961 3246 1035 cognita:
3269 975 3396 1016 san—

1819 1069 1932 1148 ctis-
1955 1073 2164 1136 angetts
2187 1061 2692 1130 contemplationes.

1897 1157 2165 1228 Ejusdem.
2192 1173 2210 1206 ι
2239 1153 2448 1223 Fugite,
2488 1169 2508 1203 ι
2544 1149 2718 1217 inquit
2741 1145 3004 1213 Paulus‘,
3031 1161 3048 1196 ι
3077 1139 3400 1200 fornicatio-

1822 1263 1968 1304 nem.
2005 1267 2025 1302 ι
2054 1247 2206 1313 Quod
2235 1247 2280 1301 si
2321 1240 2608 1298 fornicatio
2650 1237 3023 1309 persequitur,
3059 1231 3402 1302 persequitur

1823 1339 1988 1394 etiam
2026 1336 2373 1400 adulterium,
2405 1331 2657 1396 avaritia,
2688 1338 2743 1384 el.
2773 1327 2944 1389 furor,
2977 1336 3033 1380 et
3063 1326 3165 1387 ira,
3201 1329 3256 1377 et
3296 1335 3404 1376 caa-

1826 1442 1964 1485 tera.

1899 1519 2173 1574 “135.19.
2209 1516 2362 1570 Muta
2395 1514 2528 1582 [iant
2583 1510 2722 1565 labia
2755 1508 2938 1563 dolosa
2979 1520 3096 1575 qua:
3119 1505 3408 1571 loquuntur

1826 1611 2074 1664 adversus
2105 1609 2314 1678 justum
2349 1605 2678 1674 iniquitatem
2709 1601 2765 1654 in
2801 1597 3066 1668 superbia,
3104 1603 3151 1647 et
3186 1594 3240 1646 in
3277 1593 3408 1645 abu-

1828 1702 1994 1766 sione,
2027 1708 2134 1756 etc.
2181 1699 2282 1764 Qui
2319 1695 2502 1750 dolose
2541 1693 2803 1762 loquitur,
2852 1687 3120 1742 beneﬁcio
3154 1681 3408 1744 afﬁcitur,

147 1817 258 1870 λῶν
281 1779 610 1886 δολιότητας,
642 1779 734 1868 έὸιν
764 1815 986 1884 γένηται
1021 1779 1214 1873 ἄλαλός
1235 1827 1246 1840 ο
1291 1779 1583 1862 ἀποϐάλλει
1615 1803 1725 1874 γὰρ

1863 1808 1954 1846 um
1993 1791 2055 1846 fit
2087 1799 2290 1846 mutus.
2327 1786 2516 1842 Dolum
2543 1785 2687 1840 enim
2723 1779 2948 1836 amittit.

143 1908 395 1981 δηλονότι
422 1911 517 1979 τὴν
548 1908 846 1976 δολιότητα.

225 1999 638 2067 Κατακρύψεις
683 1996 904 2060 αὐτοὺς
939 1996 1007 2046 ἐν
1051 1992 1378 2059 ἀποκρύφῳ
1408 1987 1514 2040 τοῦ
1544 1999 1731 2053 προσ-

145 2091 316 2144 ώπου
343 2103 492 2153 σου,
531 2107 584 2142 κ.
631 2107 681 2141 τ.
729 2090 774 2140 ὲ.
806 2089 1014 2155 ’Ὠσπερ
1056 2083 1116 2135 τὸ
1149 2082 1438 2152 πρόσωπον
1489 2075 1597 2145 (68)
1635 2072 1730 2126 τοῦ

147 2181 290 2234 Θεοῦ
333 2179 563 2251 κρύπτει
605 2178 702 2249 τὴν
747 2177 920 2248 ψυχὴν
969 2175 1076 2228 ἀπὸ
1119 2170 1364 2243 ταραχῆς
1408 2164 1732 2237 ἀνθρώπων,

145 2274 420 2328 ἀπάθειαν
447 2273 536 2326 διὰ
569 2272 666 2342 τῆς
703 2267 1009 2341 πρακτικῆς
1041 2263 1420 2336 χαριζόμενον,
1456 2258 1597 2312 οὕτω
1639 2255 1733 2308 καὶ

147 2368 186 2435 ἡ
223 2363 393 2434 σκηνὴ
414 2363 503 2416 τὸν
534 2361 658 2413 νοῦν
687 2359 773 2413 διὰ
806 2360 903 2428 τῆς
933 2354 1166 2427 ἀληθοῦς
1193 2351 1445 2422 γνώσεως
1474 2347 1734 2418 φυλάττει

148 2457 264 2510 ἀπὸ
293 2457 464 2523 λόγων
493 2453 748 2507 ἐναντίων
779 2452 874 2504 καὶ
905 2447 1186 2518 δογμάτων
1209 2444 1436 2514 ψευδῶν.

231 2547 572 2617 Εὐλογητὸς
599 2546 830 2611 Κύριος,
866 2541 952 2594 ὅτι
985 2535 1410 2606 ἐθαυμάστωσε
1455 2531 1519 2584 τὸ
1562 2531 1735 2595 ἔλεος

143 2640 342 2694 αὑτοῦ
367 2639 438 2691 ἐν
470 2639 639 2690 πόλει
671 2630 956 2702 περιοχῆς
977 2670 990 2694 ,
1031 2647 1084 2682 κ.
1115 2646 1164 2680 τ.
1194 2629 1242 2681 ὲ.
1308 2623 1468 2694 Ψυχὴ
1519 2621 1735 2690 ἀπαθὴς

147 2731 268 2801 (69)
297 2730 448 2792 πόλις
482 2729 596 2780 ἐστὶ
620 2723 1029 2794 τετειχισμένη·
1078 2723 1214 2789 ὅπερ
1252 2720 1430 2786 τεῖχος
1475 2713 1732 2767 καθελόν-

141 2839 246 2887 τες
285 2823 336 2874 oi
371 2819 555 2891 ἐχθροὶ
600 2815 735 2888 μετὰ
779 2813 1060 2886 Βηρσαϐεέ
1101 2809 1348 2879 εἰσῆλθον
1382 2806 1515 2877 πρὸς
1549 2804 1731 2857 Δαυῒδ·

148 2915 240 2968 διὸ
275 2914 368 2966 καὶ
396 2914 563 2966 δεῖται
593 2912 648 2962 έν
668 2907 745 2980 τῷ
767 2914 809 2961 ν’
831 2903 1031 2976 ψαλμῷ
1049 2898 1466 2970 οἰκοδομηθῆναι
1486 2895 1553 2948 τὰ
1579 2894 1734 2965 τείχη

161 3005 546 3078 Ἰερουσαλήμ.

241 3187 372 3238 Ὀτι
409 3182 698 3250 ἀληθείας
735 3177 964 3244 ἐκζητεῖ
999 3177 1244 3246 Κύριος,
1288 3191 1342 3227 κ;
1368 3191 1418 3226 τ.
1455 3173 1499 3224 ἑ.
1577 3168 1735 3241 Ἀλη-

1907 1972 2068 2026 Vens.
2105 1968 2198 2024 2|.
2231 1964 2526 2021 Abscondes
2553 1979 2640 2018 cos
2683 1961 2736 2016 in
2760 1958 3068 2014 abscondito
3096 1953 3253 2023 faciei
3285 1945 3418 2014 tum,

1831 2073 1938 2119 etc.
1973 2058 2438 2129 Quemadmodum
2475 2055 2658 2108 vultus
2701 2051 2795 2106 Dei
2843 2049 3082 2103 animam
3123 2059 3155 2098 a
3197 2050 3414 2098 contur-

1833 2153 2053 2209 batioue
2093 2150 2375 2206 hominum
2409 2145 2719 2208 abscondit,
2752 2142 2991 2211 quietem
3022 2135 3090 2191 ab
3131 2129 3416 2188 aﬂectibus

1834 2259 1928 2314 per
1954 2257 2116 2313 opera
2145 2239 2488 2311 impertiens,
2515 2235 2593 2291 sic
2619 2229 3030 2289 tabernaculum
3067 2230 3301 2281 mentem
3321 2231 3417 2288 per

1835 2333 2167 2402 agnitionem
2199 2308 2443 2384 veritatis
2472 2334 2656 2380 serVat
2675 2338 2704 2376 a
2729 2318 3022 2376 contrariis
3049 2308 3416 2370 sermonibus,

1833 2433 1890 2476 et
1919 2420 2261 2490 dogmatibus
2287 2417 2456 2472 falsis.

1907 2513 2073 2568 Vens.
2099 2511 2190 2563 Ἡ.
2225 2510 2540 2563 Benedictus
2569 2503 2851 2568 Dominus,
2879 2497 3131 2568 quoniam
3155 2490 3416 2558 miriﬁca-

1837 2606 1904 2658 vit
1935 2601 2356 2657 misericordiam
2384 2614 2532 2653 suam
2557 2599 2610 2652 in
2641 2595 2850 2649 civitate
2886 2589 3109 2654 munita,
3143 2597 3248 2641 etc.
3280 2583 3415 2636 Ani-

1837 2711 1922 2749 ma
1947 2694 2013 2748 ab
2037 2691 2318 2747 affectibus
2339 2691 2527 2756 libera,
2549 2687 2742 2742 civitas
2767 2695 2850 2740 est
2875 2679 3235 2740 communita,
3263 2674 3419 2743 cujus

1838 2801 2050 2842 nturum
2079 2783 2397 2852 dejicientes
2434 2784 2620 2836 hostes
2653 2793 2761 2834 una
2787 2792 2910 2832 cum
2939 2771 3207 2828 Bersabee
3243 2769 3419 2836 impe-

1839 2887 1950 2931 tum
2007 2876 2252 2930 fecerunt
2295 2874 2348 2926 in
2395 2871 2583 2926 David.
2634 2870 2977 2938 Quapropter
3013 2871 3134 2920 orat
3171 2863 3225 2916 in
3266 2859 3421 2929 quin-

1837 2969 2150 3037 quagesimo
2202 2965 2450 3037 psalmo.
2500 2973 2560 3018 ttt
2617 2961 2956 3016 tediiicentut'
3009 2954 3152 3013 muri
3201 2951 3420 3007 Jerusa-

1839 3060 1964 3116 lem.

1911 3175 2076 3231 Vnus.
2097 3174 2184 3228 24.
2214 3174 2474 3238 Quoniam
2499 3171 2737 3224 veritates
2764 3165 2986 3236 exquirit
3006 3161 3284 3224 Dominus,
3312 3167 3420 3214 etc.

147 3273 308 3338 θείας
340 3274 458 3328 ἀντὶ
492 3272 600 3344 (70)
630 3269 723 3324 τοῦ
759 3267 1032 3341 ἀληθινοῦ.
1081 3267 1356 3339 Ἀληθινὺν
1402 3266 1511 3337 γὰρ
1539 3265 1728 3335 στόμα,

1863 3267 2120 3324 Veritates
2150 3283 2250 3336 pro
2292 3267 2438 3320 veris
2487 3263 2687 3333 posuit.
2718 3260 2914 3314 Verum
2951 3256 3095 3312 enim
3137 3269 3218 3320 os,
3252 3251 3303 3305 id
3341 3259 3426 3304 est

147 3365 405 3420 τουτέστι
434 3362 869 3433 νοῦν,¹ὲμπλήσει
896 3361 1150 3430 γέλωτος,
1169 3358 1290 3412 ἀντὶ
1319 3358 1432 3420 τοῦ,
1465 3356 1737 3426 γνώσεως.

157 3477 178 3508 ιι
207 3457 321 3510 Καὶ
345 3456 732 3510 ἀνταποδίδωσι
759 3456 870 3516 τοῖς
896 3451 1170 3523 περισσῶς
1195 3449 1437 3504 ποιοῦσιν
1468 3451 1745 3520 ὑπερηφα-

150 3548 304 3602 νίαν.
330 3547 724 3618 »Μακροθυμεῖ
760 3545 857 3616 μὲν
885 3545 914 3596 ὁ
947 3543 1151 3613 Κύριος
1184 3541 1276 3595 ἐπὶ
1306 3543 1418 3604 τοῖς
1455 3539 1743 3612 ὑπερηφά-

149 3656 308 3701 νοις,
354 3641 462 3701 τοῖς
507 3636 562 3689 δὲ
616 3635 894 3706 περισσῶς
945 3631 1188 3686 ποιοῦσιν
1230 3631 1607 3702 ὑπερηφανίαν
1653 3629 1747 3682 καὶ

152 3730 576 3788 ἀνταποδίδωσι.

741 3905 1032 3959 ΨᾹΛΜΟΣ
1069 3903 1194 3956 ΛΑ’.

237 3998 532 4067 Μακάριοι
569 3991 656 4052 ὧν
677 3995 992 4065 ἀφέθησαν
1019 3997 1078 4047 αὶ
1110 3991 1372 4062 ἀνομίαι,
1397 3992 1494 4045 καὶ
1525 3992 1746 4047 ἀπεκα,

149 4093 490 4161 λύφθησαν
520 4091 580 4142 αἱ
607 4087 904 4157 ἁμαρτίαι,
938 4103 994 4138 κ.
1025 4102 1074 4137 τ.
1101 4085 1146 4139 ὲ.
1196 4083 1470 4153 Ἀφίενται
1505 4083 1603 4154 μὲν
1633 4085 1746 4155 (71)

151 4184 224 4235 αἱ
259 4180 480 4250 ἀνομίαι
509 4177 596 4232 διὰ
617 4175 711 4230 τοῦ
743 4174 898 4243 ἁγίου
935 4173 1344 4245 βαπτίσματος,
1379 4174 1745 4229 καλύπτονται

151 4273 222 4327 δὲ
250 4275 307 4326 αἱ
343 4270 606 4342 ἁμαρτίαι
625 4267 715 4321 διὰ
740 4267 838 4338 τῆς
875 4267 1080 4336 πικρᾶς
1112 4266 1388 4336 ἁμαρτίας
1416 4265 1720 4336 μετανοίας.

244 4363 372 4414 Ὅτι
400 4360 696 4429 ἐσίγησα,
751 4355 1089 4424 ἐπαλαιὼθη
1125 4356 1196 4408 τὰ
1239 4355 1388 4408 ὀστᾶ
1419 4373 1537 4424 μου
1559 4399 1572 4423 ,
1629 4356 1747 4409 ἀπὸ

153 4453 279 4506 τοῦ
306 4450 536 4520 κράζειν
559 4465 634 4518 με
661 4445 818 4514 ὅλην
845 4445 961 4514 τὴν
991 4445 1218 4514 ἡμέραν
1237 4485 1252 4509 ,
1301 4465 1354 4499 κ.
1391 4464 1441 4499 τ.
1477 4448 1522 4500 ὲ.
1584 4449 1750 4499 Ἐπα-

153 4541 378 4613 λαιώθη
396 4541 466 4595 τὰ
484 4541 618 4595 ὀστᾶ
643 4559 744 4611 μου
766 4541 898 4612 (7‘2),
919 4538 1053 4592 διότι
1080 4537 1331 4609 ἐσίγησα.
1361 4538 1492 4591 Ἀπὸ
1513 4537 1604 4590 τοῦ
1629 4539 1757 4610 κρά-

163 4637 290 4702 ζειν
308 4635 570 4706 διηνεκῶς
593 4635 729 4705 πρὸς
749 4635 839 4686 τὸν
857 4630 988 4684 Θεὸν
1007 4630 1065 4683 οὐ
1087 4628 1441 4683 παλαιοῦνται
1465 4630 1520 4682 αἱ
1539 4630 1636 4699 τῆς
1656 4630 1758 4698 ψυ-

162 4730 278 4802 χῆς
311 4727 584 4798 δυνάμεις,
613 4725 725 4779 ἀλλ’
748 4725 832 4777 ἀεὶ
853 4721 1202 4775 ἀνανεοῦνται
1220 4720 1404 4790 ἡμέρᾳ
1427 4719 1521 4772 καὶ
1546 4721 1750 4794 ἡμέρα.

163 4818 518 4874 Σιωπώντων
549 4816 607 4870 δὲ
640 4814 992 4869 παλαιοῦνται
1042 4811 1136 4864 τὸν
1179 4809 1405 4864 παλαιὸν
1441 4811 1755 4881 ἀναλαμϐά-

163 4927 366 4966 νουσαι
394 4909 676 4981 ἄνθρωπον
696 4948 711 4973 ,
749 4907 841 4961 τὸν
875 4904 1230 4977 φθειρόμενον
1267 4903 1408 4958 κατὰ
1437 4904 1537 4967 τὰς
1576 4905 1760 4958 ἐπιθυ-

147 5049 150 5052 .
171 5004 312 5077 μίας
338 5002 437 5071 τῆς
465 5002 698 5070 ἀπάτης.

241 5093 370 5155 Τὴν
395 5093 690 5161 ἁμαρτίαν
716 5107 835 5160 μου
862 5087 1186 5160 ἐγνώρισα,
1229 5086 1324 5140 καὶ
1354 5085 1468 5156 τὴν
1504 5088 1760 5156 ἀνομίαν

249 5232 276 5264 ⁸
314 5227 334 5283 ι
368 5227 493 5284 Cor.
529 5225 604 5292 vt,
647 5227 733 5281 18.

247 5349 368 5418 (δι)
405 5347 598 5404 Οὐδὲν
626 5347 949 5418 οὕτωκθῑοε
988 5345 1223 5402 Eaedem.

253 5416 371 5488 (65)
399 5418 623 5488 Κλῆροι
650 5416 768 5472 τῶν
793 5416 1056 5488 δικαίων)
1097 5428 1204 5471 ete.
1267 5419 1454 5476 Codex
1479 5418 1768 5477 Coislinia-

178 5483 318 5549 mis,
352 5483 647 5550 Barbarus,
681 5497 736 5540 et
767 5487 983 5540 schedte
1013 5483 1222 5542 Grabii.

1846 3367 2106 3422 mentem,
2133 3357 2374 3426 implebit
2405 3355 2545 3420 risu,
2585 3355 2635 3408 iu
2672 3359 2756 3405 est
2801 3348 3130 3418 cognitione.
3167 3362 3186 3396 ι
3227 3343 3290 3398 Ει.
3335 3357 3425 3395 re-

1849 3449 2053 3502 tribuet
2095 3447 2437 3501 abundanter
2478 3445 2804 3498 faeienttbus
2836 3437 3162 3507 superbiam.
3203 3452 3220 3486 ι
3277 3431 3426 3487 Lon-

1848 3539 2082 3608 ganimis
2110 3547 2194 3592 est
2231 3537 2492 3592 Dominus
2527 3548 2656 3604 erga
2692 3537 2992 3602 superbos;
3027 3529 3092 3583 iis
3121 3536 3300 3582 autem
3332 3522 3428 3595 qui

1850 3629 2195 3684 abundanter
2237 3629 2440 3684 faciunt
2492 3625 2840 3697 superbiam,
2881 3623 3044 3676 etiam
3087 3616 3430 3674 abundanter

1851 3723 2126 3775 retribuit.

2357 3883 2678 3957 PSALMUS
2712 3895 2907 3952 XXXI.

1928 3995 2099 4053 Vens.
2133 3997 2185 4050 i.
2229 3993 2380 4048 Beati
2428 4007 2651 4061 quorum
2682 3990 2913 4044 remissa:
2951 3996 3071 4043 sunt
3098 3987 3426 4057 iniquitates,

1855 4097 1902 4143 et
1926 4104 2146 4158 quorum
2172 4097 2304 4141 tecta
2345 4094 2466 4140 sunt
2509 4093 2743 4153 peccata,
2779 4092 2886 4136 etc.
2927 4080 3299 4134 “emittuntur
3327 4075 3432 4132 ini-

1857 4179 2094 4248 quitates
2133 4189 2230 4243 per
2249 4185 2496 4230 sanctum
2530 4171 2821 4240 baptisma,
2843 4167 3187 4224 occultantur
3210 4173 3434 4236 peccata

1857 4286 1952 4342 per
1982 4283 2225 4324 amaram
2257 4267 2463 4334 peccati
2493 4262 2895 4333 paenitentiam.

1837 4353 1840 4356 Α
1927 4364 2094 4420 Vens.
2133 4363 2187 4419 5.
2225 4362 2489 4428 Quoniam
2518 4357 2681 4423 tacui,
2711 4359 3127 4410 inveteraverunt
3153 4365 3272 4404 ossa
3295 4361 3436 4412 mea,

1860 4457 1984 4510 dum
2035 4455 2318 4509 clamarem
2368 4461 2478 4506 tota
2514 4452 2620 4515 die,
2666 4459 2772 4505 etc.
2809 4448 3258 4500 Inveteraverunt
3309 4453 3434 4494 ossa

1865 4561 2007 4611 mea,
2043 4545 2297 4614 quoniam
2331 4542 2494 4597 tacui.
2518 4542 2598 4596 Ex
2621 4539 2878 4595 continuo
2907 4535 3146 4590 clamore
3175 4532 3240 4585 ad
3267 4529 3434 4584 Deum

1865 4653 1969 4692 non
2001 4643 2350 4690 veterascunt
2383 4634 2581 4686 animae
2622 4631 2787 4692 vires,
2827 4626 2996 4698 646
3028 4625 3122 4682 sed
3167 4637 3438 4677 renovan-

1867 4736 1954 4782 tur
1992 4727 2058 4782 de
2094 4727 2181 4781 die
2215 4726 2268 4779 in
2302 4725 2468 4779 diem.
2505 4721 2582 4776 Ex
2620 4718 2841 4774 silentio
2874 4727 3054 4772 autem
3083 4720 3436 4770 veterascunt

1863 4827 2118 4875 veterem
2157 4823 2336 4869 denuo
2365 4813 2650 4866 induentes
2689 4805 2986 4874 hominem,
3018 4805 3108 4876 qui
3139 4801 3440 4872 corrumpi-

1863 4917 1948 4963 tur
1977 4908 2274 4964 secundum
2306 4903 2570 4960 desideria
2607 4902 2834 4958 erroris.

1933 5087 2094 5145 Vens.
2127 5089 2182 5153 5,
2226 5087 2277 5141 6.
2323 5085 2584 5140 Delicium
2617 5099 2788 5139 meum
2833 5083 3097 5154 cognitum
3131 5080 3251 5148 feci,
3281 5089 3327 5133 et
3356 5078 3439 5131 in-

1939 5343 2056 5413 (69)
2092 5340 2268 5410 Ψυχὴ
2321 5338 2579 5408 ἀπαθής,
2633 5344 2737 5392 etc.
2813 5331 2996 5388 Codex
3047 5327 3440 5391 Coislinianus,

1862 5416 2064 5470 Catena
2089 5413 2335 5466 Barbari.

1937 5463 2064 5555 (7'6)—
2085 5463 2402 5555 annos...
2432 5477 2565 5555 ἀντὶ
2613 5476 2760 5555 τοῦ,
2797 5483 2904 5555 etc.
2936 5467 3190 5555 .Sebedas
3229 5463 3440 5532 Grabii,

262 5543 374 5630 (66)
403 5543 652 5628 Φεύγετέ
695 5555 811 5626 τὴν
842 5555 1147 5624 πορνείαν,
1179 5566 1288 5617 etc.
1345 5559 1510 5616 Iidem
1551 5573 1682 5614 mss.
1715 5571 1728 5613 ι

1867 5543 2045 5630 code}:
2073 5543 2696 5630 goislittiattits,_Catetta
2725 5543 2972 5630 Barbari.

179 5630 490 5686 Barbarus.

257 5697 375 5768 (67)
405 5695 830 5768 Εὐεργετεὲται,
853 5701 969 5768 etc.
1007 5693 1237 5753 Scltedaa
1260 5697 1471 5754 Grabii.

260 5763 376 5838 (68)
394 5763 636 5838 κ”Ωσζπτὲρ
658 5767 725 5824 τὸ
748 5763 1092 5836 πρόσωπον,
1126 5778 1234 5824 etc.
1283 5769 1498 5826 Eaedem
1534 5766 1768 5834 scltedte,

182 5849 248 5893 et
285 5837 581 5896 Barbarus.

1940 5604 2052 5694 (ᾗ)
2079 5604 2378 5694 Hyles-eat
2413 5604 2559 5694 ,ιὶένλ
2595 5628 2700 5694 etc.
2735 5612 2990 5694 _Schedae
3025 5607 3234 5670 Grabii,
3269 5604 3440 5660 codex

1866 5684 2255 5757 Coisliniantts,
2290 5684 2492 5745 Catena
2526 5684 2770 5757 Barbari.

1869 5745 2052 5890 ιζον-(72)
2091 5745 2452 5824 Ἐπαίιαιώθη
2482 5755 2552 5809 τὰ
2575 5751 2726 5809 ὀστᾶ
2745 5769 2882 5822 μου,
2913 5759 3018 5806 etc.
3063 5747 3284 5802 Scheda:
3309 5745 3441 5802 Gra-

1907 5851 1964 5890 ιι.
