3986 6384
249 321 392 378 1505

1211 308 1524 371 SELECTA
1560 311 1629 367 IN
1664 309 2004 366 PSALMOS.
2041 342 2082 353 —
2134 310 2331 367 PSAL.
2372 310 2590 366 XXXII.

3369 310 3508 370 {506

248 458 355 505 σιν,
389 457 408 491 ι
459 436 581 491 καθ’
615 438 680 508 ἢν
726 434 942 509 κρίνειο
975 435 1058 491 ὅτι
1111 434 1181 487 τὰ
1245 433 1489 504 κρίματα
1537 430 1631 484 τοῦ
1686 429 1821 483 Θεοῦ

1949 429 2125 483 licium
2171 451 2190 482 ο
2243 447 2354 499 quo
2385 430 2630 500 judicat,
2662 430 2921 501 quoniam
2962 431 3166 503 judicia
3211 431 3305 487 Dei
3356 449 3508 501 vera,

245 533 392 585 ἐστιν
420 528 651 600 ἀληθινὰ
669 569 683 591 ,
711 527 806 581 καὶ
830 526 1063 589 ἄϐυσσος
1092 523 1287 595 πολλὴ,
1336 527 1430 578 καὶ
1468 521 1822 594 ἀνεξεύρητα.

257 623 471 693 ’Δγαπᾷ
501 622 559 675 δὲ
590 621 771 692 κρίσιν
808 620 902 674 καὶ
930 619 1029 690 τὴν
1062 618 1172 671 τῶν
1223 618 1470 681 δικαίων,
1507 611 1582 670 ὧν
1635 618 1683 668 οἱ
1743 614 1823 667 λο-

244 714 434 784 γισμοὶ
463 712 710 783 κρίματά
770 712 898 773 εἶσι,
952 710 1083 782 περὶ
1132 703 1207 763 ὧν
1257 709 1473 777 λέγεται
1504 724 1518 738 ο
1582 725 1600 757 ι
1639 706 1831 778 Κρίμα

243 802 451 857 δίκαιον
484 801 726 873 κρίνατε.
754 819 772 852 ι
812 801 939 853 Ὅτε
970 800 1027 852 δὲ
1059 818 1076 851 ι
1114 801 1204 853 τὸν
1224 800 1374 870 ἥλιον
1413 796 1691 852 ἀνατέλλει
1737 797 1829 849 ἐπὶ

245 893 517 965 πονηροὺς
544 892 636 945 καὶ
663 891 922 959 ἀγαθοὺς,
959 891 1054 945 καὶ
1081 890 1263 961 βρέχει
1314 890 1406 942 ἐπὶ
1451 888 1691 951 δικαίους
1735 890 1829 941 καὶ

245 982 486 1047 ἀδίκους,
530 1000 549 1034 s
586 980 853 1051 βλέπομεν
882 979 1000 1044 πῶς
1021 979 1115 1033 τοῦ
1144 980 1323 1044 ἐλέους
1366 979 1570 1049 Κυρίου
1619 978 1831 1050 πλήρης

246 1073 281 1143 ἡ
312 1072 408 1145 γῆ-

322 1188 508 1255 Τιθείς
539 1189 610 1243 ἐν
635 1186 967 1257 θησαυροῖς
991 1187 1324 1251 ἀϐύσσους,
1356 1201 1411 1238 κ.
1445 1201 1497 1238 τ.
1530 1184 1576 1238 ὲ.
1640 1183 1705 1235 Ol
1744 1181 1828 1235 λό-

243 1296 333 1348 γοι
364 1280 474 1351 (85)
503 1282 600 1353 τῆς
622 1279 860 1335 ἀϐύσσου
884 1281 942 1333 ὲν
972 1281 1083 1342 τοῖς
1105 1278 1397 1348 θησαυροῖς
1418 1278 1521 1329 είσι
1553 1292 1646 1328 του
1672 1273 1827 1328 Θεοῦ.

319 1371 638 1440 Φοϐηθήτω
674 1372 781 1425 τὸν
809 1372 1027 1439 Κύριον
1054 1368 1221 1423 πᾶσα
1257 1370 1295 1435 ή
1327 1366 1423 1437 γῆ,
1486 1368 1588 1421 ἀπ’
1645 1365 1831 1419 αὐτοῦ

243 1461 317 1515 δὲ
342 1461 817 1528 σαλευθήτωσαν
847 1462 1070 1526 πάντες
1127 1463 1182 1514 oi
1239 1458 1658 1523 κατοικοῦντες
1718 1457 1833 1524 τὴν

244 1554 632 1623 οἰκουμένην,
675 1570 729 1607 κ.
765 1570 811 1605 τ.
844 1554 890 1605 ὲ.
916 1551 1087 1605 Τοῦτο
1130 1553 1188 1605 ὲν
1212 1554 1278 1621 τῇ
1313 1549 1710 1620 παρουσίαί84)
1736 1547 1830 1600 τοῦ

243 1645 380 1699 Θεοῦ
422 1646 797 1717 πεπλήρωται,
843 1647 932 1699 ὅτε
968 1645 1183 1714 πᾶσαὴ
1232 1644 1304 1713 γῆ
1352 1641 1590 1713 Χριστοῦ
1612 1640 1833 1710 Ἐκκλη-

247 1737 391 1801 σίαις
420 1737 768 1809 πεπλήρωτο.
806 1737 959 1806 Τάχα
980 1735 1177 1803 λέγοιτ’
1210 1734 1307 1788 ἄν·
1342 1735 1403 1787 Oi
1468 1733 1565 1804 μὲν
1622 1732 1831 1802 ἀνθρω-

248 1843 362 1892 ποι,
380 1827 730 1897 ἀγαπήσατε,
759 1830 791 1897 ἡ
816 1826 873 1880 δὲ
908 1828 980 1897 γῆ
1009 1824 1319 1896 φοϐηθήτω.
1356 1826 1419 1878 Οί
1450 1824 1503 1876 δὲ
1532 1823 1627 1894 τὴν
1657 1824 1830 1875 οἰκου-

246 1914 418 1987 μένην
459 1916 787 1987 Ἐκκλησίας
810 1916 901 1969 τοῦ
924 1915 1060 1969 Θεοῦ
1092 1914 1503 1978 κατοικοῦντες,
1539 1914 1639 1966 οὐκ
1678 1914 1831 1966 ἀναι-

246 2005 570 2076 σθητοῦντες
595 2005 689 2059 τοῦ
713 2007 945 2077 Κυρίου,
980 2007 1075 2061 ἀπ’
1117 2006 1282 2061 αὑτοῦ
1319 2004 1656 2070 σαλεύονται,
1691 2003 1830 2075 πλη-

244 2094 469 2166 ροῦντες
497 2095 595 2167 τὴν
624 2097 991 2168 προκειμένην
1025 2096 1266 2167 ἐντολήν.
1296 2096 1367 2148 Ἦ
1403 2096 1452 2148 οί
1507 2095 1618 2148 ἀπὸ
1668 2094 1829 2163 λόγου

240 2186 340 2240 τοῦ
366 2186 502 2240 Θεοῦ
536 2188 845 2259 κινούμενοι
878 2188 973 2241 ἀπ’
1017 2188 1182 2241 αὐτοῦ
1234 2187 1572 2255 σαλεύονται,
1629 2186 1831 2252 ζῶντος

239 2279 301 2332 ὲν
328 2278 512 2343 αὐτοῖς
542 2279 637 2331 τοῦ
673 2278 935 2350 Χριστοῦ.

321 2368 433 2423 Τοῦ
466 2369 677 2424 αὐτοῦ.
734 2369 903 2433 Σάλος
953 2370 1102 2423 ἐστὶν
1154 2369 1266 2440 (85)
1307 2369 1593 2434 ἐπαινετὸς
1649 2369 1830 2442 ψυχῆς

240 2457 471 2530 λογικῆς
505 2460 614 2515 ἀπὸ
639 2460 838 2525 κακίας
896 2461 992 2515 καὶ
1036 2461 1313 2531 ἀγνωσίας
1372 2463 1460 2514 ἐπ’
1493 2461 1693 2533 ἀρετὴν
1736 2465 1831 2515 καὶ

239 2550 446 2621 γνῶσιν
485 2553 796 2623 μετάθεσις.

316 2664 439 2717 ’Ὁτι
468 2664 652 2731 αὐτὸς
678 2659 827 2727 εἷπε,
852 2662 949 2716 καί
968 2661 1348 2733 ἐγενήθησαν
1365 2680 1379 2694 ο
1409 2666 1593 2726 αὐτὸς
1614 2662 1831 2718 ἐνετεί-

240 2759 413 2819 λατο,
446 2757 543 2808 καὶ
583 2750 973 2822 ἐκτίσθησαν,
1001 2771 1055 2807 κ.
1089 2771 1139 2807 τ.
1178 2755 1224 2807 ὲ.
1265 2756 1329 2807 Ἡ
1355 2755 1452 2826 μὲν
1476 2756 1690 2823 γένεσις
1721 2754 1829 2826 (86)

240 2848 342 2919 τὴν
374 2846 484 2899 τῶν
517 2845 753 2915 λογικῶν
798 2846 1053 2899 οὐσίωσιν
1098 2846 1286 2917 δηλοῖο
1336 2847 1368 2916 ἡ
1419 2847 1476 2899 δὲ
1517 2848 1693 2910 κτίσις
1731 2847 1830 2917 τὴν

240 2939 352 2993 ἀπὸ
374 2938 470 2992 τοῦ
505 2938 814 3011 κρείττονος
848 2938 941 2992 ἐπὶ
979 2938 1040 2991 τὸ
1078 2942 1259 3009 χεῖρον
1310 2939 1644 3010 μεταϐολήν⁸
1706 2958 1724 2990 ι
1766 2938 1835 2991 Εἴ

240 3044 327 3091 τις
363 3046 383 3080 s
410 3028 519 3099 γὰρ
554 3045 571 3078 ι
605 3029 661 3080 ὲν
687 3026 909 3098 Χριστῷ
927 3027 1087 3098 καινὴ
1115 3028 1313 3095 κτίσις,
1346 3047 1363 3080 ι
1395 3026 1825 3091 ἀνακαινίζεται.

1928 529 1982 573 et
2009 521 2236 591 abyssus
2266 522 2431 576 multa
2466 532 2520 578 et
2567 522 2937 579 inscrutabilis
2960 524 3000 578 ³.
3026 523 3332 592 Quinetiam
3360 535 3511 581 amat

1921 611 2185 683 judicium
2236 612 2547 682 justorum,
2594 631 2826 683 quorum
2887 618 3247 686 cogitationes
3300 618 3508 687 judicia

1928 711 2073 766 sunt,
2100 704 2166 756 de
2200 703 2396 772 quibus
2435 703 2637 758 dicitur
2663 704 2684 735 ⁸
2720 722 2733 759 :
2768 724 2786 756 ι
2823 705 3036 760 Justum
3065 706 3332 776 judicium
3364 707 3512 775 judi-

1929 801 2073 847 cate.
2106 812 2125 845 ι
2153 792 2384 861 Quando
2429 803 2608 848 autem
2646 812 2664 846 ι
2696 795 2864 851 solem
2901 810 3059 851 suum
3097 797 3227 853 oriri
3260 798 3391 851 facit
3419 812 3511 851 su-

1930 898 2027 954 per
2049 886 2220 941 malos
2254 895 2303 939 et
2342 888 2535 953 bona,
2564 893 2618 939 et
2668 886 2806 955 pluit
2847 903 3011 956 super
3055 887 3232 957 justos
3279 898 3334 942 et
3365 888 3512 957 inju-

1930 985 2047 1031 stos
2066 978 2144 1042 ⁷,»
2163 980 2406 1033 videmus
2427 980 2695 1047 quomodo
2720 979 3092 1034 misericordia
3115 980 3326 1036 Domini
3350 980 3508 1050 plena

1823 1122 1833 1132 ,
1931 1068 2001 1123 sit
2040 1077 2199 1123 terra.

2004 1181 2173 1238 Vens.
2198 1181 2255 1234 7.
2298 1179 2508 1235 Poneus
2546 1183 2600 1235 in
2630 1182 2890 1236 thesauris
2924 1184 3159 1253 abyssos,
3189 1193 3295 1239 etc.
3324 1182 3511 1239 Ratio-

1932 1288 2029 1329 nes
2065 1274 2243 1343 abyssi
2283 1274 2335 1327 in
2365 1274 2642 1328 thesauris
2663 1274 2755 1327 Dei
2783 1285 2929 1330 sunt.

2009 1363 2169 1417 Vens.
2199 1364 2253 1417 8.
2287 1364 2488 1418 Timeat
2520 1365 2804 1419 Dominum
2843 1366 3015 1420 omnis
3047 1376 3207 1432 terra,
3238 1366 3302 1420 ab
3327 1383 3387 1420 eo
3411 1383 3510 1420 att-

1934 1464 2034 1507 tem
2084 1466 2511 1508 commoveantur
2559 1472 2736 1509 omnes
2764 1458 3117 1511 inhabitantes
3162 1459 3363 1524 orbem,
3399 1471 3506 1514 etc.

1935 1544 2047 1598 Hoc
2080 1544 2132 1596 in
2167 1543 2398 1597 adventu
2434 1545 2523 1598 Dei
2553 1544 2835 1614 impletum
2868 1556 2972 1603 est.
3008 1548 3225 1615 quando
3256 1548 3511 1601 universa

1938 1645 2082 1690 terra
2112 1634 2311 1690 Christi
2338 1633 2590 1692 Ecclesiis
2630 1643 2714 1689 est
2751 1636 2974 1706 repleta.
3002 1636 3163 1693 Forte
3207 1640 3373 1692 etiam
3406 1638 3512 1692 dici

1938 1731 2103 1799 possit
2131 1747 2144 1782 :
2173 1729 2449 1795 Homines,
2469 1730 2700 1799 diligite,
2726 1741 2869 1784 terra
2898 1745 3028 1784 vero
3055 1732 3261 1785 timeat.
3290 1730 3390 1797 Qui
3418 1747 3514 1785 au-

1936 1828 2040 1873 tem
2069 1818 2256 1872 orbem
2289 1818 2542 1873 Ecclesia:
2575 1819 2668 1873 Dei
2712 1818 3044 1882 inhabitant,
3077 1834 3198 1872 cum
3228 1818 3511 1872 Domimnn

1931 1914 2320 1981 cognoverint,
2354 1913 2423 1967 ab
2458 1912 2575 1981 ipso
2622 1919 3067 1977 commoventur,
3105 1911 3230 1963 dum
3267 1910 3319 1963 id
3370 1910 3513 1980 quod

1934 2003 2266 2071 propositum
2320 2013 2425 2068 est,
2459 2013 2787 2073 prteceptum
2836 2004 3152 2056 observant.
3201 2000 3297 2056 Vel
3347 2000 3442 2070 qui
3483 2015 3513 2052 τι

1930 2098 2097 2152 verbo
2125 2098 2220 2151 Dei
2254 2108 2561 2161 moventur,
2587 2097 2654 2150 ab
2686 2097 2801 2167 ipso
2829 2105 3261 2161 commoventur,
3293 2093 3515 2148 vivente

1932 2189 1987 2245 in
2025 2190 2157 2260 ipsis
2186 2189 2427 2244 Christo.

2001 2364 2283 2435 Ejusdem.
2327 2364 2633 2421 Commotio
2678 2363 2967 2418 laudabilis
2994 2373 3075 2417 est
3120 2362 3314 2417 animae
3346 2362 3513 2416 ratio-

1932 2459 2076 2514 nalis
2111 2475 2139 2513 a
2172 2459 2373 2513 malitia
2402 2469 2458 2514 et
2495 2459 2799 2529 ignorantia
2849 2458 2917 2512 ad
2953 2458 3214 2510 virtutem
3243 2468 3296 2511 et
3340 2457 3516 2511 scien-

1934 2557 2065 2611 tiam
2094 2557 2404 2613 translatio.

2002 2667 2168 2723 νεεδ.
2208 2667 2262 2723 9.
2297 2666 2563 2732 Quoniam
2606 2666 2717 2734 ipse
2759 2666 2918 2733 dixit,
2945 2676 2989 2719 et
3032 2667 3177 2734 facta
3208 2674 3355 2726 sunt,
3400 2664 3513 2732 ipse

1924 2761 2224 2831 mandavit,
2244 2770 2291 2813 et
2313 2770 2489 2813 creata
2522 2769 2667 2824 sunt,
2701 2769 2806 2813 etc.
2833 2757 3126 2812 Generatio
3150 2757 3513 2811 substantiam

1935 2851 2338 2907 rationabilium
2399 2866 2580 2904 rerum
2649 2849 2968 2920 signiﬁcat;
3056 2850 3266 2901 creatio
3330 2858 3512 2899 autem

1933 2944 2287 2999 mutationem
2317 2958 2345 2994 a
2379 2942 2523 2995 bono
2548 2941 2598 2994 in
2629 2940 2853 2994 malum.
2886 2957 2905 2990 ι
2946 2939 3000 2991 Si
3034 2954 3135 3006 qua
3175 2956 3192 2989 ι
3224 2938 3366 2991 enim
3405 2956 3423 2989 ι
3461 2940 3513 2992 in

1931 3035 2149 3091 Christo
2178 3048 2312 3088 nova
2345 3042 2593 3088 creatura
2621 3032 2695 3096 ⁸,»
2732 3040 3043 3084 renovatur.

311 3141 525 3209 Κύριος
576 3138 950 3201 διασκεδάζει
996 3140 1236 3206 βουλὰς
1254 3139 1464 3207 ἐθνῶν,
1512 3142 1713 3196 ἀθετεῖ
1759 3142 1827 3197 δὲ

2000 3146 2164 3201 VERS.
2194 3143 2278 3197 10.
2326 3144 2580 3197 Dominus
2620 3142 2844 3209 dissipat
2876 3138 3101 3193 consilia
3143 3137 3397 3208 gentium,
3432 3150 3513 3188 re-

239 3231 572 3307 λογισμοὺς
604 3229 770 3289 λαῶν
790 3270 806 3296 ,
838 3231 938 3285 καὶ
966 3230 1161 3285 ἀθετεῖ
1202 3231 1441 3298 ,βουλὰς
1496 3233 1824 3301 ἀρχόντων,

241 3342 299 3378 κ.
331 3340 384 3377 τ.
415 3325 460 3376 ὲ.
485 3324 553 3375 Αἱ
585 3322 770 3394 βουλαὶ
799 3323 908 3377 τῶν
939 3323 1109 3377 ὲθνῶν
1150 3322 1299 3394 (87),
1356 3324 1451 3376 καὶ
1489 3325 1539 3376 οἱ
1577 3324 1828 3394 λογισμοὶ

240 3417 353 3469 τῶν
375 3416 541 3481 λαῶν,
574 3418 668 3470 καὶ
690 3418 747 3471 αἱ
779 3416 968 3488 βουλαὶ
1026 3416 1135 3468 τῶν
1185 3415 1461 3488 ἀρχόντων
1509 3416 1827 3469 ἀθετοῦνται

241 3509 349 3563 ὑπὸ
375 3510 602 3581 Κυρίου,
639 3510 715 3573 ὡς
744 3509 1154 3579 ὲναντιούμεναι
1202 3509 1281 3578 τῷ
1312 3506 1579 3579 θελήματι
1638 3509 1825 3575 αὑτοῦ,

239 3600 337 3655 τοῦ
361 3619 381 3653 t
405 3603 611 3665 πάντας
634 3600 954 3672 ἀνθρώπους
976 3601 1220 3664 θέλοντος
1240 3600 1477 3670 σωθῆναι
1503 3602 1596 3655 καὶ
1614 3604 1690 3664 εἰς
1716 3603 1829 3655 ἐπί-

239 3709 444 3762 γνωσιν
473 3692 731 3763 ἀληθείας
757 3692 953 3745 ἐλθεῖν.
1000 3712 1019 3745 ι

327 3783 381 3835 Ὀ
419 3784 663 3848 πλάσας
694 3783 846 3837 κατὰ
879 3785 1075 3852 μόνας
1134 3785 1242 3849 τὰς
1294 3786 1545 3855 καρδίας
1607 3783 1825 3848 αὐτῶν,

240 3877 276 3929 ό
302 3873 538 3938 συνιεὶς
569 3871 765 3926 πάντα
793 3876 864 3927 τά
894 3875 1039 3943 ἔργα
1064 3872 1282 3939 αὐτῶν,
1320 3894 1373 3928 κ.
1400 3894 1453 3929 τ.
1483 3878 1532 3931 ὲ.
1577 3878 1635 3929 'U
1669 3877 1830 3946 μόνος

239 3964 457 4026 πλάσας
480 3962 589 4033 (88)
619 3964 780 4034 μόνος
808 3966 903 4017 καὶ
931 3964 1220 4034 γινώσκει’
1266 3965 1346 4019 διὸ
1388 3967 1570 4032 καλῶς
1613 3968 1829 4035 λέγεται

239 4057 271 4108 ὁ
300 4055 435 4119 Θεὸς
470 4054 632 4126 μόνος
661 4055 1121 4129 καρδιογνώστης.

327 4169 659 4223 Ῥύσασθαι
692 4170 761 4223 ἐκ
795 4170 1055 4227 θανάτου
1093 4171 1199 4238 τὰς
1234 4173 1442 4243 ψυχὰς
1478 4172 1697 4238 αὐτῶν,
1730 4174 1831 4229 καὶ

240 4260 558 4330 διαθρέψαι
585 4262 808 4329 αὐτοὺς
838 4264 908 4316 ὲν
932 4262 1106 4332 λιμῷ,
1140 4282 1194 4318 κ.
1241 4282 1292 4318 τ.
1341 4266 1389 4319 ὲ.
1435 4265 1705 4336 Πρότερον
1753 4266 1834 4319 δεῖ

242 4354 359 4425 (89)
383 4370 505 4407 τινα
532 4352 795 4424 ῥύσασθαι
825 4356 933 4409 ἀπὸ
956 4355 1207 4421 θανάτου,
1228 4354 1327 4410 εἷθ’
1351 4357 1522 4421 οὕτως
1544 4357 1834 4429 διατραφῆ-

1929 3238 2113 3305 probat
2142 3247 2314 3288 autem
2336 3234 2677 3302 cogitationes
2694 3229 3030 3299 populorum,
3047 3238 3094 3282 et
3122 3228 3362 3295 reprobat
3387 3242 3514 3280 con-

1929 3328 2053 3383 silia
2076 3328 2399 3396 principum,
2427 3334 2532 3379 etc.
2575 3322 2814 3378 Consilia
2868 3322 3132 3391 gentium,
3159 3320 3514 3388 cogitationes

1930 3419 2249 3491 pupillorum
2288 3457 2303 3482 ,
2337 3426 2392 3473 et
2439 3416 2660 3470 consilia
2710 3415 3013 3485 principum
3070 3414 3436 3480 reprobantur
3479 3425 3511 3465 a

1933 3511 2185 3576 Domino,
2216 3520 2274 3564 ut
2324 3509 2598 3565 contraria
2633 3508 2897 3562 voluntati
2954 3507 3072 3576 ejus
3123 3522 3141 3556 ι
3187 3504 3277 3573 qui
3315 3517 3512 3557 omnes

1932 3604 2181 3661 homines
2215 3603 2329 3658 vult
2368 3602 2544 3658 salvos
2575 3601 2691 3657 fieri
2723 3607 2776 3657 et
2798 3600 2865 3653 ad
2896 3600 3228 3669 agnitionem
3263 3595 3514 3650 veritatis

1935 3698 2123 3753 venire
2149 3699 2193 3751 ’.
2234 3716 2254 3750 ο

2004 3788 2174 3844 Vens.
2203 3787 2289 3842 15.
2334 3786 2436 3852 Qui
2468 3786 2627 3854 ﬁnxit
2662 3783 2980 3855 singillatim
3011 3780 3171 3835 corda
3197 3794 3399 3842 eorum,
3426 3776 3517 3846 qui

1932 3879 2178 3949 intelligit
2226 3880 2403 3932 omnia
2440 3894 2600 3947 opera
2653 3893 2854 3941 eorum,
2886 3883 2991 3931 etc.
3023 3874 3124 3941 Qui
3160 3873 3307 3929 solus
3339 3871 3515 3933 tinxit,

1932 3972 2081 4027 solus
2103 3972 2267 4026 etiam
2301 3972 2605 4041 cognoscit.
2631 3970 2810 4037 Quare
2845 3969 3074 4037 pulchre
3107 3966 3400 4021 admodum
3429 3980 3518 4021 so-

1932 4065 2019 4119 lus
2048 4065 2186 4120 Deus
2220 4064 2466 4119 cordium
2493 4066 2747 4134 cognitor
2778 4061 2997 4116 dicitur.

2009 4179 2170 4235 Vens.
2200 4180 2286 4235 i9.
2323 4177 2391 4232 Ut
2423 4187 2571 4232 eruat
2602 4195 2633 4231 a
2660 4186 2827 4230 morte
2851 4175 3060 4229 animas
3091 4188 3294 4235 eorum,
3326 4180 3374 4224 et
3403 4169 3515 4221 alat

1932 4290 2020 4328 eos
2050 4274 2103 4326 in
2141 4273 2301 4341 fame,
2327 4280 2433 4325 etc.
2464 4270 2621 4325 Prius
2642 4266 2917 4321 eruendus
2941 4274 3022 4319 est
3058 4262 3325 4330 quispiam
3348 4257 3518 4329 648

1934 4381 1964 4418 a
2003 4374 2202 4426 morte,
2227 4363 2423 4417 deinde
2471 4362 2551 4416 sic
2601 4359 2843 4415 alendus.
2879 4356 3031 4409 Hunc
3066 4368 3162 4421 per
3182 4365 3344 4418 opera
3373 4348 3516 4401 eruit

240 4462 355 4499 ναι.
389 4446 501 4498 Καὶ
529 4445 617 4499 διὰ
649 4446 747 4516 μὲν
772 4446 1083 4516 πρακτικῆς
1103 4446 1291 4517 ῥύεταί
1318 4465 1440 4501 τινα
1464 4449 1572 4501 ἀπὸ
1601 4449 1829 4503 θανάτου

1949 4455 2082 4510 Deus
2116 4469 2146 4509 a
2182 4463 2377 4520 morte,
2404 4452 2498 4507 alit
2529 4460 2709 4505 autem
2749 4463 2845 4519 per
2881 4444 3265 4514 cognitionem.

240 4535 270 4587 ὁ
303 4533 530 4604 Κύριος,
551 4533 637 4587 διὰ
655 4534 712 4587 δὲ
739 4533 995 4604 γνώσεως
1015 4536 1222 4607 τρέφει.

330 4649 484 4704 Ἡδὲ
534 4649 707 4719 ψυχὴ
755 4648 925 4720 ἡμῶν
968 4650 1261 4719 ὑπομενεῖ
1317 4650 1398 4717 τῷ
1463 4653 1676 4719 Κυρίῳ,
1740 4653 1830 4707 ὅτι

248 4739 469 4808 Βοηθὸς
510 4742 610 4794 καὶ
644 4741 1111 4810 ὑπερασπιστὴς
1156 4741 1326 4811 ἡμῶν
1352 4742 1542 4802 ἐστιν,
1577 4759 1632 4796 κ.
1677 4760 1728 4797 τ.
1780 4745 1829 4799 ἑ.

252 4830 325 4886 Ἦ
354 4831 449 4885 τοῦ
470 4831 679 4886 δικαίου
706 4832 840 4903 (89⁶)
860 4835 1056 4905 καρδία
1081 4834 1180 4887 οὐκ
1212 4832 1561 4905 εὐφραίνεται
1591 4835 1647 4886 ὲν
1686 4833 1829 4906 βρώ-

244 4939 413 4993 μασιν
442 4922 475 4993 ἦ
511 4924 568 4975 ὲν
602 4923 865 4994 πόμασιν,
895 4923 1012 4978 ἀλλ’
1046 4926 1104 4978 ὲν
1124 4924 1466 4995 δικαιοσύνῃ,
1492 4928 1586 4977 καὶ
1617 4924 1833 4992 γιώσει,

243 5014 343 5068 καὶ
378 5013 563 5087 σοφίᾳ.

2014 4650 2175 4705 VERs.
2201 4649 2292 4704 20.
2326 4647 2517 4702 Anima
2567 4653 2744 4697 nostra
2793 4639 3006 4695 sustinet
3041 4638 3352 4696 Dominum,
3385 4648 3516 4700 quo-

1939 4745 2079 4797 niam
2106 4744 2324 4813 adjutor
2360 4750 2409 4795 et
2454 4747 2712 4807 protector
2752 4744 2925 4787 noster
2952 4741 3044 4790 est,
3094 4737 3203 4779 etc.
3254 4724 3361 4778 Cor
3385 4720 3511 4787 justi

1939 4852 2043 4890 non
2075 4836 2377 4889 delectatur
2409 4831 2462 4886 in
2497 4831 2618 4884 cibo
2670 4836 2761 4881 aut
2792 4834 2941 4895 potu,
2978 4821 3072 4876 scd
3117 4821 3168 4873 iu
3204 4816 3436 4885 justitia,
3460 4818 3514 4865 et

1943 4926 2191 4992 scientia,
2222 4937 2271 4981 et
2304 4922 2593 4994 sapientia.

317 5151 340 5182 ⁸
371 5150 519 5206 Psal.
563 5165 716 5216 xvm,
750 5150 817 5206 19
842 5158 897 5207 et
937 5166 1100 5218 xxxv,
1127 5152 1185 5208 7.
1257 5153 1280 5186 ⁸
1303 5152 1459 5209 Joan.
1487 5168 1584 5218 vn,
1612 5151 1703 5207 2i.
1778 5153 1797 5184 "
1824 5151 1829 5207 ἶ

1949 5150 2014 5205 Lb.
2048 5164 2099 5215 v,
2125 5145 2215 5199 45.
2292 5144 2314 5176 ⁸
2341 5141 2382 5196 ll
2406 5141 2534 5196 Cor.
2571 5156 2623 5204 v,
2659 5139 2746 5192 i7.
2820 5137 2883 5192 ’l
2914 5135 3054 5191 Tim.
3080 5150 3138 5199 ιι,
3177 5131 3229 5196 4.

318 5308 432 5376 (8⁸5)
458 5310 525 5362 Ol
557 5309 747 5379 λόγοι,
784 5319 890 5364 etc.
935 5309 1164 5368 Schedze
1193 5311 1403 5378 Grabii,
1434 5313 1604 5368 codex
1634 5312 1831 5367 Coisli-

244 5378 473 5441 nianus,
502 5390 558 5433 et
594 5378 799 5434 Catena
835 5379 1089 5435 Barbari.

244 5448 432 5573 de(8“)
466 5449 652 5505 Τοῦτο
693 5446 775 5504 ἐν’
806 5449 881 5519 τῇ
919 5453 1243 5521 παρουσίᾳ,
1292 5463 1399 5509 etc.
1457 5450 1657 5507 Catena
1702 5451 1837 5507 Cor-

323 5536 364 5573 ΙἸ
396 5562 401 5567 .

323 5536 401 5573 I'Ii.

318 5587 431 5657 (85)
462 5587 659 5658 Σᾶλος
698 5589 896 5658 ἐστιν,
935 5600 1045 5648 etc.
1107 5592 1288 5649 Codex
1339 5591 1729 5653 Coislinianus.
1776 5599 1833 5647 et

252 5658 470 5712 srbeil'e
496 5659 703 5717 Grabii.

341 5726 455 5799 (86)
494 5729 564 5783 'lI
577 5729 695 5799 μὲν
721 5731 979 5804 γένεσις,
1006 5741 1115 5788 etc.
1156 5730 1335 5789 Codex
1365 5730 1749 5787 Coisliuianus.

2012 5308 2127 5379 (87)
2154 5309 2225 5362 Αἱ
2242 5303 2467 5379 βουλαὶ
2498 5302 2616 5357 τῶν
2652 5299 2865 5366 ἐθνῶν,
2895 5311 3003 5353 etc.
3064 5296 3291 5350 Scbeda:
3322 5288 3510 5348 Grabii

2012 5308 2127 5429 (87)
2154 5309 2225 5362 Ai
2242 5308 2467 5371 βουλαὶ
2498 5308 2616 5357 τῶν
2652 5308 2865 5366 ἐθνῶν,
2895 5311 3003 5353 etc.
3064 5308 3291 5350 δοιιειιαξ
3322 5308 3343 5348 t

1940 5390 1995 5435 et
2025 5394 2193 5432 cmex
2222 5377 2608 5445 (lt’iislinianns.
2917 5438 2947 5445 __
3006 5438 3017 5445 _
3127 5434 3161 5445 ﬂ
3206 5436 3215 5445 .
3252 5433 3283 5445 η
3330 5433 3343 5444 ι

2011 5448 2124 5519 (88)
2164 5449 2216 5501 Ὀ
2243 5447 2423 5513 μόνος
2451 5443 2715 5519 πλάσας,
2746 5451 2855 5495 etc.
2909 5438 3091 5492 Codex
3123 5433 3504 5495 Coisliuianus,

1935 5516 2211 5574 etCateua
2242 5516 2502 5588 Barbari._
2546 5585 2570 5588 _
2800 5580 2815 5588 _
2854 5578 2869 5588 _
2942 5576 2955 5588 ,
3041 5576 3075 5588 η

2012 5572 2135 5657 ('89)?
2153 5588 2445 5654 Πρότερον
2474 5584 2587 5651 δεῖ,
2622 5594 2728 5639 etc.
2782 5576 3006 5635 Schedze
3036 5575 3221 5632 Grabii
3253 5583 3306 5629 et
3338 5572 3508 5628 codex

1941 5658 2322 5715 Coisliuiauus.

2016 5731 2151 5795 (89')
2200 5730 2256 5783 Η
2284 5723 2391 5780 τοῦ
2416 5723 2669 5787 δικαίου,
2701 5731 2810 5776 etc.
2846 5719 2981 5774 idem
3007 5716 3161 5773 codd.
3199 5730 3329 5770 mss.
