3986 6384
562 286 700 340 1507

1039 403 1360 463 PSALMUS
1401 405 1634 465 XXXIII.

626 491 789 546 Vatis.
827 494 879 547 I.
913 493 1124 560 Davidi,
1159 513 1274 550 cum
1311 499 1605 555 immutavit
1633 501 1832 555 vultum
1863 519 2017 556 suum
2043 520 2130 558 co-

555 596 670 634 ram
721 583 1038 650 Abimelech,
1081 597 1129 640 et
1166 588 1364 642 dimisit
1415 608 1554 658 eum,
1589 602 1638 646 et
1683 594 1847 657 abiit,
1889 605 1994 649 clc.
2027 593 2127 662 Qui

553 668 808 739 fugiendo
841 676 1042 730 vultum
1091 681 1332 748 ostendit
1359 698 1462 736 non
1512 693 1570 737 ut
1621 684 1899 753 fugientis,
1930 689 2024 742 sed
2072 681 2138 744 ut

551 763 725 828 missi,
753 765 796 819 is
837 766 1374 828 immutavitvnltum
1414 790 1593 829 suum.
1633 774 1849 832 Vultum
1882 780 1984 834 hoc
2009 779 2127 836 loco

547 855 677 910 dicit
704 858 897 913 attimze
921 861 1182 919 habitum.
1213 866 1364 920 Alius
1395 868 1536 920 enim
1573 867 1928 938 estl'ugientis
1950 911 1964 936 ,
1989 872 2148 928 alius.

546 947 724 1002 missi.
755 949 971 1004 Vultum
1017 968 1146 1008 vero
1177 954 1492 1024 frequenter
1515 957 1795 1027 Scriptura
1824 970 1978 1015 vocat
2009 975 2123 1015 ser-

545 1052 760 1093 monem
810 1039 1067 1110 hominis,
1113 1047 1569 1113 quemadmodmn
1630 1049 1853 1117 angelus
1899 1051 1963 1103 ad
2019 1051 2121 1108 Lot

541 1126 681 1182 dixit
717 1129 759 1160 ¹⁰
796 1150 807 1184 :
840 1147 858 1181 ι
897 1128 1035 1186 Ecce
1065 1135 1264 1189 veritus
1306 1151 1426 1190 sum
1479 1137 1682 1191 vultum
1732 1148 1904 1204 tuum,
1949 1149 2004 1194 et
2059 1142 2114 1197 in

540 1217 706 1272 verbo
757 1219 858 1274 hoc
908 1236 1014 1275 non
1053 1225 1364 1279 subvertam
1397 1228 1676 1282 civitatem
1710 1230 1777 1283 de
1809 1245 1912 1298 qua
1965 1233 2114 1285 locu-

543 1313 632 1361 tus
662 1321 743 1362 es.
798 1327 817 1360 ι

605 1485 767 1542 Vens.
815 1490 873 1545 2.
931 1490 1237 1548 Benedicam
1287 1495 1614 1564 Dominum,
1649 1509 1755 1554 elc.
1807 1499 1932 1557 Ilaec
1983 1502 2114 1557 dicit

532 1574 802 1645 Christus,
828 1583 920 1651 qui
941 1598 1158 1654 semper
1189 1588 1318 1640 vivit
1347 1599 1401 1643 et
1434 1606 1706 1661 nunquam
1757 1594 1979 1648 excidit.

603 1755 765 1812 Vsus.
807 1758 863 1815 5.
896 1759 962 1813 1η
993 1762 1220 1817 Domino
1252 1764 1560 1820 laudabitur
1597 1772 1776 1824 anima
1821 1789 1956 1837 mea,
1999 1784 2103 1830 etc.
2139 1769 2196 1824 B-

530 1841 649 1899 Non
683 1847 733 1914 in
765 1848 867 1902 alia
903 1850 1007 1904 ulla
1042 1868 1102 1907 re
1133 1854 1417 1922 laudabor,
1441 1859 1542 1914 nisi
1569 1860 1620 1914 in
1660 1863 1924 1931 sapientia
1959 1884 1972 1921 :
2004 1868 2110 1924 Do-

535 1937 720 1992 minus
751 1941 891 1993 enim
929 1954 1116 1998 noster
1143 1948 1413 2015 sapientia
1441 1965 1541 2005 εει.

597 2025 760 2086 Vens.
793 2029 844 2082 5.
873 2030 1145 2103 Exquisivi
1171 2035 1480 2105 Dominum,
1506 2053 1553 2096 et
1584 2046 1850 2100 exaudivit
1875 2065 1977 2115 me,
1997 2059 2099 2106 etc.

527 2135 549 2168 ι
591 2117 778 2174 Omnis
803 2124 947 2176 enim
981 2126 1072 2193 qui
1108 2130 1336 2196 quterit,
1366 2131 1570 2188 invenit
1613 2135 1678 2201 ¹¹,
1715 2157 1732 2188 ι
1778 2140 1868 2208 qui
1919 2157 2100 2198 autem

521 2208 664 2262 male
694 2213 925 2280 quaerit,
962 2231 1069 2269 non
1109 2217 1333 2277 invenit.

590 2297 756 2356 Vens.
781 2301 834 2354 6.
859 2304 1100 2360 Accedite
1120 2311 1190 2360 ad
1221 2325 1358 2376 eum,
1382 2321 1428 2367 et
1447 2314 1849 2386 illuminamini,
1873 2331 1978 2378 etc.
1999 2323 2105 2379 Per

517 2398 724 2444 rectam
779 2391 900 2448 vitae
945 2394 1343 2456 institutionem
1395 2407 1749 2475 accedimus;
1786 2426 1882 2480 per
1927 2415 2102 2469 scien-

519 2480 650 2534 tiam
684 2484 1225 2543 veroilluminamur.
1255 2511 1274 2543 ι
1302 2492 1606 2552 Illuminate
1633 2502 1800 2570 enim,
1837 2503 2010 2573 inquit
2034 2508 2096 2573 ",

516 2572 673 2628 vobis
709 2575 885 2630 lumen
917 2580 1177 2637 scientize.
1223 2603 1242 2636 ι

589 2661 749 2719 Vens.
783 2665 838 2720 7.
861 2667 968 2722 Isle
987 2687 1186 2738 pauper
1213 2674 1476 2746 clamavit,
1509 2692 1557 2734 et
1596 2681 1850 2739 Dominus
1877 2691 2094 2743 exaudi-

513 2753 584 2804 uit
607 2769 747 2818 eum,
786 2765 891 2812 etc.
931 2757 1049 2814 Non
1083 2777 1272 2821 omnes
1301 2769 1392 2836 qui
1441 2771 1677 2828 clamant
1711 2777 1968 2834 Dominus
2000 2799 2094 2837 ex-

514 2842 688 2910 audit,
719 2846 813 2900 sed
842 2847 961 2904 illos
983 2852 1076 2920 qui
1107 2867 1208 2922 per
1237 2859 1604 2928 cognitionem
1642 2866 1732 2920 Dei
1763 2867 2020 2925 clamant.

585 3023 746 3103 Vens.
790 3027 842 3083 8.
877 3027 1130 3086 Immittet
1175 3036 1390 3106 angelus
1431 3037 1646 3096 Domini
1684 3043 1739 3098 in
1781 3045 2003 3101 circuitu
2025 3049 2092 3102 ti-

510 3120 762 3172 mentium
790 3137 928 3187 eum,
960 3133 1066 3179 etc.
1097 3127 1336 3196 Angelus
1371 3131 1583 3187 Domini
1635 3135 1762 3192 licet
1807 3153 1946 3194 unus
1993 3142 2084 3208 sit,

511 3218 607 3259 ceu
637 3206 906 3280 integrum
939 3219 1404 3286 pr0pugnaculum
1432 3230 1538 3276 est.

579 3296 741 3354 Vens.
780 3301 833 3356 9.
876 3301 1096 3360 Gustate
1126 3316 1174 3361 et
1199 3310 1368 3364 videte
1393 3315 1644 3380 quoniam
1666 3319 1842 3373 suavis
1877 3329 1954 3374 est
1979 3320 2088 3376 Do-

507 3386 702 3453 minus,
741 3399 848 3445 etc.
884 3393 940 3446 Si
987 3405 1236 3462 gustatur
1275 3399 1558 3467 Dominus,
1590 3421 1687 3474 per
1715 3407 1872 3463 [idem
1903 3419 2084 3480 gusta-

507 3485 613 3535 tur.
662 3479 720 3534 Si
755 3483 937 3538 suavis
968 3495 1072 3552 est,
1109 3503 1207 3558 per
1241 3493 1608 3562 cognitionem
1643 3499 1826 3556 suavis
1871 3479 1974 3556 est.

573 3651 739 3712 Vens.
795 3657 882 3713 10.
935 3660 1198 3725 Quoniam
1248 3681 1352 3721 non
1406 3679 1481 3722 est
1540 3672 1717 3742 inopia
1777 3676 2078 3736 timentibus

501 3759 641 3811 eum,
673 3755 778 3803 etc.
817 3747 876 3805 Si
925 3767 1030 3806 non
1067 3764 1150 3808 est
1194 3747 1372 3826 inopia
1420 3761 1732 3820 timentibus
1763 3782 1908 3833 eum,
1945 3786 2079 3840 quo-

501 3835 664 3890 modo
714 3839 889 3894 sancti
940 3851 1097 3896 erant
1151 3863 1170 3896 ι
1223 3858 1484 3917 egentes,
1519 3857 1834 3925 angustiati,
1870 3835 2074 3928 amicti,

499 3926 696 3993 quibus
727 3929 919 3999 dignus
953 3949 1055 3987 non
1085 3947 1201 3992 erat
1231 3944 1461 3998 mundus
1492 3945 1583 4001 "il
1615 3965 1635 3997 ι
1676 3947 1782 4004 Sed
1817 3951 1919 4008 etsi
1953 3926 2076 4010 cibo

497 4025 553 4069 et
580 4018 747 4089 65.9
772 4031 898 4090 potu
932 4027 1211 4095 carebant,
1250 4047 1355 4088 non
1399 4045 1576 4094 tamen
1605 4041 1917 4110 cognitione
1951 4045 2073 4102 ino-

495 4120 592 4174 pes
630 4120 808 4167 erant.

565 4199 730 4258 Vens.
779 4204 860 4260 1'2.
906 4205 1104 4276 Venite,
1148 4212 1269 4282 filii,
1320 4217 1501 4274 audite
1536 4236 1639 4287 me,
1684 4223 1920 4280 timorem
1963 4229 2072 4284 Do-

492 4290 624 4344 mini
660 4295 854 4352 dorebo
904 4317 1039 4369 vos,
1092 4315 1200 4360 etc.
1254 4309 1420 4364 Docet
1480 4328 1580 4367 nos
1628 4327 1848 4372 sanctus
1897 4319 2068 4378 David

2003 291 2099 348 EX
2136 289 2436 348 ORIGENE

3692 296 3828 355 15ῡέ

2796 414 3086 468 ΨΑΛΜΟΣ
3125 415 3244 469 ΛΓ.

2309 501 2393 568 Τῷ
2422 502 2630 563 Δαυτό.
2671 507 2843 558 ὁπότε
2871 506 3173 573 ἠλλοίωσε
3199 505 3266 559 τὸ
3321 506 3667 574 πρόσωπον
3715 510 3815 560 αὑ-

2230 595 2335 649 τοῦ
2357 596 2636 650 ἐναντίον
2661 597 2978 666 Ἀϐιμέλεχ,
3006 598 3101 651 καὶ
3134 597 3447 651 ἀπέλυσεν
3474 598 3698 662 αὐτὸν,
3727 602 3813 651 καὶ

2229 683 2521 753 ἀπῆλθεν,
2554 704 2608 740 κ.
2641 704 2690 739 τ.
2726 687 2772 740 ὲ.
2817 688 2874 739 'U
2906 687 2966 739 τὸ
2989 687 3188 756 φεῦγον
3221 688 3332 758 (90)
3377 687 3686 757 πρόσωπον
3748 690 3814 758 μὴ

2228 777 2503 844 ἐπιδείξας
2559 780 2634 844 ὡς
2681 779 2918 849 φεῦγον,
2970 779 3086 832 ἀλλ’
3125 779 3200 842 ὡς
3257 780 3604 845 ἀποσταλὲν,
3665 773 3812 844 οὗτος

2227 864 2487 934 ἡλλοίωσε
2506 867 2567 920 τὸ
2594 870 2886 939 πρόσωπον
2933 866 3118 924 αὑτοῦ.
3168 868 3466 938 Πρὸσωπον
3517 870 3578 922 δὲ
3627 870 3729 924 νῦν
3759 873 3810 923 τὸ

2223 954 2324 1023 τῆς
2347 956 2524 1026 ψυχῆς
2560 957 2706 1025 λέγει
2737 958 3096 1028 κατάστημα·
3133 957 3320 1011 ἀλλοία
3347 959 3456 1030 γάρ
3503 963 3631 1012 ἐστι
3681 960 3807 1027 φεύ.

2224 1059 2418 1111 γουσα,
2447 1047 2541 1098 καὶ
2565 1045 2749 1099 ἀλλοία
2787 1047 3172 1100 ἀποσταλεῖσα.
3206 1048 3507 1118 Πρόσωπον
3530 1050 3590 1102 δὲ
3615 1052 3807 1104 πολλά-

2223 1149 2309 1195 κις
2345 1123 2588 1206 ἠΓραφὴ
2615 1137 2710 1188 καὶ
2735 1135 2826 1190 τὸν
2855 1136 3011 1204 λόγον
3039 1135 3185 1202 λέγει
3208 1137 3302 1190 τοῦ
3333 1138 3633 1209 ἀνθρώπου
3658 1181 3674 1202 ,
3713 1158 3805 1192 κα-

2221 1221 2327 1286 θὼς
2355 1224 2634 1294 ὁᾶγγελός
2672 1243 2803 1296 φησι
2848 1228 2983 1298 πρὸς
3038 1228 3128 1281 τὸν
3169 1228 3322 1282 Λώτ·
3368 1247 3387 1281 ι
3437 1231 3575 1283 Ἰδοὺ
3649 1231 3802 1284 ἐθαύ-

2221 1318 2372 1386 μασά
2400 1335 2493 1372 σου
2526 1319 2586 1372 τὸ
2628 1321 2936 1390 πρόσωπον,
2995 1321 3087 1373 καὶ
3131 1322 3223 1374 ἐπὶ
3263 1321 3340 1392 τῷ
3383 1325 3594 1393 ῥήματι
3631 1325 3802 1394 τούτῳ

2217 1409 2278 1461 οὐ
2306 1409 2378 1480 μὴ
2401 1410 2760 1481 καταστρέφω
2805 1410 2902 1481 τὴν
2935 1411 3085 1464 πόλιν
3127 1413 3253 1483 περὶ
3283 1407 3348 1483 ἧς
3374 1413 3678 1485 ὲλάλησας.
3713 1434 3730 1465 ι

2285 1501 2618 1569 Εὑλογήσω
2645 1501 2750 1554 τὸν
2775 1503 3010 1570 Κύριον,
3034 1520 3084 1556 κ.
3115 1520 3162 1555 τ.
3193 1505 3240 1559 ὲ.
3281 1505 3337 1556 '0
3374 1507 3431 1557 ὲν
3469 1507 3648 1557 παντὶ
3688 1525 3796 1560 και-

2219 1586 2294 1658 ρῷ
2342 1588 2451 1658 (91)
2493 1588 2599 1654 ζῶν
2649 1590 2743 1642 καὶ
2800 1591 3058 1662 ὑπάρχων
3114 1592 3508 1662 ἀμετάπτωτος
3561 1597 3608 1647 Χ
3619 1597 3796 1666 pes-:6;

2211 1678 2386 1732 ταῦτα
2413 1697 2567 1750 φησι.

2295 1772 2390 1822 Ἐν
2423 1771 2502 1836 τῷ
2536 1772 2729 1839 Κυρίῳ
2761 1772 3216 1839 ἐπαινεθήσεται
3242 1777 3278 1843 ή
3319 1778 3489 1846 ψυχή
3539 1799 3692 1848 μου,
3741 1802 3790 1836 κ.

2211 1879 2264 1916 τ.
2292 1863 2340 1914 ὲ.
2375 1862 2487 1915 Οὑκ
2517 1864 2574 1915 ὲν
2609 1863 2751 1934 ἄλλῳ
2775 1865 2881 1916 τινὶ
2916 1865 3028 1935 (92)
3067 1866 3536 1938 ὲπαινεθήσομαι,
3576 1873 3698 1925 ἀλλ’
3737 1876 3790 1926 ἐν

2212 1951 2375 2022 σοφίᾳ
2394 1970 2408 1984 ·
2435 1954 2462 2005 6
2488 1953 2594 2025 γὰρ
2621 1955 2823 2026 Κύριος
2854 1957 3008 2026 ἡμῶν
3041 1959 3200 2027 σοφία
3226 1960 3391 2013 ἐστίν.

2293 2043 2648 2113 Ἐξεζὴτησα
2701 2049 2809 2100 τὸν
2857 2049 3095 2115 Κύριον,
3142 2051 3240 2103 καὶ
3294 2052 3612 2118 ἐπήκουσέ
3649 2075 3786 2124 μευ,

2208 2155 2265 2190 κ.
2294 2155 2342 2191 τ.
2373 2139 2418 2192 ἑ.
2457 2159 2473 2189 ι
2507 2141 2620 2202 Πᾶς
2653 2139 2762 2211 γὰρ
2785 2141 2896 2209 (93)
2936 2141 2965 2192 6
2992 2140 3169 2210 ζητῶν
3201 2145 3475 2215 εὑρίσκει·
3507 2166 3526 2198 ι
3557 2150 3586 2200 6
3610 2148 3670 2200 δὲ
3694 2167 3786 2201 κα-

2205 2227 2316 2290 κῶς
2344 2228 2519 2298 ζητῶν
2548 2230 2645 2299 οὐχ
2676 2230 2936 2300 εὑρίσκει.

2273 2319 2643 2386 Προσέλθετε
2672 2321 2822 2387 πρὸς
2853 2321 3060 2386 αὑτὸν,
3088 2323 3186 2376 καὶ
3222 2327 3561 2394 φωτίσθητε
3579 2367 3596 2390 ,
3654 2347 3709 2382 κ.
3729 2344 3782 2388 τ.

2203 2410 2249 2462 ἐ.
2293 2410 2391 2463 Διὰ
2423 2413 2520 2480 μὲν
2550 2410 2821 2474 πολιτείας
2852 2411 2963 2480 (94)
3011 2412 3175 2484 ὀρθῆς
3208 2418 3627 2487 προσερχόμεθα
3649 2460 3665 2482 ,
3698 2421 3784 2474 διὰ

2199 2501 2256 2552 δὲ
2307 2500 2560 2568 γνώσεως
2611 2502 2978 2571 φωτιζόμεοα.
3036 2521 3054 2554 ι
3084 2505 3357 2558 Φωτίσατε
3398 2508 3539 2578 γὰρ,
3591 2514 3781 2582 φησιν,

2201 2593 2417 2656 ἑαυτοῖς
2445 2593 2559 2662 φῶς
2582 2594 2855 2660 γνώσεως.
2890 2613 2908 2646 ι

2277 2681 2466 2750 Οὗτος
2501 2689 2534 2739 ό
2561 2687 2796 2756 πτωχὸς
2828 2688 3136 2758 ἐκέκραξε,
3171 2692 3265 2744 καὶ
3307 2695 3339 2746 ό
3384 2695 3609 2760 Κύριος
3655 2698 3779 2748 eic-

2195 2775 2464 2840 ήκουσεν
2485 2778 2690 2842 αὐτοῦ,
2727 2796 2780 2831 κ.
2822 2796 2874 2832 τ.
2907 2781 2952 2833 ἑ.
2983 2782 3055 2834 Οὐ
3095 2783 3310 2836 πάντων
3343 2784 3456 2854 (95)
3515 2788 3779 2841 ἐπακούει

2195 2864 2303 2918 τῶν
2334 2865 2645 2937 κραζόντων
2685 2871 2713 2921 6
2755 2869 2976 2942 Κύριος,
3009 2873 3142 2926 ἀλλὰ
3166 2873 3275 2927 τῶν
3307 2875 3396 2928 διὰ
3424 2876 3526 2948 τὴν
3575 2880 3778 2947 γνῶσιν

2194 2954 2294 3025 τὴν
2323 2955 2416 3008 τοῦ
2443 2956 2599 3010 Θεοῦ.

2264 3046 2638 3115 Παρεμϐαλεῖ
2660 3047 2914 3118 ἅγγελος
2933 3053 3153 3119 Κυρίου
3183 3056 3386 3120 κύκλῳ
3412 3058 3531 3109 τῶν
3552 3062 3773 3127 φοϐου-

2189 3136 2390 3206 μένων
2411 3139 2618 3202 αὐτὸν,
2654 3158 2710 3193 κ.
2744 3159 2794 3194 τ.
2823 3143 2868 3195 ὲ.
2910 3143 2968 3196 Ὀ
2997 3145 3225 3213 ἄγγελος
3254 3148 3366 3218 (96)
3415 3151 3514 3203 τοῦ
3559 3153 3768 3223 Κυρίου

2191 3229 2315 3305 ρλης
2344 3231 2687 3302 παρεμϐολῆς
2709 3232 2866 3302 λόγον
2900 3234 3083 3305 ἐπέχει
3111 3230 3190 3299 εἷς
3227 3237 3322 3291 ὼν.

2187 3294 2591 3386 "Datiano-’08,
2623 3294 2723 3375 καὶ
2762 3294 2935 3388 ἴδετε,
3118 3294 3382 3395 χρηστὸς
3441 3332 3476 3382 ὁ
3529 3334 3768 3400 Κύριος,

2185 3427 2241 3464 κ.
2266 3428 2315 3465 τ.
2353 3413 2399 3465 ὲ.
2425 3414 2487 3466 Εἰ
2512 3414 2739 3482 γευστὸς
2769 3418 2914 3468 ἐστιν
2939 3417 3050 3488 (97)
3077 3419 3104 3471 6
3141 3419 3372 3490 Κύριος,
3413 3421 3500 3476 διὰ
3537 3424 3642 3494 τῆς
3676 3426 3766 3478 πί-

2186 3503 2356 3568 στεώς
2387 3506 2500 3558 ἐστι
2524 3507 2775 3574 γευστόςο
2836 3508 2930 3562 καὶ
2984 3510 3030 3561 εί
3067 3511 3329 3582 χρηστὸς,
3363 3513 3450 3566 διὰ
3480 3513 3582 3584 τῆς
3623 3515 3768 3583 γνὼ-

2185 3593 2322 3657 σεώς
2356 3596 2472 3648 ἐστι
2496 3597 2754 3667 χρηστός.

2258 3687 2375 3739 ’Ὁτι
2399 3689 2509 3741 οὐκ
2537 3687 2707 3742 ἔστιν
2737 3689 3045 3759 ὑστέρημα
3068 3691 3190 3758 τοῖς
3227 3694 3622 3761 φοϐουμένοις
3652 3699 3764 3750 αὺ-

2180 3777 2306 3839 τὸν,
2340 3795 2394 3831 κ.
2429 3796 2480 3830 τ.
2509 3779 2555 3830 ὲ.
2587 3779 2647 3831 El
2683 3780 2784 3832 οὑκ
2825 3779 2972 3832 ἔστιν
2994 3781 3104 3850 (98)
3159 3783 3440 3852 ὑστέρημα
3499 3789 3616 3848 τοῖς
3673 3804 3764 3854 φοι

2179 3870 2460 3940 ϐοωμένοις
2488 3869 2685 3933 αὑτὸν,
2715 3870 2832 3934 πῶς
2862 3872 2909 3923 οἱ
2951 3872 3090 3939 ἅγιοι
3114 3868 3252 3943 ἦσαν
3306 3891 3323 3922 ι
3344 3875 3758 3947 ὑστερούμενοι,

2177 3961 2499 4031 Θλιϐόμενοι,
2553 3961 2996 4032 κακουχούμενοι,
3030 3956 3103 4016 ὦν
3143 3965 3243 4017 οὑκ
3294 3961 3362 4036 ἦν
3388 3965 3535 4030 ἄξιος
3583 3971 3612 4020 6
3658 3970 3760 4022 n6-

2176 4069 2342 4122 σμος;
2381 4071 2398 4102 ι
2430 4053 2565 4105 Ἀλλ’
2601 4056 2648 4106 εἰ
2678 4056 2770 4107 καὶ
2798 4053 3118 4126 ὑστεροῦντο
3159 4057 3217 4110 ὲν
3247 4055 3498 4127 βρώμασι
3528 4059 3626 4112 καὶ
3651 4061 3759 4114 πό-

2177 4159 2362 4215 μασιν,
2399 4143 2460 4195 οὑ
2491 4145 2597 4215 μὴν
2623 4146 2716 4197 καὶ
2749 4145 2806 4196 ἐν
2832 4145 3052 4213 γνώσει.

2245 4233 2443 4297 Δεῦτε,
2479 4235 2679 4298 τέκνα,
2705 4236 3006 4289 ἀκούσατέ
3029 4254 3170 4305 μου,
3200 4239 3387 4308 φόϐον
3418 4241 3642 4308 Kvplov
3664 4241 3754 4295 δι·-

2170 4320 2332 4387 δάξω
2359 4323 2534 4392 ὑμᾶς,
2561 4342 2614 4378 κ.
2648 4342 2698 4378 τ.
2726 4327 2774 4379 ἑ.
2811 4327 2971 4398 Παρὰ
2992 4327 3084 4380 τοῦ
3109 4327 3220 4398 (99)
3263 4328 3416 4395 ἁγίου
3461 4331 3624 4383 Δαυῒδ
3667 4331 3753 4383 δι-

488 4395 739 4450 quamam
779 4388 958 4447 facere
991 4405 1046 4450 et
1082 4395 1264 4452 dicere
1308 4411 1560 4470 oporteat
1605 4420 1731 4460 eum
1779 4410 1871 4480 qui
1912 4413 2066 4468 timet

493 4469 657 4493 n-____

2214 4414 2484 4484 ισκόμεοα
2507 4414 2625 4468 τίνα
2653 4416 2733 4468 δεῖ
2761 4420 2934 4471 ποιεῖν
2963 4434 3024 4470 τε
3057 4418 3153 4471 καὶ
3185 4419 3362 4487 λέγειν
3408 4419 3500 4473 τὸν
3542 4421 3746 4489 φοϐού-

490 4469 686 4532 Deum.

563 4561 730 4621 Vens.
758 4569 841 4623 I5.
861 4571 1079 4630 Declina
1114 4595 1146 4631 a
1178 4580 1320 4634 malo
1343 4593 1390 4636 et
1421 4583 1506 4652 fac
1537 4586 1752 4644 bonum.
1780 4591 2061 4652 Declinare

489 4663 520 4703 a
551 4654 690 4710 malo
720 4657 882 4714 timor
911 4664 1086 4730 docet,
1121 4667 1303 4722 facere
1345 4672 1564 4740 bonum,
1608 4677 1849 4737 dilectio.
1881 4682 2059 4749 Quare

488 4742 534 4797 is
565 4747 655 4814 qui
683 4748 878 4822 diligit,
908 4757 1085 4826 major
1115 4770 1199 4814 est
1224 4761 1470 4820 timente.

2173 4521 2331 4574 μενον
2363 4504 2452 4556 τὸν
2481 4504 2635 4559 Θεόν.

2243 4593 2563 4644 "Exulis-or
2593 4591 2712 4644 ἀπὸ
2760 4593 2969 4657 κακοῦ,
3029 4594 3126 4647 καὶ
3185 4594 3442 4660 ποίησον
3492 4593 3742 4663 ἀγαθὸν,

2168 4699 2224 4736 κ.
2253 4699 2303 4734 τ.
2339 4683 2385 4732 ὲ.
2412 4682 2483 4734 Τὸ
2504 4683 2747 4736 ἐκκλῖναι
2780 4685 2888 4737 ἀπὸ
2915 4685 3086 4739 κακοῦ
3114 4687 3142 4737 ὁ
3172 4685 3333 4754 φόϐος
3364 4685 3603 4738 διδάσκει
3622 4725 3636 4748 ,
3681 4688 3744 4739 τὸ

2169 4771 2228 4824 δὲ
2256 4769 2479 4839 ποιῆσαι
2509 4771 2569 4823 τὸ
2591 4772 2793 4840 ἀγαθὸν
2818 4775 2849 4844 ἡ
2884 4773 3094 4844 ἀγάπη.
3127 4773 3216 4827 Διὸ
3239 4771 3438 4846 μείζων
3460 4775 3488 4826 6
3508 4774 3744 4842 ἀγαπῶν

2169 4861 2264 4914 τοῦ
2289 4861 2450 4931 φοϐον
2459 4861 2640 4931 μένου.

555 4959 602 4994 ⁸⁸
630 4961 763 5020 Gen.
797 4983 912 5034 xix,
939 4971 1029 5028 ‘2l.
1114 4976 1155 5006 “
1187 4975 1317 5036 [λων.
1362 4995 1436 5044 χι,
1474 4981 1557 5035 10.
1637 4985 1678 5014 ¹²
1707 4982 1843 5042 Osee
1880 4990 2054 5051 ι,12.

2214 4995 2370 5051 Hebr.
2403 5013 2478 5064 ιι,
2508 4996 2595 5061 57,
2630 4997 2717 5052 58.

789 5083 859 5166 td
884 5088 1132 5158 φεῦγον,
1173 5102 1279 5146 etc.
1343 5095 1570 5152 Schedte
1597 5097 1810 5166 Grabii,
1863 5112 1918 5156 et
1951 5103 2054 5160 Ca-

476 5150 606 5200 tena
642 5148 882 5206 Barbari.

800 5222 880 5300 ἐν⁵
903 5227 1080 5300 acte-ri
1106 5229 1308 5297 καιρῷ,
1341 5242 1448 5300 etc.
1489 5235 1802 5298 Cortlerins.

551 5288 925 5378 (θῇ-ἐν
957 5288 1420 5378 ὢῑλῳήτινίξεῳ.
1445 5288 1924 5378 -ῧῖιιὺίἰ,
1955 5328 2047 5368 co-

482 5354 597 5430 dex‘
618 5357 1006 5430 Coislinianus,
1036 5354 1335 5424 et-Caten'ai
1355 5354 1603 5430 Darliar-i‘.

549 5427 663 5501 (ρᾷ)
700 5431 822 5496 Πᾶς
853 5427 1119 5501 γάρ,ἐιο.
1163 5437 1325 5492 Iidem
1363 5427 1691 5501 codd—mss.

550 5497 677 5621 (04)ι
699 5503 802 5554 Διά
826 5497 942 5581 μέν
973 5508 1296 5575 πολιτείας,
1331 5521 1436 5567 etc.
1499 5497 1832 5573 Iideni'mss.
1865 5527 1919 5574 et
1947 5519 2047 5575 Ca-

477 5571 602 5618 tena
683 5570 883 5622 arbarl.

501 5579 602 5618 etta
641 5579 883 5626 Barbari.

553 5638 667 5701 (95)
691 5641 774 5695 Οὐ
799 5639 1059 5712 πάντων,
1098 5655 1204 5704 etc.
1241 5647 1404 5708 Iidem
1437 5666 1565 5709 mss.
1595 5663 1650 5710 et
1683 5656 1885 5719 Catena
1911 5659 2044 5715 Bar-

2159 5108 2343 5247 ba(r9ii)
2387 5180 2448 5233 '0
2471 5181 2744 5250 ἅγγελος,
2776 5190 2879 5235 etc.
2920 5181 3084 5236 Iidem
3122 5199 3251 5239 mss.

2232 5249 2344 5332 (9‘7)
2367 5252 2432 5332 ει
2465 5249 2720 5332 Τεινστός
2756 5251 2948 5316 ἐστιν,
2977 5261 3081 5308 etc.
3145 5254 3302 5308 Iidem
3328 5267 3456 5306 mss.
3483 5265 3537 5307 et
3566 5254 3732 5309 Cate—

2159 5319 2584 5470 fia(€é)r?tr20x
2631 5391 2822 5456 ἐστιν,
2858 5399 2964 5446 etc.
3021 5391 3187 5446 iidem
3239 5365 3472 5447 mss.let
3518 5390 3728 5448 Catena

2153 5455 2573 5611 :33(r9t9d)n.ﬂapd'
2601 5530 2734 5611 τοῦ,
2795 5541 2928 5611 etc._
2967 5529 3129 5611 Isind-
3158 5546 3386 5611 Onecnon
3419 5532 3724 5611 sequentia

2152 5592 2458 5674 fragmenta
2473 5592 2745 5656 exhibent
2766 5603 2980 5657 scheda:
3003 5599 3212 5667 Grabii,
3248 5608 3302 5656 et
3331 5602 3500 5657 codex
3519 5592 3728 5656 'Coisli-

2151 5678 2366 5722 maus.
