3822 6508
51 445 66 496 l
79 445 173 498 309

43 655 191 718 δίον,
217 657 308 710 καὶ
350 655 490 718 τοὺς
546 647 862 711 ταπεινοὺς
905 645 985 710 τῷ
1037 645 1326 711 πνεύματι
1387 639 1590 702 σώσει,

47 765 98 799 κ.
129 765 171 800 τ.
202 747 244 802 ἐ.
279 748 342 799 Εἰ
380 767 399 798 ι
427 744 585 798 θυσία
619 738 696 810 τῷ
720 736 838 807 Θεῷ
876 737 1090 806 πνεῦμα
1118 729 1592 804 συντετριμμένον,

45 841 154 902 τοῖς
179 837 230 891 δὲ
257 831 730 906 συντετριμμένοις
769 830 876 900 τὴν
901 826 1128 896 καρδίαν
1169 823 1373 892 ἐγγίζει
1403 822 1430 872 ὁ
1483 818 1596 872 Κύ-

49 949 178 1001 ριος,
216 949 232 980 ι
263 929 432 1000 ταύτῃ
465 929 570 999 ἄρα
605 930 670 998 τῇ
699 926 858 996 θυσίᾳ
877 925 970 978 καὶ
1017 921 1114 974 οὐκ
1145 917 1278 988 ἄλλῃ
1327 909 1530 983 ἐγγίζει
1570 911 1598 961 ὁ

49 1021 258 1093 Κύριος.

119 1088 416 1165 ἀιυλάσσει
444 1110 658 1178 Κύριος
689 1107 884 1161 πάντα
910 1105 981 1158 τὰ
1009 1098 1160 1154 ὀστᾶ
1185 1094 1381 1152 αὐτῶν·
1399 1110 1412 1123 ’
1441 1091 1510 1144 ἐν
1532 1088 1600 1153 ἐξ

47 1200 235 1255 αὐτῶν
257 1202 325 1254 οὺ
357 1199 840 1268 συντριϐήσεται,
873 1213 926 1249 κ.
957 1211 1008 1247 τ.
1042 1193 1088 1244 ἐ.
1127 1188 1290 1242 Ὀστᾶ
1314 1183 1408 1237 νῦν
1453 1181 1600 1248 λέγει

47 1294 144 1355 τὰς
165 1291 413 1360 δυνάμεις
442 1289 542 1358 τῆς
567 1288 762 1358 ψυχῆς,
795 1287 826 1356 ἢ
857 1284 926 1336 τὰ
952 1282 1196 1350 δόγματα
1223 1275 1290 1328 τὰ
1319 1271 1512 1340 ἀληθῆ,
1535 1269 1603 1322 τὰ

47 1382 330 1452 συνέχοντα
351 1381 448 1449 τὴν
479 1379 620 1449 ζωὴν
643 1378 742 1446 τῆς
763 1376 959 1446 ψυχῆς.

118 1450 370 1532 Beiraqu
395 1464 758 1535 ἁμαρτωλῶν
788 1461 1077 1528 πονηρὸς,
1101 1475 1155 1510 κ.
1181 1474 1230 1508 τ.
1268 1455 1312 1506 ἐ.
1345 1450 1603 1522 Πονηρὸς,

45 1560 310 1622 ἐπίπονος,
339 1557 555 1628 πικρός.
583 1557 763 1608 Ἔοικε
791 1554 846 1606 δὲ
877 1552 1055 1619 λέγειν
1086 1548 1314 1601 θάνατον
1363 1542 1460 1613 τὴν
1511 1541 1604 1593 κό-

43 1649 196 1702 λασιν
217 1647 544 1720 χωρίζουσαν
569 1645 744 1716 ψυχὴν
771 1643 878 1696 ἀπὸ
903 1639 1120 1701 κακίας.

118 1826 480 1896 Λυτρὼσεται
556 1824 771 1890 Κύριος
841 1819 1046 1887 ψυχὰς
1111 1813 1346 1867 δούλων
1398 1809 1607 1872 αὑτοῦ,

1004 429 1315 486 SELECTA
1357 425 1422 480 IN
1455 421 1790 478 I‘S.\L‘.\lOS.
1837 415 2114 472 --PSAL.
2163 413 2401 472 XXXIV.

125 566 308 634 Ἐγγύς
341 564 553 632 Κύριος
578 558 701 623 τοῖς
737 555 1262 623 συντετριμμένοις
1305 549 1416 616 τὴν
1455 564 1592 614 καρ-

1771 543 1929 596 V'uns.
1984 541 2070 593 19.
2126 541 2300 591 Juxta
2353 541 2430 588 est
2477 531 2732 585 Dominus

1696 643 1814 686 sunt
1844 629 2022 696 corde,
2043 637 2089 680 et
2117 626 2337 680 humiles
2371 624 2560 692 spiritu
2592 619 2838 680 salvabit,
2867 624 2974 669 etc.
3006 609 3064 664 Si
3101 625 3120 658 ι
3158 619 3252 660 sa-

1695 723 1957 776 crificium
1996 739 2013 770 ι
2041 725 2123 772 est
2152 737 2170 768 (
2205 716 2429 770 Domino
2456 713 2673 782 spiritus
2702 703 3116 765 contribulatus,
3160 715 3178 748 ι
3207 703 3262 750 et

3117 397 3258 454 1510

2785 525 2851 579 iis
2890 521 2978 593 qui
3009 517 3260 572 tribulan

1701 831 1723 865 ι
1760 812 1824 866 iis
1857 810 1947 880 qui
1992 808 2245 863 tribulato
2307 811 2431 858 sunt
2487 803 2648 856 cnrde
2703 812 2868 870 prope
2923 801 3011 848 est
3078 786 3262 843 Domi-

1701 921 1799 959 nus
1828 904 1891 966 “,
1936 921 1954 955 ι
1983 901 2106 955 huic
2135 899 2324 966 utique
2359 893 2628 950 sacrilicio
2655 900 2710 946 et
2733 905 2839 944 non
2874 882 3034 940 alteri
3062 891 3262 948 appro-

1699 996 1889 1050 ximat.

1771 1085 1932 1140 Vens.
1965 1083 2054 1136 2|.
2102 1077 2344 1135 Custodit
2389 1075 2649 1129 Dominus
2679 1071 2856 1124 omnia
2883 1084 3002 1122 ossa
3029 1079 3208 1121 eorum
3243 1074 3264 1114 :

1704 1191 1862 1227 unum
1897 1190 1962 1226 ex
1989 1173 2069 1226 his
2097 1187 2200 1224 non
2227 1174 2544 1228 conteretur,
2583 1172 2690 1218 etc.
2733 1159 2870 1214 Ossa
2902 1160 3004 1212 hoc
3029 1157 3149 1210 loco
3185 1151 3267 1206 di-

1704 1266 1779 1319 cit
1806 1264 1996 1317 animae
2021 1263 2269 1325 virtutes,
2293 1257 2377 1312 vel
2402 1255 2652 1324 dogmata
2681 1265 2830 1318 vera,
2852 1249 3047 1320 quibus
3073 1244 3268 1299 anima:

1705 1356 1812 1410 vita
1843 1356 2176 1409 continetur.

1779 1447 1941 1500 Vens.
1971 1445 2062 1499 22.
2097 1444 2243 1498 Mors
2280 1447 2614 1512 peccatorum
2664 1432 2914 1504 pessima,
2944 1435 3051 1482 etc.
3091 1421 3269 1479 Pessi-

1709 1553 1826 1598 ma.
1860 1537 2070 1591 doloris
2119 1536 2297 1602 plena,
2343 1544 2550 1585 amara.
2585 1524 2774 1580 Mortis
2826 1527 3004 1573 autem
3051 1511 3273 1568 nomine

1707 1631 1924 1684 videtur
1956 1628 2227 1696 appellare
2265 1639 2456 1695 poenas
2497 1621 2697 1691 quibus
2744 1615 2924 1668 anima
2979 1625 3008 1664 a
3064 1603 3272 1659 malitia

1707 1719 2003 1774 divellitur.

1785 1809 2050 1864 Vens.25.
2077 1807 2309 1862 Redimet
2343 1805 2596 1860 Dominus
2624 1801 2828 1854 animus
2859 1811 3122 1852 servorum
3153 1805 3278 1846 suo-

43 1936 104 1973 κ.
130 1937 174 1972 τ.
211 1881 253 1972 ἐ..
277 1919 484 1988 Λύτρον
517 1881 801 1983 ἐστὶ-δόμα
839 1881 890 1962 τι
934 1881 1045 1970 τοῖς
1094 1904 1369 1972 πολεμίοις
1402 1901 1608 1970 διδόμε-

1745 1919 1853 1967 u-m,
1887 1909 1991 1957 etc.
2037 1897 2446 1969 Redemptionis
2477 1894 2712 1964 pretium
2737 1899 2822 1944 est
2874 1889 2924 1942 id
2975 1883 3119 1956 quod
3147 1881 3276 1936 victi

41 2027 136 2062 νον
163 2009 289 2081 πρὸς
315 2007 422 2060 τῶν
453 2004 808 2076 ἡττηθέντων,
838 2001 870 2070 ἦ
896 1998 1030 2070 πρὸς
1077 1995 1170 2048 τοῦ
1195 1993 1301 2046 τῶν
1342 1992 1603 2063 ἡττηθέν-

41 2121 152 2154 των
204 2098 588 2172 προνοουμένου
651 2095 745 2150 ἐπὶ
803 2089 1046 2161 σωτηρίᾳ
1105 2087 1199 2142 καὶ
1256 2085 1445 2155 ἀφέσει
1499 2083 1606 2135 τῶν

41 2189 600 2264 αἰχμαλωτισθέντων.

603 2417 896 2494 ΨΑΛΜοὲ
935 2437 1054 2490 ΛΔ’.

122 2586 396 2646 Δίκασον,
429 2579 624 2645 Κύριε,
656 2575 799 2638 τοὺς
845 2566 1202 2631 ἀδικοῦντάς
1234 2581 1324 2632 με,
1356 2561 1616 2632 πολέμη-

39 2691 169 2730 σον
198 2671 332 2736 τοὺς
357 2663 770 2736 πολεμοῦντάς
791 2677 890 2731 με,
936 2676 992 2711 κ.
1035 2673 1086 2709 τ.
1114 2657 1160 2709 ἐ.
1196 2653 1386 2716 Εἰδὼς,
1414 2653 1496 2704 ὅτι
1536 2651 1611 2720 (1)

40 2767 160 2820 τῶν
190 2762 554 2833 ἀδικησάντων
583 2757 742 2812 αὐτὸν
780 2751 1038 2805 Ἰουδαίων
1070 2744 1492 2818 παραπτώματι,
1525 2744 1616 2796 καὶ

43 2855 472 2927 πολεμησάντων
518 2849 680 2903 αὐτὸν
725 2839 1070 2916 Ἰσραηλιτῶν
1125 2837 1478 2908 ἁμαρτήματι
1524 2851 1622 2887 σω-

39 2925 213 3019 τηρία
247 2925 394 2998 ἔσται
431 2945 542 3005 τοῖς
572 2939 801 2996 ἔθνεσιν,
863 2933 996 3002 ὑπὲρ
1037 2929 1146 2983 τῶν
1187 2927 1352 2981 ἐθνῶν
1395 2925 1620 2995 δυνάμει

53 3016 296 3111 εὓχεται,
329 3035 418 3088 διὰ
449 3033 510 3086 τὸ
556 3029 794 3091 ἐκείνους
828 3022 1146 3092 δικασθῆναι
1182 3021 1274 3073 καὶ
1308 3016 1618 3088 πολεμηθῆ-

40 3110 161 3186 ναι.
199 3129 349 3200 Τάχα
373 3127 429 3179 δέ
464 3125 558 3179 καὶ
591 3123 666 3184 ὡς
695 3119 832 3191 πρὸς
862 3117 962 3187 τὴν
996 3114 1175 3185 κρίσιν
1206 3111 1548 3179 κουφίζονται
1576 3110 1623 3161 οἰ

43 3198 286 3276 ἐνταῦθα
333 3213 676 3274 δικασθέντες
715 3210 808 3263 καί
848 3204 1264 3275 πολεμηθέντες.
1320 3200 1528 3262 Πάντες
1570 3198 1625 3251 δέ

39 3318 102 3368 οἱ
149 3311 458 3372 ἀδικοῦντες
502 3303 744 3359 ἀδικοῦσι
797 3298 1050 3369 Χριστὸν,
1101 3296 1200 3366 τὴν
1240 3291 1582 3361 δικαιοσύνην
1609 3307 1624 3321 ο

45 3407 152 3460 καὶ
183 3407 231 3456 οἱ
259 3401 332 3473 μὴ
367 3400 578 3471 ἔχοντες
610 3397 666 3448 ἐν
688 3394 900 3447 ἑαυτοῖς
931 3389 1152 3460 εἰρήνην
1176 3385 1444 3455 πολέμους
1478 3383 1628 3453 ἔχου-

45 3517 130 3561 σι,
160 3495 254 3550 καὶ
278 3491 569 3561 πολεμοῦσι
610 3485 864 3558 Χριστὸν,
913 3483 970 3545 ὅς
1017 3482 1163 3533 ἐστιν
1224 3479 1413 3550 εἰρήνη
1449 3477 1626 3548 ήμῶν.

40 3590 300 3654 Δικὰζων
321 3589 376 3640 δὲ
397 3590 424 3640 ό
450 3583 655 3654 Κύριος
683 3581 808 3643 τοὺς
842 3577 1188 3638 ἀδικοῦντας,
1224 3572 1322 3642 τὴν
1358 3571 1414 3624 ἐν
1448 3571 1632 3632 αὐτοῖς

39 3681 272 3736 ἀδικίαν
295 3677 606 3731 ἀπόλλυσιν.
632 3671 788 3724 Οὕτω
820 3669 876 3722 δὲ
907 3665 1004 3719 καὶ
1037 3664 1265 3734 πολεμεῖ
1301 3663 1426 3726 τοὺς
1475 3662 1633 3714 πολε-

44 3775 296 3848 μοῦντας
323 3771 414 3824 τὸν
441 3769 670 3828 δίκαιον,
695 3766 784 3817 ἐπ’
815 3758 1006 3830 ἀγαθῷ
1038 3757 1146 3811 τῶν
1189 3756 1425 3827 πολεμου
1435 3755 1630 3826 μένων,

37 3866 214 3921 τοῦτο
245 3862 432 3926 ποιῶν,
461 3861 536 3922 ὡς
570 3859 634 3912 ἂν
672 3853 968 3909 παύσαιντό
993 3867 1120 3904 ποτε
1151 3849 1218 3902 τὰ
1263 3847 1434 3919 ἐχθρὰ
1459 3849 1526 3916 τῇ
1553 3845 1633 3897 δι-

39 3956 324 4028 καιοσύνῃ
355 3953 706 4024 πράττοντες.

123 4057 248 4113 Τοῦ
281 4052 487 4109 αὐτοῦ.
515 4049 680 4103 Οὐδὲν
717 4045 888 4108 οὕτως
913 4043 988 4114 (2)
1030 4042 1343 4097 ἀνθίσταται
1373 4040 1485 4102 τοῖς
1525 4036 1638 4090 δαί-

41 4166 220 4224 μοσιν
247 4147 323 4210 ὡς
353 4141 663 4210 δικαιοσύνη
699 4138 793 4190 καί
817 4135 1037 4206 γνῶσις.

135 4231 470 4292 Ἐπιλαϐοῦ
496 4231 687 4284 ὅπλου
719 4225 816 4278 καὶ
840 4221 1076 4291 θυρεοῦ,
1110 4220 1206 4274 καὶ
1246 4215 1536 4282 ἀνάστηθι
1553 4215 1638 4278 εὶς

1713 1991 1798 2047 vel
1823 1992 1912 2062 qui
1939 1990 2092 2044 victis
2117 1997 2374 2058 praesunt,
2415 1988 2546 2041 dant
2577 1984 2876 2039 victoribus
2903 1976 3151 2033 hostibus
3179 1985 3278 2042 pro

1714 2087 1893 2143 salute
1923 2093 1979 2138 et
2001 2083 2253 2138 libertate
2280 2079 2641 2150 captivorum.

2196 2417 2516 2476 PSALMUS
2554 2413 2792 2471 XXXIV.

1786 2562 1952 2617 Vens.
1999 2561 2049 2614 l.
2092 2557 2310 2620 Judica,
2344 2553 2584 2612 Domine,
2617 2557 2855 2602 nocentes
2895 2559 2995 2607 me,
3044 2551 3281 2604 expugna

1721 2637 2110 2724 impugnantes'
2135 2665 2239 2713 me,
2266 2657 2372 2701 etc.
2405 2645 2595 2697 Sciens
2623 2639 2959 2696 Iudaeorum,
2993 2632 3084 2698 qui
3132 2628 3279 2681 illum

1723 2747 1920 2814 injuria
1985 2740 2326 2802 affecerunt,
2391 2727 2565 2802 lapsu,
2616 2742 2674 2784 et
2727 2725 3134 2784 Israelitarnm,
3192 2716 3284 2785 qui

1727 2841 1900 2908 ipsum
1952 2835 2359 2902 impugnarunt,
2389 2833 2631 2895 peccato,
2664 2820 2891 2874 salutem
2954 2813 3067 2865 fore
3115 2807 3292 2878 genti-

1729 2905 1850 2994 bus,
1882 2943 1979 2998 pro
2005 2923 2258 2996 gentibus
2301 2919 2461 2974 enixe
2509 2923 2656 2976 orat,
2689 2920 2746 2964 ut
2778 2908 2854 2962 illi
2899 2905 3210 2973 judicentur
3235 2905 3291 2952 et

1725 3027 2121 3091 expugnentur.
2168 3013 2333 3068 Forte
2379 3022 2512 3062 vero
2562 3002 2717 3074 quasi
2773 2999 2840 3052 ad
2879 2995 3142 3064 judicium
3174 2989 3288 3043 eri-

1728 3121 1952 3184 guntur,
1985 3109 2076 3176 qui
2111 3105 2200 3160 hic
2240 3101 2571 3171 judicautur,
2600 3104 2652 3150 et
2685 3097 3085 3158 expugnantur.
3120 3081 3294 3135 Porro

1725 3215 1916 3257 omnes
1953 3197 2124 3267 iniqui
2156 3193 2396 3256 Christo,
2430 3188 2519 3258 qui
2549 3183 2756 3256 jnstitia
2797 3191 2900 3244 est,
2932 3175 3181 3245 iujuriam
3209 3168 3294 3224 fa-

1726 3297 1902 3356 ciunt,
1953 3301 2010 3347 et
2059 3288 2148 3358 qui
2202 3301 2306 3339 non
2357 3281 2558 3338 habent
2613 3275 2664 3330 in
2721 3268 3030 3337 semetipsis
3079 3275 3292 3334 pacem,

1727 3385 1870 3442 bella
1921 3391 2138 3453 gerunt,
2191 3387 2244 3431 et
2271 3373 2543 3430 Christum
2581 3371 2917 3436 Oppugnant,
2945 3357 3036 3426 qui
3071 3369 3175 3424 pax
3202 3367 3298 3405 no-

1729 3486 1842 3532 stra
1897 3484 2000 3530 est.
2067 3469 2332 3525 Dominus
2391 3470 2614 3523 autem,
2679 3458 2806 3510 dum
2866 3451 3081 3517 iniquos
3148 3442 3295 3513 judi—

1731 3576 1836 3631 cat,
1889 3563 2230 3632 iniquitatem
2279 3571 2400 3628 quas
2451 3555 2504 3608 in
2559 3549 2692 3619 ipsis
2743 3553 2851 3608 est,
2907 3537 3106 3610 perdit.
3155 3532 3296 3601 Quin

1731 3667 1787 3713 et
1843 3658 1946 3710 hoc
1999 3654 2160 3707 modo
2217 3654 2488 3719 expugnat
2535 3657 2664 3704 eos,
2719 3635 2810 3707 qui
2860 3633 3068 3703 justum
3121 3638 3298 3695 oppu-

1733 3757 1894 3820 gnant
1925 3789 1941 3812 ,
1996 3746 2064 3800 ad
2115 3745 2315 3798 bonum
2359 3751 2550 3793 eorum
2597 3730 2687 3801 qui
2735 3729 3156 3795 expugnantur,
3199 3715 3300 3769 hoc

1735 3841 1968 3902 faciens,
2004 3845 2062 3891 ut
2091 3851 2150 3890 ea
2187 3847 2306 3902 qum
2335 3831 2694 3884 adversantur
2723 3816 2968 3890 justitize,
3002 3810 3185 3866 facere
3209 3803 3306 3861 de-

1737 3933 1940 3987 sinant.

1813 4021 2091 4091 Ejusdem.
2141 4015 2286 4070 Nihil
2315 4025 2467 4082 mque
2514 4003 2850 4062 daemonibus
2877 3995 3102 4056 resistit,
3131 4005 3193 4044 ac
3219 3987 3305 4058 ju-

1739 4114 1889 4168 stitia
1913 4121 1969 4165 et
1996 4107 2248 4164 scicntia.

1812 4204 1982 4259 Vens.
2009 4201 2065 4254 2.
2109 4191 2450 4266 Apprehende
2486 4204 2636 4243 arma
2667 4194 2716 4239 et
2745 4191 2970 4246 scutum,
3004 4184 3052 4232 et
3088 4182 3311 4238 exsurge

1742 4295 1800 4348 in
1850 4290 2176 4361 adjutorium
2227 4283 2375 4344 mihi,
2437 4290 2543 4333 etc.
2603 4294 2622 4327 ι
2679 4270 2924 4339 Accipiet
2975 4269 3310 4320 armaturam

1749 4349 2122 4457 650'zelum
2157 4376 2384 4437 illius,et
2414 4367 2648 4424 armabit
2691 4370 2996 4417 creaturam
3045 4354 3111 4406 ad
3159 4349 3315 4403 ultio-

1751 4491 1871 4530 nem
1916 4471 2282 4527 inimicorum.
2308 4463 2502 4516 lnduet
2545 4471 2644 4525 pro
2692 4455 2915 4508 thorace
2941 4443 3227 4516 justitiam,
3259 4445 3316 4490 et

29 4327 352 4398 ,ϐοήθειάν
375 4341 474 4394 μοι
495 4362 510 4382 ,
539 4337 594 4372 κ.
628 4336 678 4373 τ.
709 4320 752 4370 ἐ.
787 4335 806 4368 ι
835 4315 1078 4386 Λήψεται
1107 4308 1407 4364 πανοπλίαν
1442 4307 1516 4375 (3)
1547 4305 1636 4357 τὸν
1669 4331 1712 4386 D

39 4421 224 4491 ζῆλον
253 4415 441 4478 αὐτοῦ,
479 4410 572 4464 καὶ
594 4407 942 4476 ὁπλοποιήσει
976 4403 1073 4474 τὴν
1099 4399 1274 4454 κτίσιν
1317 4399 1396 4461 εἰς
1430 4397 1638 4466 ἄμυναν

33 4510 166 4564 τῶν
196 4505 430 4577 ἐχθρῶν.
450 4499 753 4554 Ἐνδύσεται
780 4495 1001 4567 θώρακα
1031 4490 1396 4558 δικαιοσύνην,
1422 4489 1516 4540 καὶ
1544 4503 1644 4538 πε-

37 4576 350 4671 ριθήσεται
375 4590 579 4662 κόρυθα
607 4588 784 4658 κρίσιν
803 4584 1164 4655 ἀνυπόκριτον
1184 4599 1196 4611 ·
1220 4579 1440 4650 λήψεται
1481 4576 1642 4630 ἀσπί-

29 4664 110 4745 δα
143 4664 583 4753 ἀκαταμάχητον
608 4676 863 4746 ὁσιότητα
885 4691 898 4703 ³
938 4671 1115 4736 όξυνεῖ
1147 4669 1203 4722 δὲ
1248 4667 1522 4734 ἀπότομον
1560 4664 1645 4732 ὀρ-

31 4780 158 4850 γὴν
192 4779 278 4837 εἰς
313 4751 601 4844 ῥομφαίαν.
635 4787 653 4816 ι
685 4765 903 4833 Τούτων
937 4761 1096 4833 χρείᾳ
1133 4757 1328 4828 φησίνο
1370 4773 1388 4805 ι
1427 4751 1646 4806 Ἐπιλα-

31 4867 152 4924 6οὖ
181 4864 358 4919 ὅπλου
387 4861 483 4914 καί
510 4855 725 4930 θυρεοῦ.
765 4875 784 4907 ι
822 4855 1034 4923 Ὥσπερ
1063 4850 1120 4902 δὲ
1151 4847 1544 4916 συγκόπτουσιν
1597 4843 1645 4894 οἱ

29 4962 272 5016 δίκαιοι
299 4950 670 5014 τελειωθέντες
720 4947 820 5010 τὰς
866 4943 1138 5017 μαχαίρας
1168 4942 1248 5002 εἰς
1294 4937 1521 5010 ἄροτρα,
1554 4931 1648 4985 καὶ

29 5053 158 5115 τὰς
183 5047 415 5115 ζιϐύνας
440 5042 616 5098 αὐτῶν
641 5041 720 5103 εἰς
747 5038 1018 5109 δρέπανα’
1061 5033 1202 5087 οὕτω
1249 5029 1386 5100 μετά
1431 5026 1528 5088 τὰς
1560 5040 1652 5075 κο-

27 5143 258 5203 λάσεις
296 5133 651 5208 μεταποιήσει
677 5129 773 5200 τὴν
811 5127 1004 5181 ἐαυτοῦ
1029 5121 1328 5178 πανοπλίαν
1351 5121 1378 5170 ό
1403 5117 1534 5178 Θεὸς
1561 5115 1651 5166 τὸν

35 5235 238 5306 ζῆλον
265 5229 430 5284 αὑτοῦ
458 5230 536 5290 εἰς
569 5221 820 5297 εἰρηνικά
847 5219 1140 5288 ἐνδύματα,
1165 5214 1260 5266 καὶ
1305 5211 1395 5263 τὸν
1430 5208 1654 5278 θώρακα

35 5301 140 5392 εἰς
175 5325 398 5395 ποδήρη
430 5321 523 5374 καὶ
555 5320 762 5387 λόγιον,
815 5313 913 5383 τὴν
943 5311 999 5362 δὲ
1056 5306 1260 5378 κόρυθα
1318 5304 1398 5366 είς
1444 5301 1656 5368 κίδαριν

37 5425 94 5478 ῑε
110 5388 396 5490 panni-iv,-
417 5413 514 5483 τὴν
537 5411 592 5464 δὲ
619 5406 916 5477 ἀσφάλειαν
944 5403 1024 5464 εἰς
1049 5400 1147 5466 τὴν
1182 5401 1239 5451 ἐν
1288 5396 1482 5466 εἰρήνῃ
1522 5388 1658 5444 ὁσιό-

1752 4565 1983 4634 accipiet
2022 4575 2119 4631 pro
2145 4558 2294 4629 galea
2327 4551 2590 4621 judicium
2625 4555 2858 4602 certum,
2893 4545 3073 4593 sumet
3104 4541 3315 4587 scutum

1751 4651 2177 4723 inexpugnabile
2205 4643 2539 4712 aequitatem,
2569 4641 2730 4688 acuet
2755 4639 2937 4683 autem
2969 4627 3154 4680 duram
3181 4621 3316 4672 iram

1848 4708 2090 4798 lancisam
2116 4729 2215 4792 ’⁸η
2245 4708 2537 4802 [ίτοριει-οιι
2621 4723 2753 4781 dicit
2829 4737 2843 4774 :
2887 4737 2906 4770 ι
2963 4708 3320 4784 Apprehende

1755 4852 1906 4892 arma
1961 4843 2014 4888 et
2067 4841 2301 4886 scutum.
2363 4842 2381 4874 ›
2434 4812 2897 4885 Quemadmodum
2933 4815 3116 4862 autem
3153 4799 3321 4869 justi,

1756 4943 1878 4982 cum
1911 4925 2025 4992 jam
2063 4917 2287 4991 perfecti
2323 4910 2547 4971 fuerint,
2601 4903 2839 4959 conflant
2888 4898 3092 4970 gladios
3143 4895 3196 4947 in
3231 4903 3324 4942 vo-

1757 5034 1956 5082 meres,
1992 5023 2047 5071 et
2091 5015 2306 5067 lanceas
2347 5020 2473 5062 suas
2518 5003 2571 5054 in
2616 4997 2780 5053 falces
2809 4998 2852 5030 ³⁸
2885 4995 3004 5050 :sic
3045 4994 3170 5056 post
3199 4997 3325 5050 sup-

1758 5110 1944 5180 plicia,
1965 5113 2247 5162 convertet
2273 5111 2606 5156 armaturam
2633 5111 2782 5153 suam
2809 5091 2949 5144 Deus
2977 5083 3151 5139 zelum
3167 5087 3326 5130 suum

1763 5203 1814 5255 in
1849 5201 2074 5271 pacilica
2116 5197 2452 5260 indumenta,
2483 5203 2537 5248 et
2570 5193 2846 5246 thoracem
2885 5183 2936 5235 in
2973 5175 3226 5248 poderem
3259 5181 3322 5219 ac

1769 5289 2056 5350 rationale,
2092 5286 2301 5354 galeam
2333 5299 2460 5337 vero
2499 5282 2550 5334 in
2581 5281 2774 5332 tiaram
2825 5261 3234 5326 sacerdotalem,
3275 5262 3328 5306 ct

1769 5381 2168 5437 numitnentum
2224 5377 2276 5429 in
2327 5375 2474 5446 pacis
2513 5371 2846 5442 tequitatem,
2881 5371 3038 5428 atque
3087 5352 3223 5408 iram
3274 5345 3329 5398 in

135 5606 190 5637 ι*
229 5599 378 5656 Psal.
409 5615 459 5664 ι..
499 5597 588 5653 19.
666 5593 712 5624 ⁵⁵
741 5592 868 5662 Sap.
913 5587 1083 5656 v,18.
1160 5582 1204 5612 "
1253 5579 1356 5634 lsa-
1400 5591 1460 5642 ιι,
1489 5575 1544 5630 4-

1761 5761 1842 5816 dm
1868 5753 2082 5818 Grahii,
2110 5761 2164 5806 et
2193 5749 2394 5805 Catena
2425 5737 2665 5818 Barbari.

135 5793 232 5858 (ἰ)
269 5788 478 5852 Εἰδὼς,
512 5785 620 5858 ὅτι,
653 5793 756 5839 etc.
799 5781 998 5858 Catena
1031 5773 1305 5858 corderii.
1563 5838 1573 5858 Ι

1761 5773 1842 5816 (Ῑξῐὶ
1868 5773 2082 5818 “Tali”,
2110 5773 2164 5806 Cl.
2193 5773 2394 5805 halUIlil
2426 5773 2665 5798 Diuuuu.

1840 5829 1914 5858 [tu
1963 5824 2214 5858 Δύμη-τη.
2254 5813 2613 5858 πανοπλίαν.
2643 5817 2748 5858 etc.
2789 5801 2992 5858 Catena
3016 5789 3254 5854 Cordet'ii

1839 5793 2614 5893 (siXijds¥aiiééibiuan
2643 5817 2748 5862 etc.
2789 5801 2992 5859 Catena
3016 5793 3281 5854 Cordorii.

145 5838 240 5920 22’)
267 5838 690 5916 Οὺδὲἶοῧτῶςέ,
719 5863 823 5908 etc.
879 5849 1058 5904 Uodex
1089 5843 1467 5902 Coislinianus,
1498 5838 1658 5894 sche-
