3986 6384
167 193 295 250 1313

1148 191 1455 249 8Ε1.ΕΟΤΑ
1489 191 1553 247 ΙΝ
1589 190 1932 249 ΡδΛωίΟδ.
1969 222 2042 233 -
2073 193 2270 250 PSAL.
2304 194 2521 252 XXXV.

3261 202 3399 259 1314

164 312 327 367 mia.
367 328 388 366 ι
444 312 554 367 Καὶ
584 314 617 385 ἠ
653 314 927 385 προσευχὴ
982 331 1082 385 μου
1118 316 1198 377 εἰς
1225 314 1426 368 κόλπον
1458 331 1558 384 μου
1591 279 1728 368 ἀιιποἐ

1844 314 2010 369 oratio
2033 330 2151 370 mea
2185 317 2238 371 in
2271 319 2391 372 sinu
2429 332 2549 375 meo
2587 327 2957 378 convertatur.
3009 340 3030 376 ι
3064 322 3255 379 Sinam
3290 326 3398 381 hoc

164 407 549 479 στραφήσεται.
583 424 601 458 ι
634 406 849 459 Κόλπον
880 405 975 459 νῦν
1012 406 1104 459 τὸν
1143 406 1266 459 νοῦν
1298 404 1573 476 ὀνομάζει.

239 497 600 565 Ἐπείρασάν
614 514 712 567 με,
740 498 991 568 ἑξεμυκτ
1002 497 1220 566 ήρισὰν
1228 515 1302 566 με
1315 496 1727 567 μυκτηρισμῷ,

161 606 213 644 κ.
246 605 294 642 τ.
328 591 374 641 ἑ.
420 590 591 642 Ἐλεῖν
629 591 691 642 οὐ
726 589 1046 659 δυνηθέντες
1078 590 1190 659 (13)
1225 589 1293 642 δι’
1331 583 1405 642 ὧν
1431 588 1728 659 ἐπειράθη-

162 695 276 743 σαν,
301 676 466 750 χλεύη
506 678 638 747 γοῦν
671 679 1084 751 παρεμυθοῦντο
1118 679 1254 750 πρὸς
1279 679 1401 749 ἐμὲ,
1448 680 1541 730 καὶ
1573 679 1728 749 δίκην

160 770 335 842 θηρῶν
366 770 573 841 ἀγρίων
596 770 723 833 τοὺς
750 771 987 834 ὀδόντας,
1022 772 1116 823 καὶ
1140 770 1238 839 τὴν
1268 769 1489 841 ὀργίλην
1518 770 1612 821 καὶ
1638 768 1730 820 θυ-

165 862 399 933 μωτικὴν
429 861 609 914 αὐτῶν
650 861 878 931 δύναμιν
922 862 1006 912 ἐπ’
1042 860 1141 930 ἐμὲ
1185 858 1442 930 ἔϐρυξαν·
1482 875 1727 928 καταφα-

160 954 273 1020 γεῖν
307 968 373 1023 με
400 951 508 1024 γὰρ
534 951 799 1015 θέλοντες,
831 950 1124 1019 ἀπέτυχον.

227 1131 320 1200 Μὴ
352 1130 784 1201 ἐπιχαρείησάν
818 1147 919 1199 μοι
957 1132 1010 1183 ol
1039 1126 1455 1197 ἐχθραίνοντές
1483 1142 1584 1194 μοι
1618 1141 1732 1193 μα-

162 1224 351 1289 ταίως,
379 1241 432 1275 κ.
465 1241 516 1275 τ.
555 1225 600 1275 ὲ.
639 1222 728 1293 Τῷ
760 1222 953 1290 δικαίῳ
994 1222 1104 1291 (14)
1137 1220 1225 1273 διὰ
1255 1219 1353 1290 τὴν
1386 1218 1729 1288 δικαιοσύνην

159 1314 548 1385 ἐχθραίνοντες,
580 1313 782 1376 ἀδίκως
807 1312 1169 1384 ὲχθραίνουσι.

231 1408 356 1460 Ὅτι
384 1406 515 1476 ἐμοὶ
549 1406 667 1475 μὲν
695 1406 961 1473 εἰρηνικὰ
1002 1404 1285 1466 ἐλάλουν,
1325 1402 1421 1455 καὶ
1459 1402 1552 1455 ἐπ’
1582 1400 1729 1470 ὀργῆ

161 1500 380 1565 δόλους
407 1498 819 1568 διελογίζοντο,
852 1516 907 1552 κ.
934 1515 985 1551 τ.
1013 1500 1060 1550 ὲ.
1086 1516 1105 1549 ι
1134 1495 1361 1550 Ἔσεσθε
1398 1514 1417 1547 ι
1451 1494 1560 1566 γὰρ
1593 1494 1727 1564 (15),

161 1591 342 1661 φησιν,
379 1608 398 1641 ι
440 1591 515 1653 ὡς
545 1590 679 1653 θεοὶ,
708 1589 1065 1659 γινώσκοντες
1100 1589 1260 1643 καλὸν
1289 1588 1383 1642 καὶ
1413 1588 1666 1660 πονηρόνθ
1701 1606 1721 1640 ι

159 1682 431 1753 εἰρηνικὸς
459 1682 565 1754 γὰρ
597 1677 750 1745 οὗτος
778 1685 806 1736 ὁ
834 1682 1012 1751 λόγος.

226 1861 391 1930 Μηδὲ
417 1863 723 1917 εἶποισανο
754 1864 1123 1931 Κατεπίομεν
1147 1862 1352 1925 αὑτὸν,
1382 1880 1435 1914 κ.
1462 1878 1512 1914 τ.
1543 1862 1588 1914 ὲ.
1617 1861 1728 1915 Καὶ

153 1955 185 2007 ὁ
218 1951 424 2015 nam;
458 1969 588 2025 φησι
623 1953 732 2022 (16)
768 1953 896 2023 περ).
924 1952 1016 2004 τοῦ
1050 1953 1106 2004 ὲν
1143 1950 1390 2022 Κορίνθῳ
1430 1967 1728 2021 πεπορνευ-

156 2044 338 2108 κότος·
380 2064 398 2096 ι
449 2046 673 2116 Μήποτε
719 2048 785 2117 τῇ
819 2044 1182 2115 περισσοτέρᾳ
1210 2042 1356 2116 λύπῃ
1393 2042 1670 2113 καταποθῇ
1701 2044 1730 2096 ό

152 2135 411 2199 τοιοῦτος.
456 2156 475 2188 s

242 2225 752 2280 Ἐνδυσάσθωσαν
813 2227 1115 2295 αἰσχύνην
1171 2224 1271 2279 καὶ
1328 2224 1628 2294 ἐντροπὴν
1675 2228 1729 2279 οι

150 2318 824 2389 μεγαλορῤημονοῦντες
849 2318 942 2369 ἐπ’
986 2317 1110 2386 ἐμὲ,
1151 2335 1205 2370 κ.
1240 2335 1292 2370 τ.
1333 2318 1378 2369 ὲ.
1413 2319 1475 2370 0t
1520 2318 1617 2387 μὲν
1651 2319 1729 2380 εἰς

154 2410 247 2463 τὸν
276 2408 506 2478 Χριστὸν
552 2408 664 2477 (I7)
703 2406 1087 2477 βαπτιζόμενοι
1133 2407 1225 2460 τὸν
1252 2407 1486 2477 Χριστὸν
1518 2405 1728 2459 ἐνδύον-

152 2518 267 2563 ται,
302 2499 546 2551 τουτέστι
579 2498 927 2567 δικαιοσύνην
965 2498 1059 2551 καὶ
1088 2497 1313 2565 σοφίανο
1355 2499 1403 2549 οἱ
1439 2495 1495 2549 δὲ
1535 2499 1614 2558 εἰς
1640 2495 1730 2547 τὸν

155 2593 400 2646 Σατανᾶν
426 2588 808 2661 βαπτιζόμενοι
836 2588 1096 2659 αἰσχύνην
1121 2586 1392 2641 ἐνδύονται
1424 2586 1517 2640 καὶ
1546 2586 1731 2655 ἐντρο-

153 2687 286 2758 «sv.

228 2776 340 2830 Καὶ
374 2775 719 2833 εἰπάτωσαν
770 2772 869 2827 διὰ
914 2773 1175 2837 παντός·
1214 2766 1657 2841 Μεγιαλυνθήτω
1697 2769 1732 2819 ὀ

153 2868 394 2935 Κύριος,
425 2870 478 2920 οι
509 2866 788 2933 θέλοντες
825 2864 941 2933 τὴν
965 2864 1213 2932 εἰρήνην
1238 2862 1343 2916 τοῦ
1376 2861 1598 2915 δούλου
1628 2859 1734 2911 αὐ·

152 2959 285 3022 τοῦ,
314 2977 367 3013 κ.
397 2976 447 3013 τ.
477 2962 522 3013 ἐ.
568 2960 837 3029 Ἀγγέλων
871 2958 969 3028 μὲν
997 2956 1105 3028 (18)
1135 2956 1196 3009 τὸ
1220 2955 1308 3009 διὰ
1334 2953 1532 3015 παντὸς
1564 2966 1732 3021 μεγα-

1763 1678 1805 1733 B
1834 1684 2031 1738 bonum

1831 403 1950 457 loco
1974 417 2212 459 mentem
2254 417 2432 463 vocat.

1901 496 2066 550 Vens.
2121 497 2209 550 t6.
2254 498 2605 554 Tentaverunt
2652 517 2755 567 me,
2802 506 3262 559 subsannauerunt
3316 523 3396 561 me

1828 589 2259 651 subsannatione,
2298 601 2405 646 etc.
2456 592 2589 646 Cum
2629 608 2714 649 me
2776 609 2969 664 capere
3021 612 3127 652 non
3179 606 3397 666 possent

1831 694 1927 748 per
1970 694 2033 733 ca
2080 695 2198 748 qua:
2245 683 2723 751 machinabantur,
2766 688 3056 757 opprobria
3105 690 3393 743 adversum

1832 788 1916 826 me
1942 775 2344 839 cxcogitaruul,
2375 784 2430 827 et
2456 790 2607 829 more
2640 775 2874 831 ferarum
2901 779 3397 842 silvestrium,den-

1832 874 1913 917 tes
1944 872 1998 918 et
2046 864 2376 919 irascibilem
2409 879 2475 920 ac
2523 865 2868 922 furibuudatn
2903 872 3006 923 vim
3037 884 3188 924 suam
3226 871 3277 924 in
3309 884 3395 924 me

1832 952 2118 1008 fremendo
2151 955 2419 1009 acuebant
2458 973 2474 1022 ;
2562 956 2833 1025 siquidem
2869 960 3136 1014 devorare
3165 976 3251 1016 me
3296 976 3393 1014 vo-

1833 1042 2030 1105 lentes,
2063 1045 2303 1098 frustrati
2338 1054 2483 1099 sunt.

1902 1135 2064 1189 Vens.
2101 1137 2187 1191 l9.
2221 1138 2345 1190 Non
2372 1138 2797 1207 supergandeant
2824 1138 2953 1191 mihi
2989 1139 3077 1206 qui
3104 1141 3394 1194 adversan-

1830 1239 1915 1281 tur
1941 1228 2067 1281 mihi
2111 1229 2306 1298 inique,
2359 1239 2466 1283 etc.
2517 1229 2617 1295 Qui
2664 1230 2811 1298 justo
2845 1240 3065 1298 prapter
3112 1230 3379 1298 justitiam

1831 1320 2211 1383 adversantur,
2243 1319 2442 1389 injuste
2473 1320 2853 1373 adversantur.

1902 1409 2067 1465 Vens.
2102 1410 2191 1463 20.
2228 1409 2492 1475 Quoniam
2535 1412 2666 1465 mihi
2694 1413 2905 1480 quidem
2946 1412 3165 1482 paciﬁce
3209 1412 3407 1483 loque-.

1831 1506 2066 1568 bantur,
2124 1513 2173 1557 et
2230 1504 2287 1557 in
2341 1505 2620 1557 iracundia
2673 1504 2827 1557 dolos
2872 1506 3217 1575 cogitabant,
3282 1516 3391 1560 etc.

1837 1613 1855 1647 ι
1933 1594 2133 1649 Eritiss
2164 1594 2307 1648 enim
2341 1637 2355 1660 ,
2417 1595 2592 1664 inquit
2639 1594 2756 1658 ⁸⁸,ι
2787 1595 2928 1650 sicut
2977 1596 3047 1648 dii
3080 1635 3097 1659 ,
3160 1596 3393 1650 scientes

2092 1694 2149 1740 et
2219 1684 2440 1739 malum.
2513 1702 2533 1737 ι
2590 1682 2865 1738 Paciﬁcas
2924 1685 3067 1739 enim
3122 1695 3240 1740 erat
3305 1686 3393 1739 hic

1827 1788 2027 1830 sermo.

1901 1866 2065 1920 Vens.
2111 1865 2203 1920 25.
2242 1865 2353 1920 Nec
2396 1867 2626 1919 dicant:
2675 1864 3048 1920 Devorarimus
3093 1882 3229 1929 eum,
3288 1873 3396 1923 etc.

1828 1957 2034 2013 Paulus
2081 1957 2246 2011 etiam
2296 1959 2364 2011 de
2416 1959 2624 2011 incesto
2681 1956 2964 2011 Corinthio
3003 1956 3080 2010 ait
3112 1956 3154 1988 "
3188 1976 3201 2009 :
3238 1973 3257 2007 ι
3317 1957 3395 2011 Ne

1831 2049 1968 2104 forte
2012 2047 2395 2102 abundantiori
2441 2048 2663 2102 tristitia
2714 2047 3076 2103 absorbeatur
3112 2047 3203 2116 qui
3251 2045 3397 2114 ejus-

1832 2139 1974 2193 modi
2005 2151 2108 2192 est.
2153 2155 2173 2189 ι

1901 2227 2065 2282 Vsus.
2100 2226 2190 2281 26.
2228 2226 2535 2280 lnduamur
2570 2227 2881 2294 confusione
2907 2235 2954 2278 et
2992 2233 3276 2279 reuerentia
3303 2225 3391 2293 qui

1829 2334 2021 2388 magna
2067 2319 2356 2388 loquuntur
2399 2335 2556 2387 super
2602 2334 2704 2382 me,
2738 2327 2843 2372 etc.
2881 2316 2983 2383 Qui
3028 2318 3081 2369 in
3111 2317 3389 2370 Christum

1830 2407 2208 2477 baptizantur,
2242 2408 2521 2461 Christum
2569 2408 2817 2469 induunt,
2861 2407 2966 2461 hoc
2998 2416 3082 2460 est
3128 2406 3397 2474 justitiam

1829 2506 1884 2549 et
1916 2497 2273 2565 sapientiam;
2304 2496 2395 2563 qui
2430 2505 2607 2549 autem
2643 2495 2696 2548 in
2732 2493 2994 2548 Satanam
3029 2496 3397 2563 baptizantur,

1830 2587 2151 2644 confusione
2186 2588 2479 2642 induuntur
2506 2595 2561 2641 et
2595 2585 2930 2640 reverentia.

1903 2772 2069 2826 Vens.
2096 2769 2189 2824 27.
2244 2765 2310 2820 Ει
2342 2778 2520 2821 atcant
2565 2782 2788 2835 semper,
2823 2765 3193 2835 Magni/icetur
3224 2760 3401 2816 Domi-

1831 2879 1951 2928 nus,
1986 2863 2077 2931 qui
2102 2854 2278 2914 volunt
2310 2875 2489 2926 pacem
2535 2859 2669 2911 servi
2691 2857 2828 2925 ejus,
2864 2865 2969 2910 etc.
3001 2855 3198 2924 Angeli
3254 2869 3399 2907 sem-

1831 2968 1950 3022 per,
1986 2951 2233 3006 homines
2289 2964 2396 3003 non
2430 2963 2672 3014 semper;
2708 2947 2985 3000 daunones
3014 2959 3116 2999 nec
3162 2958 3397 3012 semper,

154 3016 337 3105 λύνειν
365 3052 455 3105 τὸν
482 3016 716 3123 Κύριον·
759 3016 1061 3121 metu...»
1088 3016 1156 3101 ’δὲ
1186 3047 1246 3100 τὸ
1275 3046 1349 3117 μὴ
1373 3044 1461 3097 διὰ
1496 3016 1725 3103 παντός·

1844 3016 1935 3099 nec
1963 3041 2254 3113 aliquando
2291 3038 2645 3110 magnificam
2674 3038 2983 3093 Dominum.

152 3141 424 3213 δαιμόνων
451 3142 507 3195 δὲ
532 3143 594 3195 τὸ
628 3144 762 3214 μήτε
794 3141 881 3195 διὰ
907 3140 1127 3203 παντὸς,
1164 3138 1301 3209 μήτε
1332 3132 1547 3187 ποσΟὖν.

717 3313 1009 3367 ΨΛΛΜΟΣ
1042 3312 1165 3365 AE'.

233 3409 356 3461 Οὐκ
392 3405 524 3460 ἔστι
558 3407 744 3476 φόϐος
771 3404 918 3457 Θεοῦ
949 3402 1238 3456 ἀπέναντι
1264 3396 1384 3451 τῶν
1411 3395 1733 3466 ὀφθαλμῶν

148 3499 363 3562 αὑτοῦ,
393 3516 448 3551 κ.
477 3516 528 3552 τ.
573 3498 620 3549 ὲ.
646 3495 736 3567 Τῷ
766 3497 876 3566 γὰρ
907 3493 1058 3563 φόϐῳ
1088 3491 1199 3563 (t9)
1239 3488 1446 3558 Κυρίου
1495 3486 1730 3541 ἐκκλίνει

153 3593 269 3654 πᾶς
302 3591 412 3644 ἀπὺ
443 3589 637 3645 κακοῦ.

230 3686 363 3737 Ὅτι
394 3682 699 3737 ἐδόνῑωσεν
726 3679 984 3735 ἐνώπιον
1012 3675 1218 3739 αὐτοῦ,
1258 3672 1364 3728 τοῦ
1390 3671 1587 3741 εὑρεῖν
1619 3670 1727 3739 τὴν

149 3776 417 3846 ἀνομίαν
465 3771 653 3827 αὑτοῦ
698 3772 797 3825 καὶ
831 3768 1111 3841 μισῆσαι,
1154 3783 1209 3819 κ.
1263 3782 1316 3818 τ.
1366 3765 1413 3817 έ.
1455 3764 1529 3816 Τὸ
1576 3781 1595 3814 ι
1642 3763 1732 3815 εὑ-

153 3869 275 3938 ρεῖν
306 3867 417 3937 (20)
453 3884 474 3918 ι
503 3863 625 3919 ἀντὶ
655 3862 747 3917 τοῦ
789 3880 808 3913 ι
847 3858 1141 3929 ἐπιγνῶναι
1173 3876 1192 3908 ι
1227 3858 1422 3909 κεῖται.
1453 3853 1600 3926 Πλὴν
1637 3852 1734 3924 ζη-

149 3956 356 4028 τητέον
385 3958 431 4009 εί
465 3958 494 4010 ό
517 3952 773 4025 ἐγνωκὼς
796 3951 895 4025 τὴν
917 3950 1147 4021 ἀνομίαν
1167 3948 1242 4013 ὡς
1265 3946 1494 4018 ἀνομίαν
1519 3944 1735 4007 πάντως

150 4049 254 4103 καὶ
289 4049 454 4119 μισεῖ.

235 4140 315 4194 Τὰ
334 4138 573 4208 ῥήματα
604 4134 712 4190 τοῦ
735 4133 1033 4202 στόματος
1065 4127 1252 4183 αὑτοῦ
1277 4125 1493 4196 ἀνομία
1514 4123 1611 4178 καὶ
1634 4121 1735 4176 δό-

145 4237 288 4298 λος,
319 4247 374 4283 κ.
405 4247 456 4282 τ.
498 4230 548 4282 ὲ.
590 4225 816 4298 Ἕτερος
851 4241 983 4295 φησι
1027 4221 1160 4294 (21)·
1197 4239 1216 4273 ς
1268 4220 1350 4274 Τὰ
1390 4219 1609 4291 ῥήματα
1637 4215 1732 4269 τοῦ

2222 3302 2384 3374 652
2437 3299 2757 3357 PSALMUS
2793 3296 3012 3355 xxxv.

1902 3398 2071 3453 Vatis.
2118 3396 2175 3450 2.
2228 3395 2349 3448 Non
2400 3405 2473 3448 est
2529 3395 2687 3446 timor
2731 3392 2827 3445 Dei
2874 3403 2997 3445 ante
3039 3390 3217 3445 oculos
3261 3389 3394 3462 ejus,

1830 3501 1939 3547 etc.
2010 3490 2230 3543 Timore
2292 3489 2441 3543 enim
2507 3485 2719 3540 Domini
2777 3484 3012 3553 quilibet
3065 3481 3308 3537 declinat
3366 3497 3397 3535 a

1831 3582 1995 3638 malo.

1906 3669 2068 3724 Vens.
2095 3669 2149 3724 3.
2185 3667 2453 3734 Quoniam
2477 3664 2659 3719 dolose
2701 3665 2803 3732 egit
2847 3665 2899 3717 in
2948 3671 3224 3730 conspectu
3262 3661 3401 3730 ejus,

1830 3775 1886 3820 ut
1918 3764 2213 3831 inveniatur
2257 3761 2509 3832 iniquitas
2535 3758 2651 3829 ejus
2680 3757 2750 3812 ad
2783 3758 2982 3815 odium.
3028 3765 3136 3811 etc.
3169 3772 3188 3806 ι
3228 3753 3392 3807 Inve-

1831 3854 1950 3909 nire
1983 3870 2002 3904 ι
2035 3851 2255 3922 ponitur
2290 3864 2391 3920 pro
2433 3866 2451 3900 ι
2492 3849 2831 3917 dignoscere.
2883 3864 2903 3897 ι
2936 3844 3210 3899 Catterum
3242 3857 3395 3911 qua!-

1834 3944 2062 4000 rcndum
2095 3951 2178 3997 est
2208 3956 2277 3995 an
2305 3940 2398 4011 qui
2447 3938 2598 3993 novit
2634 3937 3002 4007 iniquitatem,
3059 3932 3208 3988 illam
3235 3932 3400 3988 etiam

1834 4046 1894 4092 ut
1920 4036 2265 4105 iniquitatem
2292 4031 2519 4087 omnino
2546 4029 2747 4085 oderit.

1906 4126 2073 4182 Vens.
2111 4126 2169 4182 4.
2212 4123 2385 4180 Verba
2425 4122 2535 4176 oris
2559 4120 2677 4191 ejus
2702 4118 2952 4189 iniquitas
2980 4128 3028 4171 et
3076 4115 3251 4180 dolus.
3293 4122 3400 4170 etc.

1835 4218 1993 4274 Alius
2024 4220 2155 4272 ait:
2201 4235 2221 4269 ι
2259 4215 2433 4270 Verba
2485 4214 2601 4267 oris
2658 4210 2775 4282 ejus
2824 4206 3086 4276 iniquitas
3130 4215 3186 4259 et
3235 4204 3404 4259 mole-

149 4293 428 4392 στόματος
462 4318 628 4374 αὐτοῦ
659 4293 982 4388 ἀνομίαήκαὶ
1007 4313 1192 4376 κόπος,
1235 4331 1254 4364 ι
1290 4311 1565 4365 τουτέστιν
1593 4310 1728 4362 ἑπα-

1844 4311 1963 4374 stia,
2005 4326 2025 4361 ι
2063 4308 2114 4362 id
2141 4314 2228 4362 est
2255 4304 2466 4377 gravia,
2495 4304 2568 4358 ita
2603 4311 2661 4357 ut
2694 4299 3000 4357 molestiam
3037 4298 3305 4351 lacessant
3337 4293 3404 4348 iis

148 4414 288 4488 χθῆ,
333 4414 407 4477 ὠς
444 4412 611 4468 κόπον
662 4411 910 4481 ἐμποιεῖν
953 4408 1067 4469 τοῖς
1113 4404 1489 4477 προσέχουσιν.
1543 4420 1564 4454 ι
1614 4404 1731 4456 Οὐκ

146 4504 434 4576 ὴδουλήθη
474 4501 725 4556 συνιέναι.
775 4518 794 4553 ι
825 4498 994 4568 Δῆλον
1018 4499 1084 4550 ὲκ
1108 4494 1216 4550 τῶν
1248 4495 1367 4567 είρη
1379 4493 1571 4563 μένων,
1604 4492 1679 4555 ὡς
1701 4491 1730 4544 ό

144 4596 477 4668 παράνομος
502 4595 600 4647 οὐκ
632 4595 695 4646 ὲκ
726 4589 1070 4658 κατασκευῆς
1095 4589 1210 4640 ἐστι
1239 4584 1502 4648 τοιοῦτος·
1533 4583 1595 4636 τὸ
1622 4584 1731 4655 γὰρ

145 4689 233 4761 μὴ
272 4687 555 4757 βούλεσθαι
585 4684 798 4749 σύνεσιν
829 4684 974 4755 ἔχειν
1004 4681 1095 4734 ἐπὶ
1116 4678 1195 4750 τῷ
1218 4677 1397 4747 ἀγαθά
1430 4679 1602 4728 ποιεῖν
1628 4677 1729 4728 αὑ-

142 4779 457 4845 τεξουσίου.
497 4778 619 4831 Ἔτι
658 4777 717 4831 δὲ
743 4775 880 4848 πρὸς
921 4772 1133 4837 τούτοις
1169 4790 1187 4821 ι
1230 4768 1460 4840 ἀνομίαν
1501 4767 1729 4834 διελογί-

140 4889 311 4934 σατο,
337 4890 357 4923 ι
385 4872 478 4924 καὶ
506 4869 574 4922 τὰ
600 4867 745 4938 ἑξῆς.
774 4864 1030 4919 Τοιοῦτόν
1065 4863 1181 4917 ἐστι
1209 4861 1270 4914 τό
1288 4876 1302 4890 ·
1337 4878 1357 4912 ι
1395 4858 1532 4913 Ούαὶ
1562 4859 1612 4910 οἱ
1640 4860 1731 4927 ἐρ-

150 4963 448 5036 γαζόμενοι
478 4961 626 5041 κακὰ
663 4961 756 5015 ἐπὶ
789 4960 889 5030 τῆς
924 4957 1111 5027 κοίτης
1142 4953 1347 5017 αὐτῶν,
1385 4951 1481 5005 καὶ
1513 4952 1630 5021 ἅμα
1660 4953 1727 5022 τῇ

227 5060 274 5093 ⁸⁸
303 5058 439 5113 Gen.
476 5073 561 5123 ιιι,
592 5055 647 5111 5.
724 5055 767 5087 ι’
799 5054 855 5109 2.
879 5052 1006 5108 Cor.
1031 5066 1089 5118 ιι,
1120 5050 1176 5103 7.
1250 5050 1295 5081 '°
1324 5047 1484 5102 Mich.
1513 5060 1573 5110 tt,
1606 5046 1657 5104 l.

250 5180 320 5236 I3
378 5180 570 5233 Ἑλεῒν
591 5180 661 5231 οὺ
693 5180 1067 5241 δυνηθέντες,
1098 5180 1203 5225 etc.
1240 5180 1439 5222 Catena
1461 5180 1491 5219 ι

255 5180 344 5314 ιι)
386 5248 469 5314 Τῷ
502 5248 728 5312 δικαίῳ.
764 5256 870 5300 etc.
898 5239 1491 5314 CQtleXCOlslillitttltIS.

222 5304 343 5394 (15)
375 5304 634 5394 ’ἔσεσθε
656 5304 767 5394 γάρ
786 5353 811 5394 ,·
832 5324 938 5394 etc.
967 5311 1168 5365 Partim
1196 5323 1262 5363 ex
1291 5308 1476 5363 eodem
1521 5304 1731 5372 codice,

122 5384 422 5468 partian
444 5384 892 5468 scltedisﬁrahii.
1138 5451 1209 5468 IL
1242 5449 1420 5468 “LM
1450 5446 1565 5468 --Β

222 5461 343 5541 (ιθ)
374 5460 477 5541 [gat
496 5462 528 5541 ᾳ
546 5455 798 5540 ,ηαῦλός
819 5468 990 5523 φησι,
1009 5461 1115 5509 etc.
1138 5451 1213 5506 Ex
1234 5449 1423 5506 eodem
1446 5449 1654 5514 codice,
1673 5453 1729 5502 et

114 5532 371 5593 srhedis
395 5529 603 5583 Grabii.

221 5598 344 5668 (Π)
369 5602 434 5654 Ol
457 5598 575 5666 μὲν
603 5600 690 5663 εις
715 5596 991 5663 Χριστόν,
1031 5601 1120 5649 etc
1164 5590 1239 5646 Ex
1266 5591 1456 5647 eodem
1481 5585 1687 5644 codice.

321 5179 344 5388 ξ

378 5178 570 5233 Ἑλεῖν
591 5179 661 5231 οὺ
693 5171 1067 5241 δυνηθέντες,
1098 5178 1203 5241 etc.
1237 5167 1439 5241 Catena
1461 5163 1732 5226 Corderii.

1837 4402 1930 4473 qui
1961 4400 2269 4455 attendunt.
2311 4414 2330 4450 ι
2362 4395 2548 4451 Noluit
2579 4393 2906 4464 intelligere.
2940 4409 2961 4441 ι
2993 4388 3073 4443 Ex
3101 4387 3264 4440 dictis
3290 4400 3404 4440 tua-

1837 4491 2095 4547 nifestum
2128 4498 2236 4554 est,
2262 4488 2509 4559 iniquum
2536 4499 2643 4539 non
2660 4499 2727 4539 ex
2753 4482 3030 4537 creatione
3055 4478 3219 4532 talem
3246 4492 3401 4533 esse:

1836 4583 1979 4639 nolle
2017 4581 2217 4652 quippe
2238 4577 2653 4647 intelligentiam
2682 4576 2882 4628 habere
2906 4572 2971 4625 ad
3005 4570 3216 4637 agenda
3241 4570 3403 4633 bona.

1836 4673 1993 4731 liberi
2022 4680 2106 4727 est
2156 4670 2393 4726 arbitrii.
2434 4670 2701 4723 Praeterea
2744 4682 2763 4716 ι
2823 4663 3124 4718 meditatus
3160 4673 3246 4717 est
3298 4662 3406 4716 ini-

1835 4765 2123 4835 quitatem,
2150 4780 2170 4815 ι
2200 4769 2255 4815 et
2287 4773 2409 4830 qua:
2439 4766 2762 4826 sequuntur.
2794 4751 3107 4808 istiusmodi
3140 4762 3221 4806 est
3241 4752 3405 4805 etiam

1836 4859 1968 4913 illud
1993 4857 2081 4910 ὀε
2126 4873 2145 4907 ι
2189 4852 2281 4909 Va:
2320 4852 2410 4921 qui
2460 4858 2759 4919 operantur
2811 4844 2948 4902 mala
2982 4844 3035 4898 in
3071 4843 3242 4897 cubili
3280 4858 3402 4907 suo,

1835 4958 1890 5003 et
1936 4948 2097 5003 simul
2123 4960 2249 5003 cum
2279 4943 2368 4999 die
2394 4940 2740 5011 perfecerunt
2771 4950 2856 4991 ea.
2898 4955 2918 4987 ι
2958 4933 3062 5003 Qui
3113 4932 3277 5004 igitur
3305 4932 3406 4987 hoc

1875 5236 1886 5248 .
1910 5164 2023 5248 (ιβ)
2038 5159 2337 5248 ’ἀγγέλων
2358 5157 2495 5228 μέν,
2517 5165 2623 5213 etc.
2645 5156 2723 5210 Ex
2740 5156 2930 5212 eodem
2953 5152 3224 5217 codice,et
3248 5148 3403 5204 sche-

1836 5235 2263 5376 δ’ῗιίξιῗᾚξέίὺρ
2287 5300 2467 5369 φόϐῳ,
2524 5306 2630 5353 etc.
2681 5294 2864 5353 Codex
2914 5290 3300 5350 Coistinianus,
3350 5295 3404 5339 et

1832 5374 2051 5432 schedaa
2075 5374 2281 5429 Grabii.

1928 5443 2017 5516 eo)
2046 5443 2120 5516 Τὸ
2158 5441 2375 5516 εὑρεῖν,
2402 5451 2509 5497 etc.
2538 5439 2702 5516 tidem
2727 5433 3119 5516 codd."utss._”

1928 5447 2017 5516 20)
2051 5447 2120 5497 Τὸ
2158 5447 2375 5511 εὑρεῖν,
2402 5451 2509 5497 etc.
2539 5447 2702 5495 Iidem
2727 5447 2885 5490 couu.
2917 5447 3048 5484 mss.
3088 5497 3119 5509 η

1904 5447 2018 5588 iii)
2042 5514 2283 5584 Ἕτερός
2305 5520 2615 5583 Senonem.
2644 5510 2848 5564 Catena
2877 5501 3146 5557 Cordertt.
