3986 6384
597 175 738 232 1315

1993 173 2084 232 EX
2111 176 2411 271 ORIGFNE

3713 186 3846 242 1316

593 291 752 346 modo
775 289 1068 346 meditatur
1101 289 1440 372 iniquitatem
1475 290 1528 344 in
1558 291 1744 356 cubili,
1775 293 1984 348 assistit
2009 309 2134 348 omn

2264 296 2448 366 ἡμέρᾳ
2473 295 2788 349 συνετέλουν
2835 297 2992 352 αὑτά.
3027 318 3046 350 ι
3090 297 3278 364 υῦτως
3301 301 3331 353 ό
3359 301 3594 372 ἀνομίαν
3626 303 3844 374 λογισά-

594 385 693 440 viaa
735 397 841 437 non
871 380 1046 444 bonae,
1093 381 1144 435 id
1175 390 1260 435 est
1305 383 1455 436 omni
1485 384 1681 438 actioni
1712 385 1886 449 malm,
1935 384 2160 440 minime

556 487 905 547 'repugnans
961 478 1244 546 iniquitati
1293 493 1450 534 sum:
1489 475 1794 546 approbans
1842 490 1986 537 eam,
2040 492 2159 545 qua:

591 579 673 624 est
708 569 967 624 habitudo
997 570 1259 634 pessima,
1293 570 1473 638 reipsa
1507 566 1698 636 incipit
1725 566 2008 620 ambulare
2038 580 2156 619 om-

590 675 713 716 nem
742 661 884 715 viam
913 676 1020 715 non
1054 662 1276 716 bonam.

657 841 823 897 Vens.
872 841 928 897 6.
969 841 1218 906 Domine,
1268 841 1322 894 in
1371 840 1496 895 caelo
1555 839 1924 894 misericordia
1973 846 2062 890 tua
2105 844 2157 890 et

587 934 780 988 veritas
830 943 922 986 tua
969 947 1132 1001 usque
1191 932 1260 984 ad
1313 931 1515 997 nubes,
1567 941 1675 986 etc.
1748 929 1884 983 llinc
1942 927 2155 996 decepti

587 1023 828 1092 quidam,
884 1023 1027 1075 inter
1075 1035 1211 1089 quos
1271 1019 1436 1072 etiam
1487 1028 1571 1074 est
1619 1017 1965 1080 Aristmeles,
2020 1017 2154 1070 sub-

588 1107 798 1162 lunaria
823 1108 1009 1162 omnia
1059 1105 1423 1161 Providentize
1457 1122 1560 1160 non
1611 1106 1894 1174 subjacere
1927 1105 2155 1161 delinie-

588 1208 736 1253 1⁵11111.

658 1289 822 1344 Vsus.
844 1289 898 1344 9.
917 1287 1330 1344 Inebrialmntur
1350 1290 1415 1342 ab
1449 1288 1680 1342 ubertate
1705 1293 1891 1346 domus
1913 1299 2152 1352 tum,etc.

584 1379 734 1435 Bona
785 1389 872 1436 est
919 1380 1032 1436 haec
1082 1382 1342 1444 ebrietas,
1381 1398 1400 1432 ι
1439 1373 1490 1434 et
1529 1378 1670 1434 calix
1708 1387 1832 1432 tuus
1881 1379 2154 1432 inebrians

581 1485 744 1539 quam
800 1473 1088 1542 przeclarus
1118 1483 1201 1528 est
1241 1471 1333 1525 “l
1382 1489 1402 1524 ι
1455 1468 1590 1526 Cum
1639 1484 1773 1525 vero
1826 1469 2153 1524 tentationes

580 1561 692 1617 sint
731 1571 1125 1632 tempestates;
1168 1563 1354 1633 utique
1379 1573 1433 1618 et
1459 1573 1670 1616 torrens
1704 1561 2003 1629 voluptatis
2030 1560 2144 1624 Dei,

2267 402 2427 456 μενος
2471 388 2564 440 ἐπὶ
2613 389 2711 459 τῆς
2757 390 2942 460 κοίτης
2974 393 3254 462 τυγχάνων
3309 394 3648 464 παρίσταται
3697 399 3842 469 πάσῃ

2261 477 2364 548 ὁδῷ
2408 479 2507 531 οὐκ
2547 480 3023 551 ἀγαθῇ,τουτέστι
3069 485 3218 556 πάσῃ
3247 485 3439 554 πράξει
3495 491 3738 558 πονηρᾷ,
3786 493 3841 544 οὐ

2261 568 2634 638 προσοχθίζων
2675 574 2742 642 τῇ
2787 573 2955 643 κακίᾳ.
2996 573 3158 626 αὑτοῦ
3181 591 3195 605 ο
3242 575 3647 647 ἀποδεχόμενος
3673 580 3844 649 αὐτὴν

2259 655 2423 714 οὖσαν
2451 662 2728 732 χειρίστην
2753 663 2884 729 ἕξιν,
2917 666 3234 736 πρακτικῶς
3264 669 3492 739 ἄρχεται
3513 671 3728 725 ὁδεύειν
3753 675 3844 726 πᾶ-

2261 768 2358 804 σαν
2389 753 2488 805 οὐκ
2513 753 2720 824 ἀγαθὴν
2741 754 2879 807 ὁδόν.

2330 844 2522 910 Κύριε,
2551 845 2620 896 ἐν
2647 843 2726 909 τῷ
2753 846 2986 912 οὐρανῷ
3006 849 3068 900 τὸ
3096 847 3269 915 ἔλεός
3299 867 3436 914 σου,
3465 853 3573 908 καὶ
3623 856 3664 924 ἠ
3695 857 3842 920 ἁλή-

2259 932 2385 988 031d
2428 948 2542 987 σου
2591 934 2700 1001 ἕως
2750 935 2867 988 τῶν
2909 937 3213 1007 νεφελῶν,
3251 959 3304 994 κ.
3344 959 3395 995 τ.
3442 944 3491 996 ὲ.
3557 946 3842 1002 Ἐντεῦθέν

2256 1041 2400 1088 τινες
2421 1026 2531 1096 (22)
2558 1027 2930 1096 ἀπατηθέντες
2943 1029 3011 1083 τὰ
3029 1030 3132 1084 ὑπὸ
3158 1031 3255 1102 τὴν
3273 1032 3502 1104 σελήνην
3521 1035 3840 1109 ἀπρονόητα

2256 1117 2600 1188 ἀπεφήναντο
2633 1115 2772 1172 εἶναι
2791 1137 2804 1150 ·
2833 1113 2908 1174 ὧν
2935 1121 3050 1174 ἐστι
3084 1123 3177 1175 καὶ
3203 1123 3232 1174 ὁ
3269 1124 3676 1198 Ἀριστοτέλης.

2324 1291 2816 1359 Μεθυσθὴσονται
2838 1295 2956 1350 ἀπὸ
2971 1299 3252 1364 πιότητος
3276 1299 3447 1354 οἴκου
3465 1314 3613 1365 σου,
3639 1319 3698 1356 κ.
3725 1320 3776 1358 τ.
3795 1306 3837 1357 ἑ.

2266 1381 2466 1452 Ἀγαθὴ
2499 1381 2636 1455 αὕτη
2683 1383 2820 1455 μέθη
2854 1383 2985 1455 (25),
3033 1403 3051 1438 ι
3094 1387 3186 1440 καὶ
3217 1387 3279 1440 τὸ
3305 1391 3572 1461 ποτήριόν
3607 1408 3712 1444 σου
3747 1409 3838 1463 με-

2255 1470 2452 1526 θύσκον
2485 1473 2618 1526 ὡσεὶ
2651 1475 2969 1546 κράτιστονῑ
3015 1496 3034 1528 ι
3096 1479 3358 1550 Ἐπείπερ
3379 1480 3436 1533 δὲ
3483 1483 3766 1552 χειμῶνες
3792 1486 3836 1540 οι

2253 1563 2568 1633 πειρασμοὶ,
2598 1564 2682 1635 εἴη
2714 1565 2780 1619 ἄν
2811 1567 2902 1620 καὶ
2937 1567 3238 1639 χείμαρῤος
3266 1570 3482 1642 τρυφῆς
3521 1572 3672 1626 Θεοῦ
3706 1577 3736 1629 ὁ
3759 1574 3837 1629 διὰ

579 1653 681 1708 erit
711 1655 992 1724 praemium
1031 1656 1449 1724 perseverantiae
1485 1655 1536 1708 in
1564 1654 1980 1716 tentationibus,
2004 1652 2142 1723 quod

2264 1651 2346 1722 rip)
2395 1652 2454 1706 ὲν
2514 1657 2841 1725 πειρασμοῖς
2898 1659 3193 1730 καρτερίαν
3253 1659 3464 1730 μισθὸς,
3519 1666 3835 1735 ποταμηῶν

578 1744 816 1801 ﬂuminis
843 1746 1018 1800 instar
1047 1743 1229 1802 allluet
1278 1746 1348 1802 iis
1377 1745 1468 1818 qui
1519 1745 1769 1800 vicerunt
1799 1758 1894 1800 eas
1925 1757 2021 1814 per
2049 1743 2141 1799 Je-

2264 1743 2387 1797 Bémv
2415 1747 2527 1809 τοῖς
2558 1747 2925 1818 ὑπερνικῶσιν
2947 1751 3003 1803 ἐν
3034 1750 3216 1814 αὐτοῖς
3244 1750 3332 1805 διὰ
3353 1751 3447 1806 τοῦ
3487 1753 3678 1824 Ἰησοῦ
3705 1757 3833 1828 Χρι-

577 1853 697 1895 sum
730 1837 1032 1896 Christum.

2264 1836 2396 1890 ποῦ.

647 1928 925 1998 Ejusdem.
971 1928 1074 1996 Qui
1109 1943 1176 1986 ex
1208 1930 1312 1986 hac
1350 1929 1616 1987 ebrietate
1659 1944 1765 1985 non
1814 1929 1876 1984 ﬁt
1905 1929 2142 1991 sobrius,

2321 1927 2429 1982 Τοῦ
2456 1929 2663 1983 αὑτοῦ.
2711 1930 2768 1982 '0
2803 1929 3009 2001 ταύτην
3049 1929 3147 2001 τὴν
3187 1932 3358 2004 μέθην
3403 1933 3519 2005 (21)
3562 1936 3643 2007 μὴ
3679 1937 3834 2009 ἐκνή-

576 2020 624 2075 is
676 2034 783 2074 non
839 2019 970 2076 facit
1022 2020 1190 2089 iuste.
1248 2020 1617 2088 Quamobrem
1679 2021 1747 2076 de
1796 2017 2142 2091 vituperabili

2264 2035 2361 2087 ρων
2399 2021 2459 2072 οὐ
2492 2020 2712 2083 δικαίως
2743 2023 2912 2074 ποιεῖ’
2944 2021 3025 2075 διὸ
3064 2023 3157 2076 ἐπὶ
3185 2025 3283 2096 τῆς
3311 2025 3522 2096 ψεκτῆς
3557 2028 3738 2101 μέθης
3767 2033 3836 2084 ει-

575 2113 841 2170 ebrietate
867 2113 1075 2170 dictum
1099 2124 1187 2170 est
1218 2114 1262 2146 “
1296 2132 1310 2169 :
1346 2132 1365 2168 ι
1403 2113 1671 2185 Evigilate
1694 2115 1867 2184 juste.
1888 2123 1945 2168 et
1975 2109 2142 2166 nolite

2264 2127 2408 2182 mra:
2429 2128 2442 2142 °
2483 2132 2500 2163 ι
2549 2113 2848 2182 Ἐκνήψατε
2879 2114 3121 2182 δικαίως,
3153 2117 3248 2170 καὶ
3280 2117 3356 2188 μὴ
3391 2120 3770 2192 ἁμαρτάνετε.
3809 2144 3827 2177 ι

575 2224 830 2280 peccare.
867 2227 888 2262 ι

645 2301 810 2358 Vens.
843 2300 927 2357 l0.
956 2299 1221 2368 Quoniam
1259 2303 1402 2367 apud
1446 2311 1494 2354 te
1519 2310 1593 2354 est
1625 2299 1742 2368 fons
1767 2300 1909 2362 vita,
1937 2307 2048 2354 etc.
2084 2297 2142 2354 Si

579 2390 705 2447 fons
751 2400 838 2448 est
870 2392 1001 2455 vita,
1045 2392 1154 2446 vita
1213 2401 1393 2446 autem
1444 2402 1530 2445 est
1567 2389 1848 2454 Christus,
1909 2391 2032 2466 fons
2058 2399 2140 2444 est

573 2481 850 2538 Christus.
907 2500 927 2534 ι
979 2483 1034 2536 ln
1091 2482 1298 2536 lumine
1349 2490 1441 2536 tuo
1503 2480 1806 2535 videbimus
1858 2481 2061 2534 lumen.
2117 2498 2137 2532 ι

573 2572 1008 2643 Contemplando
1063 2588 1180 2640 qum
1239 2572 1377 2625 facta
1423 2582 1583 2634 sunt,
1633 2569 1939 2623 videbimus
1987 2568 2145 2623 Chri-

576 2669 744 2728 stum,
774 2663 855 2718 vel
883 2664 936 2717 in
971 2664 1280 2732 cognitione
1303 2661 1503 2716 Christi
1539 2659 1842 2715 videbimus
1873 2660 2066 2713 Deum.

642 2751 808 2808 Vitas.
837 2754 924 2807 12.
957 2755 1082 2808 Non
1120 2754 1296 2808 ueniat
1329 2753 1458 2805 mihi
1499 2768 1590 2820 pes
1628 2751 1909 2816 superbiae,
1943 2762 2050 2806 etc.
2084 2750 2141 2806 Si

570 2844 818 2915 superbia
844 2853 930 2899 est
969 2844 1188 2899 habitus
1230 2843 1521 2912 pessimus,
1555 2844 1828 2910 quomodo
1857 2841 2018 2896 habet
2046 2857 2140 2910 pe-

571 2935 712 2990 des?
747 2935 842 2990 Vel
879 2935 1022 2992 forte
1055 2935 1121 2992 de
1147 2934 1368 2989 animali
1403 2934 1652 3004 loquitur
1710 2934 2027 3004 iuoperaute
2050 2949 2140 2988 su-

567 3029 834 3098 perbiam.

946 3208 1109 3282 653
1147 3209 1374 3266 PSALM
1386 3210 1472 3268 US
1512 3209 1755 3267 XXXVI.

640 3301 804 3359 Vens.
843 3303 898 3361 1.
941 3301 1070 3356 Νοιὶ
1128 3304 1366 3358 αήιιιίανὶ
1405 3305 1460 3357 in
1522 3303 1964 3373 malignantibus,
2033 3313 2142 3360 etc.

568 3394 988 3452 Emulationem
1018 3396 1119 3450 liOc
1143 3394 1262 3450 loco
1286 3395 1645 3450 imitationem
1672 3405 1851 3452 vocat.

642 3484 802 3541 Vsus.
872 3484 924 3540 5.
997 3482 1183 3539 Revela
1249 3484 1478 3539 Domino
1556 3487 1696 3540 viam
1762 3497 1910 3542 tuam
1944 3527 1960 3552 ,
2034 3495 2140 3542 etc.

574 3593 594 3627 ι
613 3575 823 3642 Omnis,
853 3577 944 3647 qui
973 3577 1111 3632 male
1139 3579 1268 3646 agit,
1297 3579 1413 3633 odit
1442 3579 1645 3644 lucem,
1673 3591 1728 3636 et
1756 3596 1864 3635 non
1898 3581 2046 3636 venit
2075 3580 2140 3636 ad

565 3665 742 3724 lucem
771 3669 841 3735 ",
868 3687 887 3722 ι
913 3684 1015 3723 non
1045 3668 1242 3724 revelat
1272 3669 1410 3723 viam
1443 3685 1593 3724 suam
1628 3670 1873 3727 Domino.
1901 3672 2140 3728 Primum

574 3777 774 3828 «spera
824 3762 877 3815 in
945 3762 1193 3829 Domino,
1245 3771 1299 3816 et
1351 3761 1436 3816 fac
1479 3761 1843 3828 bonitatem,»
1907 3773 1964 3820 et
2022 3781 2142 3833 qua:

569 3860 888 3920 sequuntur.
921 3852 1046 3908 Haec
1079 3854 1169 3908 ubi
1206 3852 1424 3918 feceris,
1481 3852 1679 3910 iterum
1713 3874 1732 3908 ι
1760 3871 1915 3927 spera
1971 3857 2020 3910 in
2054 3873 2139 3922 eo,

573 3956 627 3998 et
665 3945 780 4014 ipse
822 3944 1005 4000 faciet.
1036 3963 1055 3998 ι
1103 3947 1244 4001 Deus
1279 3954 1459 3999 autem
1501 3946 1592 4015 qui
1630 3947 1681 4002 in
1719 3948 1932 4003 occulto
1974 3948 2140 4017 justi-

574 4037 703 4113 tiam
727 4035 892 4101 videt,
925 4049 990 4092 eo
1018 4038 1160 4106 quod
1185 4037 1239 4092 in
1277 4037 1490 4094 occulto
1519 4039 1722 4103 videat,
1762 4039 1966 4095 educet
1992 4056 2138 4108 eam,

566 4127 787 4198 quando
825 4125 1210 4197 manifestabit.
1243 4129 1512 4195 consilia;
1567 4139 1622 4185 et
1670 4130 1764 4200 qui
1817 4129 1871 4185 in
1924 4131 2138 4202 justitia

562 4219 763 4287 elucet,
791 4220 945 4290 quasi
981 4220 1262 4275 meridiem
1299 4221 1526 4276 habebit
1549 4220 1832 4292 judicium.

631 4398 796 4454 Vnus.
839 4399 891 4453 '7.
935 4397 1192 4452 Subditus
1221 4404 1330 4450 esto
1365 4395 1588 4451 Domino
1627 4408 1677 4452 et
1713 4415 1806 4452 ora
1833 4414 1948 4453 eum
1970 4436 1986 4461 ,
2026 4406 2134 4453 etc.

563 4489 838 4556 Suhjectio
867 4490 984 4545 haec
1009 4533 1024 4558 ,
1080 4500 1164 4544 est
1213 4486 1557 4545 rationabilis
1595 4500 1806 4545 naturae
1837 4491 2135 4566 cognitioni

2320 2292 2445 2344 Ὅτι
2485 2291 2643 2359 παρὰ
2687 2291 2786 2345 σοὶ
2820 2291 2983 2360 πηγὴ
3017 2290 3187 2361 ζωῆς,
3223 2310 3274 2346 κ.
3327 2313 3378 2349 τ.
3425 2299 3471 2351 ὲ.
3513 2299 3577 2352 Et
3612 2301 3651 2364 ἡ
3685 2300 3831 2372 πηγή

2247 2384 2392 2436 ἐστιν
2417 2383 2449 2453 ή
2475 2383 2607 2454 ζωὴ,
2635 2385 2668 2453 ἡ
2695 2383 2808 2453 ζωὴ
2837 2383 2893 2436 δέ
2923 2386 3070 2437 ἐστιν
3097 2386 3127 2439 ό
3150 2387 3405 2456 Χριστὸς,
3435 2389 3468 2458 ἡ
3499 2393 3663 2460 πηγή
3689 2392 3834 2446 ἐστιν

2245 2476 2274 2527 ὁ
2315 2475 2562 2546 Χριστός.
2613 2493 2630 2525 ι
2655 2475 2743 2526 Ἐν
2775 2474 2852 2545 τῷ
2885 2477 3022 2544 φωτί
3068 2494 3162 2530 σου
3209 2478 3450 2548 ὀψόμεθα
3489 2481 3632 2549 φῶς.
3683 2501 3702 2533 ι
3747 2484 3835 2537 Ἐν

2243 2569 2311 2638 τῇ
2345 2567 2546 2638 θεωρίᾳ
2591 2567 2700 2620 τῶν
2747 2569 3049 2636 γεγονότων
3095 2569 3337 2642 ὀψόμεθα
3378 2573 3468 2625 τὸν
3499 2575 3766 2644 Χριστὸν.
3801 2575 3832 2644 ἢ

2245 2658 2305 2711 ἐν
2335 2661 2400 2730 τῇ
2427 2658 2624 2728 γνώσει
2655 2661 2722 2730 τῇ
2757 2659 2850 2712 τοῦ
2876 2660 3113 2731 Χριστοῦ
3138 2662 3380 2734 ὀψόμεθα
3410 2664 3504 2717 τὸν
3531 2665 3692 2718 Θεὸν.

2313 2749 2412 2818 Μὴ
2439 2749 2659 2804 ἐλθέτω
2679 2767 2778 2818 μοι
2809 2751 2964 2818 ποῦς
2992 2754 3428 2824 ὑπερηφανίας,
3456 2773 3512 2808 κ.
3541 2773 3595 2810 τ.
3635 2759 3684 2810 ὲ.
3711 2759 3774 2810 ΕΞ
3801 2761 3832 2827 η

2246 2841 2590 2914 ὒπερηφανία
2619 2842 2733 2907 ἓξις
2773 2843 2891 2895 ἐστὶ
2920 2845 3189 2916 χειρίστη,
3230 2847 3346 2910 πῶς
3375 2847 3490 2918 ἔχει
3526 2849 3737 2912 πόδας;
3765 2853 3835 2902 Ἠ

2243 2933 2384 3003 τάχα
2411 2932 2538 3004 περὶ
2557 2932 2651 2987 τοῦ
2675 2931 2814 2997 ζώου
2837 2933 2985 3002 λέγει
3009 2934 3104 2989 τοῦ
3125 2937 3473 3006 ἐνεργοῦντος
3499 2939 3604 3010 τὴν
3629 2941 3839 3012 ὖπεριςο

2251 3025 2468 3094 φανίαν.

2806 3211 3098 3266 ΨΑΛΜΟΣ
3128 3214 3266 3280 Mr.

2318 3300 2416 3370 Μὴ
2473 3301 2818 3372 παραζήλου
2870 3304 2940 3357 ἐν
2983 3304 3511 3373 πονηρευομένοις,
3569 3323 3627 3359 κ.
3679 3323 3734 3360 τ.
3787 3307 3836 3360 ἐ.

2258 3393 2524 3448 Ἐνταῦθα
2559 3395 2718 3465 ζῆλον
2754 3395 2866 3464 (25)
2900 3395 2997 3465 τὴν
3029 3397 3257 3466 μίμησιν
3284 3395 3453 3463 λέγει.

2327 3484 2750 3552 Ἀποκάλυψον
2791 3487 2940 3554 πρὸς
2979 3487 3199 3553 Κύριον
3231 3485 3343 3553 τὴν
3385 3484 3531 3538 ὁδόν
3583 3502 3734 3548 σου,
3779 3503 3835 3540 κ.

2241 3591 2294 3627 τ.
2327 3574 2373 3628 ὲ.
2413 3594 2430 3626 ι
2464 3575 2578 3637 Πᾶς
2614 3575 2643 3626 ὁ
2667 3574 2845 3643 φαῦλα
2876 3574 2986 3646 (‘26)
3016 3576 3276 3646 πράσσων
3307 3577 3456 3646 μισεῖ
3475 3574 3714 3645 τὺυφῶς,
3747 3581 3838 3632 καὶ

2243 3665 2342 3718 οὐκ
2393 3664 2608 3734 ἔρχεται
2648 3665 2782 3734 πρὸς
2813 3665 2874 3716 τὸ
2907 3665 3041 3734 φῶς,
3087 3683 3106 3716 ›
3160 3667 3261 3718 οὐκ
3309 3662 3693 3718 ἀποκαλύπτει
3737 3669 3836 3736 τὴν

2243 3756 2358 3810 ὁδὸν
2381 3756 2542 3809 αὑτοῦ
2575 3757 2714 3828 πρὸς
2744 3756 2966 3827 Κύριον.
3009 3756 3231 3827 Πρῶτον
3269 3773 3289 3807 ι
3327 3756 3548 3809 ἓλπισον
3589 3758 3688 3811 ἐπὶ
3725 3758 3838 3812 Κῦ-

2245 3864 2380 3918 ριον,
2431 3848 2526 3900 καὶ
2579 3847 2722 3900 ποίει
2759 3847 3124 3916 χρηστότητα,
3165 3865 3183 3898 ι
3237 3848 3330 3901 καὶ
3366 3847 3435 3900 τὰ
3485 3847 3650 3918 ἑξῆς·
3689 3848 3833 3920 ἅπερ

2243 3941 2498 4012 ποιήσας,
2535 3939 2695 3993 πάλιν
2728 3958 2746 3991 ι
2789 3939 3005 3992 ἔλπισον
3041 3940 3128 3992 ἐπ’
3160 3939 3340 4001 αὑτὸν,
3377 3940 3472 3992 καὶ
3507 3940 3680 4004 αὐτὸς
3711 3958 3834 3994 ποι-

2240 4031 2385 4103 ήσει.
2427 4049 2446 4082 ι
2505 4031 2565 4084 Ὁ
2595 4031 2652 4084 δὲ
2699 4029 2796 4102 τὴν
2845 4032 2902 4084 ὲν
2953 4029 3182 4101 κρυπτῷ
3225 4029 3574 4101 δικαιοσύνην

2240 4123 2394 4187 Θεὸς,
2433 4121 2518 4175 διὰ
2548 4121 2608 4174 τὸ
2656 4121 2873 4191 βλέπειν
2904 4122 2961 4174 ὲν
2989 4119 3068 4190 τῷ
3111 4119 3357 4190 κρυπτῷ,
3388 4120 3590 4186 ἐξοίσει
3633 4121 3829 4192 αὐτὴν,

2239 4213 2330 4266 ὅτε
2372 4212 2676 4285 φανερώσει
2712 4212 2811 4274 τὰς
2853 4211 3070 4282 βουλάςο
3111 4211 3204 4264 καὶ
3245 4213 3272 4264 ό
3301 4213 3358 4266 ἐν
3397 4213 3464 4282 τῇ
3496 4211 3688 4283 κρίσει
3720 4212 3831 4265 δια-

2238 4305 2470 4377 λάμπων
2511 4305 2588 4368 ὡς
2619 4304 2962 4376 μεσημϐρίαν
2991 4303 3103 4370 ἕξει
3131 4302 3193 4356 τὸ
3223 4303 3418 4373 κρῖμα.

2321 4397 2680 4466 ’Υποτάγηθι
2733 4395 2813 4462 τῷ
2863 4396 3058 4464 Κυρίῳ
3106 4395 3205 4448 καὶ
3254 4394 3574 4449 ἱκέτευσον
3615 4394 3825 4458 αὑτὸν,

2240 4505 2295 4543 κ.
2326 4507 2374 4542 τ.
2414 4491 2462 4542 ὲ.
2498 4489 2562 4542 Ἦ
2593 4487 2838 4558 ὑποταγὴ
2871 4487 3010 4557 αῦτη
3053 4485 3164 4558 (27)
3199 4487 3315 4540 ἐστὶ
3349 4485 3567 4554 φύσεως
3600 4485 3828 4554 λογικῆς

565 4581 658 4636 Dei
693 4582 994 4635 voluntaria
1025 4582 1280 4639 adhaesio.
1326 4599 1345 4635 ι
1384 4581 1505 4638 Noli
1554 4582 1798 4638 aemulari
1840 4583 1891 4634 in
1943 4594 2008 4636 eo
2039 4580 2129 4650 qui

2264 4581 2375 4652 πρὸς
2411 4581 2511 4652 τὴν
2547 4580 2749 4646 γνῶσιν
2787 4578 2882 4632 τοῦ
2926 4578 3060 4632 Θεοῦ
3111 4577 3353 4639 ἑκούσιος
3397 4577 3822 4644 συγκατάθεπ.

564 4684 917 4743 prosperatur
941 4674 995 4727 in
1021 4673 1104 4728 via
1137 4687 1232 4728 sua
1262 4692 1275 4730 :
1313 4678 1366 4729 in
1399 4675 1622 4732 homine
1651 4675 1882 4730 faciente
1915 4673 2131 4740 injusti-

564 4764 690 4822 tias.
719 4780 740 4816 ι
767 4763 1188 4832 Prosperitatem
1225 4766 1326 4822 hoc
1371 4767 1490 4826 loco
1517 4777 1674 4826 vocat
1701 4779 2042 4837 progressum
2075 4765 2130 4818 in

563 4855 737 4925 pejus,
789 4853 945 4923 juxta
1010 4855 1137 4912 illud
1183 4859 1274 4913 ’δε
1311 4877 1329 4912 ι
1358 4859 1483 4914 Mali
1545 4868 1728 4916 autem
1781 4856 2031 4913 homines
2075 4865 2131 4911 et

561 4948 882 5003 seductores
916 4947 1204 5018 proﬁcient
1231 4951 1283 5006 in
1317 4951 1490 5020 pejus.
1524 4970 1544 5004 ι

637 5123 800 5182 Vens.
838 5128 892 5184 8.
933 5129 1123 5183 Desine
1151 5133 1214 5183 ab
1263 5130 1344 5182 ira
1401 5135 1449 5182 et
1509 5127 1812 5196 derelinque
1870 5125 2129 5194 furorem,

2247 4689 2266 4725 ι
2321 4673 2412 4743 Μὴ
2453 4669 2768 4743 παραζήλου
2820 4671 2880 4724 ὲν
2907 4669 2986 4740 τῷ
3035 4669 3476 4739 κατευοδουμένῳ
3514 4669 3576 4722 ὲν
3604 4670 3678 4739 τῇ
3727 4665 3826 4734 ὀδῷ

2241 4763 2429 4827 αὐτοῦ,
2485 4765 2542 4815 ὲν
2591 4759 2865 4832 ἀνθρώπῳ
2915 4758 3155 4812 ποιοῦντι
3207 4757 3573 4828 παρανομίας.
3629 4774 3653 4809 ι
3713 4753 3824 4808 Νῦν

2240 4853 2493 4907 εὑόδωσιν
2522 4852 2622 4924 τὴν
2655 4852 2748 4905 ἐπὶ
2773 4851 2836 4905 τὺ
2862 4853 3044 4922 χεῖρον
3083 4849 3363 4920 προκοπὴν
3389 4848 3576 4914 λέγει·
3609 4846 3694 4909 ὡς
3733 4845 3822 4898 καὶ

2237 4943 2320 5007 τὸ,
2358 4961 2377 4996 ι
2415 4943 2649 5015 Πονηροὶ
2684 4942 2744 4997 δὲ
2775 4942 3050 5014 ἄνθρωποι
3089 4940 3184 4994 καὶ
3229 4938 3424 5010 γόητες
3453 4938 3818 5008 προκόψουσιν

2237 5035 2332 5088 ἐπὶ
2361 5033 2424 5088 τὺ
2447 5037 2648 5107 χεῖρον.
2687 5053 2707 5087 ι

2307 5125 2546 5178 Παῦσαι
2594 5123 2711 5178 ἀπὸ
2764 5121 2948 5192 ὀργῆς
3005 5122 3106 5177 καὶ.
3163 5117 3527 5190 ἐγκατάλιπε
3602 5116 3818 5187 θυμὸν.

633 5265 677 5296 ³⁸
711 5263 851 5318 Psal.
885 5280 1017 5328 χχιι,
1051 5265 1105 5319 5.
1179 5265 1224 5294 "
1255 5262 1273 5317 1
1303 5263 1422 5320 Cor.
1460 5279 1548 5328 xv,
1570 5263 1659 5318 51.
1733 5261 1780 5295 ³³
1815 5259 1975 5316 Joan.
2012 5274 2097 5326 ιιι,
2131 5261 2142 5313 ε

2301 5260 2347 5292 ³⁸
2370 5259 2414 5314 ll
2448 5258 2593 5315 Tim.
2617 5273 2700 5324 ιιι,
2732 5259 2819 5314 15.

631 5376 744 5445 (2-2)
769 5380 1081 5434 Ἔντεῦθέν
1099 5396 1274 5444 τινες,
1307 5390 1412 5436 etc.
1439 5380 1621 5433 Codex
1643 5378 2024 5434 Coislinianns.

633 5446 745 5518 (2'5)
768 5449 986 5518 Ἀταθὴ
1011 5449 1348 5518 αὕτημέθη,
1382 5461 1486 5503 etc.
1522 5448 1724 5518 Catena
1757 5449 2025 5504 Corderii.

635 5517 746 5588 (‘24)
775 5517 1088 5588 focam/mr-
1112 5517 1225 5586 τὴν
1243 5517 1451 5588 μέθην,
1480 5527 1583 5573 etc.
1611 5517 1835 5573 Schedm
1857 5517 2136 5582 Crabii,et

564 5587 730 5641 codex
754 5587 1136 5644 Coislinianus.
1165 5589 1290 5642 lude
1315 5593 1480 5643 etiam
1511 5588 1826 5654 deprompta
1867 5598 1994 5644 sunt
2019 5590 2126 5642 duo

2236 5378 2519 5454 sequentia
2547 5377 2872 5454 "amemus
3119 5444 3152 5454 η
3211 5445 3224 5454 .
3322 5441 3358 5454 -

2339 5391 2519 5432 uentia
2547 5391 2872 5448 tragmenta.

2301 5391 2420 5520 ((25)
2442 5448 2730 5520 Ἐτςταῦθα
2753 5445 2955 5520 ζῆλον,
2981 5454 3086 5520 etc.
3114 5441 3722 5520 Collex_Coislinianus.

2307 5514 2421 5586 (26)
2452 5517 2577 5584 Πᾶς
2604 5519 2636 5570 ό
2662 5517 2884 5585 φαῦλα,
2919 5527 3023 5571 etc.
3048 5517 3249 5586 Catena
3266 5514 3549 5586 Corderii.

2304 5582 2417 5654 (27.)
2451 5587 2523 5642 Ἦ
2549 5582 2820 5653 euocari;
2851 5587 3022 5654 αὕτη,
3049 5595 3155 5642 etc.
3191 5583 3419 5638 Schedae
3440 5582 3661 5657 Grabii.
