3986 6384
193 201 335 256 1517

1197 203 1512 260 SELECTA
1552 202 1615 257 IN
1649 203 1998 260 PSALMOS.
2031 233 2102 244 —
2137 203 2335 265 l‘SAL.
2377 205 2620 262 XXXVI.

3322 210 3457 266 ‘3l8

188 343 244 378 κ.
265 341 318 377 τ.
347 324 392 377 ὲ.
432 321 616 393 Θυμός
641 322 788 375 ἐστιν
813 320 923 392 (28)
948 320 1086 394 ὀργὴ
1109 321 1404 392 ἐπιθυμίας
1434 322 1644 394 ἡμέρου
1670 325 1742 390 ψυ

1879 329 1986 376 etc.
2031 320 2203 375 Furor
2232 333 2314 377 est
2351 324 2428 378 ira
2459 339 2563 391 qua
2610 331 2892 380 mansueta
2935 325 3111 380 anima
3152 341 3312 396 supra
3344 347 3457 385 mo-

127 405 131 408 ’
185 415 293 487 χῆς
317 417 440 468 κατ’
465 413 655 486 ἐξοχὴν
682 414 916 484 ἀμύνηςο
943 415 1078 486 ὀργή
1111 415 1256 467 ἐστιν
1280 413 1459 486 ὄρεξις
1479 413 1768 486 τιμωρίας’

183 508 428 579 τιμωρία
452 507 510 560 δέ
535 508 650 560 ἐστι
678 506 850 560 κακοῦ
878 507 1254 570 ἀνταπόδοσις,
1282 527 1298 558 ι
1331 509 1422 578 Μὴ
1457 506 1770 579 παραζήλου

183 598 328 652 ὥστε
357 596 778 666 πονηρεύεσθαι.
818 615 835 648 t
866 596 958 667 Μὴ
987 595 1102 668 ἴδῃς
1123 596 1300 648 αὐτῶν
1322 597 1420 668 τὴν
1450 597 1769 666 εὐημερίαν,

184 689 325 744 ἀλλὰ
349 689 678 760 πρόσμεινον
701 688 762 740 τὸ
795 687 971 750 τέλος,
1007 688 1101 740 καὶ
1117 687 1242 756 ὕψει
1272 687 1362 740 τὸν
1387 687 1627 758 ὄλεθρον.

260 781 382 834 Ὅτι
453 782 509 833 οἱ
573 779 1042 848 πογνῃρευόμενοι
1120 778 1729 846 ἐξολοθρευθήσονται
1751 817 1766 842 ,

181 890 239 925 κ.
262 890 313 927 τ.
342 873 388 924 ἐ.
427 873 500 924 Τὸ
524 871 971 942 ὲξολοθρευθῆναι
1007 871 1116 942 (29)
1149 871 1302 923 οὐδὲν
1335 870 1521 942 ἔτερόν
1555 871 1704 924 ἐστιν
1733 871 1766 941 ἦ

179 961 244 1014 τὸ
267 964 522 1014 ἐκπεσεῖν
556 963 620 1015 ὲκ
653 960 811 1014 Θεοῦ.

251 1046 370 1107 Καὶ
392 1054 481 1106 ἔτι
509 1053 736 1120 ὀλίγον,
773 1052 868 1106 καὶ
901 1052 972 1105 οὐ
1000 1051 1086 1120 μὴ
1117 1051 1370 1120 ὑπάρξει
1397 1050 1765 1120 ἁμαρτωλός,

178 1162 234 1198 κ.
269 1162 320 1199 τ.
361 1144 406 1197 ὲ.
457 1143 835 1214 Ἀμφίδολοςή
866 1142 1009 1208 λέξις
1034 1144 1166 1212 (50)·
1206 1142 1372 1213 ἣγάρ
1415 1141 1767 1212 ἀνύπαρκτος

176 1233 332 1286 ἔσται
361 1235 390 1286 ό
422 1232 764 1304 ἁμαρτωλὸς,
793 1233 959 1302 (ὅπερ
997 1231 1198 1284 οἴονται
1237 1231 1285 1282 οἱ
1332 1226 1612 1290 παντελῶς
1640 1229 1766 1292 τοὺς

176 1324 416 1394 φαύλους
463 1323 779 1395 φθείρεσθαι
835 1323 1085 1392 λέγοντες
1127 1323 1225 1392 οὐχ
1280 1319 1526 1390 ὑγιῶς·)
1573 1318 1605 1388 ἢ
1644 1321 1765 1375 καθ’

178 1417 208 1469 ὂ
229 1415 552 1487 ἁμαρτωλός
585 1417 753 1478 ἐστιν,
785 1415 882 1484 οὐχ
917 1415 1172 1486 ὑπάρξει.

247 1507 356 1560 Καὶ
397 1505 672 1573 ζητήσεις
705 1505 811 1558 τὸν
841 1507 1028 1558 τόπον
1054 1506 1260 1570 αὐτοῦ,
1305 1509 1402 1562 καὶ
1438 1509 1510 1563 οὐ
1548 1509 1634 1580 μὴ
1661 1510 1761 1564 εῦ-

165 1613 305 1664 ρῃς,
337 1615 390 1650 κ.
428 1615 478 1649 τ.
512 1598 558 1649 ὲ.
593 1596 769 1658 Τόπος
798 1595 911 1665 (51)
947 1595 1274 1667 ἀμαρτωλοῦ
1303 1598 1546 1668 ἡκακία.

1875 411 2000 464 dum
2037 413 2312 468 desiderat
2353 415 2660 470 ultionem:
2700 417 2775 470 ira
2805 429 2890 472 est
2921 419 3250 474 desiderium
3291 424 3454 479 ultio-

1873 499 1979 562 nis,
2021 499 2154 553 ultio
2185 513 2367 584 autem
2405 505 2526 558 mali
2559 507 2868 563 retributio.
2900 526 2918 559 ι
2951 508 3068 563 Noli
3101 513 3342 568 atmulari
3391 525 3450 570 ut

1873 589 2207 660 maligneris.
2233 612 2253 645 ι
2288 593 2402 649 Non
2437 598 2620 652 videas
2645 614 2836 654 eorum
2882 604 3326 671 prosperitatem,
3351 609 3446 662 sed

1871 693 2124 752 exspecta
2161 685 2320 739 ﬁnem
2355 697 2410 741 et
2447 689 2659 744 videbis
2692 691 2995 746 interitum.

1943 775 2104 829 Vens.
2147 778 2199 833 9.
2233 779 2497 843 Quoniam
2548 783 2638 850 qui
2682 785 3065 852 malignantur,
3129 791 3452 845 etulermt'na-

1871 865 2085 932 buntur,
2115 879 2222 924 etc.
2252 870 2610 926 Exterminari
2645 873 2781 928 nihil
2805 875 2952 929 aliud
2982 886 3064 932 est
3093 893 3256 949 quam
3286 896 3316 936 ει
3342 883 3453 938 Ι)εο

1869 957 2148 1012 excidere.
2641 1021 2654 1029 _

1943 1048 2102 1104 Vens.
2147 1049 2228 1104 l0.
2274 1051 2342 1105 Et
2373 1054 2554 1118 adhuc,
2599 1055 2884 1124 pusillum,
2923 1067 2968 1112 et
2998 1075 3100 1112 non
3134 1059 3234 1114 erit
3262 1078 3448 1130 pecca-

1868 1143 1969 1201 tor,
2035 1148 2140 1192 etc.
2211 1139 2476 1209 Ambigua
2555 1153 2640 1197 est
2709 1145 2823 1198 haec
2875 1147 3242 1204 locutiozvel
3302 1153 3446 1206 enim

1868 1225 2189 1280 exsistentia
2224 1228 2430 1284 carebit
2472 1241 2724 1298 peccator
2773 1233 2938 1303 (quod
2968 1235 3288 1290 cxisﬁmant
3346 1241 3444 1305 illi,

1867 1315 1957 1380 qui
1986 1331 2184 1384 pravos
2210 1321 2424 1386 penitus
2469 1321 2688 1376 interire
2725 1339 3008 1394 perperam
3056 1328 3329 1399 tradunt),
3361 1331 3447 1386 vel

1867 1406 1920 1459 in
1946 1418 2208 1476 quantum
2235 1422 2493 1480 peccator
2524 1425 2627 1478 est,
2665 1431 2768 1469 non
2795 1418 2920 1471 erit.

1937 1497 2007 1551 Et
2035 1517 2237 1568 (μείω-ες
2268 1502 2440 1556 locum
2467 1503 2606 1572 ejus,
2631 1515 2678 1559 et
2707 1523 2809 1559 non
2838 1507 3088 1572 invenies,
3125 1518 3231 1564 etc.
3264 1509 3444 1568 Locus

1865 1592 2166 1653 peccatoris
2192 1602 2273 1646 est
2305 1593 2534 1648 malitia.

239 1692 305 1742 Ol
329 1687 397 1741 δὲ
426 1687 634 1755 πραεῖς
672 1686 1204 1755 κληρονομήσουσι
1233 1687 1371 1758 γῆν,
1420 1707 1471 1742 κ.
1513 1707 1564 1742 τ.
1599 1690 1645 1742 ὲ.
1692 1689 1747 1740 Ἥ

1934 1678 2094 1736 Vens.
2138 1683 2223 1736 ll.
2269 1683 2540 1738 Mansueti
2577 1694 2752 1738 autent
2785 1688 3177 1742 Ita’reditabunt
3223 1701 3439 1754 terram,

169 1780 246 1850 γῆ
281 1779 373 1833 νῦν
416 1779 525 1849 (52)
567 1777 768 1847 γνῶσιν
814 1777 1098 1848 σημαίνει·
1141 1777 1216 1842 ὡς
1254 1778 1362 1850 γὰρ
1406 1781 1465 1831 ὲν
1507 1779 1654 1848 τόπῳ
1689 1781 1756 1850 τῇ

169 1870 377 1943 θεωρίᾳ
400 1871 615 1939 λέγεται
652 1865 791 1923 εἶναι
820 1871 848 1921 6
882 1868 1024 1932 νοῦς.
1059 1888 1078 1921 ι
1115 1870 1222 1923 Καὶ
1246 1872 1755 1942 κατατρυφήσουσιν

165 1963 263 2016 ἐπὶ
291 1961 484 2034 πλήθει
511 1963 756 2032 εἰρήνης.
794 1979 812 2012 ι
842 1960 1033 2032 Τρυφὴ
1053 1961 1261 2014 δικαίου
1286 1962 1488 2032 πλῆθος
1508 1963 1752 2034 εἰρήνης,

163 2053 373 2124 πλῆθος
414 2053 470 2106 δὲ
515 2053 740 2124 εἰρήνης
783 2053 929 2105 ἐστὶν
961 2052 1198 2106 ἀπάθεια
1229 2053 1407 2124 ψυχῆς
1451 2053 1592 2124 μετὰ
1615 2053 1751 2122 γνώ-

123 2149 126 2152 ’
165 2161 308 2208 σεως
337 2144 445 2198 τῶν
471 2144 640 2197 ὄντων
664 2141 918 2214 ἀληθοῦς.

235 2318 542 2389 Κρεῖσσον
598 2321 805 2388 ὀλίγον·
863 2319 943 2385 τῷ
997 2319 1205 2384 δικαίῳ
1271 2320 1422 2388 ὑπὲρ
1482 2321 1750 2376 πλοῦτον

158 2409 528 2480 ἁμαρτωλῶν
578 2411 798 2474 πολὺν,
843 2428 894 2463 κ.
945 2429 995 2464 τ.
1054 2414 1100 2464 ὲ.
1139 2414 1405 2484 Κρεῖσσον
1431 2412 1583 2483 ὀλίγη
1634 2414 1744 2484 (55)

157 2501 361 2572 γνῶσις
391 2501 734 2572 πνευματικὴ
771 2502 909 2572 ὑπὲρ
940 2501 1141 2572 πλῆθος
1173 2503 1364 2571 σοφίας
1397 2501 1588 2556 ἐθνῶν.

246 2591 649 2660 ’Υποστηρίζει
673 2591 740 2645 δὲ
767 2592 907 2658 τοὺς
933 2592 1200 2658 δικαίους
1224 2596 1256 2646 ό
1283 2595 1513 2662 Κύριος,
1537 2611 1590 2646 κ.
1615 2612 1662 2646 τ.
1695 2594 1742 2648 ἐ.

157 2682 327 2737 οὐδὲν
361 2681 666 2752 οὖτως(54)
691 2682 1043 2753 ὑποστηρίζει
1084 2683 1174 2736 τὸν
1200 2683 1427 2746 δίκαιον,
1472 2683 1546 2747 ὡς
1588 2685 1744 2754 χάρι-

160 2790 276 2844 σμα
344 2772 728 2844 πνευματικόν·
789 2790 808 2823 ι
876 2773 991 2825 Ἵνα
1049 2773 1261 2842 μεταδῷ
1315 2773 1445 2844 ὑμῖν
1502 2775 1744 2845 χάρισμα

157 2864 527 2934 πνευματικὸν
571 2865 654 2927 είς
691 2863 753 2917 τὸ
790 2864 1144 2936 στηριχθῆναι
1189 2867 1366 2936 ὑμᾶς,
1424 2884 1443 2917 ι
1501 2867 1666 2936 φησὶν
1715 2869 1743 2921 6

174 2955 516 3020 Ἀπόστολος.

1857 1781 1962 1826 etc.
2027 1771 2198 1827 Terra
2257 1775 2362 1831 hoc
2413 1777 2530 1831 loco
2587 1779 2862 1848 signiﬁcat
2921 1782 3212 1835 scientiam
3260 1800 3274 1836 :
3314 1800 3441 1838 nam

1856 1865 2311 1934 contemplatione
2346 1883 2498 1923 mens
2526 1869 2728 1923 dicitur
2760 1883 2881 1926 esse
2919 1882 3178 1941 tanquam
3209 1875 3260 1928 in
3290 1875 3430 1933 loco.

1861 1973 1879 2006 ι
1913 1955 1976 2009 Et
2011 1956 2430 2013 delectabuntur
2466 1960 2520 2013 in
2559 1961 2906 2015 multitudine
2948 1964 3116 2032 pacis.
3148 1983 3166 2016 ι
3227 1965 3441 2021 Deliciae

1847 2045 1976 2112 justi
2027 2047 2310 2102 multitudo
2361 2051 2530 2116 pacis,
2583 2052 2870 2107 multitudo
2921 2063 3104 2108 autem
3156 2057 3306 2124 pacis
3356 2067 3441 2113 est

1854 2134 2226 2204 impatibilitas
2283 2137 2478 2192 anima:
2523 2154 2647 2194 cum
2694 2156 2822 2195 vera
2876 2155 3064 2197 eorum
3131 2161 3252 2215 quso
3311 2157 3440 2202 sunt

1852 2225 2182 2288 cognitione.

1927 2317 2085 2372 Vens.
2128 2317 2216 2372 16.
2261 2317 2454 2373 Melius
2497 2331 2573 2375 est
2612 2323 2877 2377 modicum
2905 2329 3057 2398 justo
3105 2343 3264 2392 super
3295 2329 3430 2382 divi-

1848 2409 1949 2463 tias
1969 2420 2299 2478 peccatorum
2323 2412 2540 2477 multas,
2566 2423 2672 2468 etc.
2701 2415 2892 2470 Melior
2915 2425 2997 2469 est
3023 2417 3229 2472 modica
3259 2419 3437 2475 scien-

1846 2503 1919 2555 tia
1949 2499 2230 2569 Spiritalis,
2264 2518 2422 2561 uuam
2457 2504 2622 2558 multa
2652 2505 2919 2573 sapientia
2952 2509 3258 2578 gentilium.

1922 2589 2080 2644 Vnus.
2126 2590 2210 2644 l7.
2253 2590 2419 2662 654
2465 2591 2761 2660 Confirmat
2809 2607 2980 2649 autem
3029 2597 3202 2666 justas
3257 2597 3438 2652 Domi-

1849 2699 1969 2746 nus,
1999 2692 2106 2736 etc.
2160 2681 2308 2736 Nihil
2347 2699 2503 2753 atque
2537 2685 2830 2738 conﬁrmat
2872 2686 3100 2753 justum,
3160 2703 3222 2742 ac
3257 2689 3434 2760 gratia

1849 2772 2113 2841 spiritalis
2143 2790 2156 2825 :
2191 2791 2208 2823 ι
2238 2773 2306 2828 Ut
2355 2774 2638 2844 impertiar
2679 2777 2830 2830 vobis
2869 2780 3097 2843 gratiam
3132 2781 3434 2849 spiritalem

1843 2863 1910 2915 ad
1941 2864 2344 2920 conﬁrmandos
2370 2866 2693 2936 vos,iiuquit
2716 2866 3007 2936 Apostolus
3036 2869 3103 2921 ’⁸.
3153 2864 3156 2866 ’

227 3047 519 3104 Γινώσκει
545 3048 760 3115 Κύριος
779 3047 885 3112 τὰς
902 3045 1083 3112 ὀδοὺς
1103 3046 1220 3100 τῶν
1239 3047 1510 3116 ἀμώμων,
1533 3065 1588 3100 κ.
1617 3065 1666 3099 τ.
1697 3048 1742 3100 ἐ.

1923 3035 2085 3092 Vens.
2131 3037 2218 3092 l8.
2266 3037 2424 3092 Novit
2469 3039 2721 3094 Dominus
2769 3044 2876 3095 vias
2928 3043 3410 3112 immaculalorum,

161 3140 407 3210 Ἕτερος·
444 3157 462 3190 t
493 3139 713 3210 Προοίδε
737 3139 846 3208 (55)
872 3137 1076 3208 Κύριος
1101 3137 1201 3201 τὰς
1227 3139 1438 3210 ἡμέρας
1461 3139 1568 3190 τῶν
1596 3136 1748 3208 ἀμώ-

157 3249 296 3302 μων.
325 3251 343 3283 ι
376 3232 487 3302 Οὐχ
520 3231 871 3302 ὑποστηρίζει
899 3232 1057 3301 μόνον
1090 3231 1272 3294 αὐτοῖς
1293 3230 1392 3301 τὴν
1422 3230 1588 3300 ζωὴν,
1613 3229 1747 3283 ἀλλά

154 3319 253 3372 καὶ
269 3315 374 3372 οἶδε
391 3320 490 3383 τὰς
508 3318 804 3390 μελλούσας
828 3320 1060 3390 ἡμέρας,
1092 3320 1184 3372 καὶ
1211 3319 1308 3389 τὴν
1338 3319 1745 3390 ἡτοιμασμένην

155 3411 538 3482 κληρονομίαν.
568 3412 734 3466 Οὐδὲν
753 3407 846 3464 οὖν
867 3411 1062 3474 αὐτοὺς
1092 3411 1284 3482 βλάψει
1311 3413 1371 3464 τὸ
1399 3413 1536 3483 πρὸς
1568 3411 1742 3482 βραχὺ

154 3503 476 3556 λυπεῖσθαι·
503 3502 869 3574 γυμνάζονται
889 3504 997 3576 γὰρ
1015 3507 1082 3575 τῇ
1114 3503 1402 3575 καρτερία,
1427 3504 1528 3574 τὴν
1550 3504 1744 3572 στενὴν

154 3593 252 3647 καὶ
271 3591 632 3664 τεθλιμμένην
649 3593 943 3657 ὁδεύοντες,
965 3594 1066 3646 οὐκ
1087 3593 1463 3663 αἰσχυνόμενοι
1485 3592 1541 3644 ὲν
1563 3590 1742 3664 καιρῷ

152 3681 410 3753 πονηρῷ,
460 3684 660 3754 ὅτεπερ
720 3684 888 3754 ὀργὴν
946 3683 1143 3750 ἐπάγει
1206 3685 1319 3745 τοῖς
1374 3681 1737 3752 ἁμαρτωλοῖς.

165 3771 328 3825 Ἀλλά
360 3774 454 3827 καὶ
500 3772 596 3828 νῦν
620 3776 669 3828 οἱ
696 3774 793 3844 μὲν
815 3773 990 3844 ἐνδείᾳ
1013 3773 1342 3828 ἀπολοῦνται
1369 3773 1596 3842 λογικῆς
1622 3789 1741 3844 τρο-

147 3864 282 3934 φῆς,
301 3867 351 3919 ot
379 3865 434 3920 δὲ
461 3865 556 3919 τοῦ
591 3865 728 3919 Θεοῦ
751 3867 1262 3938 κατατρυφήσουσιν
1287 3867 1367 3932 εἰς
1396 3865 1732 3937 πλησμονήν.

223 4046 334 4100 Καὶ
395 4047 434 4114 ἡ
491 4049 862 4117 κληρονομία
910 4044 1107 4100 αὐτῶν
1159 4047 1247 4112 εἰς
1299 4044 1486 4099 αἰῶνα
1541 4047 1734 4110 ἔσται,

147 4155 210 4192 κ.
233 4152 287 4210 τ.
320 4137 369 4193 ἐ.
404 4137 758 4210 κληρονομία
780 4136 898 4190 ἐστὶ
928 4135 1040 4208 (56)
1067 4136 1167 4206 τῆς
1195 4136 1420 4208 λογικῆς
1447 4135 1664 4207 φύσεως
1700 4138 1735 4208 ἡ

229 4202 254 4236 ε
511 4202 549 4236 ἐ
659 4202 716 4237 ·.,

145 4240 350 4294 γνωσις
383 4227 416 4296 η
458 4242 552 4278 του
582 4227 740 4280 Θεου.

243 4317 327 4370 οὐ
386 4315 1015 4387 καταισχυνθήσονται
1067 4316 1140 4369 ἐν
1202 4315 1384 4384 καιρῷ
1453 4316 1726 4385 πονηρῷ,

145 4425 204 4464 κ.
239 4423 289 4460 τ.
330 4407 377 4461 ὲ.
414 4408 618 4479 Καιρὸν
653 4408 890 4480 πονηρὸν
922 4407 1034 4479 (57)
1067 4405 1215 4476 λέγει
1246 4409 1339 4461 τὸν
1363 4408 1462 4479 τῆς
1495 4407 1732 4480 κρίσεως

142 4497 358 4571 χρόνον.
413 4517 432 4552 ι
490 4501 600 4554 Καὶ
627 4501 686 4554 ὲν
715 4500 952 4572 ἡμέραις
997 4499 1154 4571 λιμοῦ
1188 4500 1666 4571 χορτασθήσονται.
1707 4520 1724 4548 ι

155 4589 406 4661 Ἡμέρας
426 4591 584 4662 λιμοῦ
603 4592 858 4663 ὀνομάζει
885 4595 943 4645 ὲν
968 4586 1058 4656 αἷς
1079 4592 1260 4646 πολλοὶ
1280 4592 1387 4644 τῶν
1402 4592 1729 4662 ἀκαθάρτων

143 4682 525 4753 στερίσκονται
545 4684 638 4736 τοῦ
665 4685 830 4756 ἄρτου
867 4683 962 4737 τοῦ
995 4685 1273 4747 εἰπόντος·
1311 4702 1331 4734 ι
1385 4682 1525 4752 Ἐγώ
1549 4685 1664 4753 εἰμι
1701 4685 1730 4736 6

141 4772 313 4844 ἄρτος
344 4776 373 4826 6
402 4775 510 4827 ἀπὸ
535 4775 629 4828 τοῦ
663 4775 892 4847 ούρανοῦ
928 4775 1193 4838 καταὸάς.
1237 4793 1254 4826 ι

229 4863 647 4930 Ἐκλείποντες
689 4865 831 4918 ὡσεὶ
891 4863 1120 4930 καπνὸς
1155 4863 1459 4927 ἐξέλιπον,
1492 4879 1545 4914 κ.
1577 4879 1633 4916 τ.
1678 4862 1727 4916 ὲ.

142 4951 350 5006 Τοῦτον
371 4955 464 5007 τὸν
508 4956 714 5009 καπνὸν
743 4954 854 5026 (58)
886 4953 1177 5008 ἀποδιώκει
1217 4954 1326 5006 ἀπὸ
1360 4953 1466 5006 τῶν
1495 4954 1726 5022 λογικῶν

26 5100 41 5108 _
140 5043 321 5110 ξύλων
354 5046 417 5100 τὸ
451 5046 563 5119 πῦρ
599 5047 628 5101 ὃ
657 5043 788 5117 ἦλθε
819 5048 1000 5118 βαλεῖν
1031 5048 1122 5101 ἐπὶ
1152 5047 1249 5117 τὴν
1281 5047 1384 5116 γῆν
1413 5048 1442 5098 6
1467 5045 1719 5117 Χριστός.

213 5157 263 5190 ιι
305 5157 461 5213 Rom.
499 5174 538 5226 ι,
578 5158 666 5213 tt.
743 5160 791 5191 ιι
819 5158 980 5214 .loan.
1016 5176 1092 5224 vr,
1127 5159 1214 5215 ιι.

213 5299 331 5370 (28)
361 5303 558 5369 Θυμός
584 5301 776 5366 ἐστιν,
805 5311 912 5356 etc.
940 5301 1150 5356 Eaedem
1180 5300 1412 5356 schcdte.

213 5371 330 5438 (29)
362 5372 431 5425 Τὸ
455 5371 974 5440 ἐξολοθρειμεθῆναι,
1001 5383 1106 5425 etc.
1141 5371 1375 5426 Etcdem.

236 5441 327 5512 39)
356 5439 711 5510 'Apgplé’oloq
743 5445 780 5510 ἡ
814 5442 1000 5507 λέξις,
1035 5451 1138 5495 etc.
1165 5443 1368 5498 Catena
1389 5439 1658 5498 Corderii.

238 5513 330 5578 51)
371 5513 576 5577 Τόπος,
607 5523 714 5567 etc.
741 5513 964 5567 Scheda:
984 5512 1198 5566 Grabii.

209 5581 330 5652 (52)
367 5581 435 5636 'H
459 5581 532 5650 τῆ
559 5582 696 5645 νῦν,
721 5595 825 5636 etc.
853 5583 1086 5652 Ezedcm.

211 5642 326 5722 (55)
354 5642 654 5722 Ιίρεῖσσον
673 5642 866 5724 ὀλίγη,
890 5663 994 5708 ctc.
1027 5649 1261 5707 Etedem.

1848 3139 1957 3182 etc.
1995 3129 2148 3182 Alius
2177 3128 2308 3198 legit
2338 3148 2352 3184 :
2395 3147 2412 3180 t
2439 3129 2697 3184 Praevidit
2723 3131 2984 3189 Dominus
3011 3132 3127 3187 dics
3161 3132 3430 3186 immacu-

1848 3217 2098 3274 latorum.
2126 3239 2146 3271 ι
2205 3219 2318 3273 Non
2360 3221 2652 3276 conﬁrmat
2699 3222 2871 3275 solum
2922 3222 3054 3291 ipsis
3105 3223 3291 3287 vitam,
3333 3223 3429 3277 sed

1847 3310 2000 3362 norit
2038 3311 2204 3363 etiam
2247 3310 2366 3365 dies
2409 3311 2619 3365 futuros
2653 3321 2704 3364 et
2742 3323 3100 3381 pra‘paratam
3144 3313 3430 3366 haeredita-

1849 3409 1978 3454 tem.
2009 3400 2151 3454 Nihil
2181 3402 2346 3471 igitur
2377 3403 2508 3472 ipsis
2549 3404 2764 3467 oberit,
2808 3405 2947 3472 quod
2981 3419 3147 3473 parvo
3189 3416 3430 3474 tempore

1844 3492 2066 3564 lugeant
2097 3511 2110 3545 :
2156 3511 2280 3548 nam
2308 3508 2406 3562 per
2433 3493 2780 3548 tolerantiam
2805 3505 3151 3560 exercentur,
3178 3511 3300 3552 cum
3333 3511 3430 3565 per

1843 3593 2129 3654 angustam
2165 3594 2222 3638 et
2253 3595 2458 3638 arctam
2511 3585 2654 3638 viam
2710 3586 2987 3652 incedunt,
3044 3602 3149 3641 non
3198 3588 3432 3641 confun-

1842 3675 2005 3730 dendi
2034 3675 2087 3730 in
2120 3685 2366 3746 tempore
2397 3676 2560 3741 malo,
2595 3679 2813 3743 quando
2858 3677 2993 3730 iram
3028 3679 3231 3733 inducit
3261 3694 3429 3748 super

1840 3777 2182 3836 peccatores.
2219 3769 2360 3836 Quin
2398 3769 2730 3823 etiamnunc
2755 3769 2812 3823 hi
2839 3770 3055 3838 quidem
3089 3771 3430 3829 rationabilis

1839 3860 1945 3914 cibi
1976 3861 2202 3930 penuria
2245 3872 2510 3932 pereunt;
2552 3862 2627 3916 illi
2662 3877 2796 3918 vero
2841 3863 2908 3918 ad
2950 3863 3260 3919 satietatem
3315 3863 3427 3919 Deo

1839 3949 2276 4007 delectabantur.

1913 4036 1980 4094 Et
2021 4043 2304 4096 Ita'reditas
2344 4058 2530 4096 eorum
2567 4042 2623 4096 in
2652 4053 2906 4097 (utentum
2944 4045 3066 4108 erit,
3100 4053 3210 4100 etc.
3243 4043 3428 4099 llmre-

1837 4131 1976 4186 ditas
1999 4143 2082 4187 est
2109 4148 2172 4188 ea
2203 4133 2449 4205 cognitio
2467 4150 2630 4205 quam
2662 4135 2728 4192 de
2752 4134 2863 4190 Deo
2887 4135 3051 4192 habet
3083 4136 3427 4192 rationabilis

1837 4234 2053 4277 natura.

1911 4314 2072 4370 Vnus.
2116 4315 2201 4370 t9.
2243 4315 2368 4371 Non
2425 4317 2821 4386 confundantur
2865 4318 2923 4372 in
2973 4325 3206 4386 tempore
3256 4316 3418 4379 malo.

1837 4416 1944 4462 etc.
1989 4405 2224 4478 Tempus
2258 4408 2459 4463 tnalum
2500 4419 2664 4464 vocat
2690 4409 2884 4480 judicii
2921 4419 3151 4477 tempus.
3205 4425 3226 4460 ι
3255 4407 3321 4462 Ει
3363 4407 3421 4462 in

1838 4495 2027 4552 diebus
2058 4497 2222 4554 famis
2254 4501 2672 4554 saturabuntur.
2705 4519 2725 4550 ι
2780 4499 2902 4552 Dies
2937 4499 3094 4554 famis
3115 4509 3273 4553 vocat
3298 4499 3422 4554 illas

1833 4586 1886 4641 in
1919 4587 2113 4656 quibus
2143 4590 2295 4644 multi
2325 4607 2394 4645 ex
2427 4591 2493 4645 iis
2533 4590 2624 4658 qui
2660 4589 2922 4642 immundi
2970 4598 3098 4643 sunt
3138 4590 3421 4659 privantur

1833 4695 1971 4748 pane
2017 4681 2160 4735 illius
2209 4684 2302 4750 qui
2352 4683 2488 4738 dixit
2515 4683 2561 4714 ³⁸
2590 4699 2604 4738 :
2638 4699 2656 4733 ι
2684 4681 2798 4750 Ego
2844 4694 2960 4736 sum
3011 4681 3166 4749 panis
3211 4681 3303 4752 qui
3353 4683 3419 4736 de

1833 4770 1974 4826 coelo
2000 4773 2272 4826 descendi.
2307 4791 2326 4824 ι

1913 4865 2078 4918 Vens.
2114 4864 2202 4918 9.0.
2249 4864 2559 4933 Deﬁcientes
2586 4863 3028 4933 quemadmodum
3078 4861 3258 4930 fumus
3287 4860 3421 4926 deﬁ-

1837 4956 2000 5022 cient,
2042 4965 2149 5010 etc.
2194 4955 2349 5010 l-lnnc
2399 4956 2604 5008 funium
2653 4955 2876 5024 expellit
2919 4973 2946 5008 a
3001 4952 3418 5009 rationabilibus

1832 5045 1996 5117 lignis
2024 5048 2163 5114 ignis
2188 5062 2351 5116 quem
2394 5047 2539 5101 Venit
2561 5046 2816 5102 Christus
2842 5047 2895 5102 in
2931 5055 3134 5102 terram
3172 5042 3411 5098 mittere.

1907 5300 2022 5368 (54)
2050 5299 2241 5355 Οὐδὲν
2273 5298 2483 5367 οὕτως,
2511 5309 2614 5355 etc.
2649 5300 2886 5354 Eandem.

2051 5373 2317 5440 ’Έτερος
2351 5364 2612 5445 umores,
2641 5387 2748 5424 etc.
2761 5369 2980 5445 paterin
3005 5364 3272 5445 (Ξοτᾳοξίίῖ.

1928 5436 2016 5501 56)
2039 5436 2414 5509 Κληρονομίά
2440 5442 2594 5508 ἐστι,
2621 5451 2726 5494 ctc.
2757 5439 2982 5492 Scheda:
3006 5436 3214 5509 Grabii.

1928 5445 2016 5501 56)
2039 5445 2414 5509 Κληρονομία
2440 5445 2594 5508 ἐστι,
2621 5451 2726 5494 ctc.
2757 5445 2982 5492 Scheda:
3006 5445 3214 5491 Urahtt.

1904 5445 2262 5586 (57)Καιρύν
2297 5514 2590 5580 πονηρόν,
2641 5521 2746 5566 etc.
2775 5511 2988 5564 Etedem
3015 5506 3230 5560 schedzn
3275 5502 3414 5560 Gra-

1831 5583 2021 5726 ωιίῦὃ)
2054 5653 2273 5708 Τοῦτον
2301 5653 2407 5706 τὸν
2430 5651 2687 5714 καπνόν,
2715 5655 2822 5705 etc.
2853 5646 3090 5703 Εωάθιηο
