3822 6506
180 204 302 259 1521

877 200 1187 258 SELECTA
1222 199 1289 255 IN
1322 197 1665 256 PSALMOS.
1695 230 1764 239 —
1798 195 2035 255 HOMIL.
2076 197 2097 249 Ι
2130 195 2199 251 IN
2237 195 2434 251 PSAL.
2476 193 2718 252 XXXVI.

3290 172 3432 261 me

179 331 286 396 ipse
311 336 393 382 est
418 340 619 383 sermo.
649 326 757 381 Sed
786 336 841 378 ct
880 327 935 381 in
958 327 1221 396 Apostolo
1248 326 1511 396 scriptmu
1543 333 1628 379 cst
1656 324 1700 356 ³ο
1727 342 1740 376 :
1774 329 1819 384 Α
1850 324 1944 377 sed
1973 322 2094 376 ideo
2134 335 2254 389 quae
2286 319 2448 374 stulta
2488 328 2618 374 sunt
2652 319 2815 391 elegit
2850 320 2992 376 Deus
3024 321 3188 393 hujus
3216 330 3423 386 mundi,

176 421 251 471 An
290 417 605 471 (cuiulamur
655 418 937 471 Dominum
974 419 1000 470 Ρ
1041 416 1295 485 Nunquid
1354 416 1601 484 fortiores
1651 413 1745 466 illo

176 500 415 562 sumus’?
469 507 534 560 Et
559 508 646 560 ubi
695 508 947 571 habetur,
982 510 1299 561 wmulamur
1330 504 1650 566 Dominum,
1689 504 1743 557 in

176 599 494 668 quibusdam
556 598 1006 666 exemplaribus,
1071 598 1348 650 irritamus
1414 595 1741 662 Dominum,

174 691 432 758 scriptum
462 699 564 744 est.
600 690 675 744 Ex
706 690 904 757 quibus
931 690 1186 745 omnibus
1221 688 1553 743 testimoniis
1601 689 1745 743 iudi-

177 792 362 847 catur,
415 782 558 851 quod
601 782 843 835 aemulari
893 781 1167 850 aliquem,
1227 780 1446 834 irritare
1493 794 1616 834 eum
1662 788 1744 833 est

175 884 225 929 et
272 889 568 941 provocare
614 890 628 927 :
686 884 769 941 ut,
811 873 960 928 verbi
1011 887 1174 927 catsa
1204 911 1219 939 ,
1272 871 1315 927 si
1365 872 1455 926 tali
1529 882 1745 926 utamur

173 968 414 1034 exemplo
441 965 613 1019 :Sunt
645 965 894 1035 quadam
932 964 1190 1019 mulieres
1232 965 1517 1033 impudicae
1559 974 1613 1018 et
1645 978 1741 1018 ne-

173 1072 352 1125 quam,
376 1071 497 1127 qua;
523 1057 566 1110 si
600 1057 743 1111 forte
774 1055 924 1111 viros
950 1056 1002 1111 in
1023 1056 1229 1111 amoris
1261 1055 1444 1110 furtivi
1472 1053 1744 1110 illecebris

173 1150 432 1218 ceperint,
472 1162 732 1217 processu
763 1148 1024 1217 temporis
1053 1147 1285 1204 occultis
1322 1163 1429 1202 non
1472 1153 1747 1201 contenta}

172 1242 402 1313 flagitiis,
459 1241 646 1295 volunt
677 1242 841 1295 etiam
880 1242 1095 1311 pudicis
1149 1240 1475 1309 conjugibus
1516 1239 1741 1293 innote-

174 1348 347 1398 scere,
378 1333 521 1402 quod
552 1332 619 1385 ab
651 1347 838 1386 earum
884 1331 1013 1385 viris
1041 1339 1313 1394 amentur,
1349 1339 1407 1383 ut
1435 1343 1500 1383 ex
1544 1328 1648 1383 hoc
1687 1327 1742 1382 iu

172 1427 341 1481 Zeium
372 1425 639 1489 excitent,
683 1434 738 1479 et
782 1423 1021 1487 irriteut,
1060 1438 1124 1477 ac
1164 1422 1484 1492 perturbent
1537 1420 1743 1474 alienas

169 1519 374 1574 domos.
408 1517 465 1572 Si
502 1516 813 1572 intellexisti
859 1515 1096 1585 exetupli
1141 1516 1418 1575 virtutem.
1472 1514 1743 1583 quomodo

170 1612 339 1680 pellex
374 1611 549 1664 zelum
573 1610 809 1664 concitet
841 1612 1021 1677 uxori,
1055 1618 1112 1665 et
1141 1609 1243 1662 hoc
1266 1609 1431 1662 debes
1456 1608 1741 1660 advertere

169 1701 295 1769 quid
325 1700 397 1754 sit
428 1699 672 1754 aemulari
714 1701 856 1754 inter
887 1698 1121 1768 aliquos,
1156 1698 1207 1751 id
1249 1708 1347 1762 est,
1380 1712 1502 1750 cum
1530 1697 1609 1749 eis
1634 1712 1740 1748 ma-

172 1793 295 1846 litia:
331 1791 563 1858 alicujus
594 1790 951 1844 incitamenta
988 1788 1323 1858 praebentur.
1349 1788 1591 1856 Denique
1615 1785 1737 1854 quia

168 1899 345 1938 sermo
369 1883 457 1938 ille
488 1881 915 1947 Deuterouomii,
941 1879 993 1933 itt
1030 1895 1138 1949 quo
1176 1881 1253 1935 alt
1282 1896 1296 1932 :
1331 1878 1444 1946 Ipsi
1476 1880 1531 1931 in
1571 1879 1740 1931 zelum

168 1980 498 2031 adduxerunt
552 1993 630 2030 me
679 1978 733 2030 in
771 1993 873 2030 non
912 1975 1043 2041 Deo,
1091 1976 1140 2030 id
1185 1984 1269 2029 est
1312 1972 1734 2044 παρεζήλωσαν,

169 2071 267 2123 hoc
290 2068 579 2138 signiticet,
610 2082 677 2120 ex
714 2067 819 2121 hoc
851 2065 1195 2121 manifestius
1228 2064 1402 2119 claret
1431 2063 1578 2133 quod
1607 2063 1738 2116 alibi

168 2165 420 2231 scriptum
444 2174 531 2215 est
567 2161 633 2226 ³¹,
671 2164 799 2230 quia
843 2161 983 2215 Deus
1019 2170 1205 2213 uoster
1248 2158 1393 2212 Deus
1438 2156 1623 2211 zelaus
1649 2156 1737 2209 di-

168 2255 326 2307 citur.
360 2254 556 2307 Zelaus
586 2263 764 2306 autem
807 2253 1035 2305 maritus
1081 2251 1187 2305 dici
1231 2250 1368 2305 solet
1405 2249 1472 2304 de
1514 2246 1741 2317 conjuge

165 2363 284 2409 sua,
315 2362 436 2401 cum
476 2349 525 2401 ei
559 2344 876 2415 pudicitiam
908 2344 1199 2398 sollicitius
1225 2353 1280 2397 et
1310 2341 1528 2396 cautius
1558 2348 1737 2403 curat,

166 2453 269 2494 nec
307 2438 468 2508 pollui
510 2439 717 2507 patitur
767 2435 1021 2504 conjugis
1050 2434 1376 2488 castitatem.
1416 2431 1570 2486 Unde
1605 2446 1739 2486 con-

163 2540 455 2602 sequenter
487 2532 576 2601 qui
610 2543 819 2600 peccat,
872 2529 1042 2584 Deum
1079 2529 1171 2598 qui
1214 2527 1403 2582 zelans
1428 2527 1650 2593 dicitur,
1683 2526 1739 2581 in

165 2630 338 2685 zelum
375 2630 588 2697 incitat,
614 2638 667 2684 et
692 2629 901 2683 irritat.
936 2626 1137 2682 Verum
1170 2627 1285 2682 hinc
1308 2626 1489 2682 omnia
1516 2626 1742 2682 abusive

165 2725 433 2777 audienda
473 2732 604 2777 sunt
652 2721 719 2775 de
764 2720 898 2787 Deo,
944 2720 1085 2775 sicut
1115 2728 1170 2775 et
1198 2734 1262 2774 ea
1298 2734 1418 2788 qua:
1458 2720 1525 2774 de
1554 2716 1742 2774 furore

167 2815 265 2870 Dei
316 2816 586 2879 dicuntur,
630 2814 717 2868 vel
761 2816 829 2869 de
869 2829 1087 2879 somno,
1128 2813 1213 2868 vel
1250 2812 1316 2866 de
1355 2811 1600 2875 tristitia,
1645 2826 1742 2881 per

162 2928 285 2978 qua:
333 2911 459 2963 illud
512 2909 837 2979 intelligitur
878 2909 1008 2978 quid
1062 2907 1441 2977 unusquisque
1492 2913 1740 2960 nostrum

1848 423 1909 468 ut
1934 412 2232 469 confundat
2282 413 2579 482 sapientes,
2607 422 2661 467 et
2692 414 2770 467 sic
2804 404 3059 484 impletur
3105 418 3249 485 quod
3285 419 3425 472 scri-

1849 514 1999 572 ptum
2030 512 2115 559 est
2143 521 2158 557 :
2199 503 2269 557 In
2299 517 2503 573 gentem
2536 504 2865 568 insipientem
2902 506 3123 560 irritabo
3176 524 3287 566 eos.
3318 512 3424 565 Sed

1848 605 1903 651 et
1941 598 2086 664 quod
2124 596 2256 650 dicit
2294 597 2587 667 Apostolus
2624 599 2713 652 ³⁸τ
2758 602 2837 652 An
2882 600 3197 653 «emulamur
3237 602 3423 657 Domi-

1848 704 1970 741 num
1991 689 2016 740 ξ)
2040 687 2297 757 Nunquid
2318 690 2565 759 fortiores
2596 709 2778 746 sumus
2804 691 2898 745 illo
2926 693 2950 746 ?
2978 695 3256 748 videamus
3290 696 3421 764 quid

1850 777 2071 832 indicet.
2110 776 2168 831 lu
2206 793 2271 834 eo
2302 779 2418 835 loco
2463 782 2575 836 huic
2615 782 2773 847 dixit,
2801 783 2889 836 ubi
2918 785 2984 837 de
3022 785 3323 850 sacrificiis,
3369 794 3425 840 et

1847 871 1912 925 de
1942 870 2027 925 his
2065 886 2187 941 quae
2220 870 2378 927 idolis
2414 872 2792 941 immolantur,
2840 874 3100 943 disputat.
3142 877 3223 929 An
3257 894 3425 931 (emu-

1846 960 2042 1026 lamur,
2100 962 2199 1026 ait,
2240 962 2545 1029 Dominum,
2596 964 2700 1021 hoc
2748 977 2830 1021 est
2883 968 3000 1022 zelo
3045 968 3463 1033 concitamus,‘

1847 1053 2069 1109 edentes
2105 1070 2168 1110 ea
2199 1069 2319 1124 quae
2357 1054 2513 1111 idolis
2551 1056 2828 1114 immolata
2877 1069 3023 1124 suut,
3061 1061 3201 1115 sicut
3242 1060 3416 1115 Judaei

1847 1145 2021 1200 zelum
2055 1145 2169 1215 ejus
2197 1158 2615 1203 commoverunt
2660 1150 2714 1202 in
2759 1149 2916 1205 idolis
2958 1152 3075 1206 suis
3108 1153 3131 1205 ?
3168 1151 3422 1223 Nunquid

1844 1239 2003 1292 etiam
2038 1254 2136 1293 nos
2164 1238 2329 1293 simili
2380 1240 2540 1295 modo
2585 1240 2766 1296 facere
2801 1242 3091 1298 volumus?
3130 1245 3251 1299 Ideo
3288 1259 3419 1314 ergo

1845 1331 1961 1386 ait:
1997 1330 2078 1385 An
2121 1333 2438 1407 wmulamur
2485 1331 2770 1387 Dominum
2798 1335 2823 1387 ?
2872 1333 3127 1405 Nunquid
3175 1336 3422 1407 fortiores

1845 1422 1940 1475 illo
1980 1439 2163 1476 sumus
2190 1418 2217 1477 3
2242 1404 2357 1477 Hoc
2389 1433 2475 1478 est
2502 1423 2647 1493 quod
2679 1423 2829 1478 dicit.
2856 1420 2911 1476 Si
2931 1426 3148 1494 quidem
3176 1404 3420 1481 concite-

1844 1530 1967 1570 mus
2005 1514 2183 1569 zclum
2214 1516 2381 1570 alicui
2414 1515 2504 1584 qui
2542 1515 2769 1570 inferior
2812 1525 2895 1571 est
2935 1517 3148 1571 viribus
3193 1518 3416 1578 nostris.

1845 1622 2131 1675 possumus
2154 1606 2316 1663 facile
2345 1617 2701 1662 contemnere
2731 1625 2746 1674 ;
2775 1606 2820 1663 si
2857 1622 2987 1662 vero
3018 1606 3212 1663 fortem
3238 1609 3423 1664 conci-

1845 1709 2024 1755 temus
2054 1702 2105 1753 iu
2142 1700 2344 1764 zelum,
2374 1700 2615 1769 nunquid
2639 1715 2746 1756 non
2774 1702 2827 1755 in
2860 1702 3136 1770 propriam
3167 1701 3423 1756 molimur

1847 1795 1945 1846 ista
1986 1793 2283 1861 perniciem
2308 1791 2330 1845 ?
2356 1790 2410 1845 Si
2441 1808 2572 1861 ergo
2606 1792 2876 1847 vescimur
2912 1793 3069 1857 idolis
3102 1792 3418 1858 immolatis,

1842 1894 1897 1937 et
1929 1884 2215 1938 achI‘sun:
2257 1898 2357 1938 nos
2388 1884 2565 1937 zelum
2601 1883 2813 1938 Domini
2848 1884 3201 1945 cencitamus.
3233 1883 3422 1939 fortio-

1844 1992 1957 2030 rem
1996 1975 2133 2031 iram
2164 1985 2354 2031 contra
2384 1990 2504 2042 nos,
2536 1975 2588 2029 id
2622 1982 2707 2030 est
2737 1976 2803 2029 ad
2828 1975 3109 2047 proprium
3143 1975 3419 2030 interitum

1842 2083 2224 2139 provocamus.
2257 2067 2315 2124 Si
2354 2069 2571 2138 quando
2601 2083 2733 2139 ergo
2766 2067 2969 2123 videris
3013 2070 3285 2124 hominem
3321 2084 3419 2123 ue-

1841 2175 2028 2229 quam,
2056 2160 2307 2223 observa,
2337 2169 2393 2215 et
2423 2174 2559 2215 cave
2590 2176 2659 2215 ne
2687 2167 2865 2215 zelum
2899 2158 3021 2228 ejus
3057 2160 3300 2215 concites
3322 2160 3419 2212 ad-

1841 2268 2057 2309 versum
2099 2262 2171 2319 te,
2216 2268 2283 2308 ne
2309 2252 2439 2322 quid
2470 2252 2697 2308 incaute
2741 2251 2935 2319 facias,
2979 2252 3120 2306 unde
3175 2251 3419 2319 nequitia

1841 2345 2167 2400 concitetur.
2199 2341 2362 2399 Verbi
2397 2360 2587 2407 causa,
2634 2353 2693 2398 ut
2736 2359 2836 2413 per
2864 2344 3171 2413 exemplum
3205 2341 3420 2411 planius

1840 2435 1939 2491 ﬁat
1970 2438 2113 2507 quod
2147 2436 2370 2502 dicitur,
2400 2436 2597 2493 beatus
2646 2436 2816 2491 David
2850 2436 2981 2491 Sani
3030 2435 3417 2504 malignantem

1840 2528 2147 2584 concitavit
2179 2529 2233 2583 in
2268 2529 2466 2593 zelum,
2500 2529 2719 2599 quando
2750 2527 3024 2599 processit
3058 2538 3183 2581 ante
3209 2526 3421 2580 exerci-

1844 2629 1996 2682 tum,
2045 2630 2100 2674 et
2149 2620 2353 2674 occidit
2403 2619 2661 2684 Goliam,
2715 2628 2768 2673 et
2821 2627 3212 2687 processerunt
3266 2616 3419 2671 chori

1842 2712 2143 2783 puellarum
2170 2721 2226 2766 et
2263 2711 2554 2766 mulierum
2580 2712 2831 2766 dicentes
2863 2710 2908 2741 3*
2938 2729 2950 2764 :
2989 2707 3261 2763 Percussit
3290 2708 3420 2764 Saul

1842 2805 1897 2859 in
1934 2803 2188 2865 millibus,
2224 2811 2273 2856 et
2309 2801 2479 2855 David
2516 2802 2569 2855 in
2610 2804 2785 2856 decem
2837 2802 3086 2856 millibus.
3123 2802 3275 2867 Quod
3318 2804 3420 2856 utin

1842 2910 1949 2965 que
1992 2896 2037 2948 si
2081 2895 2268 2949 studio
2304 2910 2403 2949 suo
2454 2895 2658 2962 egisset
2694 2894 2883 2956 David,
2913 2895 3198 2963 zeiuulatus
3230 2894 3419 2950 fuisset

164 3019 264 3073 pro
310 3005 525 3058 actibus
575 3004 690 3057 suis
736 3003 802 3057 de
849 3002 960 3056 Deo
1011 3011 1309 3055 mereatur,
1362 2999 1606 3068 Denique
1656 2998 1737 3053 sic
1767 3025 1814 3086 C
1845 2986 1898 3041 in
1940 2986 2276 3057 malignitate
2311 2985 2461 3041 Sani.
2497 2986 2604 3039 Sed
2642 3002 2787 3039 nunc
2827 3001 2936 3040 non
2982 3001 3080 3045 suo
3115 2986 3292 3041 studio
3335 2985 3422 3039 fa-

159 3097 301 3152 dixit
330 3101 380 3150 in
414 3096 839 3151 Deuteronomio
865 3095 933 3162 ”,
964 3095 1088 3164 quia
1130 3094 1229 3163 ipsi
1270 3094 1326 3146 in
1364 3093 1535 3146 zelum
1560 3091 1736 3144 addu-

160 3203 351 3247 xerunt
374 3209 452 3244 me
473 3194 527 3244 in
561 3209 665 3247 non
694 3191 825 3257 Deo,
853 3201 900 3243 et
931 3190 1374 3242 exacerbaverunt
1401 3202 1479 3238 me
1501 3187 1553 3238 in
1582 3184 1738 3238 idolis

158 3287 293 3347 suis,
327 3285 378 3340 id
412 3294 517 3349 est,
550 3284 792 3340 colentes
827 3282 965 3337 idola
1018 3282 1070 3335 iu
1118 3280 1291 3335 zelum
1325 3279 1739 3333 concitaverunt

162 3396 272 3432 me.
302 3376 410 3433 Sed
441 3378 568 3446 quid
599 3375 890 3445 sequitur?
921 3374 987 3428 Et
1035 3391 1127 3443 ego
1178 3376 1231 3425 in
1270 3370 1437 3424 zelum
1475 3372 1741 3423 adducam

157 3487 252 3525 eos
290 3473 344 3523 in
387 3487 491 3523 non
524 3480 750 3539 gentem,
800 3485 854 3521 tn
892 3475 1096 3537 gentem
1146 3464 1477 3534 insipientem
1520 3463 1740 3515 irritabo

160 3579 271 3618 eos.
309 3563 459 3619 Unde
488 3564 651 3617 etiam
691 3577 836 3616 nunc
865 3560 1037 3614 Judaei
1083 3573 1189 3613 non
1226 3569 1512 3612 moventur
1546 3560 1743 3610 adver-

160 3671 257 3710 sus
311 3655 561 3725 gentiles,
609 3654 896 3707 adversum
954 3667 1054 3706 eos
1104 3650 1194 3721 qui
1246 3649 1387 3704 idola
1433 3649 1636 3714 colunt,
1690 3654 1745 3700 et

160 3752 333 3805 Deum
365 3750 762 3819 hlasphemaut,
791 3758 845 3802 et
874 3748 995 3804 illos
1026 3762 1134 3800 non
1174 3746 1431 3806 oderunt,
1464 3758 1563 3796 nec
1594 3741 1738 3795 iudi-

158 3856 398 3912 guaulur
424 3845 714 3897 adversum
743 3857 837 3896 eos
866 3858 879 3906 ;
914 3842 1202 3894 adversum
1240 3835 1588 3891 ChriStiauos
1615 3848 1741 3887 vero

157 3936 460 3993 insatiabili
492 3936 619 3991 odio
664 3935 935 3998 feruntur,
969 3933 1060 4002 qui
1103 3930 1288 3998 utique
1329 3927 1539 3982 relictis
1586 3925 1743 3979 idolis

157 4031 225 4085 ad
257 4030 423 4084 Deum
466 4027 712 4083 conversi
754 4036 899 4081 sunt.
935 4023 1070 4079 Cum
1118 4036 1252 4091 ergo
1295 4019 1499 4073 videris
1525 4016 1743 4071 Iudaeos

156 4123 284 4177 odio
311 4123 572 4176 habentes
603 4119 971 4175 Christianum
1009 4127 1063 4170 et
1088 4116 1417 4169 insidiantes
1460 4113 1534 4178 ei,
1577 4109 1741 4164 inte!"-

156 4218 264 4285 lige
298 4215 423 4284 quia
458 4213 760 4282 completur
804 4209 1085 4280 prophetia
1138 4208 1226 4260 illa
1274 4220 1395 4275 quae
1433 4203 1565 4258 dicit
1606 4218 1619 4255 :
1670 4200 1741 4253 Et

153 4327 250 4380 ego
287 4307 561 4362 concitabo
590 4320 676 4358 eos
722 4304 777 4356 in
828 4318 932 4355 non
972 4309 1199 4371 gentem.
1232 4296 1341 4351 Nos
1368 4295 1511 4350 enim
1554 4308 1740 4348 sumus

154 4419 265 4457 non
295 4415 447 4469 gens,
492 4399 583 4468 qui
628 4395 785 4465 pauci
832 4410 901 4449 ex
948 4393 1051 4447 ista
1086 4390 1311 4445 civitate
1350 4387 1473 4442 cred

149 4495 254 4548 alii
314 4508 381 4547 ex
429 4491 557 4551 alia.
610 4498 669 4543 et
708 4501 979 4557 nusquam
1035 4498 1169 4555 gens
1210 4482 1423 4550 integra
1470 4477 1539 4531 ab
1584 4477 1740 4531 initio

145 4586 500 4643 credulitatis
528 4584 744 4638 videtur
777 4588 1079 4648 assumpta.
1126 4576 1243 4630 Non
1288 4574 1436 4628 enim
1470 4573 1611 4627 sicut
1638 4569 1736 4624 Ju-

146 4683 400 4735 dzcorum
460 4692 593 4747 gens
653 4683 795 4738 erat,
857 4672 941 4726 vel
993 4668 1378 4740 Egyptiorum
1449 4678 1601 4734 gens,
1668 4663 1739 4715 ita

144 4776 322 4829 etiam
352 4771 786 4825 Christianorum
819 4780 991 4835 genus
1021 4778 1153 4832 gens
1188 4771 1274 4815 est
1305 4775 1440 4821 una,
1476 4760 1554 4812 vel
1596 4757 1739 4809 inte-

145 4886 276 4940 gra,
316 4867 409 4920 sed
439 4865 668 4934 sparsim
717 4880 782 4916 ex
833 4860 1061 4931 singulis
1101 4857 1356 4927 gentibus
1396 4852 1563 4924 656
1601 4866 1737 4905 con-

145 4967 481 5029 gregantur.
523 4956 658 5010 Dit‘il
687 4970 837 5023 ergo,
881 4953 1003 5021 quia
1028 4950 1136 5020 Ego
1165 4951 1219 5002 in
1252 4947 1422 5000 selum
1454 4963 1543 4999 eos
1581 4945 1742 4998 indu-

145 5070 275 5106 cam
316 5053 368 5104 in
402 5067 503 5103 non
530 5061 751 5119 gentem,
800 5050 855 5102 in
896 5058 1098 5123 gentem
1140 5044 1477 5112 insipientem
1515 5040 1736 5093 irritabo

144 5161 270 5198 eos.
306 5142 373 5196 Et
402 5141 522 5195 ideo
551 5140 838 5193 irritantur
884 5137 936 5192 in
987 5153 1104 5201 nos,
1136 5145 1193 5191 et
1230 5134 1357 5188 odio
1402 5147 1502 5186 nos
1537 5131 1739 5185 habent

148 5237 307 5290 velut
346 5244 564 5304 gentem
599 5233 973 5302 insipientem,
1004 5232 1251 5286 dicentes
1284 5243 1341 5282 se
1373 5240 1495 5281 esse
1524 5224 1742 5293 sapien—

150 5338 269 5389 tes,
313 5325 572 5395 quouiam
614 5324 832 5393 quidem
880 5321 1072 5391 primis
1120 5320 1250 5389 ipsis
1294 5316 1589 5373 commissa
1620 5320 1746 5367 sunt

146 5420 376 5489 eloquia
416 5418 532 5483 Dei,
560 5428 615 5471 et
649 5416 970 5470 meditantes
1001 5430 1030 5467 a
1062 5427 1228 5482 puero
1250 5424 1425 5480 usque
1468 5406 1538 5461 ad
1585 5417 1739 5460 sene-

148 5523 366 5568 ctutem
398 5510 569 5582 legem
601 5509 724 5577 Dei,
772 5510 825 5563 in
851 5508 1027 5579 legem
1072 5505 1166 5560 Dci
1199 5520 1304 5560 non
1336 5505 1700 5573 pervenerunt
1726 5513 1742 5563 ;

226 5689 279 5728 ⁸⁸
322 5688 339 5743 1
389 5688 515 5743 Cor.
574 5703 633 5749 ι,
671 5686 765 5742 29..
841 5685 882 5717 ³¹
935 5683 1105 5741 Exod.
1148 5699 1203 5750 x,
1249 5680 1304 5737 5.

404 5784 678 5843 Panos.
715 5779 834 5839 Gn.
870 5778 1011 5839 ΧΠ.

1845 3089 1996 3133 ctum
2022 3089 2104 3131 est
2130 3089 2187 3131 ut
2212 3077 2428 3131 exirent
2450 3076 2604 3131 chori
2627 3076 2951 3145 puellarum,
2969 3086 3023 3129 et
3050 3077 3421 3144 hujuscemodi

1844 3173 2101 3242 hymnum
2138 3170 2406 3234 dicereut,
2450 3170 2579 3240 quia
2628 3170 2793 3224 David
2840 3170 3114 3238 percussit
3151 3170 3203 3222 in
3234 3169 3420 3224 decem

1847 3261 2110 3328 millibus,
2160 3272 2215 3316 et
2258 3262 2386 3315 Saul
2440 3262 2494 3315 in
2546 3261 2802 3317 millibus.
2852 3260 2963 3315 lloc
3004 3270 3245 3332 estergo
3278 3262 3421 3329 quod

1846 3370 1949 3410 uos
1981 3356 2171 3409 edocet
2206 3354 2472 3425 psalmus,
2521 3364 2579 3408 ut
2626 3369 2768 3423 quon
2797 3368 2883 3407 am
2929 3368 3100 3422 genus
3142 3354 3421 3409 hominum

1848 3446 2090 3516 proclive
2122 3456 2207 3500 est
2239 3446 2306 3499 ad
2336 3446 2689 3515 zelotypiam,
2734 3453 2787 3499 et
2835 3443 3093 3514 perfacile
3127 3446 3194 3499 ad
3231 3447 3423 3498 vitium

1846 3540 1988 3595 istud
2022 3539 2340 3604 inclinatur,
2374 3540 2605 3597 observa
2652 3550 2718 3592 ne
2768 3537 2819 3590 id
2870 3552 3020 3604 agas,
3055 3537 3199 3606 quod
3251 3536 3424 3590 malos

1848 3632 2096 3687 homines
2128 3631 2179 3685 in
2214 3630 2619 3685 anuulationem
2653 3631 2726 3683 tui
2753 3629 2951 3696 irritet,
2976 3638 3031 3684 et
3058 3630 3125 3683 ad
3152 3628 3420 3682 insidian—

1845 3729 1973 3779 dttttt
2016 3724 2110 3779 tibi
2144 3725 2404 3789 concitet,
2437 3723 2517 3776 vel
2546 3723 2613 3777 ad
2644 3721 2829 3775 odium
2863 3723 2936 3775 tui
2973 3721 3197 3777 excitet.
3244 3720 3307 3775 Et
3338 3730 3423 3775 est

1844 3820 1947 3873 hoc
1974 3828 2147 3881 totum
2176 3819 2320 3886 quod
2360 3817 2704 3887 significatur
2739 3816 2791 3868 in
2826 3814 2912 3869 his
2939 3813 3212 3879 omnibus,
3238 3824 3301 3868 ut
3337 3830 3426 3883 ne-

1844 3922 1951 3977 que
1983 3908 2098 3977 ipse
2133 3922 2400 3978 provoces
2428 3906 2554 3959 mali
2589 3904 2993 3960 inundationem
3028 3904 3316 3957 adversum
3348 3916 3421 3967 te,

1846 4016 2022 4071 neque
2074 4011 2127 4055 tu
2170 4000 2469 4069 nequitiam
2515 3996 2792 4053 aemuleris
2837 3995 3094 4049 alienam.
3141 3994 3424 4061 Quomodo

1844 4110 1977 4165 ergo
2034 4095 2200 4149 homo
2267 4092 2564 4161 nequitiam
2625 4089 2915 4145 aunulatur
2965 4088 3241 4144 alterius?
3294 4088 3426 4142 Siue

1845 4188 2011 4241 dubio
2046 4201 2169 4239 cum
2194 4187 2382 4240 eadem
2410 4184 2541 4254 agit.
2575 4182 2730 4249 Quod
2759 4192 2942 4236 autem
2982 4182 3125 4245 dico,
3175 4181 3287 4235 tale
3320 4192 3423 4235 est;

1846 4281 1904 4334 Si
1939 4279 2062 4348 quis
2087 4280 2160 4332 sit
2186 4294 2283 4348 per
2309 4277 2651 4346 iniquitatem
2685 4276 2836 4329 dives
2864 4273 3037 4328 factus
3065 4289 3129 4326 ex
3162 4286 3422 4340 paupere,

1483 4387 1641 4451 imus,
1682 4396 1739 4439 ei
1768 4383 1817 4440 1)
1844 4371 1891 4426 si
1926 4373 1998 4425 sit
2042 4371 2257 4425 vicinus
2290 4368 2407 4437 ejus
2456 4382 2645 4437 egens,
2694 4376 2749 4421 et
2798 4366 2978 4419 videat
3018 4364 3166 4418 illum
3213 4366 3303 4433 qui
3360 4366 3427 4416 de

1850 4474 1997 4519 terra
2037 4463 2308 4527 surrexit,
2353 4470 2409 4515 et
2446 4461 2512 4514 ad
2553 4459 2865 4512 divitiarum
2898 4459 3108 4510 culmen
3157 4456 3426 4523 ascendit,

1852 4567 1906 4612 et
1943 4556 2169 4625 incipiat
2200 4554 2444 4610 annulari
2474 4562 2530 4607 ut
2554 4550 2812 4607 similiter
2844 4550 3011 4603 etiam
3063 4550 3177 4615 ipse
3214 4565 3280 4602 ex
3318 4549 3423 4602 ini-

1850 4649 2058 4717 quitate
2078 4646 2330 4712 ditescat,
2368 4646 2469 4699 hoc
2497 4652 2581 4697 est
2619 4640 2862 4695 armulari
2903 4640 3167 4693 facientes
3214 4639 3420 4707 iniqui-

1851 4751 2042 4796 tatem.
2084 4738 2189 4799 Sed
2218 4747 2273 4794 et
2300 4738 2343 4793 si
2379 4736 2501 4806 quis
2530 4750 2652 4790 eum
2685 4734 2777 4802 qui
2809 4731 2888 4786 vel
2938 4730 3153 4787 furtivis
3195 4732 3423 4801 stupris,

1850 4848 1933 4902 vel
1990 4846 2195 4902 illicitis
2239 4843 2532 4901 conatibus
2582 4841 2722 4896 ultra
2771 4840 2950 4895 locum
2996 4848 3054 4894 et
3114 4852 3424 4893 mensuram

1846 4971 2000 5012 suam
2052 4951 2269 5008 invadit
2319 4948 2561 5018 nuptias,
2618 4945 2830 5008 domos,
2883 4942 3135 5007 divitias,
3182 4941 3423 4997 aemulari

1847 5062 2003 5125 velit,
2036 5058 2319 5114 azmulatus
2350 5053 2718 5109 estfacientes
2751 5050 3118 5119 iniquitatem.
3143 5045 3261 5101 Jam
3299 5062 3429 5101 vero

1848 5184 1943 5223 eos
1968 5167 2063 5237 qui
2093 5178 2189 5236 per
2218 5164 2431 5218 diversa
2470 5157 2694 5228 ﬂagitia,
2722 5156 2808 5211 vel
2846 5155 3097 5224 indignas
3129 5160 3291 5221 atque
3319 5149 3426 5203 illi-

1847 5278 1985 5331 citas
2032 5271 2361 5328 ambitiones
2412 5269 2482 5323 ad
2535 5264 2807 5322 immerita
2864 5262 3136 5317 bonorum
3190 5254 3428 5311 culmina

1850 5386 2245 5454 pervenerunt,
2268 5384 2325 5433 et
2344 5372 2547 5445 iniquis
2577 5369 2907 5427 factionibus
2931 5364 3014 5421 vel
3042 5362 3287 5418 eruentis
3313 5375 3429 5415 ma-

1853 5488 2013 5544 nibus
2049 5487 2287 5542 honores
2309 5496 2418 5537 non
2454 5477 2561 5535 sibi
2594 5476 2805 5532 debitos
2846 5478 3213 5540 occuparunt,
3251 5467 3351 5521 hos
3382 5464 3428 5519 si

1381 5680 1425 5714 ³²
1472 5678 1628 5733 Deut.
1664 5690 1734 5729 xx

1866 5668 1959 5725 21.
2035 5666 2082 5699 ⁸³
2114 5662 2286 5720 lCor.
2318 5675 2377 5727 ι,
2404 5656 2497 5712 22.
2574 5652 2619 5685 ³⁸
2641 5648 2664 5704 I
2690 5651 2822 5720 Reg.
2858 5657 3017 5705 xvm,
3059 5642 3114 5698 7.

2887 5737 2967 5796 1&2
