3822 6512
488 273 510 325 1
523 273 624 327 525

1853 271 1943 325 EX
1982 268 2280 327 ORIGENE
3596 287 3686 345 l3);

480 394 604 458 quis
623 390 808 443 videns
835 389 900 442 ad
920 388 1150 443 similem
1177 386 1545 445 inllammetur
1567 391 1855 455 insaniam,
1884 407 2049 445 aemu-
2080 402 2119 455 Α
2154 393 2351 446 dabilia
2386 394 2554 458 olera,
2605 411 2724 464 quae
2770 412 2866 466 per
2900 409 3231 468 praeceptum
3278 400 3528 470 Apostoli
3582 420 3686 457 man.

480 483 625 538 latus
654 492 737 538 est
769 481 1033 537 facientes
1065 481 1431 552 iniquitatem.

547 617 605 671 2.
647 617 939 687 Propterea
968 629 1096 686 ergo
1125 616 1375 670 mandato
1411 617 1620 671 Domini
1653 617 2045 684 illuminamur,

479 718 558 772 ιιι,
599 722 720 762 cum
760 707 1124 761 aemulationis
1170 705 1372 760 illicitae
1405 705 1623 761 ﬂamma
1660 724 1756 762 cor
1803 722 2044 764 nostrtun

479 807 826 868 mentemque
859 797 1178 867 pulsaverit,
1213 813 1310 852 nos
1347 798 1528 853 verbis
1555 799 1729 854 edocti
1767 800 2042 855 dicamus:

477 888 530 945 Si
555 889 798 943 aemulari
840 889 1060 944 voluero
1104 889 1245 942 inter
1296 889 1678 959 malignantes,
1729 901 1823 944 aut
1881 907 2046 945 aemu—

475 979 620 1034 latus
650 979 806 1034 fuero
841 979 1108 1033 iacientes
1136 979 1506 1048 iniquitatem,
1540 979 1660 1035 vide
1691 981 1817 1049 quid
1846 997 2040 1050 sequa-

477 1081 608 1122 tur:
646 1068 792 1124 Sicut
838 1072 1037 1141 fenum,
1066 1071 1244 1141 inquit
1276 1072 1342 1138 ³⁸,
1374 1073 1476 1126 cito
1519 1083 1774 1139 arescent,
1818 1084 1867 1128 et
1909 1076 2043 1128 sicut

476 1160 615 1214 olera
653 1161 932 1214 herbarum
993 1162 1098 1214 cito
1158 1162 1421 1216 deciderit.
1471 1163 1564 1218 Vis
1610 1164 1771 1217 etiam
1821 1164 2044 1218 alterius

472 1253 750 1322 prophetae
797 1253 866 1307 de
919 1251 1114 1306 talibus
1168 1253 1389 1306 monitis
1430 1254 1762 1308 auctoritate
1797 1254 2044 1306 muniri?

470 1347 608 1400 Audi
640 1347 769 1416 quid
799 1347 964 1400 etiam
989 1345 1159 1401 Isaias
1187 1349 1254 1400 de
1289 1347 1435 1401 omni
1461 1347 1629 1416 gloria
1661 1346 1867 1400 carnali
1915 1361 2040 1416 pro-

473 1439 726 1494 nuntiet:
774 1438 981 1501 Omnis,
1029 1439 1204 1507 inquit
1258 1438 1322 1503 ³⁶,
1374 1454 1496 1492 caro
1549 1438 1748 1507 fenum,
1789 1449 1834 1491 et
1872 1441 2039 1492 omnis

473 1531 642 1600 gloria
671 1530 788 1598 ejus
838 1537 892 1580 ut
943 1529 1045 1597 ﬂos
1091 1528 1218 1596 feni.
1260 1527 1350 1582 Vis
1397 1528 1560 1580 etiam
1593 1543 1688 1596 per
1723 1528 1931 1597 singula
1962 1529 2040 1582 vi-

471 1623 602 1676 dere
645 1623 914 1691 quomodo
969 1621 1065 1676 llos
1114 1619 1218 1674 feni
1271 1620 1340 1674 sit
1384 1620 1566 1674 carnis
1614 1619 1783 1686 gloria
1826 1620 1848 1673 ?
1906 1618 2040 1674 Vide

471 1713 594 1782 quis
625 1713 916 1782 imperavit
958 1721 1086 1766 ante
1125 1713 1224 1765 hos
1273 1711 1489 1781 triginta
1537 1725 1727 1776 annos,
1771 1713 2038 1780 quomodo
2070 1744 2111 1798 Β

472 1806 757 1875 imperium
787 1806 904 1875 ejus
929 1804 1163 1859 ellloruit
1196 1822 1208 1858 ε
1239 1803 1496 1859 continuo
1537 1813 1714 1858 autem
1766 1804 1906 1859 sicut
1940 1803 2038 1858 ﬂos

443 1899 576 1954 'fcui
636 1899 952 1963 emarcuit,
1010 1909 1139 1954 tunc
1200 1898 1393 1953 deinde
1457 1897 1592 1952 alius
1645 1907 1766 1967 post
1822 1898 2036 1963 ipsum,

471 1991 665 2048 deinde
693 1991 832 2046 alius
855 1998 1018 2060 atque
1048 1991 1208 2058 alius,
1237 1990 1330 2060 qui
1360 1989 1555 2044 deinde
1586 1991 1771 2054 duces,
1808 1999 1862 2045 et
1889 1990 2037 2059 prin-

470 2083 655 2148 cipes:
689 2091 742 2138 et
773 2082 950 2136 omnis
982 2096 1169 2136 eorum
1212 2081 1381 2152 gloria
1413 2089 1468 2135 et
1495 2081 1667 2136 honor
1711 2096 1814 2135 non
1863 2079 2035 2135 solum

471 2185 724 2243 tanquam
757 2172 853 2227 ﬂos
893 2173 1177 2236 emarcuit,
1209 2186 1397 2226 verum
1431 2173 1595 2227 etiam
1635 2181 1890 2240 tanquam
1920 2171 2036 2241 pul-

466 2265 549 2319 vis
581 2263 765 2319 aridus
810 2272 865 2318 et
897 2277 926 2317 a
971 2272 1136 2317 vento
1171 2262 1449 2331 dispersus
1493 2278 1560 2317 ne
1601 2261 1884 2332 vestigium
1912 2262 2034 2331 qui-

467 2358 588 2412 dem
625 2357 708 2412 sui
749 2355 984 2426 reliquit.
1019 2355 1123 2410 Alii
1155 2356 1316 2409 etiam
1358 2354 1563 2409 divitiis
1587 2354 1739 2417 elati,
1775 2363 1828 2408 et
1861 2355 2033 2408 hono-

465 2449 618 2504 ribus
657 2448 876 2513 tumidi,
904 2447 1188 2503 studentes
1241 2445 1324 2501 vel
1363 2445 1662 2502 laudabiles
1707 2446 1896 2501 haberi
1939 2462 2035 2515 per

467 2536 779 2591 simulatam
846 2537 1169 2600 bonitatem,
1212 2535 1296 2590 vel
1325 2537 1693 2592 exsecrabiles
1736 2553 1831 2608 per
1877 2538 2031 2592 indo-

465 2628 653 2682 mitam
697 2628 1094 2682 crudelitatem.
1141 2627 1380 2694 Quorum
1423 2629 1469 2682 si
1513 2629 1636 2698 quis
1678 2645 1819 2684 vana
1856 2630 2029 2684 studia

462 2721 740 2775 existimat
769 2720 1092 2784 retttulanda,
1123 2731 1212 2774 eat
1242 2735 1384 2777 nunc
1410 2721 1478 2774 ad
1503 2721 1826 2776 cadaverum
1845 2736 2029 2777 eorum

464 2809 742 2882 reliquias,
776 2810 820 2863 si
859 2819 1037 2863 tamen
1080 2808 1166 2863 vel
1211 2809 1339 2878 ipsa:
1384 2811 1619 2865 inveniri
1653 2820 1894 2880 queant;
1929 2811 2030 2865 ali-

463 2900 686 2968 quantis
737 2899 880 2953 enim
930 2914 996 2952 ne
1043 2900 1144 2954 hoc
1193 2899 1407 2968 quidem
1458 2916 1775 2957 concessum
1825 2911 2032 2959 estzet

464 3001 591 3046 tunc
637 2991 877 3047 inveniet
918 2993 1188 3060 quomodo
1229 2993 1399 3046 omnis
1462 3008 1586 3046 caro
1629 2993 1807 3063 fenum
1847 3004 1940 3059 est,
1982 3008 2026 3049 et

2152 485 2350 538 ducare
2378 487 2634 555 iubentur
2681 489 2903 546 infirmi.
2957 491 3077 543 Alia
3125 501 3304 546 autem
3354 503 3482 546 sunt
3517 491 3686 557 illam

2126 577 2233 634 ,ltis
2289 580 2598 644 contraria,
2655 581 2720 634 de
2786 582 2983 648 quibus
3051 583 3252 636 dicitur
3311 583 3460 652 quod
3515 582 3688 639 ﬂumina

2149 667 2369 739 [Egypti
2419 685 2557 740 aqua
2609 672 2680 726 sit
2714 673 2967 726 deorsum
3019 674 3398 739 descendens,
3445 685 3503 728 et
3555 675 3687 744 rigans

2147 761 2287 814 sicut
2340 762 2553 815 hortum
2602 764 2811 817 olerum
2840 764 2883 796 '9
2926 783 2938 818 :
2975 752 3086 834 quo
3129 765 3388 821 videlicet
3439 761 3685 836 ignitius

2150 869 2254 908 non
2287 855 2450 910 arbor
2483 857 2720 923 dicatur,
2753 860 2846 914 sed
2885 873 2950 913 ne
2980 861 3106 916 vitis
3131 863 3351 932 quidem
3394 865 3684 924 nominetur.

2149 947 2239 999 sed
2277 946 2423 1002 olera
2470 964 2591 1018 qua:
2629 949 2742 1005 cito
2792 951 3067 1007 deficiunt.
3117 953 3181 1008 Et
3205 955 3293 1010 vis
3347 955 3538 1009 videre
3575 971 3683 1024 quam

2146 1039 2254 1093 cito
2279 1040 2568 1112 [Egyptius
2599 1043 2847 1097 decidat?
2880 1044 3014 1100 Vide
3038 1048 3166 1116 quid
3211 1047 3432 1102 dicatur
3461 1050 3528 1102 de
3565 1049 3631 1101 eis
3652 1053 3684 1102 in

2148 1127 2335 1184 Exodo
2359 1131 2425 1183 ⁵ο.
2454 1129 2696 1202 JEgyptii
2729 1142 2909 1188 autem
2957 1135 3377 1204 festinaverunt,
3409 1140 3605 1208 inquit,
3627 1144 3684 1194 ὰς-

2146 1221 2536 1291 colligavcrunt
2566 1237 2693 1278 axes
2719 1241 2864 1290 suos,
2893 1237 2946 1281 et
2979 1228 3088 1282 cito
3124 1227 3384 1296 fugerunt
3428 1231 3533 1282 sub
3563 1244 3684 1298 aqua.

2145 1311 2295 1367 Sicut
2325 1313 2470 1367 olera
2514 1328 2642 1381 ergo
2675 1316 2964 1372 herbarum
3013 1320 3123 1374 cito
3163 1321 3443 1374 decident.
3487 1320 3686 1391 Denique.

2143 1413 2195 1456 et
2241 1403 2426 1457 Achab
2467 1404 2557 1458 ille
2590 1405 2804 1474 iniquus
2846 1409 3102 1476 quoniam
3141 1409 3267 1464 talia
3307 1411 3463 1464 olera
3500 1414 3686 1479 parabat

2144 1495 2387 1562 plantare
2433 1496 2485 1550 itt
2523 1500 2676 1555 vinea
2736 1499 2946 1554 Naboth
2993 1500 3335 1555 chrahelita-
3376 1502 3447 1562 δ’.
3501 1513 3685 1570 propter

2140 1591 2280 1658 quod
2311 1589 2626 1647 Nabutheus
2671 1594 2843 1662 magis
2876 1595 3010 1647 mori
3056 1593 3241 1660 elegit,
3287 1609 3457 1663 quam
3494 1599 3685 1661 permit-

2144 1692 2256 1736 tere
2287 1691 2343 1736 ut
2372 1685 2555 1739 excisa
2588 1686 2743 1739 vinea
2773 1685 3066 1740 Israelitica
3111 1686 3262 1740 olera
3313 1687 3680 1756 plantarentur.

2141 1772 2292 1828 Fecit
2321 1789 2451 1841 ergo
2479 1776 2582 1829 hoc
2612 1784 2868 1844 tanquam
2899 1777 3098 1846 justus,
3130 1786 3186 1829 ut
3231 1791 3336 1829 non
3376 1777 3685 1844 permitteret

2139 1863 2312 1919 excidi
2359 1865 2571 1920 vineam
2602 1865 2846 1935 justitize,
2893 1866 3049 1936 cujus
3080 1866 3290 1920 fructus
3333 1865 3578 1919 lartilicat
3615 1882 3684 1919 cur

2141 1955 2406 2018 hominis,
2454 1971 2574 2010 cum
2625 1958 2677 2010 in
2728 1957 3005 2026 sapientiae
3060 1968 3274 2012 cratere
3334 1957 3610 2021 miscetur,
3646 1973 3683 2010 ct

2139 2049 2368 2116 plantari
2397 2049 2546 2104 olera
2594 2050 2915 2119 iniquitatis,
2967 2051 3222 2104 velociter
3269 2051 3586 2114 viridantia,
3615 2053 3681 2104 sed

2141 2141 2377 2195 velocius
2410 2142 2738 2196 arescentia.
2787 2142 2923 2196 Puto
2953 2159 3084 2214 ergo
3114 2145 3261 2213 quod
3311 2145 3484 2197 etiam
3529 2147 3577 2197 in
3607 2159 3676 2196 no~

2138 2238 2267 2288 stris
2317 2233 2572 2289 cordibus
2611 2236 2702 2304 qui
2739 2236 3011 2290 credimus
3063 2236 3360 2299 Salvatori,
3416 2239 3488 2290 sit
3539 2236 3681 2306 aliun

2136 2326 2290 2379 vinea
2340 2325 2603 2395 plantata,
2651 2327 2790 2382 sicut
2827 2328 3066 2382 dixit":
3102 2327 3276 2381 .Vinea
3323 2329 3476 2395 facta
3509 2341 3578 2380 est
3616 2331 3673 2382 di»

2136 2417 2264 2469 lecto
2296 2417 2352 2470 in
2381 2433 2563 2484 cornu,
2594 2417 2650 2471 in
2679 2419 2792 2471 loco
2825 2419 2988 2472 uberi.
3038 2417 3146 2472 Sed
3175 2428 3231 2473 et
3259 2419 3324 2472 ad
3365 2418 3488 2471 illos
3517 2420 3682 2471 dictura

2136 2519 2217 2562 est
2246 2509 2442 2576 quibus
2483 2523 2660 2563 sermo
2713 2509 2804 2563 Dei
2843 2509 3018 2564 factus
3064 2518 3147 2564 est
3194 2509 3437 2578 primum
3471 2509 3535 2572 ⁸³,
3583 2513 3680 2577 quia

2134 2599 2242 2671 Ego
2273 2599 2505 2668 plantari
2549 2611 2597 2654 te
2653 2601 2852 2655 vineam
2907 2610 3071 2654 totam
3122 2599 3377 2666 feracem.
3433 2601 3524 2654 Est
3584 2618 3684 2671 ergo

2134 2691 2289 2746 nobis
2318 2692 2470 2744 vinea
2503 2693 2745 2760 quaedam
2777 2707 2841 2747 ex
2887 2708 2992 2762 qua
3027 2694 3264 2749 fructum
3310 2694 3580 2756 scientia,
3610 2697 3681 2762 φά

2133 2785 2368 2840 laetiﬁcat
2411 2801 2507 2840 cor
2560 2788 2807 2852 hominis,
2859 2803 2955 2857 per
3002 2789 3200 2842 donum
3255 2789 3543 2858 sapientia:
3585 2802 3681 2854 ιιιςο

2132 2874 2329 2930 inimus
2379 2876 2434 2929 in
2487 2877 2849 2931 torcularibus
2899 2876 3335 2944 Scripturarum,
3371 2893 3494 2929 cum
3529 2876 3681 2945 perfe-

2131 2965 2270 3018 ctius
2303 2975 2359 3020 et
2407 2965 2565 3020 latius
2619 2967 2797 3021 divina
2854 2970 2986 3037 legis
3044 2969 3304 3038 mysteria
3365 2979 3678 3021 contuentur.

461 3085 628 3138 omnis
678 3085 844 3154 gloria
890 3057 1004 3153 eius
1049 3093 1103 3136 ω
1150 3085 1252 3153 ﬂos
1294 3083 1422 3152 feni.
1481 3057 1708 3139 Exar'u“
1760 3057 1936 3154 fenum‘
1976 3097 2025 3141 ει
2056 3078 2098 3139 C
2133 3057 2247 3154 Sed
2275 3059 2684 3154 proficientibus
2737 3061 2892 3116 nobis
2945 3062 2997 3115 in
3049 3063 3265 3124 studiis,
3319 3059 3679 3154 etilsraelitit-u

460 3180 559 3248 ﬂos
590 3178 702 3248 ejus
733 3177 927 3231 decidit
963 3178 1028 3231 ³⁷.
1065 3177 1167 3244 Qui
1196 3187 1376 3231 autem
1421 3192 1524 3232 non
1558 3178 1734 3248 diligit
1777 3177 2028 3236 ﬂoscnlos

459 3273 661 3337 carnis,
693 3276 890 3340 {neque
943 3270 1243 3327 carnaliter
1283 3271 1437 3336 vivit,
1478 3271 1572 3326 sed
1601 3272 1775 3343 diligit
1805 3276 2026 3328 verbum

458 3363 578 3428 Dei,
611 3363 746 3418 etin
778 3363 894 3433 ipso
921 3361 1164 3432 prolicit,
1197 3362 1321 3417 audi
1347 3362 1478 3432 quid
1505 3370 1687 3432 Speret
1717 3382 1732 3417 :
1780 3362 2024 3430 Verbum,

458 3457 634 3525 inquit
667 3456 734 3521 ³⁸,
777 3453 988 3509 Domini
1028 3462 1206 3509 tuanet
1252 3455 1308 3506 in
1354 3463 1627 3509 (sternunt.
1673 3453 1778 3509 Sed
1831 3465 1885 3511 et
1926 3457 2026 3511 hoc

458 3551 634 3618 ipsum
683 3551 824 3618 quod
870 3549 967 3612 ait,
1009 3549 1137 3616 quia
1192 3549 1327 3601 sicut
1370 3548 1546 3616 fenum
1589 3548 1693 3600 cito
1758 3560 2021 3616 arescent,

458 3642 818 3711 malignantes
847 3640 1076 3703 scilicet,
1106 3654 1212 3693 non
1240 3639 1480 3693 arbitror
1498 3641 1727 3694 otiosum
1757 3657 1856 3695 cur
1900 3642 2024 3696 feno

455 3747 548 3786 eos
586 3732 1005 3800 comparaverit,
1062 3746 1182 3785 eum
1227 3729 1414 3800 utique
1451 3743 1506 3785 et
1549 3730 1651 3784 alia
1686 3733 1857 3800 possit
1903 3747 2024 3788 esse

457 3823 706 3888 materia,
738 3822 822 3878 cui
855 3818 1237 3892 con-parentur
1261 3821 1318 3875 hi
1349 3821 1440 3890 qui
1470 3823 1738 3878 malitiose
1767 3833 2020 3896 egerunt.

454 3915 663 3969 Feuum
717 3923 991 3968 mutorum
1025 3921 1080 3967 ct
1112 3913 1570 3967 irrationabilium
1596 3914 1910 3968 animalium
1939 3915 2020 3968 ci-

455 4008 559 4060 bus
587 4015 689 4061 est.
720 4005 992 4061 Fortassis
1036 4019 1164 4074 ergo
1201 4019 1298 4072 pro
1325 4021 1390 4060 eo
1423 4006 1564 4073 quod
1610 4021 1799 4062 omnes
1843 4009 2016 4073 stulti,

453 4111 505 4155 ct
535 4099 787 4170 imperiti,
835 4108 890 4153 et
935 4100 1030 4168 qui
1079 4107 1268 4153 contra
1307 4099 1579 4154 rationem
1607 4108 1661 4154 et
1687 4102 2013 4170 sapientiam

457 4191 546 4246 Dei
602 4193 810 4255 vivunt,
867 4199 1170 4258 sequuntur
1220 4203 1314 4243 eos
1364 4191 1455 4258 qui
1505 4191 1556 4244 in
1606 4191 1813 4246 malitia
1867 4193 2016 4261 priu-

452 4285 601 4352 eipes
629 4291 775 4346 sunt,
810 4291 863 4336 et
891 4295 955 4335 ex
987 4279 1202 4334 illorum
1242 4280 1346 4333 vita
1379 4280 1464 4334 vel
1492 4282 1704 4336 actibus
1750 4286 1892 4337 vesci
1933 4283 2009 4338 di-

450 4385 667 4440 cuntur,
701 4375 896 4443 quibus
927 4381 980 4427 et
1009 4372 1287 4436 obediunt,
1326 4373 1530 4427 ideirco
1561 4388 1655 4427 eos
1691 4372 1815 4427 feno
1866 4389 2012 4428 com-

451 4468 684 4536 paravit.
711 4465 880 4519 Nemo
920 4463 1064 4517 cnim
1105 4462 1344 4532 prudens
1389 4463 1454 4516 ab
1497 4463 1600 4518 illis
1639 4465 1804 4518 sumit
1832 4479 2014 4520 exem-

449 4559 616 4626 plum.
634 4556 787 4620 Nam,
807 4559 943 4611 sicut
961 4556 1042 4608 vir
1063 4554 1296 4623 prudens
1311 4554 1404 4623 qui
1436 4554 1586 4609 audit
1605 4557 1769 4610 verba
1803 4557 2013 4613 Domini

447 4659 503 4703 et
551 4650 680 4704 facit
719 4664 804 4715 ea,
855 4649 956 4702 iste
1003 4657 1086 4702 est
1132 4649 1222 4717 qui
1273 4649 1565 4703 manducat
1612 4663 1805 4716 panem
1861 4649 2009 4704 illum

445 4739 606 4810 657
631 4741 723 4809 qui
766 4742 831 4794 de
862 4739 998 4795 coelo
1028 4740 1323 4806 descendit,
1357 4750 1410 4796 et
1439 4739 1596 4796 Jesus
1635 4750 1717 4796 est
1750 4741 1903 4796 cibus
1939 4742 2008 4807 ei,

445 4847 544 4899 pro
586 4845 651 4885 eo
684 4832 827 4898 quod
871 4845 937 4886 ex
981 4831 1161 4886 verbis
1209 4833 1324 4900 ejus
1374 4833 1632 4900 pascitur,
1665 4841 1721 4887 et
1769 4834 1820 4887 in
1863 4849 2012 4886 man-

445 4924 584 4980 datis
621 4921 734 4992 ejus
765 4922 924 4977 vivit:
969 4921 1219 4976 similiter
1245 4932 1298 4978 et
1326 4924 1380 4977 hi
1422 4923 1515 4992 qui
1552 4924 1606 4977 in
1640 4923 1842 4978 malitia
1885 4926 2014 4979 emi-

445 5026 656 5081 nentes,
684 5016 825 5070 sicut
857 5013 1036 5068 fenum
1082 5013 1386 5069 efﬁciuntur
1431 5016 1496 5069 iis
1528 5015 1619 5084 qui
1668 5016 1770 5071 sibi
1803 5019 2011 5071 obtem-

444 5117 652 5179 perant,
678 5108 760 5162 vel
806 5105 1201 5161 aemulationem
1233 5107 1315 5160 sui
1349 5108 1416 5161 ad
1452 5109 1747 5176 nequitiam
1793 5119 2006 5176 gerunt.

443 5199 652 5252 Similia
703 5207 882 5252 autem
912 5197 1076 5250 etiam
1111 5195 1178 5250 de
1211 5195 1450 5250 oleribus
1481 5197 1778 5252 herbarum
1814 5199 2011 5252 intelli-

443 5291 611 5360 genda
651 5299 794 5355 sunt,
824 5289 1019 5358 quibus
1047 5299 1430 5356 comparantur
1459 5290 1511 5342 lti
1545 5291 1632 5358 qui
1671 5291 1875 5345 faciunt
1907 5291 2009 5344 iui-

442 5379 698 5446 quitatem
749 5395 846 5448 pro
891 5393 955 5432 eo
1001 5379 1141 5446 quod
1182 5377 1442 5432 velociter
1489 5389 1788 5434 transeant.
1846 5379 2005 5434 luve-

439 5471 618 5524 nimus
649 5481 826 5524 tamen
861 5471 913 5524 in
947 5469 1241 5538 Scripturis
1271 5468 1468 5524 divinis
1501 5470 1768 5525 interdum
1798 5481 1852 5525 et
1889 5473 2004 5542 lau-

545 5612 591 5643 ⁸⁸
626 5611 767 5665 Psal.
815 5627 1000 5668 xxxvr.
1032 5611 1083 5664 2.
1163 5611 1208 5642 ³⁵
1261 5611 1386 5662 lsai.
1431 5625 1516 5668 ιιι..
1566 5611 1618 5666 6.
1700 5611 1742 5642 ³⁷
1774 5613 1904 5668 ibid.
1935 5615 1984 5667 7.

467 5694 581 5734 ut.
662 5682 704 5710 “
731 5676 835 5735 lsa.
869 5697 922 5747 v,
950 5682 1001 5734 l.

438 5765 620 5817 χλχγι,
651 5751 703 5804 3.

815 5627 1000 5673 xxxvr,
1032 5611 1083 5664 2.
1163 5611 1208 5642 ³⁵
1261 5607 1386 5662 lsai.
1431 5625 1516 5669 ιιι..
1566 5610 1618 5666 6.

1078 5680 1122 5711 ³³
1161 5679 1362 5735 Jeretn.
1393 5695 1466 5746 tt,
1505 5679 1594 5735 2i.

2067 5615 2110 5645 ³⁸
2141 5614 2270 5670 ibid.
2298 5617 2351 5670 8.

1674 5681 1718 5713 "'
1758 5681 1874 5736 Gal.
1930 5699 2024 5751 ιιι,
2056 5686 2108 5739 5.

2130 3152 2287 3207 oculo
2345 3153 2412 3206 ad
2473 3157 2691 3208 oculum
2758 3154 3053 3223 spiritalem
3124 3153 3505 3213 tendentibus,
3560 3156 3681 3206 venit

2127 3244 2315 3299 Achab
2363 3245 2581 3315 iniquus
2629 3254 2683 3300 et
2730 3245 2947 3314 impius,
2993 3245 3178 3300 Achab
3235 3245 3493 3299 inimicus
3539 3245 3681 3296 vinet-

2130 3343 2349 3399 nostra},
2390 3345 2445 3389 et
2487 3336 2770 3392 adversum
2807 3337 3008 3406 Optima
3056 3337 3232 3392 studia
3269 3337 3387 3391 haec
3433 3339 3683 3405 sapienth

2129 3427 2388 3481 invidiam
2428 3427 2690 3494 concitat,
2752 3429 3034 3482 tumultum
3083 3440 3421 3493 commovet,
3469 3428 3610 3482 dolos
3635 3439 3682 3480 et

2113 3514 2396 3583 factiones
2427 3533 2522 3587 per
2553 3516 2791 3584 Jezabel,
2841 3520 2941 3574 hoc
2992 3529 3106 3585 est,
3153 3536 3252 3590 per
3302 3522 3572 3575 carnalem
3605 3535 3680 3573 sa-

2126 3609 2383 3678 pientiam
2417 3610 2658 3674 instruit,
2689 3620 2744 3665 et
2782 3611 2894 3665 vult
2928 3613 3104 3666 excidi
3141 3613 3360 3666 vineam
3413 3613 3564 3666 istam
3593 3615 3684 3681 ερξυ

2127 3701 2300 3755 ritalis
2343 3701 2738 3770 intelligentiae,
2785 3712 2839 3756 et
2888 3703 3125 3773 plantari
3175 3706 3355 3770 olera,
3402 3706 3458 3759 id
3489 3715 3596 3766 est,
3627 3717 3676 3755 at

2125 3807 2244 3861 quae
2291 3792 2533 3860 legimus,
2567 3792 2858 3846 carnaliter
2914 3793 3322 3863 intelligamus:
3364 3796 3505 3849 sicut
3550 3794 3676 3846 citra

2123 3888 2265 3939 enim
2291 3885 2466 3939 omnis
2494 3885 2665 3955 gratia
2697 3886 2875 3940 carnis
2907 3896 3013 3950 est,
3043 3896 3101 3939 ut
3139 3886 3434 3955 impleatur
3461 3888 3512 3940 in
3546 3889 3673 3943 nobs

2123 3976 2248 4029 illud
2281 3977 2424 4044 quod
2465 3975 2644 4044 culpat
2688 3977 2976 4045 Apostolus
3009 3978 3195 4033 dicens
3242 3981 3310 4032 ad
3356 3980 3626 4034 Galatas“
3661 4002 3670 4034 :

2123 4067 2215 4122 Sic
2261 4069 2511 4122 insensati
2541 4071 2684 4135 estis,
2736 4077 2790 4120 ut
2837 4085 2953 4121 cum
2999 4070 3188 4136 spiritu
3239 4075 3524 4138 caeperitis,
3555 4089 3676 4124 me

2121 4175 2276 4213 carne
2321 4159 2717 4228 perﬁciamini?
2768 4161 2918 4225 Quod
2951 4170 3132 4213 autem
3188 4162 3240 4213 itt
3285 4164 3473 4216 anima
3511 4177 3672 4217 sancta

2120 4252 2229 4327 sint
2262 4255 2448 4319 vinea),
2483 4263 2537 4308 et
2565 4255 2680 4323 agri
2719 4270 2746 4306 a
2781 4253 3007 4307 Domino
3033 4254 3329 4319 benedicti,
3363 4257 3489 4309 audi
3531 4256 3670 4307 etiam

2121 4344 2274 4399 Isaae
2303 4344 2368 4398 ad
2401 4343 2568 4398 lilium
2597 4359 2753 4398 suum
2785 4343 2952 4397 Jacob
2981 4343 3253 4397 dicentem
3281 4344 3330 4374 ⁸⁵
3357 4362 3370 4397 :
3402 4346 3537 4398 Ecce
3561 4355 3674 4399 eaet

2047 4421 2091 4475 Ῐ)
2120 4433 2217 4499 ﬁlii
2254 4435 2354 4486 mei
2396 4434 2526 4486 sicut
2567 4433 2699 4485 odor
2747 4434 2862 4501 agri
2905 4432 3064 4500 pleni,
3095 4449 3245 4501 quem
3278 4435 3538 4488 benedixit
3578 4435 3672 4488 De-

2121 4527 2316 4582 minus.
2347 4525 2535 4581 Melius
2565 4541 2693 4594 ergo
2718 4535 2802 4579 est
2833 4527 3044 4580 vineam
3079 4541 3177 4580 nos
3215 4527 3399 4581 colere
3431 4532 3484 4581 in
3512 4530 3670 4581 anima

2120 4629 2325 4686 nostra,
2353 4627 2406 4672 et
2443 4619 2686 4673 torcular
2723 4620 2906 4672 fodere
2941 4616 3370 4688 Scripturarum,
3411 4630 3468 4673 et
3509 4622 3671 4672 vinde-

2120 4715 2288 4769 miare
2319 4714 2522 4780 botros,
2553 4721 2605 4767 et
2639 4727 2886 4781 premere
2915 4712 3094 4764 vinum
3131 4712 3197 4765 de
3225 4711 3382 4766 vinea
3417 4711 3595 4772 Soree,
3623 4725 3674 4762 tt

2121 4816 2175 4861 et
2201 4821 2298 4860 nos
2330 4807 2572 4860 dicamus
2601 4805 2668 4858 ad
2701 4804 2984 4858 Dominum
3012 4803 3076 4867 ⁸⁸,
3106 4805 3231 4872 quia
3251 4801 3512 4858 Paculus:
3533 4815 3662 4857 tua

2122 4898 2384 4950 inebrians
2419 4913 2575 4967 quam
2615 4897 2928 4966 praeclarum
2964 4895 3092 4949 est!-

2188 4992 2240 5043 5.
2280 4989 2637 5057 Posteaquam
2673 4988 2809 5042 dixit
2862 4988 3006 5041 sicut
3051 4988 3202 5042 olera
3250 4989 3539 5042 herbarum
3573 4990 3668 5040 cito

2121 5083 2369 5137 decidere
2401 5082 2662 5136 facientes
2704 5080 3069 5149 iniquitatem,
3103 5090 3157 5134 et
3204 5081 3486 5149 prohibuit
3522 5094 3670 5132 ame-

2120 5175 2215 5228 lari
2250 5176 2388 5228 inter
2422 5174 2798 5244 malignantes,
2838 5183 2894 5226 et
2930 5174 3132 5227 imitari
3183 5172 3448 5228 facientes
3494 5174 3668 5238 iniqui-

2121 5275 2327 5319 tatem:
2367 5274 2495 5319 tunc
2541 5264 2669 5318 dicit
2712 5263 2841 5332 quid
2894 5263 3074 5318 facere
3124 5264 3440 5318 debeamus.
3490 5263 3662 5330 Spera.-

2118 5356 2291 5427 inquit
2315 5358 2380 5423 δ”,
2410 5359 2464 5411 in
2504 5357 2725 5411 Domino
2758 5396 2772 5421 ,
2806 5367 2852 5409 et
2888 5355 2972 5424 {ac
3015 5357 3320 5409 bonitatem.
3356 5356 3666 5422 Contempta

2114 5451 2327 5506 scilicet
2371 5449 2476 5505 illis
2521 5450 2772 5504 omnibus
2818 5463 2935 5518 quae
2982 5449 3233 5515 superius
3281 5447 3493 5514 culpata
3543 5456 3666 5503 sunt.

3370 5611 3414 5640 “
3456 5607 3513 5662 lll
3555 5609 3668 5673 Reg.

3468 5681 3508 5713 ε’
3552 5679 3666 5732 Psi-

2876 5613 2918 5642 ’⁵ο
2960 5611 3132 5664 Exod.
3181 5627 3292 5664 xlv.

2875 5683 2920 5712 ⁸⁸
2959 5681 3102 5734 l‘sal.
3148 5696 3298 5748 χχιι,
3336 5681 3390 5736 5.

2455 5616 2497 5646 ³⁸
2535 5615 2649 5670 Jos.
2679 5629 2798 5666 xm.

2189 5687 2232 5718 “
2345 5687 2654 5742 Gonnum
2711 5683 2799 5736 27.
