3822 6550
217 269 351 324 15ἒῦ

893 264 1200 320 SELI‘ICTA
1241 261 1305 316 ΙΝ
1343 255 1686 319 PSALMOS.
1729 289 1796 302 —-
1837 257 2068 312 llOMll..
2111 257 2128 312 l
2173 258 2236 311 IN
2275 256 2469 312 PSAL.
2511 240 2766 310 XXXV]-

3334 261 3464 316 1326

213 387 524 450 honoribus,
569 385 790 448 divitiis,
837 394 892 438 et
924 385 1070 438 omni
1121 383 1286 452 gloria
1325 380 1555 444 carnali,
1609 390 1772 450 atque
1803 382 1848 438 Α
1878 379 2050 432 mines
2109 377 2458 434 introducere
2503 358 2926 447 ὁμωνυμίᾳμῖά
2976 376 3060 422 est
3107 372 3458 434 similitudine

212 464 458 534 amnibus
491 477 669 532 saeculi
721 474 897 542 bonis,
945 475 998 529 in
1035 475 1284 537 Domino,
1338 474 1545 542 inquit,
1598 487 1776 542 spera.

213 569 452 639 Sperans
500 577 683 622 autem
741 567 792 621 in
850 567 1075 620 Domino
1111 581 1216 620 non
1271 564 1347 618 sis
1398 564 1632 626 otiosus;
1688 561 1782 615 sed

215 662 509 716 bonitatem
545 661 770 726 faciens,
800 673 957 728 spera
996 658 1046 710 in
1075 671 1158 710 eo.
1191 655 1320 722 Qua}
1351 666 1434 709 est
1463 667 1643 710 autem
1681 653 1780 708 ista

217 754 447 816 bonitas,
487 753 787 808 videamus.
818 752 971 806 Unus
1005 760 1086 806 est
1129 765 1192 804 ex
1238 749 1343 802 illis
1380 745 1619 801 fontibus
1650 761 1784 813 quos

217 845 386 898 sancti
424 843 664 913 Spiritus
714 843 929 897 fructus
978 857 1100 896 esse
1139 849 1424 894 enumerat
1468 829 1780 907 Apostolus.

217 934 446 991 Fructus
479 947 656 990 autem
687 935 903 1001 spiritus
931 943 1003 988 est
1047 934 1305 996 clmrittts,
1339 931 1613 1000 gaudium.
1656 943 1782 996 pax,

214 1026 485 1096 patientia,
531 1026 734 1078 bonitas
779 1040 826 1078 et
873 1024 1083 1092 jttstitia
1109 1021 1174 1076 “'.
1221 1020 1328 1074 Fac
1388 1035 1518 1087 ergo
1570 1018 1782 1072 bonita-

221 1129 344 1183 tem,
381 1118 521 1170 velut
558 1119 600 1171 si
639 1116 848 1170 diceret
881 1117 948 1169 ad
994 1129 1183 1184 agrum
1217 1115 1466 1180 loquens,
1497 1108 1598 1162 Fac
1635 1109 1782 1162 illum

219 1212 452 1265 fructum
491 1211 575 1265 vel
621 1211 812 1264 illmn:
853 1210 925 1262 ita
974 1223 1117 1262 nunc
1163 1207 1260 1260 tibi
1305 1205 1538 1259 auditori
1579 1203 1786 1256 divina-

218 1319 332 1357 rum
370 1303 796 1372 Scripturarum,
838 1311 1094 1368 tanquam
1145 1313 1278 1368 agro
1327 1295 1568 1364 loquitur
1599 1307 1782 1348 sermo

215 1395 447 1448 divinus.
481 1393 594 1448 Fac
633 1395 938 1456 bonitatem,
969 1403 1014 1446 et
1049 1391 1286 1445 inltabita
1341 1397 1559 1452 terram,
1608 1397 1654 1440 et
1691 1402 1782 1452 pa-

217 1490 370 1542 sceris
401 1488 456 1542 in
499 1488 696 1541 divitiis
738 1487 876 1556 ejus.
923 1484 1040 1538 Noli
1091 1498 1210 1538 esse
1261 1483 1402 1537 sicut
1450 1469 1630 1533 fenum
1664 1491 1784 1532 are-

217 1598 405 1646 sccns,
454 1581 557 1635 noli
611 1580 724 1634 ﬁeri
772 1581 912 1634 sicut
957 1579 1104 1632 olera
1145 1577 1469 1636 herbarum,
1521 1586 1639 1641 quae
1675 1569 1784 1624 cito

218 1675 492 1739 deﬁcient,
541 1673 632 1727 sed
665 1687 820 1740 spera
854 1672 906 1723 in
945 1669 1195 1732 Domino,
1238 1675 1292 1721 et
1341 1665 1423 1720 fac
1464 1663 1780 1726 bonitatem,

1885 465 2107 520 alterius
2161 468 2388 522 alterum
2437 483 2500 521 ex
2551 467 2725 520 altero
2778 455 3079 528 nominare,
3132 465 3232 520 hoc
3265 475 3346 522 est
3391 479 3454 521 ea

1883 576 2002 628 qua:
2049 561 2332 616 exterioris
2365 570 2492 616 sunt
2535 558 2788 622 hominis,
2831 557 3161 625 compellere
3194 561 3354 612 etiam
3399 557 3456 613 in

1886 653 2224 708 interiorem.
2274 653 2426 721 Quod
2477 665 2658 710 autem
2708 653 2831 708 dico
2885 652 2988 707 tale
3041 663 3125 708 cst
3161 652 3457 707 :Exterior

1885 745 2042 798 homo
2089 745 2387 814 corporalis
2420 746 2658 800 vescitur
2711 743 2849 798 cibis
2887 743 3355 812 co‘rruptibilibus,
3390 751 3448 794 et

1886 837 1984 891 sibi
2037 838 2194 906 aptis.
2235 838 2328 891 Est
2362 847 2538 892 autem
2589 850 2643 893 ct
2692 841 2848 894 cibus
2903 837 3118 908 quidam
3178 833 3454 890 interioris

1885 928 2140 994 hominis,
2172 929 2236 984 de
2285 944 2390 998 quo
2429 929 2628 983 dicitur
2677 933 2800 999 quia
2851 931 2902 984 in
2955 929 3104 983 omni
3141 928 3308 983 verbo
3357 925 3452 979 Dei

1884 1019 2015 1072 vivit
2051 1020 2212 1073 homo
2233 1019 2299 1072 ⁵³.
2339 1019 2434 1072 Est
2467 1019 2715 1086 poculum
2747 1021 3040 1076 exterioris
3072 1019 3328 1083 hominis,
3363 1027 3450 1072 est

1887 1109 2028 1162 aliud
2059 1110 2354 1163 interioris.
2391 1109 2634 1164 Bibimus
2661 1112 2803 1163 enim
2850 1113 2915 1166 de
2948 1110 3176 1180 spiritali
3206 1108 3452 1178 sequenti

1887 1201 2128 1268 petra“,
2175 1211 2224 1255 et
2273 1203 2506 1256 bibimus
2558 1219 2788 1270 aquam,
2823 1219 3014 1272 quam,
3047 1203 3258 1256 dicente
3305 1197 3452 1262 Jesu,

1885 1291 1974 1359 qui
2007 1293 2151 1356 bibit,
2191 1309 2292 1346 non
2326 1296 2467 1348 sitiet
2500 1297 2554 1348 in
2592 1305 2845 1348 wternum
2869 1293 2934 1348 ⁵⁵.
2971 1293 3066 1347 Est
3097 1301 3151 1344 et
3182 1291 3459 1344 indumen-

1888 1393 1998 1437 tum
2043 1385 2624 1456 extcriorisltominis,
2668 1397 2750 1440 est
2791 1393 2843 1438 el
2894 1382 3170 1438 interioris
3218 1381 3454 1436 hominis

1887 1477 2284 1532 indumentum.
2317 1479 2381 1532 Et
2415 1479 2458 1534 si
2505 1479 2722 1548 quidem
2772 1486 3021 1547 peccator
3057 1478 3149 1541 sit,
3181 1475 3354 1529 induit
3398 1489 3458 1529 se

1885 1570 2232 1626 maledictum
2278 1573 2416 1627 sicut
2461 1571 2928 1627 vestimentum“.
2964 1569 3019 1624 Si
3066 1579 3246 1624 autem
3278 1569 3459 1638 justus

1886 1663 1990 1728 sit,
2033 1664 2182 1717 audit
2203 1663 2247 1697 ⁵⁷
2283 1681 2296 1717 :
2331 1663 2544 1718 Induite
2595 1681 2680 1718 vos
2727 1663 3007 1716 Donzinum
3056 1659 3238 1714 Jesum
3301 1657 3457 1712 Citri-

217 1776 268 1820 et
305 1764 545 1818 inhabita
580 1772 801 1817 terram.
836 1760 1008 1827 Quam
1061 1769 1264 1814 terram
1320 1755 1628 1810 inhabitare
1685 1766 1783 1804 nos
1818 1735 1856 1788 Β
1887 1764 2041 1808 stum.
2093 1755 2159 1809 Et
2183 1755 2228 1786 ⁸⁸
2257 1773 2270 1810 :
2300 1755 2512 1810 Induite
2550 1773 2638 1810 vos
2689 1756 2884 1808 viscera
2927 1752 3322 1816 misericordite,
3372 1751 3458 1803 be-

213 1855 364 1924 jubet
411 1857 454 1909 si
507 1856 804 1908 bonitatem
859 1851 1185 1906 fecerimus?
1235 1849 1434 1917 Utique
1487 1846 1530 1899 si
1578 1845 1642 1898 de
1684 1844 1784 1896 ista

219 1949 531 2018 loqueretur
566 1945 711 2001 terra
756 1963 917 2015 quam
972 1945 1301 2008 habitamus,
1337 1950 1390 1993 et
1442 1939 1534 2008 qui
1583 1936 1787 1991 faciunt

221 2041 537 2104 bonitatem,
579 2050 634 2093 et
677 2039 767 2107 qui
803 2053 908 2090 non
945 2036 1171 2098 faciunt,
1211 2033 1458 2086 habitant
1493 2029 1633 2082 hanc
1678 2037 1784 2080 lcr-

218 2151 353 2188 ram.
400 2131 743 2201 Superﬂuum
775 2147 905 2202 ergo
955 2128 1169 2183 videtur
1222 2139 1345 2178 esse
1388 2121 1699 2175 mandatum
1741 2119 1783 2171 si

221 2225 555 2295 intelligatur
585 2225 699 2277 hare
727 2231 893 2277 terra.
931 2221 1034 2276 Sed
1067 2219 1348 2272 videamus
1377 2229 1444 2268 ne
1473 2213 1612 2266 forte
1641 2211 1786 2264 illam

220 2319 366 2371 dicat
401 2325 605 2370 terram
649 2317 714 2368 de
760 2329 864 2384 qua
911 2313 1172 2380 scriptum
1223 2319 1304 2362 est
1328 2309 1394 2370 ‘9,
1446 2305 1569 2373 quia
1607 2316 1788 2356 semen

219 2407 364 2461 aliud
396 2406 587 2461 cecidit
619 2419 779 2474 super
818 2414 1016 2457 terram
1050 2401 1268 2460 bonam,
1298 2411 1418 2465 qua:
1465 2393 1644 2446 attulit
1679 2392 1789 2444 fru-

221 2509 386 2563 ctum,
425 2498 478 2551 in
525 2512 629 2564 qua
680 2511 824 2549 nunc
856 2506 1000 2548 terra
1059 2506 1155 2546 cor
1192 2487 1457 2542 auditoris
1491 2482 1791 2553 signiﬁcari

221 2591 452 2644 videtur.
507 2588 661 2643 Hanc
713 2601 844 2656 ergo
890 2585 1148 2653 iubemur
1192 2581 1521 2640 inhabitare,
1560 2579 1663 2630 hoc
1711 2581 1795 2627 est

225 2697 328 2736 non
355 2681 570 2752 longius
595 2681 843 2749 evagari,
871 2693 976 2731 non
1009 2676 1144 2730 ultra
1180 2675 1426 2740 citraque
1463 2671 1790 2731 discurrere,

221 2775 314 2829 sed
367 2773 640 2838 habitare,
695 2782 750 2826 et
799 2770 1098 2825 consistere
1153 2767 1292 2819 intra
1350 2764 1544 2816 anima:
1595 2769 1793 2813 nostra:

223 2865 518 2930 terminos,
563 2875 619 2919 et
667 2863 1022 2918 considerare
1081 2873 1200 2914 eam
1261 2855 1571 2924 diligentius
1633 2865 1794 2921 atque

221 2955 360 3010 etlie'i
392 2955 508 3025 ejus
539 2955 774 3024 agricola
810 2955 950 3006 sicut
990 2952 1089 3005 fuit
1115 2949 1249 3012 Noe,
1280 2957 1335 3001 et
1368 2948 1614 3015 plantare
1647 2945 1699 2999 in
1731 2958 1792 2998 ea

1890 1849 2231 1918 nignitatem,
2280 1849 2668 1914 humilitatem,
2706 1847 3196 1906 mansuetudinem,
3246 1843 3454 1911 patien-

1889 1937 2039 1990 tiam.
2086 1937 2151 1991 Et
2207 1937 2335 2007 quitl
2395 1952 2616 1994 necesse
2665 1947 2746 1991 est
2792 1951 3050 1991 enarrare
3102 1949 3197 2002 per
3247 1929 3455 2002 singula

1891 2030 2158 2094 quomodo
2195 2029 2422 2083 interior
2459 2029 2618 2082 homo
2660 2028 2947 2082 exterioris
2982 2027 3216 2080 hominis
3265 2027 3456 2080 homo-

1880 2112 2069 2189 nymis
2115 2119 2566 2189 appellationibus
2623 2120 2974 2174 nominetur?
3006 2121 3170 2174 Arma
3219 2119 3460 2173 exterior

1895 2212 2056 2264 homo
2098 2220 2150 2266 et
2185 2211 2411 2266 interior
2445 2211 2630 2266 habet.
2663 2211 2764 2276 Qui
2796 2212 3092 2266 secundum
3143 2209 3458 2264 interiorem

1895 2301 2167 2355 hominem
2214 2302 2442 2364 militat,
2497 2303 2737 2356 induitur
2783 2302 2950 2356 armis
3006 2301 3134 2363 Dei,
3189 2307 3245 2352 ut
3291 2295 3466 2367 possit

1895 2403 2038 2446 Stare
2092 2395 2352 2449 adversus
2409 2395 2675 2454 versutias
2727 2392 2948 2447 diaboli.
2991 2389 3094 2444 Sed
3132 2397 3252 2459 post
3298 2387 3464 2442 multa

1896 2487 2164 2555 exempla,
2205 2485 2485 2540 veniamus
2536 2487 2602 2539 ad
2657 2485 2760 2538 hoc
2795 2485 2937 2554 quod
2991 2483 3322 2551 propositum
3353 2489 3458 2533 cst.

1898 2579 2185 2633 Videamus
2223 2578 2350 2648 quid
2377 2585 2460 2632 est
2490 2578 2630 2646 quod
2658 2578 2992 2646 signiﬁcatur
3021 2591 3086 2628 ex
3120 2589 3185 2627 eo
3219 2572 3360 2640 quod
3388 2569 3470 2622 di-

1897 2682 2040 2724 ctum
2073 2681 2196 2724 est:
2229 2671 2501 2724 Delectare
2535 2673 2589 2722 in
2621 2669 2868 2732 Domino,
2915 2677 2964 2721 et
3011 2665 3153 2720 dabit
3200 2663 3292 2717 tibi
3337 2662 3469 2730 peti-

1899 2767 2064 2818 tiones
2106 2765 2276 2816 cordis
2329 2765 2428 2819 tui.
2465 2761 2757 2816 Sciendum
2795 2762 3026 2829 primum
3077 2767 3159 2811 est
3206 2755 3330 2825 quia
3364 2757 3465 2809 hoc

1900 2855 2040 2924 quod
2073 2855 2183 2908 dixi
2214 2856 2264 2908 in
2289 2854 2503 2918 Latino,
2533 2851 2786 2906 delectare
2814 2853 2866 2904 in
2905 2849 3146 2907 Domino,
3177 2849 3230 2900 in
3254 2846 3467 2910 GI'IBCO,

1899 2945 2151 2999 deliciare
2200 2945 2256 2999 in
2313 2945 2561 3009 Domino,
2613 2942 2829 2996 dicitur.
2891 2939 3002 2994 lloc
3057 2941 3198 2994 enim
3249 2937 3472 2992 Graecus

222 3049 470 3113 vineam,
517 3056 572 3101 et
617 3045 865 3102 excolere
919 3053 1122 3098 terram
1175 3057 1294 3111 quae
1340 3041 1484 3094 intra
1528 3052 1626 3091 nos
1677 3046 1790 3102 est,
1823 3071 1866 3128 ε
1901 3053 2080 3092 sermo
2109 3038 2348 3094 indicat:
2386 3037 2527 3105 quod
2559 3045 2636 3090 est
2677 3031 3116 3105 κατατρύφησον.
3150 3030 3302 3084 Sicut
3339 3043 3472 3098 ergo

222 3146 424 3192 nostra:
466 3137 658 3190 animae
709 3136 967 3189 innovare
1003 3131 1236 3195 novalia,
1280 3139 1334 3184 et
1378 3143 1483 3182 non
1524 3125 1796 3180 seminare

219 3245 388 3302 super
415 3229 599 3299 spinas
630 3247 644 3282 :
677 3227 929 3282 videlicet
961 3240 1085 3280 cum
1119 3224 1360 3277 animam
1395 3227 1637 3273 nostram
1669 3233 1798 3286 pur-

221 3337 416 3394 gamus
447 3336 476 3374 a
509 3320 677 3388 vitiis,
704 3329 757 3374 et
787 3317 1022 3373 incultos
1054 3325 1216 3384 atque
1247 3327 1474 3382 asperos
1515 3325 1693 3365 mores
1733 3311 1800 3363 ad

223 3414 700 3471 mansuetudinem
761 3411 966 3466 Christi
1018 3406 1342 3463 imitationis
1393 3403 1708 3466 excolimus,
1747 3409 1802 3454 et

220 3511 302 3563 ita
342 3508 554 3562 demum
603 3519 670 3559 ex
703 3505 968 3558 virtutum
1027 3500 1230 3554 divitiis
1265 3497 1561 3568 pascimur.
1618 3494 1801 3563 Neque

221 3600 372 3653 enim
399 3597 697 3668 putandum
727 3605 810 3651 est
858 3593 1074 3664 praecipi
1112 3591 1268 3646 nobis
1301 3599 1549 3644 terrenas
1587 3586 1804 3640 divitias

221 3705 494 3759 spumrere,
545 3703 681 3758 quas
723 3697 1073 3740 contemnere
1124 3683 1378 3753 iubemur
1423 3688 1482 3734 et
1521 3689 1800 3746 spernere.

220 3784 320 3838 Ait
363 3797 538 3852 ergo:
578 3780 831 3833 Inhabita
881 3789 1098 3831 terram.
1149 3774 1259 3828 lloe
1309 3779 1392 3826 est
1426 3785 1577 3839 ergo,
1614 3760 1827 3821 anitme

223 3885 340 3931 ture
391 3889 606 3944 semper
638 3873 852 3937 assiste,
901 3867 973 3923 ibi
1015 3881 1230 3936 semper
1277 3879 1556 3935 permane,
1601 3869 1655 3914 et
1706 3875 1807 3912 ex-

223 3971 350 4026 cole
387 3979 588 4024 terram
622 3979 800 4030 tuam,
847 3975 946 4030 ut,
981 3977 1104 4018 cum
1140 3959 1421 4014 abundare
1458 3955 1691 4023 coeperis
1723 3954 1810 4020 ju-

223 4065 396 4121 stitia:
424 4062 710 4124 fructibus,
745 4069 870 4112 tunc
904 4054 1147 4126 pascaris
1177 4053 1230 4105 in
1269 4049 1470 4106 divitiis
1499 4049 1634 4116 ejus.
1667 4044 1810 4112 Quid

221 4168 316 4213 est
347 4166 524 4210 autem
573 4153 720 4223 pasci
764 4152 816 4204 in
862 4148 1066 4202 divitiis
1113 4144 1264 4213 ejus?
1297 4143 1430 4208 Quia
1467 4139 1811 4209 quodcunque

224 4248 560 4305 seminaverit
593 4247 774 4307 homo,
801 4243 896 4295 hoc
924 4249 969 4293 et
1003 4248 1175 4292 metet.
1210 4237 1275 4290 Et
1306 4251 1320 4289 ε
1355 4233 1459 4299 Qui
1491 4231 1714 4284 seminat
1759 4229 1814 4280 in

226 4359 416 4408 carne,
451 4343 513 4394 de
553 4354 714 4393 carne
743 4345 894 4388 metet
945 4332 1359 4400 corruptionem.
1393 4327 1496 4392 Qui
1529 4333 1704 4378 autem
1734 4339 1816 4375 se-

1904 3131 2200 3186 secundum
2251 3129 2580 3183 exteriorem
2622 3126 2895 3180 hominem
2931 3122 3188 3193 pOSsibile
3231 3131 3314 3174 est
3366 3133 3472 3172 non

1904 3223 2074 3276 solum
2107 3221 2245 3276 cibis
2292 3223 2390 3284 uti,
2421 3235 2605 3273 verum
2661 3219 2824 3272 etiam
2876 3214 3086 3270 deliciis
3138 3210 3374 3282 perfrui,
3423 3222 3476 3260 ct

1907 3314 2143 3368 maxime
2186 3315 2276 3382 qui
2313 3313 2506 3366 divites
2554 3317 2679 3364 sunt
2730 3307 2938 3362 deliciis
2993 3313 3254 3364 utuntur;
3307 3301 3472 3354 etiam

1907 3409 1981 3462 ita
2028 3408 2255 3462 interior
2293 3408 2455 3460 homo
2505 3415 2677 3474 potest
2713 3418 2818 3458 non
2857 3401 3028 3454 solum
3078 3399 3212 3452 cibis
3256 3397 3354 3460 uti,
3387 3410 3479 3448 ve-

1909 3515 2025 3554 rum
2055 3511 2110 3554 et
2157 3499 2365 3553 deliciis
2397 3495 2620 3566 perfrui.
2652 3493 2803 3560 Quod
2839 3492 2952 3546 ﬁeri
2991 3495 3094 3546 hoc
3128 3489 3285 3544 modo
3333 3487 3477 3540 arbi-

1911 3603 2040 3646 tror.
2075 3590 2130 3644 Si
2165 3592 2287 3659 quis
2317 3590 2498 3642 audiat
2544 3589 2708 3642 verba
2751 3600 2814 3641 ea
2867 3581 3228 3645 solummodo,
3259 3594 3377 3648 qua:
3425 3590 3483 3631 se

1910 3683 2140 3738 invitent
2175 3685 2240 3735 ad
2289 3681 2535 3734 timorem
2579 3677 2695 3740 Dei,
2742 3679 2844 3730 iste
2893 3676 3073 3728 cibum
3111 3669 3484 3724 tantunnnodo

1912 3773 2055 3840 capit
2082 3787 2146 3824 ex
2187 3769 2558 3837 hujuscemodi
2588 3767 2771 3822 verbo.
2811 3763 2908 3831 Qui
2945 3777 3074 3816 vero
3112 3759 3322 3814 dederit
3354 3771 3485 3825 ope-

1913 3881 2028 3919 ram
2077 3865 2144 3918 ad
2199 3863 2600 3932 intelligendam
2673 3859 2876 3929 legem,
2923 3857 2989 3910 ad
3064 3851 3485 3923 perserutandos

1915 3959 2229 4028 prophetas,
2259 3957 2327 4010 ad
2355 3953 2722 4009 exsolutiones
2759 3948 3138 4019 parabolarum
3182 3942 3484 4010 Evangelii.

1917 4049 1983 4103 ad
2020 4047 2459 4116 explanationem
2504 4037 2796 4099 verborum
2834 4039 3277 4102 apostolicorum,
3308 4045 3364 4089 et
3394 4033 3484 4102 qui

1918 4145 1971 4197 in
2000 4143 2254 4198 omnibus
2291 4139 2589 4196 intellectui
2635 4146 2689 4190 et
2721 4134 2960 4190 scientia:
2990 4144 3208 4202 cperam
3255 4115 3485 4189 dederit,

1919 4234 2022 4288 iste
2053 4232 2260 4287 deliciis
2293 4231 2515 4284 fruitur.
2555 4226 2670 4283 Non
2713 4225 2856 4281 enim
2889 4225 2954 4277 ad
2988 4224 3092 4277 hoc
3133 4219 3306 4275 solum
3347 4215 3490 4285 quod

1921 4325 2066 4380 eiad
2104 4327 2266 4378 vitam
2315 4321 2530 4387 sullicit,
2563 4305 2684 4374 cibo
2733 4317 2904 4370 utitur
2949 4315 3348 4372 mandatorum,
3396 4307 3490 4360 sed

227 4438 402 4488 minat
433 4435 488 4486 in
519 4432 732 4500 spiritu,
769 4429 832 4481 de
863 4427 1052 4494 spiritu
1085 4431 1238 4476 metet
1270 4422 1429 4475 vitam
1471 4428 1718 4473 retentam
1742 4413 1808 4468 ".
1847 4407 1891 4461 D
1923 4420 1974 4474 in
2000 4419 2146 4472 onmi
2181 4416 2457 4486 agnitione
2487 4411 2729 4466 scientiae
2757 4408 3074 4462 delectatur.
3105 4401 3214 4455 lloc
3243 4407 3328 4451 est
3349 4395 3492 4466 quod

231 4515 298 4582 Si
335 4535 514 4579 autem
553 4521 763 4576 habites
803 4517 970 4589 658
1012 4527 1209 4569 terram
1256 4523 1423 4574 tuam,
1466 4519 1520 4564 et
1555 4509 1727 4576 ipsam
1759 4504 1810 4556 in

231 4620 437 4694 spiritu
469 4625 522 4672 et
565 4631 670 4670 non
721 4615 774 4666 in
826 4627 994 4676 carne
1042 4605 1420 4668 seminaveris,
1469 4602 1710 4672 pasceris
1757 4597 1812 4650 in

233 4697 446 4766 divitiis
500 4709 638 4778 ejus,
692 4706 834 4761 sicut
886 4717 1018 4757 oves
1053 4699 1158 4753 illa:
1208 4711 1328 4766 quae
1376 4697 1429 4749 in
1486 4695 1606 4748 loco
1657 4687 1819 4744 viridi

235 4803 392 4874 pasci
426 4781 700 4872 dicuntur,
737 4797 804 4850 de
849 4788 1050 4864 quibus
1081 4790 1212 4844 dicit
1260 4803 1440 4842 sermo
1488 4785 1702 4837 divinus
1728 4781 1770 4812 ⁶¹
1803 4799 1817 4835 :

237 4871 315 4950 in
351 4895 465 4946 loco
510 4871 665 4947 viridi
703 4889 772 4942 ibi
802 4903 881 4939 me
919 4881 1213 4938 collocavit.
1255 4878 1406 4934 Unde
1434 4884 1652 4930 constat
1679 4871 1822 4940 quod

238 4987 620 5053 unusquisque
647 4989 892 5034 nostrum
931 4977 1044 5044 ipse
1095 4971 1196 5028 sibi
1247 4976 1516 5039 praeparat
1571 4967 1712 5018 intra
1763 4974 1822 5014 se

241 5080 428 5134 locum
461 5075 732 5138 viridem,
779 5074 832 5126 in
884 5085 990 5139 quo
1046 5065 1284 5136 pascitur
1327 5077 1354 5114 a
1407 5058 1656 5122 Domino,
1699 5067 1822 5107 cum

242 5185 414 5240 agros
449 5167 641 5221 anima}
678 5180 789 5220 suae
835 5161 1063 5224 excolit,
1111 5167 1166 5212 et
1203 5158 1255 5210 in
1306 5153 1494 5222 spiritu
1547 5146 1826 5203 seminans

243 5273 466 5328 seraper
493 5258 560 5312 ad
592 5257 831 5312 lmlitiam
864 5251 1123 5323 Spirilalis
1153 5249 1374 5303 cultura:
1404 5242 1642 5296 adducit.

325 5353 382 5406 4.
423 5349 694 5403 Delectare
738 5347 792 5398 in
839 5345 1086 5407 Domino,
1132 5350 1180 5395 et
1215 5339 1361 5392 dabit
1407 5333 1499 5387 tibi
1546 5329 1821 5400 petitiones

247 5441 428 5498 cordis
459 5441 535 5494 tui
558 5441 625 5493 δ’.
671 5437 835 5493 Moris
863 5432 1270 5512 estScriptura:
1309 5426 1502 5481 divinae
1549 5425 1684 5479 duos
1729 5423 1826 5476 ho-

1357 5637 1403 5667 ⁸⁰
1443 5632 1562 5688 Gal.
1590 5647 1675 5694 v1,
1707 5629 1761 5685 8.

1337 5708 1382 5739 ‘6
1417 5703 1570 5761 Psal.-
1596 5718 1706 5758 crx.

325 5647 372 5679 ⁸⁸
409 5647 528 5700 Gal.
558 5663 614 5705 ι’.
643 5644 734 5698 22.

251 5720 306 5755 ⁵⁸
346 5718 366 5772 l
398 5719 524 5774 Cor.
555 5735 608 5783 ιι,
641 5719 694 5770 4.

810 5643 854 5674 ⁸⁸
892 5643 1022 5695 Luc.
1052 5656 1181 5701 vm,
1230 5639 1283 5692 8.

782 5715 826 5753 ⁸⁵
862 5712 1016 5768 Joan.
1045 5726 1116 5775 tv,
1143 5710 1230 5763 15.

1839 5629 1882 5660 ⁵¹
1909 5624 2054 5681 Psal.
2107 5639 2218 5678 χχιι
2241 5661 2256 5685 ,
2289 5623 2336 5676 1.

1903 5679 2031 5755 lout.
2061 5711 2145 5764 ιιι,
2179 5679 2265 5750 14⁷.
2331 5695 2388 5727 ’⁵³
2419 5691 2628 5749 Coloss.
2663 5703 2746 5758 nt,
2775 5679 2890 5740 12.‘
2941 5685 2984 5716 ⁵⁹
3009 5681 3152 5738 Psal.
3183 5681 3329 5734 xxxv
3381 5679 3434 5732 9.
3499 5733 3510 5750 ,

1924 4511 2163 4565 arbitror
2209 4485 2262 4561 et
2307 4507 2360 4559 in
2403 4519 2468 4559 eo
2517 4499 2767 4565 indicari,
2803 4497 2944 4566 quod
2996 4493 3194 4547 dicitur
3245 4490 3385 4542 Deus
3428 4485 3497 4540 ab

1923 4603 2104 4670 initio,
2129 4600 2400 4669 plantasse
2449 4593 2760 4664 paradisum
2792 4575 3152 4649 deliciarum,
3181 4584 3296 4637 sine
3330 4581 3495 4635 dubio

1921 4695 1978 4762 in
2035 4663 2142 4762 quo
2194 4687 2570 4759 spiritualibus
2626 4684 2840 4738 deliciis
2893 4667 3224 4734 fruerenmr.
3283 4663 3388 4729 Sed
3442 4665 3497 4728 et

1924 4759 2091 4838 alibi:
2124 4781 2448 4843 Torrentem,
2481 4779 2556 4833 ait
2579 4779 2646 4840 ⁵³,
2675 4777 2986 4829 deliciarum
3018 4759 3193 4842 putum
3221 4768 3495 4831 dabis'eis,

1924 4877 2130 4932 sanctis
2177 4874 2406 4928 scilicet.
2443 4871 2552 4926 Sed
2598 4879 2652 4925 et
2700 4869 2792 4923 hic
2839 4867 2951 4921 scio
2993 4864 3136 4933 quod
3185 4863 3238 4916 in
3287 4859 3496 4914 Latinis

1928 4965 2328 5036 exemplaribus
2357 4962 2544 5019 haberi
2578 4961 2719 5017 solet
2747 4967 3027 5013 torrentem
3060 4954 3338 5023 voluptatis
3371 4963 3494 5014 (utr,

1927 5060 2022 5114 sed
2050 5059 2103 5112 iu
2135 5057 2325 5113 Graeco
2353 5055 2584 5110 habetur
2613 5051 2845 5125 τρυφῆς,
2877 5049 3018 5120 quod
3047 5057 3130 5104 est
3169 5046 3500 5101 deliciarum.

1931 5145 2036 5201 Sed
2084 5157 2138 5201 et
2173 5147 2377 5200 sanctis
2419 5145 2724 5214 quibusque
2773 5139 3134 5211 corporalium
3183 5134 3504 5189 deliciarum

1932 5247 2275 5307 contemptus
2311 5238 2584 5300 indicitur,
2633 5245 2684 5290 et
2739 5248 2862 5304 spes
2910 5231 3226 5285 deliciarum
3279 5221 3502 5292 spirita-

1932 5329 2066 5384 lium
2101 5329 2511 5400 repromittitur.
2545 5327 2641 5382 Vis
2678 5326 2840 5381 etiam
2873 5324 2937 5376 de
2973 5323 3076 5374 hoc
3124 5315 3503 5369 auctoritatem

1937 5423 2186 5492 accipere
2227 5422 2523 5492 Scriptura:
2559 5419 2795 5475 divinae?
2833 5417 2990 5472 Dives
3030 5411 3249 5481 quidam
3287 5414 3428 5471 erat,
3458 5415 3510 5457 et

2415 5624 2460 5654 ⁵³
2499 5619 2644 5674 Psal.
2681 5612 2948 5681 xxxvtM.
3027 5611 3073 5643 ⁸³
3115 5611 3272 5665 Deut.
3306 5623 3428 5681 vni.
3455 5611 3487 5659 5
