3822 6520
385 275 524 330 1527

1761 265 1851 322 EX
1889 264 2188 323 ORIGENE

3510 275 3637 332 1528

381 392 629 448 Lazarus
675 402 915 459 pauper;
955 386 1007 442 in
1041 385 1252 443 deliciis
1301 384 1671 455 corporalibus
1705 392 1824 440 erat
1871 383 1955 439 di-
1986 387 2034 441 A
2062 384 2193 451 agit,
2233 382 2346 437 odit
2381 383 2574 446 lucem,
2609 391 2655 436 et
2706 399 2810 436 non
2857 383 2995 437 venit
3026 384 3096 438 ad
3127 385 3301 440 lucem
3329 395 3406 438 uti
3447 401 3513 440 tu
3549 404 3634 440 ar-

385 501 505 552 ves,
539 483 780 538 Lazarus
825 480 1219 536 conﬁciebatur
1269 479 1468 532 inedia.
1512 477 1758 533 Excessit
1804 485 1953 531 uter-

383 593 491 647 que
519 577 584 631 de
610 574 830 638 saeculo,
859 582 915 627 et
946 571 1188 626 Lazarus
1230 571 1445 639 quidem
1492 571 1558 626 ab
1587 569 1793 638 angelis
1826 569 1954 640 sub-

381 670 524 726 latus
555 677 640 724 est
684 669 738 722 in
785 666 962 722 sinum
997 663 1250 728 Abrahae,
1284 673 1342 717 ut
1385 663 1457 717 ibi
1506 663 1559 716 in
1592 662 1805 717 deliciis
1860 678 1951 716 rc-

381 760 717 832 quiesceret;
761 757 851 811 ille
880 764 1057 811 autem
1094 757 1184 824 qui
1233 754 1287 808 in
1339 754 1548 810 deliciis
1602 753 1781 808 fuerat
1827 769 1951 807 cor-

379 853 680 923 poralibus,
713 851 846 905 abiit
877 850 930 904 in
972 848 1273 919 gehennam
1307 847 1466 916 ignis,
1499 848 1643 902 sicut
1684 848 1736 900 in
1773 847 1953 900 Evan-

379 943 518 1009 gelio
540 953 644 1005 est,
672 952 727 996 ct
755 942 904 996 audit
931 940 998 994 ab
1020 940 1292 994 Abraham
1312 939 1380 1007 “°,
1403 939 1529 1010 quia
1561 949 1617 992 tu
1646 947 1952 993 consecutus

379 1053 433 1090 es
465 1036 599 1090 bona
630 1035 684 1090 in
723 1035 831 1088 vita
875 1045 989 1098 tua,
1022 1031 1124 1086 hoc
1171 1043 1254 1085 est
1299 1033 1509 1087 deliciis
1555 1031 1758 1086 abusus
1783 1046 1861 1093 es,
1903 1039 1952 1083 et

379 1127 621 1182 Lazarus
654 1127 796 1180 mala
825 1143 844 1181 :
875 1143 1011 1180 nunc
1045 1134 1221 1178 autem
1268 1125 1353 1178 Itic
1402 1123 1699 1194 requiescit,
1730 1133 1786 1176 tu
1829 1139 1950 1176 vero

381 1221 659 1274 cruciaris.
713 1217 879 1273 Nemo
921 1227 1116 1288 potest,
1151 1227 1205 1271 et
1243 1217 1296 1270 in
1331 1229 1516 1280 carne,
1546 1223 1602 1269 et
1653 1216 1705 1268 in
1756 1215 1946 1284 spiritu

378 1311 583 1366 habere
631 1310 877 1365 delicias.
926 1309 1031 1365 Sed
1078 1309 1123 1363 si
1173 1308 1296 1378 quis
1347 1308 1398 1360 in
1440 1321 1604 1361 carne
1647 1305 1947 1369 deiiciatur,

377 1403 520 1456 sicut
551 1402 642 1456 ille
670 1402 841 1466 dives,
870 1400 1076 1456 carebit
1102 1399 1307 1470 gremio
1336 1397 1608 1452 Abraham
1636 1407 1694 1452 et
1720 1397 1946 1452 deliciis.

377 1495 478 1562 Qui
524 1509 659 1549 vero
708 1493 762 1547 in
801 1493 1054 1564 prtesenti
1093 1492 1286 1547 saeculo
1325 1505 1463 1561 pane
1511 1488 1815 1544 afﬁictionis
1853 1505 1948 1542 ve-

377 1586 572 1648 scitur,
605 1585 747 1639 sicut
779 1595 832 1640 ct
863 1584 955 1640 ille
998 1597 1223 1654 pauper,
1269 1597 1392 1636 cum
1442 1581 1567 1636 hinc
1598 1581 1944 1645 abscesserit,

378 1677 431 1730 in
470 1677 681 1732 deliciis
711 1677 833 1731 erit.
872 1675 1135 1730 Deliciare
1167 1689 1301 1744 ergo
1331 1674 1387 1726 in
1433 1672 1676 1737 Domino,
1711 1683 1759 1726 et
1803 1673 1946 1725 dabit

2061 485 2296 543 guantur
2324 493 2482 545 opera
2511 476 2646 546 ejus.
2685 473 2790 540 Qui
2818 486 2996 530 autem
3032 477 3163 544 facit
3184 480 3487 546 veritatem,
3510 485 3639 535 seuit

2061 569 2131 621 ad
2166 570 2332 622 lucem
2347 569 2412 622 ⁸³.
2461 568 2725 635 Quoniam
2781 583 2910 638 ergo
2958 571 3048 636 qui
3076 571 3219 625 male
3251 572 3390 641 agit,
3420 574 3535 626 odit
3563 573 3640 628 i-

2062 672 2201 722 cetu,
2232 669 2288 714 et
2319 671 2583 730 quantum
2621 661 2674 714 in
2710 659 2828 729 ipso
2871 662 3160 718 occultans
3191 664 3334 717 mala
3367 680 3493 733 quae
3516 667 3637 734 agit,

2061 759 2114 802 et
2148 751 2346 805 timens
2374 765 2442 806 ne
2465 763 2744 820 arguatur,
2769 755 2915 809 velat
2942 765 2996 809 et
3027 757 3267 823 contegit
3295 757 3448 808 viam
3467 773 3638 821 suam,

2059 853 2112 897 ct
2161 854 2418 912 tanquam
2467 845 2774 900 velamento
2823 847 3060 916 quodam
3095 851 3275 917 operit
3303 859 3469 902 actus
3497 864 3637 902 suos.

2065 934 2220 989 Verbi
2254 937 2450 1004 gratia,
2471 937 2516 990 si
2550 937 2671 1004 quis
2698 950 2964 1004 vestrum,
2999 939 3127 996 licet
3163 955 3272 994 non
3299 952 3489 1008 Optem
3522 955 3638 996 esse

2061 1026 2113 1078 in
2151 1025 2254 1079 hoc
2282 1033 2548 1079 conventu
2583 1027 2749 1081 talem
2777 1028 3035 1098 aliquem,
3062 1039 3250 1084 tamen
3277 1030 3321 1084 si
3353 1030 3482 1098 quis
3506 1032 3637 1084 inter

2060 1131 2176 1179 vos,
2193 1117 2308 1171 sive
2321 1117 2760 1182 catecltumeuus,
2776 1119 2888 1171 sive
2904 1119 3068 1173 etiam
3084 1136 3221 1174 unus
3237 1119 3445 1187 aliquis
3457 1136 3522 1174 ex
3539 1122 3640 1188 plu-

2060 1211 2207 1266 ribus
2225 1211 2465 1265 ﬁdelium
2495 1211 2748 1266 conscius
2774 1212 2874 1266 sibi
2895 1214 3136 1284 estquod
3163 1214 3472 1269 fornicatus
3487 1219 3577 1280 sit,
3592 1228 3637 1270 et

2057 1305 2198 1359 celat
2213 1303 2493 1366 delictum,
2510 1305 2750 1372 nunquid
2767 1319 2872 1358 non
2892 1305 2982 1359 tibi
2998 1305 3210 1361 videtur
3226 1308 3333 1362 iste
3345 1307 3636 1371 occultare,

2055 1406 2110 1451 et
2136 1398 2350 1467 operire
2377 1400 2515 1454 viam
2538 1415 2692 1454 suam
2713 1412 2875 1466 quam
2907 1397 3147 1452 incedit?
3175 1399 3278 1466 Qui
3298 1411 3484 1454 autem
3501 1414 3637 1456 casm

2055 1491 2185 1562 agit,
2203 1501 2257 1547 ct
2271 1494 2492 1549 conﬁdit
2507 1495 2570 1549 de
2582 1492 2813 1564 puritate
2831 1494 3094 1558 vitaesuae,
3113 1508 3220 1548 non
3237 1493 3636 1563 vultcooperire

2054 1584 2194 1637 viam
2213 1600 2384 1650 suam,
2403 1587 2494 1640 sed
2514 1587 2759 1642 vulteam
2779 1585 3117 1640 manifestam
3134 1601 3279 1652 esse,
3296 1587 3633 1642 manifestam

2056 1673 2175 1728 dico
2189 1689 2291 1728 non
2309 1676 2711 1740 ltominibus,ne
2728 1675 2861 1730 forte
2877 1674 3471 1744 percipiatmercedem
3490 1692 3631 1730 suam

377 1768 472 1820 tibi
509 1769 815 1838 petitionem
858 1767 1029 1821 cordis
1089 1768 1186 1819 tui.
1225 1767 1376 1832 Quod
1424 1765 1467 1820 si
1518 1765 1695 1819 adhuc
1733 1764 1944 1834 plenius
1977 1751 2018 1805 Β
2047 1764 2114 1818 ab
2140 1765 2468 1830 hominibus,
2497 1766 2592 1820 sed
2647 1766 2757 1820 Deo
2791 1764 3125 1819 manifestat.
3159 1764 3463 1832 Propterea
3513 1779 3632 1835 ergo

376 1859 576 1913 intueri
629 1859 711 1911 vis
765 1858 1036 1927 quomodo
1073 1856 1198 1925 quis
1247 1856 1533 1910 delicietur
1582 1855 1633 1909 in
1691 1855 1942 1917 Domino,

377 1950 622 2019 perspice
644 1950 786 2017 quod
815 1947 1076 2001 Dominus
1104 1948 1308 2001 veritas
1332 1954 1435 2010 est,
1456 1955 1510 2000 et
1546 1945 1808 2015 sapientia
1837 1955 1942 2007 est,

373 2049 428 2095 et
452 2041 658 2112 jastitia
687 2047 796 2104 est,
845 2048 897 2095 et
935 2039 1298 2095 sanctiﬁcatio
1342 2047 1448 2094 est.
1483 2037 1540 2092 Si
1592 2052 1722 2107 ergo
1772 2037 1945 2092 abun-

373 2133 585 2187 daveris
613 2132 666 2187 in
715 2131 918 2186 divitiis
950 2130 1215 2196 veritatis,
1249 2129 1293 2184 si
1345 2130 1709 2184 abundaveris
1757 2130 1808 2183 in
1862 2129 1945 2182 in-

374 2223 592 2278 tellectu
645 2223 960 2293 sapientiae,
1001 2221 1046 2275 si
1102 2219 1352 2288 copiosus
1408 2218 1576 2274 fueris
1616 2221 1668 2272 in
1731 2219 1943 2273 actibus

365 2314 616 2384 iustitiae,
646 2324 773 2369 tunc
802 2314 958 2384 plene
985 2323 1040 2368 et
1069 2313 1280 2383 integre
1305 2310 1581 2365 deliciaris
1605 2310 1658 2364 in
1689 2309 1940 2365 Domino.

369 2403 498 2470 Quae
529 2406 716 2473 utique
771 2419 892 2459 cum
945 2403 1274 2474 expleveris,
1314 2410 1442 2456 tunc
1485 2403 1647 2455 etiam
1696 2401 1748 2455 id
1798 2402 1940 2470 quod

369 2497 725 2564 consequitur
770 2495 1110 2564 adipisceris.
1158 2492 1321 2546 Dabit
1355 2494 1496 2548 enim
1545 2492 1636 2546 tibi
1679 2491 1942 2547 Dominus

366 2588 643 2656 petitiones
674 2587 848 2641 cordis
892 2589 991 2642 tui.
1023 2587 1344 2642 Necessario
1385 2594 1566 2639 tamen
1607 2584 1816 2640 addidit
1852 2601 1940 2655 pe-

369 2681 580 2733 titiones
610 2680 787 2732 cordis
818 2679 920 2745 tui,
951 2694 1074 2734 cum
1106 2677 1368 2747 potuisset
1406 2677 1594 2745 utique
1623 2677 1808 2731 dicere
1850 2691 1942 2744 pe-

370 2777 591 2832 titiones
637 2786 781 2832 tuas.
832 2775 912 2830 Ita
966 2786 1145 2830 autem
1196 2775 1410 2830 facilius
1445 2775 1674 2846 intelligi
1737 2785 1936 2846 potest.

366 2866 519 2933 Quod
555 2867 600 2922 si
637 2865 974 2936 singulorum
1020 2867 1385 2920 membrorum
1423 2866 1642 2934 propria
1688 2866 1938 2935 quaedam

365 2974 600 3026 persona
651 2959 906 3026 ﬁngatur,
957 2957 1108 3010 verbi
1146 2971 1334 3019 causa,
1369 2955 1412 3009 si
1460 2955 1656 3010 oculus
1709 2955 1938 3011 haberet

2045 1855 2265 1922 dicitur,
2278 1856 2460 1912 Revela
2482 1857 2550 1910 ad
2575 1857 2858 1912 Dominum
2885 1858 3023 1911 viam
3047 1867 3216 1909 tuam.
3245 1854 3358 1910 Sed
3381 1869 3437 1909 et
3460 1857 3505 1909 si
3532 1872 3631 1908 ma-

2046 1946 2222 2003 lorum
2254 1949 2348 2004 tibi
2367 1948 2619 2004 conscius
2643 1947 2953 2018 aliquorum
2984 1947 3178 2013 fueris,
3203 1946 3318 2002 noli
3343 1946 3628 2009 occultare,

2045 2042 2138 2098 sed
2166 2055 2264 2111 per
2292 2029 2736 2111 exomologesim,
2770 2041 2820 2094 id
2850 2050 2934 2095 est
2980 2039 3432 2101 confessionem,
3464 2041 3626 2092 reret:

2045 2151 2108 2190 ea
2142 2132 2396 2198 Domino,
2429 2143 2484 2187 et
2510 2147 2665 2203 spera
2699 2133 2751 2186 in
2777 2148 2921 2199 eum,
2946 2142 3000 2187 et
3027 2133 3142 2201 ipse
3168 2133 3359 2185 faciet.
3393 2131 3509 2184 Hoc
3534 2144 3626 2194 est,

2045 2241 2170 2280 cum
2201 2225 2484 2280 confessus
2520 2223 2710 2289 fueris,
2742 2233 2797 2280 et
2832 2224 3160 2279 revelaveris
3193 2224 3245 2277 ei
3282 2223 3486 2278 delicta
3527 2234 3625 2285 tua,

2043 2333 2198 2387 spera
2218 2318 2270 2373 in
2297 2333 2422 2372 eum
2441 2318 2584 2387 quod
2603 2317 2782 2386 possis
2810 2317 2878 2370 ab
2904 2331 2968 2370 eo
2989 2318 3206 2370 veniam
3236 2315 3561 2386 promereri.
3587 2323 3627 2369 1'.

2045 2411 2157 2479 ipse
2184 2410 2366 2464 faciet.
2403 2409 2542 2475 Quid
2568 2408 2768 2464 faciet?
2803 2407 2934 2462 Sine
2960 2407 3126 2462 dubio
3151 2423 3354 2463 sanum
3386 2417 3440 2460 te
3455 2407 3623 2461 faciet.

2045 2501 2198 2557 Dicet
2219 2502 2312 2558 tibi
2337 2501 2381 2533 ⁸³
2403 2518 2416 2551 :
2446 2501 2705 2570 Eccejam
2726 2517 2889 2556 sanus
2912 2501 3085 2568 factus
3103 2516 3181 2566 es,
3205 2500 3354 2553 ultra
3387 2501 3497 2553 noli
3517 2517 3624 2567 με·

2043 2610 2183 2660 care,
2201 2611 2264 2648 ne
2286 2593 2413 2663 quid
2429 2593 2520 2646 tibi
2534 2593 2761 2646 deterius
2779 2593 3064 2662 contingat.
3085 2590 3210 2644 Haec
3229 2591 3428 2655 feciet,
3443 2593 3488 2644 si
3508 2590 3624 2644 deii~

2041 2699 2128 2745 cta
2150 2697 2237 2742 tua
2260 2689 2308 2742 ei
2335 2684 2742 2741 revelaveris.Si
2765 2701 2893 2740 vero
2909 2699 3042 2754 pura
3056 2694 3139 2737 est
3156 2685 3246 2737 via
3270 2695 3390 2744 tua,
3410 2694 3466 2737 et
3487 2700 3621 2735 mutt-

2041 2781 2106 2834 tla
2129 2780 2482 2843 conscientia,
2510 2788 2564 2834 et
2595 2778 2710 2833 inec
2731 2779 2781 2832 ei
2813 2777 3164 2840 revelaveris,
3199 2791 3372 2845 spera
3410 2777 3463 2829 in
3484 2791 3618 2829 eum.

2110 2867 2166 2924 6.
2207 2868 2346 2936 Quid
2381 2867 2566 2931 faciat,
2597 2882 2663 2922 ex
2695 2867 3158 2936 consequentibus
3195 2867 3355 2920 disce
3380 2865 3461 2916 “:
3496 2864 3616 2918 Pre-

2041 2961 2192 3015 ducet
2235 2961 2368 3015 sicut
2411 2959 2585 3013 lumen
2605 2959 2872 3028 justitiam
2905 2969 3069 3022 tuam,
3099 2969 3148 3011 et
3173 2958 3456 3028 judicium
3482 2968 3616 3010 tua:

365 3063 585 3116 vocem,
616 3049 856 3118 nunquid
907 3064 1010 3102 non
1062 3048 1266 3102 dicere!
1307 3065 1323 3102 ε
1355 3048 1481 3102 P610
1513 3048 1682 3102 lucem
1703 3089 1718 3114 ,
1750 3059 1808 3102 ιιι
1858 3048 1940 3102 Vi-
1967 3091 2010 3149 ϐ
2042 3055 2178 3108 sicut
2207 3053 2500 3107 meridiem.
2531 3050 2701 3106 Tuam
2743 3050 3038 3118 justitiam,
3078 3065 3250 3119 quam
3287 3059 3346 3105 tu
3373 3053 3531 3120 egisti
3571 3052 3614 3103 in

364 3138 517 3192 deam
555 3153 617 3193 ea
659 3153 778 3208 qua:
813 3154 897 3194 me
941 3139 1127 3194 videre
1174 3138 1482 3193 delectant?
1518 3137 1744 3210 Refugio
1789 3139 1934 3194 enim

363 3229 549 3284 videre
608 3230 890 3285 horrorem
937 3232 1210 3300 aliquem,
1254 3240 1309 3284 et
1370 3244 1530 3284 omne
1589 3233 1733 3300 quod
1797 3247 1935 3287 cono

365 3321 543 3374 turbat
568 3331 620 3375 et
661 3323 953 3377 contristat
1000 3331 1300 3390 asttectum.
1352 3321 1616 3376 Similiter
1654 3330 1709 3377 et
1749 3323 1794 3379 si
1835 3340 1936 3377 att-

361 3414 508 3468 ditus
545 3414 815 3484 acciperet
840 3429 1049 3481 vocem,
1099 3414 1339 3483 nunquid
1377 3428 1481 3468 non
1526 3415 1777 3471 diceret:
1807 3415 1937 3472 Peto

361 3521 554 3559 sonum
590 3507 865 3562 modulata
900 3517 1018 3562 arte
1047 3508 1429 3578 compositum,
1473 3523 1664 3564 sonum
1703 3509 1940 3564 delecta-

363 3599 546 3662 bilem,
577 3615 827 3668 asperum
856 3615 988 3654 vero
1031 3609 1085 3653 et
1114 3592 1360 3654 terribile
1393 3600 1597 3670 aliquid
1639 3600 1829 3655 audire
1860 3617 1938 3654 re-

363 3689 552 3761 fugio?
597 3691 673 3746 Ita
723 3691 768 3745 si
820 3691 999 3762 gustui
1055 3706 1158 3745 vox
1211 3691 1466 3759 daretur,
1517 3701 1572 3747 et
1627 3692 1823 3760 tactui,
1882 3703 1935 3748 et

359 3797 549 3838 omnes
577 3798 768 3838 sensus
807 3782 980 3838 nostri
1019 3781 1137 3837 sine
1170 3780 1335 3836 dubio
1364 3780 1481 3836 haec
1511 3791 1777 3851 peterent,
1816 3798 1934 3852 quae

359 3890 458 3929 suo
507 3875 691 3930 sensui
745 3875 1122 3930 convenirent.
1155 3872 1239 3928 Ab
1291 3874 1376 3928 bis
1424 3888 1554 3943 ergo
1592 3883 1934 3929 transeamus

359 3969 425 4020 ad
457 3982 551 4020 cor
593 3968 644 4021 in
676 3981 785 4036 quo
816 3976 898 4022 est
936 3981 1110 4031 mens,
1138 3976 1193 4020 ct
1235 3966 1553 4037 principalis
1601 3967 1930 4028 intellectus.

358 4067 413 4111 et
446 4057 724 4112 videamus
754 4059 884 4128 quid
917 4058 1192 4112 desideret
1224 4067 1280 4111 et
1309 4058 1437 4126 quid
1469 4066 1614 4128 petat
1644 4072 1758 4125 cor,
1791 4059 1932 4112 sicut

358 4149 426 4202 de
455 4146 612 4202 oculo
650 4148 732 4203 vel
767 4148 834 4202 de
865 4149 1090 4204 auribus
1121 4149 1440 4217 cmterisque
1471 4149 1720 4204 sensibus
1756 4149 1805 4202 in
1842 4164 1934 4204 sn-

356 4238 663 4308 perioribus
732 4239 1247 4294 demonstravimus.
1299 4240 1604 4294 Secundum
1649 4239 1731 4293 sui
1773 4249 1932 4292 natu-

358 4345 473 4384 ram
520 4345 616 4385 cor
660 4331 782 4384 sine
831 4331 995 4383 dubio
1055 4329 1470 4400 intelligentiam
1525 4329 1719 4397 poscit.
1777 4331 1930 4384 Sicut

2041 3146 2276 3209 occulto,
2323 3155 2378 3199 et
2434 3143 2683 3199 revelasti
2730 3159 2852 3198 eam
2881 3144 2979 3198 soli
3015 3143 3148 3210 Deo,
3182 3145 3330 3198 hanc
3361 3145 3613 3212 producti

2039 3239 2184 3292 sicut
2224 3238 2409 3292 lumen
2438 3237 2602 3303 Deus,
2629 3245 2684 3292 et
2714 3237 2968 3292 ostendet
2999 3246 3054 3292 te
3093 3235 3302 3303 justum
3348 3236 3616 3290 illumina-

2046 3341 2157 3383 tum
2198 3328 2317 3383 sole
2341 3327 2589 3396 iustitia}.
2619 3325 2764 3381 caalo
2788 3337 2844 3380 et
2867 3335 3044 3389 terra",
3077 3337 3131 3379 et
3161 3326 3425 3380 omnibus
3449 3329 3541 3395 qui
3569 3327 3615 3377 ia

2039 3419 2178 3475 caelo
2229 3428 2356 3475 sunt
2407 3420 2660 3474 ostendet
2701 3417 2882 3472 lumen
2928 3417 3154 3487 iustitia:
3187 3426 3316 3482 tuac,
3355 3427 3436 3481 et,
3469 3417 3516 3470 si
3549 3417 3616 3468 ita

2037 3512 2144 3567 dici
2197 3521 2439 3582 oportet,
2483 3509 2716 3578 jactabit
2773 3523 2833 3563 se
2889 3510 2954 3564 de
2993 3516 3046 3561 te
3093 3517 3352 3578 tanquam
3385 3509 3455 3561 de
3491 3506 3612 3568 tilio.

2041 3613 2300 3674 tanquam
2359 3603 2449 3673 qui
2509 3602 2791 3672 acceperis
2840 3600 3090 3670 spiritum
3128 3599 3467 3669 adoptionis.
3497 3598 3616 3653 Pro-

2037 3696 2197 3752 ducet
2244 3711 2372 3766 ergo
2401 3695 2670 3766 justitiam
2713 3702 2860 3746 tuam
2904 3695 3047 3747 sicut
3097 3691 3307 3755 lumen,
3345 3693 3476 3760 quia
3531 3694 3611 3759 qui

2037 3789 2336 3855 secundum
2378 3787 2690 3842 mandatum
2725 3784 2937 3839 Domini
2965 3784 3145 3854 justus
3187 3792 3303 3848 est,
3342 3781 3610 3852 justitiam

2038 3869 2190 3934 suam
2226 3879 2301 3933 ita
2341 3879 2488 3944 facit,
2528 3879 2671 3933 sicut
2717 3877 2832 3946 ipse
2862 3875 3142 3930 mandavit
3173 3876 3367 3929 dicens
3385 3875 3473 3926 g':
3511 3872 3610 3927 Vas

2035 3979 2233 4033 autem,
2256 3986 2372 4023 cum
2396 3969 2576 4040 facitis
2601 3969 2865 4038 justitiam
2892 3975 3138 4031 vestram,
3165 3969 3368 4020 nesciat
3397 3967 3608 4020 sinistra

2034 4060 2160 4132 quid
2184 4061 2347 4129 faciat
2379 4062 2562 4113 dextra
2594 4069 2706 4112 tua.
2741 4057 2863 4112 llaec
2885 4073 3013 4127 ergo
3033 4056 3244 4126 justitia
3270 4072 3394 4124 qua:
3424 4057 3498 4108 ita
3536 4055 3608 4118 tit,

2037 4163 2094 4206 ut
2125 4168 2230 4206 non
2271 4152 2583 4207 hominibus
2605 4161 2886 4218 appareat,
2919 4165 3014 4203 nec
3057 4158 3119 4202 ut
3155 4149 3461 4201 humanam
3492 4146 3600 4212 glo-

2036 4231 2172 4297 riam
2203 4253 2406 4313 captet,
2439 4243 2531 4296 sed
2579 4241 2640 4294 lit
2689 4244 2740 4294 in
2784 4240 3020 4305 occulto,
3054 4250 3113 4294 ut
3146 4239 3314 4294 Pater
3346 4239 3440 4307 qui
3473 4238 3607 4290 ridet

2039 4335 2091 4389 in
2123 4333 2356 4400 occulto,
2396 4333 2586 4387 reddat
2627 4334 2801 4404 palam
2837 4334 2891 4386 iu
2932 4344 3172 4400 tempore
3211 4347 3334 4394 suo,
3365 4332 3610 4400 produci-

355 4421 545 4477 oculus
591 4421 797 4486 visum,
830 4419 997 4493 659
1047 4422 1121 4476 ita
1170 4437 1267 4476 cor
1313 4421 1648 4478 intellectum
1685 4422 1931 4491 requirit.
1963 4427 2008 4482 D
2038 4437 2125 4483 tur
2163 4441 2192 4480 a
2222 4424 2332 4478 Deo
2376 4424 2515 4478 sicut
2554 4423 2665 4478 lux.
2702 4423 2767 4476 Et
2791 4422 3054 4492 judicium
3090 4430 3240 4474 tuum
3269 4422 3415 4474 sicut
3454 4421 3606 4474 meri.

356 4513 512 4568 Sicut
556 4515 703 4568 auris
753 4529 972 4569 suavem
1029 4529 1219 4568 sonum
1260 4515 1429 4584 cupit,
1475 4515 1546 4569 ita
1593 4530 1688 4570 cor
1721 4515 1936 4584 sapien-

357 4606 503 4659 tibus
551 4607 804 4660 sensibus
853 4605 1178 4661 delectatur.
1215 4603 1372 4661 Sicut
1408 4617 1598 4676 gustus
1649 4607 1790 4662 dulci
1844 4623 1935 4661 sa-

351 4709 508 4766 pore,
551 4694 624 4750 ita
673 4711 768 4749 cor
821 4695 1181 4764 prudentibus
1238 4697 1660 4768 cogitationibus
1711 4700 1929 4770 gaudet.

354 4788 508 4841 Sicut
538 4787 794 4844 odoratus
841 4790 1112 4845 suavitate
1156 4789 1494 4859 fragrantiae,
1529 4793 1602 4845 ita
1637 4807 1732 4846 cor
1765 4792 1928 4845 ratio-

351 4876 623 4932 nabilibus
682 4877 876 4933 studiis
931 4879 1170 4934 laetatur.
1246 4880 1396 4934 Sicut
1457 4890 1634 4935 tactus
1707 4880 1922 4935 lenibus

350 4985 417 5024 ac
465 4969 737 5034 mollibus,
803 4969 873 5023 ita
923 4985 1017 5025 cor
1050 4971 1272 5026 utilibus
1322 4982 1375 5026 et
1433 4973 1651 5042 optimis
1684 4972 1924 5026 consiliis

346 5059 670 5116 delectatur.
721 5059 778 5114 Si
825 5075 955 5130 ergo
1003 5061 1272 5117 dclicieris
1327 5063 1379 5117 in
1437 5063 1692 5128 Domino,
1736 5071 1789 5118 et
1829 5079 1920 5116 sa-

349 5152 592 5219 pientiae,
617 5160 672 5207 et
700 5154 966 5219 veritatis,
998 5163 1052 5209 et
1080 5153 1298 5222 iustitiae
1324 5156 1496 5225 copiis
1515 5166 1678 5224 atque
1709 5155 1920 5210 deliciis

345 5241 666 5311 perfruaris,
705 5243 857 5298 dabit
897 5243 990 5301 tibi
1026 5242 1281 5299 Dominus
1312 5246 1601 5315 petitiones
1629 5246 1813 5302 cordis
1844 5246 1918 5301 tui

347 5344 499 5400 aptas
530 5333 734 5390 deliciis
763 5336 1109 5406 supradictis.

416 5425 471 5479 5.
507 5425 637 5481 Post
668 5427 782 5483 lucc
829 5429 959 5484 dicit
982 5429 1026 5460 ⁶¹
1053 5448 1066 5484 :
1094 5427 1280 5485 Revela
1315 5429 1541 5483 Domino
1571 5429 1708 5483 uiam
1748 5440 1916 5494 tuam,

344 5525 397 5573 et
438 5535 588 5587 spera
618 5517 674 5573 in
711 5536 852 5586 eum,
883 5529 932 5576 et
980 5523 1091 5591 ipse
1131 5521 1312 5589 faciet.
1337 5549 1409 5560 —
1435 5518 1622 5574 Omnis
1661 5521 1752 5590 qui
1781 5521 1918 5574 male

418 5632 463 5665 "
503 5633 632 5690 Luc.
662 5649 774 5699 xvt,
805 5636 894 5690 25.
1013 5637 1055 5669 ⁶¹
1087 5635 1234 5692 Psal.
1269 5650 1457 5701 xxsvt,
1479 5635 1533 5690 5.

769 5704 799 5722 ρ

347 5703 393 5734 ⁸⁸
421 5702 612 5759 Matth.
656 5721 730 5771 γι,
769 5704 826 5760 5.

1639 5638 1683 5669 ⁸³
1715 5633 1871 5694 Joan.
1902 5653 1984 5706 nt,
2017 5637 2088 5693 20
2123 5646 2179 5694 et
2207 5636 2298 5693 21.

2032 4521 2163 4573 dies.
2195 4516 2390 4570 ()tnnia
2433 4517 2578 4570 enim
2605 4515 2738 4582 justi
2764 4513 2966 4584 judicia
2998 4528 3348 4583 quaecunque
3390 4511 3604 4580 judica-

2033 4611 2130 4675 vit,
2159 4622 2264 4662 non
2300 4606 2474 4660 solum
2516 4607 2659 4659 sicut
2701 4604 2792 4658 lux
2843 4612 3022 4666 erunt,
3051 4607 3146 4658 sed
3175 4605 3324 4658 sicut
3349 4604 3602 4657 meridia-

2031 4715 2161 4756 num
2198 4700 2401 4766 lumen,
2433 4698 2579 4767 quod
2634 4699 2824 4766 utique
2857 4697 3223 4752 clarissimum
3265 4707 3322 4752 et
3364 4697 3601 4767 splendi-

2031 4792 2313 4848 dissimum
2365 4798 2467 4844 est.
2523 4788 2806 4845 Plenitudo
2852 4791 2995 4844 enim
3041 4789 3176 4843 lucis
3209 4788 3264 4844 in
3307 4790 3602 4844 meridiano

2032 4891 2275 4951 tempore
2308 4879 2646 4948 designatur.
2674 4877 2729 4932 Si
2749 4895 2880 4949 ergo
2917 4878 3081 4932 fueris
3103 4879 3291 4948 justus
3324 4891 3378 4935 et
3410 4881 3597 4942 bonus,

2031 4973 2295 5042 producet
2322 4971 2465 5025 Deus
2491 4969 2630 5026 sicut
2663 4972 2846 5026 lumen
2872 4969 3134 5038 justitiam
3171 4980 3343 5034 tuam,
3376 4981 3437 5025 et
3456 4971 3596 5040 judi-

2031 5068 2172 5123 cium
2205 5077 2352 5121 tuum
2381 5067 2523 5122 sicut
2548 5065 2849 5120 meridiem.
2883 5063 2976 5117 Vel
3001 5075 3147 5118 certe
3179 5063 3229 5118 in
3249 5062 3463 5130 judicio
3483 5078 3595 5118 cum

2031 5171 2195 5212 causa
2230 5165 2318 5210 tua
2354 5156 2666 5222 discutitur,
2697 5152 2964 5222 justitiam
2999 5167 3178 5206 causa).
3212 5161 3318 5205 tua!
3351 5163 3593 5222 tanquam

2028 5248 2205 5304 lucem
2239 5248 2380 5302 Deus
2410 5247 2575 5302 faciet
2607 5243 3353 5313 manifestam,'etjudicium
3377 5247 3517 5316 quod
3544 5255 3596 5300 et

2029 5336 2314 5408 diiudicat,
2351 5337 2498 5392 velut
2551 5337 2832 5392 meridiem
2866 5336 3032 5390 faciet
3070 5336 3448 5390 manifestum.
3473 5337 3592 5403 Qua

2028 5431 2267 5485 scientes
2295 5427 2369 5483 ita
2397 5429 2600 5493 futura,
2633 5427 2986 5496 deprecemur
3012 5427 3446 5484 misericordiam
3481 5429 3591 5497 Dei,

2028 5531 2086 5575 ut
2124 5521 2389 5577 concedat
2420 5521 2576 5576 nobis
2620 5519 2754 5574 tales
2790 5519 2931 5588 ﬁeri,
2971 5519 3066 5591 qui
3095 5521 3243 5589 digni
3281 5521 3589 5588 habeantur,

2430 5634 2660 5692 "Joan.
2700 5651 2752 5702 ι’,
2801 5635 2884 5692 14.
3019 5637 3064 5668 ⁸⁸
3114 5637 3258 5692 Psal.
3319 5653 3500 5701 nm.
3541 5637 3587 5694 t3.
