3822 6532
207 443 338 499 i329

888 450 1196 509 SELECTA
1232 452 1299 508 IN
1337 449 1672 508 PSALMOS.
1710 481 1781 494 —
1819 452 2052 512 HUMIL.
2080 457 2124 512 Il
2161 457 2229 513 ΙΝ
2269 458 2459 514 PSAL.
2499 456 2738 514 XXXVI.

3307 461 3441 517 1550

205 573 429 624 quorum
462 559 606 615 Deus
638 561 752 630 ipse
784 561 959 618 lucem
985 565 1215 634 justitia:
1267 567 1530 635 producat
1568 567 1620 620 in
1655 582 1766 621 me—
1797 571 1843 627 Α
1871 569 2016 636 quod
2055 568 2304 624 dicimus.
2341 569 2398 624 Si
2441 570 2657 639 aliquod
2713 569 3013 624 membrum
3071 570 3316 640 corporis
3345 573 3440 627 do-

205 648 371 715 dium,
407 650 745 720 etjudicium
779 666 1025 710 nostrum
1059 658 1199 712 sicut
1242 659 1521 714 meridiem
1559 661 1761 716 clarum

203 747 256 792 et
283 739 544 802 lucidum,
577 743 784 800 habens
829 745 1006 800 lucem
1036 763 1217 802 veram
1269 749 1320 804 in
1347 765 1425 813 se,
1458 752 1631 819 ipsum
1670 755 1764 806 Do-

206 831 406 886 minum
447 842 714 901 nostrum,
745 837 829 891 cui
862 847 946 892 est
990 839 1160 910 gloria
1185 850 1238 896 et
1268 842 1548 911 imperium
1586 846 1637 899 in
1664 861 1765 900 sa:-

204 922 322 978 cula
355 925 701 985 satculorum.
729 928 923 983 Amen.

796 1038 1075 1114 uomuit
1116 1041 1180 1100 ιι.

200 1123 276 1178 De
298 1127 476 1181 eodem
507 1129 729 1196 psalmo,
751 1132 830 1210 ἠὺ
863 1133 955 1186 illa
983 1143 1132 1201 parte
1164 1154 1176 1189 :
1210 1156 1227 1188 ι
1252 1135 1507 1194 Subditus
1524 1148 1634 1196 esto
1656 1139 1765 1196 Do-

689 1216 852 1267 mmo,
878 1212 927 1256 et
952 1220 1044 1258 ora
1075 1222 1212 1259 eum.
1241 1226 1262 1260 ι

270 1285 321 1339 1.
363 1285 719 1359 Praecipiente
757 1295 1029 1357 mandato.
1069 1307 1123 1351 et
1158 1300 1475 1356 dicente“:
1503 1302 1762 1360 Subditus

201 1387 306 1431 esto
332 1377 584 1446 Domino,
632 1390 999 1467 necessarium
1029 1391 1242 1446 videtur
1270 1397 1596 1462 perscrutari
1632 1399 1762 1466 quid

198 1470 268 1523 sit
326 1471 599 1528 subditum
651 1492 772 1532 esse
825 1480 1077 1550 Domino,
1111 1497 1166 1538 et
1220 1486 1350 1555 quid
1388 1487 1457 1540 sit
1503 1504 1609 1543 non
1639 1505 1764 1545 esse

197 1559 491 1618 Subditum.
522 1565 675 1622 Sicut
706 1569 852 1623 enim
881 1590 982 1625 non
1015 1576 1184 1628 omnis
1215 1580 1304 1636 qui
1329 1578 1477 1642 dicit,
1512 1577 1760 1644 Domine,

202 1648 437 1716 Domine,
488 1657 708 1709 intrabit
759 1662 812 1711 in
844 1678 1058 1731 regnum
1097 1668 1368 1732 caelorum,
1396 1669 1484 1720 sed
1516 1669 1605 1738 qui
1634 1667 1762 1737 facit

198 1741 510 1821 voluntatem
554 1745 736 1805 Patris
772 1755 869 1807 mei
924 1757 1014 1826 qui
1070 1757 1123 1812 in
1157 1759 1300 1814 caelis
1331 1772 1406 1815 est
1431 1764 1512 1819 ’τι
1547 1765 1618 1818 ita
1655 1782 1761 1822 non

197 1836 372 1890 omnis
403 1837 494 1906 qui
544 1839 674 1896 dicit
707 1859 766 1898 se
811 1845 1114 1914 subjectum
1163 1865 1284 1906 esse
1309 1852 1556 1920 Domino,
1582 1856 1766 1926 subje-

198 1933 318 1980 ctus
344 1938 426 1981 est
457 1929 528 1994 ei,
561 1933 655 1986 sed
701 1934 793 2004 qui
841 1938 1014 2006 reipsa
1078 1941 1351 2008 subjectus
1386 1955 1470 2000 est
1511 1949 1590 2016 ei;
1633 1922 1761 2019 quia
1793 1922 1835 1978 Β

199 2031 324 2072 vere
349 2018 650 2087 subjectum
687 2039 808 2080 esse
841 2027 1088 2094 Domino,
1124 2047 1228 2088 non
1261 2048 1442 2091 sermo
1466 2018 1761 2105 professio-

197 2109 300 2172 nis,
338 2111 430 2165 sed
470 2127 605 2182 opus
635 2117 991 2187 subjectionis
1022 2124 1283 2179 ostendit.
1321 2123 1546 2183 Plenius
1579 2140 1758 2186 autem

195 2201 508 2271 intelligitur
547 2207 689 2275 quod
721 2209 950 2266 dicimus
996 2211 1098 2268 hoc
1130 2215 1290 2270 modo
1318 2233 1335 2272 :
1361 2217 1621 2276 Dominus
1666 2238 1757 2277 no-

193 2304 307 2347 ster
354 2292 511 2352 Jesus
541 2297 787 2356 Christus
828 2300 1042 2370 justitia
1074 2315 1176 2362 est.
1207 2306 1376 2364 Nemo
1406 2326 1536 2378 ergo
1561 2313 1762 2380 injuste

195 2401 362 2452 agens
392 2387 667 2458 subjectus
699 2404 779 2447 est
811 2393 1053 2460 Christo,
1081 2399 1173 2467 qui
1207 2409 1289 2455 est
1320 2400 1563 2471 justitia.
1597 2407 1759 2465 Chri-

194 2484 279 2530 Ius
302 2478 499 2533 veritas
522 2489 624 2534 est.
658 2481 826 2539 Nemo
857 2487 1082 2540 mendax
1125 2486 1345 2544 Christo
1376 2479 1653 2561 subjectus
1679 2506 1761 2551 cst

192 2567 282 2635 qui
316 2579 400 2624 est
429 2572 654 2638 veritas,
691 2575 808 2632 sive
831 2592 953 2630 cum
985 2576 1038 2632 in
1066 2578 1249 2647 rebus,
1284 2582 1400 2637 sive
1429 2601 1552 2640 cum
1581 2588 1632 2642 in
1665 2589 1760 2644 do-

191 2660 367 2714 ctrina
429 2665 769 2722 mendacium
812 2670 1073 2741 loquitur.
1110 2673 1375 2731 Dominus
1409 2675 1570 2735 Jesus
1598 2680 1759 2737 Chri-

190 2760 307 2806 stus
335 2757 695 2814 sanctificatio
723 2771 824 2817 est.
862 2763 1029 2820 Nemo
1060 2776 1144 2823 est
1193 2771 1471 2840 subjectus
1517 2776 1762 2831 sanctiﬁ-

189 2844 416 2910 cationi,
455 2863 574 2903 cum
623 2852 857 2921 pollutus
902 2857 974 2912 sit
1003 2867 1056 2914 et
1096 2861 1361 2930 impurus.
1394 2864 1652 2923 Dominus
1676 2867 1761 2924 Je-

191 2948 287 2988 sus
316 2935 562 2992 Christus
607 2957 710 3010 pax
752 2955 859 3003 est.
897 2946 1068 3002 Nemo
1093 2948 1362 3020 litigiosus
1390 2963 1445 3010 et
1479 2959 1760 3014 turbulen-

193 3034 280 3113 tus
306 3027 522 3084 Christo
553 3033 827 3101 subjectus
859 3049 960 3102 est,
995 3043 1083 3109 qui
1114 3054 1195 3098 est
1221 3061 1346 3113 pax,
1381 3047 1476 3103 sed
1507 3049 1597 3106 ille
1627 3054 1755 3106 sub-

184 3112 369 3180 jectus
397 3129 480 3171 est
518 3120 565 3173 ei
605 3124 698 3191 qui
730 3125 928 3180 dicit“
960 3145 973 3181 :
1002 3127 1132 3184 Cum
1170 3112 1250 3189 Itis
1299 3137 1390 3206 qui
1413 3140 1634 3195 oderunt
1658 3159 1757 3210 pa-

188 3224 322 3311 rem,
357 3227 499 3264 eram
546 3216 820 3285 paciﬁcus.
872 3221 1026 3279 Unde
1081 3237 1136 3282 et
1193 3229 1246 3282 in
1304 3231 1414 3286 alio
1440 3234 1657 3302 psalmo
1690 3237 1828 3319 adc

186 3301 425 3355 animam
462 3320 611 3360 suam
648 3309 780 3364 dicit
809 3311 1085 3384 Propheta
1111 3319 1155 3352 ⁶⁹
1192 3340 1206 3374 :
1251 3301 1620 3382 Verumtamen
1650 3328 1756 3383 Deo

183 3391 398 3444 subdita
427 3405 554 3462 esto,
590 3399 766 3455 (mima
794 3420 925 3465 mea,
961 3409 1084 3476 quia
1133 3416 1198 3462 ab
1247 3411 1360 3480 ipso
1404 3425 1477 3467 est
1501 3417 1758 3484 patientia

184 3499 326 3578 mea.
386 3485 491 3541 Sed
549 3499 603 3545 et
644 3493 939 3562 Apostolus
973 3515 1169 3570 magna
1200 3505 1414 3573 quidem
1441 3517 1497 3564 et
1534 3511 1758 3578 mystica

189 3575 261 3627 de
286 3577 623 3648 subjectione
648 3585 921 3655 significat
950 3590 1135 3648 dicens
1155 3595 1200 3627 ⁷⁸
1227 3614 1242 3651 :
1275 3596 1406 3651 Cum
1440 3575 1615 3654 autem
1636 3603 1758 3656 sub-

170 3665 328 3763 jecta
351 3671 402 3763 ei
420 3673 621 3738 fuerint
666 3679 863 3747 omnia,
897 3692 1024 3738 tunc
1066 3697 1114 3740 et
1139 3687 1254 3757 ipse
1284 3687 1461 3746 Filius
1492 3694 1758 3763 subjectus

313 3762 359 3813 ei
379 3763 649 3836 qui660
679 3770 778 3823 sib-i
800 3773 1030 3827 subdidit
1055 3779 1259 3833 omnia.
1293 3781 1431 3837 Audi
1466 3758 1598 3855 ergo
1626 3787 1756 3854 quid

179 3848 318 3905 dicit
350 3855 472 3922 quia
506 3859 688 3912 omnia
723 3877 944 3919 necesse
977 3876 1060 3922 est
1084 3869 1303 3926 Christo
1333 3887 1455 3928 esse
1487 3848 1752 3946 subjecta,

177 3948 244 3994 et
276 3951 399 3996 tunc
424 3946 595 4014 ipsum
621 3964 739 4005 esse
769 3954 1096 4024 subjectum,
1129 3961 1467 4030 subjectione
1507 3967 1758 4024 videlicet

179 4030 276 4084 illa
307 4049 467 4101 quam
505 4038 570 4093 de
601 4043 793 4109 spiritu
849 4044 1075 4118 intelligi
1125 4049 1344 4119 dignum
1403 4064 1506 4110 est.
1538 4055 1757 4113 Interim

178 4135 413 4182 necesse
464 4141 546 4184 est
595 4135 774 4188 omnia
819 4135 1038 4193 Christo
1071 4155 1193 4196 esse
1243 4141 1506 4213 subjecta,
1541 4158 1599 4202 ιιι
1632 4158 1758 4206 ιιιιιε

179 4215 402 4271 demum
460 4222 624 4278 etiam
670 4226 788 4296 ipse
833 4228 1071 4300 impletis
1111 4237 1369 4293 omnibus
1409 4247 1463 4293 et
1500 4240 1757 4309 perfectis
1805 4283 1811 4290 ι

175 4321 284 4376 ρει·
318 4309 730 4380 subjectionem,
766 4327 1023 4390 tanquam
1057 4325 1298 4386 victoria:
1328 4347 1439 4389 sua:
1482 4333 1627 4390 hanc
1670 4350 1755 4390 re-

174 4397 367 4455 ferens
383 4403 616 4472 palmam
648 4405 794 4463 Patri
824 4412 1035 4468 dicatur
1060 4415 1276 4476 futurus
1303 4440 1426 4480 esse
1453 4427 1752 4495 subjectus.

175 4491 339 4587 Quod
373 4497 473 4551 nisi
511 4501 738 4568 mystice
771 4503 1123 4578 intelligatur,
1151 4513 1376 4584 impium
1407 4491 1608 4587 aliquid
1639 4522 1756 4576 sine

175 4583 356 4638 dubio
393 4602 497 4641 non
539 4592 940 4651 advertentibus
1002 4583 1245 4658 indicare
1297 4583 1556 4664 creditur.
1637 4609 1753 4668 Non

173 4676 332 4769 enim
369 4681 663 4746 putandum
710 4695 794 4738 est
835 4689 976 4756 quod
1017 4689 1190 4748 Filius
1238 4693 1330 4750 Dei
1362 4713 1506 4753 nunc
1534 4679 1752 4769 quidem

178 4767 334 4822 Patri
361 4786 697 4843 nequaquam
746 4779 1022 4848 subjectus
1055 4783 1148 4847 sit,
1184 4785 1234 4837 in
1281 4767 1592 4844 novissimis
1626 4808 1755 4847 vero

179 4863 523 4931 temporibus
551 4874 670 4920 cum
703 4870 803 4923 sibi
843 4871 1048 4926 fuerint
1089 4887 1282 4930 cuncta
1320 4879 1587 4948 subjecta,
1629 4894 1754 4940 tunc

170 4954 368 5009 eritet
403 4955 518 5024 ipse
544 4959 818 5028 subjectus
849 4977 864 5014 :
896 4963 990 5016 sed
1026 4966 1149 5033 quia
1185 4969 1367 5023 otnnia
1395 4982 1578 5027 nostra
1603 4975 1654 5028 in
1691 4992 1753 5030 se

172 5049 398 5118 recipit,
434 5061 488 5105 et
531 5067 589 5107 se
612 5069 732 5109 esse
755 5055 883 5109 dicit
910 5058 1001 5125 qui
1032 5058 1082 5112 in
1123 5060 1281 5115 nobis
1309 5066 1551 5131 esuriat;
1586 5082 1754 5136 seque

169 5142 273 5211 qui
317 5145 368 5197 in
400 5146 558 5201 nobis
591 5147 764 5210 sitiat,
797 5155 849 5202 et
883 5149 1057 5203 nudus
1085 5151 1156 5205 sit
1183 5163 1347 5222 atque
1368 5170 1532 5225 aeger,
1555 5158 1755 5228 quique

173 5238 382 5306 hospes
425 5246 478 5292 et
519 5243 609 5309 qui
654 5254 899 5302 retrusus
941 5249 994 5303 in
1044 5265 1340 5319 carcerem,
1389 5261 1442 5306 et
1487 5253 1752 5323 quidquid

171 5331 270 5381 uni
311 5343 378 5382 ex
411 5333 648 5389 minimis
677 5339 790 5392 suis
827 5338 1028 5397 factum
1062 5342 1248 5410 fuerit,
1271 5345 1374 5400 sibi
1405 5345 1603 5400 factum
1630 5363 1750 5402 esse

173 5428 451 5488 testatur;
488 5437 886 5494 consequenter
911 5439 964 5483 et
998 5433 1190 5487 merito
1219 5449 1340 5495 cum
1376 5435 1752 5505 unusquisque

174 5521 430 5565 nostrum
464 5515 618 5583 plene
650 5531 701 5572 et
730 5521 970 5588 perfecte
1006 5525 1258 5580 subditur
1293 5525 1425 5593 Deo,
1472 5527 1547 5582 ita
1591 5539 1649 5582 ut
1697 5529 1748 5584 in

169 5602 332 5656 nullo
366 5621 589 5674 prorsus
637 5610 955 5670 inobediens
997 5627 1209 5685 pareat,
1241 5633 1300 5673 se
1329 5635 1449 5675 esse
1478 5621 1752 5677 subditum

169 5703 535 5763 protestatur.
585 5699 694 5756 Sed
745 5715 800 5759 et
836 5705 942 5762 alio
993 5709 1154 5764 modo
1182 5710 1397 5779 plenius
1426 5713 1750 5783 intelligitur

173 5899 209 5937 ν
251 5811 478 5938 θὲυῐδεει.
515 5836 699 5890 nam,
733 5825 782 5878 7.
861 5823 904 5856 ⁸⁷
937 5825 1126 5882 Matth.
1165 5844 1261 5894 vn,
1286 5828 1376 5883 2|.

218 5925 234 5950 '
272 5924 362 5938 vv.

1475 5831 1519 5862 ⁸⁸
1541 5832 1683 5887 Psal.
1714 5849 1862 5900 cxrx,
1897 5829 1949 5884 6.

1870 659 2098 726 lcamus,
2145 662 2394 729 quamvis
2433 663 2614 717 anima
2669 668 2856 717 nostra
2899 661 3186 718 incolumis
3236 663 3328 731 sit,
3385 674 3440 719 ει

1870 751 2076 822 reliqua
2132 751 2313 805 omnia
2367 755 2607 807 membra
2659 761 2844 807 nostra
2893 767 3029 807 sana
3074 753 3201 819 sint,
3259 761 3438 810 tamen

1869 843 1995 913 quia
2039 842 2228 896 dolore
2281 845 2438 898 unius
2485 845 2712 898 membri
2762 853 2904 900 totus
2954 845 3114 899 homo
3159 842 3437 914 afﬂigitur,

1868 949 1976 989 non
2002 935 2234 990 dicimus
2261 935 2386 1004 quia
2423 935 2540 988 sani
2575 950 2784 1004 sumus,
2815 937 2910 992 sed
2945 937 3068 1006 quia
3108 937 3248 992 male
3279 937 3439 992 babe-

1867 1042 2010 1081 mns.
2059 1025 2220 1080 Verbi
2273 1041 2456 1092 causa,
2507 1027 2736 1082 dicimus
2769 1047 2783 1082 :
2813 1027 2907 1082 ille
2948 1044 3053 1083 non
3099 1037 3183 1082 est
3247 1042 3435 1084 sanus.

1867 1118 2083 1185 Quare?
2111 1119 2235 1189 quia
2263 1119 2427 1188 pedes
2447 1117 2616 1182 dolet,
2639 1128 2731 1173 aut
2761 1133 2938 1184 renes,
2958 1128 3049 1172 aut
3073 1118 3434 1173 stomachum.

1868 1208 1930 1263 Et
1981 1227 2140 1266 nemo
2173 1211 2307 1267 dicit
2338 1211 2465 1280 quia
2502 1223 2668 1264 sanus
2696 1219 2780 1264 est
2811 1211 2853 1265 si
2884 1211 3224 1265 stomachum
3269 1209 3435 1275 dolet,

1867 1302 1959 1356 sed
1996 1317 2101 1356 non
2132 1311 2219 1358 est
2242 1316 2407 1356 sanus
2445 1301 2572 1372 quia
2609 1301 2951 1356 stomachum
2985 1301 3152 1356 dolet.
3185 1300 3244 1355 Si
3279 1298 3438 1354 intel-

1867 1392 2080 1448 lexistis
2100 1399 2424 1462 exempturo,
2460 1392 2751 1447 redeamus
2773 1407 2918 1448 nunc
2950 1392 3018 1448 ad
3050 1393 3102 1447 id
3130 1391 3273 1462 quod
3309 1405 3437 1460 pro—

1868 1486 2106 1553 positum
2136 1494 2240 1540 est.
2270 1486 2567 1555 Apostolus
2599 1485 2733 1540 dicit
2762 1485 2805 1516 ⁷¹
2833 1486 2958 1554 quia
2995 1498 3194 1554 corpus
3232 1484 3436 1540 Christi

1867 1591 2072 1640 sumus,
2115 1586 2168 1630 et
2210 1577 2452 1630 tnetnbra
2497 1593 2564 1631 ex
2606 1585 2783 1647 parte.
2833 1575 3085 1631 Christus
3127 1589 3256 1644 ergo
3285 1575 3436 1643 cujus

1866 1683 2025 1722 omne
2076 1668 2354 1723 hominum
2391 1683 2585 1739 genus,
2635 1669 2744 1723 imo
2788 1666 3038 1724 fortassis
3080 1669 3246 1722 totius
3277 1681 3429 1722 crea-

1868 1767 2002 1813 turae
2047 1759 2376 1814 universitas
2431 1773 2630 1828 corpus
2671 1767 2777 1824 est,
2832 1767 2886 1814 et
2934 1759 3307 1827 unusquisque
3339 1773 3436 1812 no-

1867 1859 2037 1904 strum
2070 1852 2312 1906 membra
2337 1867 2404 1905 ex
2432 1859 2585 1921 parte
2613 1858 2718 1914 est,
2747 1851 2794 1906 si
2831 1851 3032 1919 aliquis
3061 1866 3130 1907 ex
3162 1851 3319 1907 nobis
3341 1852 3434 1920 qui

1867 1944 2107 1997 membra
2153 1943 2267 2010 ejus
2314 1943 2549 1998 dicimur
2595 1952 2847 2012 aegrotat,
2887 1953 2940 1998 et
2989 1944 3170 2014 aliquo
3225 1943 3434 2014 peccati

1868 2035 2056 2090 morbo
2090 2035 2321 2102 laborat,
2373 2034 2428 2089 id
2484 2043 2588 2100 est,
2624 2036 2673 2091 si
2716 2034 2947 2104 alicujus
2976 2035 3181 2106 peccati
3215 2033 3432 2089 macula

1865 2127 2118 2192 inuritur,
2157 2139 2211 2184 et
2249 2146 2358 2184 non
2408 2129 2680 2200 subjectus
2726 2128 2861 2194 Deo,
2891 2137 3038 2183 recte
3082 2127 3170 2184 ille
3195 2127 3431 2182 nondum

1864 2217 2058 2273 dicitur
2091 2233 2210 2275 esse
2243 2219 2536 2288 subjectus,
2580 2217 2734 2288 cujus
2789 2217 2899 2272 sint
2933 2219 3178 2273 membra
3213 2217 3291 2272 illi
3339 2217 3432 2286 qui

1863 2325 1967 2363 non
2020 2318 2146 2364 sunt
2191 2311 2418 2380 subjecti
2451 2312 2580 2366 Deo.
2609 2311 2746 2366 Cum
2773 2319 2952 2365 autem
2998 2323 3186 2363 omnes
3215 2323 3309 2363 eos
3343 2310 3432 2380 qui

1863 2416 2060 2470 corpus
2103 2415 2260 2456 suum
2295 2379 2556 2456 dieuntur
2603 2415 2666 2454 ac
2725 2398 2990 2464 membra,
3022 2413 3182 2454 sanos
3225 2379 3433 2455 habuei

1865 2493 1954 2556 rit,
2009 2501 2065 2546 ut
2107 2492 2160 2547 in
2226 2492 2373 2548 nullo
2429 2492 2816 2550 inobedientite
2869 2492 3238 2549 laboraverint
3291 2506 3436 2546 mor-

1861 2583 1954 2650 bo,
1987 2584 2138 2639 sanis
2165 2586 2424 2640 omnibus
2451 2587 2733 2654 membris,
2761 2588 2984 2660 Deoque
3008 2588 3288 2654 subjectis,
3316 2599 3434 2638 mo-

1865 2678 1971 2731 rito
2001 2691 2060 2732 se
2090 2677 2224 2732 dicit
2251 2692 2372 2732 esse
2402 2678 2710 2748 subjectum
2744 2679 2844 2747 illi,
2883 2681 3038 2750 cujus
3057 2694 3154 2734 nos
3189 2677 3433 2733 membra

1863 2765 1973 2822 Deo
2021 2768 2074 2822 in
2115 2769 2366 2823 omnibus
2405 2769 2708 2826 obedimus.
2751 2770 2903 2838 Quod
2949 2772 2992 2826 si
3037 2770 3267 2840 teipsum
3304 2784 3434 2838 per-

1865 2859 2096 2913 scrutari
2133 2859 2238 2926 vis,
2267 2869 2323 2915 et
2363 2861 2552 2916 videre
2577 2860 2622 2915 si
2657 2861 2770 2929 jam
2806 2861 3084 2931 subjectus
3116 2876 3175 2916 es
3203 2859 3336 2927 Deo,
3364 2875 3434 2912 an

1863 2951 2041 3006 adhuc
2089 2950 2409 3007 inobediens
2464 2969 2777 3022 permanes,
2829 2955 2934 3009 hoc
2985 2954 3144 3008 modo
3203 2953 3430 3021 teipsum

1864 3042 2101 3096 discute:
2128 3042 2184 3096 Si
2217 3042 2355 3097 nihil
2392 3054 2476 3099 est
2519 3048 2859 3100 contrarium
2900 3044 3012 3100 Deo
3051 3046 3103 3098 in
3144 3053 3216 3111 te,
3252 3043 3433 3114 subje-

1861 3145 1986 3189 ctus
2028 3149 2087 3188 es
2123 3134 2194 3190 ei.
2227 3134 2574 3190 Contrarium
2616 3126 2797 3191 autem
2851 3138 3083 3193 dicimus
3115 3136 3216 3190 hoc
3250 3135 3431 3190 modo:

1863 3225 2004 3282 Deus
2035 3224 2276 3280 charitas
2311 3236 2426 3293 est;
2465 3227 2507 3282 si
2545 3228 2729 3281 odium
2754 3229 2806 3282 in
2834 3238 2884 3282 te
2913 3242 3018 3282 non
3051 3236 3153 3292 est,
3194 3241 3300 3280 non
3333 3225 3432 3281 ha-

1861 3316 1958 3370 bes
1996 3316 2142 3386 quod
2181 3317 2518 3372 contrarium
2576 3317 2685 3373 Deo
2731 3329 2834 3373 est.
2885 3318 3028 3375 Deus
3067 3319 3273 3373 veritas
3309 3329 3428 3384 est;

1862 3409 1983 3462 vide
2021 3420 2088 3461 ne
2115 3409 2188 3462 sit
2217 3408 2272 3462 in
2313 3418 2365 3464 te
2387 3408 2754 3474 mendacium,
2787 3412 2929 3479 quod
2963 3420 3046 3465 est
3092 3410 3432 3466 contrarium

1860 3500 2099 3555 veritati.
2134 3498 2192 3555 Si
2245 3500 2390 3557 enim
2429 3510 2512 3556 est
2561 3503 2614 3556 in
2667 3511 2717 3558 te
2765 3503 3131 3570 mendacium,
3169 3517 3276 3558 non
3323 3503 3432 3556 Deo

1861 3592 2134 3662 subjectus
2174 3607 2254 3658 es,
2287 3594 2380 3648 sed
2417 3593 2465 3646 ei
2495 3593 2583 3662 qui
2629 3603 2712 3648 est
2759 3593 3030 3649 mendacii
3078 3602 3255 3664 pater.
3283 3593 3350 3648 Et
3383 3593 3432 3648 si

1862 3682 2124 3751 injustitia
2173 3684 2227 3736 in
2281 3691 2334 3738 te
2381 3692 2483 3748 est,
2521 3679 2662 3752 patri
2721 3682 2998 3752 injustitite
3057 3684 3337 3753 subjectus
3371 3699 3432 3738 es

1861 3776 2035 3844 magis
2064 3791 2227 3845 quam
2265 3774 2397 3842 Deo,
2440 3776 2534 3845 qui
2568 3777 2779 3848 justitia
2816 3787 2920 3832 est.
2955 3777 3010 3832 Si
3041 3786 3095 3832 et
3133 3776 3338 3846 reliqua
3373 3778 3428 3833 in

1862 3874 1913 3920 te
1939 3865 2362 3934 deprehenderis
2388 3866 2540 3930 vitia,
2575 3865 2714 3920 scito
2748 3875 2800 3920 te
2836 3867 3017 3922 tandiu
3050 3882 3155 3940 non
3177 3867 3308 3933 Deo,
3333 3870 3431 3922 sed

1860 3955 2074 4010 diabolo
2113 3970 2236 4010 esse
2275 3955 2601 4024 subjectum.
2631 3956 2851 4011 Certum
2883 3963 2966 4011 est
3018 3971 3255 4024 namque
3303 3955 3429 4024 quia

1858 4045 2238 4102 fornicationis
2289 4053 2527 4114 tempore
2575 4044 2790 4115 spiritui
2825 4044 3206 4100 fornicationis
3241 4059 3430 4099 sumus

1858 4139 2116 4208 subjecti,
2153 4139 2509 4193 adversantes
2543 4135 2756 4207 spiritui
2787 4136 3079 4191 castitatis.
3111 4132 3177 4188 Et
3213 4145 3424 4204 tempo-

1858 4245 1918 4284 re
1972 4229 2288 4293 tracundiae,
2337 4227 2422 4282 vel
2471 4225 2695 4294 furoris,
2733 4226 2948 4297 spiritui
2991 4229 3085 4280 irae
3121 4225 3429 4290 obedimus,

1857 4321 2075 4389 spiritui
2114 4319 2546 4375 mansuetudinis
2594 4318 2931 4373 resistentes.
2958 4316 3253 4385 Propterea
3301 4330 3430 4383 ergo

1859 4414 2101 4467 videntes
2147 4413 2273 4482 quia
2303 4413 2488 4467 omnis
2521 4412 2631 4467 vita
2668 4422 2851 4466 nostra
2881 4422 3105 4480 agonem
3136 4408 3424 4476 quemdam

1857 4504 2181 4559 obedientiae
2224 4502 2384 4575 gerit,
2416 4505 2529 4561 sive
2550 4503 2788 4570 Christo,
2813 4502 2927 4556 sive
2955 4501 3038 4554 bis
3083 4499 3174 4569 qui
3206 4509 3426 4554 contra-

1776 4599 1830 4660 D
1861 4598 1923 4652 rii
1973 4605 2099 4650 sunt
2133 4597 2370 4658 Christo,
2416 4609 2680 4650 conemur
2726 4607 2824 4662 per
2858 4591 3141 4657 orationis,
3174 4605 3270 4658 per
3301 4605 3430 4644 eru-

1825 4677 2075 4741 ‘ditionis
2105 4687 2413 4757 religiosam
2443 4681 2838 4738 institutionem
2871 4683 2974 4736 hoc
3015 4696 3200 4752 agere,
3232 4696 3298 4734 ne
3327 4697 3428 4734 un-

1855 4793 2015 4848 quam
2055 4776 2268 4831 diabolo
2299 4776 2381 4830 vel
2407 4774 2626 4829 malitia:
2654 4773 2770 4842 ejus
2807 4774 3027 4828 obedire
3060 4773 3425 4839 inveniamur,

1858 4872 1950 4924 sed
1983 4871 2161 4924 omnis
2197 4879 2352 4925 actus
2380 4881 2584 4934 noster,
2617 4879 2670 4925 et
2698 4870 2876 4924 omnis
2901 4883 3080 4923 sermo
3114 4879 3276 4936 atque
3312 4881 3427 4919 om-

1859 4962 1942 5017 nis
2002 4964 2260 5032 cogitatio
2316 4961 2626 5016 inveniatur
2690 4961 2743 5014 in
2791 4960 3132 5029 subjectione
3196 4957 3420 5014 Christi.

1855 5056 2009 5121 Quod
2045 5057 2089 5109 si
2122 5053 2262 5110 forte
2291 5051 2608 5120 dicis,Quid
2635 5057 2857 5124 prodest
2889 5053 2934 5109 si
2967 5067 3108 5108 nunc
3150 5051 3425 5120 subjectus

1855 5150 1978 5214 sim,
2013 5163 2134 5202 cum
2152 5147 2264 5217 jam
2294 5159 2419 5204 ante
2459 5153 2870 5218 peccaverimet
2907 5155 3213 5216 praeventus
3232 5146 3332 5198 sim
3371 5146 3424 5197 in

1855 5243 2104 5298 delictis?
2121 5245 2236 5300 sine
2256 5245 2415 5299 dubio
2432 5261 2555 5300 cum
2577 5245 2922 5316 deliquimus,
2940 5243 3167 5312 subjecti
3193 5257 3295 5295 non
3320 5241 3426 5294 fui-

1859 5353 1978 5392 mus
2010 5339 2137 5402 Deo,
2163 5338 2256 5394 sed
2273 5353 2396 5394 eum
2421 5339 2716 5395 desivimus
2734 5355 2764 5393 a
2789 5337 3020 5401 delictis,
3059 5344 3187 5389 tunc
3209 5333 3424 5386 initium

1856 5432 2208 5503 subjectionis
2243 5434 2571 5504 accepimus.
2599 5433 2733 5490 Cum
2759 5449 2888 5502 ergo
2915 5431 3094 5487 timori
3120 5429 3212 5484 Dei
3248 5426 3428 5494 subje-

1856 5525 1929 5580 ειί
1982 5539 2210 5595 peccare
2249 5539 2544 5592 cessamus,
2585 5537 2710 5581 tunc
2738 5524 2900 5580 etiam
2938 5521 3190 5578 fiduciam
3221 5518 3427 5587 accipi-

1859 5635 1976 5672 mus
2009 5617 2262 5687 poscendi
2299 5631 2398 5686 pro
2436 5615 2647 5670 delictis
2674 5614 2954 5684 prioribus
2987 5611 3223 5667 veniam.
3247 5611 3427 5664 Donec

1858 5719 2037 5762 autem
2074 5721 2452 5777 permanemus
2491 5707 2542 5760 in
2577 5705 2806 5767 delictis,
2833 5702 3030 5758 frustra
3080 5701 3289 5757 veniam
3327 5715 3450 5769 μοι

2049 5823 2092 5857 ⁸⁸
2117 5819 2264 5879 Psal.
2307 5837 2420 5889 ut,
2455 5822 2509 5877 6.
2583 5821 2630 5852 ⁷ο
2662 5819 2836 5876 lCor.
2868 5834 2956 5885 xv,
2987 5818 3074 5874 28.
3151 5817 3193 5848 "
3223 5815 3432 5885 Ephes.
