3808 6516
217 384 238 436 l
251 385 356 440 555

951 382 1258 439 seuseu
1298 384 1363 438 lN
1408 379 1747 438 PSALMOS.
1795 409 1859 416 -
1902 380 2133 438 llOMIL.
2175 383 2218 439 tt
2250 359 2325 438 "IN
2367 383 2559 440 esse
2604 381 2842 438 xxxvr.

3225 401 3230 406 ’
3323 386 3449 441 1531

212 503 280 555 da
315 499 634 572 appellatur,
661 499 802 555 sicut
831 509 885 556 et
914 503 1111 558 coelum
1143 504 1286 558 istud
1317 504 1459 573 quod
1480 506 1775 564 intuemur,
1808 506 1854 554 Α
1885 501 2112 568 mystica
2147 503 2356 557 ratione
2386 502 2785 558 firmamentum
2813 501 3011 557 factum
3037 517 3156 558 csse
3189 498 3450 559 dicitur“

212 593 424 663 proprie
446 591 848 647 firmamentum
882 594 1100 648 dicitur.
1139 594 1216 648 Ex
1253 595 1613 663 appellatione
1653 608 1780 645 Vero

211 686 435 740 alterius
464 685 587 739 caeli
621 686 782 740 etiam
817 687 955 740 istud
991 689 1391 740 firmamentum
1425 686 1548 742 cmli
1587 701 1776 740 nomen

208 775 441 845 accepit,
470 777 615 830 sicut
645 775 836 831 edocet
889 777 1174 845 Scriptura
1226 778 1501 832 Geneseos
1525 778 1590 832 ⁸⁸.
1640 776 1778 842 Quid

207 880 335 934 ergo
363 865 476 921 est?
512 865 566 918 In
615 867 868 934 praesenti
902 867 1119 934 quidem
1151 867 1260 920 vita
1306 869 1510 921 utimur
1540 867 1678 922 coelo
1726 877 1779 920 et

209 967 348 1010 terra
382 956 686 1012 visibilibus
719 957 860 1023 istis,
903 958 957 1010 in
993 959 1187 1026 quibus
1225 959 1336 1014 veri
1366 958 1488 1012 coeli
1524 970 1574 1013 et
1635 972 1776 1012 verae

211 1058 368 1103 terra:
391 1057 588 1118 praeter
623 1051 840 1105 nomina
881 1051 1015 1104 nihil
1064 1050 1209 1105 aliud
1270 1052 1624 1105 invenimus:
1679 1051 1770 1104 scd

207 1140 409 1195 idcirco
435 1141 522 1194 hic
559 1141 629 1194 ita
663 1141 901 1194 arbitror
935 1143 1224 1212 appellata,
1257 1153 1334 1206 ut,
1370 1158 1490 1195 cum
1546 1144 1657 1196 haec
1700 1142 1768 1194 ita

209 1228 576 1294 nominantur,
603 1229 690 1283 illa
721 1246 840 1301 quae
863 1247 987 1286 vera
1021 1242 1076 1287 ct
1105 1247 1295 1302 magna
1339 1244 1484 1296 sunt,
1520 1235 1583 1285 ad
1637 1233 1779 1285 desi-

208 1318 418 1372 derium
446 1328 500 1372 et
524 1323 838 1375 memoriam
869 1325 1368 1392 cognominantium
1399 1329 1637 1381 veniant.
1673 1330 1771 1395 Qui

205 1418 334 1462 sunt
380 1418 561 1463 autem
610 1412 699 1478 qtti
766 1413 1084 1468 haereditate
1131 1416 1484 1483 possidebunt
1539 1423 1776 1473 terram?

209 1500 312 1564 Qui
338 1511 661 1570 exspectant,
691 1503 888 1572 inquit,
921 1504 1222 1562 Dominum.
1257 1508 1641 1578 Exspectatnus
1673 1511 1776 1567 Do-

207 1591 435 1654 minum,
457 1593 582 1661 quia
614 1593 726 1662 ipse
758 1603 841 1650 est
865 1597 1202 1665 exspectatio
1235 1607 1418 1652 nostra
1463 1607 1516 1654 et
1565 1601 1777 1668 patien-

207 1685 302 1745 tia,
331 1684 472 1738 sicut
503 1684 763 1755 scriptum
791 1695 876 1740 est
902 1687 944 1717 ⁸⁷
973 1703 987 1739 :
1025 1687 1089 1739 Et
1123 1704 1258 1742 nunc
1275 1705 1391 1758 quae
1412 1699 1485 1743 est
1511 1703 1775 1760 exspecta-

205 1777 276 1828 tio
305 1793 418 1830 mea
441 1779 466 1831 ?
498 1794 672 1832 nonne
694 1777 997 1832 Dominus?
1027 1779 1175 1834 Sicut
1224 1797 1350 1850 ergo
1384 1782 1635 1837 Salvator
1683 1799 1772 1837 sa-

209 1869 410 1937 pientia
435 1879 520 1926 est
549 1879 602 1925 et
621 1885 726 1939 pax
755 1871 1061 1940 etjustitia,
1107 1876 1179 1927 ita
1210 1883 1372 1928 estet
1415 1878 1770 1945 exspectatio,

205 1960 286 2013 vel
323 1961 604 2029 patientia.
635 1961 701 2015 Et
732 1963 875 2017 sicut
918 1964 1339 2032 participatione
1380 1966 1605 2033 justitia:
1660 1968 1774 2035 ejns

199 2050 328 2118 justi
361 2051 647 2117 efﬁcimur,
684 2063 738 2107 et
771 2054 1196 2124 participatione
1225 2057 1506 2125 sapientiae
1533 2058 1646 2126 ejus
1683 2075 1773 2112 sa-

205 2145 437 2211 pientes,
463 2142 535 2196 ita
561 2151 615 2197 et
644 2143 1061 2214 participatione
1089 2145 1366 2214 patientiae
1397 2146 1514 2214 ejus
1568 2151 1775 2218 patien-

205 2239 287 2283 tes
311 2229 598 2285 ellicimur.
642 2231 733 2287 Est
760 2247 890 2304 ergo
913 2233 1060 2290 velut
1091 2233 1209 2290 fons
1239 2237 1456 2305 quidam
1495 2241 1772 2308 perennis,

205 2321 268 2373 de.
296 2336 402 2390 quo
423 2321 641 2376 haurire
669 2339 961 2392 possumus
1005 2336 1060 2380 et
1115 2328 1459 2396 patientiam,
1509 2339 1565 2383 et
1607 2331 1772 2398 justi-

207 2414 356 2477 tiam,
384 2422 442 2468 et
495 2416 839 2484 sapientiam,
903 2425 958 2473 et
1003 2420 1184 2473 omnia
1242 2435 1580 2490 quzecunque
1650 2435 1776 2478 sunt

202 2505 458 2559 virtutum
486 2508 623 2562 bona
650 2525 663 2574 ;
689 2509 732 2562 si
782 2516 959 2563 tamen
984 2510 1147 2575 bona,
1189 2512 1348 2580 digna
1393 2521 1447 2566 et
1507 2526 1640 2581 pura
1683 2529 1774 2566 va-

202 2597 351 2650 scula
387 2609 569 2652 nostra
607 2601 912 2656 deferamus
933 2603 999 2656 ad
1027 2603 1249 2658 fontem.
1299 2605 1388 2656 Ait
1445 2620 1615 2675 ergo:
1671 2605 1774 2670 Qui

203 2702 376 2746 autem
400 2705 698 2760 exspectant
723 2695 1032 2761 Dominum,
1068 2697 1168 2765 ipsi
1193 2698 1602 2751 ltwreditabunt.

273 2783 324 2837 5.
352 2788 477 2838 Post
508 2786 621 2840 haec
650 2796 828 2842 autem
882 2802 1188 2844 sermonem
1238 2792 1526 2858 quemdam
1569 2791 1775 2845 addidit

202 2875 512 2942 mysticum,
556 2879 645 2946 qui
683 2893 847 2948 super
878 2881 1122 2934 auditum
1149 2894 1329 2934 meum
1383 2883 1475 2946 sit,
1507 2891 1561 2936 et
1607 2897 1769 2951 supra

201 2966 438 3035 linguam
470 2983 669 3033 meam,
717 2970 808 3039 qui
870 2972 1098 3027 excedat
1147 2988 1366 3027 sensum
1420 2989 1623 3029 meum.
1683 2976 1774 3029 Ait

200 3059 370 3124 enim,
398 3059 512 3115 sive
540 3061 605 3116 de
635 3063 886 3119 omnibus
937 3066 1342 3132 peccatoribus,
1387 3066 1502 3120 sive
1554 3067 1620 3118 de
1669 3083 1774 3119 uno

1859 2977 1983 3045 .jam
2012 2974 2224 3031 dictum
2257 2981 2340 3029 est
2375 2989 2404 3027 a
2440 2972 2645 3042 Spiritu
2690 2981 2881 3027 sancto
2909 2987 3002 3040 per
3045 2971 3210 3025 David
3268 2985 3280 3021 :

1883 593 2027 658 quod
2061 603 2346 662 separaret
2378 595 2522 650 inter
2551 612 2717 666 aquas
2745 607 2800 651 et
2856 611 3044 667 aquas,
3090 605 3145 650 et
3186 597 3449 652 divideret

1885 679 2250 735 habitaculum
2277 687 2591 740 mortalium
2620 702 2652 741 a
2675 687 2898 742 sedibus
2929 695 2983 742 et
3008 687 3330 742 habitaculis
3358 702 3446 738 an-

1880 774 2142 842 gelorum.
2169 776 2246 830 Ex
2279 792 2345 832 eo
2375 794 2504 848 ergo
2523 781 2673 837 locus
2703 783 2860 836 nobis
2895 783 3275 850 peccatoribus
3298 782 3446 836 arida

1882 865 2014 931 hrcc,
2045 881 2206 934 quam
2253 868 2416 922 etiam
2453 879 2650 926 terram
2702 873 3103 946 cognominavit
3168 873 3446 935 Dominus,

1881 956 2132 1019 deputata
2167 967 2268 1011 est.
2309 956 2412 1012 Sed
2443 968 2499 1012 ct
2529 961 2630 1014 alia
2667 963 2913 1029 quaedam
2943 962 3060 1017 loca
3099 963 3444 1019 nominantur

1880 1061 2050 1114 aqum,
2083 1047 2280 1117 quibus
2311 1049 2610 1117 superferri
2672 1051 2906 1119 Spiritus
2966 1054 3173 1107 Domini
3227 1053 3446 1107 dicitur.

1881 1137 1941 1190 Et
1979 1138 2079 1190 alia
2111 1139 2352 1207 quadam
2404 1140 2520 1192 loca
2559 1142 2784 1208 abyssus
2836 1144 3212 1210 nominantur,
3252 1143 3447 1213 quibus

1882 1230 2113 1282 tenebrae
2143 1231 2497 1307 superposita:
2551 1233 2876 1288 referuntur.
2930 1234 2994 1287 Et
3025 1236 3090 1288 de
3123 1235 3280 1302 aquis
3325 1235 3447 1302 qui-

1864 1321 1998 1378 .dcm
2032 1322 2232 1376 dicitur
2274 1323 2324 1374 in
2369 1322 2471 1375 alia
2514 1322 2792 1389 Scriptura
2827 1324 2896 1388 θ’,
2938 1325 3060 1392 quia
3104 1322 3349 1379 Viderunt
3399 1336 3447 1376 te

1879 1429 2052 1481 aquai,
2084 1413 2260 1479 Deus,
2316 1414 2556 1468 viderunt
2609 1427 2658 1468 te
2712 1431 2886 1483 aquw,
2929 1426 2976 1468 et
3015 1418 3322 1470 timuerunt.
3372 1416 3448 1469 De

1879 1505 2074 1574 abysso
2102 1514 2281 1559 autem
2324 1504 2475 1568 dicit,
2529 1505 2653 1573 quia
2703 1506 3012 1558 conturbata
3058 1516 3132 1559 est
3189 1508 3442 1575 abyssus;

1879 1595 1996 1647 sine
2027 1594 2188 1648 dubio
2219 1595 2344 1663 quia
2378 1610 2481 1649 non
2519 1596 2684 1650 habet
2713 1611 2921 1664 pacem,
2959 1598 3054 1652 sed
3100 1598 3262 1652 habet
3297 1607 3448 1650 tene-

1879 1685 2004 1740 bras
2028 1688 2418 1756 supcrpositas.
2461 1687 2566 1742 Sed
2611 1698 2666 1742 et
2712 1689 2983 1745 tlzemones
3043 1690 3112 1744 iu‘
3155 1689 3448 1760 Evangelia

1880 1792 2074 1847 rogare
2102 1778 2362 1832 dicuntur
2411 1793 2480 1834 ne
2535 1778 2826 1848 iubeantur
2877 1779 3027 1834 abire
3076 1779 3129 1833 in
3170 1782 3445 1851 abyssum,

1881 1868 2021 1921 velut
2055 1869 2106 1921 in
2136 1867 2312 1922 locum
2342 1869 2632 1934 quemdam
2663 1883 2839 1938 poena:
2871 1878 2925 1924 et
2954 1885 3012 1925 se
3061 1879 3115 1925 et
3149 1871 3262 1925 suis
3312 1873 3445 1927 acti-

1878 1960 1974 2012 bus
2006 1960 2246 2028 dignum.
2288 1959 2400 2014 Non
2429 1961 2602 2015 solum
2654 1977 2784 2030 ergo
2837 1973 3089 2031 peccator
3147 1980 3251 2019 non
3316 1967 3444 2030 erit,

1876 2053 1969 2104 scd
2000 2051 2163 2105 etiam
2200 2052 2351 2107 locus
2378 2050 2514 2118 ejus,
2551 2053 2800 2122 quisquis
2835 2053 2923 2107 ille
2950 2063 3053 2119 est,
3076 2066 3365 2124 quaeretur,
3395 2067 3450 2112 et.

1879 2159 1982 2196 non
2013 2145 2138 2198 erit.

1945 2236 1993 2289 6.
2033 2235 2300 2292 Mansueti
2321 2247 2491 2292 autent
2515 2241 2896 2295 Imareditabunt
2933 2252 3124 2294 (errant
3148 2243 3212 2294 9’.
3247 2241 3448 2295 Adver-

1877 2343 1992 2381 sum
2023 2327 2432 2385 Valentinianos
2463 2340 2517 2385 et
2548 2340 2777 2386 caeteros
2807 2333 3112 2397 haereticos,
3141 2335 3230 2400 qni
3259 2341 3449 2398 putant

1879 2421 2212 2477 Salvatorem
2247 2438 2423 2478 meum
2455 2423 2635 2478 dicere
2670 2424 2720 2476 in
2759 2424 3075 2494 Evangelio,
3101 2438 3219 2491 quae
3264 2424 3316 2476 in
3349 2438 3450 2476 au-

1878 2513 2272 2582 tiquisLitteris
2294 2530 2402 2570 non
2435 2523 2584 2579 sunt,
2614 2515 2972 2584 proferendus
2997 2523 3078 2570 est
3131 2515 3232 2570 iste
3273 2515 3448 2568 versi-

1876 2604 2051 2668 culus,
2086 2606 2224 2661 sicut
2256 2615 2312 2662 et
2339 2620 2436 2662 nos
2469 2606 2754 2660 didicimus
2787 2621 2816 2659 a
2869 2608 3100 2676 quodam
3132 2607 3450 2676 preshytcro
3522 2679 3527 2683 π

1877 2697 2123 2765 proferre
2153 2696 2268 2751 lttcc
2327 2698 2393 2752 ad
2455 2697 2858 2752 convincendos
2905 2711 3018 2752 eos.
3081 2695 3230 2762 Quod
3303 2696 3448 2748 enim

1877 2791 2082 2845 dictum
2112 2799 2200 2846 est
2240 2790 2294 2843 in
2328 2789 2624 2859 Evangelia
2644 2788 2692 2822 9"
2732 2807 2744 2842 :
2802 2787 2954 2842 Beati
3000 2788 3280 2850 mansueti,
3321 2802 3452 2856 quo-

1877 2885 2022 2937 niam
2060 2884 2163 2952 ipsi
2186 2883 2573 2936 ltazreditabunt
2604 2892 2822 2947 (errant,
2851 2880 2974 2933 vide
3006 2879 3276 2948 quomodo
3324 2889 3451 2940 ante

3342 2984 3450 3028 ιηλο

1878 3069 1994 3128 ipse
2029 3066 2282 3121 Christus
2320 3079 2466 3120 nunc
2498 3065 2550 3119 in
2581 3063 2888 3132 Evangeliis
2911 3062 3080 3118 dicit:
3123 3061 3276 3114 Beati
3302 3076 3453 3114 man-

200 3150 386 3220 aliquo
418 3156 1114 3225 peccatore,-singularitcr
1141 3158 1284 3212 enim
1315 3159 1446 3212 dicit
1469 3159 1516 3190 ⁸⁸
1549 3177 1562 3211 :
1592 3159 1772 3219 Pusil-
1799 3184 1840 3241 ε
1876 3161 2036 3225 sueti,
2059 3160 2307 3229 quoniam
2347 3159 2446 3227 ipsi
2487 3158 2796 3212 Iuvreditate
2841 3157 3179 3221 possidebunt
3230 3164 3446 3209 terram.

199 3242 309 3297 tum
344 3244 540 3308 adhuc,
582 3257 628 3300 et
660 3263 760 3300 non
821 3248 984 3319 662
1037 3251 1136 3303 erit
1192 3261 1450 3322 peccator.
1511 3251 1770 3307 Pusillum

198 3335 378 3392 adhuc
413 3337 655 3406 profecto
683 3355 712 3393 a
744 3341 997 3409 praesenti
1039 3350 1284 3411 tempore
1328 3357 1499 3412 usque
1535 3345 1600 3398 ad
1637 3360 1770 3400 con-

198 3429 621 3484 summationem
658 3429 840 3485 saeculi
872 3447 993 3489 esse
1031 3433 1189 3500 dicit,
1215 3442 1308 3488 aut
1341 3436 1576 3491 fortasse
1609 3439 1773 3491 etiam

199 3522 342 3574 ultra
372 3526 896 3580 consummationem
942 3527 1148 3593 saeculi,
1182 3537 1237 3582 et
1267 3528 1441 3584 donec
1498 3530 1588 3584 ille
1637 3531 1778 3599 ignis

199 3613 396 3668 vindex
428 3625 714 3671 consumat
752 3617 1116 3673 adversarios.
1177 3617 1234 3672 Si
1282 3629 1463 3674 autem
1516 3621 1612 3674 fiat
1666 3621 1771 3676 hoc

197 3705 386 3774 aliquo
411 3707 698 3774 modo,non
729 3710 834 3764 erit
868 3719 1138 3779 peccator,
1166 3719 1219 3766 et
1271 3726 1375 3781 qna
1411 3711 1622 3768 ratione
1658 3712 1776 3767 fieri

197 3798 373 3866 possit
397 3808 739 3868 utpeccator
775 3817 880 3857 non
913 3802 1007 3868 sit,
1037 3802 1295 3858 discutiat
1323 3811 1378 3859 et
1405 3805 1651 3873 requirat
1685 3805 1776 3874 qui

195 3898 400 3954 potest.
462 3888 829 3947 Verumtamen
876 3891 1130 3961 pusillum
1189 3894 1384 3958 adhuc,
1429 3904 1475 3948 et
1524 3911 1626 3948 non
1679 3897 1778 3950 erit

196 3989 464 4047 peccator,
491 3993 536 4037 et
555 3999 756 4052 quwrcs
779 3984 948 4038 locum
973 3986 1086 4052 ejus
1113 3992 1163 4038 et
1216 4003 1318 4040 non
1363 3987 1613 4044 invenies.
1661 3987 1776 4042 Non

196 4075 379 4130 solum
419 4085 598 4131 autem
623 4085 879 4146 peccator
905 4092 1011 4131 non
1045 4077 1172 4142 erit,
1201 4078 1297 4132 sed
1335 4091 1434 4132 nec
1464 4077 1615 4133 locus
1654 4093 1779 4148 pec-

197 4168 409 4224 catoris
437 4169 562 4226 erit.
586 4167 718 4235 Quis
737 4177 822 4224 est
859 4176 1039 4222 autem
1089 4167 1240 4225 locus
1289 4171 1616 4237 peccatoris,
1674 4171 1775 4226 nisi

197 4271 304 4314 ista
357 4275 477 4329 quae
531 4259 896 4329 praetereunt?
940 4257 1168 4323 Cretum,
1210 4259 1388 4330 inquit
1419 4260 1589 4325 ",et
1637 4271 1778 4314 terra

178 4353 560 4412 prmlet‘ibunl.
592 4351 722 4406 Sine
748 4351 910 4405 dubio
938 4365 1065 4418 ergo
1088 4365 1210 4404 cum
1249 4350 1367 4419 ipso
1395 4361 1617 4419 peccato
1636 4353 1776 4420 quod

199 4445 487 4510 prmteriit,
515 4445 679 4499 etiam
709 4443 860 4498 locus
885 4442 1159 4512 praeteriet
1184 4444 1509 4511 peccatoris.
1553 4443 1773 4510 Cwlum,

1877 3251 2195 3305 Adtlitsane
2236 3249 2505 3318 Propheta
2539 3248 2702 3302 etiam
2747 3247 2980 3315 amplius
3033 3245 3255 3314 aliquid
3287 3259 3448 3312 quam

1878 3345 1929 3398 itt
1967 3344 2256 3413 Evangelio
2303 3343 2549 3412 legimus,
2585 3341 2772 3395 dicens
2799 3340 2845 3371 ⁸⁸
2887 3357 2901 3395 :
2945 3338 3011 3392 Et
3056 3338 3455 3394 delectabantur

1877 3437 1930 3488 in
1958 3435 2292 3488 multitudine
2319 3435 2487 3502 pacis.
2523 3432 2701 3486 Etiam
2730 3431 2818 3485 hic
2851 3443 3103 3484 sermone
3135 3429 3251 3497 ipso
3284 3427 3454 3481 utitur

1878 3527 2210 3589 Grtecus,tlc
2246 3540 2354 3594 quo
2381 3535 2435 3579 et
2480 3523 2732 3593 superius
2790 3521 3047 3586 diximus,
3103 3520 3454 3590 κατατρυφή-

1881 3636 2081 3682 σουσιν,
2114 3619 2165 3673 id
2213 3628 2314 3683 est,
2352 3617 2752 3672 deliciabuntur
2778 3613 2948 3681 magis
2993 3627 3154 3681 quam
3217 3611 3453 3664 delecta-

1879 3711 2101 3765 buutur.
2162 3710 2334 3776 Igitur
2385 3707 2786 3762 deliciabuntur
2819 3744 2838 3768 ,
2880 3707 2994 3760 sive
3042 3703 3452 3758 delcctabuntur

1883 3801 2148 3858 mansueti
2177 3802 2228 3855 in
2263 3799 2612 3856 multitudine
2637 3798 2808 3867 pacis.
2837 3797 2892 3850 Si
2925 3795 3015 3864 qui
3052 3802 3179 3849 sunt
3207 3792 3455 3847 carnales

1881 3895 2150 3958 homines,
2193 3892 2532 3946 delectantur
2565 3892 2618 3945 in
2649 3889 2786 3944 cibis
2809 3889 2899 3957 qui
2934 3887 3284 3942 destruentur
3329 3897 3453 3936 cum

1883 3997 2068 4042 ventre
2092 4001 2210 4047 suo,
2241 3986 2452 4039 sicutet
2484 3980 2774 4052 Apostolus
2801 3979 2933 4034 dicit
2965 3979 3008 4010 “
3040 3997 3053 4031 ι
3095 3977 3240 4030 Esca:
3266 3978 3454 4034 ventri,

1881 4091 1926 4134 et
1950 4089 2120 4134 venter
2144 4077 2298 4141 escis,
2345 4076 2483 4130 Deus
2513 4083 2686 4128 autem
2735 4073 2874 4126 hunc
2933 4081 2979 4124 et
3028 4068 3149 4122 illas
3200 4068 3454 4125 destruet.

1883 4170 2070 4225 Sancti
2103 4149 2281 4223 autem
2314 4167 2447 4221 istas
2480 4180 2695 4235 quoque
2740 4163 2965 4219 delicias
2999 4169 3353 4216 contenmunt
3403 4168 3458 4210 et

1885 4260 2230 4330 despiciunt:
2264 4259 2468 4312 habent
2497 4267 2678 4311 autem
2728 4255 2951 4311 delicias
3001 4255 3052 4306 in
3114 4250 3458 4305 multitudine

1885 4356 2055 4425 pacis.
2082 4351 2370 4407 Multitudo
2403 4359 2582 4404 autem
2613 4347 2761 4417 pacis
2791 4345 3145 4401 essedicitur
3183 4342 3236 4394 in
3265 4341 3457 4394 diebus

1883 4447 2108 4502 Christi.
2142 4446 2218 4500 Ita
2247 4443 2391 4499 enim
2421 4442 2686 4510 scriptum
2712 4450 2794 4493 est
2814 4439 2858 4470 ⁹⁷
2896 4453 2909 4488 :
2943 4435 3013 4488 Et
3042 4433 3324 4489 multitudo
3364 4448 3459 4500 pa-
3548 4467 3550 4470 μ

199 4538 400 4608 inquit,
437 4547 484 4591 et
521 4546 659 4592 terra
688 4536 1050 4606 praeteribunt,
1094 4537 1245 4591 verba
1297 4546 1471 4591 autem
1525 4553 1640 4589 mea
1675 4553 1776 4589 non
1813 4542 1853 4595 υ
1884 4542 1958 4594 cis
1987 4542 2085 4594 erit
2135 4539 2190 4594 in
2239 4535 2421 4590 diebus
2469 4535 2607 4603 ejus,
2664 4544 2929 4599 usquequo
2982 4527 3258 4595 auferatur
3311 4524 3457 4576 luna.

200 4629 568 4698 praeteribunt.
605 4629 933 4684 Studeamus
960 4643 1090 4698 ergo
1126 4643 1221 4683 nos
1255 4627 1436 4684 facere
1465 4629 1627 4683 verba
1666 4629 1776 4688 Dei,

201 4736 330 4792 quae
358 4735 460 4776 non
496 4729 846 4790 praetereunt,
879 4736 946 4775 ne
977 4720 1115 4774 forte
1137 4731 1188 4774 et
1221 4736 1319 4774 nos
1347 4735 1468 4774 cum
1500 4721 1621 4776 istis
1662 4737 1782 4790 qua:

197 4821 536 4883 prattereunt
567 4814 917 4868 intereamns.
950 4811 1006 4866 Si
1031 4811 1172 4865 enim
1205 4821 1487 4880 peccatum
1528 4811 1778 4877 facimus,

202 4906 352 4974 quod
378 4905 636 4973 praeterit,
664 4906 782 4961 sine
807 4905 966 4958 dubio
992 4915 1046 4959 et
1071 4919 1168 4958 uos
1206 4917 1328 4958 cum
1367 4902 1451 4958 his
1495 4919 1614 4973 quas
1644 4920 1783 4972 pra:-

203 5005 424 5050 tereunt
450 4997 850 5066 deputabimur.
883 4997 940 5052 Si
998 5005 1178 5050 autem
1245 4995 1468 5050 facimus
1510 4995 1781 5064 justitiam

204 5103 329 5157 qua:
363 5104 468 5144 non
522 5089 786 5157 prasterit,
843 5104 1016 5158 neque
1074 5089 1191 5157 ipsi!
1231 5087 1657 5156 praeteribimus,
1689 5087 1784 5140 sed

206 5181 651 5249 permanehimus
685 5197 810 5236 cum
837 5190 1191 5251 permanente
1211 5180 1448 5248 justitia,
1485 5177 1784 5233 secundum

209 5271 343 5325 illud
367 5274 509 5342 quod
534 5275 796 5342 scriptum
828 5283 913 5328 est
942 5274 988 5305 °°
1024 5292 1036 5326 :
1081 5271 1334 5340 Nunquid
1376 5286 1480 5324 non
1507 5269 1638 5323 valet
1673 5285 1787 5320 ma-

213 5379 314 5416 nus
347 5380 459 5418 mea
491 5363 665 5418 salvos
689 5365 898 5433 facere?
921 5374 1009 5418 aut
1042 5367 1255 5435 gravavi
1294 5379 1476 5416 aurem
1511 5377 1681 5415 meam
1725 5377 1787 5413 ne

211 5456 500 5508 exaudiant
529 5458 554 5510 .’
581 5457 684 5510 Set!
704 5468 910 5524 peccata
942 5466 1113 5510 vestra
1155 5464 1399 5526 separant
1441 5455 1577 5508 inter
1615 5471 1699 5507 vos
1736 5462 1782 5505 et

219 5547 409 5604 Deum.
437 5549 541 5604 Sed
571 5559 624 5602 et
669 5550 735 5602 ab
767 5549 918 5603 initio
967 5557 1233 5604 creaturae
1283 5563 1389 5601 non
1439 5546 1556 5598 sine
1604 5546 1783 5613 aliqua

301 5689 508 5744 "Gen.
569 5705 604 5742 ι.
705 5688 916 5744 "l‘sal.
976 5691 1278 5750 κκκγιιι,8.
1378 5686 1566 5739 8"l’sal

215 5762 259 5789 ⁵²
299 5759 439 5883 ινδ-3η.
499 5775 688 5827 Lxxv't,
725 5759 812 5814 l'i.
847 5771 849 5774 ‘
905 5762 947 5791 “3
975 5759 1113 5814 I‘sal.
1153 5775 1336 5824 nam,
1374 5760 1454 5812 ll.

220 5845 316 5883 \‘lt.
395 5868 410 5883 .

220 5845 316 5896 vit,
367 5845 410 5885 t.

1635 5703 1818 5749 xxxvi,
1858 5689 1939 5738 10,

1551 5759 1595 5788 9⁵
1624 5757 1812 5812 Matth.
1852 5774 1901 5821 v,
1944 5758 1994 5810 4.

1891 4633 2216 4699 Quicunque
2248 4640 2380 4695 ergo
2410 4623 2611 4678 desinit
2635 4621 2702 4675 ab
2731 4620 2835 4683 ira,
2865 4626 2922 4672 et
2957 4617 3175 4684 reliquit
3207 4615 3460 4683 indigna-

1893 4725 2114 4785 tionem,
2145 4728 2198 4774 et
2227 4732 2402 4787 neque
2447 4715 2662 4768 animus
2701 4713 2753 4765 in
2808 4713 2942 4764 irant
2994 4709 3260 4776 irritatur,
3285 4720 3463 4774 neque

1891 4828 2146 4871 sermone
2180 4811 2350 4865 utitur
2398 4804 2679 4865 iracundo,
2740 4817 2846 4857 non
2908 4799 3081 4854 solum
3133 4797 3460 4860 forinsecus,

1891 4922 2074 4961 verum
2108 4912 2161 4959 et
2189 4901 2518 4956 intrinsecus
2565 4905 2715 4951 totus
2750 4893 2803 4947 in
2847 4906 2979 4962 pace
3042 4899 3144 4954 est,
3189 4897 3243 4944 et
3289 4902 3463 4956 nequc

1892 4995 2209 5070 provocanti
2239 5008 2298 5048 se
2327 4992 2393 5047 ad
2417 4987 2755 5045 iracundiam
2781 4987 2946 5049 cedit,
2983 4998 3156 5052 neque
3189 4983 3301 5049 ipse
3325 4980 3465 5032 alte-

1891 5105 2006 5144 rum
2034 5091 2098 5142 ad
2125 5084 2461 5140 iracundiam
2498 5088 2780 5152 provocat,
2808 5079 2903 5133 sed
2939 5078 2994 5131 itt
3037 5075 3334 5142 semetipso
3368 5086 3464 5140 pa-

1890 5197 2007 5235 cem
2051 5179 2232 5244 habet,
2258 5185 2312 5231 et
2344 5177 2396 5229 in
2428 5175 2569 5238 aliis,
2606 5172 2651 5228 si
2682 5173 2772 5241 qui
2802 5169 2940 5226 forte
2964 5153 3252 5229 dissident,
3284 5170 3466 5219 servat

1890 5273 2112 5343 diligere
2139 5266 2630 5328 mansuetudinem,
2671 5277 2792 5332 quas
2819 5260 2966 5330 pacis
2999 5267 3183 5313 custos
3213 5265 3296 5308 est
3335 5254 3467 5306 lide-

1893 5362 2118 5425 lissima,
2153 5377 2270 5429 quae
2299 5367 2488 5417 cuncta
2510 5356 2840 5411 moderatur.
2877 5353 2980 5405 Iste
3017 5348 3306 5402 deiiciatur
3329 5383 3345 5407 ,
3377 5343 3467 5398 vel

1893 5456 2194 5510 delectatur
2222 5454 2270 5507 itt
2302 5450 2646 5536 multitudine
2671 5448 2840 5516 pacis.

1964 5546 2014 5598 7.
2051 5543 2352 5599 Observabit
2385 5532 2862 5609 peccatorjustum,
2891 5546 2937 5585 et
2964 5532 3142 5598 frontet
3171 5543 3325 5594 super
3350 5539 3468 5582 eum

2049 5686 2089 5714 su
2121 5683 2250 5737 Lm;
2285 5698 2395 5737 χχι,
2428 5680 2514 5730 πῇ,
2633 5677 2673 5706 9³
2711 5673 2830 5727 lsai,
2857 5688 2939 5724 l.l.\‘
2965 5670 3021 5732 ,1
3059 5669 3231 5720 et‘Z."l
3260 5666 3391 5737 Geu-
3428 5677 3468 5737 ξ.

2078 5734 2287 5808 M—l‘sul.
2323 5734 2504 5810 nam,
2543 5749 2619 5798 ll.
2696 5745 2781 5796 ξὶ⁸³1
2818 5744 2938 5797 Cur.
2975 5756 3048 5803 \‘t,
3090 5739 3169 5791 t3.
3247 5737 3288 5770 97
3325 5734 3465 5788 Pani.

3094 5934 3119 5962 ι
