3808 6530
393 388 534 446 1555

1763 381 1854 436 EX
1887 381 2188 439 ORIGENE

3531 375 3628 423 ηδδ

391 502 636 558 dentibus
667 503 775 555 suis
805 501 876 554 ³⁸.
908 497 1064 555 Sicut
1108 497 1253 552 enim
1317 497 1640 553 naturaliter
1684 499 1961 554 contraria
1992 502 2040 560 Α
2068 497 2273 551 habent
2308 503 2361 549 et
2386 502 2720 563 peccatores.
2760 488 2958 544 Sermo
2996 487 3197 558 sagitta
3227 494 3313 542 est
3347 500 3363 537 :
3413 493 3478 538 et
3528 481 3627 550 justi

398 605 526 650 sunt
561 594 651 648 lux
681 602 735 648 et
767 591 1023 657 tenebrat,
1059 592 1130 644 ita
1157 590 1423 646 contrarii
1454 600 1582 644 sunt
1623 591 1723 644 sibi
1770 605 1963 659 pecca-

397 698 483 743 tor
515 687 789 755 etjustus.
830 683 964 738 Etsi
1013 683 1216 738 videris
1264 683 1555 751 aliquando
1590 681 1714 735 odio
1779 681 1961 734 haberi

390 775 620 844 justum,
651 791 755 829 non
780 775 992 830 dubites
1016 775 1196 828 dicere
1224 772 1292 827 de
1325 788 1392 828 eo
1430 773 1520 842 qui
1575 772 1691 826 odit
1733 770 1960 838 justum,

397 869 522 936 quia
550 874 806 936 peccator
842 874 945 921 est.
999 863 1055 918 Si
1112 865 1316 918 videris
1371 861 1803 931 persecutionem
1854 860 1963 929 pati

397 972 520 1012 emn
557 957 648 1026 qui
685 958 824 1010 bene
852 955 1005 1021 vivit,
1035 971 1140 1009 non
1179 955 1393 1008 dubites
1423 954 1603 1006 dicere
1653 953 1718 1007 de
1752 967 1818 1006 eo
1873 951 1964 1019 qui

401 1044 770 1113 persequitur,
800 1043 925 1112 quia
956 1059 1061 1097 non
1099 1043 1272 1097 solmn
1309 1051 1564 1110 peccator
1597 1050 1715 1106 est,
1741 1041 1838 1095 sed
1871 1055 1966 1094 ne-

400 1151 585 1204 quam.
612 1134 934 1190 Observabit
963 1150 1092 1206 ergo
1124 1143 1378 1204 peccator
1404 1136 1638 1203 justum,
1690 1143 1745 1186 et
1775 1133 1963 1188 obser-

399 1242 536 1280 vans
560 1240 682 1280 eum
714 1224 909 1281 fremet
945 1241 1109 1295 super
1139 1241 1261 1281 eum
1316 1227 1574 1282 dentibus
1623 1225 1757 1280 suis.
1813 1223 1965 1290 Quod

399 1320 554 1382 dicit,
590 1320 776 1388 fremet
805 1319 1063 1383 dentibus,
1092 1320 1275 1374 neSt-in
1309 1320 1352 1374 si
1393 1320 1458 1374 de
1480 1318 1789 1373 carnalibus
1827 1318 1966 1372 den-

401 1409 549 1464 tibus
580 1410 955 1478 accipiendum
984 1412 1075 1475 sit,
1103 1411 1226 1466 licet
1253 1411 1507 1481 possibile
1555 1412 1632 1466 sit
1663 1410 1829 1468 etiam
1866 1409 1967 1463 hoc

399 1502 516 1556 ﬁeri
551 1517 580 1555 a
612 1512 901 1573 peccatore
929 1505 1187 1558 adversus
1217 1502 1444 1571 justum.
1493 1501 1628 1558 Cum
1669 1500 1969 1556 commina-

399 1601 488 1648 tur
508 1595 581 1660 ei,
608 1609 729 1648 cum
757 1594 885 1648 l'urit
906 1595 1166 1649 adversus
1189 1609 1335 1658 eum,
1391 1610 1511 1647 curn
1543 1593 1666 1648 silet
1706 1606 1858 1658 voce,
1917 1599 1970 1643 et

399 1687 605 1742 clamat
644 1685 848 1751 furore,
882 1702 1002 1741 cum
1019 1687 1166 1756 justo
1193 1686 1413 1741 molitur
1440 1687 1694 1746 insidias,
1727 1693 1780 1740 et
1808 1698 1969 1739 omne

399 1779 602 1833 malum
635 1781 915 1848 excogitat
944 1780 1231 1833 adversum
1259 1793 1422 1843 eum,
1466 1788 1595 1831 tunc
1624 1776 1788 1831 etiam
1843 1789 1966 1829 cor-

398 1871 661 1941 poraliter
696 1871 1021 1941 adimpletur
1065 1874 1206 1939 quod
1247 1871 1447 1925 dicitur
1487 1889 1501 1926 :
1562 1868 1768 1923 Frcmet
1816 1883 1970 1935 super

399 1981 515 2018 eum
568 1964 806 2017 dentibus
845 1965 977 2017 suis.
1032 1962 1138 2018 Sed
1189 1979 1312 2018 cum
1362 1965 1476 2018 haec
1530 1963 1659 2018 facit
1720 1973 1971 2033 peccator

400 2058 688 2111 adversum
713 2054 940 2123 justum,
966 2055 1248 2118 Dominus,
1273 2055 1535 2124 inquit",
1571 2056 1811 2110 irridebit
1827 2073 1965 2119 eum,

397 2153 646 2220 quoniam
674 2150 923 2220 prospicit
943 2152 1083 2221 quod
1117 2153 1288 2205 veniat
1326 2151 1438 2202 dies
1461 2150 1594 2218 ejus.
1623 2150 1793 2216 Quem
1825 2151 1966 2205 diem

399 2244 661 2313 prospicit
707 2243 968 2297 Dominus
1016 2241 1360 2312 peccatoris?
1416 2241 1564 2297 Illum
1619 2242 1738 2297 siue
1783 2241 1966 2309 dubio,

395 2353 520 2393 cum
551 2338 814 2403 quaeritur
845 2344 1114 2406 peccator,
1149 2345 1203 2390 et
1238 2352 1341 2390 non
1377 2339 1502 2393 erit.

468 2430 522 2486 8.
557 2428 809 2484 Gladium
833 2430 1235 2498 evaginaverunt
1273 2438 1596 2500 peccatores,
1641 2429 1966 2484 tetenderunt

398 2537 582 2576 arcum
609 2539 788 2586 suum,
813 2529 871 2574 ut
900 2521 1153 2590 dejiciant
1190 2521 1396 2591 inopem
1420 2531 1468 2578 et
1492 2523 1826 2592 pauperem‘.
1851 2516 1965 2575 Νοη

399 2616 539 2684 quod
570 2614 717 2668 omni
746 2626 944 2681 genere
968 2622 1282 2681 peccatores
1315 2613 1551 2683 gladium
1581 2613 1816 2667 habeant
1839 2626 1963 2667 cor;

402 2703 670 2773 poralem,
703 2703 797 2758 sed
821 2702 1102 2757 videamus
1124 2716 1193 2756 ne
1223 2702 1363 2757 forte
1383 2701 1521 2756 sicut
1556 2710 1683 2755 sunt
1719 2701 1966 2770 quaedam

400 2809 552 2848 arma
590 2793 708 2856 Dei,
735 2793 788 2846 in
821 2792 1020 2862 quibus
1047 2805 1168 2846 esse
1199 2791 1401 2846 dicitur
1429 2790 1593 2845 lorica
1629 2790 1885 2860 justitiae.
1914 2798 1968 2844 et

401 2888 610 2958 gladius
660 2887 907 2956 spiritus,
949 2895 1006 2940 et
1036 2895 1248 2941 scutum
1307 2885 1451 2948 ﬁdei,
1503 2884 1576 2938 ita
1629 2885 1792 2938 etiam
1855 2882 1966 2938 sint

401 2997 558 3034 arma
590 2977 812 3043 diaboli,
851 2978 1050 3048 quibus
1096 2976 1318 3030 indutus
1353 2984 1436 3030 est
1482 2976 1644 3031 homo
1689 2983 1962 3046 peccator.

397 3071 444 3121 A
498 3067 792 3122 contrariis
854 3068 1022 3138 igitur
1085 3063 1449 3135 intelligamus
1515 3067 1838 3128 contraria,
1912 3074 1968 3120 et

397 3169 704 3213 statuamus
759 3159 896 3213 duos
949 3159 1147 3214 milites
1196 3166 1469 3221 armatos,
1525 3173 1690 3212 unum
1738 3157 1966 3212 militem

395 3252 556 3324 663
596 3253 710 3316 Dei,
765 3252 992 3306 alterum
1029 3252 1252 3307 militem
1300 3251 1522 3306 diaboli.
1561 3251 1626 3304 Et
1655 3252 1698 3306 si
1748 3251 1965 3321 quidem

400 3345 556 3398 miles
583 3343 676 3398 Dei
717 3343 880 3398 habet
919 3343 1139 3398 loricam
1164 3343 1410 3412 iustitiae,
1449 3342 1572 3396 sine
1598 3343 1763 3398 dubio
1817 3343 1971 3398 miles

400 3435 598 3489 diaboli
633 3436 964 3490 contrariam
992 3435 1119 3490 huic
1143 3436 1282 3506 gerit
1312 3435 1590 3506 injustitite
1618 3434 1863 3490 loricam.
1905 3434 1972 3489 Et

397 3529 441 3582 si
487 3529 640 3584 miles
695 3528 786 3582 Dei
819 3527 872 3581 in
921 3526 1071 3598 galea
1123 3526 1317 3582 salutis
1357 3535 1627 3591 coruscat,
1664 3526 1971 3582 econtrario

396 3628 659 3690 peccator
683 3620 772 3687 qui
798 3628 882 3674 est
911 3618 1067 3674 miles
1100 3619 1324 3686 diaboli,
1356 3619 1506 3688 galea
1538 3619 1859 3688 perditlouis
1888 3619 1971 3673 in-

398 3711 558 3764 dutus
582 3719 683 3765 est.
717 3710 780 3764 Et
809 3711 854 3764 si
881 3709 1054 3779 parati
1085 3719 1211 3765 sunt
1239 3709 1403 3780 pedes
1435 3709 1622 3763 militis
1654 3709 1854 3764 Christi
1902 3709 1968 3764 ad

398 3799 674 3868 Evangelii
732 3817 953 3856 cursum
1016 3809 1072 3856 et
1122 3802 1596 3870 praedicationem,
1658 3803 1969 3858 ecoutrario

399 3893 700 3960 peccatoris
734 3896 896 3963 pedes
932 3893 1188 3949 velociter
1227 3903 1452 3949 currunt
1485 3895 1553 3947 ad
1588 3893 1968 3949 eﬁ‘uudendum

399 3985 743 4054 sanguinem,
787 3994 843 4040 et
887 3985 1251 4042 calceamenta
1279 3986 1416 4055 ejus,
1454 3986 1557 4041 hoc
1582 3996 1664 4042 est
1693 4001 1966 4057 praepara-

401 4076 500 4138 tio,
530 4076 928 4130 concinnantur
965 4077 1030 4131 ad
1068 4077 1292 4132 malum.
1319 4077 1492 4132 liabet
1522 4093 1653 4147 ergo
1686 4079 1842 4134 miles
1875 4079 1968 4134 Dei

399 4164 894 4235 scutumquoddam
924 4166 1070 4232 lidei,
1102 4166 1264 4221 habet
1286 4173 1342 4220 et
1365 4167 1520 4221 miles
1551 4167 1750 4222 diaboli
1781 4167 1969 4222 inﬁde-

400 4256 574 4311 litatis
595 4264 830 4312 scutum.
862 4255 935 4311 lta
966 4271 1098 4327 ergo
1129 4267 1214 4313 est
1243 4255 1451 4326 gladius
1483 4258 1702 4328 quidam
1731 4259 1969 4327 Spiritus

399 4349 574 4402 sancti
611 4348 662 4401 iu
697 4348 783 4403 his
815 4348 906 4418 qui
939 4347 1175 4402 militant
1205 4347 1344 4411 Deo;
1369 4357 1452 4400 est
1480 4357 1660 4401 autem
1689 4357 1743 4401 et
1761 4347 1970 4417 gladius

397 4438 615 4510 maligni
662 4441 714 4494 in
749 4440 832 4495 his
858 4441 949 4509 qui
979 4439 1211 4496 militant
1239 4451 1480 4510 peccato,
1517 4454 1678 4509 quem
1731 4440 1968 4509 gladium

1998 1857 2041 1912 B

1995 3195 2042 3258 C

2062 589 2282 658 quidem
2331 599 2510 640 sermo
2540 599 2662 638 cum
2709 582 2891 653 arguit
2931 591 2985 636 et
3015 578 3245 648 corrigit
3280 585 3629 646 peccatorum,

2064 681 2214 734 velut
2260 680 2461 748 sagitta
2510 678 2824 747 compungit
2854 685 2908 730 et
2939 674 3237 728 transforat
3269 685 3373 726 cor
3404 669 3550 733 eius,
3589 680 3631 721 ut

2065 781 2418 827 convertatur
2446 770 2512 823 ad
2543 767 2916 838 paenitentiam
2951 775 3006 819 et
3034 764 3296 818 salvetur.
3337 761 3544 814 Sermo
3564 774 3632 811 as-

2069 873 2174 918 lem
2205 862 2506 933 peccatoris
2531 870 2616 915 est
2652 860 2858 913 habens
2892 871 3164 912 venenum
3193 864 3249 907 et
3275 852 3561 920 sagittatis
3585 865 3630 904 ar

2065 957 2361 1011 vulnerans
2382 970 2524 1014 eum,
2547 955 2638 1022 qui
2665 968 2770 1006 non
2793 959 2877 1006 est
2905 950 3074 1004 armis
3098 949 3188 1003 Dei
3216 946 3494 1000 munitus.
3515 939 3632 996 Tum

2067 1049 2212 1104 enim
2253 1047 2418 1102 verba
2479 1047 2790 1114 iniquorum
2846 1042 3145 1112 praevalent
3184 1041 3498 1093 adversum
3541 1052 3629 1096 nos,

2067 1157 2190 1196 cum
2228 1140 2409 1194 minus
2448 1149 2608 1193 caute
2643 1145 2796 1192 scuto
2827 1135 2948 1190 ﬁdei
2989 1133 3429 1190 communimur.
3471 1127 3629 1182 Teten-

2067 1238 2258 1288 derunt
2312 1247 2442 1301 ergo
2483 1247 2663 1286 arcum
2715 1246 2894 1293 suum,
2948 1239 3003 1282 ut
3049 1227 3305 1295 deﬁciant
3347 1225 3560 1290 inopen
3595 1234 3632 1276 et

2067 1341 2346 1397 pauperem
2387 1325 2426 1377 ³.
2475 1323 2672 1378 Sciunt
2719 1329 3057 1391 peccatores,
3102 1318 3232 1386 quia
3279 1331 3395 1370 non
3430 1325 3632 1383 possunt

2069 1419 2306 1487 dejicere
2333 1417 2581 1480 divitem,
2613 1423 2897 1483 propterea
2947 1425 3124 1480 neque
3157 1407 3403 1462 insidias
3431 1406 3487 1460 ei
3538 1412 3632 1458 ten.

2069 1513 2228 1575 dunt,
2261 1511 2352 1565 sed
2377 1523 2566 1563 omnes
2594 1522 2782 1563 eorum
2811 1504 3019 1558 insidiae
3039 1503 3336 1556 adversum
3363 1511 3631 1564 pauperem

2068 1603 2397 1670 diriguntur,
2435 1598 2578 1656 sicut
2621 1607 2677 1653 et
2725 1595 2851 1651 alibi
2897 1593 3098 1647 dicitur
3125 1592 3167 1656 ⁸,
3201 1591 3336 1659 quia
3366 1588 3633 1640 insidietur

2067 1696 2201 1749 sicut
2229 1693 2309 1748 leo
2337 1693 2392 1746 in
2419 1691 2579 1745 cubili
2609 1705 2724 1750 suo,
2750 1685 3038 1741 insidiatur
3064 1693 3118 1736 ut
3141 1686 3325 1752 rapiat
3352 1695 3631 1746 pauperem.

2070 1786 2136 1840 Et
2166 1785 2290 1855 quia
2327 1783 2612 1849 redemptio
2646 1780 2744 1832 viri
2769 1778 2972 1832 divitia:
3023 1777 3139 1847 ejus
3188 1786 3316 1827 sunt
3357 1773 3406 1834 ⁵.
3458 1785 3634 1840 pauper

2072 1886 2250 1930 autem
2280 1873 2507 1928 sull'erre
2531 1888 2636 1925 nun
2665 1871 2805 1924 valet
2840 1871 3036 1934 minas,
3063 1867 3188 1921 ideo
3218 1865 3429 1919 divites
3462 1861 3636 1915 elicis-

2074 1984 2196 2022 mur
2215 1967 2268 2021 in
2289 1965 2620 2035 spiritalibus
2648 1965 2828 2024 bonis,
2853 1962 2903 2015 id
2934 1968 3017 2016 est
3051 1961 3102 2012 in
3127 1957 3280 2014 omni
3306 1957 3507 2016 verba,
3530 1963 3574 2008 et
3594 1955 3634 2007 is

2073 2057 2225 2112 omni
2274 2058 2526 2118 scientia,
2561 2055 2612 2109 in
2644 2054 2899 2123 operibus
2928 2051 3111 2114 bonis,
3150 2048 3497 2118 abjicientes
3521 2046 3632 2100 diri-

2076 2150 2178 2203 tias
2209 2149 2437 2220 peccati,
2499 2145 2893 2218 prospicientes
2941 2157 3049 2198 non
3101 2156 3162 2196 ea
3214 2154 3344 2209 qua:
3389 2139 3632 2196 videntur.

2072 2243 2165 2297 sed
2188 2257 2248 2296 ea
2274 2255 2393 2310 quae
2412 2256 2515 2294 non
2541 2239 2810 2292 videntur.
2836 2235 2965 2302 Quae
2979 2234 3124 2290 enim
3143 2232 3416 2286 videntur
3441 2231 3635 2291 diritiz,

2071 2332 2397 2403 temporales
2431 2342 2582 2394 sunt;
2628 2339 2960 2399 quaeautem
2985 2341 3093 2381 non
3122 2324 3415 2388 videntur,
3446 2332 3634 2376 :eteraz

2071 2435 2215 2480 sunt.
2257 2423 2323 2478 Et
2354 2423 2400 2478 si
2435 2424 2489 2477 in
2524 2422 2720 2477 talibus
2752 2419 2957 2476 divitiis
2982 2417 3353 2481 ditescitnus,
3386 2411 3634 2468 vulnerari

2071 2518 2282 2587 sagittis
2312 2532 2417 2571 non
2461 2527 2746 2586 possumus
2790 2521 3164 2582 peccatorum.
3217 2509 3634 2577 Restinguentur

2069 2610 2214 2664 enim
2264 2617 2418 2664 scuto
2463 2606 2613 2672 ﬁdei,
2655 2620 2753 2677 per
2783 2603 3055 2661 Christum
3094 2603 3398 2658 Dominum
3454 2612 3508 2653 et
3535 2597 3636 2651 Sal-

2069 2711 2310 2754 vatorem
2357 2707 2623 2762 nostrum,
2678 2695 2766 2750 cui
2812 2702 2896 2748 est
2955 2693 3125 2763 gloria
3156 2700 3217 2747 et
3253 2689 3548 2758 imperium
3593 2687 3634 2739 ia

2069 2789 2262 2846 saecula
2293 2788 2636 2844 saeculorum.
2668 2787 2862 2841 Amen.

2645 2899 2926 2956 llOMlLlA
2965 2898 3050 2954 Ill.

2073 2995 2149 3049 De
2180 2993 2360 3048 eodem
2391 2991 2615 3056 psalmo,
2647 2993 2710 3045 ab
2737 2992 2831 3044 illa
2862 3001 3009 3059 parte
3033 2990 3054 3021 ⁶
3082 3005 3097 3042 :
3131 3007 3149 3040 t
3184 2985 3449 3042 Gladium
3480 2985 3635 3053 coegi-

2529 3072 2781 3116 noverunt
2829 3071 3144 3129 peccatores.
3176 3077 3197 3110 )

2144 3156 2197 3210 1.
2223 3153 2518 3224 Superiore
2547 3161 2778 3208 tractatu
2806 3151 3116 3208 dicebamus
3146 3149 3408 3219 quaedam
3447 3147 3516 3201 de
3540 3147 3637 3215 gla-

2073 3247 2163 3303 dio
2193 3256 2248 3302 et
2271 3262 2402 3302 arcu
2437 3253 2808 3315 peccatorum,
2853 3253 2908 3299 et
2946 3241 3116 3298 armis
3150 3239 3271 3307 Dei,
3303 3247 3363 3295 et
3382 3239 3512 3311 quia
3539 3253 3641 3294 on-

2071 3360 2168 3400 nes
2195 3344 2444 3400 homines
2471 3344 2666 3398 arntati
2697 3351 2850 3410 sunt;
2899 3352 2956 3397 et
2998 3342 3144 3412 quod
3178 3339 3428 3396 diximus
3471 3352 3642 3390 omnes

2071 3437 2338 3500 homines.
2384 3451 2528 3492 nunc
2563 3435 2814 3504 adjiciam
2859 3434 2999 3506 quod
3033 3433 3208 3489 defuit
3248 3431 3642 3502 superioribus,

2071 3529 2122 3584 id
2149 3539 2231 3584 est
2251 3530 2303 3584 hi
2332 3543 2520 3584 omnes
2551 3527 2646 3597 qui
2684 3541 2912 3596 peccare
2933 3525 3046 3594 jam
3080 3531 3337 3594 possunt,
3368 3520 3456 3575 vel
3487 3521 3644 3573 absti-

2072 3637 2202 3676 nere
2227 3636 2260 3676 a
2294 3622 2550 3690 peccatis.
2581 3619 2819 3674 Infantes
2843 3618 2990 3673 enim
3014 3629 3192 3684 neque
3223 3614 3322 3668 Dei
3355 3626 3514 3666 arma
3547 3621 3646 3662 ιη-

2071 3724 2220 3769 ctare
2257 3721 2504 3784 possunt,
2531 3727 2704 3782 neque
2732 3726 2884 3766 arma
2911 3708 3135 3764 diaboli.
3166 3707 3225 3762 Si
3266 3707 3365 3778 qui
3394 3715 3579 3759 autem
3601 3705 3645 3754 ‘ui

2071 3807 2238 3860 verbo
2267 3815 2318 3861 et
2345 3815 2473 3860 actu
2504 3814 2561 3860 et
2584 3806 2914 3876 cogitatione
2942 3811 3172 3868 possunt
3195 3801 3313 3868 jam
3341 3800 3493 3853 scire
3515 3797 3648 3865 quod

2073 3906 2276 3952 rectum
2297 3905 2400 3962 est,
2423 3902 2480 3952 et
2501 3897 2674 3951 vitare
2707 3896 2852 3965 quod
2891 3896 3224 3950 contrarium
3259 3902 3373 3956 est,
3401 3891 3512 3962 ipsi
3537 3901 3650 3944 sunt

2072 3989 2161 4058 qui
2183 3989 2446 4044 dicuntur
2471 4005 2662 4045 omnes
2688 3989 2886 4043 habere
2918 4003 3091 4052 arma,
3115 3997 3171 4040 et
3197 3985 3240 4040 si
3276 3985 3505 4055 quidem
3535 3998 3652 4052 pec-

2070 4086 2219 4142 cant,
2276 4079 2476 4134 diaboli
2511 4093 2662 4132 arma
2697 4079 2903 4132 habent
2948 4087 3004 4132 et
3051 4076 3396 4146 iniquitatis;
3454 4076 3501 4128 si
3533 4089 3650 4127 vero

2073 4176 2220 4220 recte
2248 4176 2437 4236 agunt,
2486 4167 2652 4222 armis
2688 4165 2785 4221 Dei
2815 4165 3070 4221 dicentur
3105 4165 3302 4220 induti.
3331 4164 3496 4233 Quod
3527 4178 3652 4232 ergo

2071 4259 2250 4314 dixit:
2303 4258 2551 4312 Gladium
2596 4260 3002 4329 euaginaveruut
3047 4268 3372 4325 peccatores,
3427 4259 3656 4310 tetende-

2071 4359 2193 4404 runt
2216 4365 2398 4404 arcum
2425 4367 2603 4414 suum,
2625 4351 2978 4420 explanantes
3003 4349 3320 4404 dicebamus
3353 4347 3654 4402 secundum

2070 4443 2382 4512 Apostolum
2407 4444 2500 4512 qui
2530 4443 2667 4497 dixit
2697 4458 2724 4495 a
2747 4441 3043 4497 contrariis
3064 4440 3085 4470 '
3118 4459 3132 4494 :
3160 4438 3232 4492 Et
3271 4440 3522 4510 gladius!
3549 4439 3655 4504 spi-

396 4533 684 4601 evaginare
712 4548 860 4588 nunc
902 4535 1159 4589 dicuntur
1185 4541 1523 4605 peccatores.
1555 4533 1836 4600 Quomodo
1864 4548 1966 4586 au—
1998 4552 2042 4608 ι)
2072 4535 2203 4587 ritus
2227 4535 2366 4604 quod
2393 4543 2470 4588 est
2495 4533 2706 4588 verbum
2739 4533 2859 4599 Dei,
2891 4533 3016 4606 quia
3049 4540 3405 4602 peccatorum
3442 4529 3656 4599 gladius

399 4631 505 4676 tem
562 4625 784 4693 putandi
821 4635 945 4679 sunt
994 4634 1308 4695 peceatores
1352 4625 1644 4696 evagiuare
1691 4622 1967 4694 gladium?

398 4713 534 4766 Dum
574 4715 685 4783 jam
726 4716 1070 4784 impudenter
1115 4726 1168 4770 et
1215 4716 1420 4782 absque
1468 4716 1576 4770 ullo
1628 4715 1967 4771 verecundiae

394 4804 703 4861 velamento
753 4806 1064 4872 iniquitates
1117 4821 1244 4863 suas
1290 4817 1630 4878 perpetrant,
1681 4822 1781 4861 nec
1835 4821 1965 4860 eru-

395 4893 645 4960 bescunt,
677 4909 742 4948 ac
771 4908 1110 4962 reverentur,
1147 4913 1247 4952 nec
1270 4907 1526 4968 tanquam
1559 4898 1613 4952 in
1647 4899 1842 4967 vagina
1867 4912 1965 4952 ne-

393 4984 622 5054 quitiam
653 5001 804 5039 suam
849 4988 1148 5042 recondunt
1178 4997 1233 5041 et
1267 4997 1584 5057 contegunt,
1614 4990 1710 5043 sed
1732 4989 1966 5057 superbo

391 5086 448 5131 et
477 5077 620 5132 elato
650 5077 847 5156 spiritu
888 5076 1036 5130 velut
1083 5077 1318 5144 gladium
1349 5081 1634 5146 quemdam
1663 5077 1960 5132 denudent.

394 5168 660 5224 Similiter
681 5169 846 5223 etiam
878 5169 1008 5223 illud
1039 5172 1180 5238 quod
1211 5170 1454 5238 sequitur
1486 5182 1774 5240 peragunt,
1805 5169 1858 5224 id
1879 5177 1965 5223 est

390 5263 724 5315 intenderunt
756 5277 938 5315 arcum
969 5277 1144 5314 suum.
1171 5260 1276 5314 Sed
1299 5271 1353 5313 et
1376 5261 1506 5330 justi
1533 5260 1962 5323 habentarcum,

394 5354 595 5408 habent
623 5363 678 5406 et
710 5354 957 5423 sagittas.
985 5351 1225 5420 Denique
1254 5360 1309 5404 et
1340 5367 1446 5404 una
1481 5351 1680 5420 sagitta
1725 5353 1960 5420 ipsorum

392 5454 474 5496 est
505 5445 764 5500 Dominus
799 5443 984 5509 Jesus,
1033 5444 1149 5513 ipse
1177 5443 1318 5498 enim
1351 5444 1428 5497 ait
1474 5445 1494 5476 ¹
1522 5461 1536 5496 :
1569 5444 1635 5497 Et
1680 5446 1850 5511 posuit
1883 5459 1964 5496 me

391 5540 526 5594 sicut
558 5541 805 5609 sagittam
853 5541 1093 5599 electam.
1141 5541 1355 5598 Habent
1391 5556 1522 5613 ergo
1548 5542 1677 5611 justi
1719 5545 1964 5613 sagittas,

463 5740 510 5772 ’⁸
545 5741 688 5800 Psal.
715 5760 900 5810 xxxvi,
937 5745 1028 5799 12.
1107 5748 1152 5779 θ’
1181 5745 1409 5802 ibid.15.

393 5826 521 5878 χιιι,
551 5813 604 5868 8.
683 5815 702 5845 ⁶
730 5815 870 5870 Psal.
902 5830 1094 5881 nxvr,
1137 5816 1222 5872 14.
1297 5818 1316 5850 ⁷
1349 5815 1548 5887 Ephes.
1579 5830 1652 5884 vt,
1682 5817 1768 5871 17.

1487 5753 1507 5785 ι
1540 5744 1668 5799 ibid.
1690 5747 1794 5819 ll.
1871 5749 1892 5780 ³
1923 5745 2025 5804 lsa.
2057 5765 2209 5819 κως,
2243 5751 2301 5806 2.

2075 4635 2222 4682 esset
2242 4627 2465 4697 spiritus
2481 4629 2571 4698 qui
2602 4628 2654 4681 in
2683 4628 2814 4696 ipsis
2847 4636 2931 4682 est
2954 4640 3210 4696 nequam,
3238 4625 3337 4695 qui
3363 4639 3468 4678 eos
3493 4625 3660 4691 inspi-

2075 4729 2162 4774 rat
2189 4721 2254 4774 ad
2281 4719 2444 4774 verba
2472 4720 2841 4790 blasphemiae,
2874 4730 2929 4775 et
2972 4719 3300 4788 iniquitatis,
3331 4727 3388 4772 et
3419 4717 3656 4785 turpitu-

2072 4810 2234 4865 dinis.
2262 4810 2423 4867 Verbi
2451 4828 2639 4878 causa,
2671 4814 2716 4867 si
2763 4815 2953 4868 videas
2997 4813 3226 4884 gentiles
3270 4812 3580 4864 adversum
3607 4824 3662 4861 se

2073 4901 2128 4956 in
2181 4901 2641 4972 disputationibus
2694 4904 3040 4967 dimicantes,
3080 4913 3134 4957 et
3167 4905 3418 4958 diversas
3459 4912 3658 4957 contra

2069 5006 2130 5047 se
2186 4993 2418 5048 invicem
2471 4994 2779 5064 impietates
2828 4995 3130 5050 dialecticae
3189 4995 3327 5047 artis
3387 4993 3659 5046 versutiis

2070 5094 2399 5148 astruentes,
2423 5095 2580 5156 potes
2614 5097 2742 5140 tunc
2773 5087 2958 5143 dicere
2975 5097 3368 5157 competenter,
3392 5087 3531 5155 quia
3553 5085 3661 5156 gia-

2069 5179 2220 5234 dinm
2251 5179 2676 5249 evaginaverunt
2699 5189 3033 5250 peccatores.
3064 5179 3168 5234 Sed
3186 5191 3239 5233 et
3261 5195 3362 5249 ego
3379 5179 3480 5248 qui
3514 5180 3668 5232 dicor

2073 5270 2266 5335 ﬁdelis,
2296 5271 2342 5325 si
2382 5271 2524 5325 forte
2547 5280 2824 5324 certamen
2855 5271 2987 5324 mihi
3021 5273 3091 5324 sit
3122 5285 3246 5326 cmn
3276 5269 3487 5337 aliquo.
3521 5277 3584 5321 et
3604 5269 3665 5319 ad

2071 5361 2410 5416 iracundiam
2445 5371 2790 5431 provocatus,
2826 5361 3038 5431 altjecta
3073 5363 3500 5415 mansuetudine
3539 5376 3666 5430 pm-

2075 5450 2243 5505 l‘eram
2274 5453 2440 5507 verba
2471 5451 2697 5516 furiosa,
2741 5461 2797 5507 et
2845 5454 3096 5508 spiritum
3131 5453 3454 5516 mendaciis,
3487 5462 3552 5506 et
3585 5463 3667 5504 tu-

2075 5543 2238 5598 midis
2287 5548 2676 5617 veneuatisque
2729 5547 3072 5603 sermonibus
3120 5556 3399 5616 retegam,
3458 5547 3670 5600 merito

2380 5753 2400 5786 ³
2422 5751 2568 5808 Psal.
2600 5766 2791 5819 xxxvi,
2818 5750 2906 5808 Η.
2984 5750 3008 5783 ⁸
3035 5749 3179 5806 Psal.
3205 5765 3260 5819 χ,
3295 5749 3351 5806 9.
3427 5751 3450 5784 ⁸
3498 5748 3671 5804 Prov.
