3944 6386
178 349 284 404 133

862 342 1174 401 SELECTA
1206 342 1273 399 IN
1300 341 1641 399 PSALMOS.
1682 374 1741 383 -

1844 342 2025 437 OMiL.
2062 345 2131 399 111
2168 344 2236 399 ΙΝ
2277 344 2473 402 PSAL.
2512 342 2750 402 XXXVI.

3294 347 3434 403 1358

172 462 341 515 etiam
372 474 475 529 ego
500 469 756 527 tanquam
782 470 1036 531 peccator
1061 463 1378 532 evaginasse
1399 462 1634 535 gladium
1670 464 1752 518 di—
1782 467 1828 524 Α
1857 478 1952 519 nes
1977 465 2223 535 pessima?
2252 484 2264 521 :
2305 483 2368 521 os
2398 483 2528 521 vero
2553 483 2616 521 ac
2647 466 2786 520 labia
2810 480 3002 521 eorum
3030 479 3190 520 arcus
3213 466 3430 534 quidam

171 566 293 606 cor.
338 550 544 606 Bonum
594 551 757 622 igitur
810 554 1042 621 primum
1088 562 1174 608 est
1203 567 1270 607 ne
1300 553 1504 609 habere
1536 556 1755 624 quidem

170 641 417 710 gladium
467 642 709 711 peccati;
761 646 1053 698 secundum
1102 659 1233 699 vero
1270 653 1354 698 est
1405 645 1593 699 saltem
1641 662 1751 701 non

168 749 299 786 eum
325 735 635 803 evaginare,
659 736 752 789 sed
774 737 1065 791 recondere
1085 738 1137 791 in
1162 740 1352 807 vagina
1380 756 1499 794 sua.
1525 738 1581 793 Si
1608 739 1752 793 enim

171 836 284 875 non
323 822 632 889 proferatur
660 824 868 894 gladius
885 826 951 880 de
968 827 1179 895 vagina,
1206 842 1380 897 neque
1412 838 1752 892 exerceatur,

171 912 327 965 acies
353 910 471 979 ejus
512 912 829 968 obtunditur
869 926 922 969 et
945 916 1185 986 aerugine
1217 920 1575 984 consumitur,
1606 929 1660 973 et
1707 921 1751 974 si

170 1016 397 1071 semper
427 1016 604 1060 cesset
648 1008 714 1060 ab
755 1020 915 1075 opere
942 1009 1412 1063 exterminabitur.
1440 1009 1554 1063 lloc
1608 1010 1751 1063 enim

171 1093 443 1150 Dominus
460 1098 624 1150 etiam
653 1097 957 1168 pollicetur,
979 1110 1035 1155 ut
1057 1105 1379 1157 exterminet
1400 1101 1749 1170 rompbzeam,

171 1186 231 1241 id
256 1197 342 1242 est
368 1199 678 1257 peccatum,
719 1192 790 1245 ita
825 1204 881 1245 ut
908 1193 1049 1248 ultra
1078 1194 1192 1265 jam
1226 1210 1334 1249 non
1373 1194 1440 1249 sit
1476 1202 1748 1262 peccator.

173 1279 289 1333 Sed
318 1281 364 1334 si
409 1281 624 1349 quidem
659 1282 808 1336 verbi
857 1285 949 1337 Dei
996 1287 1351 1353 prtevenimus
1382 1286 1482 1340 hoc
1509 1300 1666 1353 opus,
1699 1293 1752 1337 et

172 1370 231 1425 in
273 1372 375 1425 hac
410 1372 517 1425 vita
553 1373 711 1442 positi
745 1374 1009 1431 faciamus
1039 1377 1091 1432 iu
1124 1377 1280 1433 nobis
1312 1378 1534 1433 interire
1555 1394 1748 1445 pecca-

174 1472 319 1526 tum,
352 1472 411 1516 ut
439 1479 712 1534 nunquam
741 1467 968 1521 omnino
995 1484 1025 1523 a
1060 1469 1237 1536 nobis,
1281 1485 1454 1540 neque
1478 1486 1573 1541 per
1607 1472 1751 1540 cogi-

174 1557 466 1623 tationem,
490 1572 667 1625 neque
684 1573 778 1624 per
798 1575 954 1628 opus,
982 1576 1155 1630 neque
1178 1577 1272 1630 per
1298 1564 1521 1617 verbum
1545 1563 1746 1631 peccati

166 1647 383 1717 gladius
433 1650 761 1717 proferatur,
823 1668 927 1705 non
977 1653 1341 1723 indigebimus
1392 1670 1565 1723 pana:
1610 1656 1748 1724 ignis

165 1739 382 1804 :cterni,
418 1756 521 1795 non
554 1742 791 1796 tenebris
835 1742 1201 1799 exterioribus
1235 1746 1744 1810 condemnabimur,

1862 567 1967 620 est,
2019 571 2126 625 quo
2172 556 2394 610 dilatato
2447 568 2609 628 atque
2664 560 2899 613 distento
2948 562 3195 615 venenati
3251 562 3431 617 eordis

1862 646 2065 716 spicula
2094 645 2391 714 jactantur.
2418 646 2570 713 Quod
2604 658 2780 702 autem
2811 649 2888 702 ait
2927 650 2980 703 in
3005 652 3246 716 obscuro,
3280 668 3430 706 com-

1861 749 2109 808 petenter
2146 738 2349 793 dictum
2377 749 2478 792 est.
2520 738 2638 795 Non
2679 742 2823 795 enim
2853 744 2943 796 isti
2982 743 3115 798 tales
3151 744 3203 797 in
3236 744 3345 807 die,
3376 743 3427 797 id

1860 843 1943 887 est
1974 831 2026 885 iu
2054 832 2171 885 luce
2200 830 2295 885 Dei
2326 832 2600 897 incedunt,
2634 835 2727 887 sed
2763 836 2816 888 in
2848 835 3090 891 tenebris
3120 837 3426 899 ambulant,

1860 932 1911 976 et
1945 922 1995 976 in
2025 922 2354 976 obscuritate
2398 923 2614 977 malitia:
2671 935 2832 994 atque
2877 927 3193 995 ignorantia:
3242 927 3430 982 delite-

1860 1026 2036 1071 scunt.
2064 1013 2214 1081 Quod
2257 1025 2436 1069 autem
2490 1017 2750 1085 sagittant
2801 1028 2976 1072 rectos
3017 1008 3214 1085 corde,
3250 1019 3299 1072 id
3344 1028 3428 1073 est

1859 1106 2130 1175 simplices
2155 1117 2207 1160 et
2230 1108 2538 1175 ignorantes
2556 1107 2793 1161 malitias
2820 1122 2969 1164 suas.
2995 1106 3101 1163 Sed
3127 1121 3254 1177 puto
3280 1109 3428 1178 quod

1861 1199 1946 1253 hic
2009 1206 2187 1253 sermo
2227 1213 2331 1251 non
2389 1208 2496 1252 tam
2553 1198 2617 1252 de
2668 1198 2977 1253 hominibus
3024 1201 3425 1269 peccatoribus,

1858 1306 2017 1360 quam
2047 1292 2113 1345 de
2147 1290 2433 1345 contrariis
2473 1291 2827 1360 potestatibus
2871 1292 3113 1347 dicatur.
3164 1292 3271 1347 Illae
3298 1302 3426 1347 sunt

1855 1379 2022 1441 enim,
2065 1394 2184 1447 quae
2214 1379 2265 1432 itt
2292 1379 2521 1434 obscuro
2559 1376 2820 1450 sagittant
2847 1390 3023 1436 rectos
3066 1383 3250 1436 corde.
3293 1380 3425 1437 Pro-

1855 1479 2039 1539 pterea
2078 1486 2208 1540 ergo
2236 1471 2322 1523 die
2352 1480 2620 1541 noctuque
2655 1472 2880 1542 vigilent
2905 1474 2955 1529 hi
2989 1474 3082 1543 qui
3120 1485 3268 1529 recto
3297 1485 3427 1531 sunt

1856 1562 2041 1627 corde,
2080 1563 2206 1639 quia
2251 1562 2327 1616 illi
2366 1564 2585 1633 quidem
2631 1575 2963 1633 paraverunt
3008 1567 3255 1635 sagittas.
3306 1564 3425 1623 Non

1855 1656 2011 1720 dixit,
2024 1654 2245 1723 jaculati
2269 1666 2412 1718 sunt,
2429 1656 2519 1710 sed
2533 1667 2851 1726 paraverunt
2868 1659 3121 1726 sagittas;
3141 1675 3244 1713 non
3268 1660 3427 1728 sagit-

1856 1753 2040 1800 tarunt
2065 1762 2240 1817 neque
2270 1747 2713 1812 vulneraverunt,
2747 1751 2840 1805 sed
2872 1759 3062 1818 parant
3093 1766 3153 1804 se
3180 1759 3237 1804 ttt
3266 1751 3426 1820 sagit-

165 1845 352 1899 neque
398 1830 503 1887 illis
537 1832 819 1902 suppliciis
876 1850 998 1904 qum
1049 1837 1425 1904 peccatoribus
1462 1839 1741 1892 imminent
1778 1830 1818 1887 Β
1849 1846 1981 1892 tent.
2016 1836 2173 1892 Vides
2206 1853 2304 1892 nos
2345 1849 2635 1908 antequam
2681 1839 3027 1894 vnlneremnr
3066 1841 3421 1905 commoneri,

165 1924 600 1994 sulijacebimus.
660 1925 717 1981 Si
758 1941 888 1980 vero
934 1929 985 1981 in
1038 1930 1141 1984 hac
1190 1930 1299 1983 vita
1347 1934 1769 1986 contemnimus

163 2018 571 2073 commonentis
600 2034 697 2073 nos
729 2019 923 2073 divina:
952 2020 1247 2089 Scriptura:
1273 2025 1457 2086 verba,
1490 2034 1543 2078 et
1563 2006 1759 2077 curari

163 2108 254 2160 vel
285 2110 564 2163 emendari
600 2110 718 2180 ejus
747 2113 1184 2181 correptionibus
1231 2113 1502 2179 nolumus,
1534 2127 1743 2183 certum

161 2200 413 2268 estquia
458 2212 642 2256 manet
675 2218 771 2258 nos
826 2203 967 2273 ignis
1014 2205 1103 2259 ille
1152 2206 1242 2276 qui
1295 2219 1630 2275 prmparatus
1659 2219 1746 2264 est

162 2292 571 2360 peccatoribus,
596 2304 649 2347 et
677 2295 958 2350 veniemus
993 2297 1060 2350 ad
1091 2297 1241 2351 illum
1272 2298 1438 2370 664
1466 2300 1641 2369 ignem
1686 2303 1741 2355 in

162 2398 277 2451 quo
312 2384 725 2455 uniuscujusque
779 2402 907 2454 Opus
954 2386 1111 2456 quale
1144 2389 1212 2442 sit
1258 2391 1394 2459 ignis
1432 2391 1671 2457 probabit
1697 2392 1772 2505 εἰ

165 2475 229 2505 1ιί
282 2483 337 2505 nl
372 2489 470 2505 nun
504 2475 741 2505 ιιι-Μενη-
808 2489 994 2505 Λιιιηιια
1033 2492 1131 2505 ..ηδ
1180 2478 1367 2505 ...ηιξκιε
1406 2496 1629 2505 ...μην-ι...
1662 2489 1741 2505 Ax.

163 2475 258 2541 Et,
282 2483 341 2528 ut
370 2489 470 2543 ego
502 2475 759 2539 arbitror,
806 2489 998 2531 omnes
1033 2492 1133 2531 nos
1180 2478 1367 2533 venire
1406 2496 1632 2535 necesse
1658 2475 1772 2545 est}

160 2564 234 2618 ad
262 2564 413 2618 illum
462 2564 664 2635 ignem.
706 2565 933 2620 Etiamsi
975 2564 1176 2621 Paulus
1203 2566 1274 2622 sit
1307 2568 1502 2636 aliquis
1537 2569 1616 2623 vel
1649 2569 1771 2635 Pe-V

163 2663 303 2719 trus.
336 2659 486 2710 venit
519 2664 696 2710 tamen
725 2656 792 2709 ad
825 2656 977 2710 illum
1011 2656 1209 2725 ignem.
1243 2656 1347 2712 Sed
1379 2659 1452 2713 illi
1484 2661 1616 2714 tales
1640 2654 1769 2729 δυσί

158 2743 361 2799 diunt:
392 2742 621 2799 Etiamsi
639 2762 730 2814 per
751 2746 919 2816 ignem
949 2755 1212 2810 transeas,
1243 2749 1457 2815 ﬂamma
1504 2766 1605 2804 non
1652 2751 1744 2804 ad-

158 2844 281 2890 uret
308 2845 358 2891 te
380 2838 424 2890 ’.
459 2835 516 2892 Si
548 2852 676 2892 vero
693 2837 887 2907 aliquis
907 2838 1100 2893 similis
1125 2838 1228 2894 mei
1246 2850 1501 2907 peccator
1529 2842 1618 2905 sit,
1646 2857 1740 2896 ve-

158 2928 282 2981 niet
304 2929 523 2997 quidem
557 2932 624 2983 ad
651 2930 827 3000 ignem
864 2928 1012 2983 illum
1040 2929 1183 2985 sicut
1214 2930 1405 2986 Petrus
1435 2940 1491 2985 et
1521 2932 1736 2996 Paulus,

157 3020 260 3075 sed
312 3035 419 3074 non
466 3021 547 3075 sic
598 3022 821 3075 transiet
879 3021 1021 3075 sicut
1076 3021 1267 3075 Petrus
1313 3029 1366 3076 et
1409 3022 1627 3078 Paulus.
1675 3024 1740 3079 Et

157 3111 621 3178 quemadmodum
646 3112 710 3165 ad
727 3110 970 3165 Rubrum
990 3127 1139 3166 mare
1153 3122 1419 3167 venerunt
1442 3113 1649 3169 llebraai
1669 3115 1737 3180 ¹⁶,

158 3214 432 3256 venerunt
471 3211 526 3256 et
575 3201 841 3273 Egyptii,
867 3203 960 3257 sed
1007 3202 1216 3260 Hebraei
1248 3206 1464 3275 quidem
1509 3209 1740 3262 transie-

157 3303 292 3346 runt
322 3308 471 3347 mare
496 3291 764 3354 Rubrum.
795 3292 1035 3363 Egyptii
1065 3304 1242 3349 autem
1272 3295 1507 3349 demersi
1536 3305 1659 3348 sunt
1685 3297 1736 3348 in

156 3384 285 3454 ipso
314 3406 326 3439 :
370 3386 474 3440 hoc
506 3384 664 3440 modo
704 3386 869 3440 etiam
901 3401 1001 3440 nos
1037 3386 1082 3440 si
1114 3386 1334 3455 quidem
1367 3384 1609 3457 Egyptii
1643 3402 1737 3441 su-

158 3492 305 3540 mas,
339 3485 395 3531 et
431 3477 709 3547 sequimur
732 3476 1076 3531 Pharaonem
1124 3477 1419 3543 diabolum,
1455 3480 1738 3549 prazceptis

154 3569 278 3636 ejus
305 3567 641 3632 obedientes,
673 3568 1049 3636 demergemur
1090 3568 1142 3623 in
1189 3568 1337 3623 illum
1372 3567 1592 3623 ﬂuvium
1623 3570 1738 3627 sive

154 3660 337 3713 lacum
365 3658 603 3729 igneum,
622 3674 746 3714 cum
766 3661 983 3715 inventa
1006 3659 1207 3716 fuerint
1226 3660 1279 3715 in
1310 3661 1468 3716 nobis
1489 3672 1734 3731 peccata,

154 3765 282 3820 quae
301 3750 420 3806 sine
442 3750 603 3805 dubio
624 3765 687 3806 ex
717 3753 1000 3823 praeceptis
1031 3751 1292 3822 elegimus
1318 3751 1641 3809 Pharaonis.
1677 3753 1735 3807 Si

154 3852 339 3897 autem
367 3858 557 3897 sumus
594 3842 829 3910 llebrtei,
859 3853 913 3899 et
941 3844 1203 3913 sanguine
1241 3845 1363 3915 agni
1396 3845 1734 3900 immaculati

153 3946 346 3985 etnmts
388 3931 668 4000 redempti,
728 3932 770 3987 si
822 3949 927 3988 non
969 3943 1248 4002 portamus
1286 3934 1569 3991 nobiscum
1618 3937 1733 3989 fer-

154 4030 402 4076 mentmn
455 4024 727 4093 nequitiae,
786 4025 1123 4095 ingredimur
1166 4027 1386 4097 quidem
1416 4037 1472 4083 et
1502 4044 1602 4084 nos
1637 4028 1735 4082 ﬂu-

153 4116 305 4169 vium
339 4116 496 4184 ignis.
551 4116 658 4172 Sed
710 4116 852 4172 sicut
897 4116 1139 4173 Hebraeis
1181 4129 1301 4175 erat
1349 4135 1487 4189 aqua
1543 4138 1733 4176 murus

151 4209 342 4263 dextra
380 4209 641 4278 laevaque,
678 4210 752 4263 ita
793 4209 960 4263 etiam
993 4210 1138 4280 ignis
1175 4212 1279 4265 erit
1310 4228 1516 4276 murus,
1552 4214 1596 4269 si
1631 4229 1732 4270 nos

153 4300 419 4354 faciamus
448 4300 590 4369 quod
622 4300 687 4355 de
716 4301 825 4357 illis
858 4303 1062 4357 dictum
1090 4313 1196 4367 est,
1231 4306 1356 4373 quia
1384 4306 1734 4363 crediderunt

157 4393 272 4447 Deo
293 4402 348 4447 et
382 4392 549 4465 Moysi
582 4392 784 4448 famulo
818 4393 953 4462 ejus,
1001 4395 1053 4449 id
1088 4406 1169 4451 est
1203 4397 1308 4467 legi
1348 4397 1466 4466 ejus
1491 4407 1548 4453 et
1577 4415 1730 4453 man-

1852 1937 1907 1983 ut
1936 1946 2034 1984 nos
2065 1931 2131 1982 ab
2173 1930 2387 1984 illorum
2428 1931 2741 1986 vulneribus
2789 1931 3158 1998 defendamus,
3191 1941 3246 1987 et
3274 1932 3421 1987 omni

1848 2016 2091 2072 custodia
2123 2032 2401 2072 servemus
2424 2034 2517 2072 cor
2558 2028 2824 2074 nostrum.

1917 2110 1969 2163 5.
1995 2108 2140 2163 ⁴γοιο
2161 2108 2324 2163 etiam
2365 2110 2598 2179 amplius
2618 2110 2818 2181 aliquid
2852 2110 2902 2163 in
2938 2111 3021 2165 his
3058 2111 3188 2166 locis
3212 2111 3423 2182 positus

1846 2202 2079 2270 aperire,
2121 2217 2189 2255 ne
2236 2217 2450 2273 semper
2492 2203 2557 2256 de
2585 2201 2938 2258 inferiorilms
2976 2203 3166 2273 loquar
3205 2205 3271 2257 ad
3303 2218 3420 2269 vos,

1844 2289 2263 2359 sedaliquando
2313 2292 2560 2362 quaedam
2594 2291 2756 2345 etiam
2801 2293 3078 2361 superiora
3120 2291 3420 2361 pulscmus.

1844 2382 2142 2437 Considero
2171 2398 2322 2453 ergo,
2357 2384 2482 2451 quia
2513 2384 2651 2438 sicut
2692 2383 2940 2439 Salvator
2966 2384 3164 2452 sagitta
3193 2393 3274 2437 est
3298 2384 3414 2451 Dei,

1845 2475 1987 2528 sicut
2036 2475 2301 2542 scriptum
2357 2486 2439 2531 est
2480 2476 2521 2507 “
2564 2491 2580 2528 :
2636 2472 2824 2529 Posuit
2867 2492 2945 2529 me
2996 2477 3128 2529 sicut
3168 2478 3420 2545 sagittam

1843 2566 2099 2630 electam;
2134 2567 2251 2620 sine
2303 2566 2464 2620 dubio
2512 2578 2693 2621 autem
2744 2568 2907 2621 simili
2959 2566 3206 2634 exemplo
3251 2568 3418 2620 etiam

1844 2656 2056 2729 Moyses
2083 2658 2136 2711 in
2164 2673 2270 2726 quo
2298 2658 2507 2713 locutus
2538 2669 2624 2713 est
2659 2659 2822 2722 Deus,
2857 2660 3055 2729 sagitta
3086 2660 3177 2714 Dei
3203 2670 3287 2713 est
3314 2673 3331 2713 :
3361 2668 3418 2714 et

1844 2750 2023 2805 caeteri
2049 2751 2325 2820 propheta:
2350 2759 2405 2805 et
2437 2750 2663 2821 apostoli
2694 2750 2920 2818 Christi,
2952 2751 3005 2803 in
3038 2751 3235 2818 quibus
3264 2749 3421 2804 Chri-

1843 2851 1958 2896 stus
1989 2842 2101 2909 ipse
2144 2840 2489 2911 loquebatur,
2525 2850 2734 2895 eertum
2766 2852 2849 2894 est
2887 2841 3012 2909 quia
3045 2855 3141 2909 per
3161 2841 3415 2910 sagittam

1843 2930 1937 2984 Dei
1969 2930 2329 2984 vulnerabant
2374 2945 2469 2985 eos
2515 2940 2570 2985 et
2611 2931 3047 2999 compungebant
3082 2945 3176 2984 eor
3204 2944 3417 2993 eorum,

1840 3024 2038 3096 quibus
2059 3037 2362 3078 sermonem
2396 3021 2489 3075 Dei
2529 3021 2913 3089 loquebantur,
2947 3021 3017 3074 ita
3046 3029 3104 3073 ut
3127 3022 3178 3074 hi
3220 3020 3310 3089 qui
3351 3020 3418 3073 ab

1846 3113 1977 3181 ipsis
2025 3112 2320 3166 audiebant
2365 3122 2671 3165 sermonem
2726 3109 2841 3174 Dei,
2886 3109 3130 3164 dicerent
3174 3109 3237 3175 ³³,
3288 3109 3413 3178 quia

1836 3202 2113 3257 Vulnerata
2151 3204 2404 3257 charitale
2447 3219 2538 3272 ego
2569 3219 2719 3267 sum;
2763 3202 2841 3255 sie
2878 3217 3066 3255 rursus
3104 3204 3416 3255 eeoutrario

1843 3296 2117 3363 quomodo
2146 3295 2395 3350 Christus
2427 3307 2505 3349 est
2539 3296 2709 3349 electa
2742 3296 2940 3365 sagitta
2977 3295 3094 3360 Dei,
3119 3294 3198 3348 sic
3225 3304 3278 3347 et
3300 3292 3413 3347 An-

1842 3390 2125 3443 tichristus
2145 3389 2342 3459 sagitta
2384 3389 2605 3442 diaboli.
2648 3388 2711 3441 Et
2740 3388 2879 3441 sicut
2902 3401 3095 3441 omnes
3130 3388 3182 3440 in
3216 3388 3414 3455 quibus

1840 3480 2089 3536 Christus
2135 3481 2344 3537 loeutus
2378 3491 2485 3544 est,
2515 3480 2597 3535 vel
2638 3481 2896 3551 loquitur,
2944 3481 3238 3535 secundum
3276 3481 3416 3534 hanc

1839 3577 2253 3632 similitudinem
2283 3576 2559 3645 preplietae
2585 3584 2642 3630 et
2666 3576 2893 3643 apostoli
2923 3575 3084 3629 etiam
3120 3574 3220 3644 ipsi
3248 3573 3418 3641 sagit-

1842 3680 1907 3725 ιω
1946 3677 2102 3724 erant
2149 3668 2267 3733 Dei,
2327 3678 2384 3722 et
2430 3667 2735 3735 quicunque
2766 3664 2946 3731 justus
2991 3671 3047 3717 et
3093 3663 3415 3732 praadicator

1838 3762 2077 3831 loquitur
2105 3760 2325 3814 verbum
2375 3758 2467 3811 Dei
2495 3757 2562 3811 ad
2589 3757 2818 3811 salutem
2859 3754 3136 3809 hominum
3160 3769 3410 3807 consum-

1837 3851 2113 3913 mandam,
2144 3848 2339 3919 sagitta
2384 3848 2474 3900 Dei
2502 3847 2608 3900 dici
2641 3853 2848 3915 potest:
2884 3845 2956 3898 ita
2986 3854 3039 3898 et
3070 3857 3257 3897 omnes
3282 3858 3410 3913 pec-

1835 3952 2047 3997 eatores
2078 3941 2129 3994 in
2168 3940 2362 4008 quibus
2392 3936 2638 3992 diabolus
2669 3935 2929 4004 loquitur,
2966 3933 3174 4002 sagitta
3205 3930 3413 3986 diaboli

1834 4032 1937 4087 dici
1988 4039 2230 4101 possunt.
2257 4029 2312 4084 Si
2341 4028 2555 4099 quando
2584 4043 2714 4098 ergo
2748 4036 2799 4081 te
2831 4025 3028 4079 videris
3065 4039 3159 4094 per
3193 4040 3256 4080 es
3280 4038 3412 4093 pec-

1832 4123 2037 4177 catoris
2069 4121 2282 4190 sagittis
2309 4121 2510 4176 diaboli
2553 4119 2849 4183 vulnerari,
2894 4118 3034 4172 illius
3062 4117 3280 4186 quidem
3309 4115 3421 4169 miu

1833 4229 2015 4271 serere
2043 4215 2135 4283 qui
2188 4229 2248 4270 se
2278 4215 2342 4267 ad
2382 4215 2486 4268 hoc
2537 4229 2675 4281 opus
2704 4212 2926 4265 exhibet
2972 4210 3190 4264 diabolo
3245 4208 3409 4261 mini-

1831 4320 2005 4363 strum
2047 4325 2059 4361 :
2098 4316 2151 4361 tu
2186 4317 2365 4361 autem
2401 4322 2608 4360 memor
2632 4316 2747 4359 esto
2780 4305 2876 4367 tui,
2907 4312 2957 4356 et
2990 4303 3167 4371 arripe
3197 4309 3413 4355 scutum

1832 4401 1980 4467 ﬁdei,
2018 4411 2076 4454 ut
2132 4399 2310 4470 possis
2354 4399 2407 4452 in
2453 4399 2569 4468 ipso
2609 4396 2794 4451 omnia
2842 4393 2943 4447 tela
2983 4392 3153 4461 ignita
3189 4389 3414 4458 maligni

148 4483 318 4548 datis,
362 4494 415 4539 et
465 4486 545 4540 sie
576 4500 869 4555 sequamur
897 4485 1202 4543 columnam
1254 4488 1395 4557 ignis
1430 4499 1484 4543 et
1523 4488 1731 4544 colum-
1761 4514 1806 4569 ι)
1836 4494 2199 4562 exstinguere.
2232 4491 2347 4544 Non
2382 4489 2553 4545 solum
2583 4497 2763 4539 autem
2792 4484 2843 4536 in
2882 4482 3087 4547 verbis,
3116 4481 3209 4536 sed
3243 4481 3296 4535 in
3325 4479 3411 4533 fa-

151 4590 281 4628 nam
328 4576 503 4633 nubis.
569 4576 691 4631 lla-c
748 4577 1057 4632 monuimus
1114 4586 1417 4648 repetentes
1471 4583 1729 4648 explana-

150 4670 382 4734 tionem,
430 4670 703 4739 quomodo
747 4670 985 4741 gladium
1040 4671 1469 4737 evaginaverunt
1530 4688 1722 4742 pecca-

152 4770 327 4817 tores.

220 4852 277 4907 2.
318 4854 423 4907 Sed
454 4871 521 4908 ne
566 4852 698 4908 illud
734 4854 950 4924 quidem
986 4854 1157 4908 otiose
1186 4852 1572 4907 transeundum
1620 4864 1726 4921 est,

84 4936 87 4943 ’
147 4945 296 5014 quod
329 4947 492 4999 etiam
531 4948 823 5000 tetendisse
855 4947 1107 5000 dicuntur
1137 4959 1320 4998 arcum
1355 4959 1550 4999 suum:
1580 4949 1725 5013 quod

147 5054 260 5093 non
298 5037 409 5106 jam
450 5039 788 5108 appositione
825 5038 1085 5093 contrarii
1132 5039 1273 5094 sicut
1304 5039 1356 5091 in
1387 5039 1601 5092 czeteris
1642 5038 1725 5092 fe-

146 5132 352 5192 cimus,
410 5132 505 5185 sed
560 5148 627 5185 ex
686 5130 955 5186 similibus
1000 5131 1354 5186 absolvimus.
1414 5130 1471 5185 lu
1520 5132 1729 5186 decimo

146 5222 360 5297 psalmo
398 5224 659 5293 scriptum
696 5235 779 5280 est
824 5226 1015 5296 “quia
1046 5226 1356 5280 Peccatores
1393 5224 1727 5279 intenderunt

146 5330 353 5378 arcum,
397 5327 714 5384 paraverunt
748 5318 968 5387 sagittas
1000 5318 1053 5371 in
1075 5317 1349 5385 pharetra,
1382 5329 1436 5372 ut
1477 5319 1729 5388 sagittent

147 5407 206 5462 in
229 5409 450 5461 obscura
477 5419 641 5462 rectos
664 5410 836 5463 corde.
876 5408 1029 5464 Unde
1055 5418 1298 5478 apparet,
1332 5409 1475 5478 quod
1507 5424 1601 5463 cor
1619 5409 1722 5461 im-

147 5500 226 5570 pii
276 5502 543 5571 repletum
571 5513 654 5556 est
683 5502 829 5557 velut
872 5504 1127 5571 pharetra
1174 5504 1391 5573 sagittis
1416 5503 1721 5558 venenatis.

153 5596 297 5650 Sunt
324 5608 456 5664 ergo
495 5594 707 5663 sagittae
738 5594 1052 5665 impiorum,
1090 5595 1319 5651 consilia
1350 5602 1407 5649 et
1439 5594 1725 5664 cegitatio~

222 5776 248 5807 ⁸
271 5771 290 5828 l
317 5771 441 5828 Cor.
477 5788 559 5836 ut,
598 5772 682 5827 i5.
759 5774 779 5805 ’
806 5771 1081 5839 lsa.xutt,
1104 5772 1158 5824 Ξ.
1237 5772 1279 5804 ¹⁶
1311 5770 1479 5828 Exod.
1506 5787 1616 5827 xw.

1696 5771 1737 5803 ¹³
1758 5770 1898 5827 Psal.
1937 5785 1994 5837 ι,
2023 5770 2077 5825 ὅ.

1834 4587 1938 4640 etis
1973 4585 2281 4655 diriguntur
2308 4584 2359 4637 in
2392 4598 2492 4635 nos
2522 4580 2626 4633 tela
2669 4575 2890 4632 diaboli.
2928 4574 2985 4628 Si
3013 4574 3159 4628 enim
3198 4573 3411 4626 videres

1833 4676 2115 4731 mulierem
2158 4677 2495 4729 insidiantem
2536 4672 2649 4735 tibi,
2689 4679 2744 4723 ut
2773 4678 2825 4723 te
2855 4667 3111 4736 decipiat,
3146 4678 3327 4721 nonne
3356 4672 3413 4721 et

1830 4766 1947 4821 htec
1966 4766 2192 4831 ignitum
2221 4765 2381 4818 telum
2410 4760 2607 4815 diaboli
2639 4768 2743 4824 est,
2776 4775 2897 4813 eum
2926 4758 3019 4811 tibi
3047 4757 3118 4810 ita
3143 4755 3408 4825 loquitur,

1831 4867 1889 4910 ut
1936 4857 1988 4910 in
2031 4865 2085 4911 te
2135 4855 2309 4925 ignem
2356 4852 2598 4907 libidinis
2642 4850 2917 4906 concitet?
2973 4848 3240 4903 Similiter
3278 4858 3333 4902 et
3362 4848 3407 4901 si

1830 4949 1951 5018 quis
1979 4957 2031 5003 te
2063 4947 2245 5001 verbis
2278 4946 2479 4999 amaris
2498 4954 2554 4999 et
2580 4945 2789 5014 asperis
2822 4942 2886 4995 ad
2922 4942 3256 4996 iracundiam
3274 4956 3407 4995 coti-

1827 5037 1977 5101 citet,
2033 5052 2212 5092 nonne
2246 5046 2302 5091 et
2346 5036 2433 5090 hic
2481 5035 2719 5105 ignitum
2756 5033 2999 5104 jaculum
3048 5042 3133 5087 est
3164 5030 3413 5099 maligni,

1826 5144 1935 5199 quo
1970 5126 2330 5182 inﬂammatis
2362 5136 2417 5181 et
2448 5127 2753 5182 incenderis
2792 5128 2861 5179 ad
2904 5125 3184 5179 furorem?
3211 5124 3314 5176 Sed
3359 5133 3416 5179 et

1825 5221 1870 5274 si
1891 5221 2013 5290 quis
2040 5222 2092 5274 in
2119 5220 2265 5273 aliud
2285 5236 2501 5291 quoque
2541 5230 2593 5275 te
2616 5229 2880 5290 provocat
2906 5228 2960 5272 et
2988 5217 3231 5285 instigat,
3272 5216 3414 5282 quod

1828 5321 1884 5367 tu
1918 5314 2263 5381 impatienter
2287 5313 2471 5367 ferens
2500 5312 2552 5366 in
2577 5319 2863 5382 peceatum
2891 5307 3137 5370 decidas,
3169 5304 3419 5372 intelligo

1832 5402 2167 5473 diligentius,
2196 5413 2251 5457 et
2288 5402 2509 5458 adverte
2543 5403 2641 5458 hos
2670 5414 2859 5456 omnes
2883 5395 3063 5465 jacula
3097 5408 3218 5450 esse
3257 5393 3413 5447 mali-

1830 5497 1919 5567 gni
1946 5495 2132 5563 ignita,
2169 5494 2363 5566 quibus
2397 5506 2576 5551 rectos
2613 5493 2776 5550 corde
2823 5488 3139 5554 inﬂammet,
3164 5485 3415 5540 vulneret

1831 5589 1900 5643 ad
1923 5599 2229 5660 peccatum.
2262 5589 2367 5644 Sed
2394 5588 2538 5658 quod
2569 5595 2655 5643 est
2685 5582 2981 5648 infelicius,
3009 5593 3210 5650 paucas
3255 5578 3414 5633 video

2160 5770 2202 5801 "
2239 5767 2340 5822 lsa.
2364 5781 2513 5831 tux,
2540 5764 2597 5821 2.
2669 5762 2713 5794 "
2743 5760 2904 5817 Cant.
2940 5771 2996 5826 ν,
3021 5756 3103 5813 5.·
