3808 6502
602 398 603 401 η
641 364 780 423 1539

638 585 788 630 ment
831 590 928 630 cor
966 576 1260 645 auditoris,
1300 588 1355 634 et
1381 581 1705 638 abstrahant
1740 599 1862 638 eum
1906 602 1932 640 a
1966 599 2206 655 peccato,

635 676 692 721 et
712 676 1065 722 convertatur
1093 669 1159 723 ad
1190 670 1585 740 paenitentiam.
1622 675 1785 732 Pauci
1815 679 1886 732 ita
1919 679 2211 749 loquuntur

634 758 729 827 qui
758 759 1020 813 auditoris
1058 760 1529 831 corde‘percusso
1566 768 1787 823 eliciant
1829 786 1894 825 ex
1922 772 2080 828 oculo
2133 773 2209 826 la-

632 863 877 919 crymam
901 853 1258 920 paenitentiae,
1287 856 1377 923 qui
1419 860 1724 927 aperientes
1753 861 1945 917 futura:
1977 866 2088 934 spei
2128 865 2210 919 luo

634 954 759 993 men
798 949 852 995 et
898 943 1326 1011 magnitudinem
1358 945 1520 1003 futuri
1558 953 1758 1015 saeculi,
1806 968 1868 1007 ac
1917 956 2069 1026 regni
2116 958 2204 1011 Dei

633 1036 856 1101 gloriam
909 1050 1277 1106 protestantes
1329 1046 1558 1101 suadere
1614 1052 1823 1117 possint
1873 1051 2202 1117 hominibus,

633 1142 753 1195 qua:
807 1129 1061 1186 videntur
1106 1143 1473 1204 contemnere,
1536 1148 1587 1193 et
1647 1151 1900 1210 expetere
1947 1159 2065 1212 qua:
2097 1163 2204 1201 non

594 1216 903 1285 .videntur,
960 1236 1217 1291 spernere
1267 1241 1386 1297 qua:
1432 1231 1743 1298 temporalia
1804 1245 1949 1301 sunt,
1986 1245 2041 1289 ct
2088 1254 2207 1308 qua:

631 1316 834 1362 aeterna
875 1321 1002 1365 sunt
1050 1330 1314 1383 quiorere.
1358 1318 1619 1390 Perpauci
1650 1333 1772 1377 sunt
1807 1327 1956 1390 tales,
1987 1338 2041 1385 et
2081 1331 2200 1401 ipsi.

630 1398 676 1455 si
732 1401 824 1471 qni
867 1415 1016 1471 sunt,
1071 1409 1225 1476 pauci
1259 1424 1272 1461 :
1304 1425 1399 1480 per
1444 1413 1699 1466 invidiam
1747 1425 1800 1470 et
1850 1418 2074 1476 livorem
2133 1425 2201 1478 ita

628 1492 810 1560 agitur
836 1510 902 1548 ne
938 1491 1159 1554 omnino
1220 1502 1304 1555 vel
1365 1506 1518 1573 pauci
1575 1507 1702 1572 sint,
1737 1525 1803 1565 ne
1836 1512 1931 1567 vel
1949 1516 2204 1583 prodesse

630 1583 905 1654 aliquibus
962 1589 1194 1657 poSsint.
1249 1593 1473 1663 Sagitta:
1522 1610 1700 1654 autem
1771 1602 1966 1658 diaboli
2028 1609 2205 1662 omni-

634 1676 736 1731 bus
805 1679 862 1733 in
927 1680 1059 1737 locis
1128 1685 1427 1754 abundant,
1492 1693 1671 1747 omnis
1727 1702 1871 1750 terra
1923 1698 2053 1767 ipsis
2116 1718 2203 1757 re-

586 1768 768 1836 pleta
831 1781 931 1831 est.
977 1774 1164 1844 Populi
1215 1781 1364 1836 orbis
1421 1785 1677 1842 militaris
1718 1790 1916 1847 manus
1965 1796 2200 1851 maxima

627 1962 811 2024 modo,
856 1969 1020 2031 atque
1064 1963 1116 2017 in
1162 1964 1275 2021 illis
1308 1970 1627 2036 prmvalcret
1681 1976 1951 2044 inimicus,
2000 1989 2058 2034 ut
2086 1981 2204 2038 illos

619 2048 782 2120 665
821 2052 965 2107 solos
1002 2055 1227 2110 haberet
1265 2060 1512 2130 sagittas.
1572 2063 1731 2122 Nunc
1780 2077 1960 2123 autem
2013 2086 2206 2126 vereor

618 2143 785 2197 etiam
841 2160 935 2201 eos
976 2149 1067 2217 qui
1121 2149 1270 2207 intus
1322 2165 1470 2220 sunt,
1518 2167 1571 2211 et
1616 2160 1880 2229 meipsum
1916 2179 2106 2220 vereor
2138 2181 2206 2220 ne

620 2232 764 2290 forte
791 2236 1039 2294 diabolus
1074 2241 1307 2298 adducat
1360 2261 1445 2300 me
1491 2247 1545 2302 in
1596 2251 1812 2320 aliquod
1864 2255 2200 2322 scandalum,

619 2333 677 2378 et
722 2334 907 2381 utatur
953 2343 1038 2384 me
1083 2332 1277 2401 sagitta
1341 2337 1604 2394 adversus
1652 2342 1888 2397 animum
1920 2344 2200 2403 hominis:

585 2414 746 2481 quia
772 2417 863 2485 qui
894 2419 1351 2479 scandalizaverit
1374 2426 1610 2497 aliquem
1645 2433 1760 2487 sive
1792 2433 1846 2487 in
1877 2437 2064 2504 verbo,
2091 2439 2205 2495 sive

614 2502 669 2556 iu
703 2504 869 2568 facto,
896 2508 1001 2563 iste
1029 2510 1104 2565 illi
1138 2515 1334 2571 animm
1369 2532 1529 2586 quam
1572 2525 1971 2582 scandalizavit
2006 2502 2201 2600 sagitta

611 2598 830 2653 exstitit
884 2610 941 2656 ct
987 2602 1233 2668 jaculum
1283 2608 1507 2665 diaboli.
1558 2613 1622 2669 Et
1672 2616 1792 2671 vide
1835 2621 1964 2689 quid
2009 2598 2204 2680 accidit

615 2690 773 2745 nobis
806 2691 1100 2753 infelicius.
1144 2698 1417 2755 Interdum
1452 2720 1552 2761 nos
1586 2718 1841 2775 putamus
1890 2713 2072 2771 dicere
2104 2720 2193 2770 ad.

614 2792 806 2838 versus
834 2783 1091 2853 aliquem,
1135 2797 1192 2844 et
1238 2791 1457 2849 incaute
1514 2797 1850 2865 proferimus
1895 2818 2199 2875 sermones,

614 2870 741 2924 dum
779 2876 1180 2935 contentiosius
1228 2882 1459 2952 agimus,
1519 2896 1571 2941 et
1622 2891 1967 2958 quibuslibet
2027 2870 2203 2955 verbis

610 2966 832 3021 vim-ere
862 2970 1173 3038 studemus,
1218 2984 1345 3031 tunc
1376 2976 1628 3035 diabolus
1671 2996 1769 3037 ore
1809 2996 1997 3041 nostro
2034 2994 2205 3045 utitur

615 3056 939 3126 velutarru,
992 3077 1091 3131 per
1141 3080 1303 3134 quem
1365 3070 1597 3140 sagittas
1636 3060 1837 3144 dirigat
1881 3086 1939 3133 et
1986 3081 2204 3150 sagiitet

613 3161 793 3205 rectos
843 3155 1030 3219 corde,
1092 3171 1186 3212 eos
1248 3159 1500 3216 videlicet
1557 3164 1650 3234 qui
1702 3181 1801 3222 nos
1854 3170 2081 3226 audiunt
2135 3189 2198 3227 ea

612 3241 919 3313 loquentes,
959 3249 1010 3303 in
1043 3251 1238 3319 quibus
1272 3241 1590 3311 Scaudalum
1623 3260 1932 3328 patiuntur.
1968 3264 2033 3318 Et
2059 3265 2200 3321 sicut

610 3332 752 3390 Deus
780 3338 959 3406 posuit
986 3356 1172 3397 arcum
1206 3343 1258 3398 in
1292 3346 1526 3403 nubibus
1565 3364 1633 3404 ne
1679 3351 1777 3406 flat
1807 3353 2069 3411 diluvium
2095 3397 2110 3422 ,
2143 3366 2199 3412 et

610 3431 675 3477 ut
726 3432 1019 3496 tempestas
1070 3433 1286 3489 desinat
1338 3437 1426 3493 “:
1467 3439 1536 3493 ita
1597 3444 1908 3499 econtrario
1951 3445 2197 3505 diabolus

605 3520 761 3586 ponit
788 3536 974 3577 arcum
1018 3540 1124 3579 nou
1160 3537 1219 3581 ut
1264 3543 1486 3589 cessare
1518 3532 1705 3600 faciat,
1750 3538 1844 3592 sed
1891 3545 1948 3592 ut
1972 3541 2198 3596 suscitet

605 3618 987 3682 tempestates,
1018 3626 1077 3670 ut
1112 3621 1461 3678 serenitatem
1494 3628 1781 3684 conturbet
1807 3630 1860 3684 in
1900 3631 2105 3696 anima,
2139 3641 2198 3687 ut

604 3714 795 3768 pacem
822 3704 1079 3778 depellat,
1111 3718 1169 3762 ut
1198 3710 1339 3766 bella
1371 3728 1739 3784 commoveat,
1769 3729 1823 3775 ct
1855 3729 1916 3776 ut
1950 3724 2194 3782 turbines

604 3784 816 3849 excitet“
866 3812 929 3852 ac
982 3803 1273 3874 procellas.
1322 3803 1458 3860 Cum
1514 3809 1659 3864 enim
1692 3811 1896 3870 videris
1953 3816 2192 3887 aliquem

604 3884 752 3942 V‘tiis
786 3898 839 3943 et
867 3892 1210 3959 passionibus
1247 3898 1512 3969 agitatum
1542 3901 1838 3961 circumire
1891 3916 1944 3963 et
1980 3884 2193 3980 pertur-

606 3974 739 4033 bare
762 3982 964 4048 omnia,
1006 3984 1129 4039 nolo
1170 3987 1382 4045 dubites
1423 3992 1568 4060 quod
1609 3992 1699 4049 ille
1746 3997 1942 4066 sagitta
1980 3974 2190 4058 diaboli

609 4077 715 4133 est,
771 4079 828 4125 et
879 4087 942 4128 os
994 4073 1111 4144 ejus
1160 4082 1342 4147 posuit
1385 4096 1574 4137 arcum
1618 4099 1798 4155 suum,
1860 4098 1915 4147 et
1968 4094 2197 4151 tetendit

609 4160 839 4229 sagittas
866 4164 1026 4221 verba
1071 4168 1187 4235 ejus
1222 4180 1285 4225 ut
1316 4173 1579 4243 sagittent
1621 4187 1801 4235 rectos
1850 4184 2035 4238 corde.
2087 4186 2193 4242 Sed

604 4253 700 4322 qui
753 4256 1126 4315 muniti'suut
1173 4264 1347 4319 armis
1403 4265 1515 4326 Dei.
1574 4270 1642 4324 ab
1699 4272 1783 4326 his
1830 4274 2029 4331 talibus
2086 4293 2192 4333 non

607 4355 905 4416 potuerunt
934 4352 1228 4417 vulnerari.

2228 3209 2270 3267 C

2052 377 2136 434 EX
2175 379 2478 437 ORlGENE

634 483 868 553 sagittas
898 482 1012 547 Dei,
1044 483 1199 552 pauci
1228 495 1355 540 sunt
1383 487 1473 556 qui
1509 488 1580 544 ita
1607 489 1904 561 loquuntur
1932 503 1990 550 ut
2015 496 2221 550 intlam-
2250 505 2291 556 A
2324 500 2505 556 vitalis
2527 500 2794 556 abscedit.
2833 500 2895 555 Et
2928 501 2974 557 si
3006 501 3168 558 audis
3206 501 3320 558 dici
3358 502 3407 556 in
3428 503 3586 565 Genesi
3608 516 3650 577 ιτ,

3666 384 3757 469 μιν

3672 540 3757 587 φμ

2309 588 2627 662 Sanguinem
2657 593 2958 646 animarum
2996 605 3294 648 vestrarum
3338 600 3567 664 exquirant
3596 608 3636 657 at
3662 630 3721 665 ι,ιῖ
3756 654 3757 659 η

2318 681 2484 749 fratre
2505 692 2551 736 et
2579 684 2642 735 ab
2670 683 2813 736 omni
2841 684 3028 751 bestia,
3052 699 3158 738 non
3190 693 3362 753 putes
3392 686 3499 752 quia
3527 690 3578 745 de
3593 693 3724 755 ιιαςη,
3756 710 3757 715 η

2271 808 2275 814 .
2316 772 2478 842 guine
2515 788 2844 844 magnopere
2882 776 3161 845 praecipiat
3214 778 3723 849 σοι’ροηιὶμιιηοιιη
3756 832 3757 835 η

2317 864 2594 919 interioris
2630 867 2869 921 hominis
2907 868 3204 938 sanguine,
3253 868 3311 921 id
3344 878 3422 921 est
3457 870 3514 925 de
3537 874 3726 937 vitam

2314 964 2369 1009 et
2389 955 2650 1024 sanguine
2673 958 2961 1027 Spirituali.
2992 957 3371 1013 Scandalizati
3391 960 3513 1014 enim
3537 966 3724 1023 animus
3756 996 3757 1003 η

2314 1049 2432 1118 guis
2448 1046 2645 1103 etl‘undi
2655 1056 2762 1117 tur,
2775 1065 2898 1105 cum
2916 1050 3178 1105 ceciderit
3195 1052 3245 1104 in
3273 1060 3727 1129 peccatummm.

2313 1154 2377 1195 ea
2429 1140 2587 1205 dixit,
2615 1141 2743 1211 quia
2785 1144 3085 1212 requiritur
3117 1142 3353 1214 sanguis
3380 1143 3484 1211 eius
3511 1160 3534 1196 s
3557 1145 3674 1203 fratre.
3700 1155 3726 1207 ί.

2312 1246 2482 1300 quare
2506 1234 2669 1287 etiam
2700 1248 2731 1287 a
2753 1232 2948 1289 bestia.
2985 1234 3041 1289 Si
3076 1235 3252 1289 fidelis
3277 1243 3370 1288 est
3393 1236 3473 1303 qui
3489 1246 3531 1290 te
3547 1244 3727 1299 suum.

2315 1324 2411 1387 vit,
2440 1325 2611 1380 frater
2640 1333 2744 1392 est,
2788 1339 2817 1377 a
2849 1341 2957 1395 quo
2988 1325 3363 1394 requirendus
3387 1334 3460 1378 est
3480 1332 3640 1396 sanguis
3662 1346 3727 1389 tu

2272 1440 2275 1443 -
2313 1416 2504 1471 Frater
2528 1416 2672 1470 enim
2715 1425 2841 1470 tuus
2861 1427 2967 1481 est,
2995 1418 3086 1485 qui
3121 1416 3273 1471 fudit
3292 1416 3574 1486 sanguinem
3597 1430 3723 1481 tam

2314 1505 2432 1559 ideo
2448 1506 2650 1560 dictum
2667 1513 2771 1571 est,
2789 1503 2863 1559 De
2874 1523 3033 1560 manu
3056 1507 3240 1575 fratris
3274 1508 3522 1577 requirant
3541 1518 3723 1581 mgna

2311 1595 2450 1651 Cum
2469 1612 2597 1652 vero
2620 1598 2891 1653 contraria
2914 1608 3156 1668 potestas
3172 1597 3294 1653 fera
3312 1608 3373 1653 et
3399 1614 3727 1672 neqan

2313 1692 2610 1759 hominem,
2651 1702 2703 1747 et
2748 1691 2982 1748 infidelis
3028 1703 3113 1749 est
3155 1707 3257 1762 per
3305 1709 3462 1763 quem
3498 1695 3729 1759 insidiatum

2312 1783 2552 1852 potuerit
2611 1783 2839 1839 fundere
2900 1786 3219 1855 sanguinem
3289 1787 3477 1840 animae
3512 1797 3604 1847 tua.
3640 1790 3729 1843 iis:

620 1874 690 1916 ex
726 1877 878 1931 parte
926 1868 1138 1938 sagittae
1166 1882 1293 1927 sunt
1342 1877 1584 1948 maligni,
1617 1882 1821 1937 utinam
1865 1886 1935 1942 ibi
1973 1896 2207 1941 tantum-
2238 1864 2280 1922 Β
2309 1874 2544 1945 deiicere
2567 1884 2618 1931 ιθ
2644 1876 2696 1931 in
2732 1886 3036 1947 Peccatum,
3068 1877 3245 1933 δεειίδ
3284 1888 3478 1948 εειΡθΐ
3497 1894 3729 1951 «omne

2309 1966 2380 2021 rit
2452 1967 2718 2023 Dominus
2761 1969 3082 2038 sanguinem
3144 1978 3329 2024 tuum.
3387 1968 3486 2024 Sed
3525 1981 3566 2023 et
3598 1972 3721 2026 Ειπι-

2308 2059 2571 2129 propheta
2597 2073 2719 2114 cum
2749 2058 2882 2115 dicit
2907 2060 3315 2130 speculatorem
3346 2076 3408 2115 se
3440 2063 3621 2131 positum
3642 2068 3727 2117 um

2306 2150 2472 2207 Israel
2508 2151 2574 2218 ‘5,
2601 2152 2689 2221 qui
2731 2153 2776 2206 si
2818 2153 3231 2208 annuutiaverit
3283 2155 3582 2222 romphaea:
3613 2160 3714 2207 me;

2309 2253 2459 2311 tem,*
2489 2258 2610 2298 reus
2643 2257 2747 2298 non
2781 2243 2875 2298 fiat
2907 2245 3223 2316 sanguinis,
3279 2247 3326 2299 si
3379 2260 3476 2299 non
3518 2248 3731 2301 nuntiam

2306 2350 2432 2393 reus
2459 2337 2531 2391 sit
2564 2336 2882 2407 sanguinis;
2928 2346 2983 2391 et
3029 2336 3086 2391 in
3120 2336 3239 2408 lege
3271 2353 3401 2392 cum
3433 2338 3612 2401 dicitur,
3636 2342 3731 2393 sibi

2305 2437 2359 2482 et
2384 2429 2498 2483 haec
2528 2427 2742 2495 fecerit,
2771 2429 3033 2484 innocens
3054 2430 3164 2484 erit
3196 2444 3224 2482 a
3255 2430 3733 2500 sanguineu'mehr.

2306 2521 2472 2575 etiam
2505 2520 2595 2576 hic
2623 2521 2817 2576 animae
2862 2522 3184 2592 sanguinem
3218 2522 3488 2587 designat,
3527 2522 3729 2590 quietus

2307 2621 2392 2666 tur
2425 2627 2521 2681 per
2552 2623 2856 2682 peccatum.
2889 2612 3182 2682 Pmpterea
3213 2627 3354 2683 ergo
3377 2614 3727 2666 timeamusm

2308 2721 2374 2758 ne
2406 2704 2545 2758 forte
2574 2705 2794 2775 sanguis
2834 2704 3067 2774 alicujus
3111 2707 3203 2774 qui

2308 2804 2457 2847 ratur
2485 2809 2513 2847 a
2548 2793 2730 2859 nobis,
2769 2795 2912 2849 sicut
2966 2798 3233 2866 propheta
3272 2794 3530 2864 designat.
3559 2792 3723 2859 harae

2260 2904 2261 2907 ‘
2307 2887 2410 2940 tuit
2439 2901 2537 2941 nos
2566 2897 2830 2957 repetere,
2857 2898 2915 2943 ut
2938 2889 3151 2958 plenius
3175 2887 3573 2942 ostendet-emas
3588 2902 3717 2953 quea:-

2305 2981 2541 3052 gladium
2601 2982 3028 3052 evaginaverunt
3080 2990 3406 3051 peccatores
3449 2989 3499 3034 et
3531 2980 3721 3032 tetrum

2305 3089 2493 3127 arcum
2526 3089 2706 3140 suum,
2738 3083 2793 3129 et
2821 3074 2944 3144 quis
2976 3083 3120 3129 esset
3153 3086 3362 3142 pauper
3384 3086 3533 3141 quem
3552 3072 3757 3139 ύεῇόιῡταμη

2305 3174 2360 3219 et
2390 3162 2660 3236 quomodo
2696 3165 3041 3219 trucidantur
3090 3165 3224 3220 recti
3279 3164 3482 3229 corde,
3515 3162 3581 3216 vel
3610 3163 3739 3231 (me

2304 3255 2526 3321 sanguis
2557 3268 2744 3307 eorum
2777 3253 2869 3324 qui
2899 3251 3217 3310 effunditur.

2371 3343 2424 3396 5.
2466 3340 2622 3397 Nunc
2650 3353 2833 3398 autem
2870 3343 3154 3399 videamus
3199 3344 3334 3414 quid
3375 3345 3448 3399 sit
3475 3345 3580 3401 istis
3600 3359 3735 3415 pcto.-

2302 3432 2451 3488 ribus
2497 3434 2587 3503 qui
2638 3435 2758 3488 hanc
2792 3432 3019 3497 faciunt,
3055 3434 3108 3489 id
3161 3445 3246 3490 est
3298 3438 3397 3505 qui
3454 3437 3609 3507 gladio
3642 3438 3725 3487 diu

2300 3535 2532 3580 utuntur
2595 3533 2648 3579 et
2678 3524 2877 3596 jaculis
2928 3527 3177 3596 maligni,
3234 3530 3369 3597 quid
3420 3529 3487 3584 de
3538 3528 3605 3581 bis
3630 3543 3729 3579 ms.

2300 3617 2434 3674 dicit
2457 3633 2639 3673 sermo
2671 3618 2886 3671 divinus
2924 3633 2938 3669 :
2979 3615 3232 3684 Framea,
3266 3621 3483 3689 inquit,
3510 3637 3649 3674 eam
3670 3622 3739 3671 iu

2251 3740 2255 3745 ο
2300 3711 2355 3764 in
2386 3726 2479 3764 cor
2516 3727 2724 3776 eorum,
2766 3720 2813 3763 et
2855 3727 3011 3766 arcus
3048 3727 3228 3766 eorum
3275 3724 3585 3768 conteratur.
3620 3711 3685 3766 Fr:
3714 3722 3757 3760 a‘

2298 3816 2468 3870 genus
2492 3802 2580 3857 teli
2613 3811 2718 3867 est,
2748 3801 2853 3856 hoc
2895 3801 3117 3856 nomine
3148 3814 3541 3872 nuncupatum.
3572 3803 3757 3856 Serum

2299 3893 2465 3965 igitur
2490 3893 2602 3959 isti,
2643 3908 2783 3963 quos
2813 3893 3119 3962 inspirante
3146 3893 3360 3949 diabolo
3402 3894 3560 3963 iniqui
3582 3905 3625 3947 et
3646 3908 3757 3959 per};

2298 3996 2442 4042 tores
2473 3986 2776 4056 proferunt,
2813 3987 3010 4057 inquit,
3057 3988 3321 4043 adversus
3355 3986 3579 4055 justum,
3605 4000 3645 4039 ut
3666 3998 3757 4043 tm

2295 4079 2426 4135 dent
2467 4088 2648 4135 rectos
2691 4079 2878 4143 corde,
2937 4086 3332 4134 convertentur
3382 4078 3639 4132 adversus
3674 4090 3757 4149 τμηεῇ

2293 4172 2384 4241 qui
2415 4185 2510 4228 eos
2536 4170 2837 4241 proferunt,
2885 4179 2944 4225 ut
2968 4169 3099 4225 illuc
3135 4174 3359 4225 redeant
3407 4170 3549 4224 unde
3581 4184 3747 4237 prma-

2294 4274 2433 4317 raut.
2469 4263 2621 4317 Sicut
2650 4262 2793 4316 enim
2825 4262 3029 4317 dicitur
3071 4262 3140 4317 ad
3172 4261 3352 4331 justas
3377 4272 3437 4315 et
3482 4272 3660 4314 saneta
3686 4278 3715 4309 ιε

2290 4358 2463 4413 stolos
2490 4372 2518 4410 a
2553 4356 2779 4411 Domino
2804 4356 2849 4387 ¹⁰
2887 4373 2901 4407 :
2940 4354 3007 4409 In
3036 4371 3399 4425 quamcunque
3448 4358 3635 4409 ἀοιιιι
3663 4354 3757 4425 ἐτη-ξ

3240 2705 3620 2763 scandalizatur,
3647 2720 3715 2769 res:

671 4438 728 4493 4.
752 4438 904 4507 Quod
933 4452 1112 4499 autem
1146 4446 1356 4504 addidit
1379 4461 1433 4504 ut
1461 4453 1727 4509 trucidant
1748 4467 1914 4512 rectos
1941 4464 2099 4519 corde
2127 4466 2190 4533 ⁸⁵,

2291 4449 2493 4513 veritis,
2532 4447 2737 4501 dicite:
2772 4445 2886 4500 Pan:
2947 4446 3071 4499 huic
3128 4447 3349 4515 domui;
3396 4459 3449 4502 et
3494 4448 3538 4500 si
3580 4446 3693 4513 Im”

600 4545 728 4586 cum
769 4535 1024 4603 superius
1050 4538 1303 4605 dixisset,
1341 4552 1395 4595 ut
1430 4544 1685 4613 dejiciant
1722 4548 1927 4620 inopem
1967 4564 2015 4608 et
2051 4573 2188 4625 pau-

2293 4541 2439 4610 [ilius
2460 4544 2630 4611 pacis,
2656 4557 2764 4611 pax
2800 4550 2971 4594 vestra
3004 4540 3170 4593 veniet
3202 4556 3357 4609 super
3386 4555 3543 4602 eum;
3564 4537 3739 4591 siam

2295 4649 2399 4703 pax
2428 4644 2597 4688 vestra
2630 4634 2699 4686 ad
2738 4649 2829 4687 vos
2860 4638 3181 4696 retertetur;
3218 4632 3297 4686 sic
3334 4641 3388 4686 et
3428 4632 3518 4685 bic
3558 4636 3707 4683 etv-tr:

600 4640 797 4694 peram,
839 4626 1020 4693 iunxit
1062 4632 1394 4702 pauperibus
1430 4647 1612 4695 rectos
1641 4642 1852 4699 corde:
1881 4661 2017 4715 quos
2055 4660 2186 4719 puto

601 4716 730 4785 quia
759 4719 1015 4776 similiter
1037 4725 1213 4803 etiam
1246 4725 1512 4786 Dominus
1548 4732 1849 4805 conjungat
1899 4738 1952 4792 in
2001 4716 2185 4796 Evan-

568 4810 577 4825 ⁸
611 4807 779 4878 geliis
808 4811 887 4876 ";
914 4812 1002 4867 ubi
1034 4798 1180 4868 enim
1213 4817 1345 4872 dicit
1380 4820 1569 4877 beatos
1605 4798 1890 4895 pauperes,
1921 4828 1989 4883 ibi
2022 4833 2181 4888 etiam

598 4895 881 4953 beatificat
908 4903 1139 4958 mundos
1166 4908 1353 4973 corde,
1384 4917 1440 4963 et
1475 4910 1607 4966 nihil
1640 4913 1907 4971 interesse
1939 4920 2182 4977 arbitror

599 4988 747 5046 inter
780 4993 1010 5049 mundos
1056 4998 1217 5052 corde
1248 5007 1305 5053 et
1347 5010 1527 5057 rectos
1567 5005 1754 5060 corde.
1805 4996 2181 5069 Trucidantur

595 5088 776 5137 autem
824 5084 926 5140 hoc
961 5088 1140 5143 modo.
1181 5087 1237 5144 Si
1274 5090 1395 5159 quis
1437 5094 1670 5166 simplici
1715 5107 1896 5156 mente
1933 5118 1998 5158 ac
2040 5106 2184 5163 desi-

596 5174 748 5230 derio
769 5177 951 5231 veniat
985 5180 1051 5233 ad
1080 5180 1376 5240 Ecclesiam
1405 5196 1464 5242 ut
1508 5189 1774 5256 proficiat,
1809 5201 1868 5247 ut
1899 5195 2087 5253 melior
2124 5216 2186 5256 se

598 5265 718 5333 fiat,
757 5268 859 5324 iste
910 5270 954 5326 si
1003 5271 1189 5330 videat
1222 5290 1322 5332 nos
1359 5280 1449 5348 qui
1496 5281 1662 5337 multo
1685 5282 1796 5352 jam
1837 5294 2077 5358 tempore
2127 5292 2180 5347 in

597 5357 708 5414 fide
742 5360 1011 5427 stetimus,
1046 5365 1128 5421 vel
1161 5381 1268 5423 non
1301 5379 1448 5425 recte
1474 5383 1721 5443 agentes,
1750 5377 1833 5431 vel
1864 5357 1985 5434 eum
2013 5381 2179 5438 oll'eno

597 5447 782 5504 diculo
812 5449 1119 5523 loquentes,
1153 5454 1420 5513 efﬁcimur
1464 5461 1539 5514 illi
1582 5479 1676 5517 nos
1722 5464 1903 5535 lapsus
1944 5471 2011 5522 ad
2055 5487 2181 5541 pec-

596 5545 806 5596 catum.
842 5541 976 5596 Cum
1011 5556 1191 5600 autem
1223 5553 1575 5617 peccaverit,
1618 5556 1918 5613 trucidatus
1954 5574 2071 5629 est,
2128 5574 2184 5618 et

598 5632 818 5699 sanguis
864 5634 1061 5691 anima:
1099 5639 1216 5705 ejus
1255 5641 1497 5710 profluit,
1550 5648 1728 5702 omnis
1778 5648 1845 5704 ab
1894 5667 1959 5707 eo
2014 5656 2187 5712 virtus

674 5742 717 5824 [⁸
755 5744 893 5800 Gen.
926 5764 1011 5824 _t_x.
1058 5751 1328 5824 “"hPsal.
1381 5770 1566 5823 xxxvi,
1634 5760 1719 5814 ll.
1804 5765 1844 5793 “3
1899 5767 2089 5824 Matth.
2133 5786 2184 5824 ι’.

1090 5751 1328 5823 ἔδυΡεηΙ.
1381 5770 1566 5823 xxxvi,
1634 5760 1719 5814 ll.

601 5811 644 5841 "
684 5812 796 5869 Luc
839 5832 892 5883 χ,
924 5818 976 5875 5,

1055 5821 1099 5852 ’³
1142 5820 1282 5879 Psal.
1326 5842 1508 5894 xxxvi,
1557 5820 1645 5883 lt).
1710 5838 1713 5839 ⁷

2294 4725 2508 4795 gladius
2536 4727 2825 4795 impiorum
2858 4727 2948 4796 qui
2980 4728 3305 4797 evaginatur
3336 4734 3392 4780 ut

2292 4820 2475 4883 corde,
2528 4819 2726 4874 reverti
2780 4818 2830 4873 in
2862 4818 3010 4886 ipsos
3058 4820 3281 4882 dicitur,
3317 4827 3369 4873 et
3404 4818 3637 4882 ἀδηκτςὶ
3659 4818 3741 4861 is"

2250 4930 2255 4940 '
2290 4927 2503 4977 eorum,
2535 4922 2697 4982 atque
2720 4917 2880 4966 ar‘cus
2908 4927 3097 4967 eorum
3134 4911 3424 4980 confringi,
3451 4910 3578 4964 dum
3599 4904 3735 4960 Dea?!

2251 5012 2255 5021 '
2295 5006 2363 5060 de
2390 5005 2601 5060 insidiis
2627 5020 2819 5060 eorum
2850 5005 3047 5061 liberat
3070 5006 3299 5075 justum.

2363 5101 2415 5156 6.
2458 5099 2649 5154 Melius
2680 5108 2754 5153 est
2790 5098 3053 5151 modicum
3084 5098 3235 5167 justo
3262 5112 3411 5162 super
3436 5092 3731 5156 άὶτὶιὶαβω

2291 5205 2465 5249 torum
2492 5192 2684 5246 multas
2710 5193 2775 5245 ".
2802 5191 3113 5246 Secundum
3141 5190 3370 5245 litteram
3398 5188 3649 5242 continue
3670 5192 3737 5229 ω*

2293 5282 2717 5352 simplicioribus
2756 5281 3064 5351 quibusque
3110 5280 3258 5334 utilis
3301 5278 3595 5333 admonitio
3630 5278 3733 5323 est!

2290 5388 2397 5443 qua
2427 5382 2477 5427 et
2512 5374 2661 5444 prius
2690 5372 2979 5429 dicendum
3028 5381 3136 5437 est,
3179 5369 3416 5441 quamvis
3461 5370 3641 5423 haheat
3666 5372 3733 5411 es

2291 5465 2612 5535 profundius
2648 5464 2872 5534 aliquid,
2907 5465 3050 5534 quod
3098 5464 3143 5519 si
3191 5464 3315 5533 quis
3360 5473 3559 5529 capere
3598 5464 3713 5521 part

2248 5575 2253 5581 '
2292 5558 2492 5628 capiat.
2527 5558 2664 5624 Quid
2704 5574 2834 5628 ergo
2867 5572 2966 5611 nos
3004 5557 3195 5611 doceat

3226 5557 3412 5613 littera,
3464 5550 3703 5603 videnti:l

2294 5652 2397 5706 hoc
2434 5652 2636 5705 mundo
2660 5663 3017 5721 communem
3052 5649 3175 5702 vita:
3207 5641 3613 5702 sollicitudinem
3648 5650 3669 5699 ς

2266 5768 2305 5801 ¹⁷
2346 5766 2480 5824 Gen.
2511 5783 2585 5831 ιχ,
2750 5767 2791 5796 ii
2827 5764 3019 5819 Ezech.
3054 5780 3135 5819 tn.

3218 5765 3255 5795 ιβ
3280 5760 3409 5815 l‘sal.
3446 5771 3625 5809 sum.
3654 5752 3685 5799 ξι
