  <div class='ocr_page' id='page_1' title='image "/cluster/home/n/w/nwhite01/storage/ocr_20150623/12/hvd.32044019207638/675.png"; bbox 0 0 3944 6386; ppageno 0'>
   <div class='ocr_carea' id='block_1_1' title="bbox 631 328 2188 392">
    <p class='ocr_par' dir='ltr' id='par_1_1' title="bbox 631 331 2188 392">
     <span class='ocr_line' id='line_1_1' title="bbox 631 331 2188 392; baseline -0.003 -1"><span class='ocrx_word' id='word_1_1' title='bbox 631 336 774 392; x_wconf 71' lang='grc'><strong>1543</strong></span> <span class='ocrx_word' id='word_1_2' title='bbox 2047 331 2134 387; x_wconf 79' lang='lat' dir='ltr'><strong><em>EX</em></strong></span> <span class='ocrx_word' id='word_1_3' title='bbox 2169 331 2188 385; x_wconf 77' lang='lat' dir='ltr'><strong><em>l</em></strong></span> 
     </span>
    </p>
   </div>
   <div class='ocr_carea' id='block_1_2' title="bbox 2302 328 3859 392">
    <p class='ocr_par' dir='ltr' id='par_1_2' title="bbox 2302 328 3859 392">
     <span class='ocr_line' id='line_1_2' title="bbox 2302 328 3859 392; baseline 0.004 -9"><span class='ocrx_word' id='word_1_4' title='bbox 2302 328 2471 384; x_wconf 71' lang='lat' dir='ltr'><strong><em>BENE</em></strong></span> <span class='ocrx_word' id='word_1_5' title='bbox 3757 334 3859 392; x_wconf 65' lang='grc' dir='ltr'><strong><em>ηιι</em></strong></span> 
     </span>
    </p>
   </div>
   <div class='ocr_carea' id='block_1_3' title="bbox 631 443 3859 521">
    <p class='ocr_par' dir='ltr' id='par_1_3' title="bbox 631 443 3859 521">
     <span class='ocr_line' id='line_1_3' title="bbox 631 443 3859 521; baseline 0.001 -22"><span class='ocrx_word' id='word_1_6' title='bbox 631 458 829 511; x_wconf 85' lang='lat' dir='ltr'><strong><em>cogere</em></strong></span> <span class='ocrx_word' id='word_1_7' title='bbox 855 452 912 498; x_wconf 90' lang='lat' dir='ltr'><strong><em>ut</em></strong></span> <span class='ocrx_word' id='word_1_8' title='bbox 945 457 1173 520; x_wconf 75' lang='lat' dir='ltr'><strong><em>necesse</em></strong></span> <span class='ocrx_word' id='word_1_9' title='bbox 1207 444 1406 499; x_wconf 86' lang='lat' dir='ltr'><strong><em>habeat</em></strong></span> <span class='ocrx_word' id='word_1_10' title='bbox 1452 443 1635 500; x_wconf 88' lang='lat' dir='ltr'><strong><em>littera</em></strong></span> <span class='ocrx_word' id='word_1_11' title='bbox 1662 444 1920 500; x_wconf 84' lang='lat' dir='ltr'><strong><em>derelicta</em></strong></span> <span class='ocrx_word' id='word_1_12' title='bbox 1949 443 2014 498; x_wconf 87' lang='lat' dir='ltr'><strong><em>ad</em></strong></span> <span class='ocrx_word' id='word_1_13' title='bbox 2048 443 2208 497; x_wconf 89' lang='lat' dir='ltr'><strong><em>intel-</em></strong></span> <span class='ocrx_word' id='word_1_14' title='bbox 2239 443 2286 500; x_wconf 86' lang='grc' dir='ltr'><strong>Δ</strong></span> <span class='ocrx_word' id='word_1_15' title='bbox 2315 443 2431 511; x_wconf 78' lang='lat' dir='ltr'><strong><em>quis</em></strong></span> <span class='ocrx_word' id='word_1_16' title='bbox 2485 453 2660 497; x_wconf 84' lang='lat' dir='ltr'><strong><em>autem</em></strong></span> <span class='ocrx_word' id='word_1_17' title='bbox 2711 443 2944 513; x_wconf 88' lang='lat' dir='ltr'><strong><em>ignorat,</em></strong></span> <span class='ocrx_word' id='word_1_18' title='bbox 2992 445 3340 514; x_wconf 72' lang='lat' dir='ltr'><strong><em>ignorabitur.</em></strong></span> <span class='ocrx_word' id='word_1_19' title='bbox 3378 445 3444 501; x_wconf 84' lang='lat' dir='ltr'><strong><em>Et</em></strong></span> <span class='ocrx_word' id='word_1_20' title='bbox 3486 448 3550 502; x_wconf 88' lang='lat' dir='ltr'><strong><em>in</em></strong></span> <span class='ocrx_word' id='word_1_21' title='bbox 3607 447 3859 521; x_wconf 72' lang='grc' dir='ltr'><strong><em>Εγιηεείίο</em></strong></span> 
     </span>
    </p>
   </div>
   <div class='ocr_carea' id='block_1_4' title="bbox 633 517 3856 607">
    <p class='ocr_par' dir='ltr' id='par_1_4' title="bbox 633 517 3856 607">
     <span class='ocr_line' id='line_1_4' title="bbox 633 517 3856 607; baseline 0.001 -14"><span class='ocrx_word' id='word_1_22' title='bbox 633 537 828 593; x_wconf 69' lang='lat' dir='ltr'><strong><em>laetum</em></strong></span> <span class='ocrx_word' id='word_1_23' title='bbox 850 517 1212 592; x_wconf 77' lang='lat' dir='ltr'><strong><em>conscendere</em></strong></span> <span class='ocrx_word' id='word_1_24' title='bbox 1231 536 1557 607; x_wconf 86' lang='lat' dir='ltr'><strong><em>spiritalem;</em></strong></span> <span class='ocrx_word' id='word_1_25' title='bbox 1589 536 1799 591; x_wconf 87' lang='lat' dir='ltr'><strong><em>sicntet</em></strong></span> <span class='ocrx_word' id='word_1_26' title='bbox 1836 553 1979 590; x_wconf 92' lang='lat' dir='ltr'><strong><em>nunc</em></strong></span> <span class='ocrx_word' id='word_1_27' title='bbox 2004 535 2204 591; x_wconf 85' lang='lat' dir='ltr'><strong><em>faciunt</em></strong></span> <span class='ocrx_word' id='word_1_28' title='bbox 2311 534 2399 588; x_wconf 91' lang='lat' dir='ltr'><strong><em>ubi</em></strong></span> <span class='ocrx_word' id='word_1_29' title='bbox 2455 534 2585 588; x_wconf 94' lang='lat' dir='ltr'><strong><em>dicit</em></strong></span> <span class='ocrx_word' id='word_1_30' title='bbox 2621 533 2878 590; x_wconf 83' lang='lat' dir='ltr'><strong><em>Dominus</em></strong></span> <span class='ocrx_word' id='word_1_31' title='bbox 2913 536 2980 588; x_wconf 83' lang='lat' dir='ltr'><strong><em>ad</em></strong></span> <span class='ocrx_word' id='word_1_32' title='bbox 3013 546 3331 604; x_wconf 82' lang='lat' dir='ltr'><strong><em>peccatores</em></strong></span> <span class='ocrx_word' id='word_1_33' title='bbox 3371 538 3418 572; x_wconf 80' lang='grc'><strong><em>⁸⁸</em></strong></span> <span class='ocrx_word' id='word_1_34' title='bbox 3472 557 3492 594; x_wconf 89' lang='lat'><strong>:</strong></span> <span class='ocrx_word' id='word_1_35' title='bbox 3545 537 3744 594; x_wconf 84' lang='lat' dir='ltr'><strong><em>Nescio</em></strong></span> <span class='ocrx_word' id='word_1_36' title='bbox 3778 562 3856 606; x_wconf 78' lang='grc' dir='ltr'><strong><em>τος,</em></strong></span> 
     </span>
    </p>
   </div>
   <div class='ocr_carea' id='block_1_5' title="bbox 631 627 3860 705">
    <p class='ocr_par' dir='ltr' id='par_1_5' title="bbox 631 627 3860 705">
     <span class='ocr_line' id='line_1_5' title="bbox 631 627 3860 705; baseline 0.003 -25"><span class='ocrx_word' id='word_1_37' title='bbox 631 627 850 682; x_wconf 82' lang='lat' dir='ltr'><strong><em>brachia</em></strong></span> <span class='ocrx_word' id='word_1_38' title='bbox 884 629 985 681; x_wconf 90' lang='lat' dir='ltr'><strong><em>ista</em></strong></span> <span class='ocrx_word' id='word_1_39' title='bbox 1026 629 1352 698; x_wconf 85' lang='lat' dir='ltr'><strong><em>peccaturis,</em></strong></span> <span class='ocrx_word' id='word_1_40' title='bbox 1390 629 1895 699; x_wconf 87' lang='lat' dir='ltr'><strong><em>quibusimminere</em></strong></span> <span class='ocrx_word' id='word_1_41' title='bbox 1923 629 2207 684; x_wconf 84' lang='lat' dir='ltr'><strong><em>contritio-</em></strong></span> <span class='ocrx_word' id='word_1_42' title='bbox 2307 627 2561 680; x_wconf 82' lang='lat' dir='ltr'><strong><em>discedite</em></strong></span> <span class='ocrx_word' id='word_1_43' title='bbox 2589 645 2621 681; x_wconf 92' lang='lat' dir='ltr'><strong><em>a</em></strong></span> <span class='ocrx_word' id='word_1_44' title='bbox 2647 643 2749 694; x_wconf 89' lang='lat' dir='ltr'><strong><em>me,</em></strong></span> <span class='ocrx_word' id='word_1_45' title='bbox 2798 631 3026 698; x_wconf 82' lang='lat' dir='ltr'><strong><em>operarii</em></strong></span> <span class='ocrx_word' id='word_1_46' title='bbox 3076 633 3394 705; x_wconf 68' lang='lat' dir='ltr'><strong><em>iniquitatis.</em></strong></span> <span class='ocrx_word' id='word_1_47' title='bbox 3451 632 3626 688; x_wconf 85' lang='lat' dir='ltr'><strong><em>Sicut</em></strong></span> <span class='ocrx_word' id='word_1_48' title='bbox 3685 649 3860 705; x_wconf 76' lang='lat' dir='ltr'><strong><em>ergoet</em></strong></span> 
     </span>
    </p>
   </div>
   <div class='ocr_carea' id='block_1_6' title="bbox 630 697 3858 798">
    <p class='ocr_par' dir='ltr' id='par_1_6' title="bbox 630 697 3858 798">
     <span class='ocr_line' id='line_1_6' title="bbox 630 697 3858 798; baseline 0.003 -24"><span class='ocrx_word' id='word_1_49' title='bbox 630 734 754 774; x_wconf 86' lang='lat' dir='ltr'><strong><em>nem</em></strong></span> <span class='ocrx_word' id='word_1_50' title='bbox 794 697 1180 775; x_wconf 86' lang='lat' dir='ltr'><strong><em>comminatur.</em></strong></span> <span class='ocrx_word' id='word_1_51' title='bbox 1222 721 1329 776; x_wconf 90' lang='lat' dir='ltr'><strong>Sed</strong></span> <span class='ocrx_word' id='word_1_52' title='bbox 1379 697 1435 777; x_wconf 81' lang='lat' dir='ltr'><strong><em>et</em></strong></span> <span class='ocrx_word' id='word_1_53' title='bbox 1499 721 1550 775; x_wconf 91' lang='lat' dir='ltr'><strong><em>in</em></strong></span> <span class='ocrx_word' id='word_1_54' title='bbox 1595 721 1703 775; x_wconf 89' lang='lat' dir='ltr'><strong><em>alio</em></strong></span> <span class='ocrx_word' id='word_1_55' title='bbox 1755 722 1874 776; x_wconf 89' lang='lat' dir='ltr'><strong><em>loco</em></strong></span> <span class='ocrx_word' id='word_1_56' title='bbox 1929 721 2058 776; x_wconf 92' lang='lat' dir='ltr'><strong><em>dicit</em></strong></span> <span class='ocrx_word' id='word_1_57' title='bbox 2113 723 2199 776; x_wconf 83' lang='lat'><strong>&quot;:</strong></span> <span class='ocrx_word' id='word_1_58' title='bbox 2307 718 2433 773; x_wconf 83' lang='lat' dir='ltr'><strong><em>alibi</em></strong></span> <span class='ocrx_word' id='word_1_59' title='bbox 2486 719 2683 775; x_wconf 88' lang='lat' dir='ltr'><strong><em>dicitur</em></strong></span> <span class='ocrx_word' id='word_1_60' title='bbox 2706 719 2750 753; x_wconf 85' lang='lat'><strong>&quot;</strong></span> <span class='ocrx_word' id='word_1_61' title='bbox 2781 739 2798 777; x_wconf 91' lang='lat'><strong>:</strong></span> <span class='ocrx_word' id='word_1_62' title='bbox 2832 697 3109 792; x_wconf 74' lang='lat' dir='ltr'><strong><em>Cognoscit</em></strong></span> <span class='ocrx_word' id='word_1_63' title='bbox 3142 697 3400 780; x_wconf 47' lang='lat' dir='ltr'><strong><em>Dominis</em></strong></span> <span class='ocrx_word' id='word_1_64' title='bbox 3436 726 3545 797; x_wconf 86' lang='lat' dir='ltr'><strong><em>qui</em></strong></span> <span class='ocrx_word' id='word_1_65' title='bbox 3597 740 3722 781; x_wconf 80' lang='lat' dir='ltr'><strong><em>sunt</em></strong></span> <span class='ocrx_word' id='word_1_66' title='bbox 3748 697 3858 798; x_wconf 34' lang='lat' dir='ltr'><strong><em>“ejus.</em></strong></span> 
     </span>
    </p>
   </div>
   <div class='ocr_carea' id='block_1_7' title="bbox 625 807 3858 888">
    <p class='ocr_par' dir='ltr' id='par_1_7' title="bbox 625 807 3858 888">
     <span class='ocr_line' id='line_1_7' title="bbox 625 807 3858 888; baseline 0.004 -21"><span class='ocrx_word' id='word_1_67' title='bbox 625 807 855 867; x_wconf 84' lang='lat' dir='ltr'><strong><em>Contcre</em></strong></span> <span class='ocrx_word' id='word_1_68' title='bbox 885 814 1156 867; x_wconf 82' lang='lat' dir='ltr'><strong><em>brachium</em></strong></span> <span class='ocrx_word' id='word_1_69' title='bbox 1191 816 1480 882; x_wconf 77' lang='lat' dir='ltr'><strong><em>peccatoris</em></strong></span> <span class='ocrx_word' id='word_1_70' title='bbox 1512 825 1560 870; x_wconf 88' lang='lat' dir='ltr'><strong><em>et</em></strong></span> <span class='ocrx_word' id='word_1_71' title='bbox 1589 816 1828 887; x_wconf 75' lang='lat' dir='ltr'><strong><em>maligni.</em></strong></span> <span class='ocrx_word' id='word_1_72' title='bbox 1864 815 2002 884; x_wconf 85' lang='lat' dir='ltr'><strong><em>Quid</em></strong></span> <span class='ocrx_word' id='word_1_73' title='bbox 2032 817 2204 888; x_wconf 78' lang='lat' dir='ltr'><strong><em>ergo?</em></strong></span> <span class='ocrx_word' id='word_1_74' title='bbox 2304 813 2385 867; x_wconf 79' lang='lat' dir='ltr'><strong><em>sic</em></strong></span> <span class='ocrx_word' id='word_1_75' title='bbox 2435 814 2524 868; x_wconf 91' lang='lat' dir='ltr'><strong><em>hic</em></strong></span> <span class='ocrx_word' id='word_1_76' title='bbox 2560 830 2665 870; x_wconf 90' lang='lat' dir='ltr'><strong><em>non</em></strong></span> <span class='ocrx_word' id='word_1_77' title='bbox 2719 815 3030 886; x_wconf 89' lang='lat' dir='ltr'><strong><em>impiorum.</em></strong></span> <span class='ocrx_word' id='word_1_78' title='bbox 3083 820 3176 874; x_wconf 89' lang='lat' dir='ltr'><strong><em>sed</em></strong></span> <span class='ocrx_word' id='word_1_79' title='bbox 3224 821 3728 876; x_wconf 82' lang='lat' dir='ltr'><strong><em>immaculalorum</em></strong></span> <span class='ocrx_word' id='word_1_80' title='bbox 3778 827 3858 879; x_wconf 74' lang='lat' dir='ltr'><strong><em>dies</em></strong></span> 
     </span>
    </p>
   </div>
   <div class='ocr_carea' id='block_1_8' title="bbox 625 901 3857 984">
    <p class='ocr_par' dir='ltr' id='par_1_8' title="bbox 625 901 3857 984">
     <span class='ocr_line' id='line_1_8' title="bbox 625 901 3857 984; baseline 0.003 -23"><span class='ocrx_word' id='word_1_81' title='bbox 625 901 910 958; x_wconf 77' lang='lat' dir='ltr'><strong><em>brachium</em></strong></span> <span class='ocrx_word' id='word_1_82' title='bbox 957 905 1102 958; x_wconf 87' lang='lat' dir='ltr'><strong><em>istud</em></strong></span> <span class='ocrx_word' id='word_1_83' title='bbox 1157 921 1479 976; x_wconf 76' lang='lat' dir='ltr'><strong><em>corporeum</em></strong></span> <span class='ocrx_word' id='word_1_84' title='bbox 1513 909 1815 980; x_wconf 78' lang='lat' dir='ltr'><strong><em>peccamris</em></strong></span> <span class='ocrx_word' id='word_1_85' title='bbox 1869 917 1924 964; x_wconf 88' lang='lat' dir='ltr'><strong><em>et</em></strong></span> <span class='ocrx_word' id='word_1_86' title='bbox 1981 909 2200 981; x_wconf 76' lang='lat' dir='ltr'><strong><em>maligni</em></strong></span> <span class='ocrx_word' id='word_1_87' title='bbox 2302 918 2636 973; x_wconf 78' lang='lat' dir='ltr'><strong><em>cognoscere</em></strong></span> <span class='ocrx_word' id='word_1_88' title='bbox 2671 908 2871 963; x_wconf 85' lang='lat' dir='ltr'><strong><em>dicitur</em></strong></span> <span class='ocrx_word' id='word_1_89' title='bbox 2917 907 3194 967; x_wconf 86' lang='lat' dir='ltr'><strong><em>Dominus.</em></strong></span> <span class='ocrx_word' id='word_1_90' title='bbox 3244 913 3403 984; x_wconf 90' lang='lat' dir='ltr'><strong><em>Digni</em></strong></span> <span class='ocrx_word' id='word_1_91' title='bbox 3452 914 3617 967; x_wconf 77' lang='lat' dir='ltr'><strong><em>enim</em></strong></span> <span class='ocrx_word' id='word_1_92' title='bbox 3674 916 3857 970; x_wconf 76' lang='lat' dir='ltr'><strong><em>scientia</em></strong></span> 
     </span>
    </p>
   </div>
   <div class='ocr_carea' id='block_1_9' title="bbox 623 994 3856 1065">
    <p class='ocr_par' dir='ltr' id='par_1_9' title="bbox 623 994 3856 1065">
     <span class='ocr_line' id='line_1_9' title="bbox 623 994 3856 1065; baseline 0.007 -15"><span class='ocrx_word' id='word_1_93' title='bbox 623 997 941 1065; x_wconf 79' lang='lat' dir='ltr'><strong><em>putabimus</em></strong></span> <span class='ocrx_word' id='word_1_94' title='bbox 970 1003 1402 1057; x_wconf 74' lang='lat' dir='ltr'><strong><em>contereudum?</em></strong></span> <span class='ocrx_word' id='word_1_95' title='bbox 1439 1001 1553 1059; x_wconf 85' lang='lat' dir='ltr'><strong><em>Non</em></strong></span> <span class='ocrx_word' id='word_1_96' title='bbox 1599 1002 1756 1056; x_wconf 84' lang='lat' dir='ltr'><strong><em>facile</em></strong></span> <span class='ocrx_word' id='word_1_97' title='bbox 1803 1003 1904 1057; x_wconf 88' lang='lat' dir='ltr'><strong><em>hoc</em></strong></span> <span class='ocrx_word' id='word_1_98' title='bbox 1953 1003 2201 1060; x_wconf 89' lang='lat' dir='ltr'><strong><em>accidere</em></strong></span> <span class='ocrx_word' id='word_1_99' title='bbox 2307 994 2514 1050; x_wconf 79' lang='grc' dir='ltr'><strong><em>θοιηίιιί</em></strong></span> <span class='ocrx_word' id='word_1_100' title='bbox 2554 996 3026 1053; x_wconf 66' lang='grc' dir='ltr'><strong><em>ίῐηιηθουιειῑοτιιηι</em></strong></span> <span class='ocrx_word' id='word_1_101' title='bbox 3054 1001 3189 1057; x_wconf 76' lang='grc' dir='ltr'><strong><em>ἀίεε·</em></strong></span> <span class='ocrx_word' id='word_1_102' title='bbox 3225 1005 3333 1059; x_wconf 77' lang='lat' dir='ltr'><strong><em>Sed</em></strong></span> <span class='ocrx_word' id='word_1_103' title='bbox 3360 1014 3415 1060; x_wconf 76' lang='lat' dir='ltr'><strong><em>el</em></strong></span> <span class='ocrx_word' id='word_1_104' title='bbox 3448 1006 3570 1060; x_wconf 77' lang='lat' dir='ltr'><strong><em>hoc</em></strong></span> <span class='ocrx_word' id='word_1_105' title='bbox 3601 1011 3856 1062; x_wconf 72' lang='grc' dir='ltr'><strong><em>εεσιιῐιάιηιι</em></strong></span> 
     </span>
    </p>
   </div>
   <div class='ocr_carea' id='block_1_10' title="bbox 621 1073 2178 1170">
    <p class='ocr_par' dir='ltr' id='par_1_10' title="bbox 621 1073 2178 1166">
     <span class='ocr_line' id='line_1_10' title="bbox 621 1073 2178 1166; baseline 0.007 -25"><span class='ocrx_word' id='word_1_106' title='bbox 621 1073 890 1144; x_wconf 75' lang='lat' dir='ltr'><strong><em>videmus.</em></strong></span> <span class='ocrx_word' id='word_1_107' title='bbox 925 1088 1030 1146; x_wconf 90' lang='lat' dir='ltr'><strong><em>Sed</em></strong></span> <span class='ocrx_word' id='word_1_108' title='bbox 1056 1093 1100 1147; x_wconf 88' lang='lat' dir='ltr'><strong><em>si</em></strong></span> <span class='ocrx_word' id='word_1_109' title='bbox 1136 1093 1443 1150; x_wconf 77' lang='lat' dir='ltr'><strong><em>intueamur</em></strong></span> <span class='ocrx_word' id='word_1_110' title='bbox 1475 1098 1750 1166; x_wconf 87' lang='lat' dir='ltr'><strong><em>quomodo</em></strong></span> <span class='ocrx_word' id='word_1_111' title='bbox 1781 1112 1902 1150; x_wconf 88' lang='lat' dir='ltr'><strong><em>cum</em></strong></span> <span class='ocrx_word' id='word_1_112' title='bbox 1927 1095 2053 1152; x_wconf 85' lang='lat' dir='ltr'><strong><em>elati</em></strong></span> <span class='ocrx_word' id='word_1_113' title='bbox 2081 1096 2178 1152; x_wconf 17' lang='lat' dir='ltr'><strong><em>fuel</em></strong></span> 
     </span>
    </p>
   </div>
   <div class='ocr_carea' id='block_1_11' title="bbox 2298 1073 3855 1170">
    <p class='ocr_par' dir='ltr' id='par_1_11' title="bbox 2301 1086 3855 1170">
     <span class='ocr_line' id='line_1_11' title="bbox 2301 1086 3855 1170; baseline 0.008 -28"><span class='ocrx_word' id='word_1_114' title='bbox 2301 1086 2545 1142; x_wconf 84' lang='lat' dir='ltr'><strong><em>litteram</em></strong></span> <span class='ocrx_word' id='word_1_115' title='bbox 2577 1091 2762 1144; x_wconf 88' lang='lat' dir='ltr'><strong><em>nescio</em></strong></span> <span class='ocrx_word' id='word_1_116' title='bbox 2799 1091 2845 1145; x_wconf 89' lang='lat' dir='ltr'><strong><em>si</em></strong></span> <span class='ocrx_word' id='word_1_117' title='bbox 2879 1093 3053 1162; x_wconf 89' lang='lat' dir='ltr'><strong><em>possit</em></strong></span> <span class='ocrx_word' id='word_1_118' title='bbox 3081 1107 3489 1166; x_wconf 81' lang='lat' dir='ltr'><strong><em>consequenter</em></strong></span> <span class='ocrx_word' id='word_1_119' title='bbox 3536 1101 3761 1170; x_wconf 75' lang='lat' dir='ltr'><strong><em>exponi.</em></strong></span> <span class='ocrx_word' id='word_1_120' title='bbox 3787 1101 3855 1168; x_wconf 71' lang='lat' dir='ltr'><strong><em>Qui</em></strong></span> 
     </span>
    </p>
   </div>
   <div class='ocr_carea' id='block_1_12' title="bbox 621 1177 3855 1263">
    <p class='ocr_par' dir='ltr' id='par_1_12' title="bbox 621 1177 3855 1263">
     <span class='ocr_line' id='line_1_12' title="bbox 621 1177 3855 1263; baseline 0.009 -43"><span class='ocrx_word' id='word_1_121' title='bbox 621 1177 732 1234; x_wconf 70' lang='grc' dir='ltr'><strong><em>τίοι</em></strong></span> <span class='ocrx_word' id='word_1_122' title='bbox 796 1179 850 1234; x_wconf 74' lang='lat' dir='ltr'><strong><em>in</em></strong></span> <span class='ocrx_word' id='word_1_123' title='bbox 919 1183 1231 1252; x_wconf 62' lang='lat' dir='ltr'><strong><em>superbiam</em></strong></span> <span class='ocrx_word' id='word_1_124' title='bbox 1305 1196 1657 1255; x_wconf 46' lang='lat' dir='ltr'><strong><em>meadows,</em></strong></span> <span class='ocrx_word' id='word_1_125' title='bbox 1727 1197 1782 1243; x_wconf 69' lang='grc' dir='ltr'><strong><em>ει</em></strong></span> <span class='ocrx_word' id='word_1_126' title='bbox 1849 1204 2010 1243; x_wconf 65' lang='lat' dir='ltr'><strong>arcus</strong></span> <span class='ocrx_word' id='word_1_127' title='bbox 2071 1202 2198 1243; x_wconf 73' lang='grc' dir='ltr'><strong><em>ειιοε</em></strong></span> <span class='ocrx_word' id='word_1_128' title='bbox 2298 1180 2442 1233; x_wconf 87' lang='lat' dir='ltr'><strong><em>enim</em></strong></span> <span class='ocrx_word' id='word_1_129' title='bbox 2483 1194 2708 1248; x_wconf 89' lang='lat' dir='ltr'><strong><em>possunt</em></strong></span> <span class='ocrx_word' id='word_1_130' title='bbox 2753 1199 2874 1239; x_wconf 89' lang='lat' dir='ltr'><strong><em>esse</em></strong></span> <span class='ocrx_word' id='word_1_131' title='bbox 2922 1185 3038 1239; x_wconf 87' lang='lat' dir='ltr'><strong><em>dies</em></strong></span> <span class='ocrx_word' id='word_1_132' title='bbox 3093 1187 3614 1255; x_wconf 87' lang='lat' dir='ltr'><strong><em>immaculatorum,</em></strong></span> <span class='ocrx_word' id='word_1_133' title='bbox 3672 1195 3855 1263; x_wconf 73' lang='lat' dir='ltr'><strong><em>quinos</em></strong></span> 
     </span>
    </p>
   </div>
   <div class='ocr_carea' id='block_1_13' title="bbox 619 1272 3856 1348">
    <p class='ocr_par' dir='ltr' id='par_1_13' title="bbox 619 1272 3856 1348">
     <span class='ocr_line' id='line_1_13' title="bbox 619 1272 3856 1348; baseline 0.009 -37"><span class='ocrx_word' id='word_1_134' title='bbox 619 1273 952 1339; x_wconf 55' lang='lat' dir='ltr'><strong><em>paraverint,</em></strong></span> <span class='ocrx_word' id='word_1_135' title='bbox 990 1283 1046 1328; x_wconf 76' lang='grc' dir='ltr'><strong><em>ει</em></strong></span> <span class='ocrx_word' id='word_1_136' title='bbox 1085 1275 1313 1344; x_wconf 59' lang='lat' dir='ltr'><strong><em>saginas</em></strong></span> <span class='ocrx_word' id='word_1_137' title='bbox 1365 1277 1486 1332; x_wconf 57' lang='lat' dir='ltr'><strong><em>illa;</em></strong></span> <span class='ocrx_word' id='word_1_138' title='bbox 1531 1293 1680 1343; x_wconf 64' lang='lat' dir='ltr'><strong><em>suas,</em></strong></span> <span class='ocrx_word' id='word_1_139' title='bbox 1719 1278 1785 1332; x_wconf 77' lang='lat' dir='ltr'><strong><em>de</em></strong></span> <span class='ocrx_word' id='word_1_140' title='bbox 1820 1278 2016 1348; x_wconf 74' lang='lat' dir='ltr'><strong><em>quibus</em></strong></span> <span class='ocrx_word' id='word_1_141' title='bbox 2037 1293 2198 1348; x_wconf 74' lang='lat' dir='ltr'><strong><em>supe.</em></strong></span> <span class='ocrx_word' id='word_1_142' title='bbox 2299 1272 2594 1328; x_wconf 87' lang='lat' dir='ltr'><strong><em>sintetiam</em></strong></span> <span class='ocrx_word' id='word_1_143' title='bbox 2620 1279 3002 1345; x_wconf 83' lang='lat' dir='ltr'><strong><em>peccatorum?</em></strong></span> <span class='ocrx_word' id='word_1_144' title='bbox 3032 1295 3152 1332; x_wconf 89' lang='lat' dir='ltr'><strong><em>cum</em></strong></span> <span class='ocrx_word' id='word_1_145' title='bbox 3187 1280 3347 1348; x_wconf 85' lang='lat' dir='ltr'><strong><em>hujus</em></strong></span> <span class='ocrx_word' id='word_1_146' title='bbox 3376 1285 3578 1337; x_wconf 62' lang='lat' dir='ltr'><strong><em>saeculi</em></strong></span> <span class='ocrx_word' id='word_1_147' title='bbox 3621 1287 3739 1340; x_wconf 86' lang='lat' dir='ltr'><strong><em>dies</em></strong></span> <span class='ocrx_word' id='word_1_148' title='bbox 3782 1305 3856 1339; x_wconf 76' lang='lat' dir='ltr'><strong><em>una</em></strong></span> 
     </span>
    </p>
   </div>
   <div class='ocr_carea' id='block_1_14' title="bbox 620 1364 2177 1448">
    <p class='ocr_par' dir='ltr' id='par_1_14' title="bbox 620 1364 2177 1442">
     <span class='ocr_line' id='line_1_14' title="bbox 620 1364 2177 1442; baseline 0.006 -25"><span class='ocrx_word' id='word_1_149' title='bbox 620 1364 734 1420; x_wconf 82' lang='lat' dir='ltr'><strong><em>rius</em></strong></span> <span class='ocrx_word' id='word_1_150' title='bbox 783 1365 1038 1432; x_wconf 81' lang='lat' dir='ltr'><strong><em>diximus,</em></strong></span> <span class='ocrx_word' id='word_1_151' title='bbox 1101 1371 1436 1425; x_wconf 90' lang='lat' dir='ltr'><strong><em>tetenderint</em></strong></span> <span class='ocrx_word' id='word_1_152' title='bbox 1492 1372 1756 1428; x_wconf 87' lang='lat' dir='ltr'><strong><em>adversus</em></strong></span> <span class='ocrx_word' id='word_1_153' title='bbox 1801 1372 2015 1442; x_wconf 88' lang='lat' dir='ltr'><strong><em>justos;</em></strong></span> <span class='ocrx_word' id='word_1_154' title='bbox 2073 1388 2177 1426; x_wconf 90' lang='lat' dir='ltr'><strong><em>cun</em></strong></span> 
     </span>
    </p>
   </div>
   <div class='ocr_carea' id='block_1_15' title="bbox 2296 1364 3853 1448">
    <p class='ocr_par' dir='ltr' id='par_1_15' title="bbox 2297 1364 3853 1448">
     <span class='ocr_line' id='line_1_15' title="bbox 2297 1364 3853 1448; baseline 0.01 -32"><span class='ocrx_word' id='word_1_155' title='bbox 2297 1364 2595 1435; x_wconf 82' lang='lat' dir='ltr'><strong><em>eademque</em></strong></span> <span class='ocrx_word' id='word_1_156' title='bbox 2625 1368 2696 1421; x_wconf 90' lang='lat' dir='ltr'><strong><em>sit</em></strong></span> <span class='ocrx_word' id='word_1_157' title='bbox 2741 1371 3016 1433; x_wconf 78' lang='lat' dir='ltr'><strong><em>omnibus,</em></strong></span> <span class='ocrx_word' id='word_1_158' title='bbox 3059 1381 3221 1442; x_wconf 88' lang='lat' dir='ltr'><strong><em>atque</em></strong></span> <span class='ocrx_word' id='word_1_159' title='bbox 3254 1375 3305 1427; x_wconf 87' lang='lat' dir='ltr'><strong><em>in</em></strong></span> <span class='ocrx_word' id='word_1_160' title='bbox 3355 1378 3560 1431; x_wconf 85' lang='lat' dir='ltr'><strong><em>eadem</em></strong></span> <span class='ocrx_word' id='word_1_161' title='bbox 3601 1378 3853 1448; x_wconf 69' lang='lat' dir='ltr'><strong><em>sivejusti.</em></strong></span> 
     </span>
    </p>
   </div>
   <div class='ocr_carea' id='block_1_16' title="bbox 618 1455 3856 1539">
    <p class='ocr_par' dir='ltr' id='par_1_16' title="bbox 618 1455 3856 1539">
     <span class='ocr_line' id='line_1_16' title="bbox 618 1455 3856 1539; baseline 0.005 -30"><span class='ocrx_word' id='word_1_162' title='bbox 618 1455 734 1510; x_wconf 67' lang='lat' dir='ltr'><strong><em>haec</em></strong></span> <span class='ocrx_word' id='word_1_163' title='bbox 784 1460 962 1514; x_wconf 89' lang='lat' dir='ltr'><strong><em>omnis</em></strong></span> <span class='ocrx_word' id='word_1_164' title='bbox 1013 1475 1198 1515; x_wconf 89' lang='lat' dir='ltr'><strong><em>eorum</em></strong></span> <span class='ocrx_word' id='word_1_165' title='bbox 1236 1462 1462 1518; x_wconf 87' lang='lat' dir='ltr'><strong><em>intentio</em></strong></span> <span class='ocrx_word' id='word_1_166' title='bbox 1515 1465 1730 1520; x_wconf 90' lang='lat' dir='ltr'><strong><em>Domini</em></strong></span> <span class='ocrx_word' id='word_1_167' title='bbox 1784 1465 1950 1521; x_wconf 90' lang='lat' dir='ltr'><strong><em>fuerit</em></strong></span> <span class='ocrx_word' id='word_1_168' title='bbox 1994 1466 2194 1520; x_wconf 81' lang='lat' dir='ltr'><strong><em>virtute</em></strong></span> <span class='ocrx_word' id='word_1_169' title='bbox 2296 1458 2413 1514; x_wconf 87' lang='lat' dir='ltr'><strong><em>sive</em></strong></span> <span class='ocrx_word' id='word_1_170' title='bbox 2439 1470 2754 1527; x_wconf 88' lang='lat' dir='ltr'><strong><em>peccatores</em></strong></span> <span class='ocrx_word' id='word_1_171' title='bbox 2790 1462 2950 1516; x_wconf 86' lang='lat' dir='ltr'><strong><em>simul</em></strong></span> <span class='ocrx_word' id='word_1_172' title='bbox 2981 1463 3098 1518; x_wconf 90' lang='lat' dir='ltr'><strong><em>luce</em></strong></span> <span class='ocrx_word' id='word_1_173' title='bbox 3126 1479 3416 1522; x_wconf 81' lang='lat' dir='ltr'><strong><em>versentur</em></strong></span> <span class='ocrx_word' id='word_1_174' title='bbox 3452 1488 3468 1522; x_wconf 89' lang='lat'><strong>:</strong></span> <span class='ocrx_word' id='word_1_175' title='bbox 3503 1470 3734 1525; x_wconf 79' lang='lat' dir='ltr'><strong><em>sicutet</em></strong></span> <span class='ocrx_word' id='word_1_176' title='bbox 3775 1474 3856 1539; x_wconf 74' lang='lat' dir='ltr'><strong><em>ipse</em></strong></span> 
     </span>
    </p>
   </div>
   <div class='ocr_carea' id='block_1_17' title="bbox 617 1547 2174 1630">
    <p class='ocr_par' dir='ltr' id='par_1_17' title="bbox 617 1548 2174 1628">
     <span class='ocr_line' id='line_1_17' title="bbox 617 1548 2174 1628; baseline 0.009 -29"><span class='ocrx_word' id='word_1_177' title='bbox 617 1548 930 1615; x_wconf 85' lang='lat' dir='ltr'><strong><em>destructa,</em></strong></span> <span class='ocrx_word' id='word_1_178' title='bbox 987 1553 1066 1607; x_wconf 85' lang='lat' dir='ltr'><strong><em>sic</em></strong></span> <span class='ocrx_word' id='word_1_179' title='bbox 1140 1555 1337 1609; x_wconf 89' lang='lat' dir='ltr'><strong><em>merito</em></strong></span> <span class='ocrx_word' id='word_1_180' title='bbox 1395 1555 1598 1612; x_wconf 91' lang='lat' dir='ltr'><strong><em>dicitur</em></strong></span> <span class='ocrx_word' id='word_1_181' title='bbox 1657 1557 1937 1612; x_wconf 84' lang='lat' dir='ltr'><strong><em>brachium</em></strong></span> <span class='ocrx_word' id='word_1_182' title='bbox 2002 1573 2174 1628; x_wconf 29' lang='lat' dir='ltr'><strong><em>peccat</em></strong></span> 
     </span>
    </p>
   </div>
   <div class='ocr_carea' id='block_1_18' title="bbox 2298 1547 3855 1630">
    <p class='ocr_par' dir='ltr' id='par_1_18' title="bbox 2298 1547 3855 1630">
     <span class='ocr_line' id='line_1_18' title="bbox 2298 1547 3855 1630; baseline 0.008 -29"><span class='ocrx_word' id='word_1_183' title='bbox 2298 1547 2556 1605; x_wconf 87' lang='lat' dir='ltr'><strong><em>Dominus</em></strong></span> <span class='ocrx_word' id='word_1_184' title='bbox 2587 1551 2650 1605; x_wconf 92' lang='lat' dir='ltr'><strong><em>de</em></strong></span> <span class='ocrx_word' id='word_1_185' title='bbox 2673 1549 2836 1606; x_wconf 81' lang='lat' dir='ltr'><strong><em>Patre</em></strong></span> <span class='ocrx_word' id='word_1_186' title='bbox 2869 1554 3000 1607; x_wconf 89' lang='lat' dir='ltr'><strong><em>dicit</em></strong></span> <span class='ocrx_word' id='word_1_187' title='bbox 3032 1555 3096 1618; x_wconf 85' lang='grc'><strong><em>³⁸,</em></strong></span> <span class='ocrx_word' id='word_1_188' title='bbox 3129 1558 3253 1625; x_wconf 86' lang='lat' dir='ltr'><strong><em>quia</em></strong></span> <span class='ocrx_word' id='word_1_189' title='bbox 3307 1561 3479 1612; x_wconf 79' lang='lat' dir='ltr'><strong><em>solent</em></strong></span> <span class='ocrx_word' id='word_1_190' title='bbox 3531 1576 3698 1612; x_wconf 86' lang='lat' dir='ltr'><strong><em>suum</em></strong></span> <span class='ocrx_word' id='word_1_191' title='bbox 3739 1562 3855 1630; x_wconf 74' lang='lat' dir='ltr'><strong><em>jubet</em></strong></span> 
     </span>
    </p>
   </div>
   <div class='ocr_carea' id='block_1_19' title="bbox 618 1639 3856 1721">
    <p class='ocr_par' dir='ltr' id='par_1_19' title="bbox 618 1639 3856 1721">
     <span class='ocr_line' id='line_1_19' title="bbox 618 1639 3856 1721; baseline 0.007 -41"><span class='ocrx_word' id='word_1_192' title='bbox 618 1639 751 1691; x_wconf 69' lang='grc' dir='ltr'><strong><em>ιοτίς</em></strong></span> <span class='ocrx_word' id='word_1_193' title='bbox 808 1655 930 1696; x_wconf 72' lang='lat' dir='ltr'><strong>esse</strong></span> <span class='ocrx_word' id='word_1_194' title='bbox 980 1646 1298 1702; x_wconf 60' lang='lat' dir='ltr'><strong><em>contritum.</em></strong></span> <span class='ocrx_word' id='word_1_195' title='bbox 1380 1647 1472 1703; x_wconf 77' lang='lat' dir='ltr'><strong><em>vel</em></strong></span> <span class='ocrx_word' id='word_1_196' title='bbox 1530 1649 1640 1704; x_wconf 65' lang='lat' dir='ltr'><strong><em>a|i0</em></strong></span> <span class='ocrx_word' id='word_1_197' title='bbox 1703 1651 1860 1704; x_wconf 76' lang='lat' dir='ltr'><strong><em>modo</em></strong></span> <span class='ocrx_word' id='word_1_198' title='bbox 1937 1652 2189 1721; x_wconf 78' lang='lat' dir='ltr'><strong><em>quoniam</em></strong></span> <span class='ocrx_word' id='word_1_199' title='bbox 2294 1639 2422 1693; x_wconf 86' lang='lat' dir='ltr'><strong><em>ariri</em></strong></span> <span class='ocrx_word' id='word_1_200' title='bbox 2451 1656 2608 1709; x_wconf 83' lang='lat' dir='ltr'><strong><em>super</em></strong></span> <span class='ocrx_word' id='word_1_201' title='bbox 2631 1642 2789 1695; x_wconf 86' lang='lat' dir='ltr'><strong><em>bonos</em></strong></span> <span class='ocrx_word' id='word_1_202' title='bbox 2812 1651 2860 1696; x_wconf 89' lang='lat' dir='ltr'><strong><em>et</em></strong></span> <span class='ocrx_word' id='word_1_203' title='bbox 2883 1643 3070 1703; x_wconf 86' lang='lat' dir='ltr'><strong><em>malos.</em></strong></span> <span class='ocrx_word' id='word_1_204' title='bbox 3094 1643 3377 1712; x_wconf 87' lang='lat' dir='ltr'><strong><em>Quomodo</em></strong></span> <span class='ocrx_word' id='word_1_205' title='bbox 3430 1662 3576 1719; x_wconf 84' lang='lat' dir='ltr'><strong><em>ergo</em></strong></span> <span class='ocrx_word' id='word_1_206' title='bbox 3745 1653 3856 1703; x_wconf 68' lang='lat' dir='ltr'><strong><em>velut</em></strong></span> 
     </span>
    </p>
   </div>
   <div class='ocr_carea' id='block_1_20' title="bbox 611 1730 3857 1842">
    <p class='ocr_par' dir='ltr' id='par_1_20' title="bbox 611 1730 3857 1842">
     <span class='ocr_line' id='line_1_20' title="bbox 611 1730 3857 1842; baseline 0.009 -58"><span class='ocrx_word' id='word_1_207' title='bbox 611 1730 776 1802; x_wconf 76' lang='lat'><strong><em>667</em></strong></span> <span class='ocrx_word' id='word_1_208' title='bbox 807 1749 995 1790; x_wconf 90' lang='lat' dir='ltr'><strong><em>manus</em></strong></span> <span class='ocrx_word' id='word_1_209' title='bbox 1035 1747 1086 1791; x_wconf 90' lang='lat' dir='ltr'><strong><em>et</em></strong></span> <span class='ocrx_word' id='word_1_210' title='bbox 1132 1738 1412 1795; x_wconf 90' lang='lat' dir='ltr'><strong><em>brachium</em></strong></span> <span class='ocrx_word' id='word_1_211' title='bbox 1455 1743 1639 1810; x_wconf 76' lang='lat' dir='ltr'><strong><em>aperis</em></strong></span> <span class='ocrx_word' id='word_1_212' title='bbox 1675 1753 1760 1798; x_wconf 89' lang='lat' dir='ltr'><strong><em>est</em></strong></span> <span class='ocrx_word' id='word_1_213' title='bbox 1809 1743 2092 1798; x_wconf 87' lang='lat' dir='ltr'><strong><em>indicium.</em></strong></span> <span class='ocrx_word' id='word_1_214' title='bbox 2126 1743 2184 1798; x_wconf 91' lang='lat' dir='ltr'><strong><em>Si</em></strong></span> <span class='ocrx_word' id='word_1_215' title='bbox 2216 1786 2260 1842; x_wconf 77' lang='grc' dir='ltr'><strong>Β</strong></span> <span class='ocrx_word' id='word_1_216' title='bbox 2293 1741 2578 1842; x_wconf 64' lang='grc' dir='ltr'><strong><em>ξξεθνιυηι</em></strong></span> <span class='ocrx_word' id='word_1_217' title='bbox 2627 1731 2848 1842; x_wconf 40' lang='grc' dir='ltr'><strong><em>κιίψιίιξ,</em></strong></span> <span class='ocrx_word' id='word_1_218' title='bbox 2889 1746 2945 1837; x_wconf 48' lang='lat' dir='ltr'><strong><em>fu</em></strong></span> <span class='ocrx_word' id='word_1_219' title='bbox 2999 1747 3342 1842; x_wconf 57' lang='grc' dir='ltr'><strong><em>εξενεᾳθιυιξι</em></strong></span> <span class='ocrx_word' id='word_1_220' title='bbox 3360 1738 3857 1842; x_wconf 48' lang='grc' dir='ltr'><strong><em>ηῖπξῐηξςυιείθτυει</em></strong></span> 
     </span>
    </p>
   </div>
   <div class='ocr_carea' id='block_1_21' title="bbox 612 1821 3856 1904">
    <p class='ocr_par' dir='ltr' id='par_1_21' title="bbox 612 1821 3856 1904">
     <span class='ocr_line' id='line_1_21' title="bbox 612 1821 3856 1904; baseline 0.007 -41"><span class='ocrx_word' id='word_1_221' title='bbox 612 1839 743 1892; x_wconf 69' lang='grc' dir='ltr'><strong><em>ει*ςο</em></strong></span> <span class='ocrx_word' id='word_1_222' title='bbox 777 1825 960 1880; x_wconf 69' lang='lat' dir='ltr'><strong><em>videas</em></strong></span> <span class='ocrx_word' id='word_1_223' title='bbox 989 1839 1342 1899; x_wconf 64' lang='grc' dir='ltr'><strong><em>ρθοοηιοτθφ</em></strong></span> <span class='ocrx_word' id='word_1_224' title='bbox 1375 1833 1441 1885; x_wconf 68' lang='lat' dir='ltr'><strong><em>ad</em></strong></span> <span class='ocrx_word' id='word_1_225' title='bbox 1483 1847 1617 1901; x_wconf 66' lang='lat' dir='ltr'><strong><em>opus</em></strong></span> <span class='ocrx_word' id='word_1_226' title='bbox 1668 1835 1894 1900; x_wconf 59' lang='lat' dir='ltr'><strong><em>bonum,</em></strong></span> <span class='ocrx_word' id='word_1_227' title='bbox 1929 1835 1995 1888; x_wconf 70' lang='lat' dir='ltr'><strong>ad</strong></span> <span class='ocrx_word' id='word_1_228' title='bbox 2051 1849 2186 1904; x_wconf 71' lang='lat' dir='ltr'><strong><em>opus</em></strong></span> <span class='ocrx_word' id='word_1_229' title='bbox 2216 1821 2260 1842; x_wconf 84' lang='grc'><strong><em>⁸¹</em></strong></span> <span class='ocrx_word' id='word_1_230' title='bbox 2290 1821 2408 1876; x_wconf 91' lang='lat' dir='ltr'><strong><em>dies</em></strong></span> <span class='ocrx_word' id='word_1_231' title='bbox 2436 1839 2767 1893; x_wconf 80' lang='lat' dir='ltr'><strong><em>cognoscere</em></strong></span> <span class='ocrx_word' id='word_1_232' title='bbox 2799 1825 3001 1881; x_wconf 90' lang='lat' dir='ltr'><strong><em>dicitur</em></strong></span> <span class='ocrx_word' id='word_1_233' title='bbox 3033 1827 3333 1885; x_wconf 76' lang='lat' dir='ltr'><strong><em>Dominus?</em></strong></span> <span class='ocrx_word' id='word_1_234' title='bbox 3360 1831 3476 1886; x_wconf 86' lang='lat' dir='ltr'><strong><em>Sed</em></strong></span> <span class='ocrx_word' id='word_1_235' title='bbox 3504 1832 3856 1887; x_wconf 70' lang='lat' dir='ltr'><strong><em>videamuset</em></strong></span> 
     </span>
    </p>
   </div>
   <div class='ocr_carea' id='block_1_22' title="bbox 612 1912 2169 1992">
    <p class='ocr_par' dir='ltr' id='par_1_22' title="bbox 612 1912 2169 1980">
     <span class='ocr_line' id='line_1_22' title="bbox 612 1912 2169 1980; baseline 0.01 -16"><span class='ocrx_word' id='word_1_236' title='bbox 612 1912 1006 1976; x_wconf 71' lang='lat' dir='ltr'><strong><em>misericordiae</em></strong></span> <span class='ocrx_word' id='word_1_237' title='bbox 1061 1934 1168 1972; x_wconf 91' lang='lat' dir='ltr'><strong><em>non</em></strong></span> <span class='ocrx_word' id='word_1_238' title='bbox 1228 1923 1611 1978; x_wconf 80' lang='lat' dir='ltr'><strong><em>extendentem</em></strong></span> <span class='ocrx_word' id='word_1_239' title='bbox 1687 1940 1906 1979; x_wconf 85' lang='lat' dir='ltr'><strong><em>manum</em></strong></span> <span class='ocrx_word' id='word_1_240' title='bbox 1987 1941 2169 1980; x_wconf 45' lang='lat' dir='ltr'><strong><em>suam.</em></strong></span> 
     </span>
    </p>
   </div>
   <div class='ocr_carea' id='block_1_23' title="bbox 2296 1912 3853 1992">
    <p class='ocr_par' dir='ltr' id='par_1_23' title="bbox 2296 1913 3853 1992">
     <span class='ocr_line' id='line_1_23' title="bbox 2296 1913 3853 1992; baseline 0.008 -26"><span class='ocrx_word' id='word_1_241' title='bbox 2296 1913 2428 1970; x_wconf 87' lang='lat' dir='ltr'><strong><em>forte</em></strong></span> <span class='ocrx_word' id='word_1_242' title='bbox 2462 1919 2834 1986; x_wconf 88' lang='lat' dir='ltr'><strong><em>unusquisque</em></strong></span> <span class='ocrx_word' id='word_1_243' title='bbox 2870 1920 3143 1988; x_wconf 81' lang='lat' dir='ltr'><strong><em>propriam</em></strong></span> <span class='ocrx_word' id='word_1_244' title='bbox 3195 1921 3298 1976; x_wconf 86' lang='lat' dir='ltr'><strong><em>sibi</em></strong></span> <span class='ocrx_word' id='word_1_245' title='bbox 3348 1923 3473 1992; x_wconf 88' lang='lat' dir='ltr'><strong><em>ipse</em></strong></span> <span class='ocrx_word' id='word_1_246' title='bbox 3508 1925 3686 1978; x_wconf 80' lang='lat' dir='ltr'><strong><em>faciat</em></strong></span> <span class='ocrx_word' id='word_1_247' title='bbox 3723 1929 3853 1978; x_wconf 79' lang='lat' dir='ltr'><strong><em>diem.</em></strong></span> 
     </span>
    </p>
   </div>
   <div class='ocr_carea' id='block_1_24' title="bbox 601 2006 2158 2086">
    <p class='ocr_par' dir='ltr' id='par_1_24' title="bbox 601 2006 2156 2086">
     <span class='ocr_line' id='line_1_24' title="bbox 601 2006 2156 2086; baseline 0.01 -28"><span class='ocrx_word' id='word_1_248' title='bbox 601 2006 908 2061; x_wconf 71' lang='lat' dir='ltr'><strong><em>obsurdum</em></strong></span> <span class='ocrx_word' id='word_1_249' title='bbox 947 2023 1051 2063; x_wconf 92' lang='lat' dir='ltr'><strong><em>non</em></strong></span> <span class='ocrx_word' id='word_1_250' title='bbox 1087 2012 1193 2067; x_wconf 91' lang='lat' dir='ltr'><strong><em>erit</em></strong></span> <span class='ocrx_word' id='word_1_251' title='bbox 1223 2012 1406 2070; x_wconf 84' lang='lat' dir='ltr'><strong><em>dicere</em></strong></span> <span class='ocrx_word' id='word_1_252' title='bbox 1437 2017 1724 2072; x_wconf 87' lang='lat' dir='ltr'><strong><em>brachium</em></strong></span> <span class='ocrx_word' id='word_1_253' title='bbox 1766 2018 1882 2086; x_wconf 85' lang='lat' dir='ltr'><strong><em>ejus</em></strong></span> <span class='ocrx_word' id='word_1_254' title='bbox 1912 2033 2034 2074; x_wconf 85' lang='lat' dir='ltr'><strong><em>esse</em></strong></span> <span class='ocrx_word' id='word_1_255' title='bbox 2056 2035 2156 2074; x_wconf 89' lang='lat' dir='ltr'><strong><em>con</em></strong></span> 
     </span>
    </p>
   </div>
   <div class='ocr_carea' id='block_1_25' title="bbox 2300 2006 3857 2086">
    <p class='ocr_par' dir='ltr' id='par_1_25' title="bbox 2300 2006 3857 2085">
     <span class='ocr_line' id='line_1_25' title="bbox 2300 2006 3857 2085; baseline 0.006 -25"><span class='ocrx_word' id='word_1_256' title='bbox 2300 2006 2428 2062; x_wconf 82' lang='lat' dir='ltr'><strong><em>Etsi</em></strong></span> <span class='ocrx_word' id='word_1_257' title='bbox 2461 2011 2676 2076; x_wconf 83' lang='lat' dir='ltr'><strong><em>quando</em></strong></span> <span class='ocrx_word' id='word_1_258' title='bbox 2722 2009 3046 2076; x_wconf 84' lang='lat' dir='ltr'><strong><em>abjicientes</em></strong></span> <span class='ocrx_word' id='word_1_259' title='bbox 3093 2012 3444 2067; x_wconf 84' lang='lat' dir='ltr'><strong><em>mendacium</em></strong></span> <span class='ocrx_word' id='word_1_260' title='bbox 3485 2013 3770 2085; x_wconf 83' lang='lat' dir='ltr'><strong><em>loquimur</em></strong></span> <span class='ocrx_word' id='word_1_261' title='bbox 3792 2033 3857 2069; x_wconf 79' lang='lat' dir='ltr'><strong><em>ve-</em></strong></span> 
     </span>
    </p>
   </div>
   <div class='ocr_carea' id='block_1_26' title="bbox 611 2097 2168 2176">
    <p class='ocr_par' dir='ltr' id='par_1_26' title="bbox 611 2097 2162 2170">
     <span class='ocr_line' id='line_1_26' title="bbox 611 2097 2162 2170; baseline 0.01 -21"><span class='ocrx_word' id='word_1_262' title='bbox 611 2097 822 2152; x_wconf 90' lang='lat' dir='ltr'><strong><em>tritum.</em></strong></span> <span class='ocrx_word' id='word_1_263' title='bbox 868 2099 973 2158; x_wconf 90' lang='lat' dir='ltr'><strong><em>Sed</em></strong></span> <span class='ocrx_word' id='word_1_264' title='bbox 1029 2100 1334 2170; x_wconf 90' lang='lat' dir='ltr'><strong><em>hnjnsmodi</em></strong></span> <span class='ocrx_word' id='word_1_265' title='bbox 1387 2107 1774 2162; x_wconf 88' lang='lat' dir='ltr'><strong><em>contritionem</em></strong></span> <span class='ocrx_word' id='word_1_266' title='bbox 1819 2125 1923 2163; x_wconf 94' lang='lat' dir='ltr'><strong><em>non</em></strong></span> <span class='ocrx_word' id='word_1_267' title='bbox 1977 2127 2006 2164; x_wconf 91' lang='lat' dir='ltr'><strong><em>a</em></strong></span> <span class='ocrx_word' id='word_1_268' title='bbox 2051 2109 2162 2165; x_wconf 89' lang='lat' dir='ltr'><strong><em>Deo</em></strong></span> 
     </span>
    </p>
   </div>
   <div class='ocr_carea' id='block_1_27' title="bbox 2299 2097 3856 2176">
    <p class='ocr_par' dir='ltr' id='par_1_27' title="bbox 2299 2099 3856 2171">
     <span class='ocr_line' id='line_1_27' title="bbox 2299 2099 3856 2171; baseline 0.008 -20"><span class='ocrx_word' id='word_1_269' title='bbox 2299 2099 2505 2153; x_wconf 88' lang='lat' dir='ltr'><strong><em>ritatem</em></strong></span> <span class='ocrx_word' id='word_1_270' title='bbox 2554 2117 2676 2155; x_wconf 91' lang='lat' dir='ltr'><strong><em>cum</em></strong></span> <span class='ocrx_word' id='word_1_271' title='bbox 2727 2104 2975 2171; x_wconf 80' lang='lat' dir='ltr'><strong><em>proximo</em></strong></span> <span class='ocrx_word' id='word_1_272' title='bbox 3028 2114 3234 2169; x_wconf 90' lang='lat' dir='ltr'><strong><em>nostro,</em></strong></span> <span class='ocrx_word' id='word_1_273' title='bbox 3282 2106 3337 2160; x_wconf 90' lang='lat' dir='ltr'><strong><em>in</em></strong></span> <span class='ocrx_word' id='word_1_274' title='bbox 3401 2110 3674 2164; x_wconf 80' lang='lat' dir='ltr'><strong><em>veritatis</em></strong></span> <span class='ocrx_word' id='word_1_275' title='bbox 3715 2111 3794 2164; x_wconf 85' lang='lat' dir='ltr'><strong><em>die</em></strong></span> <span class='ocrx_word' id='word_1_276' title='bbox 3817 2120 3856 2163; x_wconf 79' lang='lat' dir='ltr'><strong><em>et</em></strong></span> 
     </span>
    </p>
   </div>
   <div class='ocr_carea' id='block_1_28' title="bbox 606 2191 3856 2268">
    <p class='ocr_par' dir='ltr' id='par_1_28' title="bbox 606 2191 3856 2268">
     <span class='ocr_line' id='line_1_28' title="bbox 606 2191 3856 2268; baseline 0.007 -39"><span class='ocrx_word' id='word_1_277' title='bbox 606 2191 703 2246; x_wconf 61' lang='grc' dir='ltr'><strong><em>,εει</em></strong></span> <span class='ocrx_word' id='word_1_278' title='bbox 740 2206 770 2244; x_wconf 69' lang='lat' dir='ltr'><strong>a</strong></span> <span class='ocrx_word' id='word_1_279' title='bbox 820 2192 1034 2247; x_wconf 69' lang='lat' dir='ltr'><strong>diabolo</strong></span> <span class='ocrx_word' id='word_1_280' title='bbox 1068 2193 1184 2249; x_wconf 70' lang='grc' dir='ltr'><strong><em>σοι-ί</em></strong></span> <span class='ocrx_word' id='word_1_281' title='bbox 1229 2197 1563 2252; x_wconf 63' lang='lat' dir='ltr'><strong><em>credendum</em></strong></span> <span class='ocrx_word' id='word_1_282' title='bbox 1599 2209 1699 2255; x_wconf 62' lang='grc' dir='ltr'><strong><em>εει,</em></strong></span> <span class='ocrx_word' id='word_1_283' title='bbox 1750 2201 1867 2268; x_wconf 72' lang='lat' dir='ltr'><strong><em>Ipse</em></strong></span> <span class='ocrx_word' id='word_1_284' title='bbox 1902 2211 1985 2257; x_wconf 70' lang='grc' dir='ltr'><strong><em>εει</em></strong></span> <span class='ocrx_word' id='word_1_285' title='bbox 2039 2203 2182 2258; x_wconf 69' lang='lat' dir='ltr'><strong><em>enim</em></strong></span> <span class='ocrx_word' id='word_1_286' title='bbox 2290 2192 2533 2247; x_wconf 77' lang='lat' dir='ltr'><strong><em>veritatis</em></strong></span> <span class='ocrx_word' id='word_1_287' title='bbox 2567 2193 2688 2248; x_wconf 90' lang='lat' dir='ltr'><strong><em>luce</em></strong></span> <span class='ocrx_word' id='word_1_288' title='bbox 2717 2209 3020 2249; x_wconf 77' lang='lat' dir='ltr'><strong><em>versamur.</em></strong></span> <span class='ocrx_word' id='word_1_289' title='bbox 3075 2194 3341 2252; x_wconf 88' lang='lat' dir='ltr'><strong><em>Similiter</em></strong></span> <span class='ocrx_word' id='word_1_290' title='bbox 3366 2207 3428 2252; x_wconf 89' lang='lat' dir='ltr'><strong><em>et</em></strong></span> <span class='ocrx_word' id='word_1_291' title='bbox 3472 2214 3611 2252; x_wconf 88' lang='lat' dir='ltr'><strong><em>cum</em></strong></span> <span class='ocrx_word' id='word_1_292' title='bbox 3653 2203 3856 2255; x_wconf 82' lang='lat' dir='ltr'><strong><em>retrahi-</em></strong></span> 
     </span>
    </p>
   </div>
   <div class='ocr_carea' id='block_1_29' title="bbox 605 2274 2162 2362">
    <p class='ocr_par' dir='ltr' id='par_1_29' title="bbox 605 2274 2162 2362">
     <span class='ocr_line' id='line_1_29' title="bbox 605 2274 2162 2362; baseline 0.008 -29"><span class='ocrx_word' id='word_1_293' title='bbox 605 2282 698 2350; x_wconf 90' lang='lat' dir='ltr'><strong><em>qui</em></strong></span> <span class='ocrx_word' id='word_1_294' title='bbox 730 2284 968 2338; x_wconf 87' lang='lat' dir='ltr'><strong><em>conterit</em></strong></span> <span class='ocrx_word' id='word_1_295' title='bbox 993 2274 1056 2339; x_wconf 67' lang='grc' dir='ltr'><strong><em>ὀι</em></strong></span> <span class='ocrx_word' id='word_1_296' title='bbox 1093 2287 1426 2359; x_wconf 76' lang='lat' dir='ltr'><strong><em>constringit</em></strong></span> <span class='ocrx_word' id='word_1_297' title='bbox 1450 2291 1675 2344; x_wconf 87' lang='lat' dir='ltr'><strong><em>brachia</em></strong></span> <span class='ocrx_word' id='word_1_298' title='bbox 1705 2303 2087 2362; x_wconf 88' lang='lat' dir='ltr'><strong><em>peccatorum,</em></strong></span> <span class='ocrx_word' id='word_1_299' title='bbox 2119 2311 2162 2348; x_wconf 83' lang='lat' dir='ltr'><strong><em>tu</em></strong></span> 
     </span>
    </p>
   </div>
   <div class='ocr_carea' id='block_1_30' title="bbox 2297 2274 3854 2362">
    <p class='ocr_par' dir='ltr' id='par_1_30' title="bbox 2297 2286 3854 2357">
     <span class='ocr_line' id='line_1_30' title="bbox 2297 2286 3854 2357; baseline 0.005 -20"><span class='ocrx_word' id='word_1_300' title='bbox 2297 2300 2407 2339; x_wconf 92' lang='lat' dir='ltr'><strong><em>rnus</em></strong></span> <span class='ocrx_word' id='word_1_301' title='bbox 2451 2302 2548 2340; x_wconf 89' lang='lat' dir='ltr'><strong><em>nos</em></strong></span> <span class='ocrx_word' id='word_1_302' title='bbox 2587 2287 2656 2340; x_wconf 89' lang='lat' dir='ltr'><strong><em>ab</em></strong></span> <span class='ocrx_word' id='word_1_303' title='bbox 2692 2286 2760 2343; x_wconf 89' lang='lat' dir='ltr'><strong><em>iis</em></strong></span> <span class='ocrx_word' id='word_1_304' title='bbox 2793 2288 2883 2356; x_wconf 86' lang='lat' dir='ltr'><strong><em>qui</em></strong></span> <span class='ocrx_word' id='word_1_305' title='bbox 2926 2289 3158 2343; x_wconf 88' lang='lat' dir='ltr'><strong><em>oderunt</em></strong></span> <span class='ocrx_word' id='word_1_306' title='bbox 3181 2288 3403 2357; x_wconf 83' lang='lat' dir='ltr'><strong><em>fratres,</em></strong></span> <span class='ocrx_word' id='word_1_307' title='bbox 3461 2301 3521 2344; x_wconf 91' lang='lat' dir='ltr'><strong><em>et</em></strong></span> <span class='ocrx_word' id='word_1_308' title='bbox 3562 2291 3619 2345; x_wconf 93' lang='lat' dir='ltr'><strong><em>in</em></strong></span> <span class='ocrx_word' id='word_1_309' title='bbox 3653 2294 3854 2346; x_wconf 75' lang='lat' dir='ltr'><strong><em>tenebris</em></strong></span> 
     </span>
    </p>
   </div>
   <div class='ocr_carea' id='block_1_31' title="bbox 606 2373 2163 2454">
    <p class='ocr_par' dir='ltr' id='par_1_31' title="bbox 606 2373 2163 2454">
     <span class='ocr_line' id='line_1_31' title="bbox 606 2373 2163 2454; baseline 0.011 -30"><span class='ocrx_word' id='word_1_310' title='bbox 606 2373 675 2426; x_wconf 83' lang='lat' dir='ltr'><strong><em>ad</em></strong></span> <span class='ocrx_word' id='word_1_311' title='bbox 718 2375 1148 2432; x_wconf 90' lang='lat' dir='ltr'><strong><em>misericordiam</em></strong></span> <span class='ocrx_word' id='word_1_312' title='bbox 1193 2383 1574 2436; x_wconf 77' lang='lat' dir='ltr'><strong><em>extendantur.</em></strong></span> <span class='ocrx_word' id='word_1_313' title='bbox 1627 2383 1713 2437; x_wconf 83' lang='lat' dir='ltr'><strong><em>Fit</em></strong></span> <span class='ocrx_word' id='word_1_314' title='bbox 1760 2399 1889 2453; x_wconf 87' lang='lat' dir='ltr'><strong><em>ergo</em></strong></span> <span class='ocrx_word' id='word_1_315' title='bbox 1933 2388 2163 2454; x_wconf 73' lang='lat' dir='ltr'><strong><em>qumdan</em></strong></span> 
     </span>
    </p>
   </div>
   <div class='ocr_carea' id='block_1_32' title="bbox 2294 2373 3851 2454">
    <p class='ocr_par' dir='ltr' id='par_1_32' title="bbox 2294 2376 3851 2450">
     <span class='ocr_line' id='line_1_32' title="bbox 2294 2376 3851 2450; baseline 0.001 -19"><span class='ocrx_word' id='word_1_316' title='bbox 2294 2376 2585 2442; x_wconf 82' lang='lat' dir='ltr'><strong><em>ambulant,</em></strong></span> <span class='ocrx_word' id='word_1_317' title='bbox 2632 2386 2689 2431; x_wconf 92' lang='lat' dir='ltr'><strong><em>et</em></strong></span> <span class='ocrx_word' id='word_1_318' title='bbox 2737 2379 2787 2430; x_wconf 95' lang='lat' dir='ltr'><strong><em>in</em></strong></span> <span class='ocrx_word' id='word_1_319' title='bbox 2835 2378 3134 2432; x_wconf 83' lang='lat' dir='ltr'><strong><em>dilectione</em></strong></span> <span class='ocrx_word' id='word_1_320' title='bbox 3172 2379 3408 2433; x_wconf 83' lang='lat' dir='ltr'><strong><em>fratrum</em></strong></span> <span class='ocrx_word' id='word_1_321' title='bbox 3451 2395 3851 2450; x_wconf 81' lang='lat' dir='ltr'><strong><em>pernianemns,</em></strong></span> 
     </span>
    </p>
   </div>
   <div class='ocr_carea' id='block_1_33' title="bbox 606 2466 3850 2544">
    <p class='ocr_par' dir='ltr' id='par_1_33' title="bbox 606 2466 3850 2544">
     <span class='ocr_line' id='line_1_33' title="bbox 606 2466 3850 2544; baseline 0.006 -34"><span class='ocrx_word' id='word_1_322' title='bbox 606 2466 862 2520; x_wconf 78' lang='lat' dir='ltr'><strong><em>contritio</em></strong></span> <span class='ocrx_word' id='word_1_323' title='bbox 922 2480 1271 2537; x_wconf 75' lang='lat' dir='ltr'><strong><em>peccatorum</em></strong></span> <span class='ocrx_word' id='word_1_324' title='bbox 1307 2488 1336 2526; x_wconf 70' lang='grc' dir='ltr'><strong>ο</strong></span> <span class='ocrx_word' id='word_1_325' title='bbox 1377 2475 1507 2540; x_wconf 72' lang='lat' dir='ltr'><strong><em>Deo,</em></strong></span> <span class='ocrx_word' id='word_1_326' title='bbox 1561 2490 1684 2529; x_wconf 77' lang='lat' dir='ltr'><strong><em>cum</em></strong></span> <span class='ocrx_word' id='word_1_327' title='bbox 1736 2475 2056 2533; x_wconf 64' lang='lat' dir='ltr'><strong><em>insidiantes</em></strong></span> <span class='ocrx_word' id='word_1_328' title='bbox 2088 2493 2182 2534; x_wconf 72' lang='lat' dir='ltr'><strong><em>eos</em></strong></span> <span class='ocrx_word' id='word_1_329' title='bbox 2286 2470 2399 2525; x_wconf 90' lang='lat' dir='ltr'><strong><em>dies</em></strong></span> <span class='ocrx_word' id='word_1_330' title='bbox 2433 2471 2590 2526; x_wconf 89' lang='lat' dir='ltr'><strong><em>nobis</em></strong></span> <span class='ocrx_word' id='word_1_331' title='bbox 2617 2469 2846 2526; x_wconf 79' lang='lat' dir='ltr'><strong><em>facimus</em></strong></span> <span class='ocrx_word' id='word_1_332' title='bbox 2875 2474 3187 2527; x_wconf 83' lang='lat' dir='ltr'><strong><em>charilatis.</em></strong></span> <span class='ocrx_word' id='word_1_333' title='bbox 3221 2473 3326 2527; x_wconf 85' lang='lat' dir='ltr'><strong><em>Sed</em></strong></span> <span class='ocrx_word' id='word_1_334' title='bbox 3353 2481 3414 2526; x_wconf 92' lang='lat' dir='ltr'><strong><em>et</em></strong></span> <span class='ocrx_word' id='word_1_335' title='bbox 3451 2489 3586 2528; x_wconf 88' lang='lat' dir='ltr'><strong><em>cum</em></strong></span> <span class='ocrx_word' id='word_1_336' title='bbox 3613 2473 3850 2544; x_wconf 71' lang='lat' dir='ltr'><strong><em>justitiam</em></strong></span> 
     </span>
    </p>
   </div>
   <div class='ocr_carea' id='block_1_34' title="bbox 600 2555 3854 2637">
    <p class='ocr_par' dir='ltr' id='par_1_34' title="bbox 600 2555 3854 2637">
     <span class='ocr_line' id='line_1_34' title="bbox 600 2555 3854 2637; baseline 0.004 -34"><span class='ocrx_word' id='word_1_337' title='bbox 600 2555 749 2625; x_wconf 81' lang='lat' dir='ltr'><strong><em>justo</em></strong></span> <span class='ocrx_word' id='word_1_338' title='bbox 775 2558 1005 2614; x_wconf 77' lang='lat' dir='ltr'><strong><em>destruit</em></strong></span> <span class='ocrx_word' id='word_1_339' title='bbox 1036 2570 1092 2616; x_wconf 83' lang='lat' dir='ltr'><strong><em>et</em></strong></span> <span class='ocrx_word' id='word_1_340' title='bbox 1121 2563 1394 2631; x_wconf 76' lang='lat' dir='ltr'><strong><em>deterret;</em></strong></span> <span class='ocrx_word' id='word_1_341' title='bbox 1440 2566 1689 2634; x_wconf 58' lang='lat' dir='ltr'><strong><em>quaedam</em></strong></span> <span class='ocrx_word' id='word_1_342' title='bbox 1720 2583 1848 2622; x_wconf 79' lang='lat' dir='ltr'><strong><em>vero</em></strong></span> <span class='ocrx_word' id='word_1_343' title='bbox 1879 2585 1906 2621; x_wconf 69' lang='grc' dir='ltr'><strong><em>ει</em></strong></span> <span class='ocrx_word' id='word_1_344' title='bbox 1941 2569 2180 2637; x_wconf 57' lang='lat' dir='ltr'><strong><em>diabolo.</em></strong></span> <span class='ocrx_word' id='word_1_345' title='bbox 2284 2562 2648 2628; x_wconf 83' lang='lat' dir='ltr'><strong><em>custodimus,</em></strong></span> <span class='ocrx_word' id='word_1_346' title='bbox 2682 2576 2736 2619; x_wconf 88' lang='lat' dir='ltr'><strong><em>et</em></strong></span> <span class='ocrx_word' id='word_1_347' title='bbox 2759 2580 2882 2618; x_wconf 90' lang='lat' dir='ltr'><strong><em>cum</em></strong></span> <span class='ocrx_word' id='word_1_348' title='bbox 2928 2568 3210 2620; x_wconf 75' lang='lat' dir='ltr'><strong><em>visitantes</em></strong></span> <span class='ocrx_word' id='word_1_349' title='bbox 3254 2565 3452 2620; x_wconf 84' lang='lat' dir='ltr'><strong><em>viduas</em></strong></span> <span class='ocrx_word' id='word_1_350' title='bbox 3480 2580 3658 2636; x_wconf 85' lang='lat' dir='ltr'><strong><em>atque</em></strong></span> <span class='ocrx_word' id='word_1_351' title='bbox 3681 2570 3854 2634; x_wconf 65' lang='lat' dir='ltr'><strong><em>Orpha-</em></strong></span> 
     </span>
    </p>
   </div>
   <div class='ocr_carea' id='block_1_35' title="bbox 604 2649 3854 2721">
    <p class='ocr_par' dir='ltr' id='par_1_35' title="bbox 604 2649 3854 2721">
     <span class='ocr_line' id='line_1_35' title="bbox 604 2649 3854 2721; baseline 0.005 -27"><span class='ocrx_word' id='word_1_352' title='bbox 604 2663 728 2701; x_wconf 85' lang='lat' dir='ltr'><strong><em>cum</em></strong></span> <span class='ocrx_word' id='word_1_353' title='bbox 776 2649 902 2705; x_wconf 83' lang='lat' dir='ltr'><strong><em>boni</em></strong></span> <span class='ocrx_word' id='word_1_354' title='bbox 933 2654 1121 2721; x_wconf 78' lang='lat' dir='ltr'><strong><em>operis</em></strong></span> <span class='ocrx_word' id='word_1_355' title='bbox 1157 2656 1335 2709; x_wconf 73' lang='lat' dir='ltr'><strong><em>studia</em></strong></span> <span class='ocrx_word' id='word_1_356' title='bbox 1386 2657 1530 2711; x_wconf 66' lang='lat' dir='ltr'><strong><em>velut</em></strong></span> <span class='ocrx_word' id='word_1_357' title='bbox 1574 2659 1772 2714; x_wconf 74' lang='lat' dir='ltr'><strong><em>vinctis</em></strong></span> <span class='ocrx_word' id='word_1_358' title='bbox 1827 2672 1881 2715; x_wconf 75' lang='grc' dir='ltr'><strong><em>ει</em></strong></span> <span class='ocrx_word' id='word_1_359' title='bbox 1931 2664 2182 2718; x_wconf 66' lang='lat' dir='ltr'><strong><em>contritis</em></strong></span> <span class='ocrx_word' id='word_1_360' title='bbox 2287 2672 2384 2711; x_wconf 90' lang='lat' dir='ltr'><strong><em>nos</em></strong></span> <span class='ocrx_word' id='word_1_361' title='bbox 2423 2659 2474 2712; x_wconf 91' lang='lat' dir='ltr'><strong><em>in</em></strong></span> <span class='ocrx_word' id='word_1_362' title='bbox 2505 2657 2856 2712; x_wconf 85' lang='lat' dir='ltr'><strong><em>tribulatione</em></strong></span> <span class='ocrx_word' id='word_1_363' title='bbox 2886 2673 3004 2720; x_wconf 88' lang='lat' dir='ltr'><strong><em>sua,</em></strong></span> <span class='ocrx_word' id='word_1_364' title='bbox 3057 2657 3442 2714; x_wconf 83' lang='lat' dir='ltr'><strong><em>itntnaculatos</em></strong></span> <span class='ocrx_word' id='word_1_365' title='bbox 3487 2674 3599 2713; x_wconf 84' lang='lat' dir='ltr'><strong><em>nos</em></strong></span> <span class='ocrx_word' id='word_1_366' title='bbox 3641 2659 3854 2712; x_wconf 72' lang='lat' dir='ltr'><strong><em>custodi-</em></strong></span> 
     </span>
    </p>
   </div>
   <div class='ocr_carea' id='block_1_36' title="bbox 605 2738 3854 2822">
    <p class='ocr_par' dir='ltr' id='par_1_36' title="bbox 605 2738 3854 2822">
     <span class='ocr_line' id='line_1_36' title="bbox 605 2738 3854 2822; baseline 0.007 -30"><span class='ocrx_word' id='word_1_367' title='bbox 605 2738 906 2798; x_wconf 80' lang='lat' dir='ltr'><strong><em>inﬁdelium</em></strong></span> <span class='ocrx_word' id='word_1_368' title='bbox 949 2745 1192 2802; x_wconf 88' lang='lat' dir='ltr'><strong><em>brachiis</em></strong></span> <span class='ocrx_word' id='word_1_369' title='bbox 1234 2748 1482 2816; x_wconf 79' lang='lat' dir='ltr'><strong><em>impedit.</em></strong></span> <span class='ocrx_word' id='word_1_370' title='bbox 1533 2751 1597 2805; x_wconf 84' lang='lat' dir='ltr'><strong><em>Et</em></strong></span> <span class='ocrx_word' id='word_1_371' title='bbox 1636 2761 1720 2806; x_wconf 89' lang='lat' dir='ltr'><strong><em>est</em></strong></span> <span class='ocrx_word' id='word_1_372' title='bbox 1765 2752 1866 2807; x_wconf 87' lang='lat' dir='ltr'><strong><em>alia</em></strong></span> <span class='ocrx_word' id='word_1_373' title='bbox 1897 2758 2180 2822; x_wconf 86' lang='lat' dir='ltr'><strong><em>contritio,</em></strong></span> <span class='ocrx_word' id='word_1_374' title='bbox 2284 2764 2403 2803; x_wconf 88' lang='lat' dir='ltr'><strong><em>mus</em></strong></span> <span class='ocrx_word' id='word_1_375' title='bbox 2437 2748 2504 2802; x_wconf 80' lang='lat' dir='ltr'><strong><em>ab</em></strong></span> <span class='ocrx_word' id='word_1_376' title='bbox 2533 2748 2635 2802; x_wconf 89' lang='lat' dir='ltr'><strong><em>hoc</em></strong></span> <span class='ocrx_word' id='word_1_377' title='bbox 2666 2747 2884 2808; x_wconf 74' lang='lat' dir='ltr'><strong><em>szeculO.</em></strong></span> <span class='ocrx_word' id='word_1_378' title='bbox 2923 2747 3396 2803; x_wconf 76' lang='lat' dir='ltr'><strong><em>immaculalorum</em></strong></span> <span class='ocrx_word' id='word_1_379' title='bbox 3431 2747 3606 2803; x_wconf 78' lang='lat' dir='ltr'><strong><em>nobis</em></strong></span> <span class='ocrx_word' id='word_1_380' title='bbox 3640 2747 3854 2818; x_wconf 63' lang='lat' dir='ltr'><strong><em>ipsis“-</em></strong></span> 
     </span>
    </p>
   </div>
   <div class='ocr_carea' id='block_1_37' title="bbox 605 2833 3853 2914">
    <p class='ocr_par' dir='ltr' id='par_1_37' title="bbox 605 2833 3853 2914">
     <span class='ocr_line' id='line_1_37' title="bbox 605 2833 3853 2914; baseline 0.003 -32"><span class='ocrx_word' id='word_1_381' title='bbox 605 2845 726 2899; x_wconf 74' lang='lat' dir='ltr'><strong><em>qnae</em></strong></span> <span class='ocrx_word' id='word_1_382' title='bbox 757 2848 784 2886; x_wconf 91' lang='lat' dir='ltr'><strong><em>a</em></strong></span> <span class='ocrx_word' id='word_1_383' title='bbox 826 2833 935 2890; x_wconf 89' lang='lat' dir='ltr'><strong><em>Deo</em></strong></span> <span class='ocrx_word' id='word_1_384' title='bbox 965 2837 1184 2906; x_wconf 89' lang='lat' dir='ltr'><strong><em>quidem</em></strong></span> <span class='ocrx_word' id='word_1_385' title='bbox 1237 2843 1574 2907; x_wconf 85' lang='lat' dir='ltr'><strong><em>conceditur,</em></strong></span> <span class='ocrx_word' id='word_1_386' title='bbox 1627 2844 1882 2914; x_wconf 85' lang='lat' dir='ltr'><strong><em>impletur</em></strong></span> <span class='ocrx_word' id='word_1_387' title='bbox 1931 2859 2112 2902; x_wconf 90' lang='lat' dir='ltr'><strong><em>autem</em></strong></span> <span class='ocrx_word' id='word_1_388' title='bbox 2148 2866 2177 2904; x_wconf 83' lang='lat' dir='ltr'><strong><em>a</em></strong></span> <span class='ocrx_word' id='word_1_389' title='bbox 2283 2844 2457 2898; x_wconf 75' lang='lat' dir='ltr'><strong><em>citnus</em></strong></span> <span class='ocrx_word' id='word_1_390' title='bbox 2490 2842 2624 2896; x_wconf 88' lang='lat' dir='ltr'><strong><em>dies.</em></strong></span> <span class='ocrx_word' id='word_1_391' title='bbox 2675 2841 2740 2895; x_wconf 88' lang='lat' dir='ltr'><strong><em>Et</em></strong></span> <span class='ocrx_word' id='word_1_392' title='bbox 2791 2842 2876 2895; x_wconf 90' lang='lat' dir='ltr'><strong><em>isti</em></strong></span> <span class='ocrx_word' id='word_1_393' title='bbox 2910 2853 3034 2895; x_wconf 85' lang='lat' dir='ltr'><strong><em>sunt</em></strong></span> <span class='ocrx_word' id='word_1_394' title='bbox 3085 2842 3198 2896; x_wconf 88' lang='lat' dir='ltr'><strong><em>dics</em></strong></span> <span class='ocrx_word' id='word_1_395' title='bbox 3236 2857 3376 2909; x_wconf 92' lang='lat' dir='ltr'><strong><em>quos</em></strong></span> <span class='ocrx_word' id='word_1_396' title='bbox 3433 2857 3606 2896; x_wconf 87' lang='lat' dir='ltr'><strong><em>nosse</em></strong></span> <span class='ocrx_word' id='word_1_397' title='bbox 3653 2842 3853 2900; x_wconf 79' lang='lat' dir='ltr'><strong><em>dicitur,</em></strong></span> 
     </span>
    </p>
   </div>
   <div class='ocr_carea' id='block_1_38' title="bbox 605 2924 3852 3004">
    <p class='ocr_par' dir='ltr' id='par_1_38' title="bbox 605 2924 3852 3004">
     <span class='ocr_line' id='line_1_38' title="bbox 605 2924 3852 3004; baseline 0.001 -23"><span class='ocrx_word' id='word_1_398' title='bbox 605 2924 860 2992; x_wconf 81' lang='lat' dir='ltr'><strong><em>diabolo,</em></strong></span> <span class='ocrx_word' id='word_1_399' title='bbox 906 2929 993 2983; x_wconf 88' lang='lat' dir='ltr'><strong><em>illa</em></strong></span> <span class='ocrx_word' id='word_1_400' title='bbox 1045 2933 1113 2986; x_wconf 88' lang='lat' dir='ltr'><strong><em>de</em></strong></span> <span class='ocrx_word' id='word_1_401' title='bbox 1168 2949 1276 3004; x_wconf 84' lang='lat' dir='ltr'><strong><em>qua</em></strong></span> <span class='ocrx_word' id='word_1_402' title='bbox 1324 2937 1540 2991; x_wconf 75' lang='lat' dir='ltr'><strong><em>dicebat</em></strong></span> <span class='ocrx_word' id='word_1_403' title='bbox 1587 2940 1837 2997; x_wconf 61' lang='lat' dir='ltr'><strong><em>diabnlus</em></strong></span> <span class='ocrx_word' id='word_1_404' title='bbox 1881 2944 1948 2996; x_wconf 71' lang='lat' dir='ltr'><strong><em>ad</em></strong></span> <span class='ocrx_word' id='word_1_405' title='bbox 1991 2944 2176 3000; x_wconf 77' lang='lat' dir='ltr'><strong><em>Domi.</em></strong></span> <span class='ocrx_word' id='word_1_406' title='bbox 2281 2935 2498 3004; x_wconf 89' lang='lat' dir='ltr'><strong><em>quando</em></strong></span> <span class='ocrx_word' id='word_1_407' title='bbox 2543 2934 2823 3004; x_wconf 86' lang='lat' dir='ltr'><strong><em>cognoscit</em></strong></span> <span class='ocrx_word' id='word_1_408' title='bbox 2865 2934 2979 2988; x_wconf 88' lang='lat' dir='ltr'><strong><em>dies</em></strong></span> <span class='ocrx_word' id='word_1_409' title='bbox 3026 2933 3537 2988; x_wconf 86' lang='lat' dir='ltr'><strong><em>immaculatorum.</em></strong></span> <span class='ocrx_word' id='word_1_410' title='bbox 3591 2931 3792 2988; x_wconf 73' lang='lat' dir='ltr'><strong><em>Verum</em></strong></span> <span class='ocrx_word' id='word_1_411' title='bbox 3819 2935 3852 2985; x_wconf 74' lang='lat' dir='ltr'><strong><em>si</em></strong></span> 
     </span>
    </p>
   </div>
   <div class='ocr_carea' id='block_1_39' title="bbox 603 3017 3855 3106">
    <p class='ocr_par' dir='ltr' id='par_1_39' title="bbox 603 3017 3855 3106">
     <span class='ocr_line' id='line_1_39' title="bbox 603 3017 3855 3106; baseline 0.003 -39"><span class='ocrx_word' id='word_1_412' title='bbox 603 3029 732 3068; x_wconf 89' lang='lat' dir='ltr'><strong><em>num</em></strong></span> <span class='ocrx_word' id='word_1_413' title='bbox 756 3017 847 3074; x_wconf 70' lang='grc' dir='ltr'><strong><em>³ος</em></strong></span> <span class='ocrx_word' id='word_1_414' title='bbox 891 3018 1255 3078; x_wconf 79' lang='lat' dir='ltr'><strong><em>Verumtamen</em></strong></span> <span class='ocrx_word' id='word_1_415' title='bbox 1281 3027 1504 3082; x_wconf 83' lang='lat' dir='ltr'><strong><em>immitte</em></strong></span> <span class='ocrx_word' id='word_1_416' title='bbox 1532 3046 1746 3084; x_wconf 88' lang='lat' dir='ltr'><strong><em>manum</em></strong></span> <span class='ocrx_word' id='word_1_417' title='bbox 1773 3043 1918 3088; x_wconf 88' lang='lat' dir='ltr'><strong><em>tuam</em></strong></span> <span class='ocrx_word' id='word_1_418' title='bbox 1946 3047 1992 3090; x_wconf 88' lang='lat' dir='ltr'><strong><em>et</em></strong></span> <span class='ocrx_word' id='word_1_419' title='bbox 2025 3046 2179 3106; x_wconf 78' lang='lat' dir='ltr'><strong><em>longe</em></strong></span> <span class='ocrx_word' id='word_1_420' title='bbox 2283 3029 2632 3082; x_wconf 75' lang='lat' dir='ltr'><strong><em>sacratiorem</em></strong></span> <span class='ocrx_word' id='word_1_421' title='bbox 2678 3027 2856 3082; x_wconf 88' lang='lat' dir='ltr'><strong><em>adhuc</em></strong></span> <span class='ocrx_word' id='word_1_422' title='bbox 2911 3042 3129 3080; x_wconf 87' lang='lat' dir='ltr'><strong><em>sensum</em></strong></span> <span class='ocrx_word' id='word_1_423' title='bbox 3183 3027 3234 3080; x_wconf 92' lang='lat' dir='ltr'><strong><em>in</em></strong></span> <span class='ocrx_word' id='word_1_424' title='bbox 3284 3025 3386 3080; x_wconf 91' lang='lat' dir='ltr'><strong><em>hoc</em></strong></span> <span class='ocrx_word' id='word_1_425' title='bbox 3439 3025 3573 3080; x_wconf 78' lang='lat' dir='ltr'><strong><em>loco</em></strong></span> <span class='ocrx_word' id='word_1_426' title='bbox 3626 3025 3855 3078; x_wconf 69' lang='lat' dir='ltr'><strong><em>voluimus</em></strong></span> 
     </span>
    </p>
   </div>
   <div class='ocr_carea' id='block_1_40' title="bbox 603 3111 2160 3201">
    <p class='ocr_par' dir='ltr' id='par_1_40' title="bbox 603 3111 2160 3196">
     <span class='ocr_line' id='line_1_40' title="bbox 603 3111 2160 3196; baseline 0.014 -34"><span class='ocrx_word' id='word_1_427' title='bbox 603 3111 780 3163; x_wconf 84' lang='lat' dir='ltr'><strong><em>omnia</em></strong></span> <span class='ocrx_word' id='word_1_428' title='bbox 825 3128 943 3181; x_wconf 74' lang='lat' dir='ltr'><strong><em>qua:</em></strong></span> <span class='ocrx_word' id='word_1_429' title='bbox 987 3114 1168 3182; x_wconf 80' lang='lat' dir='ltr'><strong><em>habet,</em></strong></span> <span class='ocrx_word' id='word_1_430' title='bbox 1203 3120 1305 3172; x_wconf 86' lang='lat' dir='ltr'><strong><em>nisi</em></strong></span> <span class='ocrx_word' id='word_1_431' title='bbox 1349 3120 1402 3173; x_wconf 88' lang='lat' dir='ltr'><strong><em>in</em></strong></span> <span class='ocrx_word' id='word_1_432' title='bbox 1437 3122 1625 3181; x_wconf 79' lang='lat' dir='ltr'><strong><em>faciem</em></strong></span> <span class='ocrx_word' id='word_1_433' title='bbox 1665 3133 1714 3178; x_wconf 86' lang='lat' dir='ltr'><strong><em>te</em></strong></span> <span class='ocrx_word' id='word_1_434' title='bbox 1752 3125 2092 3196; x_wconf 79' lang='lat' dir='ltr'><strong><em>benedia&#39;crit,</em></strong></span> <span class='ocrx_word' id='word_1_435' title='bbox 2121 3146 2160 3188; x_wconf 87' lang='lat' dir='ltr'><strong><em>el</em></strong></span> 
     </span>
    </p>
   </div>
   <div class='ocr_carea' id='block_1_41' title="bbox 2298 3111 3855 3201">
    <p class='ocr_par' dir='ltr' id='par_1_41' title="bbox 2298 3117 3855 3190">
     <span class='ocr_line' id='line_1_41' title="bbox 2298 3117 3855 3190; baseline -0.003 -17"><span class='ocrx_word' id='word_1_436' title='bbox 2298 3120 2640 3187; x_wconf 74' lang='lat' dir='ltr'><strong><em>terscrutari,</em></strong></span> <span class='ocrx_word' id='word_1_437' title='bbox 2691 3134 2983 3190; x_wconf 57' lang='lat' dir='ltr'><strong><em>possumus</em></strong></span> <span class='ocrx_word' id='word_1_438' title='bbox 3018 3120 3197 3173; x_wconf 88' lang='lat' dir='ltr'><strong><em>dicere</em></strong></span> <span class='ocrx_word' id='word_1_439' title='bbox 3241 3117 3368 3188; x_wconf 88' lang='lat' dir='ltr'><strong><em>quia</em></strong></span> <span class='ocrx_word' id='word_1_440' title='bbox 3408 3121 3534 3172; x_wconf 88' lang='lat' dir='ltr'><strong><em>dies</em></strong></span> <span class='ocrx_word' id='word_1_441' title='bbox 3585 3118 3718 3172; x_wconf 77' lang='lat' dir='ltr'><strong><em>mali</em></strong></span> <span class='ocrx_word' id='word_1_442' title='bbox 3751 3129 3855 3170; x_wconf 83' lang='lat' dir='ltr'><strong><em>sunt</em></strong></span> 
     </span>
    </p>
   </div>
   <div class='ocr_carea' id='block_1_42' title="bbox 604 3197 2161 3292">
    <p class='ocr_par' dir='ltr' id='par_1_42' title="bbox 604 3197 2161 3292">
     <span class='ocr_line' id='line_1_42' title="bbox 604 3197 2161 3292; baseline 0.019 -39"><span class='ocrx_word' id='word_1_443' title='bbox 604 3209 718 3255; x_wconf 92' lang='lat' dir='ltr'><strong><em>tum</em></strong></span> <span class='ocrx_word' id='word_1_444' title='bbox 761 3197 973 3275; x_wconf 69' lang='lat' dir='ltr'><strong><em>accepit</em></strong></span> <span class='ocrx_word' id='word_1_445' title='bbox 1020 3223 1144 3264; x_wconf 90' lang='lat' dir='ltr'><strong><em>eum</em></strong></span> <span class='ocrx_word' id='word_1_446' title='bbox 1191 3213 1242 3266; x_wconf 92' lang='lat' dir='ltr'><strong><em>in</em></strong></span> <span class='ocrx_word' id='word_1_447' title='bbox 1294 3223 1582 3282; x_wconf 86' lang='lat' dir='ltr'><strong><em>potestate.</em></strong></span> <span class='ocrx_word' id='word_1_448' title='bbox 1636 3215 1790 3274; x_wconf 83' lang='lat' dir='ltr'><strong><em>Unde</em></strong></span> <span class='ocrx_word' id='word_1_449' title='bbox 1834 3232 1888 3276; x_wconf 91' lang='lat' dir='ltr'><strong><em>et</em></strong></span> <span class='ocrx_word' id='word_1_450' title='bbox 1931 3224 2048 3292; x_wconf 91' lang='lat' dir='ltr'><strong><em>ipse</em></strong></span> <span class='ocrx_word' id='word_1_451' title='bbox 2074 3225 2161 3282; x_wconf 81' lang='lat' dir='ltr'><strong><em>Jol</em></strong></span> 
     </span>
    </p>
   </div>
   <div class='ocr_carea' id='block_1_43' title="bbox 2296 3197 3853 3292">
    <p class='ocr_par' dir='ltr' id='par_1_43' title="bbox 2296 3212 3853 3283">
     <span class='ocr_line' id='line_1_43' title="bbox 2296 3212 3853 3283; baseline -0.003 -17"><span class='ocrx_word' id='word_1_452' title='bbox 2296 3212 2438 3282; x_wconf 80' lang='lat' dir='ltr'><strong><em>injus</em></strong></span> <span class='ocrx_word' id='word_1_453' title='bbox 2466 3212 2648 3266; x_wconf 58' lang='lat' dir='ltr'><strong><em>saeculi</em></strong></span> <span class='ocrx_word' id='word_1_454' title='bbox 2681 3212 2976 3266; x_wconf 90' lang='lat' dir='ltr'><strong><em>secundum</em></strong></span> <span class='ocrx_word' id='word_1_455' title='bbox 3009 3213 3152 3280; x_wconf 89' lang='lat' dir='ltr'><strong><em>quod</em></strong></span> <span class='ocrx_word' id='word_1_456' title='bbox 3181 3213 3442 3283; x_wconf 88' lang='lat' dir='ltr'><strong><em>scriptum</em></strong></span> <span class='ocrx_word' id='word_1_457' title='bbox 3471 3222 3568 3266; x_wconf 84' lang='lat' dir='ltr'><strong><em>est</em></strong></span> <span class='ocrx_word' id='word_1_458' title='bbox 3599 3213 3652 3244; x_wconf 81' lang='lat'><strong>&quot;</strong></span> <span class='ocrx_word' id='word_1_459' title='bbox 3681 3229 3697 3263; x_wconf 73' lang='grc' dir='ltr'>ε</span> <span class='ocrx_word' id='word_1_460' title='bbox 3733 3212 3853 3278; x_wconf 66' lang='lat' dir='ltr'><strong><em>Osa-</em></strong></span> 
     </span>
    </p>
   </div>
   <div class='ocr_carea' id='block_1_44' title="bbox 601 3291 3848 3381">
    <p class='ocr_par' dir='ltr' id='par_1_44' title="bbox 601 3291 3848 3381">
     <span class='ocr_line' id='line_1_44' title="bbox 601 3291 3848 3381; baseline 0.001 -29"><span class='ocrx_word' id='word_1_461' title='bbox 601 3291 681 3345; x_wconf 68' lang='lat' dir='ltr'><strong><em>ail</em></strong></span> <span class='ocrx_word' id='word_1_462' title='bbox 710 3292 752 3324; x_wconf 76' lang='lat'>“</span> <span class='ocrx_word' id='word_1_463' title='bbox 787 3314 800 3349; x_wconf 92' lang='lat'><strong>:</strong></span> <span class='ocrx_word' id='word_1_464' title='bbox 839 3295 1029 3352; x_wconf 75' lang='lat' dir='ltr'><strong><em>Manus</em></strong></span> <span class='ocrx_word' id='word_1_465' title='bbox 1059 3301 1194 3354; x_wconf 82' lang='lat' dir='ltr'><strong><em>enim</em></strong></span> <span class='ocrx_word' id='word_1_466' title='bbox 1235 3301 1445 3358; x_wconf 88' lang='lat' dir='ltr'><strong><em>Domini</em></strong></span> <span class='ocrx_word' id='word_1_467' title='bbox 1480 3316 1556 3359; x_wconf 86' lang='lat' dir='ltr'><strong><em>est</em></strong></span> <span class='ocrx_word' id='word_1_468' title='bbox 1593 3325 1712 3376; x_wconf 58' lang='lat' dir='ltr'><strong><em>qua:</em></strong></span> <span class='ocrx_word' id='word_1_469' title='bbox 1745 3312 1964 3381; x_wconf 60' lang='lat' dir='ltr'><strong><em>conligit</em></strong></span> <span class='ocrx_word' id='word_1_470' title='bbox 1998 3330 2101 3369; x_wconf 72' lang='lat' dir='ltr'><strong><em>me,</em></strong></span> <span class='ocrx_word' id='word_1_471' title='bbox 2277 3306 2422 3360; x_wconf 88' lang='lat' dir='ltr'><strong><em>niam</em></strong></span> <span class='ocrx_word' id='word_1_472' title='bbox 2451 3305 2560 3358; x_wconf 84' lang='lat' dir='ltr'><strong><em>dies</em></strong></span> <span class='ocrx_word' id='word_1_473' title='bbox 2588 3304 2716 3358; x_wconf 84' lang='lat' dir='ltr'><strong><em>mali</em></strong></span> <span class='ocrx_word' id='word_1_474' title='bbox 2743 3314 2886 3358; x_wconf 85' lang='lat' dir='ltr'><strong><em>sunt.</em></strong></span> <span class='ocrx_word' id='word_1_475' title='bbox 2921 3301 3046 3358; x_wconf 90' lang='lat' dir='ltr'><strong><em>Dies</em></strong></span> <span class='ocrx_word' id='word_1_476' title='bbox 3072 3313 3253 3358; x_wconf 89' lang='lat' dir='ltr'><strong><em>autem</em></strong></span> <span class='ocrx_word' id='word_1_477' title='bbox 3277 3303 3406 3358; x_wconf 91' lang='lat' dir='ltr'><strong><em>boni</em></strong></span> <span class='ocrx_word' id='word_1_478' title='bbox 3445 3304 3546 3358; x_wconf 87' lang='lat' dir='ltr'><strong><em>alii</em></strong></span> <span class='ocrx_word' id='word_1_479' title='bbox 3583 3315 3746 3370; x_wconf 89' lang='lat' dir='ltr'><strong><em>sunt,</em></strong></span> <span class='ocrx_word' id='word_1_480' title='bbox 3775 3305 3848 3372; x_wconf 80' lang='lat' dir='ltr'><strong><em>qui</em></strong></span> 
     </span>
    </p>
   </div>
   <div class='ocr_carea' id='block_1_45' title="bbox 671 3384 3848 3470">
    <p class='ocr_par' dir='ltr' id='par_1_45' title="bbox 671 3384 3848 3470">
     <span class='ocr_line' id='line_1_45' title="bbox 671 3384 3848 3470; baseline 0.004 -32"><span class='ocrx_word' id='word_1_481' title='bbox 671 3384 726 3440; x_wconf 92' lang='lat'><strong><em>8.</em></strong></span> <span class='ocrx_word' id='word_1_482' title='bbox 761 3385 1008 3455; x_wconf 73' lang='lat' dir='ltr'><strong><em>Str/fulcit</em></strong></span> <span class='ocrx_word' id='word_1_483' title='bbox 1038 3403 1208 3446; x_wconf 87' lang='lat' dir='ltr'><strong><em>autem</em></strong></span> <span class='ocrx_word' id='word_1_484' title='bbox 1235 3395 1413 3462; x_wconf 86' lang='lat' dir='ltr'><strong><em>jnstcs</em></strong></span> <span class='ocrx_word' id='word_1_485' title='bbox 1447 3397 1700 3454; x_wconf 86' lang='lat' dir='ltr'><strong><em>Dominus</em></strong></span> <span class='ocrx_word' id='word_1_486' title='bbox 1729 3401 1796 3457; x_wconf 83' lang='grc'><strong><em>³².</em></strong></span> <span class='ocrx_word' id='word_1_487' title='bbox 1832 3404 1936 3470; x_wconf 85' lang='lat' dir='ltr'><strong><em>Qui</em></strong></span> <span class='ocrx_word' id='word_1_488' title='bbox 1975 3405 2173 3460; x_wconf 84' lang='lat' dir='ltr'><strong><em>infirmi</em></strong></span> <span class='ocrx_word' id='word_1_489' title='bbox 2274 3410 2332 3456; x_wconf 87' lang='lat' dir='ltr'><strong><em>et</em></strong></span> <span class='ocrx_word' id='word_1_490' title='bbox 2379 3399 2478 3469; x_wconf 89' lang='lat' dir='ltr'><strong><em>ipsi</em></strong></span> <span class='ocrx_word' id='word_1_491' title='bbox 2525 3399 2992 3453; x_wconf 85' lang='lat' dir='ltr'><strong><em>immaculatorum</em></strong></span> <span class='ocrx_word' id='word_1_492' title='bbox 3043 3407 3216 3464; x_wconf 92' lang='lat' dir='ltr'><strong><em>sunt,</em></strong></span> <span class='ocrx_word' id='word_1_493' title='bbox 3276 3411 3415 3467; x_wconf 92' lang='lat' dir='ltr'><strong><em>quos</em></strong></span> <span class='ocrx_word' id='word_1_494' title='bbox 3455 3397 3738 3452; x_wconf 85' lang='lat' dir='ltr'><strong><em>Dominus</em></strong></span> <span class='ocrx_word' id='word_1_495' title='bbox 3777 3413 3848 3450; x_wconf 77' lang='lat' dir='ltr'><strong><em>ca-</em></strong></span> 
     </span>
    </p>
   </div>
   <div class='ocr_carea' id='block_1_46' title="bbox 599 3479 3848 3562">
    <p class='ocr_par' dir='ltr' id='par_1_46' title="bbox 599 3479 3848 3562">
     <span class='ocr_line' id='line_1_46' title="bbox 599 3479 3848 3562; baseline 0.003 -31"><span class='ocrx_word' id='word_1_496' title='bbox 599 3487 804 3534; x_wconf 79' lang='lat' dir='ltr'><strong><em>suntet</em></strong></span> <span class='ocrx_word' id='word_1_497' title='bbox 845 3479 1083 3550; x_wconf 80' lang='lat' dir='ltr'><strong><em>fragiles,</em></strong></span> <span class='ocrx_word' id='word_1_498' title='bbox 1127 3501 1263 3555; x_wconf 86' lang='lat' dir='ltr'><strong><em>opus</em></strong></span> <span class='ocrx_word' id='word_1_499' title='bbox 1291 3488 1492 3545; x_wconf 84' lang='lat' dir='ltr'><strong><em>habent</em></strong></span> <span class='ocrx_word' id='word_1_500' title='bbox 1522 3492 1826 3550; x_wconf 76' lang='lat' dir='ltr'><strong><em>sutrultore.</em></strong></span> <span class='ocrx_word' id='word_1_501' title='bbox 1877 3495 1977 3552; x_wconf 79' lang='lat' dir='ltr'><strong><em>Ubi</em></strong></span> <span class='ocrx_word' id='word_1_502' title='bbox 2014 3499 2173 3554; x_wconf 70' lang='lat' dir='ltr'><strong><em>mina</em></strong></span> <span class='ocrx_word' id='word_1_503' title='bbox 2275 3491 2512 3562; x_wconf 87' lang='lat' dir='ltr'><strong><em>gnoscit,</em></strong></span> <span class='ocrx_word' id='word_1_504' title='bbox 2545 3491 2598 3544; x_wconf 94' lang='lat' dir='ltr'><strong><em>in</em></strong></span> <span class='ocrx_word' id='word_1_505' title='bbox 2627 3491 2822 3561; x_wconf 89' lang='lat' dir='ltr'><strong><em>quibus</em></strong></span> <span class='ocrx_word' id='word_1_506' title='bbox 2844 3500 2898 3544; x_wconf 86' lang='lat' dir='ltr'><strong><em>et</em></strong></span> <span class='ocrx_word' id='word_1_507' title='bbox 2931 3490 3220 3544; x_wconf 61' lang='lat' dir='ltr'><strong><em>hereditas</em></strong></span> <span class='ocrx_word' id='word_1_508' title='bbox 3268 3503 3458 3542; x_wconf 92' lang='lat' dir='ltr'><strong><em>eorum</em></strong></span> <span class='ocrx_word' id='word_1_509' title='bbox 3497 3490 3555 3543; x_wconf 91' lang='lat' dir='ltr'><strong><em>in</em></strong></span> <span class='ocrx_word' id='word_1_510' title='bbox 3594 3502 3848 3544; x_wconf 65' lang='lat' dir='ltr'><strong><em>aeternum</em></strong></span> 
     </span>
    </p>
   </div>
   <div class='ocr_carea' id='block_1_47' title="bbox 598 3566 3852 3653">
    <p class='ocr_par' dir='ltr' id='par_1_47' title="bbox 598 3566 3852 3653">
     <span class='ocr_line' id='line_1_47' title="bbox 598 3566 3852 3653; baseline 0.004 -30"><span class='ocrx_word' id='word_1_511' title='bbox 598 3566 849 3624; x_wconf 83' lang='lat' dir='ltr'><strong><em>imminet</em></strong></span> <span class='ocrx_word' id='word_1_512' title='bbox 881 3581 934 3625; x_wconf 91' lang='lat' dir='ltr'><strong><em>et</em></strong></span> <span class='ocrx_word' id='word_1_513' title='bbox 966 3572 1173 3644; x_wconf 88' lang='lat' dir='ltr'><strong><em>lapsus,</em></strong></span> <span class='ocrx_word' id='word_1_514' title='bbox 1219 3578 1291 3631; x_wconf 90' lang='lat' dir='ltr'><strong><em>ibi</em></strong></span> <span class='ocrx_word' id='word_1_515' title='bbox 1318 3581 1579 3648; x_wconf 64' lang='lat' dir='ltr'><strong><em>quatritur</em></strong></span> <span class='ocrx_word' id='word_1_516' title='bbox 1611 3583 1920 3642; x_wconf 77' lang='lat' dir='ltr'><strong><em>snn‘ultura,</em></strong></span> <span class='ocrx_word' id='word_1_517' title='bbox 1980 3591 2175 3646; x_wconf 79' lang='lat' dir='ltr'><strong><em>omnis</em></strong></span> <span class='ocrx_word' id='word_1_518' title='bbox 2275 3594 2490 3651; x_wconf 88' lang='lat' dir='ltr'><strong><em>manet;</em></strong></span> <span class='ocrx_word' id='word_1_519' title='bbox 2529 3595 2656 3640; x_wconf 90' lang='lat' dir='ltr'><strong><em>tunc</em></strong></span> <span class='ocrx_word' id='word_1_520' title='bbox 2677 3586 2798 3640; x_wconf 90' lang='lat' dir='ltr'><strong><em>sine</em></strong></span> <span class='ocrx_word' id='word_1_521' title='bbox 2821 3585 2982 3640; x_wconf 89' lang='lat' dir='ltr'><strong><em>dubio</em></strong></span> <span class='ocrx_word' id='word_1_522' title='bbox 3007 3599 3128 3639; x_wconf 89' lang='lat' dir='ltr'><strong><em>cum</em></strong></span> <span class='ocrx_word' id='word_1_523' title='bbox 3163 3583 3292 3653; x_wconf 87' lang='lat' dir='ltr'><strong><em>justi</em></strong></span> <span class='ocrx_word' id='word_1_524' title='bbox 3345 3585 3746 3639; x_wconf 64' lang='lat' dir='ltr'><strong><em>[nereditatem</em></strong></span> <span class='ocrx_word' id='word_1_525' title='bbox 3773 3600 3852 3634; x_wconf 71' lang='lat' dir='ltr'><strong><em>ca-</em></strong></span> 
     </span>
    </p>
   </div>
   <div class='ocr_carea' id='block_1_48' title="bbox 597 3661 2154 3750">
    <p class='ocr_par' dir='ltr' id='par_1_48' title="bbox 597 3661 2154 3750">
     <span class='ocr_line' id='line_1_48' title="bbox 597 3661 2154 3750; baseline 0.018 -40"><span class='ocrx_word' id='word_1_526' title='bbox 597 3669 778 3713; x_wconf 73' lang='lat' dir='ltr'><strong><em>nutem</em></strong></span> <span class='ocrx_word' id='word_1_527' title='bbox 834 3661 994 3717; x_wconf 90' lang='lat' dir='ltr'><strong><em>homo</em></strong></span> <span class='ocrx_word' id='word_1_528' title='bbox 1051 3680 1314 3734; x_wconf 89' lang='lat' dir='ltr'><strong><em>quantum</em></strong></span> <span class='ocrx_word' id='word_1_529' title='bbox 1346 3672 1412 3726; x_wconf 86' lang='lat' dir='ltr'><strong><em>ad</em></strong></span> <span class='ocrx_word' id='word_1_530' title='bbox 1468 3674 1764 3732; x_wconf 85' lang='lat' dir='ltr'><strong><em>humanam</em></strong></span> <span class='ocrx_word' id='word_1_531' title='bbox 1820 3679 2154 3750; x_wconf 83' lang='lat' dir='ltr'><strong><em>fragilitaten</em></strong></span> 
     </span>
    </p>
   </div>
   <div class='ocr_carea' id='block_1_49' title="bbox 2294 3661 3851 3750">
    <p class='ocr_par' dir='ltr' id='par_1_49' title="bbox 2294 3679 3851 3749">
     <span class='ocr_line' id='line_1_49' title="bbox 2294 3679 3851 3749; baseline -0.004 -16"><span class='ocrx_word' id='word_1_532' title='bbox 2294 3679 2425 3733; x_wconf 77' lang='lat' dir='ltr'><strong><em>)ient</em></strong></span> <span class='ocrx_word' id='word_1_533' title='bbox 2468 3679 2590 3732; x_wconf 68' lang='lat' dir='ltr'><strong><em>vita:</em></strong></span> <span class='ocrx_word' id='word_1_534' title='bbox 2617 3689 2857 3744; x_wconf 69' lang='lat' dir='ltr'><strong><em>a-ternaa,</em></strong></span> <span class='ocrx_word' id='word_1_535' title='bbox 2911 3692 3305 3749; x_wconf 85' lang='lat' dir='ltr'><strong><em>consequentes</em></strong></span> <span class='ocrx_word' id='word_1_536' title='bbox 3354 3695 3483 3748; x_wconf 66' lang='lat' dir='ltr'><strong><em>quae</em></strong></span> <span class='ocrx_word' id='word_1_537' title='bbox 3538 3681 3734 3733; x_wconf 85' lang='lat' dir='ltr'><strong><em>oculus</em></strong></span> <span class='ocrx_word' id='word_1_538' title='bbox 3767 3694 3851 3730; x_wconf 61' lang='lat' dir='ltr'><strong><em>non</em></strong></span> 
     </span>
    </p>
   </div>
   <div class='ocr_carea' id='block_1_50' title="bbox 594 3756 3850 3842">
    <p class='ocr_par' dir='ltr' id='par_1_50' title="bbox 594 3756 3850 3842">
     <span class='ocr_line' id='line_1_50' title="bbox 594 3756 3850 3842; baseline 0.008 -38"><span class='ocrx_word' id='word_1_539' title='bbox 594 3762 826 3818; x_wconf 72' lang='lat' dir='ltr'><strong><em>spectat,</em></strong></span> <span class='ocrx_word' id='word_1_540' title='bbox 863 3763 917 3808; x_wconf 90' lang='lat' dir='ltr'><strong><em>et</em></strong></span> <span class='ocrx_word' id='word_1_541' title='bbox 953 3756 1202 3813; x_wconf 86' lang='lat' dir='ltr'><strong><em>infirmus</em></strong></span> <span class='ocrx_word' id='word_1_542' title='bbox 1230 3772 1320 3816; x_wconf 88' lang='lat' dir='ltr'><strong><em>est</em></strong></span> <span class='ocrx_word' id='word_1_543' title='bbox 1348 3773 1401 3817; x_wconf 91' lang='lat' dir='ltr'><strong><em>et</em></strong></span> <span class='ocrx_word' id='word_1_544' title='bbox 1425 3777 1708 3836; x_wconf 90' lang='lat' dir='ltr'><strong><em>promptus</em></strong></span> <span class='ocrx_word' id='word_1_545' title='bbox 1741 3773 1808 3827; x_wconf 88' lang='lat' dir='ltr'><strong><em>ad</em></strong></span> <span class='ocrx_word' id='word_1_546' title='bbox 1842 3773 2073 3842; x_wconf 82' lang='lat' dir='ltr'><strong><em>lapsum.</em></strong></span> <span class='ocrx_word' id='word_1_547' title='bbox 2105 3778 2172 3832; x_wconf 80' lang='lat' dir='ltr'><strong><em>Et</em></strong></span> <span class='ocrx_word' id='word_1_548' title='bbox 2273 3772 2421 3834; x_wconf 73' lang='lat' dir='ltr'><strong><em>vidit,</em></strong></span> <span class='ocrx_word' id='word_1_549' title='bbox 2449 3788 2540 3826; x_wconf 90' lang='lat' dir='ltr'><strong><em>nec</em></strong></span> <span class='ocrx_word' id='word_1_550' title='bbox 2575 3773 2721 3826; x_wconf 88' lang='lat' dir='ltr'><strong><em>auris</em></strong></span> <span class='ocrx_word' id='word_1_551' title='bbox 2757 3774 2986 3836; x_wconf 82' lang='lat' dir='ltr'><strong><em>audivit.</em></strong></span> <span class='ocrx_word' id='word_1_552' title='bbox 3013 3790 3103 3827; x_wconf 88' lang='lat' dir='ltr'><strong><em>nec</em></strong></span> <span class='ocrx_word' id='word_1_553' title='bbox 3134 3775 3187 3826; x_wconf 89' lang='lat' dir='ltr'><strong><em>in</em></strong></span> <span class='ocrx_word' id='word_1_554' title='bbox 3215 3791 3305 3828; x_wconf 91' lang='lat' dir='ltr'><strong><em>cor</em></strong></span> <span class='ocrx_word' id='word_1_555' title='bbox 3329 3776 3571 3828; x_wconf 78' lang='lat' dir='ltr'><strong><em>hominis</em></strong></span> <span class='ocrx_word' id='word_1_556' title='bbox 3605 3773 3850 3830; x_wconf 71' lang='lat' dir='ltr'><strong><em>ascendit.</em></strong></span> 
     </span>
    </p>
   </div>
   <div class='ocr_carea' id='block_1_51' title="bbox 595 3841 2152 3936">
    <p class='ocr_par' dir='ltr' id='par_1_51' title="bbox 595 3841 2152 3936">
     <span class='ocr_line' id='line_1_51' title="bbox 595 3841 2152 3936; baseline 0.019 -42"><span class='ocrx_word' id='word_1_557' title='bbox 595 3841 650 3894; x_wconf 94' lang='lat' dir='ltr'><strong><em>in</em></strong></span> <span class='ocrx_word' id='word_1_558' title='bbox 706 3843 805 3898; x_wconf 91' lang='lat' dir='ltr'><strong><em>hoc</em></strong></span> <span class='ocrx_word' id='word_1_559' title='bbox 854 3848 1071 3914; x_wconf 89' lang='lat' dir='ltr'><strong><em>quidem</em></strong></span> <span class='ocrx_word' id='word_1_560' title='bbox 1107 3852 1316 3918; x_wconf 85' lang='lat' dir='ltr'><strong><em>psalmo</em></strong></span> <span class='ocrx_word' id='word_1_561' title='bbox 1367 3857 1630 3926; x_wconf 87' lang='lat' dir='ltr'><strong><em>scriptum</em></strong></span> <span class='ocrx_word' id='word_1_562' title='bbox 1676 3871 1780 3926; x_wconf 88' lang='lat' dir='ltr'><strong><em>est,</em></strong></span> <span class='ocrx_word' id='word_1_563' title='bbox 1828 3841 1952 3932; x_wconf 90' lang='lat' dir='ltr'><strong><em>quia</em></strong></span> <span class='ocrx_word' id='word_1_564' title='bbox 1993 3866 2152 3936; x_wconf 75' lang='lat' dir='ltr'><strong><em>justo:</em></strong></span> 
     </span>
    </p>
   </div>
   <div class='ocr_carea' id='block_1_52' title="bbox 2294 3841 3851 3936">
    <p class='ocr_par' dir='ltr' id='par_1_52' title="bbox 2294 3861 3851 3934">
     <span class='ocr_line' id='line_1_52' title="bbox 2294 3861 3851 3934; baseline 0 -21"><span class='ocrx_word' id='word_1_565' title='bbox 2294 3877 2388 3922; x_wconf 81' lang='lat' dir='ltr'><strong><em>ma:</em></strong></span> <span class='ocrx_word' id='word_1_566' title='bbox 2416 3864 2734 3930; x_wconf 76' lang='lat' dir='ltr'><strong><em>prreparauit</em></strong></span> <span class='ocrx_word' id='word_1_567' title='bbox 2768 3861 2904 3916; x_wconf 79' lang='lat' dir='ltr'><strong><em>Deus</em></strong></span> <span class='ocrx_word' id='word_1_568' title='bbox 2928 3864 3260 3934; x_wconf 86' lang='lat' dir='ltr'><strong><em>diligentibus</em></strong></span> <span class='ocrx_word' id='word_1_569' title='bbox 3291 3881 3346 3918; x_wconf 89' lang='lat' dir='ltr'><strong><em>se</em></strong></span> <span class='ocrx_word' id='word_1_570' title='bbox 3377 3865 3443 3920; x_wconf 75' lang='lat'><strong><em>“.</em></strong></span> <span class='ocrx_word' id='word_1_571' title='bbox 3480 3863 3569 3920; x_wconf 85' lang='lat' dir='ltr'><strong><em>Illi</em></strong></span> <span class='ocrx_word' id='word_1_572' title='bbox 3603 3877 3738 3920; x_wconf 87' lang='lat' dir='ltr'><strong><em>sunt</em></strong></span> <span class='ocrx_word' id='word_1_573' title='bbox 3770 3868 3851 3916; x_wconf 78' lang='lat' dir='ltr'><strong><em>im-</em></strong></span> 
     </span>
    </p>
   </div>
   <div class='ocr_carea' id='block_1_53' title="bbox 595 3934 3854 4027">
    <p class='ocr_par' dir='ltr' id='par_1_53' title="bbox 595 3934 3854 4027">
     <span class='ocr_line' id='line_1_53' title="bbox 595 3934 3854 4027; baseline 0.007 -43"><span class='ocrx_word' id='word_1_574' title='bbox 595 3934 867 3990; x_wconf 81' lang='lat' dir='ltr'><strong><em>sumtlciat</em></strong></span> <span class='ocrx_word' id='word_1_575' title='bbox 923 3939 1216 4010; x_wconf 88' lang='lat' dir='ltr'><strong><em>Dominus,</em></strong></span> <span class='ocrx_word' id='word_1_576' title='bbox 1275 3956 1329 4000; x_wconf 91' lang='lat' dir='ltr'><strong><em>et</em></strong></span> <span class='ocrx_word' id='word_1_577' title='bbox 1383 3947 1435 4000; x_wconf 91' lang='lat' dir='ltr'><strong><em>in</em></strong></span> <span class='ocrx_word' id='word_1_578' title='bbox 1470 3948 1577 4004; x_wconf 89' lang='lat' dir='ltr'><strong><em>alio</em></strong></span> <span class='ocrx_word' id='word_1_579' title='bbox 1621 3951 1751 4006; x_wconf 86' lang='lat' dir='ltr'><strong><em>dicit</em></strong></span> <span class='ocrx_word' id='word_1_580' title='bbox 1794 3954 1840 3985; x_wconf 83' lang='grc'>³³</span> <span class='ocrx_word' id='word_1_581' title='bbox 1871 3973 1884 4008; x_wconf 91' lang='lat'><strong>:</strong></span> <span class='ocrx_word' id='word_1_582' title='bbox 1916 3934 2172 4027; x_wconf 63' lang='lat' dir='ltr'><strong><em>Suﬁ’ulcir</em></strong></span> <span class='ocrx_word' id='word_1_583' title='bbox 2273 3951 2665 4007; x_wconf 87' lang='lat' dir='ltr'><strong><em>maculalorum</em></strong></span> <span class='ocrx_word' id='word_1_584' title='bbox 2697 3954 2834 4016; x_wconf 88' lang='lat' dir='ltr'><strong><em>dies,</em></strong></span> <span class='ocrx_word' id='word_1_585' title='bbox 2865 3955 2917 4007; x_wconf 92' lang='lat' dir='ltr'><strong><em>in</em></strong></span> <span class='ocrx_word' id='word_1_586' title='bbox 2946 3956 3140 4024; x_wconf 83' lang='lat' dir='ltr'><strong><em>quibus</em></strong></span> <span class='ocrx_word' id='word_1_587' title='bbox 3168 3969 3272 4008; x_wconf 90' lang='lat' dir='ltr'><strong><em>non</em></strong></span> <span class='ocrx_word' id='word_1_588' title='bbox 3306 3955 3408 4009; x_wconf 91' lang='lat' dir='ltr'><strong><em>iste</em></strong></span> <span class='ocrx_word' id='word_1_589' title='bbox 3435 3957 3528 4009; x_wconf 88' lang='lat' dir='ltr'><strong><em>sol</em></strong></span> <span class='ocrx_word' id='word_1_590' title='bbox 3569 3972 3742 4026; x_wconf 84' lang='lat' dir='ltr'><strong><em>quem</em></strong></span> <span class='ocrx_word' id='word_1_591' title='bbox 3777 3972 3854 4008; x_wconf 83' lang='lat' dir='ltr'><strong><em>oc-</em></strong></span> 
     </span>
    </p>
   </div>
   <div class='ocr_carea' id='block_1_54' title="bbox 592 4021 3852 4115">
    <p class='ocr_par' dir='ltr' id='par_1_54' title="bbox 592 4021 3852 4115">
     <span class='ocr_line' id='line_1_54' title="bbox 592 4021 3852 4115; baseline 0.004 -26"><span class='ocrx_word' id='word_1_592' title='bbox 592 4021 856 4082; x_wconf 69' lang='grc' dir='ltr'><strong><em>Ποηιίηιιε</em></strong></span> <span class='ocrx_word' id='word_1_593' title='bbox 881 4045 1057 4086; x_wconf 66' lang='lat' dir='ltr'><strong><em>omnes</em></strong></span> <span class='ocrx_word' id='word_1_594' title='bbox 1077 4036 1168 4102; x_wconf 75' lang='lat' dir='ltr'><strong><em>qui</em></strong></span> <span class='ocrx_word' id='word_1_595' title='bbox 1200 4037 1420 4104; x_wconf 84' lang='lat' dir='ltr'><strong><em>cadunt,</em></strong></span> <span class='ocrx_word' id='word_1_596' title='bbox 1449 4052 1496 4096; x_wconf 88' lang='lat' dir='ltr'><strong><em>et</em></strong></span> <span class='ocrx_word' id='word_1_597' title='bbox 1521 4043 1672 4112; x_wconf 85' lang='lat' dir='ltr'><strong><em>erigit</em></strong></span> <span class='ocrx_word' id='word_1_598' title='bbox 1701 4045 1958 4103; x_wconf 68' lang='lat' dir='ltr'><strong><em>Dominus</em></strong></span> <span class='ocrx_word' id='word_1_599' title='bbox 1990 4021 2171 4108; x_wconf 53' lang='lat' dir='ltr'><strong><em>nam“</em></strong></span> <span class='ocrx_word' id='word_1_600' title='bbox 2272 4058 2434 4098; x_wconf 88' lang='lat' dir='ltr'><strong><em>casus</em></strong></span> <span class='ocrx_word' id='word_1_601' title='bbox 2462 4045 2691 4115; x_wconf 78' lang='lat' dir='ltr'><strong><em>excipit,</em></strong></span> <span class='ocrx_word' id='word_1_602' title='bbox 2722 4056 2777 4100; x_wconf 92' lang='lat' dir='ltr'><strong><em>et</em></strong></span> <span class='ocrx_word' id='word_1_603' title='bbox 2804 4045 2957 4114; x_wconf 89' lang='lat' dir='ltr'><strong><em>cujus</em></strong></span> <span class='ocrx_word' id='word_1_604' title='bbox 2984 4062 3086 4100; x_wconf 80' lang='lat' dir='ltr'><strong><em>nox</em></strong></span> <span class='ocrx_word' id='word_1_605' title='bbox 3115 4049 3416 4103; x_wconf 83' lang='lat' dir='ltr'><strong><em>succedens</em></strong></span> <span class='ocrx_word' id='word_1_606' title='bbox 3443 4049 3651 4104; x_wconf 84' lang='lat' dir='ltr'><strong><em>lumen</em></strong></span> <span class='ocrx_word' id='word_1_607' title='bbox 3681 4051 3852 4103; x_wconf 83' lang='lat' dir='ltr'><strong><em>interi-</em></strong></span> 
     </span>
    </p>
   </div>
   <div class='ocr_carea' id='block_1_55' title="bbox 593 4112 2150 4211">
    <p class='ocr_par' dir='ltr' id='par_1_55' title="bbox 593 4112 2150 4211">
     <span class='ocr_line' id='line_1_55' title="bbox 593 4112 2150 4211; baseline 0.023 -48"><span class='ocrx_word' id='word_1_608' title='bbox 593 4112 772 4169; x_wconf 85' lang='lat' dir='ltr'><strong><em>elisos.</em></strong></span> <span class='ocrx_word' id='word_1_609' title='bbox 802 4116 1031 4174; x_wconf 86' lang='lat' dir='ltr'><strong><em>&#39;l‘autnnt</em></strong></span> <span class='ocrx_word' id='word_1_610' title='bbox 1063 4133 1230 4178; x_wconf 86' lang='lat' dir='ltr'><strong><em>estut</em></strong></span> <span class='ocrx_word' id='word_1_611' title='bbox 1257 4143 1354 4182; x_wconf 85' lang='lat' dir='ltr'><strong><em>nos</em></strong></span> <span class='ocrx_word' id='word_1_612' title='bbox 1393 4137 1848 4206; x_wconf 78' lang='lat' dir='ltr'><strong><em>expergiscantur</em></strong></span> <span class='ocrx_word' id='word_1_613' title='bbox 1876 4141 2150 4211; x_wconf 82' lang='lat' dir='ltr'><strong><em>aliquandt</em></strong></span> 
     </span>
    </p>
   </div>
   <div class='ocr_carea' id='block_1_56' title="bbox 2292 4112 3849 4211">
    <p class='ocr_par' dir='ltr' id='par_1_56' title="bbox 2292 4112 3849 4206">
     <span class='ocr_line' id='line_1_56' title="bbox 2292 4112 3849 4206; baseline 0.001 -18"><span class='ocrx_word' id='word_1_614' title='bbox 2292 4137 2391 4203; x_wconf 91' lang='lat' dir='ltr'><strong><em>nit,</em></strong></span> <span class='ocrx_word' id='word_1_615' title='bbox 2425 4135 2521 4192; x_wconf 87' lang='lat' dir='ltr'><strong><em>sed</em></strong></span> <span class='ocrx_word' id='word_1_616' title='bbox 2568 4112 2647 4192; x_wconf 80' lang='lat' dir='ltr'><strong><em>sol</em></strong></span> <span class='ocrx_word' id='word_1_617' title='bbox 2691 4112 2919 4206; x_wconf 62' lang='lat' dir='ltr'><strong><em>jnstitiie</em></strong></span> <span class='ocrx_word' id='word_1_618' title='bbox 2972 4139 3191 4204; x_wconf 89' lang='lat' dir='ltr'><strong><em>lucebit,</em></strong></span> <span class='ocrx_word' id='word_1_619' title='bbox 3238 4139 3329 4204; x_wconf 88' lang='lat' dir='ltr'><strong><em>qui</em></strong></span> <span class='ocrx_word' id='word_1_620' title='bbox 3369 4151 3605 4196; x_wconf 87' lang='lat' dir='ltr'><strong><em>noctem</em></strong></span> <span class='ocrx_word' id='word_1_621' title='bbox 3639 4145 3849 4200; x_wconf 71' lang='lat' dir='ltr'><strong><em>nesciat,</em></strong></span> 
     </span>
    </p>
   </div>
   <div class='ocr_carea' id='block_1_57' title="bbox 591 4206 2148 4301">
    <p class='ocr_par' dir='ltr' id='par_1_57' title="bbox 591 4206 2148 4292">
     <span class='ocr_line' id='line_1_57' title="bbox 591 4206 2148 4292; baseline 0.021 -34"><span class='ocrx_word' id='word_1_622' title='bbox 591 4213 650 4258; x_wconf 86' lang='lat' dir='ltr'><strong><em>et</em></strong></span> <span class='ocrx_word' id='word_1_623' title='bbox 671 4206 1010 4276; x_wconf 79' lang='lat' dir='ltr'><strong><em>evigilemus,</em></strong></span> <span class='ocrx_word' id='word_1_624' title='bbox 1037 4225 1097 4268; x_wconf 89' lang='lat' dir='ltr'><strong><em>ut</em></strong></span> <span class='ocrx_word' id='word_1_625' title='bbox 1132 4216 1176 4270; x_wconf 89' lang='lat' dir='ltr'><strong><em>si</em></strong></span> <span class='ocrx_word' id='word_1_626' title='bbox 1208 4225 1427 4286; x_wconf 83' lang='lat' dir='ltr'><strong><em>quando</em></strong></span> <span class='ocrx_word' id='word_1_627' title='bbox 1458 4240 1557 4292; x_wconf 89' lang='lat' dir='ltr'><strong><em>per</em></strong></span> <span class='ocrx_word' id='word_1_628' title='bbox 1591 4206 1982 4287; x_wconf 77' lang='lat' dir='ltr'><strong><em>infirmitatem</em></strong></span> <span class='ocrx_word' id='word_1_629' title='bbox 2005 4251 2148 4292; x_wconf 74' lang='lat' dir='ltr'><strong><em>casu:</em></strong></span> 
     </span>
    </p>
   </div>
   <div class='ocr_carea' id='block_1_58' title="bbox 2294 4206 3851 4301">
    <p class='ocr_par' dir='ltr' id='par_1_58' title="bbox 2294 4228 3851 4301">
     <span class='ocr_line' id='line_1_58' title="bbox 2294 4228 3851 4301; baseline -0.003 -18"><span class='ocrx_word' id='word_1_630' title='bbox 2294 4229 2361 4298; x_wconf 74' lang='lat' dir='ltr'><strong><em>lui</em></strong></span> <span class='ocrx_word' id='word_1_631' title='bbox 2393 4228 2570 4283; x_wconf 88' lang='lat' dir='ltr'><strong><em>lumen</em></strong></span> <span class='ocrx_word' id='word_1_632' title='bbox 2601 4240 2869 4286; x_wconf 72' lang='lat' dir='ltr'><strong><em>aatcrnutn</em></strong></span> <span class='ocrx_word' id='word_1_633' title='bbox 2901 4231 2993 4293; x_wconf 85' lang='lat' dir='ltr'><strong><em>sit.</em></strong></span> <span class='ocrx_word' id='word_1_634' title='bbox 3025 4231 3166 4286; x_wconf 82' lang='lat' dir='ltr'><strong><em>sicut</em></strong></span> <span class='ocrx_word' id='word_1_635' title='bbox 3196 4231 3465 4299; x_wconf 88' lang='lat' dir='ltr'><strong><em>scriptum</em></strong></span> <span class='ocrx_word' id='word_1_636' title='bbox 3505 4241 3594 4286; x_wconf 89' lang='lat' dir='ltr'><strong><em>est</em></strong></span> <span class='ocrx_word' id='word_1_637' title='bbox 3635 4234 3704 4295; x_wconf 73' lang='grc' dir='ltr'><strong><em>δι,</em></strong></span> <span class='ocrx_word' id='word_1_638' title='bbox 3750 4233 3851 4301; x_wconf 76' lang='lat' dir='ltr'><strong><em>qui:</em></strong></span> 
     </span>
    </p>
   </div>
   <div class='ocr_carea' id='block_1_59' title="bbox 592 4297 2149 4394">
    <p class='ocr_par' dir='ltr' id='par_1_59' title="bbox 592 4297 2140 4385">
     <span class='ocr_line' id='line_1_59' title="bbox 592 4297 2140 4385; baseline 0.021 -32"><span class='ocrx_word' id='word_1_639' title='bbox 592 4297 792 4369; x_wconf 80' lang='lat' dir='ltr'><strong><em>aliquis</em></strong></span> <span class='ocrx_word' id='word_1_640' title='bbox 837 4302 1106 4372; x_wconf 86' lang='lat' dir='ltr'><strong><em>imminet,</em></strong></span> <span class='ocrx_word' id='word_1_641' title='bbox 1154 4310 1511 4381; x_wconf 83' lang='lat' dir='ltr'><strong><em>deprecemur</em></strong></span> <span class='ocrx_word' id='word_1_642' title='bbox 1561 4321 1850 4380; x_wconf 89' lang='lat' dir='ltr'><strong><em>Dominum</em></strong></span> <span class='ocrx_word' id='word_1_643' title='bbox 1895 4337 1951 4382; x_wconf 91' lang='lat' dir='ltr'><strong><em>ut</em></strong></span> <span class='ocrx_word' id='word_1_644' title='bbox 1989 4330 2140 4385; x_wconf 84' lang='lat' dir='ltr'><strong><em>mitta</em></strong></span> 
     </span>
    </p>
   </div>
   <div class='ocr_carea' id='block_1_60' title="bbox 1856 4297 3413 4394">
    <p class='ocr_par' dir='ltr' id='par_1_60' title="bbox 1895 4297 3413 4394">
     <span class='ocr_line' id='line_1_60' title="bbox 1895 4297 3413 4394; baseline 0 -16"><span class='ocrx_word' id='word_1_645' title='bbox 1895 4337 1951 4382; x_wconf 90' lang='lat' dir='ltr'><strong><em>nt</em></strong></span> <span class='ocrx_word' id='word_1_646' title='bbox 1989 4330 2170 4388; x_wconf 73' lang='lat' dir='ltr'><strong><em>mittat</em></strong></span> <span class='ocrx_word' id='word_1_647' title='bbox 2269 4324 2380 4394; x_wconf 86' lang='lat' dir='ltr'><strong><em>ipse</em></strong></span> <span class='ocrx_word' id='word_1_648' title='bbox 2416 4323 2669 4379; x_wconf 86' lang='lat' dir='ltr'><strong><em>Dominus</em></strong></span> <span class='ocrx_word' id='word_1_649' title='bbox 2699 4325 2794 4380; x_wconf 85' lang='lat' dir='ltr'><strong><em>erit</em></strong></span> <span class='ocrx_word' id='word_1_650' title='bbox 2839 4326 2914 4378; x_wconf 83' lang='lat' dir='ltr'><strong><em>eis</em></strong></span> <span class='ocrx_word' id='word_1_651' title='bbox 2949 4323 3046 4378; x_wconf 69' lang='lat' dir='ltr'><strong><em>lux</em></strong></span> <span class='ocrx_word' id='word_1_652' title='bbox 3081 4323 3413 4394; x_wconf 80' lang='lat' dir='ltr'><strong><em>sempiterna.</em></strong></span> 
     </span>
    </p>
   </div>
   <div class='ocr_carea' id='block_1_61' title="bbox 590 4392 3851 4489">
    <p class='ocr_par' dir='ltr' id='par_1_61' title="bbox 590 4392 3851 4489">
     <span class='ocr_line' id='line_1_61' title="bbox 590 4392 3851 4489; baseline 0.007 -42"><span class='ocrx_word' id='word_1_653' title='bbox 590 4392 749 4447; x_wconf 85' lang='lat' dir='ltr'><strong><em>nobis</em></strong></span> <span class='ocrx_word' id='word_1_654' title='bbox 779 4395 1002 4451; x_wconf 83' lang='lat' dir='ltr'><strong><em>verbum</em></strong></span> <span class='ocrx_word' id='word_1_655' title='bbox 1035 4413 1190 4454; x_wconf 88' lang='lat' dir='ltr'><strong><em>suum</em></strong></span> <span class='ocrx_word' id='word_1_656' title='bbox 1220 4412 1275 4457; x_wconf 86' lang='lat' dir='ltr'><strong><em>et</em></strong></span> <span class='ocrx_word' id='word_1_657' title='bbox 1307 4407 1633 4476; x_wconf 87' lang='lat' dir='ltr'><strong><em>sapientiam</em></strong></span> <span class='ocrx_word' id='word_1_658' title='bbox 1678 4430 1856 4483; x_wconf 88' lang='lat' dir='ltr'><strong><em>suam,</em></strong></span> <span class='ocrx_word' id='word_1_659' title='bbox 1903 4436 2024 4489; x_wconf 68' lang='lat' dir='ltr'><strong><em>quo:</em></strong></span> <span class='ocrx_word' id='word_1_660' title='bbox 2053 4423 2170 4478; x_wconf 88' lang='lat' dir='ltr'><strong><em>suf-</em></strong></span> <span class='ocrx_word' id='word_1_661' title='bbox 2290 4392 2300 4394; x_wconf 15' lang='grc' dir='ltr'>ί</span> <span class='ocrx_word' id='word_1_662' title='bbox 2341 4417 2428 4473; x_wconf 76' lang='grc'><strong><em>10.</em></strong></span> <span class='ocrx_word' id='word_1_663' title='bbox 2461 4415 2531 4470; x_wconf 76' lang='lat' dir='ltr'><strong><em>Et</em></strong></span> <span class='ocrx_word' id='word_1_664' title='bbox 2556 4434 2659 4472; x_wconf 88' lang='lat' dir='ltr'><strong><em>non</em></strong></span> <span class='ocrx_word' id='word_1_665' title='bbox 2685 4416 3076 4484; x_wconf 82' lang='lat' dir='ltr'><strong><em>confundentur</em></strong></span> <span class='ocrx_word' id='word_1_666' title='bbox 3103 4417 3158 4468; x_wconf 89' lang='lat' dir='ltr'><strong><em>in</em></strong></span> <span class='ocrx_word' id='word_1_667' title='bbox 3191 4392 3420 4483; x_wconf 80' lang='lat' dir='ltr'><strong><em>tempore</em></strong></span> <span class='ocrx_word' id='word_1_668' title='bbox 3454 4415 3610 4470; x_wconf 84' lang='lat' dir='ltr'><strong><em>malo</em></strong></span> <span class='ocrx_word' id='word_1_669' title='bbox 3648 4419 3720 4470; x_wconf 68' lang='grc' dir='ltr'><strong><em>δ’.</em></strong></span> <span class='ocrx_word' id='word_1_670' title='bbox 3757 4416 3851 4468; x_wconf 82' lang='lat' dir='ltr'><strong><em>Soli</em></strong></span> 
     </span>
    </p>
   </div>
   <div class='ocr_carea' id='block_1_62' title="bbox 590 4480 3852 4579">
    <p class='ocr_par' dir='ltr' id='par_1_62' title="bbox 590 4480 3852 4579">
     <span class='ocr_line' id='line_1_62' title="bbox 590 4480 3852 4579; baseline 0.007 -45"><span class='ocrx_word' id='word_1_671' title='bbox 590 4480 778 4538; x_wconf 87' lang='lat' dir='ltr'><strong><em>fulciat</em></strong></span> <span class='ocrx_word' id='word_1_672' title='bbox 809 4501 1035 4542; x_wconf 88' lang='lat' dir='ltr'><strong><em>casuros</em></strong></span> <span class='ocrx_word' id='word_1_673' title='bbox 1059 4498 1114 4543; x_wconf 89' lang='lat' dir='ltr'><strong><em>et</em></strong></span> <span class='ocrx_word' id='word_1_674' title='bbox 1142 4493 1336 4562; x_wconf 82' lang='lat' dir='ltr'><strong><em>erigat.</em></strong></span> <span class='ocrx_word' id='word_1_675' title='bbox 1843 4480 1852 4483; x_wconf 34' lang='grc'>⁷</span> <span class='ocrx_word' id='word_1_676' title='bbox 1921 4480 1934 4489; x_wconf 58' lang='grc'><em>’</em></span> <span class='ocrx_word' id='word_1_677' title='bbox 2199 4492 2244 4549; x_wconf 79' lang='grc' dir='ltr'><strong>Ι)</strong></span> <span class='ocrx_word' id='word_1_678' title='bbox 2265 4507 2394 4579; x_wconf 87' lang='lat' dir='ltr'><strong><em>justi</em></strong></span> <span class='ocrx_word' id='word_1_679' title='bbox 2430 4523 2536 4562; x_wconf 90' lang='lat' dir='ltr'><strong><em>non</em></strong></span> <span class='ocrx_word' id='word_1_680' title='bbox 2589 4480 2991 4562; x_wconf 77' lang='lat' dir='ltr'><strong><em>confnndentnr</em></strong></span> <span class='ocrx_word' id='word_1_681' title='bbox 3021 4507 3073 4561; x_wconf 95' lang='lat' dir='ltr'><strong><em>in</em></strong></span> <span class='ocrx_word' id='word_1_682' title='bbox 3115 4518 3357 4576; x_wconf 87' lang='lat' dir='ltr'><strong><em>tempore</em></strong></span> <span class='ocrx_word' id='word_1_683' title='bbox 3399 4509 3577 4562; x_wconf 86' lang='lat' dir='ltr'><strong><em>malo.</em></strong></span> <span class='ocrx_word' id='word_1_684' title='bbox 3632 4509 3852 4576; x_wconf 64' lang='lat' dir='ltr'><strong><em>Tempus</em></strong></span> 
     </span>
    </p>
   </div>
   <div class='ocr_carea' id='block_1_63' title="bbox 660 4568 3857 4671">
    <p class='ocr_par' dir='ltr' id='par_1_63' title="bbox 660 4568 3857 4671">
     <span class='ocr_line' id='line_1_63' title="bbox 660 4568 3857 4671; baseline 0.009 -50"><span class='ocrx_word' id='word_1_685' title='bbox 660 4568 714 4622; x_wconf 89' lang='lat'><strong><em>9.</em></strong></span> <span class='ocrx_word' id='word_1_686' title='bbox 750 4571 1025 4642; x_wconf 84' lang='lat' dir='ltr'><strong><em>Cognoscit</em></strong></span> <span class='ocrx_word' id='word_1_687' title='bbox 1093 4580 1348 4637; x_wconf 87' lang='lat' dir='ltr'><strong><em>Dominus</em></strong></span> <span class='ocrx_word' id='word_1_688' title='bbox 1393 4589 1504 4642; x_wconf 84' lang='lat' dir='ltr'><strong><em>dics</em></strong></span> <span class='ocrx_word' id='word_1_689' title='bbox 1547 4592 2048 4669; x_wconf 85' lang='lat' dir='ltr'><strong><em>immaculatorum,</em></strong></span> <span class='ocrx_word' id='word_1_690' title='bbox 2112 4615 2163 4658; x_wconf 91' lang='lat' dir='ltr'><strong><em>et</em></strong></span> <span class='ocrx_word' id='word_1_691' title='bbox 2265 4568 2451 4656; x_wconf 55' lang='lat' dir='ltr'><strong><em>autem</em></strong></span> <span class='ocrx_word' id='word_1_692' title='bbox 2484 4600 2687 4654; x_wconf 86' lang='lat' dir='ltr'><strong><em>malum</em></strong></span> <span class='ocrx_word' id='word_1_693' title='bbox 2738 4599 2826 4655; x_wconf 89' lang='lat' dir='ltr'><strong><em>bic</em></strong></span> <span class='ocrx_word' id='word_1_694' title='bbox 2877 4614 3088 4670; x_wconf 85' lang='lat' dir='ltr'><strong><em>tempus</em></strong></span> <span class='ocrx_word' id='word_1_695' title='bbox 3111 4598 3300 4668; x_wconf 86' lang='lat' dir='ltr'><strong><em>judicii</em></strong></span> <span class='ocrx_word' id='word_1_696' title='bbox 3330 4601 3626 4666; x_wconf 85' lang='lat' dir='ltr'><strong><em>nominat,</em></strong></span> <span class='ocrx_word' id='word_1_697' title='bbox 3655 4612 3857 4671; x_wconf 63' lang='lat' dir='ltr'><strong><em>propter</em></strong></span> 
     </span>
    </p>
   </div>
   <div class='ocr_carea' id='block_1_64' title="bbox 586 4657 3854 4763">
    <p class='ocr_par' dir='ltr' id='par_1_64' title="bbox 586 4657 3854 4763">
     <span class='ocr_line' id='line_1_64' title="bbox 586 4657 3854 4763; baseline 0.012 -53"><span class='ocrx_word' id='word_1_698' title='bbox 586 4657 868 4763; x_wconf 42' lang='lat' dir='ltr'><strong><em>lt‘a&#39;redilas</em></strong></span> <span class='ocrx_word' id='word_1_699' title='bbox 921 4685 1100 4723; x_wconf 87' lang='lat' dir='ltr'><strong><em>eorum</em></strong></span> <span class='ocrx_word' id='word_1_700' title='bbox 1155 4675 1209 4728; x_wconf 85' lang='lat' dir='ltr'><strong><em>in</em></strong></span> <span class='ocrx_word' id='word_1_701' title='bbox 1253 4687 1505 4735; x_wconf 74' lang='lat' dir='ltr'><strong><em>reternum</em></strong></span> <span class='ocrx_word' id='word_1_702' title='bbox 1561 4687 1658 4738; x_wconf 85' lang='lat' dir='ltr'><strong><em>erit</em></strong></span> <span class='ocrx_word' id='word_1_703' title='bbox 1714 4686 1779 4746; x_wconf 76' lang='lat'><strong><em>&quot;.</em></strong></span> <span class='ocrx_word' id='word_1_704' title='bbox 1846 4691 2160 4751; x_wconf 88' lang='lat' dir='ltr'><strong><em>Secundum</em></strong></span> <span class='ocrx_word' id='word_1_705' title='bbox 2268 4692 2670 4747; x_wconf 85' lang='lat' dir='ltr'><strong><em>multitudinem</em></strong></span> <span class='ocrx_word' id='word_1_706' title='bbox 2737 4703 3108 4761; x_wconf 88' lang='lat' dir='ltr'><strong><em>peccatorum,</em></strong></span> <span class='ocrx_word' id='word_1_707' title='bbox 3172 4699 3226 4745; x_wconf 89' lang='lat' dir='ltr'><strong><em>et</em></strong></span> <span class='ocrx_word' id='word_1_708' title='bbox 3273 4706 3469 4746; x_wconf 87' lang='lat' dir='ltr'><strong><em>eorum</em></strong></span> <span class='ocrx_word' id='word_1_709' title='bbox 3539 4709 3699 4763; x_wconf 84' lang='lat' dir='ltr'><strong><em>quos</em></strong></span> <span class='ocrx_word' id='word_1_710' title='bbox 3736 4707 3854 4748; x_wconf 66' lang='lat' dir='ltr'><strong><em>sum</em></strong></span> 
     </span>
    </p>
   </div>
   <div class='ocr_carea' id='block_1_65' title="bbox 590 4747 3850 4856">
    <p class='ocr_par' dir='ltr' id='par_1_65' title="bbox 590 4747 3850 4856">
     <span class='ocr_line' id='line_1_65' title="bbox 590 4747 3850 4856; baseline 0.012 -55"><span class='ocrx_word' id='word_1_711' title='bbox 590 4747 928 4854; x_wconf 77' lang='lat' dir='ltr'><strong><em>scripturas,</em></strong></span> <span class='ocrx_word' id='word_1_712' title='bbox 955 4759 1091 4815; x_wconf 88' lang='lat' dir='ltr'><strong><em>sicut</em></strong></span> <span class='ocrx_word' id='word_1_713' title='bbox 1123 4763 1174 4817; x_wconf 92' lang='lat' dir='ltr'><strong><em>in</em></strong></span> <span class='ocrx_word' id='word_1_714' title='bbox 1220 4767 1400 4823; x_wconf 90' lang='lat' dir='ltr'><strong><em>multis</em></strong></span> <span class='ocrx_word' id='word_1_715' title='bbox 1427 4771 1562 4828; x_wconf 92' lang='lat' dir='ltr'><strong><em>locis</em></strong></span> <span class='ocrx_word' id='word_1_716' title='bbox 1590 4775 2018 4846; x_wconf 84' lang='lat' dir='ltr'><strong><em>observavimus,</em></strong></span> <span class='ocrx_word' id='word_1_717' title='bbox 2044 4785 2153 4839; x_wconf 84' lang='lat' dir='ltr'><strong><em>Do-</em></strong></span> <span class='ocrx_word' id='word_1_718' title='bbox 2266 4792 2535 4838; x_wconf 87' lang='lat' dir='ltr'><strong><em>tormenta</em></strong></span> <span class='ocrx_word' id='word_1_719' title='bbox 2565 4785 2884 4854; x_wconf 88' lang='lat' dir='ltr'><strong><em>suscipient.</em></strong></span> <span class='ocrx_word' id='word_1_720' title='bbox 2915 4783 3069 4839; x_wconf 84' lang='lat' dir='ltr'><strong><em>Tunc</em></strong></span> <span class='ocrx_word' id='word_1_721' title='bbox 3097 4799 3226 4853; x_wconf 86' lang='lat' dir='ltr'><strong><em>ergo</em></strong></span> <span class='ocrx_word' id='word_1_722' title='bbox 3271 4784 3322 4837; x_wconf 90' lang='lat' dir='ltr'><strong><em>in</em></strong></span> <span class='ocrx_word' id='word_1_723' title='bbox 3381 4793 3659 4856; x_wconf 80' lang='lat' dir='ltr'><strong><em>tempore</em></strong></span> <span class='ocrx_word' id='word_1_724' title='bbox 3689 4802 3850 4841; x_wconf 81' lang='lat' dir='ltr'><strong><em>resur-</em></strong></span> 
     </span>
    </p>
   </div>
   <div class='ocr_carea' id='block_1_66' title="bbox 589 4855 3854 4942">
    <p class='ocr_par' dir='ltr' id='par_1_66' title="bbox 589 4855 3854 4942">
     <span class='ocr_line' id='line_1_66' title="bbox 589 4855 3854 4942; baseline 0.011 -45"><span class='ocrx_word' id='word_1_725' title='bbox 589 4856 769 4899; x_wconf 86' lang='lat' dir='ltr'><strong><em>mtnus</em></strong></span> <span class='ocrx_word' id='word_1_726' title='bbox 799 4861 907 4902; x_wconf 89' lang='lat' dir='ltr'><strong><em>non</em></strong></span> <span class='ocrx_word' id='word_1_727' title='bbox 938 4855 1117 4906; x_wconf 89' lang='lat' dir='ltr'><strong><em>omnia</em></strong></span> <span class='ocrx_word' id='word_1_728' title='bbox 1148 4861 1450 4928; x_wconf 84' lang='lat' dir='ltr'><strong><em>cognoscit,</em></strong></span> <span class='ocrx_word' id='word_1_729' title='bbox 1474 4865 1570 4918; x_wconf 90' lang='lat' dir='ltr'><strong><em>sed</em></strong></span> <span class='ocrx_word' id='word_1_730' title='bbox 1604 4867 1716 4920; x_wconf 85' lang='lat' dir='ltr'><strong><em>sola</em></strong></span> <span class='ocrx_word' id='word_1_731' title='bbox 1742 4869 1832 4925; x_wconf 91' lang='lat' dir='ltr'><strong><em>illa</em></strong></span> <span class='ocrx_word' id='word_1_732' title='bbox 1869 4888 1993 4942; x_wconf 70' lang='lat' dir='ltr'><strong><em>qua:</em></strong></span> <span class='ocrx_word' id='word_1_733' title='bbox 2017 4876 2158 4932; x_wconf 91' lang='lat' dir='ltr'><strong><em>bona</em></strong></span> <span class='ocrx_word' id='word_1_734' title='bbox 2266 4878 2528 4932; x_wconf 89' lang='lat' dir='ltr'><strong><em>rectionis</em></strong></span> <span class='ocrx_word' id='word_1_735' title='bbox 2559 4892 2682 4930; x_wconf 88' lang='lat' dir='ltr'><strong><em>cunt</em></strong></span> <span class='ocrx_word' id='word_1_736' title='bbox 2740 4891 2931 4931; x_wconf 89' lang='lat' dir='ltr'><strong><em>onmes</em></strong></span> <span class='ocrx_word' id='word_1_737' title='bbox 2968 4876 3402 4940; x_wconf 83' lang='lat' dir='ltr'><strong><em>resurrexerint,</em></strong></span> <span class='ocrx_word' id='word_1_738' title='bbox 3437 4891 3500 4934; x_wconf 89' lang='lat' dir='ltr'><strong><em>et</em></strong></span> <span class='ocrx_word' id='word_1_739' title='bbox 3533 4879 3642 4935; x_wconf 81' lang='lat' dir='ltr'><strong><em>alii</em></strong></span> <span class='ocrx_word' id='word_1_740' title='bbox 3695 4897 3854 4934; x_wconf 77' lang='lat' dir='ltr'><strong><em>resur-</em></strong></span> 
     </span>
    </p>
   </div>
   <div class='ocr_carea' id='block_1_67' title="bbox 585 4937 2142 5041">
    <p class='ocr_par' dir='ltr' id='par_1_67' title="bbox 585 4937 2142 5032">
     <span class='ocr_line' id='line_1_67' title="bbox 585 4937 2142 5032; baseline 0.025 -49"><span class='ocrx_word' id='word_1_741' title='bbox 585 4941 746 5000; x_wconf 86' lang='lat' dir='ltr'><strong><em>sunt;</em></strong></span> <span class='ocrx_word' id='word_1_742' title='bbox 781 4937 918 4992; x_wconf 88' lang='lat' dir='ltr'><strong><em>mala</em></strong></span> <span class='ocrx_word' id='word_1_743' title='bbox 951 4950 1129 4998; x_wconf 88' lang='lat' dir='ltr'><strong><em>autem</em></strong></span> <span class='ocrx_word' id='word_1_744' title='bbox 1158 4947 1358 5003; x_wconf 87' lang='lat' dir='ltr'><strong><em>dicitur</em></strong></span> <span class='ocrx_word' id='word_1_745' title='bbox 1402 4952 1674 5021; x_wconf 88' lang='lat' dir='ltr'><strong><em>ignorare,</em></strong></span> <span class='ocrx_word' id='word_1_746' title='bbox 1711 4976 1814 5014; x_wconf 91' lang='lat' dir='ltr'><strong><em>non</em></strong></span> <span class='ocrx_word' id='word_1_747' title='bbox 1851 4937 1994 5032; x_wconf 74' lang='lat' dir='ltr'><strong><em>quod</em></strong></span> <span class='ocrx_word' id='word_1_748' title='bbox 2031 4982 2142 5022; x_wconf 68' lang='grc' dir='ltr'><strong><em>νυνι</em></strong></span> 
     </span>
    </p>
   </div>
   <div class='ocr_carea' id='block_1_68' title="bbox 2297 4937 3854 5041">
    <p class='ocr_par' dir='ltr' id='par_1_68' title="bbox 2297 4969 3854 5035">
     <span class='ocr_line' id='line_1_68' title="bbox 2297 4969 3854 5035; baseline -0.002 -9"><span class='ocrx_word' id='word_1_749' title='bbox 2297 4982 2396 5035; x_wconf 77' lang='lat' dir='ltr'><strong><em>:ent</em></strong></span> <span class='ocrx_word' id='word_1_750' title='bbox 2443 4971 2494 5024; x_wconf 94' lang='lat' dir='ltr'><strong><em>in</em></strong></span> <span class='ocrx_word' id='word_1_751' title='bbox 2528 4971 2694 5025; x_wconf 82' lang='lat' dir='ltr'><strong><em>vitam</em></strong></span> <span class='ocrx_word' id='word_1_752' title='bbox 2722 4980 3002 5035; x_wconf 68' lang='lat' dir='ltr'><strong><em>aeternam,</em></strong></span> <span class='ocrx_word' id='word_1_753' title='bbox 3035 4970 3126 5024; x_wconf 91' lang='lat' dir='ltr'><strong><em>alii</em></strong></span> <span class='ocrx_word' id='word_1_754' title='bbox 3160 4971 3210 5024; x_wconf 91' lang='lat' dir='ltr'><strong><em>in</em></strong></span> <span class='ocrx_word' id='word_1_755' title='bbox 3252 4969 3660 5028; x_wconf 83' lang='lat' dir='ltr'><strong><em>confusionem</em></strong></span> <span class='ocrx_word' id='word_1_756' title='bbox 3721 4984 3854 5026; x_wconf 67' lang='grc' dir='ltr'><strong><em>τίετ-</em></strong></span> 
     </span>
    </p>
   </div>
   <div class='ocr_carea' id='block_1_69' title="bbox 584 5025 3852 5136">
    <p class='ocr_par' dir='ltr' id='par_1_69' title="bbox 584 5025 3852 5136">
     <span class='ocr_line' id='line_1_69' title="bbox 584 5025 3852 5136; baseline 0.01 -49"><span class='ocrx_word' id='word_1_757' title='bbox 584 5025 787 5136; x_wconf 57' lang='grc' dir='ltr'><strong><em>ξιιίξξυὶά</em></strong></span> <span class='ocrx_word' id='word_1_758' title='bbox 813 5029 886 5084; x_wconf 76' lang='lat' dir='ltr'><strong><em>sit</em></strong></span> <span class='ocrx_word' id='word_1_759' title='bbox 915 5035 1059 5100; x_wconf 83' lang='lat' dir='ltr'><strong><em>quod</em></strong></span> <span class='ocrx_word' id='word_1_760' title='bbox 1105 5039 1223 5104; x_wconf 86' lang='lat' dir='ltr'><strong><em>ejus</em></strong></span> <span class='ocrx_word' id='word_1_761' title='bbox 1254 5041 1542 5099; x_wconf 89' lang='lat' dir='ltr'><strong><em>scientiam</em></strong></span> <span class='ocrx_word' id='word_1_762' title='bbox 1578 5048 1762 5115; x_wconf 87' lang='lat' dir='ltr'><strong><em>lateat,</em></strong></span> <span class='ocrx_word' id='word_1_763' title='bbox 1811 5025 1906 5109; x_wconf 68' lang='lat' dir='ltr'><strong><em>scil</em></strong></span> <span class='ocrx_word' id='word_1_764' title='bbox 1936 5072 1998 5112; x_wconf 88' lang='lat' dir='ltr'><strong><em>ea</em></strong></span> <span class='ocrx_word' id='word_1_765' title='bbox 2042 5075 2162 5126; x_wconf 77' lang='lat' dir='ltr'><strong><em>qua:</em></strong></span> <span class='ocrx_word' id='word_1_766' title='bbox 2268 5025 2414 5129; x_wconf 76' lang='lat' dir='ltr'><strong><em>iiant,</em></strong></span> <span class='ocrx_word' id='word_1_767' title='bbox 2461 5073 2614 5128; x_wconf 90' lang='lat' dir='ltr'><strong><em>tunc,</em></strong></span> <span class='ocrx_word' id='word_1_768' title='bbox 2657 5064 2853 5133; x_wconf 89' lang='lat' dir='ltr'><strong><em>inquit,</em></strong></span> <span class='ocrx_word' id='word_1_769' title='bbox 2903 5065 3034 5132; x_wconf 81' lang='lat' dir='ltr'><strong><em>justi</em></strong></span> <span class='ocrx_word' id='word_1_770' title='bbox 3081 5080 3188 5120; x_wconf 90' lang='lat' dir='ltr'><strong><em>non</em></strong></span> <span class='ocrx_word' id='word_1_771' title='bbox 3235 5063 3698 5134; x_wconf 85' lang='lat' dir='ltr'><strong><em>confundentnr,</em></strong></span> <span class='ocrx_word' id='word_1_772' title='bbox 3752 5068 3852 5136; x_wconf 76' lang='lat' dir='ltr'><strong><em>quia</em></strong></span> 
     </span>
    </p>
   </div>
   <div class='ocr_carea' id='block_1_70' title="bbox 584 5118 3855 5224">
    <p class='ocr_par' dir='ltr' id='par_1_70' title="bbox 584 5118 3855 5224">
     <span class='ocr_line' id='line_1_70' title="bbox 584 5118 3855 5224; baseline 0.013 -56"><span class='ocrx_word' id='word_1_773' title='bbox 584 5118 803 5224; x_wconf 71' lang='lat' dir='ltr'><strong><em>indigna</em></strong></span> <span class='ocrx_word' id='word_1_774' title='bbox 854 5134 980 5178; x_wconf 88' lang='lat' dir='ltr'><strong><em>sunt</em></strong></span> <span class='ocrx_word' id='word_1_775' title='bbox 1010 5128 1229 5184; x_wconf 87' lang='lat' dir='ltr'><strong><em>notione</em></strong></span> <span class='ocrx_word' id='word_1_776' title='bbox 1268 5133 1405 5200; x_wconf 84' lang='lat' dir='ltr'><strong><em>ejus,</em></strong></span> <span class='ocrx_word' id='word_1_777' title='bbox 1435 5137 1634 5193; x_wconf 88' lang='lat' dir='ltr'><strong><em>dicitur</em></strong></span> <span class='ocrx_word' id='word_1_778' title='bbox 1679 5143 1952 5214; x_wconf 85' lang='lat' dir='ltr'><strong><em>ignorare.</em></strong></span> <span class='ocrx_word' id='word_1_779' title='bbox 2005 5150 2158 5216; x_wconf 81' lang='lat' dir='ltr'><strong><em>Quod</em></strong></span> <span class='ocrx_word' id='word_1_780' title='bbox 2269 5155 2403 5210; x_wconf 91' lang='lat' dir='ltr'><strong><em>nihil</em></strong></span> <span class='ocrx_word' id='word_1_781' title='bbox 2440 5156 2662 5224; x_wconf 88' lang='lat' dir='ltr'><strong><em>dignum</em></strong></span> <span class='ocrx_word' id='word_1_782' title='bbox 2696 5155 3020 5211; x_wconf 80' lang='lat' dir='ltr'><strong><em>confusione</em></strong></span> <span class='ocrx_word' id='word_1_783' title='bbox 3052 5157 3104 5210; x_wconf 94' lang='lat' dir='ltr'><strong><em>in</em></strong></span> <span class='ocrx_word' id='word_1_784' title='bbox 3135 5171 3325 5210; x_wconf 89' lang='lat' dir='ltr'><strong><em>eorum</em></strong></span> <span class='ocrx_word' id='word_1_785' title='bbox 3357 5160 3597 5215; x_wconf 85' lang='lat' dir='ltr'><strong><em>actibus</em></strong></span> <span class='ocrx_word' id='word_1_786' title='bbox 3631 5161 3855 5214; x_wconf 81' lang='lat' dir='ltr'><strong><em>invenie-</em></strong></span> 
     </span>
    </p>
   </div>
   <div class='ocr_carea' id='block_1_71' title="bbox 581 5213 3854 5320">
    <p class='ocr_par' dir='ltr' id='par_1_71' title="bbox 581 5213 3854 5320">
     <span class='ocr_line' id='line_1_71' title="bbox 581 5213 3854 5320; baseline 0.013 -59"><span class='ocrx_word' id='word_1_787' title='bbox 581 5213 920 5320; x_wconf 52' lang='lat' dir='ltr'><strong><em>:)Sle:l.dll|‘llls</em></strong></span> <span class='ocrx_word' id='word_1_788' title='bbox 951 5219 1114 5320; x_wconf 73' lang='lat' dir='ltr'><strong><em>etiam</em></strong></span> <span class='ocrx_word' id='word_1_789' title='bbox 1145 5224 1215 5320; x_wconf 79' lang='lat' dir='ltr'><strong><em>de</em></strong></span> <span class='ocrx_word' id='word_1_790' title='bbox 1249 5222 1576 5295; x_wconf 85' lang='lat' dir='ltr'><strong><em>Scriptnris,</em></strong></span> <span class='ocrx_word' id='word_1_791' title='bbox 1609 5247 1730 5286; x_wconf 91' lang='lat' dir='ltr'><strong><em>cum</em></strong></span> <span class='ocrx_word' id='word_1_792' title='bbox 1761 5237 1893 5292; x_wconf 91' lang='lat' dir='ltr'><strong><em>dicit</em></strong></span> <span class='ocrx_word' id='word_1_793' title='bbox 1924 5213 2158 5308; x_wconf 77' lang='lat' dir='ltr'><strong><em>Aposto~</em></strong></span> <span class='ocrx_word' id='word_1_794' title='bbox 2269 5259 2376 5301; x_wconf 89' lang='lat' dir='ltr'><strong><em>tnr.</em></strong></span> <span class='ocrx_word' id='word_1_795' title='bbox 2411 5213 2575 5302; x_wconf 69' lang='lat' dir='ltr'><strong><em>Addit</em></strong></span> <span class='ocrx_word' id='word_1_796' title='bbox 2609 5259 2792 5302; x_wconf 89' lang='lat' dir='ltr'><strong><em>autem</em></strong></span> <span class='ocrx_word' id='word_1_797' title='bbox 2829 5248 2877 5282; x_wconf 77' lang='grc'>⁸³</span> <span class='ocrx_word' id='word_1_798' title='bbox 2910 5267 2924 5306; x_wconf 89' lang='lat'><strong>:</strong></span> <span class='ocrx_word' id='word_1_799' title='bbox 2951 5249 3018 5302; x_wconf 87' lang='lat' dir='ltr'><strong><em>Et</em></strong></span> <span class='ocrx_word' id='word_1_800' title='bbox 3047 5249 3100 5302; x_wconf 87' lang='lat' dir='ltr'><strong><em>in</em></strong></span> <span class='ocrx_word' id='word_1_801' title='bbox 3127 5250 3305 5305; x_wconf 82' lang='lat' dir='ltr'><strong><em>diebus</em></strong></span> <span class='ocrx_word' id='word_1_802' title='bbox 3331 5251 3501 5320; x_wconf 67' lang='lat' dir='ltr'><strong><em>[antis</em></strong></span> <span class='ocrx_word' id='word_1_803' title='bbox 3535 5257 3854 5307; x_wconf 64' lang='lat' dir='ltr'><strong><em>saturatu-</em></strong></span> 
     </span>
    </p>
   </div>
   <div class='ocr_carea' id='block_1_72' title="bbox 581 5297 2138 5413">
    <p class='ocr_par' dir='ltr' id='par_1_72' title="bbox 581 5297 2138 5397">
     <span class='ocr_line' id='line_1_72' title="bbox 581 5297 2138 5397; baseline 0.023 -45"><span class='ocrx_word' id='word_1_804' title='bbox 581 5297 672 5356; x_wconf 83' lang='lat' dir='ltr'><strong><em>lus</em></strong></span> <span class='ocrx_word' id='word_1_805' title='bbox 702 5302 746 5334; x_wconf 84' lang='grc'>⁸⁸</span> <span class='ocrx_word' id='word_1_806' title='bbox 775 5317 790 5356; x_wconf 89' lang='lat'><strong>:</strong></span> <span class='ocrx_word' id='word_1_807' title='bbox 819 5303 878 5359; x_wconf 82' lang='lat' dir='ltr'><strong><em>Si</em></strong></span> <span class='ocrx_word' id='word_1_808' title='bbox 907 5309 1022 5375; x_wconf 82' lang='lat' dir='ltr'><strong><em>quis</em></strong></span> <span class='ocrx_word' id='word_1_809' title='bbox 1051 5311 1103 5364; x_wconf 85' lang='lat' dir='ltr'><strong><em>in</em></strong></span> <span class='ocrx_word' id='word_1_810' title='bbox 1131 5314 1273 5367; x_wconf 77' lang='lat' dir='ltr'><strong><em>vobis</em></strong></span> <span class='ocrx_word' id='word_1_811' title='bbox 1309 5321 1581 5388; x_wconf 83' lang='lat' dir='ltr'><strong><em>prop/tcta,</em></strong></span> <span class='ocrx_word' id='word_1_812' title='bbox 1632 5325 1708 5378; x_wconf 85' lang='lat' dir='ltr'><strong><em>uel</em></strong></span> <span class='ocrx_word' id='word_1_813' title='bbox 1733 5297 2014 5397; x_wconf 57' lang='lat' dir='ltr'><strong><em>spiritalii,</em></strong></span> <span class='ocrx_word' id='word_1_814' title='bbox 2071 5352 2138 5390; x_wconf 86' lang='lat' dir='ltr'><strong><em>co</em></strong></span> 
     </span>
    </p>
   </div>
   <div class='ocr_carea' id='block_1_73' title="bbox 2298 5297 3855 5413">
    <p class='ocr_par' dir='ltr' id='par_1_73' title="bbox 2298 5297 3855 5412">
     <span class='ocr_line' id='line_1_73' title="bbox 2299 5297 3834 5320; baseline 0.005 -25"><span class='ocrx_word' id='word_1_815' title='bbox 2411 5297 2573 5302; x_wconf 53' lang='grc' dir='ltr'><strong><em>ηηη</em></strong></span> <span class='ocrx_word' id='word_1_816' title='bbox 2911 5297 2924 5306; x_wconf 87' lang='grc'><em>,</em></span> <span class='ocrx_word' id='word_1_817' title='bbox 2951 5297 3017 5302; x_wconf 71' lang='lat'><strong><em>_,</em></strong></span> <span class='ocrx_word' id='word_1_818' title='bbox 3128 5297 3305 5305; x_wconf 39' lang='lat' dir='ltr'><strong><em>NV”-</em></strong></span> <span class='ocrx_word' id='word_1_819' title='bbox 3331 5297 3500 5320; x_wconf 50' lang='lat' dir='ltr'><strong><em>rm---</em></strong></span> <span class='ocrx_word' id='word_1_820' title='bbox 3536 5297 3834 5307; x_wconf 74' lang='lat'>___-_._-__</span> 
     </span>
     <span class='ocr_line' id='line_1_74' title="bbox 2298 5340 3855 5412; baseline 0.003 -20"><span class='ocrx_word' id='word_1_821' title='bbox 2298 5357 2374 5394; x_wconf 81' lang='lat' dir='ltr'><strong><em>ur.</em></strong></span> <span class='ocrx_word' id='word_1_822' title='bbox 2432 5340 2818 5412; x_wconf 85' lang='lat' dir='ltr'><strong><em>lnquirendunt</em></strong></span> <span class='ocrx_word' id='word_1_823' title='bbox 2870 5344 3044 5412; x_wconf 86' lang='lat' dir='ltr'><strong><em>primo</em></strong></span> <span class='ocrx_word' id='word_1_824' title='bbox 3086 5353 3172 5398; x_wconf 82' lang='lat' dir='ltr'><strong><em>est</em></strong></span> <span class='ocrx_word' id='word_1_825' title='bbox 3200 5344 3287 5411; x_wconf 87' lang='lat' dir='ltr'><strong><em>qui</em></strong></span> <span class='ocrx_word' id='word_1_826' title='bbox 3334 5344 3452 5398; x_wconf 86' lang='lat' dir='ltr'><strong><em>sint</em></strong></span> <span class='ocrx_word' id='word_1_827' title='bbox 3505 5347 3643 5402; x_wconf 80' lang='lat' dir='ltr'><strong><em>dies</em></strong></span> <span class='ocrx_word' id='word_1_828' title='bbox 3699 5346 3855 5400; x_wconf 59' lang='lat' dir='ltr'><strong><em>fanti;</em></strong></span> 
     </span>
    </p>
   </div>
   <div class='ocr_carea' id='block_1_74' title="bbox 581 5403 3857 5509">
    <p class='ocr_par' dir='ltr' id='par_1_74' title="bbox 581 5403 3857 5509">
     <span class='ocr_line' id='line_1_75' title="bbox 581 5403 3857 5509; baseline 0.011 -54"><span class='ocrx_word' id='word_1_829' title='bbox 581 5406 796 5463; x_wconf 70' lang='lat' dir='ltr'><strong><em>gnoscat</em></strong></span> <span class='ocrx_word' id='word_1_830' title='bbox 824 5414 940 5467; x_wconf 71' lang='lat' dir='ltr'><strong><em>qua!</em></strong></span> <span class='ocrx_word' id='word_1_831' title='bbox 969 5403 1140 5456; x_wconf 73' lang='lat' dir='ltr'><strong><em>scribo</em></strong></span> <span class='ocrx_word' id='word_1_832' title='bbox 1168 5406 1330 5472; x_wconf 80' lang='lat' dir='ltr'><strong><em>vobis,</em></strong></span> <span class='ocrx_word' id='word_1_833' title='bbox 1359 5413 1613 5478; x_wconf 85' lang='lat' dir='ltr'><strong><em>quoniam</em></strong></span> <span class='ocrx_word' id='word_1_834' title='bbox 1646 5415 1858 5474; x_wconf 88' lang='lat' dir='ltr'><strong><em>Domini</em></strong></span> <span class='ocrx_word' id='word_1_835' title='bbox 1897 5435 2040 5480; x_wconf 86' lang='lat' dir='ltr'><strong><em>sunt.</em></strong></span> <span class='ocrx_word' id='word_1_836' title='bbox 2093 5428 2155 5483; x_wconf 90' lang='lat' dir='ltr'><strong><em>Si</em></strong></span> <span class='ocrx_word' id='word_1_837' title='bbox 2263 5403 2642 5488; x_wconf 47' lang='lat' dir='ltr'><strong><em>Commin-atnr</em></strong></span> <span class='ocrx_word' id='word_1_838' title='bbox 2672 5435 2723 5487; x_wconf 88' lang='lat' dir='ltr'><strong><em>itt</em></strong></span> <span class='ocrx_word' id='word_1_839' title='bbox 2756 5403 2990 5504; x_wconf 70' lang='lat' dir='ltr'><strong><em>quoilam</em></strong></span> <span class='ocrx_word' id='word_1_840' title='bbox 3019 5433 3137 5486; x_wconf 91' lang='lat' dir='ltr'><strong><em>loco</em></strong></span> <span class='ocrx_word' id='word_1_841' title='bbox 3191 5403 3332 5487; x_wconf 80' lang='lat' dir='ltr'><strong><em>Deus</em></strong></span> <span class='ocrx_word' id='word_1_842' title='bbox 3363 5449 3472 5502; x_wconf 85' lang='lat' dir='ltr'><strong><em>per</em></strong></span> <span class='ocrx_word' id='word_1_843' title='bbox 3509 5440 3857 5509; x_wconf 71' lang='lat' dir='ltr'><strong><em>prophetam.</em></strong></span> 
     </span>
    </p>
   </div>
   <div class='ocr_carea' id='block_1_75' title="bbox 652 5629 3848 5732">
    <p class='ocr_par' dir='ltr' id='par_1_75' title="bbox 652 5629 3848 5732">
     <span class='ocr_line' id='line_1_76' title="bbox 652 5629 3848 5732; baseline 0.009 -40"><span class='ocrx_word' id='word_1_844' title='bbox 652 5629 1150 5732; x_wconf 46' lang='grc' dir='ltr'><strong><em>ἶ⁹ρςξ²ιὶηξ.’ξ5ἆο</em></strong></span> <span class='ocrx_word' id='word_1_845' title='bbox 1201 5639 1488 5732; x_wconf 42' lang='lat' dir='ltr'><strong><em>&quot;dab-ml.</em></strong></span> <span class='ocrx_word' id='word_1_846' title='bbox 1528 5645 1742 5732; x_wconf 24' lang='lat' dir='ltr'><strong><em>ilum“</em></strong></span> <span class='ocrx_word' id='word_1_847' title='bbox 1771 5647 2035 5732; x_wconf 43' lang='grc' dir='ltr'><strong><em>δῴη-κβ,</em></strong></span> <span class='ocrx_word' id='word_1_848' title='bbox 2067 5655 2158 5713; x_wconf 74' lang='grc'><strong>21.</strong></span> <span class='ocrx_word' id='word_1_849' title='bbox 2207 5659 2280 5732; x_wconf 44' lang='grc' dir='ltr'><strong><em>δ’</em></strong></span> <span class='ocrx_word' id='word_1_850' title='bbox 2306 5661 2394 5717; x_wconf 83' lang='lat' dir='ltr'><strong><em>Ps.</em></strong></span> <span class='ocrx_word' id='word_1_851' title='bbox 2430 5679 2615 5730; x_wconf 63' lang='lat' dir='ltr'><strong><em>xxxvii,</em></strong></span> <span class='ocrx_word' id='word_1_852' title='bbox 2646 5663 2733 5719; x_wconf 85' lang='lat' dir='ltr'><strong><em>l7.</em></strong></span> <span class='ocrx_word' id='word_1_853' title='bbox 2812 5664 2856 5696; x_wconf 84' lang='grc'><em>³³</em></span> <span class='ocrx_word' id='word_1_854' title='bbox 2891 5663 2976 5718; x_wconf 83' lang='lat' dir='ltr'><strong><em>Ps.</em></strong></span> <span class='ocrx_word' id='word_1_855' title='bbox 2996 5679 3163 5728; x_wconf 75' lang='lat' dir='ltr'><strong><em>.chv,</em></strong></span> <span class='ocrx_word' id='word_1_856' title='bbox 3195 5665 3249 5720; x_wconf 83' lang='lat'><strong><em>8.</em></strong></span> <span class='ocrx_word' id='word_1_857' title='bbox 3329 5665 3376 5696; x_wconf 74' lang='grc'><strong><em>³⁸</em></strong></span> <span class='ocrx_word' id='word_1_858' title='bbox 3409 5665 3512 5723; x_wconf 81' lang='lat' dir='ltr'><strong><em>Ps.</em></strong></span> <span class='ocrx_word' id='word_1_859' title='bbox 3564 5686 3764 5732; x_wconf 71' lang='lat' dir='ltr'><strong><em>xxxvi,</em></strong></span> <span class='ocrx_word' id='word_1_860' title='bbox 3793 5669 3848 5721; x_wconf 62' lang='lat' dir='ltr'><strong><em>is</em></strong></span> 
     </span>
    </p>
   </div>
   <div class='ocr_carea' id='block_1_76' title="bbox 583 5695 3852 5806">
    <p class='ocr_par' dir='ltr' id='par_1_76' title="bbox 583 5695 3852 5806">
     <span class='ocr_line' id='line_1_77' title="bbox 583 5695 3848 5732; baseline 0.007 -33"><span class='ocrx_word' id='word_1_861' title='bbox 583 5695 634 5730; x_wconf 68' lang='grc' dir='ltr'><em>η</em></span> <span class='ocrx_word' id='word_1_862' title='bbox 965 5695 976 5701; x_wconf 78' lang='grc'>,</span> <span class='ocrx_word' id='word_1_863' title='bbox 1452 5695 1487 5706; x_wconf 46' lang='grc' dir='ltr'><em>κ.</em></span> <span class='ocrx_word' id='word_1_864' title='bbox 1546 5695 1623 5700; x_wconf 55' lang='grc' dir='ltr'><strong><em>ην</em></strong></span> <span class='ocrx_word' id='word_1_865' title='bbox 1771 5695 1890 5704; x_wconf 52' lang='lat' dir='ltr'><strong><em>ww-..</em></strong></span> <span class='ocrx_word' id='word_1_866' title='bbox 1923 5695 2035 5720; x_wconf 62' lang='grc' dir='ltr'><strong><em>...η</em></strong></span> <span class='ocrx_word' id='word_1_867' title='bbox 2071 5695 2158 5713; x_wconf 77' lang='grc' dir='ltr'><strong><em>-ιο</em></strong></span> <span class='ocrx_word' id='word_1_868' title='bbox 2306 5695 2394 5717; x_wconf 71' lang='grc' dir='ltr'><strong><em>ιο.</em></strong></span> <span class='ocrx_word' id='word_1_869' title='bbox 2432 5695 2615 5730; x_wconf 62' lang='lat' dir='ltr'><strong><em>aut&quot;,</em></strong></span> <span class='ocrx_word' id='word_1_870' title='bbox 2646 5695 2667 5719; x_wconf 78' lang='grc' dir='ltr'>ι</span> <span class='ocrx_word' id='word_1_871' title='bbox 2691 5695 2733 5716; x_wconf 84' lang='grc' dir='ltr'><strong><em>ι.</em></strong></span> <span class='ocrx_word' id='word_1_872' title='bbox 2817 5695 2825 5696; x_wconf 48' lang='grc' dir='ltr'>ί</span> <span class='ocrx_word' id='word_1_873' title='bbox 2891 5695 2907 5716; x_wconf 88' lang='grc' dir='ltr'>ι</span> <span class='ocrx_word' id='word_1_874' title='bbox 2932 5695 3163 5728; x_wconf 62' lang='grc' dir='ltr'><strong><em>οοςιιιιν.</em></strong></span> <span class='ocrx_word' id='word_1_875' title='bbox 3195 5695 3249 5720; x_wconf 80' lang='grc' dir='ltr'><strong><em>ο.</em></strong></span> <span class='ocrx_word' id='word_1_876' title='bbox 3338 5695 3367 5696; x_wconf 51' lang='grc' dir='ltr'><em>νν</em></span> <span class='ocrx_word' id='word_1_877' title='bbox 3409 5695 3512 5723; x_wconf 64' lang='lat' dir='ltr'><strong><em>r3.</em></strong></span> <span class='ocrx_word' id='word_1_878' title='bbox 3569 5695 3764 5732; x_wconf 63' lang='lat' dir='ltr'><strong><em>XII“,</em></strong></span> <span class='ocrx_word' id='word_1_879' title='bbox 3793 5695 3848 5721; x_wconf 68' lang='lat' dir='ltr'><strong><em>se</em></strong></span> 
     </span>
     <span class='ocr_line' id='line_1_78' title="bbox 585 5701 3852 5806; baseline 0.004 -6"><span class='ocrx_word' id='word_1_880' title='bbox 585 5775 628 5800; x_wconf 93' lang='lat'><strong><em>..</em></strong></span> <span class='ocrx_word' id='word_1_881' title='bbox 657 5701 1168 5806; x_wconf 56' lang='lat'><strong><em>{39&quot;}:“227&#39;35‘;</em></strong></span> <span class='ocrx_word' id='word_1_882' title='bbox 1196 5710 1500 5806; x_wconf 63' lang='lat' dir='ltr'><strong><em>.I°E‘:&#39;_‘!.&#39;.&#39;-</em></strong></span> <span class='ocrx_word' id='word_1_883' title='bbox 1528 5716 1739 5806; x_wconf 36' lang='lat' dir='ltr'><strong><em>ixi-’31;</em></strong></span> <span class='ocrx_word' id='word_1_884' title='bbox 1769 5721 2090 5806; x_wconf 73' lang='lat' dir='ltr'><strong><em>..&#39;.&#39;.||Tim.</em></strong></span> <span class='ocrx_word' id='word_1_885' title='bbox 2113 5728 2282 5794; x_wconf 71' lang='lat'><strong><em>&quot;.19.</em></strong></span> <span class='ocrx_word' id='word_1_886' title='bbox 2363 5733 2678 5802; x_wconf 55' lang='lat' dir='ltr'><strong><em>&quot;uanum.</em></strong></span> <span class='ocrx_word' id='word_1_887' title='bbox 2704 5734 2802 5791; x_wconf 71' lang='grc' dir='ltr'><strong><em>ιδ.</em></strong></span> <span class='ocrx_word' id='word_1_888' title='bbox 2877 5732 2922 5768; x_wconf 71' lang='grc' dir='ltr'><strong><em>ι’</em></strong></span> <span class='ocrx_word' id='word_1_889' title='bbox 2959 5733 3154 5806; x_wconf 74' lang='grc' dir='ltr'><strong><em>εριιεε.</em></strong></span> <span class='ocrx_word' id='word_1_890' title='bbox 3179 5750 3233 5801; x_wconf 80' lang='grc' dir='ltr'><strong><em>ν.</em></strong></span> <span class='ocrx_word' id='word_1_891' title='bbox 3260 5735 3350 5790; x_wconf 75' lang='grc' dir='ltr'><strong><em>ιδ·</em></strong></span> <span class='ocrx_word' id='word_1_892' title='bbox 3435 5738 3532 5794; x_wconf 70' lang='grc' dir='ltr'><strong>ὀι</strong></span> <span class='ocrx_word' id='word_1_893' title='bbox 3567 5742 3708 5796; x_wconf 75' lang='lat' dir='ltr'><strong><em>cor.</em></strong></span> <span class='ocrx_word' id='word_1_894' title='bbox 3743 5738 3852 5805; x_wconf 78' lang='grc' dir='ltr'><strong><em>ιι.ο-</em></strong></span> 
     </span>
    </p>
   </div>
   <div class='ocr_carea' id='block_1_77' title="bbox 585 5769 1898 5851">
    <p class='ocr_par' dir='ltr' id='par_1_77' title="bbox 585 5769 1898 5851">
     <span class='ocr_line' id='line_1_79' title="bbox 585 5769 1898 5851; baseline 0.018 -27"><span class='ocrx_word' id='word_1_895' title='bbox 585 5775 628 5800; x_wconf 78' lang='lat'><strong><em>‘-</em></strong></span> <span class='ocrx_word' id='word_1_896' title='bbox 658 5769 784 5830; x_wconf 85' lang='lat' dir='ltr'><strong><em>lsai.</em></strong></span> <span class='ocrx_word' id='word_1_897' title='bbox 827 5788 916 5841; x_wconf 76' lang='grc' dir='ltr'><strong><em>ις,</em></strong></span> <span class='ocrx_word' id='word_1_898' title='bbox 952 5769 1075 5832; x_wconf 64' lang='grc'><strong><em>19.’</em></strong></span> <span class='ocrx_word' id='word_1_899' title='bbox 1115 5780 1157 5810; x_wconf 69' lang='grc' dir='ltr'>δ’</span> <span class='ocrx_word' id='word_1_900' title='bbox 1195 5782 1278 5837; x_wconf 83' lang='lat' dir='ltr'><strong><em>l‘s.</em></strong></span> <span class='ocrx_word' id='word_1_901' title='bbox 1311 5795 1497 5851; x_wconf 78' lang='lat' dir='ltr'><strong><em>xxxvr,</em></strong></span> <span class='ocrx_word' id='word_1_902' title='bbox 1534 5769 1623 5842; x_wconf 54' lang='lat' dir='ltr'><strong><em>l9:</em></strong></span> <span class='ocrx_word' id='word_1_903' title='bbox 1650 5769 1654 5770; x_wconf 13' lang='grc' dir='ltr'><em>ν</em></span> <span class='ocrx_word' id='word_1_904' title='bbox 1686 5769 1740 5820; x_wconf 45' lang='grc'><strong><em>’⁸⁵</em></strong></span> <span class='ocrx_word' id='word_1_905' title='bbox 1767 5769 1898 5848; x_wconf 51' lang='lat' dir='ltr'><strong><em>ibid;</em></strong></span> 
     </span>
    </p>
   </div>
  </div>
