3808 6548
44 313 130 370 545

39 442 55 486 ι
97 426 304 482 dicit“:
333 421 458 479 Ecce
507 421 619 474 dies
665 422 903 484 veniunt,
952 419 1081 474 dicit
1134 417 1419 480 Dominus,
1459 424 1510 469 et
1541 419 1585 474 A

35 521 241 574 amittam
279 516 451 586 [autem
511 528 670 580 super
704 522 920 574 terram,
972 525 1075 563 non
1108 509 1300 576 fantem
1339 506 1513 576 panis,

41 627 146 682 eque
171 609 292 662 sitim
315 622 478 674 aqum,
511 605 601 659 sed
621 602 827 672 famem
858 603 926 656 ad
950 601 1273 656 audiendum
1303 601 1517 654 verbum

35 705 105 757 tri.
144 701 202 756 Et
237 701 502 754 circuibunt
532 698 595 750 ab
629 697 828 750 oriente
858 712 1019 765 usque
1057 694 1127 748 ad
1171 694 1515 756 occidentem,

35 807 49 852 t
90 797 278 848 audiant
320 796 518 848 verbum
565 793 814 856 Domini,
867 802 914 846 et
943 807 1046 843 non
1087 790 1367 844 invenient.
1426 788 1516 844 lsti

42 900 108 942 int
135 904 247 957 ergo
275 889 393 952 dies,
417 897 472 940 et
509 886 654 940 istud
679 894 762 938 est
803 893 1014 953 tempus
1045 883 1223 948 famis,
1257 899 1378 938 cum
1410 900 1516 937 non

37 990 104 1036 tut
130 984 210 1052 qui
243 983 444 1035 verbum
479 981 568 1034 Dei
601 979 913 1048 loquamur,
935 979 1080 1033 sicut
1101 987 1153 1032 et
1179 979 1350 1033 fames
1375 993 1518 1033 nunc

35 1086 61 1130 at
82 1071 434 1143 apudJudaeos.
457 1070 734 1143 Nusquam
762 1072 904 1126 enim
932 1071 1226 1141 propheta,
1254 1085 1516 1139 nusquam

35 1169 214 1238 ipiens,
270 1182 514 1236 nusquam
562 1167 805 1236 prudens
854 1165 1178 1228 aestimator,
1248 1179 1517 1234 nusquam

37 1261 464 1331 iiuquageuarius,
528 1275 794 1329 nusquam
853 1259 1074 1328 sapiens
1129 1259 1518 1325 consiliarius,

36 1369 230 1424 nsquam
265 1353 555 1423 intelligens
603 1352 844 1419 auditor,
882 1353 1064 1406 omnia
1115 1353 1338 1407 abstulit
1379 1351 1520 1407 Dens

35 1446 206 1502 Judzca
242 1455 290 1500 et
329 1444 652 1500 Jerusalem.
707 1445 813 1500 Sed
846 1454 903 1499 et
940 1447 990 1500 in
1026 1443 1184 1499 nobis
1218 1455 1401 1499 metus
1437 1455 1520 1498 est

35 1556 176 1610 gens,
216 1556 273 1593 ne
299 1538 430 1593 forte
458 1539 624 1592 etiam
661 1538 820 1592 nobis
846 1539 1128 1592 immineat
1168 1537 1358 1593 fames.
1396 1540 1519 1592 Sic-

54 1635 194 1687 enim
222 1632 284 1686 illi
315 1633 373 1687 de
393 1631 591 1700 quibus
621 1647 781 1699 supra
815 1632 1072 1696 diximus,
1101 1631 1328 1700 legendo
1355 1633 1523 1704 668

35 1740 139 1795 gem
185 1734 232 1780 et
257 1741 349 1778 non
393 1723 642 1778 faciendo
693 1725 1042 1778 incurrerunt
1069 1724 1120 1778 in
1156 1725 1256 1778 hoc
1285 1735 1342 1779 ut
1368 1727 1515 1780 verbi

35 1819 56 1871 :i
86 1818 272 1870 famem
295 1827 624 1888 paterentur,
651 1825 705 1868 et
732 1817 1084 1872 adferrentur
1105 1818 1174 1870 ab
1209 1817 1314 1874 illis
1336 1820 1518 1873 omnia

39 1911 52 1964 i
87 1910 223 1964 dona
256 1926 362 1976 qua:
385 1924 541 1977 supra
575 1909 831 1977 diximus,
870 1919 922 1964 et
958 1913 1269 1964 mandatum
1299 1922 1380 1964 est
1415 1929 1517 1965 nu-

35 2020 111 2058 tus
153 2002 439 2074 (prephetis
487 2003 719 2070 scilicet)
777 2020 844 2057 ne
891 2004 1146 2072 pluerent
1205 2020 1371 2073 super
1427 2021 1520 2061 eos

35 2097 193 2150 tviam
227 2096 514 2156 verbiDei,
552 2098 844 2152 verendum
879 2110 963 2152 eat
995 2113 1063 2152 ne
1097 2098 1200 2152 tale
1231 2101 1394 2154 etiam
1423 2100 1522 2153 ali-

35 2192 91 2244 )tl
124 2191 273 2246 nobis
303 2192 657 2258 correptionis
706 2191 997 2247 inducatur
1029 2209 1202 2264 genus
1229 2209 1241 2242 :
1283 2196 1378 2249 sed
1412 2210 1521 2247 ma-

85 2283 378 2339 eﬂiciamur
434 2301 537 2339 non
570 2287 847 2341 auditores
889 2287 1021 2358 legis
1053 2298 1282 2355 tantum,
1323 2293 1417 2344 sed
1465 2298 1522 2342 et

35 2387 210 2441 tores,
235 2389 290 2430 ut
321 2379 537 2433 mandet
563 2378 824 2435 Dominus
851 2380 1085 2435 nubibus
1102 2381 1237 2445 suis,
1268 2398 1372 2436 non
1404 2382 1520 2446 ttni,

35 2484 120 2537 lue
156 2470 375 2534 duabus,
409 2472 502 2526 sed
533 2473 802 2540 pluribus,
837 2473 1024 2540 pluere
1058 2489 1225 2542 super
1259 2490 1357 2528 nos
1395 2476 1519 2546 plu-

35 2577 108 2620 m,
148 2570 200 2613 ut
229 2560 281 2614 in
306 2561 543 2616 Ecclesia
587 2566 870 2632 propheta
899 2565 1004 2618 duo
1039 2565 1121 2619 vel
1168 2575 1279 2621 tres
1312 2568 1524 2633 dicant,

35 2652 212 2706 :mteri
263 2654 683 2710 examinant“:
726 2665 783 2709 et
837 2657 881 2710 si
943 2659 1156 2713 sedenti
1220 2661 1522 2714 revelatum

36 2747 128 2809 rit,
161 2744 308 2814 prior
340 2756 534 2812 taceat,
569 2757 626 2801 ut
655 2749 840 2819 plures
873 2751 1004 2804 ﬁant
1055 2754 1300 2821 opmarii
1330 2753 1522 2807 incon-

47 2838 190 2892 biles
221 2848 364 2893 recte
400 2850 696 2895 tractantes
726 2844 952 2896 verbum
977 2844 1248 2907 veritatis,
1283 2853 1343 2898 ut
1375 2845 1523 2900 dicat

43 2929 318 2997 siluisque
361 2931 638 2985 doctorqu
703 2942 758 2986 et
815 2933 1230 3001 prmdicantium
1299 2938 1522 2991 verbum

55 3023 367 3075 secundum
391 3021 619 3077 Paulum
653 3021 699 3054 ⁸⁸
729 3041 742 3077 :
780 3023 888 3093 Ego
919 3026 1170 3092 plantavi,
1227 3039 1282 3082 et
1334 3029 1422 3082 ille
1451 3030 1525 3082 ri-

35 3115 86 3180 t,
118 3115 214 3167 sed
247 3113 384 3168 Deus
411 3119 785 3171 incrementum
813 3119 976 3173 dedit.
1013 3120 1138 3175 llaec
1165 3131 1346 3175 autem
1369 3122 1524 3188 ﬁent,
1553 3118 1596 3176 C-

36 3220 106 3258 os
143 3207 241 3273 qui
268 3208 509 3274 rigantur
543 3224 572 3259 a
610 3210 845 3263 nubibus
878 3221 932 3264 et
962 3213 1270 3267 audivimus
1298 3217 1522 3268 verbum

75 3297 387 3355 aderamus
423 3301 631 3357 fructus
664 3303 783 3357 illos
814 3319 955 3374 quos
984 3315 1272 3360 enumerat
1294 3308 1528 3376 Aposto-

35 3391 105 3455 ⁵⁷,
155 3393 210 3446 id
240 3403 351 3457 est,
401 3393 608 3463 fructus
654 3398 900 3464 spiritus,
947 3399 1038 3474 qui
1077 3409 1205 3452 sunt
1246 3401 1522 3469 gaudium,

39 3484 188 3548 itas,
223 3501 357 3552 pax,
389 3487 665 3554 patientia,
698 3488 1100 3558 longanimitas,
1131 3499 1186 3545 et
1211 3501 1408 3546 uetera
1445 3492 1527 3546 his

36 3578 148 3630 lia.
187 3577 344 3644 Quos
395 3578 613 3634 fructus
641 3581 685 3635 si
749 3597 1029 3635 moramur
1081 3582 1297 3651 alTerre,
1329 3599 1530 3640 vereu-

79 3680 180 3726 est
222 3688 295 3726 ne
355 3673 645 3726 mandetur
694 3675 926 3729 tutbibus
955 3676 1240 3730 obstruere
1278 3692 1307 3729 a
1369 3677 1530 3733 nobis

35 3779 120 3817 'es
156 3778 320 3831 suos,
374 3775 432 3819 et
487 3764 715 3834 incipiat
775 3769 1150 3838 unusquisque
1214 3781 1528 3826 sanctorum

36 3870 90 3912 ’θ
132 3855 283 3910 illud
316 3857 463 3925 quod
491 3857 755 3926 scriptum
785 3870 870 3914 est
899 3859 945 3891 ’⁸⁸
975 3879 988 3912 :
1019 3859 1124 3926 Qui
1175 3874 1350 3916 autem
1383 3865 1531 3917 intel-

35 3947 105 4000 ἰιι
152 3958 400 4015 tempore
428 3949 521 4002 illo
552 3950 749 4002 sedebit
799 3961 850 4003 et
901 3953 1117 4016 tacebit,
1148 3956 1273 4023 quia
1327 3966 1528 4010 terimus

39 4057 104 4092 ιη
142 4048 261 4093 est.
299 4039 408 4092 Sed
441 4042 755 4096 meminisse
801 4029 1062 4098 debemus
1105 4044 1349 4099 historia:
1389 4048 1530 4099 a..ti-

35 4148 147 4185 um
219 4132 296 4185 de
358 4129 523 4186 latinis
582 4143 849 4202 tempore,
919 4137 1192 4204 quomodo
1241 4139 1425 4209 justus
1475 4142 1526 4193 iu

35 4246 162 4284 ore
197 4228 379 4284 famis
427 4241 732 4285 saturatur.
787 4233 1136 4290 Conveniens
1172 4247 1304 4306 puto
1356 4236 1531 4293 fames

35 4324 425 4390 temporibus
457 4324 590 4379 Elia:
621 4327 900 4396 prophetae
924 4326 990 4391 “,
1022 4330 1239 4398 quando
1285 4330 1527 4386 clausum

36 4417 239 4472 nium
300 4417 469 4472 anuis
495 4419 668 4473 tribus
690 4429 746 4472 et
792 4421 1070 4477 mensibus
1111 4437 1229 4477 ses.
1294 4426 1360 4479 Et
1403 4435 1530 4480 tunc

42 4522 136 4559 us
178 4504 424 4575 quidem
469 4509 884 4576 periclitabatur
914 4510 1080 4579 fame,
1112 4515 1206 4568 sed
1239 4514 1388 4570 Elias
1422 4534 1527 4572 non

39 4611 240 4653 )atur
293 4596 526 4652 famem.
575 4600 642 4654 Et
687 4609 813 4655 tunc
841 4601 1061 4670 quidem
1094 4606 1426 4672 pascebatur
1459 4610 1530 4664 ab

36 4710 68 4748 3
134 4691 220 4753 ”,
256 4693 486 4760 quando
512 4699 566 4746 et
588 4693 718 4748 abiit
769 4694 822 4747 in
872 4695 1078 4750 virtute
1109 4713 1250 4752 escae
1284 4699 1447 4764 illius,
1476 4712 1532 4756 et

35 4785 224 4850 insit.
265 4785 639 4856 quadraginta
667 4787 861 4841 diebus
885 4797 940 4840 et
966 4790 1328 4858 quadraginta
1356 4795 1532 4848 nocti-

52 4892 259 4932 nunc
300 4887 493 4931 autem
535 4880 715 4934 corvis
768 4880 1208 4938 ministrantibus
1258 4889 1529 4954 pasceba-

35 5015 51 5038 ,
107 4988 276 5028 cum
336 4972 390 5026 ei
429 4973 481 5027 in
527 4977 798 5030 matutino
843 4992 1014 5046 panes
1054 4980 1330 5036 deferrent
1377 4993 1430 5037 et
1462 4985 1527 5038 ad

35 5085 118 5121 -u
134 5085 197 5120 ιη
243 5081 487 5134 carnes,
514 5077 571 5123 et
603 5069 799 5124 iterum
837 5071 1077 5126 refertur
1103 5071 1306 5128 bibisse
1333 5091 1529 5145 aquam

35 5171 264 5218 rente
300 5159 535 5227 Coratb,
576 5172 632 5218 et
672 5163 886 5220 venisse
930 5165 983 5219 iu
1020 5164 1246 5236 Sarepta
1280 5168 1532 5225 Sidonio-

36 5260 98 5314 d
178 5255 503 5311 mulierem
553 5257 769 5312 viduam
818 5257 976 5314 famis
1019 5269 1282 5332 tempore.
1326 5265 1528 5334 etquia

87 5357 295 5413 erat,
346 5364 460 5403 non
506 5359 592 5405 est
643 5365 835 5420 passus
897 5352 1134 5407 inediam
1184 5352 1384 5423 famis,
1433 5357 1529 5412 sed

35 5459 48 5496 ε
129 5439 201 5495 ei
255 5438 608 5495 abundantia
650 5451 847 5512 praesto
894 5455 1046 5509 erat;
1087 5455 1248 5515 atque
1293 5461 1399 5502 uno
1431 5462 1531 5503 eo-

47 5549 112 5591 e
184 5542 471 5602 tempore
512 5542 635 5589 erat
681 5535 1063 5604 peccatoribus
1114 5537 1314 5604 fames;
1383 5539 1532 5597 Elias

1554 1774 1594 1827 Β

1565 4470 1606 4523 D

36 5758 226 5799 'nos
266 5758 358 5796 vn
402 5756 445 5804 ι,
481 5741 565 5801 ιι.
597 5741 687 5798 12.
762 5744 808 5776 ⁸³
839 5743 858 5799 1
884 5745 1010 5799 Cor.
1048 5760 1158 5812 xrv,
1200 5746 1294 5801 ‘29.

57 5829 228 5870 vn.
327 5813 381 5845 ⁸⁸
416 5813 481 5866 ιιι
513 5813 644 5884 Reg.
678 5829 790 5870 ιιι.
869 5815 911 5846 ⁸⁸
943 5815 1008 5872 ιιι
1055 5817 1188 5887 Reg.
1230 5832 1364 5874 xvu.

609 301 922 360 SELECTA
948 301 1018 359 ΙΝ
1051 298 1391 358 PSALMOS.
1437 327 1502 338 ——
1542 295 1779 354 "OMIL.
1803 297 1870 352 111
1910 298 1978 354 IN
2019 299 2218 356 PSAL.
2261 298 2500 355 XXXVI.

1371 5747 1466 5802 “l
1506 5747 1634 5802 Cor.
1679 5764 1759 5814 nt,
1784 5749 1840 5804 6.

1441 5821 1487 5850 ⁵¹
1515 5817 1673 5875 Joan.
1710 5835 1788 5888 ιι,
1827 5820 1882 5876 4.

3062 301 3202 356 1316

1617 421 1795 467 autem
1833 413 1958 483 quia
1982 413 2162 480 justus
2192 425 2330 481 erat,
2377 412 2652 468 nesciebat
2689 411 2905 468 famem.
2947 415 3038 472 Sie
3071 432 3202 486 ergo

1619 504 1784 558 etiam
1821 505 1865 560 si
1914 504 2086 558 fatnes
2143 506 2327 560 veniat
2379 505 2708 575 aliquando,
2750 507 2893 576 quod
2940 506 3202 564 Dominus

1620 613 1726 651 non
1762 606 1984 666 prmslel
2014 595 2270 652 Ecclesiae
2307 600 2456 654 sua}!
2497 599 2540 652 si
2575 599 2792 667 quando
2833 609 3012 656 tamen
3053 601 3203 657 acci-

1619 688 1731 753 dat,
1765 689 1852 757 qui
1893 689 2054 742 habet
2089 687 2424 742 intellectum
2465 699 2518 744 et
2559 692 2880 745 exercitium
2927 693 2978 746 in
3023 694 3200 748 medi»

1621 783 1820 835 latione
1855 779 2004 834 verbi
2057 779 2175 848 Dei,
2220 790 2276 834 et
2323 783 2611 837 constituit
2670 783 2922 838 meditari
2988 785 3039 839 in
3086 785 3203 856 lege

1618 874 1733 942 ejus
1769 875 1855 932 die
1878 889 1940 926 ac
1968 882 2147 935 nocte,
2191 881 2355 942 atque
2384 888 2644 930 exercere
2669 890 2728 931 se
2756 877 2822 929 ad
2864 877 3198 932 intellectum

1619 967 1917 1034 spiritalem
1968 966 2399 1036 percipiendum,
2451 968 2691 1023 inveniet
2751 972 2802 1025 in
2852 971 2956 1026 illis
3003 987 3201 1040 panem

1622 1060 1768 1114 illum
1807 1060 1900 1129 qui
1933 1059 2000 1113 de
2038 1059 2177 1111 coelo
2217 1060 2522 1124 descendit,
2559 1069 2611 1115 et
2654 1062 2744 1115 [iet
2782 1062 2828 1118 ci
2871 1079 3053 1119 sermo
3110 1063 3204 1118 Dei

1621 1162 1905 1216 abundans
1937 1161 2111 1226 cibus,
2141 1169 2196 1212 et
2226 1159 2501 1229 proﬂuens
2541 1174 2734 1232 potus;
2794 1175 2848 1219 et
2885 1183 2989 1221 non
3027 1167 3204 1223 solum

1621 1255 1774 1310 cibus
1811 1263 1865 1310 et
1899 1265 2078 1326 potus,
2126 1267 2312 1307 verum
2347 1253 2390 1308 si
2448 1255 2801 1323 profundiore
2855 1275 3202 1317 sacramenta

1626 1349 1871 1418 mysticae
1931 1347 2302 1416 intelligentia:
2361 1350 2604 1416 potuerit
2648 1353 3002 1418 perscrutari,
3044 1364 3207 1408 erunt

1623 1436 1671 1491 ei
1707 1452 1988 1492 sermones
2028 1437 2117 1490 Dei
2145 1435 2374 1492 deliciae.
2411 1436 2598 1493 Potest
2626 1439 2790 1493 etiam
2817 1440 2925 1496 alio
2965 1444 3126 1498 modo
3151 1445 3202 1497 iu

1625 1528 1730 1584 hoc
1777 1529 1896 1584 loco
1957 1528 2278 1597 profundior
2317 1546 2511 1585 sensus
2569 1533 2792 1600 aperiri.
2838 1533 3102 1589 Dominus
3156 1547 3211 1591 ct

1625 1620 1878 1676 Salvator
1923 1623 1997 1674 ait
2025 1623 2072 1654 ⁸²
2111 1646 2122 1678 ;
2162 1621 2342 1676 Veniet
2402 1641 2508 1678 nox
2565 1629 2778 1696 quando
2825 1641 2974 1680 nemo
3040 1637 3209 1693 potest

1629 1713 1862 1779 aperari.
1895 1710 1962 1765 Et
1995 1713 2098 1767 hoc
2128 1713 2256 1765 dicit
2287 1713 2353 1766 de
2381 1712 2472 1767 illo
2503 1722 2746 1784 tempore
2778 1716 2920 1783 quod
2955 1717 3062 1770 erit
3089 1727 3211 1786 post

1626 1807 1726 1860 hoc
1763 1801 2045 1873 sarculum,
2090 1816 2334 1876 tempore
2365 1823 2473 1877 quo
2507 1807 2880 1878 unusquisque
2920 1824 3018 1879 pro
3053 1810 3211 1864 malis

1626 1911 1740 1966 suis
1782 1911 2010 1980 recipiet
2041 1925 2251 1981 poenas.
2297 1910 2448 1966 Tunc
2477 1925 2608 1980 ergo
2644 1911 2775 1964 dicit
2819 1919 3031 1965 noctem
3061 1910 3204 1966 illaut

1627 2002 1887 2068 futuram,
1913 2020 2037 2058 cum
2063 2005 2176 2069 jam
2214 2020 2373 2059 nemo
2400 2013 2580 2074 potest
2612 2003 2826 2072 operari
2864 2003 3088 2073 aliquid,
3118 2006 3211 2056 sed

1625 2096 2002 2165 unusquisque
2053 2106 2180 2151 tunc
2217 2097 2456 2166 pascitur
2503 2113 2570 2152 ex
2613 2097 2871 2166 operibus
2921 2099 3036 2152 suis
3089 2113 3209 2164 qua:

1626 2186 1716 2242 hic
1757 2189 1966 2255 positus
1993 2198 2250 2257 operatus
2289 2198 2390 2243 est.
2422 2187 2556 2243 Cum
2590 2204 2720 2259 ergo
2751 2205 2854 2243 nox
2887 2188 3084 2255 fuerit,
3116 2203 3212 2242 ne-

1628 2293 1718 2331 mo
1747 2289 2008 2348 operatur
2036 2277 2092 2338 iu
2126 2279 2217 2332 illo
2256 2289 2500 2348 tempore
2532 2295 2546 2333 :
2579 2295 2700 2332 cum
2727 2288 3042 2348 peccatores
3072 2295 3212 2348 sup-

1628 2369 1804 2439 pliciis
1859 2369 2193 2441 allligentur,
2247 2371 2353 2425 erit
2403 2369 2522 2425 sine
2575 2370 2737 2425 dubio
2793 2369 2963 2424 fames
3003 2370 3088 2424 his
3119 2371 3214 2440 qui

1627 2473 1805 2528 nullos
1849 2472 2061 2529 fruetus
2115 2474 2240 2528 boni
2272 2475 2455 2544 operis
2492 2473 2851 2538 collegerunt.
2898 2471 2954 2527 In
2998 2473 3090 2528 illo
3119 2491 3216 2527 au-

1629 2579 1734 2621 tem
1763 2565 1920 2620 famis
1952 2576 2215 2635 tempore,
2267 2567 2664 2622 saturabuntur
2706 2567 2864 2635 justi,
2911 2581 2978 2621 ex
3013 2567 3214 2622 fructi-

1628 2657 1727 2711 bus
1760 2657 1966 2712 scilicet
1996 2656 2227 2727 justitire
2267 2673 2396 2714 suae.
2427 2657 2583 2712 Sicut
2608 2658 2752 2712 enim
2789 2658 2840 2711 in
2868 2659 3090 2713 deserto
3117 2673 3212 2712 ser.

1627 2750 1816 2803 diebus
1844 2749 2171 2819 colligebant
2223 2767 2420 2805 manna
2457 2751 2524 2814 ⁵³,
2572 2751 2624 2804 in
2666 2761 2819 2806 sexta
2872 2762 3055 2804 autem
3121 2751 3211 2804 die

1628 2855 1735 2893 non
1775 2839 1939 2894 unius
1974 2841 2078 2894 diei
2123 2843 2365 2907 tuodum,
2394 2842 2489 2895 sed
2520 2852 2783 2912 quantum
2838 2841 3111 2898 sufﬁceret
3157 2843 3212 2896 in

1629 2931 1922 2984 crastinum
1967 2931 2317 3000 colligebant,
2359 2941 2416 2986 et
2470 2938 2845 3003 unusquisque
2899 2935 3096 2989 edebat
3157 2933 3214 2987 ia

1631 3021 1718 3075 die
1749 3022 1998 3085 Sabbati,
2028 3039 2150 3092 quae
2177 3024 2473 3093 collegerat
2507 3024 2558 3077 in
2593 3025 2681 3078 die
2710 3035 2867 3078 sexta
2893 3042 2908 3088 ;
2952 3027 3022 3078 ita
3053 3025 3215 3080 etiam

1633 3131 1776 3169 nunc
1808 3116 1958 3169 velut
1986 3128 2139 3170 sexta
2176 3118 2426 3187 quaedam
2468 3118 2587 3172 dies
2620 3121 2857 3187 putanda
2885 3127 2968 3173 est
2998 3118 3214 3173 Domini

1630 3208 1800 3262 nostri
1826 3207 1952 3262 Jesu
1984 3209 2185 3263 Christi
2212 3212 2499 3271 adventus.
2539 3219 2592 3263 et
2624 3221 2834 3278 tempus
2862 3210 2964 3263 hoc
2995 3211 3216 3277 dispen-

1631 3315 1863 3369 sationis
1889 3314 2026 3384 ejus,
2090 3329 2250 3383 quam
2307 3313 2561 3383 passione
2620 3329 2714 3366 sua
2766 3312 2960 3366 hocin
3018 3302 3217 3366 saec-lito

1631 3418 1970 3490 procuravit.
2020 3417 2086 3470 Et
2132 3417 2338 3471 idcirco
2378 3417 2506 3468 dum
2556 3415 2608 3468 in
2661 3415 2749 3468 die
2796 3425 2948 3467 sexta
3003 3427 3214 3473 sumus,

1631 3514 1950 3580 colligamus
2015 3524 2214 3563 manna
2269 3507 2590 3578 dupliciter,
2647 3517 2708 3559 ut
2758 3505 3008 3560 subicere
3051 3506 3219 3558 'nobis

1633 3603 1806 3667 possit
1834 3603 1959 3654 dum
2001 3599 2286 3653 advenerit
2319 3613 2447 3652 vera
2498 3596 2725 3652 Sabbati
2781 3597 3095 3650 observatio
3123 3611 3220 3666 po—

1630 3697 1742 3766 puli
1791 3694 1907 3750 Dei.
1937 3693 1994 3748 Si
2023 3693 2169 3747 enim
2204 3705 2312 3746 non
2339 3689 2724 3759 collegerimus
2760 3687 3002 3758 duplices
3040 3688 3215 3753 cibos,

1632 3786 1722 3855 qui
1764 3786 1919 3840 nobis
1950 3792 2004 3839 et
2031 3786 2082 3837 in
2113 3781 2372 3854 praesenti
2405 3780 2607 3835 saeculo
2639 3779 2909 3834 sulliciant
2936 3789 2993 3832 et
3033 3779 3090 3833 lu
3134 3779 3224 3831 lii--

1635 3887 1777 3944 turo,
1813 3876 1867 3930 in
1896 3876 2086 3932 diebus
2129 3875 2286 3929 famis
2329 3887 2434 3927 non
2472 3873 2866 3928 saturabimttr.
2925 3871 3018 3928 Sic
3071 3875 3218 3927 enim

1632 3985 1756 4026 eum
1791 3969 1924 4040 justi
1978 3966 2370 4023 saturabtmtur
2411 3965 2463 4018 in
2500 3963 2694 4020 diebus
2725 3963 2885 4019 fatuis
2910 3961 2941 4030 ,‘
2973 3977 3217 4033 peccato-

1633 4080 1740 4130 res,
1772 4062 1950 4131 inquit
1978 4061 2048 4124 υ,
2085 4060 2370 4127 peribunt;
2401 4057 2604 4110 inimici
2629 4069 2807 4110 autent
2852 4056 3063 4110 Domini
3107 4068 3214 4110 stn-

1632 4155 1725 4209 tim
1754 4164 1809 4207 ut
1838 4153 2176 4221 honoriﬁcati
2209 4150 2404 4219 fuerint
2443 4160 2491 4202 et
2543 4148 2789 4213 exaltati,
2820 4149 3121 4218 deﬁcientes
3167 4157 3221 4204 ut

1634 4246 1813 4316 [nurus
1867 4245 2135 4312 deficient.
2207 4243 2375 4296 Docet
2420 4255 2519 4294 nos
2549 4253 2730 4294 sermo
2785 4240 2999 4295 divinus
3031 4240 3224 4309 quales

1634 4346 1745 4401 sint
1772 4346 2008 4399 honores
2039 4344 2198 4411 hujus
2239 4341 2448 4397 saeculi.
2478 4340 2615 4396 Cum
2646 4341 2790 4396 enim
2821 4342 3024 4398 videris
3064 4343 3216 4396 illum

1635 4438 1874 4508 acceptis
1906 4436 2050 4492 illius
2090 4434 2385 4506 provincia;
2421 4433 2662 4487 fascibus
2703 4433 2994 4500 tumidum,
3045 4433 3209 4487 alium

1637 4529 2012 4585 consulatibus
2049 4529 2272 4591 elatum,
2316 4528 2483 4581 alium
2519 4525 2752 4580 diversis
2805 4525 3221 4593 magistratibus

1636 4624 1930 4689 elevatum,
1962 4638 2084 4677 cum
2127 4637 2258 4690 ergo
2295 4635 2516 4674 omnem
2576 4620 2734 4674 istam
2774 4620 2977 4675 videris
3028 4620 3221 4675 elatio-

1639 4731 1785 4783 nem,
1827 4714 2114 4772 cousidera
2148 4715 2274 4783 quia
2315 4713 2635 4767 deﬁcientes
2684 4713 2826 4768 sicut
2878 4715 3057 4769 {uirtus
3087 4716 3222 4768 deii-

1638 4813 1832 4868 cient:
1877 4811 2169 4864 recordare
2225 4809 2388 4862 etiam
2419 4816 2654 4878 quantos
2695 4809 2747 4862 in
2785 4809 2872 4863 bis
2924 4808 3222 4864 honoribus

1641 4905 1866 4968 videris,
1912 4912 1968 4958 et
2020 4917 2195 4972 usque
2240 4903 2308 4958 ad
2363 4913 2418 4959 te
2474 4913 2676 4974 quanta
2711 4917 2806 4958 eos
2846 4903 3060 4972 fastigia
3092 4918 3226 4956 con-

1643 4996 1927 5052 scendisse
1959 4995 2296 5061 memineris,
2349 5005 2404 5050 et
2433 4997 2552 5050 vide
2589 4997 2635 5050 si
2677 5011 2782 5050 non
2833 5011 3024 5049 omnes
3063 4996 3222 5058 bene,

1642 5099 2000 5158 posteaquam
2061 5087 2284 5143 exaltati
2330 5098 2480 5154 sunt,
2525 5089 2722 5159 dejecti
2765 5089 2943 5143 denuo
2987 5096 3042 5142 et
3097 5102 3221 5154 pro.

1641 5180 1797 5236 strati
1825 5183 1968 5235 sicut
1995 5179 2176 5234 fumus
2209 5179 2545 5235 defecerunt.
2586 5180 2802 5235 Inimici
2832 5189 3008 5234 autem
3034 5179 3222 5232 Domi-

1640 5273 1696 5326 ni
1724 5273 1904 5326 statim
1932 5281 1986 5324 ut
2017 5270 2420 5325 honot'abuntur
2452 5282 2499 5325 et
2537 5271 2936 5336 exaltabuntur,
2973 5270 3222 5338 deﬁcien-

1640 5374 1717 5418 tes
1745 5373 1800 5416 ut
1862 5365 2040 5432 fumus
2083 5362 2348 5430 deﬁcient.
2385 5363 2707 5418 Econtrario
2741 5379 2869 5418 vero
2911 5363 3072 5417 amici
3117 5363 3222 5415 lto~

1642 5454 1774 5508 mini
1809 5455 1992 5507 statim
2030 5462 2086 5506 ut
2108 5455 2405 5524 contempti
2447 5455 2646 5510 fuerint
2684 5463 2739 5508 et
2789 5454 3030 5523 despecti
3060 5464 3115 5508 et
3147 5454 3216 5507 ab

1643 5543 1954 5598 hominibus
1993 5542 2287 5612 humiliati,
2337 5561 2366 5598 a
2406 5545 2517 5602 Deo
2576 5545 2964 5600 exaltabuntur
3003 5554 3058 5600 et
3107 5545 3223 5599 eri-

1918 5751 1962 5783 "
2003 5751 2183 5807 Galat.
2245 5769 2297 5820 v,
2331 5755 2423 5808 22.

1962 5823 2183 5880 "Exod.
2213 5840 2267 5878 χ.

2500 5754 2544 5787 ⁸⁸
2587 5753 2750 5807 Amos
2793 5769 2846 5817 v,
2893 5755 2980 5812 15.
3053 5751 3102 5787 δ’
3156 5750 3226 5812 111

2345 5826 2394 5857 ³⁸
2429 5825 2518 5881 Ps.
2578 5840 2765 5882 xxxvr.
2815 5825 2907 5880 20.
