3808 6496
683 252 813 309 [317

682 476 726 518 et
753 465 840 535 qui
867 478 921 516 se
951 458 1193 532 humiliat
1225 456 1547 511 excitabitur
1583 452 1653 506 δ’.

676 618 681 623 _
749 557 836 611 ll.
865 554 993 610 Post
1024 552 1139 606 haec
1175 549 1445 603 adduntur
1484 544 1730 615 qumtlam
1771 557 1890 612 quae
1931 556 2039 596 non
2080 553 2248 610 parva

682 645 923 716 indigent
945 642 1302 713 expositione,
1335 639 1411 692 ait
1439 638 1581 692 enim
1611 636 1657 666 ⁸⁸
1686 653 1699 689 :
1740 633 2078 689 .llutuabitur
2129 646 2251 698 pec-

680 750 828 794 cator
857 747 909 798 et
938 752 1038 790 non
1068 734 1268 808 reddet,
1290 733 1468 800 justus
1500 739 1675 784 autem
1725 729 2000 782 miseretur
2027 734 2073 779 et
2104 739 2247 777 com-

681 831 880 886 modat.
914 829 1087 883 Etiam
1125 828 1227 882 hoc
1286 826 1332 881 si
1401 823 1698 880 secundum
1732 821 1969 875 litteram
2017 818 2252 887 accipia-

681 938 819 986 mus,
855 937 959 978 non
991 921 1262 975 videbitur
1302 932 1511 972 verum.
1562 914 1711 969 Multi
1763 913 1962 967 etenim
2004 919 2252 980 peccato-

681 1028 769 1070 res
804 1021 991 1067 mutuo
1020 1008 1300 1079 accipiunt
1330 1005 1619 1077 pecuniam
1644 1013 1699 1059 et
1730 1004 1957 1058 reddunt
1999 1015 2121 1055 cum
2172 998 2253 1054 fe-

681 1119 837 1171 nore,
873 1103 945 1158 ita
987 1111 1044 1157 ut
1087 1110 1140 1157 et
1186 1100 1288 1171 ipsi
1332 1100 1604 1153 interdum
1652 1097 1858 1151 lucrum
1900 1110 1964 1148 ex
2025 1093 2252 1162 pecunia

681 1212 842 1267 quam
872 1204 1221 1266 sumpserant
1255 1191 1519 1261 ceperint.
1552 1188 1751 1243 Definit
1787 1196 1966 1242 autem
2006 1185 2092 1240 hic
2119 1184 2254 1239 Pro-

682 1294 842 1359 pheta
869 1289 1101 1355 dicens:
1144 1284 1482 1339 Mutuabitur
1514 1291 1779 1350 peccator,
1821 1288 1871 1333 et
1924 1294 2025 1332 non
2070 1276 2251 1331 solvet.

680 1382 788 1437 Sed
832 1380 876 1436 si
910 1380 1185 1447 intelligas
1211 1378 1333 1447 quis
1372 1384 1454 1431 est
1480 1373 1569 1443 qui
1620 1372 1850 1436 fenerat,
1909 1381 1965 1425 et
2024 1368 2146 1436 quis
2172 1374 2255 1431 est

683 1475 777 1542 qui
802 1472 996 1542 accipit
1035 1471 1212 1536 fenus,
1231 1478 1284 1523 et
1304 1468 1549 1538 requiras
1573 1465 1696 1534 quis
1715 1472 1799 1518 est
1823 1458 2256 1530 peccator669

681 1569 774 1637 qui
814 1582 921 1622 non
964 1565 1136 1621 reddit
1169 1562 1449 1633 pecuniam
1483 1573 1644 1629 quam
1681 1558 1950 1625 sumpsit,
1982 1554 2255 1624 intelliges

683 1662 1126 1732 consequentiam
1179 1659 1386 1715 habere
1428 1655 1570 1725 quod
1620 1653 1881 1723 scriptum
1933 1658 2036 1706 e‘st.
2097 1647 2250 1703 Verbi

682 1723 885 1826 gratia;
915 1768 1039 1809 cum
1072 1753 1231 1807 ducet
1260 1749 1461 1804 Paulus
1489 1756 1545 1802 et
1579 1746 1838 1801 assistunt
1863 1744 1913 1798 ei
1954 1743 2251 1807 auditores,
2287 1732 2331 1787 Β
2358 1726 2657 1780 admiral”
2687 1723 2892 1826 ῖυοξθεν
2913 1734 2966 1779 et
2993 1726 3059 1780 ad
3086 1725 3348 1794 impudica
3376 1743 3538 1782 ""5""!
3556 1734 3695 1786 dth

683 1846 880 1904 Paulus
923 1854 1008 1900 est
1042 1845 1132 1914 qui
1162 1843 1449 1911 pecuniam
1491 1840 1701 1895 fenerat
1756 1835 2122 1899 dominicam,
2155 1850 2252 1888 au-

684 1939 888 1994 ditores
918 1946 1099 1992 autem
1130 1946 1257 1991 sunt
1287 1936 1377 2005 qui
1408 1950 1472 1989 ex
1506 1950 1600 1989 ore
1640 1932 1757 2002 ejus
1784 1928 2068 2001 pecuniam
2102 1927 2254 1983 verbi

682 2029 990 2098 suscipiunt
1030 2027 1353 2083 feneralam.
1395 2026 1459 2081 Et
1513 2026 1556 2079 si
1602 2025 1817 2095 quidem
1858 2021 2034 2088 justus
2067 2019 2256 2089 sitqui

682 2120 947 2191 suscipiat
996 2120 1065 2173 ab
1097 2134 1161 2172 eo
1196 2118 1504 2188 pecuniam,
1550 2116 1738 2171 reddet
1786 2115 2052 2184 integrum
2101 2114 2254 2167 fenus

680 2223 737 2267 et
762 2212 1204 2280 dicet:Qninque
1229 2225 1385 2263 mnas
1422 2209 1552 2264 mihi
1585 2206 1802 2270 dedisti,
1838 2221 1964 2260 ecce
1991 2203 2254 2273 acquisivi

684 2304 823 2358 alias
854 2305 1098 2375 quinque
1127 2303 1193 2356 ⁵⁷.
1239 2301 1294 2356 Si
1321 2300 1501 2369 justus
1546 2307 1630 2353 est
1656 2338 1671 2363 ,
1704 2297 1873 2352 dicit:
1899 2294 2147 2367 Quinque
2180 2305 2258 2349 ta-

684 2399 828 2453 lenta
862 2397 990 2451 mihi
1021 2396 1242 2460 dedisti,
1275 2409 1406 2449 ecce
1439 2394 1608 2447 habes
1659 2387 1998 2451 decem;vcl,
2023 2388 2141 2442 Duo
2177 2400 2258 2443 ta-

685 2491 827 2545 lenta
863 2488 995 2543 mihi
1042 2487 1234 2542 dedisti
1265 2525 1281 2553 ,
1310 2499 1440 2540 ecce
1472 2486 1641 2539 habes
1676 2494 1909 2554 quatuor
1938 2481 2006 2538 ⁸⁸.
2039 2482 2094 2537 Si
2128 2496 2256 2536 vero

684 2591 939 2652 peccator
966 2590 1090 2645 est,
1124 2587 1377 2647 suscepto
1422 2576 1514 2631 Dei
1550 2576 1714 2630 verbo
1747 2591 1852 2629 non
1900 2582 2157 2644 epes-atur
2190 2588 2253 2628 ex

683 2689 749 2730 eo
782 2688 948 2744 Opera
990 2670 1271 2737 mandati,
1300 2678 1354 2724 et
1384 2684 1490 2722 non
1526 2666 1704 2720 reddit
1748 2680 1939 2731 usuras
1963 2704 1977 2729 ,
2014 2666 2107 2718 sed
2136 2678 2259 2718 con-

685 2763 855 2819 sumit
899 2762 1079 2818 omnia
1110 2775 1229 2830 que:
1275 2760 1484 2826 accepit
1531 2759 1584 2812 in
1644 2757 1823 2813 fenus.
1865 2757 2005 2812 Ecce
2034 2768 2088 2811 et
2117 2773 2258 2813 nunc

688 2866 784 2906 vos
812 2866 1000 2906 omnes
1036 2851 1232 2919 quibus
1266 2851 1381 2903 haec
1425 2848 1618 2917 loquor
1643 2888 1658 2913 ,
1699 2851 1979 2917 pecuniam
2012 2848 2257 2919 accipitis

686 2943 986 3000 feneratam
1026 2944 1186 2996 verba
1257 2956 1415 3004 mea,
1466 2942 1578 2996 hzec
1614 2940 1839 3010 pecunia
1893 2939 2102 2994 Domini
2153 2950 2253 2994 est.

688 3039 798 3089 Aut
832 3037 873 3089 si
907 3022 1123 3090 dubitas
1148 3074 1165 3102 ,
1203 3034 1326 3088 audi
1374 3034 1697 3102 Prophetam
1733 3032 2000 3085 dicentem
2030 3032 2097 3097 ιθ,
2129 3031 2255 3100 quia

679 3124 899 3196 Eloquia
928 3126 1139 3181 Domini
1163 3126 1366 3197 eloquia
1398 3136 1565 3187 casta,
1601 3135 1874 3194 argentum
1916 3123 2034 3193 igua
2064 3124 2256 3193 proba-

686 3225 797 3269 tum
828 3225 984 3271 terra:
1014 3227 1297 3287 purgatum
1326 3215 1642 3285 scptuplum.
1665 3215 1721 3269 Si
1743 3229 1872 3284 ergo
1898 3214 2038 3270 male
2066 3214 2257 3281 doceo,

682 3307 912 3375 pecunia
962 3322 1079 3361 mea
1132 3308 1357 3377 reproba
1394 3318 1476 3362 est
1505 3347 1520 3372 ,
1575 3308 1871 3362 secundum
1911 3307 2032 3363 illos
2063 3307 2260 3376 quibus

682 3402 887 3457 dictum
938 3410 1021 3457 est
1050 3402 1120 3464 ‘°,
1151 3412 1425 3472 argentum
1475 3411 1702 3455 vestrum
1737 3401 2029 3468 reprobum.
2060 3400 2117 3456 Si
2163 3415 2260 3455 au-

683 3503 791 3547 tem
839 3492 975 3547 bene
1025 3492 1193 3546 doceo
1228 3532 1242 3556 ,
1296 3492 1523 3561 pecunia
1563 3491 1645 3546 vel
1696 3501 1982 3561 argentum
2030 3506 2135 3545 non
2175 3497 2261 3547 est.

683 3598 884 3651 meum,
914 3584 1008 3639 sed
1038 3584 1249 3638 Domini
1277 3591 1381 3647 est,
1415 3591 1469 3637 et
1509 3583 1794 3651 probatum
1821 3592 1925 3637 est.
1957 3584 2105 3639 Licet
2130 3599 2259 3655 ergo

684 3674 814 3728 mihi
848 3673 1097 3729 fenerare
1144 3674 1428 3744 pecuniam
1458 3673 1690 3740 Domini,
1724 3690 1898 3728 meam
1930 3684 2109 3730 autem
2132 3691 2260 3744 pro-

683 3767 857 3836 priam
909 3766 1192 3837 pecuniam
1246 3779 1351 3820 non
1401 3764 1565 3831 licet,
1613 3765 1737 3834 quia
1779 3765 2002 3820 verbum
2043 3765 2254 3820 Domini

681 3861 935 3931 prohibet
981 3861 1273 3915 humanam
1342 3858 1627 3930 pecuniam
1689 3856 1944 3913 fenerari.
1993 3857 2124 3924 Quae
2172 3868 2256 3914 est

681 3959 812 4020 ergo
859 3952 1093 4005 humana
1119 3990 1136 4016 ,
1174 3958 1227 4005 et
1268 3964 1388 4020 quae
1437 3949 1646 4005 Domini
1680 3950 1949 4019 pecunia?
1985 3948 2099 4021 Ego
2128 3961 2259 4021 puto

682 4042 827 4112 quod
856 4042 1123 4095 Valentini
1151 4056 1331 4095 sermo
1364 4042 1597 4095 humana
1621 4041 1853 4109 pecunia
1883 4050 1966 4096 est
1995 4051 2050 4096 et
2076 4057 2258 4111 repro-

682 4137 787 4202 ba,
820 4145 874 4190 et
904 4134 1195 4189 Marcionis
1244 4144 1293 4188 et
1332 4134 1585 4190 Basilidis
1620 4137 1845 4204 pecunia
1892 4136 2125 4189 humana
2169 4143 2254 4189 est

677 4236 734 4282 et
764 4228 1019 4296 reproba,
1047 4235 1102 4281 et
1130 4226 1373 4280 omnium
1411 4226 1793 4280 haereticorum
1824 4240 2005 4281 sermo
2036 4240 2141 4279 non
2170 4236 2255 4279 est

676 4322 905 4391 probata
937 4320 1191 4390 pecunia,
1222 4335 1323 4374 nec
1368 4319 1698 4373 dominicam
1732 4319 1944 4388 integre
1976 4318 2028 4372 in
2068 4335 2128 4373 se
2155 4319 2253 4373 ba-

677 4390 767 4470 bet
793 4414 1043 4485 figuram,
1076 4413 1170 4467 sed
1196 4412 1521 4477 adulteram,
1550 4425 1691 4479 quae,
1712 4419 1769 4464 ut
1795 4410 2248 4474 itadicam,extra
2281 4423 2326 4478 ι)
2358 4409 2468 4461 dite
2515 4406 2641 4460 alibi
2696 4403 2863 4459 Deum
2912 4404 3182 4457 dicentem
3203 4390 3730 4485 adjustumMWf-‘Id‘

678 4518 953 4563 monetam
1005 4507 1077 4561 ita
1131 4504 1360 4575 ﬁgurata
1400 4512 1521 4568 est,
1571 4501 1698 4572 quia
1751 4510 1903 4555 extra
1952 4499 2247 4555 Ecclesium

675 4600 977 4670 composita
1014 4606 1119 4653 est.
1169 4597 1224 4651 Si
1263 4607 1443 4650 autem
1474 4594 1676 4649 videris
1724 4593 1957 4662 aliquem
2010 4607 2114 4646 non
2150 4606 2247 4646 sua

676 4691 919 4762 propria,
947 4689 1043 4743 sed
1076 4689 1169 4743 Dei
1202 4686 1830 4756 verbaproloquentem,
1862 4683 1955 4752 qui
1986 4699 2113 4739 vere
2153 4698 2250 4737 au-

676 4781 800 4835 deat
836 4779 1016 4834 dicere
1040 4780 1084 4810 “
1116 4796 1132 4833 :
1171 4780 1253 4832 An
1286 4779 1686 4847 probamentum
1725 4776 1965 4845 quwritis
1994 4775 2108 4845 ejus
2147 4776 2241 4846 qui

674 4873 731 4927 ist
770 4887 851 4929 me
881 4872 1116 4937 toquitur
1147 4869 1366 4936 Christi,
1396 4870 1536 4924 scito
1584 4869 1712 4936 quia
1748 4868 1850 4922 iste
1884 4868 2093 4922 fenerat
2121 4867 2245 4937 qui-

675 4966 820 5028 dem,
851 4971 907 5016 et
946 4978 1058 5037 non
1087 4976 1264 5027 suam,
1299 4961 1392 5017 sed
1426 4960 1640 5016 Domini
1688 4961 1977 5029 pecuniam
2012 4958 2244 5025 fenerat,

671 5066 727 5112 et
755 5054 889 5109 facit
929 5053 1060 5109 illud
1096 5056 1242 5122 quod
1274 5054 1537 5123 scriptum
1566 5064 1650 5108 est
1681 5055 1755 5109 ⁶⁸;
1796 5053 1927 5107 Tota
1969 5054 2054 5107 die
2093 5055 2249 5107 mise—

671 5159 818 5203 retur
851 5154 900 5200 et
929 5145 1153 5215 fenerat,
1192 5144 1397 5199 habens
1427 5145 1810 5200 auctoritatem
1856 5144 2137 5201 fenerandi
2180 5145 2248 5199 ab

671 5241 789 5311 ipso
810 5238 910 5293 sibi
940 5251 1063 5293 meo
1084 5237 1194 5292 Deo
1213 5234 1340 5292 Jesu
1371 5237 1592 5293 Christo
1613 5237 1817 5293 datam.
1849 5237 1968 5308 ipse
1991 5248 2072 5294 est
2099 5238 2247 5294 enim

672 5332 934 5388 Dominus
964 5331 1053 5401 qui
1082 5330 1136 5385 in
1169 5329 1425 5400 parabola
1450 5331 1573 5385 data
1608 5333 1839 5402 pecunia
1875 5333 2013 5387 dicit
2036 5334 2100 5385 ad
2133 5344 2248 5386 ser-

1271 5546 1318 5586 “
1344 5553 1483 5607 Psal.
1517 5569 1697 5611 xxxvi.
1731 5553 1820 5606 21.

1508 5626 1552 5656 ⁸³
1572 5624 1713 5677 Psal.
1748 5638 1928 5683 xxxvi,
1962 5622 2047 5675 26.

729 5558 774 5589 ⁵⁸
802 5558 933 5612 an.
960 5546 1071 5617 xlv,
1108 5556 1193 5609 Η.

660 5646 713 5683 v.
753 5629 806 5680 5.
904 5630 945 5659 ⁶¹
981 5626 1024 5680 ll
1052 5628 1176 5681 Cor.
1209 5641 1328 5689 xm,
1357 5626 1409 5679 5.

2088 236 2180 292 nx
2206 234 2511 292 omnem:
3632 267 3681 317 η’,

682 380 872 442 gentur
900 386 912 422 :
946 367 1199 438 quoniam
1239 365 1410 420 omnis
1438 363 1529 430 qui
1561 378 1614 415 se
1638 358 1840 415 exultat
1861 355 2245 419 humiliabitur,
2279 349 2323 406 Α
2355 366 2449 421 vos
2475 351 2552 406 “z
2592 350 2695 415 Ite,
2729 350 3074 422 negotiamini
3117 367 3352 425 usquequo
3381 361 3675 433 redimita,

2345 4866 2481 4934 quia
2505 4861 2731 4926 Esurivi,
2758 4870 2805 4914 et
2839 4877 2941 4931 non
2977 4861 3196 4914 dedistis
3224 4857 3359 4911 mihi
3393 4857 3669 4909 mendum,
3688 4852 3730 4934 si

1899 5551 1941 5583 87
1974 5551 1993 5583 Ι’
2018 5565 2082 5583 nn
2134 5565 2163 5583 \-

1972 5550 2101 5603 I.uc.
2134 5565 2243 5608 xix,
2281 5547 2364 5601 lS.
2441 5547 2487 5577 "
2523 5547 2626 5598 Mat

1972 5622 2047 5675 26.
2147 5620 2192 5650 ⁸³
2224 5619 2353 5671 an.
2401 5632 2508 5675 XIX.
2541 5616 2626 5669 15.

2353 442 2462 531 lum
2492 458 2712 498 servum
2742 444 2833 511 qui
2869 444 3151 513 pecuniam
3179 447 3480 518 multiplicare
3506 468 3684 533 etiam.

2353 544 2435 590 rat
2461 574 2477 601 ,
2518 536 2646 591 dicit
2681 535 2746 599 “,
2780 536 2910 605 quia
2928 535 3167 605 Oportuit
3198 547 3241 592 te
3272 545 3496 603 pecuniam
3516 566 3617 606 ιιιιι
3638 566 3683 612 ειη

2353 627 2721 682 nummulariis
2750 667 2765 693 ,
2801 635 2853 681 et
2893 644 2985 697 ego
3016 631 3215 683 veniens
3254 636 3486 701 exegissent
3513 658 3587 695 ιω
3613 652 3681 717 ei,

2354 733 2473 770 cum
2515 719 2713 771 usuris.
2750 715 2856 772 Iste
2888 728 2973 772 est
3005 729 3252 786 peccator
3279 724 3361 790 qui
3400 738 3685 793 mutuaturum

2354 806 2559 860 solvet:
2597 803 2774 874 justus
2805 816 2983 860 autem
3018 819 3283 877 acceptam
3326 816 3549 880 pecuniam
3577 839 3681 883 rem

2355 913 2476 952 cum
2509 900 2690 954 usuris
2716 937 2732 963 ,
2784 899 2890 955 hoc
2942 910 3026 954 est
3065 912 3330 970 acceptum
3373 905 3449 961 Dei
3484 914 3687 975 verbium

2353 992 2607 1061 cperibus
2634 1002 3006 1063 repraesentat.
3035 994 3204 1048 Audis
3229 1010 3486 1054 sermonem
3503 1004 3686 1075 derum

2356 1083 2627 1138 collaudas
2664 1085 2940 1139 doctorem
2958 1127 2973 1150 ,
3007 1087 3337 1154 amplecteris
3363 1089 3689 1161 damnamus,

2355 1174 2499 1228 raris
2531 1174 2899 1245 magisterium
2927 1215 2943 1241 ,
2997 1188 3093 1244 per
3136 1174 3249 1229 haec
3296 1181 3526 1248 suscepisti
3557 1201 3687 1252 pecua.

2357 1267 2644 1320 casdtatis.
2685 1267 2750 1320 Et
2791 1270 2833 1321 si
2863 1270 3079 1337 quidem
3114 1276 3356 1333 peccator
3388 1286 3460 1334 es,
3483 1288 3637 1342 egressis
3658 1304 3689 1336 α.

2357 1357 2576 1413 clesiam
2608 1358 2799 1414 inseris
2838 1371 2888 1413 te
2938 1360 3170 1427 negotiis
3210 1361 3527 1429 sazcularibus,
3554 1372 3691 1440 excisi:

2359 1450 2578 1504 lascivia
2608 1489 2620 1513 ,
2656 1452 3006 1520 subsequitur
3034 1451 3339 1506 temulentia
3362 1495 3377 1519 ,
3404 1469 3691 1528 corruptumst

2360 1542 2564 1594 minum
2593 1542 2838 1595 inalefida
2863 1541 3159 1611 colloquia,
3188 1542 3373 1598 oblitus
3387 1547 3694 1607 continuom

2361 1649 2479 1704 quae
2524 1649 2553 1687 a
2594 1634 2814 1689 doctore
2860 1650 3185 1704 susceperas
3216 1675 3231 1700 ,
3270 1651 3376 1705 qua:
3402 1636 3695 1713 laudaveram

2357 1826 2540 1873 scorta
2571 1857 2585 1882 ,
2625 1826 2679 1873 et
2723 1816 2951 1873 elIectus
2998 1832 3059 1872 es
3104 1828 3377 1888 peccator,
3413 1822 3485 1889 qui
3519 1836 3695 1883 mutatas

2356 1913 2583 1967 verbum
2627 1910 2893 1965 castitatis
2930 1918 2983 1965 et
3029 1925 3136 1965 non
3190 1911 3362 1965 reddis
3398 1927 3521 1980 opera
3556 1924 3689 1974 castitth

2359 2002 2626 2058 Similiter
2654 2012 2709 2057 et
2734 2001 2778 2056 si
2808 2001 3046 2057 audieris
3076 2002 3304 2057 verbum
3324 2001 3512 2069 justiti:
3531 2005 3567 2060 in
3588 2012 3699 2063 edet

2355 2108 2607 2166 egressus
2640 2110 2700 2152 es
2732 2094 2913 2161 foras,
2951 2095 3204 2150 occurrit
3234 2094 3326 2149 tibi
3358 2096 3523 2152 vicinus
3540 2100 3699 2169 cajvstgs

2358 2188 2470 2241 lum
2510 2187 2868 2257 concupieras
2891 2227 2906 2253 ,
2953 2195 3010 2242 et
3046 2187 3311 2242 continuo
3342 2187 3505 2243 oblitus
3527 2206 3636 2244 eorum
3658 2212 3699 2259 μ

2358 2279 2499 2334 dicta
2523 2288 2670 2347 sunt,
2701 2290 2758 2333 ut
2789 2278 3076 2349 cupiditati
3113 2287 3223 2332 tua:
3249 2278 3729 2352 satisfaciasinnehqtz‘

2358 2372 2533 2428 aliena
2554 2384 2701 2438 sunt,
2734 2380 2789 2428 et
2811 2373 2892 2428 sic
2924 2379 3209 2425 mutuatus
3235 2370 3297 2424 de
3321 2370 3497 2438 justiti:
3516 2375 3703 2441 perduim!
3728 2370 3729 2383 ‘

2359 2466 2542 2522 reddis
2574 2482 2791 2530 usuras,
2829 2482 3061 2537 operans
3094 2478 3254 2537 gesta
3274 2467 3504 2537 'justitize.
3527 2466 3585 2519 Sic
3614 2484 3705 2535 ﬁ‘fit

2358 2561 2423 2615 de
2454 2560 2680 2629 singulis
2707 2560 3009 2631 quibusque
3040 2571 3319 2616 mutuatur
3348 2569 3584 2629 peccatore
3603 2576 3729 2611 sats-1

2357 2661 2460 2719 ret,
2485 2653 2667 2724 justus
2696 2663 2872 2708 autem
2897 2657 3179 2708 miseretur
3201 2665 3250 2708 et
3280 2651 3711 2708 commodat“.§aui-

2360 2744 2469 2799 lum
2493 2784 2508 2809 ,
2569 2745 2780 2814 inquit,
2831 2745 3044 2801 fenerat
3085 2744 3273 2813 justus
3301 2785 3315 2808 ,
3356 2744 3446 2797 hoc
3470 2755 3533 2797 est
3563 2742 3707 2796 possit

2360 2835 2618 2905 prtedicat
2655 2836 2904 2902 verbum,
2936 2835 3038 2890 hoc
3070 2845 3157 2889 est
3195 2850 3301 2888 non
3330 2833 3479 2887 solum

2361 2936 2466 2995 tos,
2491 2941 2678 2981 verum
2708 2926 2871 2980 etiam
2903 2927 3200 2981 miseratur
3222 2925 3466 2979 infirmos.
3489 2923 3729 2991 Sequana:

2360 3018 2667 3087 exemplum
2720 3017 2932 3073 Domini
2964 3017 3202 3073 dicentis
3224 3016 3307 3068 “1
3342 3014 3715 3070 Misericordiae.

2359 3127 2515 3181 quam
2539 3109 2876 3179 sacriﬁcium.

2433 3203 2518 3257 l2.
2554 3202 2692 3268 Quia
2727 3204 2816 3272 qui
2861 3200 3170 3255 benedicunt
3208 3216 3368 3263 eum,
3406 3195 3661 3251 heredium
3690 3210 3707 3241 β

2360 3312 2506 3361 ram;
2529 3296 2617 3365 qui
2649 3305 2822 3348 autem
2848 3293 3171 3346 maledicunt
3199 3309 3346 3356 eum,
3368 3284 3711 3344 exterminetur"

2361 3390 2460 3456 Qui
2492 3388 2819 3443 benedicunt
2850 3401 2997 3449 eum,
3031 3384 3084 3439 id
3116 3394 3202 3439 est
3240 3384 3335 3453 qui
3361 3378 3721 3444 benedicendum

2361 3482 2761 3538 hmrcditabunt
2793 3492 3017 3534 terram.
3084 3473 3260 3541 Quam
3328 3473 3711 3530 terramillmhau:

2363 3583 2565 3628 terram
2602 3570 2834 3624 multam
2872 3566 3283 3623 bmreditabunt
3315 3564 3452 3618 illam
3476 3558 3729 3615 llueuta'sf‘

2361 3665 2489 3730 mel,
2525 3664 2613 3718 ubi
2643 3672 2772 3717 sunt
2798 3663 2935 3716 bona
2972 3660 3065 3714 illa
3096 3675 3222 3730 qua:
3266 3673 3394 3713 vere
3421 3657 3535 3711 bona
3558 3662 3729 3713 suanm

2360 3758 2710 3830 possidebunt
2758 3755 2849 3824 qui
2905 3754 3239 3810 benedicunt
3270 3751 3467 3821 justum
3489 3789 3502 3813 ,
3531 3746 3729 3799 maledicis

2361 3865 2489 3905 vero
2529 3864 2650 3903 cum
2684 3846 3225 3902 exterminabuntur.
3275 3840 3344 3895 Et
3377 3841 3513 3894 vobis
3536 3846 3730 3907 para-nr

2362 3953 2449 3997 tur
2480 3942 2751 3996 interdum
2786 3938 2923 3992 male
2960 3938 3109 4007 loqui
3141 3935 3209 3990 de
3241 3934 3475 3998 sanctis,
3503 3939 3544 3985 et
3574 3922 3729 3997 νετῒθκδλ

2358 4037 2514 4092 vobis
2542 4036 2725 4089 dicere
2760 4034 2825 4087 de
2855 4032 3034 4087 servis
3068 4029 3184 4092 Dei,
3213 4027 3313 4084 Ille
3344 4027 3461 4080 talis
3480 4035 3523 4080 et
3544 4008 3730 4103 talisesti

2361 4129 2513 4199 fingit
2540 4171 2554 4194 ,
2590 4137 2644 4182 et
2675 4126 2764 4182 ille
2799 4124 3056 4180 szeculum
3090 4123 3275 4193 diligit
3301 4162 3317 4185 ,
3356 4120 3439 4174 ille
3462 4114 3730 4177 autemiw

2357 4232 2461 4289 est,
2500 4237 2606 4276 non
2641 4221 2799 4275 audis
2829 4219 2955 4288 quia
2994 4216 3086 4287 qui
3122 4216 3460 4271 maledicunt
3480 4210 3730 4280 iustumne

2358 4315 2714 4369 minabuntur
2734 4313 2759 4365 ‘i
2789 4314 2897 4366 Aut
2941 4311 2984 4366 si
3018 4312 3119 4365 hoc
3151 4324 3350 4380 parum
3378 4307 3516 4360 vobis
3537 4302 3730 4380 videas

2355 4513 2444 4550 ero
2496 4494 2725 4548 inimicis
2780 4497 2921 4556 tuis,
2971 4504 3018 4545 et
3071 4492 3402 4544 adversabor
3440 4482 3730 4556 aduertens?

2358 4588 2567 4643 Videtis
2589 4586 2776 4655 qnmnti
2807 4584 3033 4654 periculi
3064 4586 3137 4638 sit
3166 4582 3444 4637 inimicari
3468 4572 3730 4655 justum“?

2358 4681 2506 4749 loqui
2540 4679 2608 4733 de
2632 4680 2857 4733 sanetis.
2896 4676 2954 4730 Si
2990 4677 3135 4729 enim
3162 4691 3292 4729 vere
3320 4674 3573 4729 credimus
3594 4664 3730 4749 illam:

2357 4774 2494 4829 dixit
2523 4772 2782 4828 Dominus
2814 4771 2880 4824 de
2908 4783 3237 4838 unoquoque
3278 4781 3554 4822 servorum
3584 4734 3730 4816 ςνῡτιθ

2357 4972 2474 5028 qua:
2507 4956 2656 5011 addit
2692 4965 2748 5008 et
2778 4953 2931 5018 dicit,
2981 4951 3108 5022 quia
3140 4951 3237 5020 qui
3284 4951 3385 5006 uni
3415 4963 3480 5002 ex
3522 4944 3730 5028 tandem

2356 5049 2489 5104 fecit
2512 5087 2529 5114 ,
2558 5047 2688 5099 mihi
2721 5045 2846 5099 fecit
2871 5086 2887 5107 ,
2928 5057 3270 5114 consequens
3304 5052 3397 5096 est
3441 5048 3499 5093 ut
3524 5050 3571 5091 et
3594 5034 3730 5114 busti

2347 5146 2447 5214 Qui
2472 5142 2880 5199 maledicebatis
2902 5141 3058 5205 mihi,
3089 5138 3476 5194 detrahebatis
3494 5137 3555 5192 de
3572 5148 3648 5187 ait.
3662 5126 3730 5214 63-1

2355 5212 2540 5292 coritra
2569 5252 2653 5290 me
2682 5233 3067 5304 loquebamini,
3091 5242 3145 5287 et
3174 5230 3522 5287 accusabatis
3544 5241 3624 5280 me.
3643 5212 3730 5304 Dii

2355 5332 2637 5385 xerimus:
2673 5328 2899 5384 Domine
2929 5368 2943 5394 ,
2983 5329 3201 5397 quando
3246 5324 3347 5381 tibi
3382 5308 3730 5397 maleﬁdam}

3727 5372 3730 5586 ι

2441 5544 2487 5577 ⁸⁸
2522 5543 2711 5598 Matth.
2746 5559 2869 5605 xxv,
2891 5541 2961 5596 20
2985 5549 3040 5596 et
3063 5541 3153 5594 22.
3230 5541 3257 5570 ⁸

2441 5632 2508 5666 ix.
2541 5616 2626 5666 15.
2726 5614 2771 5645 ⁸⁵
2797 5613 2985 5666 Matth.
3027 5629 3150 5666 xxv.
3186 5611 3257 5665 27

2849 5622 2985 5667 atth.
3027 5629 3150 5672 XXV.
3186 5622 3277 5665 ‘17.

664 5680 712 5729 ac;
738 5697 926 5754 Mam].
958 5715 1031 5760 ιχ,
1067 5680 1166 5759 t5;
1197 5680 1327 5753 Ose:
1352 5712 1427 5758 γι,
1460 5695 1512 5750 6.
1590 5695 1632 5725 ⁸⁷
1662 5693 1803 5747 I’sal.
1841 5680 2021 5753 xxxvn
2046 5692 2135 5745 22.

1958 5709 2021 5753 Vl,
2046 5692 2135 5745 22.
2214 5691 2336 5729 ⁶⁸-⁶⁹
2367 5687 2537 5766 Exod.
2575 5701 2727 5747 xxtn,
2757 5684 2846 5739 2‘2.
2922 5684 2968 5715 ⁷ο
3002 5682 3187 5738 Matth.
3226 5698 3346 5737 xxv.
3389 5680 3462 5735 42

973 6485 1293 6492 ψ-ῌΑῨ
1378 6490 1691 6496 ‘_—_
