3944 6386
120 209 178 262 13
199 207 253 260 ιιι

792 195 1100 252 SELEC'I‘A
1127 192 1193 246 IN
1227 187 1566 245 PSALMOS.
1595 218 1660 226 —
1698 147 1943 242 IIOMIL.
1980 187 2045 242 IV
2089 188 2150 241 IN
2191 188 2382 242 I’SAL.
2426 185 2663 240 XXXVI.

3233 188 3256 239 1
3267 186 3372 242 350

115 327 336 397 quando
367 319 742 383 detraximus;
777 326 866 370 aut
898 315 1112 386 quando
1137 312 1268 365 falsa
1306 320 1495 362 contra
1532 315 1581 358 te
1611 304 1681 355 lo-
1725 306 1765 359 Λ
1798 312 2040 357 ratorum
2077 306 2260 372 sudes,
2297 313 2409 359 tum
2437 303 2634 359 deinde
2663 316 2921 370 scrupeas
2960 301 3214 369 nequitia:
3241 320 3372 360 cu"-

112 421 224 476 cuti
253 415 484 474 sumus?
517 423 646 467 tunc
679 411 820 465 dicet
851 410 918 463 ad
952 407 1146 461 nos“:
1179 403 1341 455 Amen
1376 400 1492 452 dico
1521 396 1686 458 vobis,

113 516 242 586 quia
289 512 428 582 quod
462 508 660 578 fecistis
703 506 794 557 uni
840 519 904 557 ex
955 501 1082 555 meis
1123 495 1390 557 minimis,
1435 491 1565 544 mihi
1616 487 1690 554 fe-

112 611 283 667 cistis.
333 605 492 660 Sicut
534 601 680 659 enim
728 599 922 654 dantes
957 595 1289 650 manducare
1331 589 1422 642 uni
1472 601 1534 641 ex
1575 583 1693 638 istis

116 705 249 760 mihi
281 701 512 764 fecistis,
543 706 598 751 et
627 695 823 749 dantes
845 693 1033 747 bibere
1065 688 1155 742 uni
1180 702 1244 741 ex
1276 684 1397 738 istis
1427 680 1558 734 mihi
1602 678 1693 731 de-

113 798 296 861 distis,
315 802 370 849 et
396 788 836 848 sicuuinduentes
858 799 1023 840 unum
1046 796 1109 836 ex
1136 779 1280 842 istis,
1296 791 1380 830 me
1403 772 1688 834 induistis;

114 890 190 942 ita
219 883 604 940 maledicentes
641 879 731 932 uni
764 891 831 932 ex
858 875 1008 937 istis,
1043 871 1175 926 mihi
1211 864 1597 926 maledixistis,
1637 869 1694 914 et

111 979 159 1034 si
205 973 566 1032 benedixistis
593 969 676 1026 vel
717 964 1026 1024 honorastis
1077 977 1244 1016 unum
1294 974 1361 1014 ex
1394 957 1482 1012 his
1509 995 1524 1022 ,
1557 951 1691 1007 mihi

114 1067 500 1131 benedixistis,
531 1076 695 1118 etme
725 1057 1060 1121 honorastis,
1089 1054 1231 1109 sicut
1257 1061 1314 1106 et
1341 1048 1468 1105 alibi
1499 1045 1696 1102 nihilo-

113 1167 295 1221 minus
325 1162 457 1218 dicit
480 1162 556 1214 ":
595 1157 700 1225 Qui
735 1173 820 1211 vos
859 1153 1060 1222 recipit,
1097 1168 1178 1205 me
1216 1147 1431 1216 recipit;
1458 1151 1512 1198 et
1542 1161 1554 1196 :
1589 1139 1692 1207 Qui

112 1275 203 1312 vos
231 1255 464 1323 spernit,
507 1266 588 1305 me
625 1247 843 1318 spernit.
895 1244 1189 1312 Propterea
1243 1252 1372 1305 ergo
1408 1233 1689 1292 continea-

113 1365 238 1404 mus
259 1349 496 1414 linguam
522 1352 790 1408 nostram,
813 1347 864 1395 et
883 1351 1072 1394 servos
1099 1329 1689 1392 Dominiadmiremur,

113 1450 170 1493 ιιι
207 1438 597 1495 benedieamus
617 1433 818 1503 iustos,
845 1437 900 1484 et
929 1439 1208 1496 nunquam
1243 1421 1597 1477 detrahamus
1625 1415 1693 1469 de

109 1537 198 1590 cis
223 1575 238 1598 ,
275 1546 376 1587 nec
420 1530 725 1599 aperiamus
758 1522 923 1596 67o
949 1535 1012 1575 os
1043 1525 1289 1573 nostrum
1327 1513 1394 1569 ad
1439 1512 1582 1566 male
1611 1508 1690 1562 lo—

110 1631 414 1700 quendum,
437 1640 504 1678 ne
533 1623 671 1677 forte
696 1616 1142 1676 exterminemur,
1171 1608 1264 1665 sed
1286 1605 1686 1664 benedieamus,

111 1695 176 1777 nt
205 1730 260 1776 et
291 1735 387 1774 nos
414 1713 840 1773 benedictionem
865 1717 1261 1774 consequamur
1287 1714 1384 1769 per
1415 1695 1689 1753 Christum

118 1814 408 1868 Dominum
449 1818 696 1864 nostrum
723 1845 738 1870 ,
785 1803 874 1858 cui
905 1809 990 1857 est
1027 1797 1199 1869 gloria
1248 1802 1301 1850 et
1343 1799 1589 1862 potestas
1637 1787 1690 1840 in

113 1909 316 1965 saecula
346 1902 686 1960 saeculorum.
723 1897 918 1952 Amen.

705 2035 986 2096 IIO'MILIA
1016 2031 1105 2087 IV.

119 2144 199 2201 De
220 2147 398 2202 eodem
435 2155 638 2214 psaano
661 2177 676 2198 ,
726 2135 794 2214 ab
842 2131 937 2212 illa
963 2138 1110 2214 parte
1135 2141 1152 2179 :
1180 2142 1214 2214 ι⁸
1231 2120 1383 2190 Apud
1411 2117 1692 2174 Dominum

470 2224 679 2281 gressus
719 2201 946 2258 hominis
979 2199 1336 2267 diriguntur.»

192 2303 237 2356 Α
272 2280 519 2363 Domino,
559 2295 726 2364 inquit
761 2292 829 2355 ",
857 2304 1063 2361 gressus
1101 2283 1328 2338 hominis
1373 2280 1692 2350 diriguntur.

116 2401 190 2454 Et
217 2395 344 2451 alibi
392 2395 444 2447 in
478 2393 580 2447 hoc
608 2386 813 2458 psalmo
862 2377 1085 2437 dicitde
1121 2374 1396 2449 gressibus
1429 2371 1560 2441 justi
1593 2372 1696 2425 huc

112 2490 284 2547 modo
311 2488 391 2538 7':
431 2484 538 2537 Lex
564 2482 660 2536 Dei
692 2483 806 2548 ejus
836 2477 887 2529 in
931 2473 1084 2528 corde
1123 2469 1310 2538 ipsius,
1351 2478 1397 2521 et
1444 2481 1545 2519 non
1578 2474 1697 2527 sn]:-

113 2580 502 2651 plantabuntur
537 2587 745 2643 gressus
805 2568 942 2636 ejus.
997 2562 1101 2618 Sed
1131 2573 1186 2616 et
1215 2561 1268 2614 in
1297 2554 1696 2628 septuagesimo

113 2671 360 2729 secundo
397 2666 600 2738 psalmo
636 2662 834 2716 dicitur
869 2657 948 2712 7°:
1005 2653 1350 2709 Pauiominus
1387 2649 1541 2719 e/fusi
1573 2656 1693 2701 sunt

110 2777 330 2834 gressus
361 2758 479 2812 mei.
512 2755 742 2810 Grcssus
770 2764 898 2819 ergo
941 2762 970 2801 a
1005 2743 1301 2816 gradiendo
1331 2740 1693 2802 nominamus,

113 2831 420 2911 secundum
446 2849 577 2904 illud
606 2844 750 2916 quod
783 2845 836 2896 in
871 2841 1058 2894 Exodo
1098 2837 1363 2906 scriptum
1392 2842 1512 2898 est,
1551 2831 1694 2900 quod

116 2951 332 3020 Moyses
363 2947 495 3002 vidit
525 2944 793 3024 ﬂammam
827 2935 970 3008 ignis
1008 2943 1063 2988 et
1098 2931 1500 3002 angelum,cum
1529 2925 1696 2980 rubus

115 3051 343 3104 arderet
367 3042 608 3114 quidem,
640 3016 733 3092 sed
762 3050 868 3088 non
899 3029 1340 3089 combureretur,
1369 3033 1424 3078 et
1449 3021 1587 3077 dixit
1613 3019 1692 3073 ⁷⁷;
1723 3012 1767 3068 C

121 3137 442 3210 Digrediens
473 3133 588 3187 sive
629 3127 894 3184 transiens
927 3121 1108 3176 videbo
1156 3118 1404 3172 visionem
1449 3129 1694 3182 magnam

113 3203 280 3284 hanc.
325 3227 402 3281 Ex
431 3227 535 3279 hoc
568 3235 697 3291 ergo
728 3218 846 3272 loco
878 3211 1091 3269 occasio
1120 3209 1277 3265 nobis
1307 3208 1465 3260 datur
1497 3203 1698 3258 intelli-

116 3327 318 3399 gentia:
348 3337 536 3378 eorum
575 3331 696 3387 qua:
726 3313 992 3369 habemus
1027 3311 1079 3363 in
1117 3306 1392 3363 manibus.
1431 3302 1601 3369 Igitur
1631 3299 1697 3352 de

113 3420 209 3474 his
240 3431 360 3484 qua:
384 3415 439 3468 in
467 3412 654 3466 Exodo
683 3408 884 3475 scripta
917 3399 1362 3463 memoravimus,
1394 3395 1446 3450 id
1479 3401 1583 3458 est,
1615 3391 1698 3443 di-

111 3507 359 3580 grediens
413 3503 596 3558 videbo
640 3501 894 3555 visionem
955 3496 1114 3548 istam
1170 3505 1462 3559 magnam,
1511 3483 1696 3539 audivi

114 3600 409 3668 quemdam
447 3596 513 3650 de
543 3593 882 3663 sapientibus
916 3598 1041 3644 ante
1084 3603 1185 3642 nos
1224 3585 1495 3640 dicentem
1528 3621 1542 3645 ,
1575 3595 1696 3634 cum

112 3692 440 3757 explanat-et
467 3689 612 3743 hunc
639 3685 842 3749 locum,
870 3683 995 3753 quia
1027 3695 1132 3736 non
1163 3687 1246 3734 est
1267 3673 1522 3747 possibile
1547 3672 1698 3742 prius

119 3787 309 3840 videre
342 3786 514 3838 visum
547 3795 822 3850 magnum,
853 3777 905 3832 id
943 3783 1026 3830 est
1070 3771 1272 3827 intueri
1303 3777 1464 3838 atque
1492 3765 1700 3836 perspi-

117 3891 253 3933 cere
302 3892 493 3947 tnagua
549 3871 802 3946 mysteria
858 3865 1026 3921 stanti
1083 3865 1134 3917 in
1181 3858 1597 3915 conversatione
1645 3865 1700 3908 et

119 3970 338 4024 actibus
376 3966 564 4022 mundi
608 3964 809 4034 hujus:
856 3958 949 4014 sed
1002 3954 1238 4010 transire
1284 3957 1502 4021 oportet
1548 3947 1698 4017 prius

117 4065 194 4118 ab
226 4063 330 4126 his,
360 4070 412 4115 et
444 4057 828 4114 transcendere
853 4051 1032 4107 omnia
1059 4046 1362 4110 saecularia,
1394 4055 1450 4098 et
1478 4056 1696 4098 sensum

115 4164 370 4210 nostrum
405 4167 471 4206 ac
502 4159 735 4204 mentem
768 4147 991 4200 liberam
1033 4141 1148 4196 ﬁeri
1172 4178 1188 4205 ,
1226 4146 1281 4194 et
1321 4151 1447 4191 tunc
1481 4135 1548 4189 ad
1577 4148 1696 4188 ma—

113 4259 351 4317 gnarum
389 4253 444 4297 et
473 4237 800 4310 spiritalium
858 4248 1038 4288 rerum
1086 4231 1339 4284 intuitum
1372 4223 1695 4295 pervenire,

113 4350 177 4395 et
209 4339 280 4392 ita
308 4338 523 4391 demum
553 4333 728 4387 visum
763 4340 1018 4396 maguum
1059 4324 1262 4378 videre.
1294 4319 1446 4374 Iquc
1478 4317 1694 4387 quidem

117 4435 218 4488 ille
276 4433 574 4500 explanans
630 4424 807 4479 locum
864 4435 1003 4490 quaa-
1048 4431 1208 4486 supra
1279 4411 1698 4468 memoravimus

112 4525 436 4581 enarrabat.
473 4519 583 4574 Nos
623 4532 752 4572 vero
784 4515 982 4584 quibus
1013 4509 1249 4564 studium
1280 4515 1368 4562 est
1398 4502 1696 4559 secundum

115 4619 420 4687 Scriptura:
453 4612 657 4667 monita
689 4649 704 4675 ,
751 4607 918 4662 verba
964 4601 1292 4672 sapientium
1340 4596 1561 4650 laudare
1591 4632 1609 4660 ,
1645 4601 1700 4644 et

116 4715 327 4768 addere
367 4711 434 4764 ad
461 4724 546 4774 ea,
579 4718 868 4777 possumus
904 4700 970 4754 ad
1001 4699 1118 4752 haec
1156 4707 1278 4764 qua:
1307 4691 1396 4746 ille
1427 4689 1564 4744 dixit
1595 4687 1700 4742 tale

115 4805 328 4875 aliquid
364 4803 582 4857 addere.
618 4795 1000 4865 Unusquisque
1031 4788 1123 4860 qui
1158 4788 1262 4842 iter
1287 4784 1400 4856 agit
1427 4783 1496 4838 ad
1527 4781 1701 4835 virtu-

117 4873 254 4959 tem,
287 4893 500 4964 prolicit
532 4892 584 4944 in
617 4883 963 4946 atnbulando,
997 4893 1055 4936 ut
1086 4879 1344 4951 paulatim
1375 4891 1470 4946 per
1499 4873 1700 4928 multus

113 5191 376 5246 semper,
412 5183 466 5230 et
499 5173 693 5228 transit
722 5186 784 5226 ea
819 5185 940 5242 qua:
980 5166 1263 5238 esplicuit,
1302 5175 1366 5215 ac
1399 5155 1697 5228 posteriora

90 5272 382 5326 'Omittens
416 5269 482 5324 ad
509 5283 572 5322 ea
603 5253 725 5335 qua!
755 5265 936 5334 priora
969 5270 1096 5316 sunt
1125 5274 1184 5314 se
1215 5253 1479 5311 extendit.
1512 5249 1700 5318 Digre-

109 5363 279 5418 diens
309 5375 440 5432 ergo
475 5359 673 5414 transit.
718 5357 949 5426 primum
990 5355 1169 5409 locum
1201 5349 1420 5405 malitiae
1442 5387 1458 5415 ,
1487 5355 1542 5401 et
1575 5343 1700 5398 inde

109 5457 416 5528 proﬁciens
447 5455 696 5526 passibus
731 5461 784 5508 et
813 5447 1152 5520 ingressibus
1184 5443 1380 5499 transit
1409 5441 1544 5496 alias
1575 5453 1702 5509 pec-

197 5602 243 5632 “
274 5599 462 5654 Matth.
495 5577 614 5661 xxv,
649 5599 736 5652 40.

115 5676 168 5703 ττ
211 5671 380 5725 Exod.
415 5687 494 5734 ιιι,
527 5670 578 5722 5.
690 5667 928 5728 1"Idem,
985 5666 1038 5724 ‘2,
1101 5663 1152 5715 (ἱ.

119 5745 172 5775 ⁸³
203 5743 338 5797 ibid.
379 5742 466 5795 25.
545 5740 589 5770 3"
618 5739 754 5794 Psal.
785 5753 964 5801 xxxvi,
998 5736 1078 5807 5.Δ

1795 402 1897 455 tes,
1926 403 1980 447 et
2014 394 2218 449 lubrica
2243 403 2298 449 et
2327 405 2596 464 prterupta
2632 393 2908 448 vitiorum.
2935 391 3068 446 Cum
3099 408 3230 448 vero
3257 395 3370 449 haec

1795 483 1962 538 etiam
1991 487 2248 552 evaserit,
2279 500 2496 554 semper
2525 485 2592 538 ad
2627 499 2687 539 ea
2719 499 2838 554 quae
2871 484 2922 537 in
2961 492 3120 538 antea
3152 495 3278 539 sunt
3312 501 3372 540 se

1793 573 2092 628 extendens
2121 613 2136 638 ,
2187 572 2365 627 minus
2393 582 2562 628 restat
2610 572 2830 626 malitia:
2859 612 2874 638 ,
2929 582 2984 628 et
3015 586 3176 628 omne
3225 575 3370 643 quod

1793 663 2008 732 proﬁcit
2055 664 2197 729 viae;
2251 662 2294 718 si
2327 672 2502 719 tamen
2554 663 2852 719 incedendo
2899 665 3112 720 cautius
3152 682 3372 737 gressus

1792 771 1920 844 suos
1958 755 2334 812 observaverit
2387 771 2456 810 ne
2495 756 2748 826 labatur,
2797 766 2854 811 ut
2893 757 3101 827 singula
3143 736 3371 829 quisque

1794 846 2104 916 digrediens
2137 846 2356 901 malitia:
2392 847 2531 913 loca,
2566 847 2637 899 ita
2671 856 2730 900 ut
2772 861 2878 900 non
2913 846 3148 902 oll‘endat
3179 849 3370 918 pedem

1792 954 1946 992 suum
1977 939 2029 992 in
2059 953 2146 1005 ea,
2176 940 2472 995 secundum
2507 939 2610 993 hoc
2635 941 2776 1008 quod
2805 938 2858 992 in
2892 939 3080 995 Exodo
3107 942 3370 1012 scriptum

1790 1036 1875 1082 est
1901 1069 1916 1094 ,
1961 1029 2146 1084 videre
2176 1030 2348 1100 possit
2398 1029 2660 1083 visionem
2698 1045 2971 1098 magnam.
3012 1029 3181 1087 Nemo
3224 1031 3370 1086 enim

1792 1121 1967 1177 adhuc
2017 1122 2110 1190 qui
2161 1122 2216 1176 in
2268 1121 2474 1176 malitia
2510 1131 2632 1186 est,
2681 1136 2782 1176 nec
2809 1123 3110 1192 digreditur
3146 1138 3269 1178 eam
3317 1133 3373 1179 et

1799 1214 2013 1280 transit,
2041 1214 2239 1282 poterit
2269 1214 2532 1268 visionem
2561 1213 2720 1267 istam
2751 1228 2998 1283 magnam
3032 1225 3370 1269 secretorum

1794 1302 1909 1370 Dei,
1947 1304 2189 1358 scientiae
2220 1304 2430 1359 scilicet
2463 1313 2516 1357 et
2543 1304 2845 1374 sapientiae,
2883 1304 3152 1360 contueri.
3180 1304 3371 1375 Magna

1791 1408 1922 1463 crgo
1955 1405 2040 1449 est
2078 1393 2216 1448 visio
2239 1433 2254 1458 ,
2301 1409 2422 1449 cum
2457 1409 2592 1464 puro
2625 1396 2788 1448 corde
2816 1393 2959 1449 Deus
2993 1394 3222 1449 videtur.
3259 1395 3371 1449 Ma-

1791 1503 1892 1556 gna
1920 1497 2002 1541 est
2037 1487 2176 1541 visio
2222 1503 2345 1542 cum
2391 1502 2530 1556 puro
2561 1486 2726 1542 corde
2759 1467 3118 1543 verbuml'Dei
3147 1527 3161 1553 ,
3195 1497 3250 1542 et
3285 1504 3374 1543 sa-

1794 1579 1998 1648 pientia
2027 1578 2120 1631 Dei
2152 1580 2244 1647 qui
2275 1589 2364 1633 est
2383 1580 2638 1634 Christus
2669 1577 2786 1647 ejus
2815 1579 3145 1649 agnoscitur.
3182 1579 3372 1650 Magna

1797 1670 1931 1726 visio
1959 1679 2042 1726 est
2072 1685 2367 1741 agnoscere
2394 1680 2450 1725 et
2480 1671 2702 1726 credere
2725 1671 2779 1724 in
2805 1669 3064 1738 Spiritum
3093 1681 3368 1729 sanctum.

1796 1763 1986 1833 Magna
2025 1776 2156 1832 ergo
2187 1763 2306 1818 hzec
2356 1764 2494 1818 visio
2529 1763 2756 1818 scientia
2809 1761 3092 1818 Trinitatis
3122 1774 3225 1817 est.
3261 1762 3371 1820 Ve—

1796 1863 2098 1909 rumtamen
2157 1855 2320 1910 etiam
2376 1855 2586 1926 Moyses
2632 1864 2759 1911 tunc
2810 1853 3030 1908 videbat
3076 1854 3130 1907 in
3185 1853 3372 1908 Exodo

1795 1948 1970 2002 visum
2003 1963 2282 2016 magnum,
2315 1957 2366 2003 et
2399 1946 2621 2017 angelus
2650 1946 2851 2001 dicitur
2877 1945 2968 2016 qui
2997 1944 3284 2002 videbatur
3316 1947 3368 2000 in

1796 2039 1931 2094 rubo
1977 2039 2028 2093 in
2069 2039 2192 2109 igne
2219 2078 2236 2103 ,
2267 2048 2323 2095 et
2371 2053 2621 2108 magnam
2653 2052 2772 2093 eam
2811 2036 3076 2092 visionem
3113 2037 3366 2108 appellat.

1798 2128 2135 2201 Intelligebat
2157 2130 2301 2186 enim
2335 2130 2457 2200 quis
2486 2138 2630 2184 esset
2666 2129 2719 2184 in
2751 2127 3254 2199 angelo._Coutiuuo
3277 2129 3373 2184 de-

1799 2223 1962 2292 nique
2006 2224 2137 2277 dicit
2169 2224 2234 2278 ad
2265 2222 2436 2277 Deum
2461 2222 2544 2277 7°:
2583 2219 2694 2291 Ego
2737 2236 2854 2274 sum
2887 2220 3028 2274 Deus
3066 2221 3371 2284 Abraham,

1795 2325 1842 2368 et
1878 2312 2020 2368 Deus
2051 2313 2228 2380 Isaac,
2271 2324 2318 2368 et
2350 2313 2491 2368 Dens
2520 2313 2710 2376 .lacob.
2743 2311 2878 2367 Vide
2908 2325 3038 2380 ergo
3074 2327 3235 2381 quam
3265 2329 3374 2368 ma.

1796 2421 1900 2479 gna
1935 2407 2006 2462 sit
2035 2407 2174 2463 visio
2221 2408 2337 2462 [nec
2361 2447 2376 2472 ,
2418 2405 2666 2475 quamvis
2713 2414 2768 2459 et
2800 2404 2900 2458 hoc
2940 2403 3111 2473 ipsum
3149 2405 3220 2458 sit
3259 2421 3373 2458 ma-

1769 2514 1957 2568 ‘guum
1989 2498 2130 2553 scire
2161 2499 2304 2568 quod
2337 2499 2475 2553 Deus
2525 2496 2658 2551 facit
2697 2496 2914 2566 angelos
2960 2513 3082 2549 suos
3116 2497 3335 2564 spiritus
3357 2536 3373 2560 ,

1797 2602 1843 2645 et
1893 2592 2162 2645 ministros
2199 2607 2321 2671 suos
2373 2592 2544 2660 ignem
2595 2598 2832 2643 urentem
2875 2589 2943 2640 '9.
2980 2587 3044 2640 Et
3079 2603 3221 2642 nunc
3255 2589 3370 2656 qui-

1798 2687 1919 2740 dem
1950 2681 2316 2754 Moysiadbuc
2357 2681 2597 2751 pasceuti
2619 2694 2813 2751 pecora
2831 2678 3022 2734 Jetliro
3054 2679 3230 2735 soceri
3267 2680 3375 2746 sui,

1797 2789 1849 2832 et
1877 2775 2144 2846 gradienti
2189 2772 2272 2829 vel
2307 2771 2614 2827 transeunti
2644 2772 2710 2825 ab
2747 2771 2850 2838 bis,
2887 2787 3078 2840 magna
3107 2781 3192 2825 est
3242 2771 3378 2826 visio

1799 2871 1915 2924 haec
1939 2908 1953 2932 ,
1986 2869 2038 2921 in
2071 2882 2176 2937 qua
2209 2867 2256 2921 ei
2289 2864 2512 2934 angelus
2547 2852 2750 2919 dicitur
2784 2878 3063 2932 apparere.
3099 2862 3154 2918 Si
3194 2873 3375 2918 autem

1801 2963 1962 3016 etiam
1995 2975 2142 3013 mare
2166 2957 2407 3012 Rubrum
2439 2956 2740 3019 transierit,
2766 2963 2820 3008 et
2854 2956 3102 3008 columna
3127 2969 3253 3009 eum
3281 2972 3376 3009 nu-

1800 3055 1885 3109 bis
1917 3051 2190 3110 obtexerit
2212 3091 2228 3116 ,
2257 3061 2311 3104 et
2347 3047 2515 3102 futuri
2549 3046 2803 3115 baptismi
2843 3045 3150 3100 aduraverit
3195 3061 3378 3100 sacra-

1799 3155 2004 3209 menta,
2031 3155 2158 3198 tunc
2182 3144 2347 3197 etiam
2375 3139 2640 3210 majorem
2665 3139 2930 3194 visionem
2951 3140 3148 3208 poterit
3170 3138 3375 3192 videre.

1799 3233 2136 3306 Ingredietur
2170 3231 2318 3286 enim
2370 3229 2656 3299 caliginem
2703 3237 2758 3281 et
2791 3227 3102 3290 turbinem,
3133 3226 3224 3281 ubi
3257 3240 3378 3281 esse

1800 3329 1916 3398 ipse
1944 3327 2144 3382 dicitur
2171 3325 2313 3378 Deus
2332 3364 2348 3388 ,
2377 3321 2470 3376 ubi
2499 3321 2760 3390 scriptum
2796 3328 2880 3375 est
2907 3319 2972 3380 ⁸ο,
3003 3321 3132 3389 quia
3165 3317 3378 3389 Moyses

1799 3421 1946 3476 solus
1984 3417 2280 3474 accedebat
2312 3415 2379 3470 ad
2416 3414 2584 3468 Deum
2617 3452 2633 3478 ,
2684 3413 2866 3467 caeteri
2923 3420 3103 3465 autem
3154 3425 3184 3464 a
3219 3409 3378 3480 longe

1799 3510 2038 3564 stabant.
2090 3507 2157 3561 Et
2205 3506 2259 3561 in
2316 3513 2529 3559 tantum
2565 3518 2660 3573 per
2708 3503 2842 3556 istas
2893 3515 3120 3571 magnas
3167 3499 3379 3570 Moyses

1799 3591 2014 3672 proiiCit
2041 3601 2282 3654 visiones
2314 3637 2329 3662 ,
2377 3604 2436 3652 ut
2468 3596 2676 3651 diceret
2708 3593 2776 3648 ad
2811 3593 3015 3648 Deum:
3065 3591 3126 3645 Si
3169 3593 3339 3645 inveni
3359 3631 3375 3654 ,

1801 3683 1977 3764 inquit
2003 3693 2070 3756 δι,
2095 3693 2323 3763 gratiam
2355 3707 2534 3744 coram
2563 3698 2631 3754 te,
2662 3686 2944 3756 manifesta
2975 3685 3106 3739 mihi
3131 3685 3377 3750 teipsum,

1802 3795 1854 3838 ut
1885 3785 2147 3838 evidenter
2174 3783 2378 3836 videant
2409 3792 2479 3834 te.
2521 3780 2588 3833 Et
2620 3788 2750 3832 tunc
2779 3779 2930 3831 audit
2958 3792 2986 3828 a
3020 3776 3130 3829 Deo
3154 3775 3220 3840 ⁸³,
3252 3775 3377 3844 quia

1789 3875 1988 3929 Ponam
2015 3883 2064 3928 te
2087 3877 2140 3927 in
2171 3874 2436 3942 foramine
2461 3883 2644 3940 μείνω,
2678 3879 2827 3940 petra
2861 3876 3040 3922 autem
3074 3875 3193 3922 erat
3223 3867 3381 3922 Clu-i-

1799 3978 1918 4023 stus
1960 3986 1972 4020 :
2011 3977 2068 4021 ut
2113 3982 2211 4035 per
2260 3964 2504 4020 foramen
2553 3962 2932 4028 brevissimum
2977 3960 3163 4014 videas
3205 3970 3384 4028 poste-

1803 4063 1945 4117 riora
1975 4074 2118 4125 mea,
2153 4059 2259 4113 hoc
2284 4071 2387 4123 est,
2419 4067 2479 4111 ut
2510 4074 2570 4112 ea
2600 4071 2719 4126 quae
2746 4055 2799 4108 in
2834 4051 3146 4107 novissimis
3177 4062 3384 4121 tempu-

1803 4156 1953 4208 ribus
1982 4150 2351 4222 implebuntur
2391 4165 2486 4219 per
2517 4133 2946 4217 assumptionem
2978 4143 3184 4210 carnis,
3216 4156 3379 4212 agno-

1802 4261 1959 4303 scas:
2014 4243 2229 4298 Faciem
2279 4251 2453 4297 autent
2499 4257 2670 4294 meam
2719 4239 2892 4292 videre
2935 4251 3036 4288 non
3081 4233 3278 4301 poteris
3309 4231 3379 4285 ⁸³.

1733 4358 1778 4412 ι)
1807 4339 1912 4394 Sed
1946 4336 2180 4405 digressi
2211 4350 2307 4406 per
2335 4332 2770 4404 quamplurimas
2805 4327 3061 4387 visiones,
3096 4323 3382 4377 redeamus

1806 4446 1948 4485 nunc
1975 4430 2043 4483 ad
2079 4429 2179 4483 hoc
2210 4427 2352 4498 quod
2389 4424 2767 4496 proposuimus
2797 4419 2864 4472 de
2898 4417 3103 4485 psalmo
3130 4453 3146 4478 ,
3185 4413 3312 4482 quia
3348 4429 3380 4464 τι

1805 4526 2054 4589 Domino,
2095 4523 2271 4592 inquit
2299 4519 2365 4586 ³⁸,
2392 4533 2599 4588 gressus
2630 4511 2860 4565 hominis
2903 4509 3232 4575 diriguntur.
3280 4504 3384 4560 Sn-

1807 4632 1903 4685 pra
1949 4613 2299 4684 exposuimus
2345 4606 2616 4678 quomodo
2653 4604 2758 4656 iter
2795 4599 2917 4668 quis
2967 4597 3269 4667 ingreditur
3315 4597 3381 4648 ad

1807 4813 1933 4856 sunt
1964 4813 2085 4868 quze
2121 4794 2328 4866 digredi
2364 4793 2524 4846 habet
2563 4797 2618 4842 et
2651 4784 2907 4840 transire.
2939 4781 3079 4852 Ergo
3109 4789 3160 4835 et
3195 4788 3248 4834 tu
3288 4780 3383 4850 qui

1806 4893 1872 4944 ad
1907 4889 2180 4944 Christum
2215 4883 2395 4939 tendis
2422 4921 2436 4945 ,
2488 4879 2578 4947 qui
2611 4887 2696 4932 est
2727 4873 2819 4928 Dei
2849 4873 3020 4927 virtus
3044 4910 3060 4936 ,
3103 4870 3385 4940 digredere

1804 4982 2108 5043 luxuriam,
2158 4984 2336 5033 scorta
2357 5015 2372 5039 ,
2403 4971 2696 5034 adulteria,
2727 4969 3014 5037 digredere
3047 4964 3213 5029 furta,
3245 4961 3382 5013 falsa

1809 5063 2112 5128 teStimonia
2137 5079 2298 5141 ,‘tum
2335 5064 2533 5120 deinde
2563 5063 2845 5133 digredere
2877 5070 2929 5114 et
2968 5055 3255 5111 avaritiam
3283 5092 3298 5116 ,
3332 5062 3387 5106 et

1804 5179 2020 5220 omnem
2046 5161 2291 5233 pecuniae
2313 5169 2746 5225 caeterarumque
2766 5153 3030 5207 malarum
3057 5162 3240 5203 rerum
3259 5160 3374 5200 con

1807 5254 2227 5326 cupisccntiam,
2260 5251 2546 5322 digredere
2575 5245 2940 5307 mendacium,
2973 5239 3262 5311 digredere
3293 5237 3382 5290 tri-

1809 5349 2017 5406 stitiam
2070 5345 2276 5401 saeculi.
2313 5342 2425 5397 Nisi
2465 5341 2581 5396 haec
2627 5338 2808 5395 omnia
2857 5335 3136 5404 digressus
3168 5326 3340 5383 fueris
3369 5365 3384 5391 ,

1809 5444 2074 5499 visionem
2101 5440 2246 5493 illam
2276 5451 2527 5508 magnam
2558 5431 2770 5488 Domini
2799 5428 2983 5482 videre
3007 5437 3113 5478 non
3155 5418 3388 5492 poteris.-

815 5598 859 5628 ⁷³
888 5593 1075 5649 Matth.
1113 5608 1166 5654 χ,
1199 5588 1284 5643 40.
1363 5587 1408 5616 ⁷³
1444 5585 1576 5640 Luc.
1612 5601 1664 5650 x,

820 5683 927 5711 mn-
985 5666 1037 5711 ‘2.
1101 5663 1152 5711 (ἱ.
1267 5657 1486 5711 7°.I‘sal.
1531 5671 1694 5711 cxut.

1858 5582 1898 5612 '“'
1943 5580 2082 5636 Psal.
2125 5594 2284 5632 xxva
2308 5620 2320 5642 ,
2353 5577 2442 5632 9.3.
2521 5575 2566 5604 ⁷⁸
2596 5573 2721 5628 ibid.
2757 5569 2842 5622 51.
2922 5567 2966 5595 ⁷⁸
2991 5565 3132 5620 Psal.
3164 5577 3328 5624 1.xxn,
3353 5559 3404 5614 ει.

1896 5654 1940 5686 ⁸⁰
1971 5651 2140 5706 Exod.
2177 5666 2282 5704 xix.
2397 5650 2435 5678 "
2468 5644 2635 5698 Exod.
2674 5656 2861 5704 xxxut,
2893 5637 2975 5692 13.
3086 5635 3131 5666 δ’
3159 5631 3290 5688 ibid.
3318 5630 3401 5684 29..

1335 5671 1486 5728 ιι’δειι.
1531 5671 1658 5712 cxut
1683 5698 1696 5722 ,
1730 5671 1781 5710 4.

3086 5635 3131 5666 ⁸²
3159 5631 3290 5688 ibid.
3318 5630 3401 5684 29..

1896 5654 1940 5686 ⁸⁰
1971 5651 2140 5706 Exod.
2177 5637 2319 5704 xixf
2397 5650 2435 5678 "
2468 5644 2635 5698 Exod.
2674 5656 2861 5704 xxxnt,
2893 5637 2975 5692 13.
