3808 6488
595 265 726 326 1351

2008 272 2096 326 EX
2139 270 2443 328 ORIGENE

3687 290 3757 349 θεῖε

594 382 735 438 Sunt
760 397 890 454 ergo
914 383 1130 454 quidam
1167 385 1219 439 in
1245 385 1403 440 nobis
1434 399 1656 454 gressus
1687 393 1740 442 et
1768 385 1957 456 pedes,
1982 386 2180 456 quibus
2209 393 2254 446 Α
2283 389 2397 459 ejus
2431 390 2498 444 οι.
2531 391 2607 446 lbi
2635 391 2774 447 dixit
2804 391 2928 462 quia
2953 393 3279 462 diriguntur
3307 405 3542 463 gressus
3573 396 3756 462 hominis.

592 474 699 530 iter
743 475 843 531 hoc
875 478 1128 545 agimus,
1175 487 1301 530 sunt
1353 492 1569 548 gressus
1619 478 1897 533 interioris
1943 477 2180 532 hominis

593 568 790 637 quibus
819 567 1104 624 ambulare
1139 585 1423 637 possumus
1454 587 1550 639 per
1584 571 1730 624 illatn
1769 571 1910 625 viam
1950 585 2071 640 quae
2099 570 2179 623 di-

592 661 668 715 cit
715 659 791 712 "z
847 657 959 729 Ego
993 677 1106 714 sum
1137 664 1219 715 vin
1247 704 1262 728 ,
1297 665 1485 718 veritas
1517 673 1564 717 et
1599 665 1727 717 vita.
1765 662 1877 718 lloc
1903 678 2035 731 ergo
2076 662 2179 715 iter

589 753 881 821 agentibus
952 757 1133 808 multis
1186 757 1470 822 gressibus
1545 757 1802 810 utendum
1871 765 1952 808 est
2021 753 2177 808 nobis

591 853 652 897 ιιι
712 845 797 897 illa
864 847 1046 899 omnia
1097 863 1217 917 qua:
1284 864 1448 917 supra
1499 849 1740 902 diximus
1791 860 2173 912 transeamus,

590 937 715 1002 quia
747 953 963 1005 gressus
1017 939 1248 993 hominis
1307 954 1335 992 a
1395 938 1619 993 Domino
1671 939 1991 1008 diriguntur.
2059 937 2172 992 Non

589 1025 787 1081 suilieit
837 1029 1039 1082 homini
1101 1029 1298 1082 volenti
1364 1028 1503 1083 istud
1567 1031 1672 1083 iter
1738 1028 2168 1099 incedere67l

591 1118 702 1172 sola
767 1120 1024 1188 propositi
1100 1121 1185 1175 sui
1252 1121 1546 1185 voluntas,
1629 1122 1730 1174 nisi
1790 1130 1846 1175 et
1914 1121 2173 1175 Dominus

591 1213 856 1266 direxerit
912 1227 1140 1278 gressus
1179 1212 1298 1280 ejus
1348 1232 1362 1268 :
1411 1215 1535 1284 quia
1603 1212 1918 1282 frequenter
1973 1215 2173 1267 accidit

591 1302 694 1355 iter
722 1304 1087 1372 agentibusnl
1113 1304 1411 1370 ambulent,
1445 1307 1587 1372 quod
1620 1305 1723 1358 iter
1751 1316 1930 1359 tamen
1964 1315 2168 1358 rectum

592 1405 775 1451 tenere
800 1413 904 1449 non
930 1398 1166 1466 possint,
1199 1398 1294 1452 sed
1324 1399 1576 1452 decidant
1604 1399 1654 1451 in
1679 1398 1890 1466 aliquos
1920 1413 2166 1452 errores:

591 1499 648 1542 ut
683 1489 756 1542 illi
792 1491 882 1559 qui
919 1491 972 1546 in
1016 1492 1370 1561 philosophia:
1408 1493 1716 1545 eruditione
1755 1503 2059 1550 versantur.
2091 1493 2172 1547 vi-

590 1583 792 1643 dentur
842 1583 1061 1650 quidem
1110 1583 1215 1636 iter
1260 1583 1482 1637 virtutis
1536 1582 1814 1649 incedere,
1852 1583 1945 1638 sed
1981 1584 2104 1652 quia
2137 1599 2164 1636 θ

587 1675 817 1730 Domino
854 1691 958 1729 non
995 1675 1307 1745 diriguntttr
1333 1689 1552 1744 gressus
1582 1689 1797 1738 eorum,
1838 1690 1941 1729 non
1985 1684 2165 1729 tenent

584 1767 689 1822 iter
718 1777 947 1823 rectum.
975 1768 1079 1820 Sed
1109 1778 1162 1820 et
1196 1767 1438 1821 haeretici
1475 1767 1827 1820 nihilominus
1854 1768 2164 1835 ingrediun-

587 1869 675 1912 tur
703 1859 868 1913 etiam
906 1859 1003 1928 ipsi
1033 1859 1156 1922 iter,
1194 1859 1286 1911 sed
1320 1873 1446 1913 cum
1481 1855 1802 1924 Scripturas
1844 1860 2159 1926 carnaliter,

583 1967 687 2004 non
723 1950 1042 2020 Spiritaliter
1079 1949 1406 2016 intelligunt,
1439 1949 1722 2003 declinant
1761 1951 1813 2004 in
1862 1951 2158 2005 sinistram.

582 2043 638 2097 Si
670 2058 798 2096 vero
829 2042 1150 2110 spiritaliter
1176 2042 1508 2108 intelligant,
1539 2043 1592 2096 in
1633 2044 1748 2112 ipso
1774 2053 1956 2097 autem
1992 2044 2162 2113 spiri-

579 2134 671 2188 tali
713 2135 987 2189 intellectu
1011 2133 1324 2205 apostolicze
1354 2150 1462 2189 non
1499 2144 1717 2190 teneant
1747 2135 1986 2206 regulam
2020 2135 2163 2190 veri-

581 2229 738 2289 tatis,
794 2227 1055 2282 decidunt
1103 2226 1463 2281 nihilominus
1499 2236 1556 2280 et
1607 2227 1707 2296 ipsi
1753 2227 1818 2280 ad
1858 2227 2159 2291 dexteram,

579 2317 820 2382 diabolo,
868 2329 928 2371 ut
979 2321 1050 2372 ita
1089 2316 1348 2380 dixerim,
1383 2332 1606 2387 gressus
1647 2331 1834 2371 eorum
1883 2333 1988 2371 non
2030 2316 2164 2371 diri-

575 2420 752 2479 gente,
779 2411 872 2465 sed
904 2412 1269 2480 detorquente
1315 2426 1344 2464 a
1371 2413 1454 2465 via
1493 2422 1664 2466 recta.
1703 2409 1812 2465 Nos
1832 2426 1962 2478 ergo
1987 2424 2162 2478 neque

575 2502 642 2557 ad
675 2503 982 2569 dexteram,
1017 2520 1194 2574 neque
1225 2505 1291 2559 ad
1341 2503 1625 2558 sinistram
1660 2503 2022 2567 declinantes,
2080 2501 2164 2555 in-

575 2593 891 2666 grediamur
919 2596 1152 2649 mediam
1183 2596 1324 2648 viam
1356 2611 1480 2664 qua:
1503 2605 1582 2650 cst
1609 2595 1858 2650 Christus
1883 2593 2160 2659 Dominus,

573 2688 697 2756 quia
737 2687 788 2740 in
825 2687 942 2757 ipso
975 2687 1367 2742 ambulantium
1402 2703 1622 2760 gressus
1663 2688 1922 2742 Dominus
1953 2686 2158 2757 dirigit.

573 2779 617 2832 Α
667 2779 892 2833 Domino
928 2795 1058 2850 ergo
1087 2797 1296 2849 gressus
1323 2778 1550 2832 hominis
1579 2780 1893 2850 dirigentur,
1926 2790 1974 2833 et
2022 2779 2160 2833 viam

573 2872 692 2942 ejus
727 2872 983 2940 cupiet",
1009 2871 1157 2925 illam
1188 2871 1406 2926 scilicet
1436 2873 1582 2925 viam
1612 2873 1680 2926 de
1711 2887 1813 2942 qua
1838 2885 2000 2942 supra
2021 2869 2161 2924 dixi--

575 2981 713 3019 mus.
753 2965 945 3034 Cupiet
986 2965 1132 3019 enim
1163 2965 1255 3033 qui
1301 2982 1330 3018 a
1365 2965 1472 3019 Deo
1497 2965 1752 3034 dirigitur
1774 2964 2071 3028 Christum,
2105 2968 2161 3018 et

576 3059 906 3112 desiderabit
940 3071 1266 3126 permanere
1298 3071 1515 3126 semper
1548 3057 1598 3110 in
1632 3057 1877 3111 Christo.

645 3149 700 3203 2.
733 3150 866 3203 Cum
923 3149 1194 3216 ceciderit,
1247 3149 1427 3218 inquit
1453 3148 1522 3214 ⁸’,
1573 3165 1676 3200 non
1730 3145 2155 3200 conturbabilur.

571 3241 838 3311 Superius
873 3242 1060 3295 dicens
1108 3241 1236 3311 quia
1285 3257 1312 3294 a
1351 3240 1577 3294 Domino
1602 3241 1911 3309 diriguntur
1940 3252 2157 3308 gressus

567 3335 706 3402 ejus,
744 3334 830 3388 hic
861 3336 926 3388 de
941 3349 1070 3388 casu
1102 3333 1220 3402 ejus
1249 3333 1508 3401 loquitur.
1533 3331 1666 3385 Vide
1682 3345 1814 3402 ergo
1842 3330 1966 3398 quia
1989 3330 2156 3382 etiam

570 3423 660 3479 his
680 3427 768 3494 qui
813 3425 916 3479 iter
934 3425 1038 3479 hoc
1069 3425 1334 3478 incedurtt
1366 3423 1661 3493 aliquando
1697 3423 1907 3476 accidat
1938 3422 2156 3486 cadere,

566 3519 732 3570 etiam
767 3516 851 3569 his
887 3515 978 3584 qui
1029 3530 1056 3567 a
1093 3515 1323 3570 Domino
1356 3515 1702 3583 diriguntur;
1738 3513 1832 3568 sed
1876 3522 1956 3567 est
1989 3513 2155 3566 multa

568 3608 874 3663 diﬂ‘erentia
925 3611 1068 3664 inter
1096 3626 1283 3664 casum
1325 3609 1454 3678 justi
1489 3618 1544 3662 et
1578 3624 1761 3662 casum
1805 3607 2009 3674 injusti.
2057 3603 2156 3658 Ju-

569 3711 708 3764 stus,
747 3701 946 3770 inquit,
1006 3717 1128 3756 cum
1162 3703 1420 3756 ceciderit
1465 3717 1570 3754 non
1609 3700 1978 3768 prosternitur
2017 3714 2028 3749 :
2068 3699 2150 3751 in-

568 3789 744 3857 iustus
782 3802 836 3846 et
883 3795 972 3862 qui
1023 3809 1172 3862 Spem
1212 3810 1316 3847 non
1360 3793 1525 3848 habet
1560 3792 1612 3845 iu
1653 3791 1762 3846 Deo
1804 3792 2077 3861 positam,
2107 3791 2153 3844 si

567 3884 850 3950 ceciderit,
903 3887 1272 3953 prosternitur
1332 3894 1386 3938 et
1437 3901 1542 3938 non
1589 3887 1807 3955 surgit:
1867 3885 1917 3938 id
1957 3895 2063 3950 est,
2108 3883 2152 3937 si

568 3977 903 4044 peccaverit,
947 3994 1052 4032 non
1095 3982 1325 4047 ptenitet
1354 3987 1408 4032 et
1443 3987 1728 4046 peccatum
1761 3991 1917 4030 suum
1967 3991 2155 4028 emen—

567 4066 702 4121 dare
727 4067 922 4121 nescit.
966 4069 1155 4123 Justus
1188 4079 1371 4122 autem
1414 4069 1458 4122 si
1511 4068 1567 4122 in
1617 4069 1802 4136 aliquo
1841 4065 2152 4133 oﬂ'euderit,

568 4159 614 4214 si
674 4159 727 4213 in
775 4158 980 4214 verbo:
1029 4161 1306 4230 apostolus
1341 4161 1485 4216 enim
1539 4171 1624 4214 cst
1671 4159 1766 4228 qui
1818 4157 2154 4213 dicit":ln

567 4253 746 4306 multis
770 4253 909 4305 enim
938 4252 1253 4320 oﬂ'endimus
1286 4270 1482 4317 omnes,
1511 4263 1561 4304 et
1583 4251 1626 4302 si
1648 4251 1763 4321 quis
1797 4252 1849 4304 in
1871 4249 2024 4303 verbo
2049 4265 2153 4302 non

565 4344 805 4414 offcium,
839 4346 922 4397 hic
946 4345 1212 4414 perfectus
1246 4355 1320 4398 est
1349 4344 1445 4413 vir)
1478 4341 1877 4412 ;oﬂ'endilergo
1896 4350 1949 4394 et
1968 4340 2152 4408 justus

2285 483 2540 546 Domino,
2587 485 2677 540 hic
2740 487 2866 557 quia
2929 501 3035 541 non
3093 487 3595 558 supplantalmntur
3633 509 3759 563 μακε

2274 575 2433 642 justi,
2464 579 2590 646 quia
2640 578 2925 645 Dominus,
2957 580 3156 650 inquit,
3187 581 3498 648 conﬁrmat
3536 599 3757 658 mrum

2279 665 2336 721 lu
2368 667 2474 721 alio
2511 669 2737 738 psalmo,
2769 670 2822 724 id
2855 681 2936 726 est
2965 672 3016 725 in
3041 672 3476 741 septuagesimo
3504 680 3756 738 secundm.

2279 760 2478 816 cit":
2533 761 2639 815 Mei
2695 772 2872 815 autem
2927 780 3061 830 pene
3117 765 3250 817 moti
3313 773 3456 816 sunt
3516 768 3760 836 pune...

2283 853 2334 910 id
2358 853 2532 924 ipsum
2553 853 2766 908 videtur
2795 854 3208 924 intelligendum
3253 854 3555 909 similiter.
3579 856 3758 917 Prsidem

2278 952 2360 998 tes
2403 946 2604 998 etenim
2639 946 2704 999 ad
2736 950 2972 999 virtutes
3017 946 3166 1000 velut
3201 961 3458 1000 ascensu
3489 951 3673 1014 quodam
3694 973 3760 1009 εκ-

2277 1045 2436 1094 mur;
2468 1031 2520 1084 in
2569 1047 2676 1101 quo
2706 1047 2937 1088 ascensu
2990 1034 3036 1087 si
3073 1037 3199 1104 quis
3255 1036 3506 1088 labatur
3541 1048 3587 1090 et
3614 1044 3754 1102 decim,

2273 1124 2609 1179 ascensionis
2638 1141 2750 1180 sua:
2780 1126 2959 1195 perdit
2998 1127 3331 1197 profectum.
3371 1127 3547 1183 Istius
3568 1137 3762 1197 ergodu'

2274 1226 2665 1286 suntgressus.
2711 1218 2826 1274 Hoc
2877 1229 3058 1275 autem
3104 1221 3186 1286 lit,
3215 1237 3352 1276 cum
3385 1221 3524 1290 quis
3546 1236 3640 1291 post
3662 1231 3760 1291 pit-it-

2271 1317 2414 1360 etutn
2449 1319 2752 1364 retrorsum
2807 1310 2975 1366 fuerit
3028 1327 3337 1368 conversus
3375 1331 3390 1366 :
3425 1315 3564 1368 sicut
3589 1320 3763 1375 accisis:

2273 1398 2424 1450 uxori
2461 1399 2561 1451 Lot
2588 1399 2664 1466 ⁸³,
2707 1415 2826 1468 qua:
2858 1401 3269 1472 ingrediebatur
3307 1405 3466 1458 bene
3491 1408 3761 1474 egredietur:

2273 1485 2546 1552 Sodomis,
2589 1497 2646 1543 et
2679 1487 2941 1557 eﬂ'ugiens
2979 1506 3170 1561 poenas
3208 1492 3508 1545 malorum
3534 1493 3764 1562 ingrediar.

2273 1587 2360 1631 tur
2392 1589 2448 1634 et
2480 1582 2810 1637 ascendebat
2830 1584 2897 1636 ad
2928 1593 3163 1638 montem
3192 1601 3311 1653 quo
3342 1584 3548 1653 angelo
3581 1589 3681 1640 duc:
3697 1604 3762 1653 κτ-

2270 1672 2461 1740 gebat;
2499 1674 2594 1729 sed
2651 1678 2903 1743 quoniam
2947 1687 3141 1731 contra
3177 1679 3525 1731 niandatum
3571 1679 3645 1733 Dei
3678 1680 3766 1746 ius,

2266 1766 2407 1834 quod
2438 1765 2589 1834 jussa
2645 1766 2822 1825 fuerat
2861 1782 2968 1822 non
3014 1769 3297 1839 respicere
3346 1777 3634 1822 rctrorsum
3665 1788 3763 1840 squ

2265 1867 2412 1912 stare
2445 1858 2497 1912 in
2537 1858 2686 1912 omni
2725 1858 2947 1927 regione
2977 1859 3092 1926 illa,
3127 1860 3224 1915 sed
3267 1858 3340 1912 ad
3390 1869 3618 1913 montem

2264 1950 2417 2017 dere,
2449 1959 2611 2020 atque
2636 1950 2706 2004 ibi
2737 1951 2960 2016 salvari,
2991 1965 3115 2005 cum
3147 1967 3440 2006 conversa
3483 1953 3546 2004 ad
3567 1967 3762 2020 postem

2265 2053 2569 2095 retrorsum
2603 2043 2867 2110 respexit,
2915 2042 2987 2097 ibi
3015 2042 3168 2098 ell'usi
3205 2054 3344 2098 sunt
3374 2058 3593 2111 gressus
3629 2046 3764 2109 ea“;

2264 2133 2499 2201 perdidit
2531 2147 2692 2186 omne
2717 2133 2860 2203 quod
2894 2131 3073 2188 fuerat
3101 2144 3233 2187 ante
3253 2135 3539 2202 digressa,
3566 2151 3766 2202 pennas;

2265 2226 2506 2294 perfecta
2543 2225 2886 2280 statuuncula
2935 2225 3088 2282 salis.
3137 2227 3254 2282 Hoc
3295 2235 3394 2280 est
3421 2229 3562 2296 quod
3598 2227 3763 2280 Βοηιέςξ

2264 2316 2318 2370 in
2355 2317 2641 2386 Evangelia
2689 2317 2816 2372 dicit
2842 2316 2888 2348 ”
2915 2334 2931 2371 :
2958 2315 3130 2371 Nemo
3172 2321 3408 2373 mittens
3459 2337 3650 2372 ειαπιιι
3681 2341 3766 2371 tm

2263 2409 2333 2462 ad
2376 2420 2640 2478 aratrum,
2687 2422 2734 2465 et
2762 2421 2901 2467 retro
2936 2412 3225 2480 ταμία-ἔειπε
3257 2425 3435 2478 aptus
3466 2425 3540 2467 est
3566 2416 3764 2483 regaaitr.

2264 2499 2358 2555 Vis
2389 2501 2480 2555 tibi
2507 2504 2790 2558 ostendam
2812 2514 2866 2560 et
2901 2503 3039 2558 alios
3074 2520 3320 2574 quorum
3362 2503 3530 2560 εσυςί
3558 2519 3770 2568 suum»

2264 2593 2400 2647 sus?
2432 2591 2743 2648 Recordare
2769 2593 2889 2649 illos
2915 2595 3006 2664 qui
3041 2596 3407 2649 transierunt
3456 2611 3550 2664 per
3580 2599 3754 2650 πιπτει

2266 2687 2419 2739 brum
2456 2695 2708 2756 tauquam
2736 2702 2832 2757 per
2865 2689 3096 2750 aridam,
3134 2696 3188 2741 et
3219 2698 3531 2755 peccantes
3558 2690 3603 2740 in
3638 2691 3774 2741 essm

2264 2779 2604 2844 ceciderunt,
2652 2789 2708 2834 et
2757 2780 2830 2836 ibi
2863 2781 3018 2837 eﬂ‘usi
3055 2792 3187 2836 sunt
3231 2798 3472 2843 gressus
3506 2798 3684 2835 comm.
3711 2783 3770 2838 Set

2263 2878 2316 2924 et
2344 2884 2488 2924 nunc
2518 2871 2562 2924 si
2594 2871 2813 2939 quando
2839 2874 3053 2928 accidat
3082 2873 3332 2944 aliquem
3375 2875 3648 2928 vixissein
3671 2892 3712 2926 es
3731 2881 3776 2926 gg-

2262 2958 2444 3010 nentia
2476 2959 2652 3014 tribus
2670 2968 2764 3014 aut
2787 2965 3220 3030 quatuorannis,
3240 2972 3390 3018 eteo
3419 2966 3661 3032 amplius,
3677 2967 3770 3016 siin

2185 3087 2228 3146 ϐ
2263 3050 2318 3103 in
2347 3049 2502 3103 verbi
2529 3059 2584 3106 et
2614 3052 2873 3106 doctrina:
2915 3053 3096 3108 studio
3137 3063 3193 3107 et
3239 3055 3543 3124 sapienti:
3583 3056 3776 3108 labort'.

2260 3153 2481 3209 operam
2509 3141 2758 3206 dedisse;
2791 3151 2918 3200 tunc
2959 3144 3158 3198 deinde
3206 3144 3252 3199 si
3303 3145 3492 3200 victus
3532 3145 3676 3199 tueri;
3708 3149 3754 3196 is

2257 3230 2342 3286 vel
2378 3232 2442 3284 ad
2467 3232 2651 3286 carnis
2678 3233 2949 3287 luxuriam
2984 3243 3248 3302 transeat,
3288 3238 3380 3290 vel
3405 3240 3475 3290 ad
3511 3238 3614 3291 alia
3633 3254 3778 3306 pem.

2259 3323 2524 3387 declinet,
2555 3334 2651 3378 aut
2685 3325 2750 3378 ad
2789 3325 2956 3378 vitam
2987 3341 3045 3380 se
3075 3327 3380 3383 transferat
3418 3331 3626 3390 saeculi.
3655 3332 3715 3383 rei
3763 3349 3774 3374 :

2261 3417 2476 3485 negotia
2509 3430 2572 3470 ac
2608 3414 2758 3470 lucra
2808 3419 3183 3488 corruptibilis
3224 3422 3357 3475 vita:
3405 3432 3726 3478 convena;
3769 3453 3776 3458 ~

2259 3507 2475 3562 dubites
2505 3507 2574 3562 de
2601 3522 2670 3562 eo
2696 3507 2878 3562 dicere
2920 3512 3044 3578 quia
3081 3511 3238 3566 ell'usi
3282 3523 3418 3567 sunt
3457 3530 3672 3583 greSsus
3697 3517 3764 3576 eia-

2257 3597 2366 3652 Nos
2393 3615 2524 3670 ergo
2559 3602 2911 3671 deprecemur
2947 3603 3230 3658 Dominum
3276 3615 3334 3660 ut
3377 3606 3587 3678 diriga:

2259 3701 2496 3755 nostros,
2535 3703 2589 3747 et
2613 3695 2887 3749 custodiat
2927 3697 3042 3749 vias
3092 3706 3339 3762 nostras,
3395 3700 3477 3751 uti
3513 3715 3582 3752 ne
3608 3705 3770 3767 siin}:

2261 3795 2440 3839 tentur
2479 3802 2697 3854 gressus
2725 3788 2933 3855 nostri;
2983 3791 3121 3844 utin
3154 3792 3240 3844 via
3297 3807 3472 3861 quam
3526 3793 3764 3845 incedas-

2258 3877 2361 3932 lIOC
2401 3887 2484 3933 est
2523 3880 2574 3933 in
2615 3880 2837 3934 Christo
2886 3880 3112 3934 Domino
3143 3893 3356 3943 nostro,
3387 3885 3553 3951 quasi
3581 3900 3716 3949 supra
3739 3901 3784 3934 a-

2258 3979 2398 4024 tram
2427 3971 2678 4026 stabilem
2707 3974 2929 4044 vestigia
2957 3984 3144 4027 nostra
3171 3973 3493 4041 firmentur,
3543 3991 3612 4029 ne
3637 3992 3692 4044 qs
3711 3992 3774 4038 -;.

2261 4063 2422 4116 modo
2456 4063 2794 4132 supplantari
2825 4065 3131 4134 possimus;
3155 4080 3251 4134 per
3279 4067 3439 4120 illum
3471 4068 3678 4122 scilicet
3697 4085 3738 4119 τε
3783 4087 3786 4090 ’

2255 4169 2357 4210 nos
2397 4168 2562 4226 caput
2600 4156 2998 4224 observamus,
3045 4168 3101 4214 et
3154 4159 3244 4213 ille
3277 4171 3547 4214 nostrum
3595 4164 3780 4215 abst"-

2255 4248 2594 4314 calcaneum,
2639 4251 2726 4304 cui
2770 4251 2956 4320 utique
2983 4268 3260 4322 nunquam
3295 4269 3403 4308 nos
3429 4267 3658 4322 oportet
3697 4255 3744 4319 pi.

2258 4347 2369 4394 tam
2432 4341 2633 4395 nudam
2678 4344 2951 4411 prazbere,
3003 4345 3100 4400 sed
3142 4361 3363 4414 semper
3416 4347 3683 4400 debemus
3717 4362 3768 4395 (δι’

2193 1739 2237 1799 Β

568 4441 620 4494 in
658 4443 848 4502 verbo,
890 4439 1144 4494 fortassis
1175 4440 1338 4492 etiam
1376 4438 1665 4506 aliquando
1687 4446 1741 4490 et
1768 4437 1820 4490 in
1855 4435 2022 4502 facto,
2053 4437 2145 4488 sed
2181 4436 2223 4492 D
2253 4434 2471 4488 calceoli
2500 4435 2653 4503 pedes
2686 4435 2742 4488 in
2769 4438 3158 4506 prwparatione
3189 4436 3469 4508 Evangelii
3493 4443 3652 4507 pacis
3673 4441 3710 4470 ’⁸
3755 4475 3790 4500 -,

566 4534 668 4586 scit
692 4534 1020 4598 emendare,
1047 4531 1151 4586 scit
1169 4531 1477 4600 corrigere:
1501 4530 1604 4583 scit
1631 4529 1722 4584 ille
1745 4528 1834 4598 qui
1853 4527 2146 4583 dixerat”:

570 4623 762 4679 Nescio
792 4625 1080 4688 hominem,
1116 4624 1280 4693 paulo
1311 4632 1432 4692 post
1468 4639 1592 4677 cont
1634 4631 1912 4692 respectus
1958 4620 2150 4675 fuisset

571 4734 602 4774 a
627 4719 874 4782 Domino,
898 4720 1025 4773 ﬂere
1049 4716 1415 4780 amarissime;
1448 4716 1550 4768 scit
1586 4724 1640 4769 et
1676 4716 1762 4768 ille
1790 4713 1881 4784 qui
1913 4713 1979 4766 de
2009 4720 2154 4767 tecto

572 4812 854 4866 mulierem
879 4810 1103 4866 viderat.
1136 4817 1190 4863 et
1219 4805 1571 4875 concupierat
1603 4821 1744 4865 eam,
1772 4804 1952 4859 dicere
1979 4821 1991 4856 :
2027 4803 2155 4856 Pec-

569 4895 704 4955 cavi,
745 4895 875 4962 quia
901 4895 995 4946 tibi
1016 4895 1115 4948 soli
1143 4895 1353 4965 peccavi
1384 4904 1430 4948 et
1456 4893 1653 4947 malum
1683 4909 1862 4946 coram
1888 4902 1936 4945 te
1955 4891 2143 4964 feci”.

566 4985 622 5041 Si
647 5003 780 5055 ergo
812 5001 933 5039 cum
968 4987 1227 5041 ceciderit
1256 4987 1436 5056 justus
1467 5003 1572 5040 non
1619 4985 2004 5054 prosternitur,
2039 4998 2144 5038 non

564 5076 912 5147 permanebit
965 5077 1017 5130 in
1065 5088 1310 5147 peccato,
1339 5081 1433 5133 sed
1464 5078 1682 5132 exsiliet
1707 5079 1840 5142 cito,
1883 5088 2141 5144 tanquam

566 5167 783 5220 damula
820 5184 886 5222 ex
914 5170 1141 5232 retibus,
1180 5181 1232 5222 et
1263 5179 1518 5239 tauquam
1559 5171 1677 5223 avis
1701 5171 1765 5223 de
1811 5170 2022 5238 laqueo.
2062 5168 2146 5223 lu-

556 5257 738 5328 justus
776 5272 959 5314 autem
999 5277 1106 5315 non
1132 5261 1306 5314 solum
1335 5270 1642 5330 permanet,
1676 5263 1771 5316 sed
1810 5272 1865 5316 et
1897 5273 2141 5330 proster-

561 5353 708 5407 nitur
729 5354 782 5408 itt
819 5353 1078 5423 peccatis.
1123 5352 1311 5409 Justus
1335 5365 1516 5408 autem
1545 5355 1674 5424 quid
1713 5355 1839 5407 facit
1861 5353 1884 5406 ?
1909 5352 2015 5406 Lex
2042 5353 2140 5406 Dei

559 5445 676 5513 ejus
706 5445 761 5499 in
788 5446 946 5500 corde
975 5445 1167 5514 ipsius,
1199 5457 1248 5499 et
1287 5463 1391 5500 non
1416 5445 1904 5516 supplantabuntur
1927 5460 2136 5513 gressus

1199 5591 1247 5623 "
1275 5591 1419 5646 Psal.
1465 5607 1647 5650 xxxvt.
1672 5591 1765 5648 2'5.

1287 5663 1332 5694 "
1385 5661 1527 5720 Psal.
1589 5678 1760 5728 Lutt,
1823 5661 1879 5716 2.

629 5587 676 5621 ⁸⁸
700 5587 856 5644 Joan.
899 5605 1012 5654 xiv,
1045 5591 1099 5644 6.

557 5655 606 5690 “
662 5655 806 5714 Psal.
861 5677 1052 5725 xxxvt,
1093 5663 1189 5718 3|.

561 5741 752 5796 xxxvi,
805 5728 897 5795 25,
931 5730 1021 5784 24.

1838 5591 1884 5625 ⁸⁷
1912 5590 2044 5646 ibid.
2093 5589 2182 5644 24.
2263 5591 2310 5625 ⁸⁸
2357 5591 2374 5648 J

1838 5661 1879 5716 ι.
1942 5668 1948 5673 ‘
1984 5662 2031 5694 "
2061 5661 2203 5718 Gen.
2256 5679 2374 5720 XIX.

2253 4527 2299 4580 si
2327 4528 2532 4581 venerit
2561 4528 2811 4584 diabolus
2839 4533 3238 4598 supplautator,
3274 4541 3328 4586 et
3366 4533 3652 4586 invenerit
3687 4549 3786 4598 γε

2252 4631 2469 4676 nostros
2499 4622 2760 4688 munitos,
2788 4633 2844 4678 et
2869 4639 3031 4692 supra
3067 4633 3277 4694 petram
3304 4634 3561 4687 stantes,
3601 4628 3710 4677 ita-Le
3741 4645 3752 4672 :
3781 4643 3788 4672 i

2257 4714 2606 4782 supplantare
2643 4730 2748 4770 non
2784 4715 2981 4769 valeat.
3013 4716 3277 4782 Quamvis
3306 4717 3460 4769 cnim
3513 4719 3688 4785 paulo
3719 4733 3734 4763 ι
3775 4725 3787 4762 st

2257 4805 2556 4861 dixerimus
2605 4821 2766 4877 posse
2811 4809 2975 4863 etiam
3012 4823 3196 4863 casum
3247 4809 3487 4877 aliquem
3541 4822 3607 4863 et
3651 4813 3785 4875 1;;«2

2256 4896 2506 4952 accidere
2555 4897 2641 4953 his
2693 4899 2785 4968 qui
2819 4899 3036 4955 virtutis
3083 4900 3227 4952 viam
3261 4911 3625 4968 sequuntur.
3677 4913 3785 4949 aut

2252 4989 2651 5044 observandum
2683 5001 2792 5056 est,
2851 4993 2976 5062 quia
3012 4993 3081 5047 ibi
3114 4992 3204 5046 ubi
3232 4993 3410 5046 dixit:
3451 4991 3611 5046 σει-ι
3661 5005 3785 5043 ::.'-‘

2251 5081 2342 5144 rit,
2367 5097 2471 5134 non
2507 5094 2893 5152 prosternatur,
2934 5085 3184 5154 superius
3235 5100 3342 5138 non
3391 5095 3504 5137 tam
3583 5087 3654 5137 de
3701 5109 3772 5147 επ

2252 5185 2414 5239 quam
2443 5173 2507 5225 de
2549 5173 2769 5228 homine
2803 5190 2938 5243 puro
2964 5182 3342 5243 proposuerat.
3373 5175 3461 5230 Ait
3502 5173 3726 5228 enim"
3782 5183 3783 5220 1

2255 5263 2481 5319 Domino
2509 5282 2719 5336 gressus
2751 5267 2977 5321 hominis
3003 5267 3325 5338 dirigentur,
3355 5279 3402 5320 et
3428 5269 3594 5320 ria-
3629 5285 3722 5330 e.s.-
3765 5301 3770 5308 ι

2245 5357 2370 5425 piet,
2398 5373 2515 5410 cum
2546 5359 2787 5412 ceciderit
2815 5376 2919 5413 nou
2947 5369 3328 5429 prosternetur.
3355 5359 3410 5414 In
3441 5375 3576 5426 quo
3611 5375 3740 5414 esse
3779 5379 3781 5390 η

2249 5456 2335 5500 tur
2373 5463 2494 5504 esse
2519 5449 2728 5520 aliquos
2755 5465 2914 5506 casus
2938 5451 3028 5522 qui
3051 5460 3232 5506 tamen
3262 5466 3370 5506 non
3397 5452 3686 5505 continue
3713 5469 3746 5492 "-
3779 5461 3781 5527 1

2263 5591 2310 5625 ⁸⁸
2357 5591 2550 5649 Iacob.
2602 5609 2688 5655 III,
2719 5593 2777 5648 2.
2855 5593 2900 5626 ⁸⁸
2932 5591 3356 5659 Marc.xrv,7l.
3429 5590 3473 5622 ’⁸
3507 5588 3684 5644 PsaL
3709 5627 3732 5639 -

2472 5664 2518 5697 ”
2545 5663 2680 5721 Luc.
2707 5663 2895 5730 tx,62.
2967 5665 3014 5697 "
3055 5664 3260 5735 Epltes.
3302 5679 3375 5729 rt,
3415 5661 3510 5715 l5.
3635 5663 3682 5689 "
