3808 6538
131 368 244 425 1553

765 368 1070 427 SELECTA
1111 369 1177 424 IN
1216 365 1553 426 PSALMOS.
1588 399 1655 406 —-—
1691 367 1920 426 IIOMIL.
1965 370 2031 425 IV
2072 372 2138 428 IN
2176 374 2377 434 PSAL.
2423 377 2662 435 XXXVI.

3199 385 3332 440 13M

126 499 364 544 centesse
392 486 588 541 victum
625 494 679 541 et
719 498 1047 557 prostratum
1093 505 1216 545 eum
1252 492 1342 560 qui
1375 489 1657 546 ceciderit.
1687 487 1736 545 A
1762 487 1808 542 si
1837 489 1951 543 tleri
1983 499 2180 558 potest,
2207 501 2266 547 ut
2299 509 2514 563 semper
2549 497 3176 570 vincatquotiescunque
3207 516 3336 556 con-

125 584 256 638 Sicut
289 580 431 634 enim
457 591 511 634 et
547 582 600 634 in
624 597 798 651 agone
827 584 944 637 fieri
992 584 1154 648 solet,
1199 597 1257 639 ιιι
1285 586 1494 640 duobus
1521 586 1660 640 inter

123 689 174 731 se
198 673 517 727 lactantibus
546 673 762 727 accidat
785 675 960 741 primo
989 677 1206 742 quidem
1241 678 1435 730 cadere
1468 692 1661 741 unum,

120 775 305 820 etcum
349 764 630 830 ceciderit,
684 777 870 836 surgat
922 779 974 822 et
1025 769 1242 823 vincat:
1293 768 1366 822 ita
1404 768 1659 823 etiamin

120 864 288 911 nostro
331 871 530 924 agone,
577 856 667 925 qui
710 866 794 911 est
829 857 984 913 nobis
1025 864 1312 914 adversum
1363 860 1660 930 principem

117 947 260 1012 hujus
298 947 508 1010 mundi,
550 949 595 1002 si
640 949 775 1004 forte
819 951 1078 1006 acciderit
1119 951 1351 1021 aliquem
1391 952 1456 1006 de
1506 951 1662 1006 nobis

113 1037 261 1108 672
301 1037 467 1102 vinci,
513 1047 566 1092 et
591 1039 644 1092 in
676 1038 858 1108 aliquo
901 1051 1126 1109 peccato
1158 1043 1377 1106 cadere,
1407 1041 1662 1110 possibile

111 1140 264 1185 estut
295 1138 414 1198 post
454 1141 733 1200 peccatum
769 1133 1049 1200 resipiscat
1071 1133 1289 1199 aliquis,
1320 1142 1375 1186 ct
1399 1142 1663 1204 exsurgat

112 1231 160 1275 et
194 1221 563 1289 perhorrescat
592 1223 788 1276 malum
824 1224 968 1292 quod
997 1224 1243 1288 admisit,
1271 1233 1324 1278 et
1363 1225 1429 1278 de
1462 1235 1660 1278 cmtero

109 1327 208 1365 non
241 1312 410 1365 solum
452 1313 730 1366 contineat
779 1328 859 1377 se,
912 1328 1097 1368 verum
1145 1316 1309 1368 etiam
1358 1313 1662 1370 satisfaciat

107 1404 233 1464 Deo,
265 1402 447 1457 luvans
493 1419 588 1472 per
632 1405 874 1473 singulas
911 1415 1098 1460 noctes
1130 1406 1332 1460 lectum
1378 1422 1558 1472 suum,
1606 1417 1662 1461 et

105 1495 354 1565 lacrymis
403 1496 586 1565 rigans
618 1505 845 1552 stratum
900 1513 1078 1561 suum,
1130 1497 1406 1565 accipiens
1435 1497 1660 1551 verbum

102 1586 425 1656 prophetica:
479 1589 824 1643 auctoritatis
880 1603 985 1658 qua
1043 1588 1242 1642 dicitttr
1265 1589 1360 1642 ’νε
1404 1588 1658 1657 Nunquid

95 1680 183 1746 qui
224 1679 364 1732 cadit
409 1696 511 1733 non
556 1680 767 1747 adjiciet
805 1691 858 1733 ut
898 1681 1290 1749 resurgatiaut
1324 1681 1416 1750 qui
1455 1696 1662 1734 aversus

94 1781 192 1832 est,
244 1787 345 1822 non
376 1771 736 1824 convertitur?
769 1769 857 1824 Va:
899 1773 979 1825 Itis
1028 1773 1116 1840 qui
1146 1772 1318 1826 aversi
1358 1782 1477 1826 sunt
1505 1788 1660 1826 aver-

95 1863 238 1917 sione
285 1861 596 1924 impudenti,
630 1861 764 1914 dicit
792 1861 1070 1916 Dominus.
1097 1862 1160 1916 Et
1202 1862 1306 1916 iste
1333 1872 1416 1916 est
1442 1862 1533 1930 qui
1564 1878 1658 1915 ca-

90 1955 220 2007 dere
267 1954 480 2022 quidem
512 1954 704 2020 potuit,
740 1955 1006 2022 prosterni
1045 1969 1172 2008 vero
1214 1969 1318 2008 non
1360 1955 1554 2022 potuit.
1602 1953 1660 2008 Si

91 2053 271 2098 autem
311 2046 516 2098 videris
561 2045 792 2114 aliquem
823 2046 1084 2099 cecidisse
1116 2045 1167 2098 in
1215 2046 1430 2114 aliquod
1461 2062 1659 2115 pecca-

87 2147 224 2199 tum,
261 2144 316 2190 ct
351 2146 470 2204 post
498 2151 682 2191 casum
714 2137 1088 2204 desperantem
1136 2137 1572 2205 conversionem,
1605 2147 1661 2194 et

85 2227 392 2280 dicentem:
417 2225 534 2280 Jam
557 2228 825 2296 quomodo
848 2242 1062 2295 possum
1085 2243 1186 2297 ego
1205 2230 1384 2284 salvus
1407 2229 1541 2296 fieri,
1567 2231 1657 2298 qtti

85 2316 298 2370 cecidi?
323 2317 433 2382 jam
472 2315 616 2370 nulla
653 2332 776 2385 spes
808 2325 910 2380 est,
959 2326 1181 2384 peccata
1222 2333 1337 2372 mea
1385 2335 1470 2374 me
1511 2321 1663 2375 colli-

82 2415 234 2476 gant,
282 2407 553 2473 quomodo
599 2407 799 2460 audere
833 2421 1051 2474 possum
1081 2409 1346 2463 accedere
1379 2410 1445 2462 ad
1478 2410 1662 2464 Domi-

79 2497 257 2550 num?
286 2497 569 2562 Quomodo
594 2499 659 2552 ad
694 2498 988 2553 Ecclesium
1031 2499 1246 2554 redire?
1278 2509 1333 2553 et
1367 2501 1410 2555 si
1437 2500 1537 2555 hac
1567 2502 1652 2556 de-

77 2587 402 2655 speratione
439 2587 543 2641 iste
577 2588 701 2643 talis
730 2590 952 2644 recedat
983 2589 1148 2643 etiam
1183 2606 1212 2643 a
1253 2591 1383 2656 Deo,
1425 2593 1512 2647 hic
1552 2609 1658 2648 non

71 2679 262 2732 solum
320 2680 545 2743 cecidit,
590 2680 683 2734 sed
733 2680 784 2734 in
817 2697 946 2734 casu
995 2694 1095 2735 δυο
1136 2692 1446 2750 prostratus
1495 2694 1661 2754 atque

73 2770 370 2823 demersus
409 2779 509 2824 est.
557 2769 623 2824 Et
664 2777 750 2825 est
801 2772 1018 2839 quidem
1055 2773 1318 2841 optabile,
1361 2783 1419 2827 ut
1455 2775 1659 2830 athleta

66 2862 306 2931 pietatis
341 2876 405 2916 ac
427 2862 644 2918 virtutis
673 2870 889 2916 maneat
924 2877 1140 2934 semper
1171 2865 1482 2931 immobilis,
1509 2876 1566 2922 ut
1594 2882 1661 2922 ne

67 2967 244 3005 unam
283 2953 505 3020 quidem
536 2952 758 3016 luctam,
797 2961 856 3005 ut
887 2952 961 3006 ita
985 2953 1186 3019 dicam,
1227 2956 1440 3023 perdat,
1474 2973 1541 3010 tte
1572 2971 1658 3011 se-

62 3044 175 3100 mel
210 3044 512 3100 inclinetur
547 3055 642 3100 aut
681 3048 1080 3118 supplantetur.
1115 3047 1270 3113 Quod
1301 3047 1344 3101 si
1401 3046 1516 3101 fieri
1549 3063 1658 3103 non

57 3145 276 3205 potest,
314 3139 410 3192 sed
433 3137 678 3192 evenerit
700 3152 821 3193 eum
853 3140 1070 3202 cadere,
1108 3153 1212 3193 non
1231 3138 1409 3206 jaceat
1429 3147 1548 3208 post
1565 3154 1658 3193 ca-

55 3244 213 3292 snm,
269 3245 344 3283 ne
392 3237 792 3297 prosternatur,
846 3230 938 3283 sed
985 3238 1243 3298 exsurgat
1292 3238 1348 3284 et
1403 3230 1657 3285 emendet

49 3323 319 3388 culpam,
343 3331 606 3392 expurget
635 3322 966 3393 paenitentiae
987 3336 1098 3376 suae
1115 3319 1492 3377 satisfactione
1511 3335 1659 3376 com—

50 3417 332 3478 missum,
377 3431 442 3470 ne
477 3415 640 3469 etiam
679 3416 743 3469 de
773 3415 889 3483 ipso
924 3412 1218 3482 Apostolus
1258 3413 1406 3466 dicat
1434 3411 1482 3444 ’⁸
1517 3427 1532 3465 :

41 3508 277 3574 lugeam
336 3506 524 3560 multos
568 3521 631 3560 ea:
651 3505 732 3558 his
765 3506 854 3574 qui
899 3515 1018 3557 ante
1046 3514 1420 3573 peccauerunt,
1454 3515 1499 3556 et
1552 3519 1657 3557 non

39 3609 287 3669 egerunt
319 3601 677 3667 paenitentiam
703 3600 766 3651 de
794 3599 1133 3652 immunditia
1149 3605 1196 3649 et
1229 3597 1576 3665 fornicatione
1606 3607 1656 3650 et

1586 3411 1654 3464 Et

64 3692 417 3759 inpudicitia
455 3707 614 3760 quam
642 3699 933 3759 gesserunt.
964 3689 1144 3756 Quare
1175 3690 1336 3744 etiam
1367 3688 1657 3758 Apostolus

31 3783 326 3852 exempla
373 3781 668 3850 palaestrici
700 3782 887 3851 agonis
915 3781 1211 3851 assumpsit
1245 3797 1369 3836 cum
1398 3782 1530 3836 dicit
1558 3781 1604 3812 θ’
1637 3797 1650 3834 :

29 3876 232 3930 Nemo
280 3884 580 3928 coronatur
622 3875 727 3928 nisi
779 3875 869 3944 qui
909 3873 1137 3943 legitime
1196 3875 1498 3939 certaverit,
1553 3873 1652 3927 nisi

25 3971 170 4038 quia
223 3982 348 4022 tios
389 3968 531 4023 scire
565 3967 784 4021 volebat
823 3965 956 4035 legis
983 3965 1286 4019 certamina
1329 3975 1382 4019 et
1413 3966 1654 4032 agones?

16 4063 128 4133 qui
181 4073 250 4116 et
289 4061 369 4117 de
401 4061 581 4129 seipso
607 4060 682 4112 ait
709 4060 723 4089 ¹
761 4076 774 4110 :
816 4058 906 4112 Sic
941 4073 1138 4127 pugno,
1169 4073 1273 4110 non
1301 4058 1452 4126 quasi
1481 4074 1652 4111 aerem

18 4158 378 4211 verberans.
426 4153 491 4206 Et
544 4152 738 4206 iterum
767 4153 786 4182 ¹
819 4163 835 4201 :
868 4148 1144 4203 Certamen
1194 4150 1384 4202 bonum
1433 4151 1650 4204 certavi.

16 4245 178 4310 Quia
221 4257 380 4311 ergo
412 4249 690 4296 certamen
727 4237 884 4294 nobis
926 4248 1008 4292 est
1046 4249 1100 4292 et
1133 4253 1270 4309 agon
1306 4239 1650 4308 propositus,

16 4337 215 4388 etiam
267 4334 418 4403 legis
463 4347 688 4401 agonem
739 4344 901 4386 nosse
929 4330 1211 4385 debemus.
1258 4330 1400 4386 Sunt
1429 4333 1651 4388 athletae

17 4428 116 4496 ιιιε
157 4428 222 4480 in
257 4427 532 4480 omnibus
565 4424 958 4480 certaminibus
995 4425 1252 4489 vincunt,
1296 4433 1351 4479 et
1383 4425 1434 4478 itt
1468 4425 1652 4479 omni-

16 4537 129 4574 bus
168 4528 564 4573 coronantur.
589 4515 732 4572 lnter
758 4517 935 4587 paadas
967 4517 1217 4580 vincunt,
1255 4516 1397 4570 inter
1422 4517 1652 4587 agonios
1688 4534 1728 4588 ο
1761 4509 2031 4578 digentes,
2060 4509 2364 4568 tribulatos,
2415 4509 2464 4559 in
2495 4508 2725 4574 pellibus
2761 4509 3000 4575 caprinis
3042 4510 3330 4565 oberrasse

16 4613 320 4674 vincunt,
359 4611 500 4664 inter
529 4609 728 4664 andras
765 4609 1006 4662 vincunt.
1052 4607 1159 4660 Alii
1193 4607 1484 4663 vincuntur
1512 4608 1654 4662 inter

16 4706 282 4764 mdras,
335 4701 432 4756 sed
459 4709 792 4754 coronantur
812 4700 955 4753 inter
983 4699 1229 4768 agonios,
1260 4712 1654 4765 nonnunquam

16 4802 197 4854 ἰι-πη
237 4797 413 4850 inter
439 4793 638 4847 andras
667 4794 908 4846 vincunt.
946 4793 1087 4862 Ergo
1116 4790 1376 4858 aliquanti
1412 4804 1650 4858 semper,

16 4887 342 4960 .liqttanti
381 4886 621 4940 secundo
652 4884 732 4938 vel
777 4884 936 4937 tertio
968 4891 1322 4938 coronantur.
1357 4881 1517 4936 Certe
1551 4881 1654 4935 mi-

18 4997 223 5034 crum
272 4986 376 5030 est
407 4985 462 5029 et
491 4975 692 5028 ultimae
738 4974 1098 5039 infelicitatis,
1133 4974 1183 5026 in
1226 4972 1482 5028 omnibus
1518 4986 1648 5040 ago-

29 5073 192 5124 ibus
236 5077 382 5121 tatu
417 5067 583 5119 variis
624 5074 790 5134 atque
820 5064 1077 5128 diversis,
1127 5077 1192 5117 ne
1225 5079 1384 5117 unam
1429 5064 1648 5133 quidem

26 5156 383 5216 romercri
435 5170 711 5210 coronam.
765 5156 839 5209 Ita
890 5171 1021 5223 ergo
1063 5164 1116 5208 et
1147 5155 1513 5220 Christianus,
1565 5153 1649 5207 cui

16 5264 333 5305 ertansen
379 5256 456 5300 est
495 5263 596 5299 non
626 5247 874 5299 adversus
896 5262 1107 5300 carnem
1129 5255 1175 5299 et
1195 5247 1525 5314 sanguinem,
1557 5247 1646 5299 sed

16 5349 312 5399 dversus
342 5338 670 5406 principatus
694 5347 741 5390 et
776 5345 1079 5406 potestates,
1108 5347 1155 5390 et
1178 5337 1429 5390 adversus
1462 5338 1658 5398 princi-

16 5455 72 5490 rs
139 5433 373 5501 hujus
404 5430 586 5482 mundi
613 5429 946 5482 tenebrarum
987 5428 1200 5492 harum,
1228 5428 1478 5481 adversus
1504 5429 1661 5489 spiri-
1754 5425 1909 5494 pueri
1945 5431 2092 5490 sttnt,
2120 5433 2171 5478 et
2201 5423 2322 5476 aliis
2348 5423 2471 5492 quia
2504 5437 2687 5484 senes,
2712 5430 2764 5474 et
2783 5420 2904 5473 aliis
2931 5420 3054 5486 quia
3074 5417 3324 5488 juvenes,

16 5530 134 5582 ilia
196 5523 500 5593 nequitia:
527 5522 580 5576 in
609 5522 899 5576 celestibus
924 5522 966 5586 ³,
1007 5536 1130 5576 cum
1173 5531 1354 5577 tantos
1379 5521 1571 5575 habeat
1604 5529 1658 5574 et

16 5621 142 5674 IICS
183 5615 612 5676 adversarios,
649 5624 903 5680 tanquam
932 5613 1176 5683 agonista
1213 5612 1443 5683 vigilare
1471 5614 1652 5675 debet,

39 5715 102 5747 9"
141 5711 420 5768 Jerem.
453 5724 573 5773 vttt,
601 5708 652 5771 4,
682 5709 734 5764 5.

16 5786 31 5820 Ι
217 5779 249 5812 ὅ
297 5780 455 5820 Ιὶειιι-
494 5794 609 5820 xui.
706 5780 726 5810 ⁵

810 5710 854 5741 ⁸⁸
884 5707 924 5763 ΙΙ
952 5710 1075 5766 Cor.
1100 5725 1195 5771 xu,
1225 5709 1316 5765 2|.

217 5779 249 5812 ⁸⁵
296 5780 456 5832 Dan.
494 5794 611 5831 χιιι.
706 5780 726 5810 ⁵
759 5777 868 5832 Jer.
903 5795 938 5839 ι,
968 5779 1020 5830 7.
1125 5779 1296 5835 6Gen.
1331 5795 1456 5834 xxv.

402 5873 672 5932 Parnm"
704 5873 819 5933 Gn.
853 5874 990 5934 XII.

1391 5710 1436 5741 θ’
1465 5708 1505 5761 ΙΙ
1531 5709 1672 5763 Τίιιι.
1701 5723 1761 5770 11,
1797 5706 1849 5760 5.

1531 5781 1551 5812 ⁷
1576 5779 1714 5836 l’sal.
1746 5794 1933 5842 xxxvt,
1957 5776 2048 5830 25.

1762 578 1988 645 llixerit,
2011 591 2065 634 et
2097 584 2298 650 primas
2331 585 2473 640 inter
2502 588 2699 654 prodas,
2747 589 2797 642 id
2824 599 2906 645 est
2935 591 3073 646 inter
3110 606 3336 662 pueros,

1763 672 1947 725 statim
1973 674 2152 740 capiat
2177 689 2424 730 coronas.
2455 677 2548 732 Vis
2570 680 2666 733 tibi
2693 682 2979 736 ostendam
3007 684 3218 754 aliquos
3240 689 3330 752 qui

1764 761 1905 817 inter
1935 779 2153 832 pueros,
2192 767 2240 818 id
2264 777 2367 830 est,
2404 769 2453 822 in
2486 770 2663 838 primo
2699 774 2884 826 statim
2911 772 3050 829 lacte
3080 775 3334 831 coronati

1763 854 1927 908 sunt?
1957 854 2185 922 Respice
2234 856 2448 911 beatum
2485 860 2756 915 Danielem
2791 863 2832 927 ⁸,
2875 865 2964 931 qui
2998 881 3027 918 a
3069 882 3238 935 puero
3277 880 3332 922 et

1763 946 2065 1014 prophetia:
2095 947 2324 1015 gratiam
2355 951 2571 1013 meruit,
2607 960 2661 1005 et
2699 953 2912 1024 iniquos
2941 972 3174 1025 arguens
3205 974 3329 1027 pre-

1763 1036 2035 1104 sbyteros,
2062 1051 2196 1105 puer
2232 1054 2488 1092 coronam
2517 1041 2743 1108 jnstitim
2786 1055 2840 1098 et
2880 1049 3149 1105 castitatis
3194 1052 3330 1104 obti-

1765 1127 1900 1179 ttuit.
1933 1126 2022 1182 Vis
2055 1129 2145 1184 tibi
2173 1139 2228 1185 et
2248 1129 2410 1183 alium
2446 1132 2716 1200 proferant
2769 1134 2911 1189 inter
2943 1153 3141 1206 pueros
3171 1156 3330 1195 coro—

1763 1220 1983 1273 natum?
2007 1219 2298 1274 Jeremiam
2330 1221 2473 1288 vide,
2501 1224 2592 1291 qtti
2625 1240 2746 1278 cum
2779 1241 2838 1280 se
2879 1239 3098 1297 propter
3144 1232 3331 1286 adole-

1765 1311 2026 1363 scentiam
2063 1321 2351 1366 excusaret
2395 1327 2422 1364 a
2460 1315 2861 1380 prophetando,
2904 1320 3112 1374 audivit
3153 1337 3182 1373 a
3228 1324 3330 1376 Do-

1766 1401 1948 1455 mino"
1977 1419 1991 1454 :
2026 1401 2152 1456 Noli
2179 1404 2370 1467 dicere,
2399 1405 2523 1472 quia
2537 1406 2674 1460 Puer
2697 1423 2789 1476 ego
2820 1425 2956 1470 sum,
2977 1415 3227 1479 quoniam
3259 1417 3329 1467 ad

1763 1505 1938 1543 omnes
1957 1507 2286 1561 quoscunque
2303 1493 2504 1546 mittant
2522 1503 2593 1560 te,
2615 1496 2732 1559 ibis,
2748 1508 2795 1550 et
2811 1515 3130 1570 quwcunque
3149 1504 3331 1558 dixero

1764 1582 1872 1641 tibi,
1891 1582 2142 1653 loqueris.
2174 1585 2278 1639 Sed
2319 1585 2551 1641 fortasse
2592 1588 2792 1644 adulta:
2825 1591 2918 1646 tibi
2954 1592 3068 1661 jam
3103 1594 3217 1648 ista:
3247 1597 3329 1649 vi-

1764 1675 1996 1730 deantur
2024 1687 2233 1733 aetates.
2267 1677 2414 1732 Dabo
2445 1679 2537 1733 tibi
2571 1679 2825 1735 athletam
2867 1684 2957 1752 qui
2993 1694 3120 1740 ante
3160 1685 3334 1740 lucta-

1769 1775 1854 1821 tus
1877 1768 1966 1833 sit,
2001 1779 2054 1823 et
2085 1771 2275 1825 vicerit
2305 1773 2619 1841 priusquam
2652 1771 2795 1827 inter
2825 1776 3069 1831 homines
3090 1778 3333 1832 emiserit

1767 1861 1994 1930 vagitus.
2025 1860 2193 1917 Jacob
2224 1865 2399 1918 adhuc
2440 1865 2577 1919 intra
2620 1876 2832 1920 uterum
2876 1869 3067 1922 matris
3098 1884 3210 1924 sum
3241 1869 3330 1923 lu-

1763 1962 1938 2006 ctatus
1965 1967 2087 2007 cum
2130 1954 2300 2009 fratre
2342 1956 2505 2020 Esau,
2542 1957 2908 2026 supplantavit
2938 1974 3061 2013 eum
3091 1970 3146 2014 et
3177 1962 3326 2026 vicit,

1763 2058 1829 2098 ex
1861 2061 1966 2115 quo
1998 2056 2050 2100 et
2077 2047 2401 2116 supplantati
2446 2057 2500 2103 et
2527 2049 2722 2103 devicti
2761 2049 2949 2104 fratris
2993 2052 3333 2107 benedictio-

1765 2149 1862 2189 nes
1916 2136 2258 2204 primogeniti
2312 2152 2341 2189 a
2391 2147 2614 2206 parente
2662 2141 2969 2209 suscepit“.
2995 2141 3129 2195 Nam
3167 2151 3220 2197 et
3254 2144 3330 2196 illi

1764 2227 1916 2294 pueri
1956 2242 2084 2281 num
2125 2228 2220 2282 tibi
2255 2228 2512 2283 videntur
2544 2230 2593 2282 in
2622 2231 2813 2299 puerili
2845 2247 3018 2303 agone
3061 2237 3329 2298 coronati,

1763 2315 1854 2383 qui
1889 2318 2029 2386 apud
2061 2316 2375 2373 Bethlehem
2406 2334 2435 2372 a
2479 2320 2685 2374 bimatu
2719 2331 2776 2376 et
2817 2323 2954 2376 infra
2982 2338 3081 2393 pro
3114 2325 3330 2380 Domini

1765 2407 1983 2462 nomine
2014 2407 2248 2476 palmam
2281 2423 2476 2477 cepere
2515 2412 2799 2482 martyrii?
2838 2412 3002 2469 Vides
3029 2426 3232 2484 quanta
3278 2417 3330 2472 in

1764 2511 1966 2566 pueros
2009 2513 2334 2554 coronarum
2377 2499 2637 2556 habemus
2680 2506 2948 2574 exempla.
2996 2505 3123 2561 llaec
3162 2508 3229 2561 de
3268 2523 3334 2562 eo

1766 2588 1910 2657 quod
1946 2589 2300 2657 repetivimus
2343 2592 2731 2660 expositionem
2764 2596 3014 2650 versiculi
3057 2596 3198 2652 illius
3241 2599 3331 2667 qui

1763 2679 1896 2732 dicit
1926 2696 1939 2732 :
1975 2676 2106 2732 Cum
2136 2681 2400 2746 ceciderit,
2428 2698 2528 2733 non
2551 2684 3002 2749 prosternetur.Et
3031 2701 3199 2753 quare.
3227 2702 3330 2738 non

1763 2778 2164 2838 prosternatur,
2194 2772 2389 2839 adjecit
2420 2788 2640 2826 Causam
2661 2775 2878 2828 dicens:
2909 2775 3044 2839 Quia
3079 2776 3332 2830 Dominus

1763 2861 2038 2929 conﬁrmat
2082 2879 2294 2916 manum
2321 2864 2456 2932 ejus.
2487 2864 2551 2917 Et
2581 2865 2700 2918 vide
2739 2880 2898 2933 quam
2940 2879 3335 2934 consequenter

1762 2951 1830 3006 de
1865 2953 2092 3022 singulis
2123 2953 2253 3007 dicit
2277 2953 2385 3010 :Ne
2417 2955 2598 3019 cadat,
2628 2955 2906 3022 Dominus,
2957 2958 3150 3027 inquit,
3183 2973 3336 3027 gres-

1764 3058 1855 3098 sus
1888 3044 2004 3111 ejus
2033 3045 2261 3116 dirigit;
2293 3047 2335 3099 si
2373 3055 2560 3100 autem
2604 3047 2898 3112 ceciderit,
2933 3064 3036 3102 non
3089 3061 3331 3118 proster-

1763 3134 1949 3188 nitur:
1985 3134 2268 3201 Dominus,
2296 3137 2493 3205 inquit,
2527 3137 2705 3191 firmat
2739 3154 2957 3193 manum
2989 3141 3124 3210 ejus.
3176 3141 3334 3198 Vides

1766 3241 1895 3295 ergo
1922 3227 2048 3296 quia
2085 3225 2296 3281 Domini
2333 3242 2548 3294 semper
2579 3227 2783 3282 auxilio
2807 3229 3128 3299 indigemus.
3148 3231 3332 3288 Primo

1766 3332 1832 3373 ne
1863 3319 2162 3373 cadamus:
2199 3327 2309 3372 tum
2335 3318 2529 3373 deinde
2563 3318 2729 3373 etiam
2775 3319 2818 3374 si
2854 3321 3240 3388 ceciderimus,
3273 3333 3334 3381 ut

1765 3423 2134 3486 resurgamus.

1834 3499 1888 3556 5.
1919 3497 2135 3552 Jurenis
2167 3499 2247 3568 fui
2269 3511 2314 3553 et
2340 3500 2508 3562 senui,
2555 3508 2604 3554 et
2640 3517 2742 3554 non
2771 3503 2872 3556 vidi
2903 3503 3108 3572 justum
3138 3506 3331 3559 dereli-

1763 3598 1927 3654 ctum,
1959 3607 2049 3643 nec
2074 3607 2246 3644 semen
2269 3590 2382 3658 ejus
2416 3607 2656 3660 quwrens
2677 3609 2886 3660 panem.
2914 3594 3041 3648 Tota
3059 3598 3143 3650 die
3171 3599 3330 3652 mise-

1764 3692 1908 3736 retur
1948 3693 1995 3736 et
2030 3683 2254 3748 fenerat,
2287 3695 2332 3735 el
2355 3699 2528 3736 semen
2569 3683 2681 3752 ejus
2722 3686 2774 3737 in
2798 3686 3149 3742 benedictione
3172 3689 3332 3745 erit’.

1763 3772 1864 3839 Qui
1894 3773 2211 3842 simpliciter
2241 3775 2430 3828 dicunt
2459 3785 2513 3830 et
2541 3777 2841 3829 secundum
2872 3776 3156 3831 historiam
3190 3782 3334 3834 acci-

1762 3864 1960 3934 pienda
2008 3879 2129 3918 esse
2163 3864 2324 3919 verba
2367 3863 2661 3933 Scriptura:
2705 3865 2903 3920 divina:
2931 3905 2946 3930 ,
2983 3867 3175 3928 dicent
3217 3869 3333 3922 sine

1765 3956 1928 4010 dubio
1982 3956 2033 4008 in
2088 3956 2208 4010 loco
2259 3955 2589 4012 confirmare
2645 3957 2836 4020 David,
2869 3959 2997 4026 quia
3061 3969 3332 4014 transacta

1760 4057 1920 4102 atate
1940 4047 2245 4117 juventutis
2273 4063 2383 4101 sure
2413 4062 2536 4101 cum
2570 4049 2680 4117 jam
2719 4062 2890 4117 usque
2933 4051 2999 4102 ad
3032 4053 3334 4107 senectutis

1760 4156 1872 4197 sua).
1893 4151 2098 4210 tempus
2124 4141 2381 4202 venisset,
2413 4142 2464 4193 in
2499 4141 2644 4193 omni
2672 4141 2771 4195 hoc
2795 4151 3036 4210 tempore
3060 4160 3331 4213 nunquam

1761 4249 1819 4289 se
1842 4234 2047 4288 vidisse
2084 4232 2156 4286 ita
2185 4232 2384 4300 justum
2418 4232 2738 4287 derelictum
2777 4245 2836 4287 ut
2868 4237 3096 4302 panibus
3121 4237 3330 4306 indigeo

1764 4334 1862 4379 ret.
1903 4325 1966 4378 Et
1991 4324 2116 4392 quid
2151 4323 2379 4378 facimus
2407 4323 2470 4376 de
2508 4322 2675 4377 Paulo
2717 4327 2960 4391 apostolo
2990 4326 3030 4392 ⁸,
3064 4329 3153 4394 qui
3199 4345 3335 4382 cnu-

1762 4432 1974 4472 merans
1997 4425 2049 4470 et
2073 4431 2352 4485 exponens
2390 4415 2778 4484 prophetarum
2815 4418 2953 4471 vitas
2981 4419 3222 4474 dicileos
3249 4422 3325 4474 in-

1764 4616 1861 4670 per
1903 4613 2169 4654 cavernas
2209 4608 2507 4666 petrarum,
2558 4606 2610 4651 et
2673 4612 2766 4665 per
2815 4598 3148 4666 Speluncas:
3182 4603 3331 4656 etde

1761 4692 1941 4761 seipso
1996 4703 2429 4746 commemorans
2486 4688 2799 4756 frequenter
2855 4689 3018 4754 dicit,
3075 4691 3128 4744 in
3186 4692 3330 4746 fame

1760 4793 1814 4838 et
1873 4784 1962 4839 siti
2022 4780 2073 4834 '?
2127 4783 2192 4837 Et
2248 4797 2371 4837 cum
2441 4781 2556 4834 hazc
2613 4783 2724 4850 pati
2772 4783 2948 4851 justus
3019 4784 3329 4854 frequenter

1761 4875 2168 4946 Scripturarum
2249 4874 2494 4929 historiis
2561 4889 2988 4944 cognoscamus,
3060 4879 3328 4945 quomodo

1759 4984 1904 5023 nunc
1945 4968 2237 5036 putandum
2293 4968 2512 5021 esthoc
2565 4968 2734 5022 David
2799 4968 2979 5020 dicere
3031 4969 3322 5022 secundum

1759 5057 2058 5126 simplicem
2123 5055 2499 5110 intellectum?
2561 5057 2666 5110 Sed
2731 5057 3010 5110 videamus
3061 5072 3128 5109 ne
3190 5057 3327 5110 forte

1761 5149 1870 5202 sint
1901 5149 2094 5215 aliquae
2123 5157 2311 5201 tetates
2341 5147 2618 5202 interioris
2663 5149 2897 5202 hominis
2929 5147 3120 5213 nostri,
3161 5149 3228 5199 ad
3258 5148 3327 5200 si-

1763 5238 2122 5308 militudinem
2151 5237 2436 5291 exterioris
2462 5246 2517 5290 et
2543 5237 2844 5306 corporalis
2876 5236 3070 5289 aetatis.
3105 5235 3254 5290 Unde
3274 5246 3328 5289 et

1757 5330 2031 5386 interdum
2063 5330 2130 5383 ad
2167 5330 2311 5383 viros
2344 5329 2454 5397 jam
2491 5338 2700 5382 ntatura
2724 5336 2886 5380 aetate
2931 5327 3151 5393 dicitur,
3196 5327 3322 5396 quia

1753 5529 1807 5574 et
1822 5520 1938 5573 haec
1962 5518 2147 5585 utique
2175 5516 2280 5570 dici
2305 5517 2371 5570 de
2401 5514 2670 5583 corporali
2699 5522 2862 5566 aetate
2905 5525 3010 5564 non
3042 5510 3320 5564 convenit.

1757 5610 1998 5678 Denique
2045 5624 2167 5664 cum
2208 5607 2424 5678 plurimi
2462 5616 2591 5659 ante
2634 5603 2910 5657 Abraham
2950 5610 3234 5655 sexcentos
3271 5611 3320 5655 et

1929 5707 1946 5736 ί
1977 5705 1992 5758 Ι
2028 5705 2148 5760 Cor.
2183 5718 2259 5763 ιιι,
2293 5702 2382 5757 26.
2424 5705 2444 5734 ³
2476 5703 2513 5755 ΙΙ
2544 5701 2687 5755 Tim.
2723 5715 2797 5762 tv,
2829 5700 2884 5753 7.
2959 5699 2980 5728 ³
3017 5697 3213 5767 Epltcs.
3253 5715 3323 5765 vt,

2121 5776 2140 5805 ⁸
2174 5775 2337 5830 Hebr.
2375 5788 2446 5825 ιιι.
2523 5774 2541 5802 ⁸
2581 5770 2619 5823 ll
2650 5773 2773 5826 Cor.
2816 5787 2888 5825 xt.

2933 5863 3010 5921 h3
