3808 6498
563 357 702 416 1335

1968 352 2055 411 εχ
2093 353 2394 413 ORLGENE
3553 384 3632 443 ,ελ

560 482 906 553 quingentos,
932 489 989 535 ut
1011 480 1289 536 minimum
1322 487 1593 535 trecentos
1623 496 1797 537 annos
1834 480 2133 543 vixissent,
2164 483 2209 538 Α
2241 476 2470 546 relinqui
2500 490 2529 531 a
2554 474 2667 532 Deo
2699 476 2976 545 putandus
3020 486 3103 534 est
3141 478 3318 551 justus,
3341 500 3439 545 cum
3472 503 3631 567 25mm

558 576 627 628 de
660 574 806 627 nullo
838 573 1054 627 illorum
1090 574 1293 627 dictum
1328 584 1432 642 est,
1466 577 1594 646 quia
1641 574 1828 630 senior
1856 582 1911 629 et
1938 571 2129 642 plenus

558 665 773 719 dierum
807 663 991 728 fuerit,
1024 663 1125 718 nisi
1172 664 1441 719 Abraham
1478 665 1864 719 tantummodo.
1901 665 1975 718 Ex
2020 677 2129 732 quo

554 752 717 824 673
743 754 1147 823 intelligendum
1176 756 1434 821 est,quod
1452 770 1554 810 non
1580 756 1645 810 de
1671 762 1831 809 aetate
1862 754 2126 823 corporis,

555 850 649 901 sed
699 847 767 901 de
814 846 1127 902 maturitate
1191 846 1466 902 interioris
1506 847 1744 902 hominis
1784 846 2126 916 designatum

555 946 658 993 est.
679 936 832 993 Unde
854 945 909 992 et
937 952 1038 992 nos
1066 946 1255 1006 optare
1279 937 1536 993 debemus
1559 954 1665 993 non
1691 953 1787 1008 pro
1816 946 1975 992 aetate
2005 952 2125 990 cor-

553 1029 723 1098 poris,
751 1043 923 1099 neque
944 1045 1041 1099 pro
1066 1028 1241 1083 oﬂicio
1274 1030 1591 1100 presbyterii
1619 1029 1876 1099 appellari
1904 1027 2127 1097 presby-

556 1122 657 1176 teri
688 1133 743 1177 et
771 1123 1034 1185 seniores,
1060 1121 1152 1176 sed
1183 1136 1281 1190 pro
1316 1122 1594 1177 interioris
1628 1120 1859 1176 hominis
1883 1121 2123 1189 perfecto

551 1228 713 1268 sensu
763 1224 817 1269 et
868 1215 1141 1285 gravitate
1186 1213 1539 1278 constantiae,
1575 1212 1711 1267 sicut
1749 1220 1803 1266 et
1848 1211 2121 1266 Abraham

550 1307 848 1377 appellatus
894 1316 979 1361 est
1014 1305 1294 1376 presbyter
1326 1306 1563 1359 nutritus
1599 1304 1653 1358 in
1709 1314 1988 1360 senectute
2033 1307 2125 1360 bo-

551 1416 617 1453 na
654 1400 717 1452 η.
755 1396 850 1453 Est
900 1412 1030 1468 ergo
1077 1406 1208 1451 astas
1245 1396 1424 1465 aliqua
1462 1396 1756 1450 secundum
1812 1396 2122 1451 interiorem

550 1495 823 1550 hominem
858 1494 1106 1564 puerilis,
1136 1501 1218 1547 est
1262 1501 1318 1547 et
1348 1501 1478 1546 tetas
1510 1491 1791 1560 juvenilis,
1826 1502 1911 1546 est
1954 1504 2008 1547 et
2039 1508 2124 1548 se-

548 1589 676 1644 nilis
726 1589 1022 1644 secundum
1074 1588 1216 1657 quod
1267 1586 1555 1654 Apostolus
1609 1586 1821 1641 dicebat
1851 1586 1938 1639 υτ
1990 1585 2122 1640 Cum

548 1690 712 1729 essent
757 1674 1027 1739 paruulus,
1072 1675 1321 1745 loquebar
1354 1686 1409 1730 ut
1442 1675 1714 1742 parvulus,
1751 1676 2015 1744 sapiebam
2067 1686 2119 1728 ut

547 1765 822 1835 parvulus,
855 1766 1144 1835 cogitabam
1174 1777 1228 1819 ut
1260 1766 1508 1834 parvulus
1541 1782 1562 1831 ;
1594 1782 1711 1819 cum
1740 1776 1913 1820 autem
1950 1767 2117 1835 factus

546 1873 663 1912 sum
688 1859 782 1919 uir,
829 1858 1073 1911 evacuavi
1118 1874 1236 1927 qua:
1275 1868 1423 1912 erant
1478 1859 1703 1927 parvuli.
1761 1858 1871 1927 Ego
1909 1859 2023 1913 lnec
2054 1860 2121 1912 ab

546 1948 802 2018 Apostolo
837 1962 943 2001 non
974 1949 1039 2002 de
1076 1949 1346 2017 corporali
1393 1958 1553 2004 zetate
1594 1950 1699 2005 dici
1737 1949 2002 2020 intelligo,
2028 1951 2121 2005 sed

546 2041 798 2110 quoniam
824 2054 947 2093 cum
971 2040 1025 2093 in
1055 2039 1209 2094 initio
1231 2040 1582 2107 credidisset,
1607 2040 1709 2094 fuit
1733 2039 1989 2108 parvulus
2025 2056 2121 2094 nu-

543 2147 642 2202 per
667 2133 918 2201 geuitus,
959 2133 1284 2189 rationabile
1328 2144 1383 2189 et
1424 2135 1544 2190 sine
1591 2135 1712 2190 dolo
1740 2135 1823 2189 lac
1866 2136 2122 2205 concupi-

544 2237 705 2278 scens
736 2225 804 2290 ¹¹,
840 2234 967 2279 tunc
1007 2225 1347 2295 intelligebat
1388 2226 1703 2297 Scripturas
1736 2236 1794 2282 ut
1838 2228 2119 2298 parvulus,

544 2313 787 2379 sapiebat
813 2316 878 2367 tle
906 2313 1199 2384 Evangelio
1235 2325 1294 2370 ιιι
1320 2316 1598 2385 parvulus,
1623 2318 1895 2387 cogitabat
1920 2327 1978 2373 ut
1999 2334 2122 2388 par-

542 2407 734 2473 vulus;
768 2408 865 2461 sed
906 2418 1025 2475 post
1074 2408 1191 2461 htec
1240 2408 1531 2475 proficiens
1567 2419 1726 2465 :etate
1768 2411 1833 2465 ad
1877 2411 2123 2467 similitu-

542 2500 721 2556 dinem
747 2501 955 2557 Christi
983 2504 1047 2556 de
1077 2518 1185 2570 quo
1217 2503 1481 2571 scriptum
1527 2514 1611 2558 est
1642 2504 1685 2535 “
1714 2506 1839 2572 quia
1867 2506 2123 2574 Proﬁcie-

543 2596 630 2647 bat
653 2602 807 2647 wtale
839 2605 885 2648 et
926 2594 1186 2661 sapientia
1219 2604 1264 2647 et
1316 2598 1485 2664 gratia
1527 2596 1667 2663 apud
1698 2595 1861 2649 Deum
1898 2605 1948 2650 et
1978 2598 2120 2664 apud

539 2686 800 2747 homines,
822 2685 1124 2755 deponebat
1155 2701 1274 2755 qure
1296 2695 1453 2740 erant
1487 2687 1697 2755 parvuli
1720 2698 1803 2741 :et
1833 2698 2116 2755 propterea

542 2774 680 2829 dixit
708 2774 773 2840 ¹¹⁵,
797 2775 924 2831 Cum
969 2774 1145 2843 [actus
1186 2791 1301 2827 sum
1350 2777 1449 2838 vir,
1482 2792 1598 2841 qua’
1631 2776 2000 2842 parvulierant
2030 2779 2121 2831 de-

541 2867 713 2937 posui.
752 2865 827 2919 Ita
861 2880 994 2935 ergo
1027 2865 1408 2934 intelligendus
1442 2876 1525 2920 est
1556 2866 1720 2920 etiam
1761 2865 1929 2919 David
1967 2867 2120 2921 dice-

541 2972 604 3013 re
632 2959 697 3024 ",
721 2958 935 3015 Iuvenis
958 2958 1037 3027 fui
1060 2968 1105 3011 et
1138 2958 1329 3022 senui;
1359 2966 1417 3011 ut
1459 2959 1505 3012 si
1537 2958 1762 3024 diceret,
1779 2960 1910 3017 Cum
1943 2973 2115 3013 essem

542 3050 797 3119 parvulus
828 3051 1123 3106 secundum
1158 3050 1472 3103 interiorem
1511 3048 1808 3113 hominem,
1838 3066 1979 3105 nunc
2005 3050 2115 3118 jam

2234 568 2479 639 corporis
2520 568 2896 631 advenit,cum
2930 569 3216 637 tribulatio,
3244 591 3348 631 cum
3382 595 3632 653 pauperi,“e1

2232 660 2457 730 singulae
2496 674 2725 731 quaeque
2767 659 2925 727 hujus
2960 661 3084 715 vitae
3125 664 3353 722 molestia:
3385 686 3630 739 generum;

2233 755 2349 809 haec
2362 753 2596 808 maxime
2609 751 2772 817 justis
2789 752 3038 808 accidere
3058 753 3631 836 solenl,qttibuselperm

2233 846 2434 901 tionem
2466 846 2573 914 pati
2610 861 2710 914 pro
2740 845 2958 900 nomine
2990 845 3083 901 Dei
3138 848 3350 907 solemne
3383 867 3463 921 est,
3496 868 3631 923 sean

2230 938 2676 1008 derelinquuntnr
2704 954 2826 993 cum
2863 938 3131 1007 patientes
3175 940 3281 997 haec
3310 951 3455 1003 omnia
3491 966 3526 1008 et
3559 964 3631 1015 loie.

2230 1037 2413 1085 rantes
2461 1030 2649 1084 dicunt
2676 1031 2740 1083 ης
2779 1029 2948 1085 Nemo
2992 1045 3089 1085 nos
3139 1036 3378 1100 separabit
3412 1056 3435 1093 a
3472 1046 3632 1107 charum

2230 1119 2344 1184 Dei,
2371 1134 2490 1188 quae
2521 1128 2604 1174 est
2640 1120 2692 1173 iu
2732 1119 2953 1176 Christo
2981 1118 3136 1185 Jesu,
3170 1137 3329 1194 neque
3349 1131 3566 1203 tribulatio,
3587 1160 3635 1197 τε.

2227 1224 2333 1279 que
2375 1213 2566 1274 fames,
2612 1226 2787 1281 neque
2831 1214 3105 1280 angustia,
3141 1230 3301 1284 neque
3340 1222 3633 1300 Dlldllls,n“qn¢

2227 1302 2474 1372 gladius,
2509 1318 2684 1373 neque
2734 1305 2982 1374 altitudo,
3033 1324 3203 1380 neque
3243 1313 3635 1389 profundum,qu

2227 1393 2331 1447 alia
2360 1405 2633 1448 creatura.
2683 1395 2926 1465 Denique
2978 1402 3250 1469 prophetze
3272 1404 3330 1469 ",
3357 1406 3430 1472 qui
3453 1407 3636 1465 circvil-aut

2227 1482 2281 1536 in
2320 1484 2540 1540 deserto
2590 1500 2689 1554 per
2741 1503 3001 1544 cavernas
3054 1500 3317 1559 petrarum
3362 1502 3407 1548 et
3446 1499 3633 1563 speluncas.

2224 1584 2467 1643 egentes,
2498 1576 2765 1641 tribulati,
2800 1579 3010 1647 amicti,
3060 1582 3185 1636 licet
3216 1583 3265 1637 in
3298 1585 3483 1641 desertis
3510 1590 3637 1643 Ollt‘m-

2224 1676 2367 1733 rent,
2412 1675 2464 1723 et
2495 1679 2677 1723 essent
2724 1670 2793 1724 ab
2842 1672 3153 1727 hominibus
3201 1674 3428 1739 derelicti,
3464 1680 3638 1735 multitudo

2229 1764 2407 1812 tamen
2439 1772 2534 1813 eos
2556 1760 2868 1831 angelorum
2892 1762 3277 1819 circumdabat.
3306 1765 3383 1820 Sic
3404 1768 3565 1837 denique
3583 1773 3638 1824 Ui-

2226 1865 2367 1906 saeus
2394 1866 2518 1906 cum
2548 1856 2709 1907 esset
2757 1853 2825 1908 ab
2868 1855 3179 1910 hominibus
3217 1856 3477 1924 derelictus,
3516 1863 3636 1916 reirei

2226 1942 2671 1999 circumdabatttr
2707 1948 2972 2010 exercitu,
3019 1949 3304 2003 secundum
3336 1953 3451 2018 quod
3483 1956 3637 2023 δαὶρὶιε

2222 2036 2567 2105 est“:Aperi
2592 2039 2777 2093 oculos
2803 2041 2953 2108 pueri
2984 2040 3167 2107 hujus,
3194 2051 3248 2094 ut
3268 2041 3419 2095 videat
3437 2045 3639 2113 quiaplue

2224 2126 2505 2181 nobiscum
2532 2136 2656 2181 sunt
2679 2144 2841 2199 quam
2874 2145 2995 2185 cum
3026 2131 3153 2186 illis.
3184 2131 3247 2185 Et
3277 2133 3393 2188 vidit
3417 2143 3540 2189 totum
3556 2154 3639 2191 non.

2224 2225 2332 2271 tem
2373 2218 2646 2287 equitibus
2672 2230 2725 2275 et
2766 2222 3019 2277 curribus
3074 2223 3308 2292 plenum.
3329 2222 3542 2293 Nunquam
3560 2242 3637 2281 eam

2222 2308 2368 2365 solus
2404 2320 2487 2364 est
2505 2309 2707 2379 justus,
2736 2312 2829 2366 sed
2863 2326 2931 2368 ne
2956 2313 3121 2368 unius
3148 2314 3371 2381 quidem,
3397 2324 3472 2369 aut
3492 2318 3640 2371 duorm.

2222 2402 2303 2456 vel
2327 2406 2485 2457 trium
2513 2405 2886 2460 tantummodo
2908 2405 3223 2477 angelorum
3244 2407 3469 2462 societate
3486 2410 3641 2465 satisan

2220 2503 2326 2556 est,
2346 2494 2438 2548 sed
2473 2497 2746 2550 exercitus
2767 2496 2816 2551 ei
2836 2497 3098 2551 virtutum
3131 2498 3411 2553 cmlestium
3436 2514 3641 2567 prastost

2221 2583 2376 2651 Quod
2407 2585 2453 2641 si
2497 2586 2743 2654 pluribus
2787 2587 2965 2644 adhuc
3005 2589 3324 2645 testimoniis
3362 2605 3473 2659 opus
3493 2603 3561 2655 est,
3582 2609 3641 2645 sui

2221 2676 2341 2744 cipe
2388 2684 2442 2732 et
2488 2677 2653 2732 aliud.
2688 2677 2854 2734 Jacob
2882 2680 3120 2749 quandiu
3164 2691 3283 2736 erat
3323 2682 3370 2736 in
3402 2683 3642 2752 domopam-

2221 2775 2333 2821 tmn
2360 2777 2556 2825 etcum
2586 2767 2754 2825 fratre
2788 2769 2951 2837 Esau,
2994 2788 3100 2827 non
3136 2784 3383 2829 eratcum
3408 2775 3643 2827 exercitua-

2220 2860 2462 2930 gelorum
2495 2877 2510 2913 :
2540 2876 2662 2914 cum
2695 2875 2827 2917 vero
2869 2864 3189 2918 secessisset
3229 2864 3293 2918 ad
3314 2864 3577 2919 solitudinem
3597 2866 3646 2915 tlt-

2219 2952 2372 3017 serti,
2390 2960 2447 3005 et
2464 2951 2611 3007 solus
2635 2952 2738 3007 iter
2752 2963 2939 3023 ageret
2963 2954 3027 3008 ad
3057 2954 3646 3024 Mesopotamiamdonnint

2220 3041 2274 3096 in
2308 3041 2423 3097 loco
2458 3043 2715 3111 quodam,
2737 3052 2790 3097 et
2821 3059 3124 3115 exsurgens
3147 3047 3279 3102 dicit
3302 3047 3415 3116 quia
3440 3052 3648 3101 vocaturi}:

541 3142 716 3197 senui.
754 3141 868 3197 Nisi
929 3144 1075 3196 enim
1128 3141 1422 3204 senuisset,
1478 3141 1738 3208 propheta
1795 3158 1900 3196 non
1951 3153 2113 3198 esset.
2145 3153 2190 3213 ο
2220 3133 2372 3188 10008
2394 3134 2707 3205 παρεμϐολή
2731 3176 2747 3201 ο
2779 3137 2925 3206 quod
2959 3147 3043 3192 est
3074 3147 3291 3203 castra,
3326 3142 3647 3208 pmeoqtudte

542 3233 786 3304 Namque
819 3248 1012 3288 senum
1040 3242 1122 3287 est
1152 3233 1497 3302 prophetare.
1532 3231 1759 3286 Etiamsi
1807 3234 1991 3289 videas
2018 3232 2120 3289 ali-

542 3326 764 3398 quando
787 3326 1039 3392 juvenem
1074 3326 1511 3395 prOpItetantem,
1560 3340 1666 3377 non
1699 3325 1910 3380 dubites
1938 3327 2120 3383 dicere

543 3418 610 3473 de
628 3431 724 3482 eo,
750 3416 875 3485 quia
919 3416 1218 3470 secundum
1256 3414 1571 3468 interiorem
1614 3415 1886 3469 hominem
1917 3417 2118 3482 senuit,

545 3518 831 3578 propterea
862 3507 1124 3576 propheta
1154 3517 1237 3559 est
1270 3523 1283 3559 :
1312 3504 1547 3573 denique
1587 3502 1851 3559 Jerentias
1875 3521 1997 3559 cum
2022 3523 2120 3561 au-

544 3593 1194 3666 divisset“:Priusquam
1220 3604 1267 3648 te
1300 3600 1616 3663 plasmarem
1647 3596 1701 3648 in
1738 3606 1885 3650 utero
1911 3596 2116 3661 novite,

543 3695 593 3742 et
621 3696 899 3758 antequam
939 3686 1111 3740 exires
1156 3687 1226 3739 de
1265 3686 1414 3740 uulua
1452 3685 1781 3753 sanctiﬁcavi
1809 3697 1878 3751 te,
1920 3698 1968 3741 et
1997 3705 2118 3757 pro-

543 3780 753 3847 phetam
802 3779 858 3831 in
892 3777 1131 3846 gentibus
1170 3776 1271 3845 feci
1305 3784 1375 3840 te,
1421 3778 1701 3846 respondit
1738 3778 1863 3846 quia
1902 3779 2116 3835 Iuvenis

546 3886 639 3938 ego
661 3884 776 3922 sum
814 3878 859 3921 et
903 3866 1076 3920 nescio
1105 3864 1265 3934 loqui.
1303 3864 1408 3919 Sed
1433 3865 1522 3920 ille
1553 3866 1643 3933 qui
1672 3866 1720 3919 ei
1745 3867 1962 3921 donavit
1990 3884 2116 3939 grac

542 3959 674 4012 tiam
703 3964 888 4009 utnon
927 3964 1072 4009 esset
1110 3969 1267 4021 puer,
1297 3953 1390 4007 sed
1436 3964 1583 4007 esset
1611 3958 1795 4009 senior
1816 3960 2113 4012 secundum

543 4046 852 4098 interiorem
873 4044 1167 4106 hominem,
1192 4042 1266 4094 ait
1293 4042 1358 4096 ad
1382 4057 1505 4097 eum
1520 4043 1561 4075 "'
1588 4059 1602 4095 :
1628 4043 1751 4097 Noli
1774 4046 1968 4112 dicere,
1991 4050 2114 4116 quia

533 4134 743 4189 Iuvenis
771 4150 864 4203 ego
894 4150 1027 4189 sum.
1056 4132 1306 4201 Alioquin
1339 4134 1443 4188 nisi
1475 4135 1588 4187 haec
1616 4133 1687 4187 ita
1721 4134 2108 4205 intelligantur,

541 4228 672 4299 qttid
699 4225 922 4282 habebit
976 4224 1205 4280 rationis
1237 4236 1296 4277 ut
1326 4224 1538 4279 dicatur
1563 4240 1751 4295 puero,
1780 4227 1932 4296 cujus
1983 4238 2114 4285 actas

534 4318 790 4388 juvenilis
826 4325 877 4373 et
907 4313 1211 4379 rudis,Noli
1237 4316 1429 4382 dicere,
1453 4316 1577 4384 quia
1595 4317 1799 4371 Juvenis
1822 4334 1916 4388 ego
1944 4336 2057 4373 sum
2088 4323 2114 4377 2

537 4412 642 4466 hoc
676 4419 760 4465 est
802 4410 1009 4473 dicere,
1048 4422 1153 4462 non
1193 4406 1347 4461 dicas
1377 4407 1520 4475 quod
1549 4421 1733 4461 verum
1764 4417 1867 4463 est.
1890 4406 2112 4465 Juvenis

2221 3223 2293 3277 dit
2327 3224 2400 3277 ibi
2431 3238 2536 3279 non
2563 3240 2751 3289 unum,
2796 3228 2889 3281 sed
2940 3226 3092 3296 plura
3141 3237 3319 3283 castra
3351 3227 3449 3284 Dei.
3476 3228 3561 3283 llrc
3582 3230 3651 3281 diu.

2220 3328 2339 3367 mus
2360 3314 2427 3369 de
2460 3328 2524 3367 eo
2552 3315 2695 3384 quod
2741 3330 3081 3386 nequaquam
3110 3317 3294 3385 justus
3318 3320 3488 3374 dicitur
3515 3322 3650 3373 deicia-

2217 3400 2331 3470 qui,
2367 3401 2417 3455 iu
2451 3402 2783 3470 spiritalibus
2814 3404 3079 3459 duntaxat
3112 3406 3289 3461 bouis.
3320 3406 3373 3462 lu
3411 3408 3653 3477 corpoan

2216 3495 2361 3549 enim
2398 3495 2521 3550 vide
2547 3497 2679 3566 quid
2699 3496 2881 3565 justus
2906 3498 3067 3566 dixit,
3092 3500 3148 3555 in
3183 3501 3375 3571 quibus
3396 3503 3522 3557 etiam
3542 3506 3652 3569 gloria-

2220 3592 2306 3637 tur
2335 3601 2350 3641 :
2387 3583 2562 3655 Usque
2587 3587 2656 3639 ad
2686 3587 2843 3655 hanc,
2876 3590 3051 3656 inquit
3074 3595 3144 3660 ”,
3176 3598 3359 3647 norant
3381 3606 3421 3649 et
3442 3596 3653 3649 essriuuit

2216 3677 2442 3742 sitimus,
2470 3688 2516 3731 et
2540 3681 2668 3731 nudi
2686 3696 2888 3747 sumus,
2921 3693 2969 3736 et
2998 3684 3239 3753 colaphis
3271 3686 3510 3750 cladium,
3534 3688 3653 3739 etuti-

2218 3783 2396 3822 rantus
2420 3781 2689 3839 operantes
2732 3774 2999 3829 manibus.
3035 3773 3101 3831 Et
3137 3778 3338 3833 iterum
3382 3780 3421 3810 ³⁸
3446 3796 3461 3834 :
3486 3777 3654 3831 latitia-

2216 3875 2336 3931 mur
2361 3870 2410 3912 et
2452 3861 2827 3926 benedicimus,
2852 3868 3274 3933 persecutionem
3288 3871 3498 3939 patiatur
3520 3872 3654 3923 cimit-

2216 3964 2418 4016 nemus,
2474 3951 2821 4020 blasphemati
2870 3958 3240 4026 deprecamur.
3269 3961 3372 4016 Sed
3399 3962 3588 4031 quoniam
3606 3961 3655 4011 iste

2219 4039 2340 4095 talis
2370 4056 2473 4096 non
2510 4043 2921 4113 relinquebatur
2966 4049 3182 4117 spiritu,
3218 4051 3425 4107 dicebat
3443 4051 3657 4115 ":Prirsn

2213 4132 2351 4200 quod
2376 4132 2557 4201 placeo
2592 4136 2721 4190 mihi
2749 4135 2804 4189 in
2844 4137 3250 4205 infirmitatibus
3291 4142 3432 4207 meis,
3456 4142 3656 4208 lliljm’h

2212 4223 2269 4275 in
2291 4225 2702 4290 necessitatibus,
2727 4227 2781 4280 in
2812 4232 3290 4296 persecutionibus,
3314 4234 3367 4287 in
3403 4235 3596 4303 argutiis
3611 4248 3657 4295 rt

2214 4310 2445 4369 Christo.
2478 4313 2778 4385 Dupliciter
2802 4332 2936 4389 ergo
2963 4319 3387 4391 derelinquitur,
3421 4323 3497 4393 qui
3524 4320 3656 4375 clude

2215 4404 2419 4473 quitur.
2456 4405 2825 4475 Corporaliter
2873 4410 3090 4479 quidem
3136 4413 3245 4467 hoc
3289 4415 3457 4476 modo,
3480 4425 3659 4481 quam»

539 4513 668 4569 ergo
691 4507 811 4553 erat
837 4499 1136 4553 secundum
1167 4505 1383 4550 aetatem
1421 4495 1670 4564 corporis
1694 4513 1708 4549 :
1729 4498 1824 4552 sed
1853 4500 2107 4568 quoniam
2139 4497 2187 4555 D
2217 4496 2329 4551 rius
2356 4496 2592 4552 diximus
2634 4499 2745 4568 pati
2776 4514 2968 4556 omnes
2998 4513 3246 4569 sanctos,
3289 4514 3343 4559 et
3376 4520 3469 4559 non
3488 4505 3582 4556 ladi.
3605 4502 3658 4552 lle-

542 4588 807 4644 Dominus
853 4588 1080 4643 dederat
1128 4587 1291 4639 verba
1355 4600 1450 4640 sua
1492 4585 1547 4639 in
1579 4600 1674 4639 ore
1722 4587 1857 4657 ejus,
1916 4588 2112 4658 quibus

540 4683 844 4737 eradicaret
881 4690 938 4736 et
961 4680 1304 4736 subverteret
1331 4687 1387 4735 et
1423 4679 1785 4748 disperderet,
1811 4693 1865 4736 et
1897 4696 2109 4737 rursum

539 4773 833 4828 aediﬁcaret
868 4779 923 4825 et
950 4771 1257 4840 plantaret,
1289 4785 1410 4841 quae
1448 4770 1625 4826 virtus
1656 4772 1946 4828 verborum
1989 4774 2107 4828 ani-

539 4879 691 4919 mam
714 4861 833 4932 ejus
864 4862 1173 4918 illuminans
1209 4871 1267 4917 et
1289 4864 1640 4920 sanetilicans
1668 4880 1772 4919 non
1813 4880 1933 4922 eam
1962 4866 2106 4922 sine-

538 4955 631 5009 bat
680 4965 801 5007 esse
853 4950 1137 5021 puerilem,
1185 4952 1308 5006 ideo
1354 4954 1551 5008 merito
1599 4954 1666 5007 ad
1702 4968 1825 5007 eum
1859 4956 2104 5013 dicitur:

542 5048 669 5103 Noli
704 5047 901 5112 dicere,
944 5046 1068 5116 quia
1085 5046 1293 5101 Jurenis
1316 5063 1407 5115 ego
1424 5064 1559 5102 sum.
1592 5046 1856 5103 Similiter
1885 5064 2017 5120 ergo
2052 5060 2110 5105 et

536 5143 639 5197 hoc
670 5140 813 5210 quod
839 5137 1004 5191 David
1034 5136 1165 5192 dicit
1198 5137 1276 5191 ":
1310 5137 1532 5193 Iuvenis
1556 5141 1635 5208 [ui
1667 5150 1718 5194 et
1740 5142 1907 5203 senui,
1932 5152 1979 5193 et
2003 5157 2107 5196 non

535 5233 641 5289 uidi
656 5232 863 5301 justum
909 5227 1236 5293 derelictum,
1284 5245 1373 5281 nec
1404 5246 1576 5285 semen
1598 5232 1713 5301 ejus
1742 5248 1985 5300 quwrens
2010 5249 2109 5302 pa-

534 5338 673 5387 nem,
720 5320 1013 5376 secundum
1047 5318 1150 5373 hoc
1179 5319 1320 5387 quod
1351 5333 1510 5386 supra
1556 5321 1622 5375 de
1653 5330 1811 5375 tetate
1853 5320 2102 5390 juvenili,

530 5417 614 5471 vel
668 5412 823 5468 senili
872 5408 1147 5464 interioris
1192 5408 1427 5464 hominis
1455 5411 1711 5476 diximus,
1760 5413 2101 5467 sentiendum

531 5513 652 5569 est;
681 5501 922 5572 alioquin
955 5499 1249 5555 secundum
1272 5500 1597 5554 exteriorem
1631 5500 1899 5556 hominem
1934 5502 1978 5556 si
2010 5502 2107 5557 de-

604 5626 649 5657 “
687 5624 821 5679 Gen.
858 5634 986 5675 xxv.
1063 5617 1153 5672 “l
1205 5617 1331 5674 Gor.
1375 5634 1493 5681 xttt,
1539 5619 1626 5672 tt.

530 5694 619 5747 25.
696 5693 875 5748 "ler.
918 5689 1009 5745 [.5
1044 5699 1097 5741 et
1140 5689 1191 5742 6.
1271 5691 1311 5720 "
1344 5690 1541 5743 ibitl.7.

533 5767 599 5818 16
633 5775 685 5819 et
723 5763 803 5816 l7.
881 5762 924 5791 "
955 5760 972 5811 l
1006 5759 1129 5813 Cor.
1161 5774 1234 5823 tv,
1268 5761 1347 5814 ll.

1704 5618 1785 5672 "l
1834 5619 1975 5673 Petr.
2014 5634 2076 5684 ll,
2105 5618 2158 5673 2.
2236 5616 2279 5650 ³³
2301 5616 2428 5671 Luc.
2470 5636 2532 5687 ιι,
2579 5621 2667 5675 52.

1622 5688 1664 5719 ¹⁸
1707 5688 1842 5743 Psal.
1887 5705 2068 5753 xxxvt,
2098 5690 2187 5743 25.

1426 5759 1470 5791 “
1501 5758 1628 5814 ibid.
1665 5758 1748 5812 12.
1827 5758 1873 5792 ⁸⁵
1900 5759 1937 5812 ll
1962 5760 2083 5815 Cor.
2106 5776 2202 5830 xu,
2232 5761 2315 5816 10.
2395 5763 2440 5793 ’⁸
2468 5762 2623 5819 Rom.
2662 5781 2699 5832 ι,
2728 5764 2817 5820 28.

2214 4588 2597 4658 relinquuntur
2631 4604 2761 4647 vero
2783 4592 2972 4660 spiritu
3018 4594 3092 4649 illi
3121 4598 3191 4651 de
3244 4600 3437 4667 quibus
3463 4596 3659 4651 dicitur”:

2215 4678 2476 4746 Quoniam
2503 4696 2606 4733 non
2630 4686 3051 4752 approbavcrunt
3079 4648 3456 4744 Deumjltabere
3477 4691 3519 4741 ia
3542 4688 3657 4741 ιω.
3692 4648 3693 4721 ι

2210 4772 2429 4823 tradidit
2451 4787 2537 4824 eos
2564 4768 2701 4826 Deus
2728 4774 2781 4827 in
2814 4779 3087 4843 reprobum
3111 4794 3350 4843 sensum,
3374 4791 3426 4832 ut
3445 4780 3661 4848 [acuum

2212 4876 2317 4915 non
2359 4874 2680 4933 congruunt,
2717 4865 2937 4934 repletos
2978 4870 3124 4921 omni
3181 4871 3472 4936 iniquitate,
3515 4876 3659 4933 ntali-ti

2207 4948 2657 5025 avaritia,"plenos
2679 4958 2899 5025 invidia,
2925 4960 3250 5027 homicidiis,
3266 4963 3572 5021 contentione,
3589 4962 3661 5017 ων

2208 5057 2601 5115 susurratores,
2634 5050 2984 5116 detractores,
3014 5052 3126 5107 Deo
3156 5055 3382 5108 odibrles
3403 5093 3417 5117 ,
3444 5052 3661 5106 contentae

2210 5155 2321 5203 sos,
2346 5141 2617 5209 superbos,
2646 5142 2832 5206 elatos,
2870 5154 2926 5199 et
2948 5154 3143 5200 cetera
3184 5145 3487 5214 hujusmodi
3512 5146 3667 5206 malua

2211 5229 2406 5298 quibus
2432 5241 2486 5285 et
2513 5232 2811 5302 dercliuqui
2845 5247 3176 5292 meruerunt.
3212 5236 3350 5303 Quae
3377 5236 3582 5304 quoniam
3597 5232 3661 5281 aie-

2211 5334 2279 5373 na
2305 5329 2481 5375 sunta
2504 5322 2676 5389 justo,
2710 5337 2998 5395 pr0pterea
3045 5328 3213 5392 dicit,
3253 5331 3383 5397 quia
3400 5329 3502 5384 Non
3537 5324 3665 5385 uti?

2209 5420 2348 5463 stum
2395 5411 2721 5480 derelictum,
2770 5432 2864 5470 nec
2921 5434 3095 5472 semen
3136 5419 3258 5487 ejus
3295 5436 3516 5490 quarens
3544 5430 3659 5480 ραιι

2208 5500 2403 5557 lterum
2436 5504 2480 5559 si
2526 5506 2680 5561 audis
2727 5521 2913 5562 semen
2969 5508 3105 5576 ejus,
3141 5511 3208 5564 ad
3246 5527 3433 5567 seuien
3461 5518 3663 5578 corpora!

2747 5623 2790 5654 “
2819 5623 2835 5678 Ι
2861 5623 2985 5679 Cor.
3016 5641 3135 5691 xttt,
3162 5626 3254 5679 Η.
3344 5627 3387 5658 ’⁸
3427 5624 3657 5678 Palmm

2281 5688 2323 5719 "
2350 5687 2502 5743 Rom.
2557 5708 2675 5757 vttt,
2723 5694 2815 5749 '55.
2892 5696 2937 5727 "
2960 5687 3130 5751 llebr.
3161 5712 3240 5751 xt.
3358 5698 3403 5729 ἰ
3427 5694 3483 5751 ιγ
3509 5693 3599 5760 lies.
3632 5702 3659 5735 ιι-
