3808 6516
149 372 261 428 1357

806 361 1115 420 SELECTA
1152 360 1219 416 lN
1257 352 1594 415 PSALMOS.
1629 384 1697 396 --
1736 354 1970 416 HOMIL.
2012 359 2074 417 IV
2111 361 2180 417 IN
2214 361 2408 419 PSAL.
2440 360 2680 417 XXXVI.

3239 369 3364 423 [358

146 492 385 548 rediturus
411 485 509 543 es?
546 485 613 541 Et
641 473 914 555 quomodo
938 502 1125 543 verum
1160 483 1401 539 invenies
1427 482 1531 537 hoc
1556 481 1697 550 quod
1726 483 1770 541 Α
1802 492 1927 537 ante
1979 499 2038 539 se
2098 486 2237 541 hanc
2266 486 2490 543 ῑωηειιει
2546 486 2921 544 necessitatem
2952 486 3301 557 “libentibus
3340 492 3365 545 ρ

142 602 301 642 semen
324 583 451 655 justi
482 597 585 637 non
628 580 796 653 675,
828 590 1035 652 quaerat
1066 595 1252 649 panes,
1285 593 1406 634 cum
1435 577 1684 632 videas“

144 680 306 736 lstnael
330 680 483 733 illum
503 677 573 733 de
608 678 813 732 semine
846 684 1031 730 natum
1056 674 1304 736 Abrahae,
1333 671 1534 741 quique
1561 687 1681 725 cum

146 784 298 828 mater
326 772 441 839 ejus
466 772 681 842 fugiens
712 770 987 825 dominam
1018 782 1170 821 suam
1216 766 1404 819 Saram
1446 772 1685 834 portaret

139 866 315 919 entnin
358 866 597 927 deserto,
621 873 674 917 et
725 876 923 930 aquam
968 861 1153 929 utique
1202 856 1481 929 quaerebat
1510 866 1563 908 et
1590 870 1685 924 pa-

140 956 265 1011 nes?
298 956 397 1012 Sed
432 965 485 1009 et
522 955 662 1008 Esau
704 954 769 1007 de
793 953 878 1006 via
911 951 1137 1005 veniens
1171 947 1455 1002 dellciebat
1479 945 1681 1008 inedia,

139 1058 187 1123 et
213 1050 259 1102 in
287 1057 488 1102 tantum
520 1046 678 1100 famis
711 1044 859 1098 rabie
880 1042 1245 1112 praecipitatus
1275 1049 1376 1108 est,
1407 1045 1464 1092 ut
1484 1037 1686 1106 prima-

139 1151 219 1195 tus
240 1154 355 1194 snos
388 1137 548 1193 lentis
578 1136 704 1191 cibo
728 1134 1049 1189 distraxerit
1076 1134 1144 1186 "’.
1174 1131 1400 1202 Oportet
1420 1146 1549 1201 ergo
1587 1144 1685 1185 nos

136 1234 403 1289 secundum
429 1246 492 1285 ea
530 1246 649 1300 qua:
675 1244 835 1299 supra
865 1228 1122 1292 diximus,
1156 1227 1319 1281 etiam
1348 1240 1529 1281 semen
1547 1225 1681 1294 justi

137 1325 417 1394 intelligere
466 1322 729 1393 spiritale.
773 1322 841 1375 Et
878 1322 1005 1391 qttid
1036 1321 1184 1373 aliud
1222 1333 1404 1374 semen
1438 1318 1564 1386 justi
1607 1316 1685 1371 di-

137 1436 284 1490 gnum
314 1428 391 1472 est
444 1426 655 1487 putare,
686 1414 786 1467 nisi
839 1411 1160 1482 discipulum
1198 1410 1351 1479 justi,
1382 1410 1474 1478 qni
1502 1422 1686 1462 susce-

133 1523 220 1578 pto
265 1508 324 1562 ab
365 1523 429 1561 eo
468 1506 614 1562 verbi
670 1506 762 1560 Dei
816 1505 1042 1569 semine,
1076 1504 1141 1557 ad
1187 1502 1350 1556 vitam
1395 1512 1686 1570 generatur

128 1610 365 1655 aeternam
397 1599 420 1651 τ’
458 1597 618 1652 Verbi
660 1596 855 1662 gratia,
890 1596 932 1650 si
967 1593 1303 1650 orationibus
1340 1594 1532 1649 vestris
1570 1608 1686 1649 me-

129 1710 269 1749 rerer
292 1707 404 1748 esse
433 1692 635 1757 justus,
667 1700 723 1744 et
759 1691 1003 1758 accipere
1034 1704 1061 1742 a
1107 1689 1334 1743 Domino
1366 1688 1594 1757 gratiam
1631 1687 1682 1742 iu

129 1789 285 1841 verbo
318 1785 594 1854 sapientiae
623 1793 678 1839 et
718 1784 983 1849 scientiae,
1019 1783 1090 1836 ita
1138 1791 1195 1836 ut
1237 1796 1448 1851 possem
1492 1795 1686 1835 secun-

1787 574 2038 629 Forsitan
2090 577 2191 632 hoc
2242 579 2517 647 potabitur
2568 594 2689 634 esse
2731 581 2875 648 quod
2922 580 3127 636 dictum
3150 593 3233 637 est
3264 600 3362 653 per

1787 667 2004 738 Moysen
2037 668 2079 699 ³⁸
2119 686 2133 723 :
2171 668 2239 722 Et
2274 680 2328 722 tu
2351 670 2627 739 faenerabt's
2662 672 2913 741 gentibus,
2938 673 3140 739 multis,
3169 685 3223 727 tu
3260 692 3358 728 au-

1786 771 1888 814 tem
1926 769 2108 815 mutuo
2137 777 2241 814 non
2277 779 2500 831 qureres.
2535 763 2641 818 Sed
2670 774 2877 818 certum
2913 772 2996 818 est
3024 766 3148 833 quia
3177 767 3243 821 de
3266 768 3361 820 dn-

1788 854 1981 908 minica
2014 854 2236 923 pecunia
2251 854 2478 918 dicatur,
2497 870 2618 924 qua:
2647 858 3022 914 nummulariis
3050 860 3363 930 praecipitur

1786 947 1996 1016 erogari
2025 948 2093 1001 de
2121 946 2391 1000 thesauris
2418 948 2701 1016 sapientia:
2741 960 2795 1003 et
2836 949 3079 1006 scientiae
3108 952 3198 1006 Dei
3230 968 3356 1022 pro-

1787 1037 1931 1100 lata,
1961 1046 2020 1091 ut
2066 1034 2329 1089 faciamus
2370 1035 2437 1088 de
2488 1037 2725 1105 quinque
2778 1038 2994 1095 talentis
3035 1043 3253 1105 decem,
3295 1044 3360 1097 de

1786 1129 1994 1184 duobus
2026 1136 2279 1199 quatuor.
2309 1127 2521 1193 Quanto
2563 1135 2745 1181 autem
2777 1130 3228 1185 abundantiorem
3262 1148 3357 1200 pe-

1787 1220 2003 1275 cuniam
2044 1220 2397 1275 habuerimus
2445 1221 2497 1274 in
2545 1220 2722 1274 anima
2770 1233 2977 1287 nostra,
3010 1236 3161 1281 tanto
3188 1229 3361 1297 magis

1788 1321 1897 1367 tota
1931 1313 2017 1367 dic
2063 1310 2475 1367 fanerahitnus.
2528 1311 2633 1365 Sed
2658 1323 2712 1366 et
2747 1330 2889 1369 nunc
2926 1315 3050 1372 licet
3106 1334 3211 1371 non
3257 1321 3357 1372 sint

1780 1403 1982 1473 justus,
2013 1414 2190 1457 tamen
2228 1404 2328 1457 hoc
2368 1403 2508 1471 quod
2553 1403 2741 1470 loquor
2767 1407 3048 1472 pecuniam
3078 1392 3231 1462 vobis
3261 1410 3356 1461 do-

1789 1497 2043 1552 miuicam
2092 1496 2339 1550 (tenero:
2373 1496 2465 1550 sed
2499 1510 2594 1549 vos
2644 1504 2795 1550 orate
2835 1506 2894 1550 ut
2945 1498 3359 1569 eﬂiciarjustus

1786 1600 1839 1644 et
1873 1592 2074 1659 possim
2104 1590 2255 1644 vobis
2280 1590 2503 1658 justitiaa
2540 1589 2819 1655 pecuniam
2854 1589 3141 1655 faenerare,
3167 1601 3223 1647 ιιι
3255 1608 3358 1647 non

1786 1681 1958 1735 solum
2007 1683 2205 1744 verbo,
2244 1696 2434 1733 verum
2473 1680 2638 1733 etiam
2662 1679 2889 1746 justitiae
2926 1683 3174 1752 exemplo
3200 1684 3362 1753 justi-

1793 1777 1920 1827 tiam
1951 1770 2508 1842 doceatn.Propterea
2539 1772 2681 1825 sicut
2702 1781 2828 1825 sunt
2853 1775 3092 1837 pecunia:
3126 1776 3359 1845 injustte,

127 1879 247 1932 dum
270 1878 489 1947 gratiam
515 1891 676 1946 quam
707 1877 823 1944 ipse
853 1890 879 1926 a
915 1874 1138 1928 Domino
1160 1874 1500 1936 meruissem,
1532 1872 1685 1927 vobis
1720 1845 1758 1899 Β
1789 1881 1907 1934 quae
1935 1866 2115 1934 inique
2129 1874 2182 1919 et
2210 1874 2400 1920 contra
2423 1863 2592 1932 legent
2619 1876 3019 1934 congregantur
3040 1883 3136 1936 per
3161 1868 3363 1921 calum-

126 1983 330 2038 qnoque
364 1967 673 2021 ministrare
718 1966 940 2019 verbum
983 1964 1110 2027 Dei,
1141 1972 1195 2018 et
1242 1977 1426 2017 serere
1472 1962 1600 2015 illttd
1634 1962 1684 2015 in

123 2061 394 2114 animabus
425 2059 617 2113 vestris
653 2075 666 2111 :
694 2067 804 2110 tum
839 2056 1034 2110 deinde
1067 2057 1341 2123 ingressus
1388 2069 1565 2109 sermo
1593 2054 1687 2107 Dei

124 2155 184 2208 in
217 2153 413 2206 animas
449 2159 691 2213 vestras,
729 2156 782 2202 et
816 2147 1026 2201 haerens
1074 2148 1124 2199 in
1175 2147 1340 2200 corde
1368 2156 1547 2199 vestro
1579 2144 1686 2199 lor-

124 2253 294 2298 ntaret
342 2253 551 2296 mentes
615 2249 823 2295 vestras
884 2238 1177 2293 secundum
1239 2238 1472 2306 speciem
1536 2237 1684 2290 verbi

124 2335 311 2402 ipsius,
338 2335 388 2388 id
429 2343 512 2388 est
556 2342 616 2387 ut
661 2331 765 2385 hoc
808 2330 1020 2383 velletis
1063 2338 1116 2383 et
1153 2331 1253 2383 hoc
1281 2327 1515 2397 ageretis
1540 2326 1685 2396 quod

119 2428 340 2482 verbum
375 2425 466 2479 Dei
502 2423 643 2487 vult,
664 2431 716 2476 et
748 2435 846 2490 per
867 2420 965 2474 hoc
1004 2420 1116 2488 ipse
1138 2418 1385 2474 Christus
1417 2417 1686 2471 formare-

120 2532 214 2575 tur
237 2518 287 2572 itt
319 2518 472 2573 vobis
504 2532 518 2570 :
550 2525 679 2570 tunc
724 2528 849 2567 vere
894 2510 1238 2566 eﬂiceremini
1293 2524 1478 2565 semen
1526 2507 1684 2575 justi,

114 2613 262 2684 quod
304 2627 405 2665 non
440 2609 633 2678 quaerit
670 2620 884 2676 panem,
922 2603 1183 2657 habentes
1213 2602 1422 2655 scilicet
1451 2600 1502 2654 in
1533 2601 1687 2654 vobis

114 2718 333 2770 semper
368 2715 559 2769 partem
614 2698 761 2752 illum
792 2696 883 2767 qui
932 2694 999 2748 de
1032 2694 1173 2748 caelo
1208 2693 1501 2747 descendit.
1533 2690 1684 2757 Quod

113 2797 167 2851 si
202 2795 521 2864 respondeas
555 2791 684 2845 mihi
736 2798 795 2842 et-
822 2788 1009 2842 dicas:
1039 2784 1240 2852 Quanti
1276 2783 1562 2838 audierunt
1589 2780 1684 2835 Pe-

116 2904 265 2947 trum
289 2901 339 2947 et
366 2890 612 2953 Paulum,
654 2888 744 2957 qui
779 2886 969 2954 utique
995 2891 1147 2939 erant
1170 2879 1459 2951 justissimi
1500 2877 1687 2934 docto-

113 3004 229 3052 res,
264 2996 315 3041 οἱ
344 2997 516 3041 tamen
552 2988 930 3052 peccaverunt,
964 2988 1017 3032 et
1048 2974 1321 3045 (ιιιοιηοάο
1352 2990 1482 3042 ergo
1505 2987 1685 3028 semen

95 3080 242 3149 justi
276 3078 517 3132 dicentur
546 3075 569 3127 ?
608 3073 713 3129 Sed
763 3071 882 3124 vide
908 3084 974 3124 ne
1013 3068 1153 3122 forte
1185 3067 1325 3122 sicut
1368 3080 1471 3119 non
1499 3076 1689 3118 omnes

104 3174 209 3245 qui
263 3188 328 3225 ex
358 3168 628 3223 Abraham
679 3172 828 3226 sunt,
860 3163 1023 3217 etiam
1077 3173 1262 3213 semen
1297 3157 1571 3211 Abraham
1606 3156 1689 3208 di-
1715 3180 1758 3236 ο

100 3276 338 3326 cuntur,
367 3261 564 3331 quibus
598 3254 797 3310 dicitur
827 3254 873 3285 "
905 3272 917 3306 :
955 3251 1013 3307 Si
1037 3251 1136 3319 ﬁlii
1171 3250 1437 3303 Abraham
1485 3248 1683 3313 essetis,

95 3374 273 3426 Opera
331 3356 507 3424 utique
548 3351 814 3404 Abt-altam
853 3346 1126 3416 faceretis;
1157 3344 1230 3397 ita
1258 3343 1423 3395 etiam
1474 3340 1547 3393 illi
1598 3339 1690 3408 qui

94 3449 403 3504 audierunt
430 3444 648 3500 Petrum
678 3432 746 3496 'et
779 3440 1024 3503 Paulum,
1052 3446 1106 3491 et
1137 3451 1242 3489 non
1282 3434 1529 3489 fecerunt
1569 3447 1691 3503 quae

92 3543 373 3597 docuerat
396 3538 585 3592 Petrus
603 3535 683 3589 vel
720 3533 937 3599 Paulus,
968 3546 1071 3586 nou
1102 3539 1456 3585 erantsemen
1480 3541 1690 3593 eorum,

87 3634 243 3703 quia
302 3638 552 3699 suscepta
601 3627 667 3681 ab
698 3627 777 3681 eis
820 3625 966 3680 verbi
1016 3626 1244 3688 semina,
1275 3637 1343 3676 ex
1381 3622 1559 3674 anima
1594 3634 1691 3674 sua

86 3724 264 3776 velut
310 3720 590 3774 ahortione
633 3719 864 3787 quadam
916 3716 1229 3787 abjecerunt
1260 3723 1315 3769 et
1362 3711 1688 3767 eﬂuderuut.

86 3817 357 3885 Denique
395 3824 451 3871 et
490 3813 542 3866 in
578 3812 681 3865 hoc
730 3811 847 3879 ipso
898 3810 1107 3879 psalmo
1142 3807 1273 3861 dicit
1315 3804 1421 3859 alio
1451 3805 1568 3859 loco
1595 3804 1640 3837 ²⁹
1676 3821 1690 3857 :

84 3909 310 3965 Semen
356 3905 636 3975 impiorum
663 3901 1120 3957 ex:erminabitur.
1153 3898 1369 3953 Certum
1396 3905 1480 3950 est
1511 3906 1690 3950 autem

78 4000 242 4071 quia
274 3998 565 4068 impiorum
599 4010 783 4050 semen
830 3992 1117 4063 corporale
1165 4006 1271 4045 non
1304 3989 1695 4043 exterminabi-

80 4104 224 4147 tur.
257 4090 361 4144 Job
411 4089 646 4158 denique
683 4100 866 4142 semen
897 4085 1037 4140 Esau
1066 4098 1248 4140 semen
1294 4081 1441 4151 impii
1472 4091 1613 4146 erat,
1642 4088 1697 4135 et

78 4186 307 4254 utique
359 4182 911 4245 nou‘exterminatur,
947 4180 1042 4234 sed
1093 4174 1470 4232 manilestatus
1506 4174 1697 4241 estju-

1791 1960 1930 2011 niam
1985 1967 2040 2012 et
2077 1958 2389 2022 mendacia,
2431 1965 2486 2011 et
2532 1957 2745 2011 diversa
2789 1959 3031 2012 avaritiae
3078 1960 3251 2024 mala;
3308 1975 3364 2013 et

1792 2066 2005 2103 rursum
2038 2060 2165 2104 sunt
2192 2050 2433 2119 pecunite
2460 2064 2579 2118 qua:
2609 2048 2756 2116 juste
2781 2058 2832 2101 et
2864 2050 3158 2103 secundum
3190 2049 3359 2119 legem

1788 2152 2128 2210 congregatae
2173 2150 2325 2203 sunt,
2360 2141 2413 2195 id
2445 2150 2526 2195 est
2557 2141 2623 2195 de
2667 2141 2904 2208 propriis
2935 2153 2988 2194 et
3025 2141 3189 2210 jnstis
3213 2143 3363 2197 labo-

1789 2230 1940 2285 ribus
1971 2247 1984 2284 :
2024 2231 2095 2284 ita
2126 2231 2290 2285 etiam
2326 2230 2377 2284 in
2432 2231 2597 2284 verbo
2625 2236 2678 2281 et
2707 2227 2952 2281 doctrina
2985 2243 3105 2283 esse
3148 2228 3361 2284 inveni-

1792 2333 1898 2376 tur.
1933 2322 2068 2376 Snut
2108 2322 2271 2376 verba
2322 2336 2421 2376 nec
2470 2323 2625 2388 bene,
2663 2337 2762 2376 nec
2793 2321 2961 2389 juste,
2998 2334 3095 2375 nec
3128 2320 3363 2390 legitime

1788 2423 2220 2483 congregata,ut
2249 2414 2627 2467 haereticorum
2663 2412 2824 2468 verba
2851 2422 2997 2475 sunt,
3031 2420 3085 2464 et
3116 2411 3363 2465 doctrina

1788 2518 1974 2563 centra
2002 2508 2166 2577 legem
2196 2506 2284 2559 Dei
2313 2513 2658 2573 congregata,
2685 2517 2807 2572 qua:
2831 2519 2927 2558 nos
2954 2503 3097 2557 velut
3127 2502 3360 2571 iniquam

1789 2599 2070 2669 pecuniam
2107 2608 2160 2650 et
2206 2595 2543 2665 pestiferam,
2577 2604 2633 2647 et
2669 2595 2735 2647 de
2783 2594 2922 2649 malo
2966 2593 3248 2649 collectam
3280 2607 3366 2646 re-

1789 2689 1980 2760 fugere
2005 2690 2283 2743 debemus.
2321 2686 2484 2741 Orate
2513 2701 2641 2755 ergo
2676 2696 2731 2738 ιιι
2768 2687 2881 2740 haec
2918 2698 3098 2741 nostra
3134 2685 3363 2754 pecunia

1789 2799 1949 2852 quam
1973 2782 2127 2836 vobis
2164 2780 2495 2835 lceneramus
2531 2787 2637 2831 tota
2675 2778 2980 2831 inveniatur
3009 2793 3072 2832 ex
3099 2778 3263 2847 justis
3289 2777 3365 2829 la-

1790 2874 2032 2938 boribus,
2059 2881 2171 2926 tota
2200 2871 2265 2925 de
2299 2869 2569 2925 dominica
2618 2877 2829 2923 moneta
2862 2869 3183 2937 precedens,
3217 2878 3273 2920 ut
3314 2877 3367 2920 et

1790 2980 1888 3020 vos
1914 2964 2090 3019 laeuus
2131 2963 2401 3030 integrqu
2434 2958 2787 3027 consignetis,
2820 2967 2873 3011 et
2899 2970 2996 3008 ηομ
3029 2970 3134 3007 non
3179 2954 3368 3006 audia-

1794 3070 1910 3109 mus
1934 3056 1978 3087 "
2001 3094 2017 3120 ,
2045 3054 2174 3123 quia
2194 3051 2434 3121 Oportuit
2468 3060 2515 3104 te
2534 3048 2810 3118 pecuniam
2848 3061 3014 3099 meam
3036 3047 3163 3098 dare
3210 3059 3363 3096 num-

1791 3148 2059 3202 mulariis.

1862 3240 1917 3295 5.
1958 3239 2170 3293 Iuvenis
2193 3253 2285 3306 ego
2314 3235 2413 3304 fui,
2444 3246 2489 3287 et
2520 3233 2687 3295 senui,
2718 3239 2765 3282 et
2790 3245 2894 3283 non
2919 3226 3245 3295 vidiju'stutn
3270 3224 3363 3278 de-

1793 3335 2053 3397 relictum,
2077 3347 2169 3383 nec
2192 3345 2362 3382 semen
2379 3327 2492 3395 ejus
2515 3339 2751 3395 quaerens
2779 3336 2963 3391 panem
2995 3336 3011 3373 :
3040 3328 3147 3372 tota
3168 3318 3253 3373 die
3268 3317 3370 3370 mi-

1793 3436 1996 3483 seretur
2033 3435 2080 3478 et
2118 3422 2336 3492 [wnerat
2377 3418 2442 3474 ³³.
2472 3417 2528 3470 in
2565 3413 2936 3483 superioribus
2986 3411 3207 3474 dicitur,
3241 3410 3366 3478 quia

1794 3524 2070 3573 mutuatur
2114 3522 2366 3583 peccator
2419 3520 2474 3562 et
2522 3522 2627 3559 non
2670 3503 2844 3557 reddit
2877 3519 2890 3555 :
2929 3501 3018 3554 hic
3047 3500 3370 3569 quiajustus

1796 3619 1901 3666 tota
1929 3609 2015 3663 die
2044 3607 2331 3660 miseretur
2355 3610 2410 3655 et
2439 3599 2687 3654 ﬂeuerat.
2713 3595 2778 3648 Et
2815 3593 2933 3646 vide
2953 3606 3115 3660 quam
3152 3591 3204 3644 in
3239 3603 3371 3644 con-

1794 3701 1979 3756 trariis
2010 3711 2166 3767 pares
2192 3695 2320 3749 sint.
2348 3691 2608 3745 Peccator
2640 3700 2744 3740 non
2775 3683 2948 3738 solum
2995 3691 3181 3735 mutuo
3227 3681 3371 3735 acci-

1794 3795 1894 3865 pit,
1919 3792 2013 3847 sed
2043 3800 2098 3845 et
2128 3803 2250 3843 cum
2285 3782 2557 3853 acceperit
2588 3794 2693 3832 non
2729 3777 2901 3831 reddit
2938 3792 2952 3828 :
2980 3774 3159 3844 justus
3188 3783 3369 3826 autem

1797 3904 1902 3941 non
1940 3884 2113 3940 solum
2159 3890 2345 3936 mutuo
2388 3891 2492 3931 non
2528 3871 2748 3940 accipit,
2777 3870 2869 3922 sed
2911 3875 2967 3922 et
3001 3866 3232 3921 fmnerat
3270 3883 3282 3918 :
3314 3874 3371 3918 et

1796 3995 1901 4034 non
1932 3976 2111 4030 solum
2142 3970 2312 4028 semel
2342 3967 2424 4023 vel
2460 3960 2565 4026 bis,
2588 3961 2683 4017 sed
2712 3969 2823 4015 tota
2856 3958 2943 4013 die
2974 3956 3233 4020 licuerat,
3265 3952 3369 4007 hoc

1797 4083 1881 4127 est
1919 4079 2031 4124 toto
2058 4068 2179 4120 vitae
2207 4078 2317 4118 suae
2343 4069 2580 4128 tempore
2598 4057 2875 4109 l'tnnerans
2897 4051 3204 4113 miseretur,
3230 4046 3370 4103 unde

1797 4174 1842 4219 et
1868 4177 2042 4216 semen
2063 4159 2178 4228 ejus
2196 4157 2249 4210 in
2271 4150 2628 4207 benedictione
2650 4147 2772 4200 erit.

1868 4255 1919 4309 6.
1955 4252 2172 4307 Declina
2198 4267 2226 4302 a
2259 4246 2396 4299 malo
2419 4254 2465 4298 et
2504 4242 2589 4312 [ac
2619 4242 2894 4304 bonum,et
2919 4233 3158 4289 inhabita
3182 4233 3237 4284 in
3265 4245 3370 4284 ste.-

70 4289 229 4334 stus
277 4294 307 4331 a
364 4277 614 4339 Domino,
643 4284 697 4328 et
748 4274 1012 4343 propheta
1048 4286 1168 4326 esse
1208 4269 1550 4331 ostenditur,
1577 4277 1631 4322 et
1665 4282 1696 4322 a

72 4374 223 4443 Deo
256 4385 424 4440 supra
448 4368 831 4436 omnesjustos
856 4365 1147 4421 collaudari
1174 4373 1430 4418 meretur.
1463 4362 1567 4415 Sed
1598 4362 1699 4415 hoc

66 4477 183 4521 est
222 4466 379 4533 quod
425 4463 671 4532 superius
703 4461 958 4523 diximus,
992 4458 1119 4528 quia
1152 4456 1293 4510 sicut
1337 4469 1522 4508 semen
1562 4451 1695 4522 justi

64 4573 299 4615 sermo
329 4565 382 4610 et
404 4556 649 4611 doctrina
691 4553 808 4623 ejus
862 4564 966 4616 est,
994 4550 1082 4619 qui
1125 4563 1305 4604 sermo
1332 4548 1404 4601 ita
1439 4547 1612 4616 pascit
1642 4554 1696 4597 et

58 4649 294 4705 reﬁcit
331 4649 564 4711 animas,
613 4656 671 4698 ut
701 4622 968 4713 negt-mur
1008 4641 1240 4710 panibus
1280 4622 1541 4707 indigere,
1567 4634 1691 4704 quia

52 4741 368 4798 Christus
396 4740 551 4809 panis
577 4752 762 4793 eorum
798 4747 920 4789 est:
952 4735 1024 4787 ita
1061 4749 1091 4788 e
1120 4732 1397 4787 contrario
1446 4729 1693 4784 doctrina

47 4831 408 4899 impiorum
435 4841 485 4884 et
518 4844 698 4885 sermo
723 4844 907 4883 semen
935 4840 1121 4885 eorum
1153 4832 1235 4879 est
1266 4822 1409 4892 quod
1434 4820 1695 4876 extermi—

45 4920 360 4977 nandum
396 4920 614 4983 dicitur,
655 4919 779 4989 quia
825 4934 891 4970 ex
919 4916 1153 4970 falsitate
1196 4913 1554 4981 compositum
1590 4921 1694 4973 est,

37 5022 137 5068 et
195 5011 539 5065 adveniente
568 5010 684 5065 luce
715 5009 975 5072 veritatis,
1010 5014 1216 5061 certum
1248 5013 1333 5059 est
1366 5004 1491 5073 quia
1538 5017 1693 5056 men-

34 5104 247 5163 dacii
300 5105 539 5159 tenebrae
572 5104 922 5174 l'ngahnutur.

155 5200 225 5253 4.
252 5197 399 5252 Tota
426 5200 511 5251 die
534 5198 809 5250 miseretur
832 5204 878 5248 et
911 5193 1131 5262 [tacuerat
1163 5190 1227 5243 ³ο.
1256 5188 1441 5244 Justus
1464 5194 1575 5242 tota
1609 5187 1693 5242 die

21 5295 434 5355 nliserelut‘,
474 5299 529 5345 et
563 5298 673 5343 tota
723 5289 808 5343 die
852 5289 1045 5342 dicitur
1099 5285 1407 5341 faenerare:
1447 5280 1511 5333 ad
1562 5280 1695 5335 nihil

18 5384 253 5442 aliud
301 5391 461 5436 vacat
485 5382 586 5437 nisi
613 5391 668 5435 ut
695 5382 926 5435 [teneret
956 5380 1020 5434 de
1050 5392 1113 5433 ea
1157 5374 1385 5447 pecunia
1423 5388 1545 5444 quae
1593 5372 1696 5426 sibi

17 5476 383 5536 abundat.
415 5475 665 5543 Nunquid
702 5483 756 5528 et
792 5475 878 5528 hic
904 5474 1007 5527 hoc
1040 5470 1343 5542 putabitur,
1367 5469 1492 5537 quia
1522 5468 1698 5535 justus

17 5582 212 5632 tota
266 5572 366 5626 die
416 5572 603 5626 sedeat
642 5568 710 5624 ad
762 5582 1022 5633 mensam,
1052 5577 1106 5623 et
1153 5566 1356 5622 habens
1411 5561 1698 5635 pecuniam

1799 4350 1973 4404 culum
1991 4345 2169 4400 stecnli
2185 4342 2247 4394 ³⁸.
2267 4340 2412 4401 llaec,
2430 4335 2624 4404 inquit,
2643 4332 2866 4385 audiens
2886 4328 2970 4380 l'ac
2998 4324 3141 4393 quod
3170 4323 3370 4376 bonum

1801 4452 1904 4507 est,
1950 4436 2219 4493 habitabis
2259 4434 2313 4487 in
2363 4427 2640 4487 saeculum,
2678 4424 2779 4475 hoc
2825 4426 2933 4479 est.
2978 4414 3024 4468 si
3070 4415 3139 4466 ita
3194 4409 3371 4479 egeris

1729 4511 1772 4565 θ
1802 4503 2251 4604 quemadmodum
2290 4523 2511 4577 edoctus
2541 4531 2619 4580 es,
2651 4508 2914 4566 habitatio
2952 4513 3044 4559 tua
3075 4503 3179 4558 erit
3208 4509 3371 4604 teter-

1806 4590 1895 4679 tia.
1931 4622 1988 4678 Si
2022 4620 2163 4674 enim
2195 4612 2449 4683 respicias
2483 4623 2587 4660 non
2619 4604 2684 4656 ad
2729 4616 2792 4655 ea
2823 4610 2942 4667 qua:
2977 4594 3246 4655 videntur,
3276 4590 3372 4645 sed

1808 4730 1927 4786 qua:
1951 4726 2055 4767 non
2085 4709 2354 4765 videntur,
2386 4699 2639 4769 quoniam
2673 4706 2790 4760 quae
2822 4688 3077 4741 videntur
3101 4692 3374 4750 tempora-

1807 4775 1875 4865 lia
1902 4817 2049 4871 sunt,
2075 4817 2193 4873 quae
2222 4808 2401 4852 autem
2433 4809 2537 4847 non
2577 4791 2828 4844 videntur
2857 4791 3057 4837 aeterna
3083 4783 3229 4839 sunt,
3274 4775 3375 4829 ha-

1804 4903 2001 4959 bitabis
2025 4902 2077 4953 in
2107 4893 2380 4950 steculum.

1873 5002 1923 5053 7.
1971 4996 2108 5063 Quia
2150 4989 2403 5045 Dominus
2433 4992 2573 5036 amat
2616 4979 2903 5050 judicium,
2934 4986 2981 5032 et
3014 4990 3117 5029 non
3146 4969 3375 5026 derelin-

1800 5104 1917 5166 quet
1947 5062 2157 5145 sanctos
2196 5098 2318 5137 suos
2338 5080 2404 5132 ³⁸.
2431 5074 2713 5141 Quomodo
2755 5072 3014 5127 Dominus
3042 5073 3187 5121 amat
3232 5062 3377 5166 judi:

1802 5148 1945 5240 cium
1974 5182 1998 5234 ?
2030 5180 2164 5234 Dum
2211 5171 2342 5227 nihil
2371 5168 2509 5238 apud
2550 5179 2672 5219 eum
2720 5166 2837 5219 sine
2877 5160 3080 5230 judicio
3117 5156 3198 5220 lit,
3240 5148 3375 5207 nihil

1806 5277 1923 5333 sine
1955 5271 2180 5328 ratione.
2203 5268 2281 5322 lta
2304 5280 2436 5336 ergo
2458 5272 2511 5319 et
2537 5270 2592 5314 tu
2623 5257 2806 5313 sciens
2831 5253 3083 5321 quoniam
3116 5246 3378 5301 Dominus

1807 5376 1953 5423 amat
1997 5363 2284 5433 judicium,
2345 5372 2443 5428 age
2490 5352 2673 5411 omnia
2719 5348 2868 5415 justo
2897 5339 3104 5411 judicio
3145 5347 3200 5393 et
3228 5350 3378 5433 vero.

1806 5425 2034 5517 audiens
2060 5456 2208 5511 illum
2229 5453 2316 5521 qui
2348 5425 2403 5504 te
2427 5448 2681 5502 admonet
2710 5440 2897 5494 dicens
2915 5430 3128 5486 ":Cum
3155 5425 3377 5483 consilio

1808 5557 1984 5612 omnia
2013 5553 2122 5622 fac,
2146 5564 2262 5603 cum
2293 5544 2511 5599 ronsilio
2542 5540 2717 5593 vinum
2739 5531 2872 5586 bibe.

1781 5737 1824 5769 "
1869 5732 2007 5788 Psal.
2044 5739 2241 5792 xxx'vt,
2273 5725 2366 5780 98.
2476 5721 2537 5792 ’§_
2562 5715 2688 5770 ibid.
2720 5711 2860 5792 26.”
2916 5705 3281 5792 “.‘Denl..uxv_.'
3323 5695 3376 5749 6.

1140 5744 1186 5776 ’⁸
1227 5741 1382 5798 Joan.
1441 5755 1559 5805 vttt,
1612 5738 1681 5793 59

1144 5831 1180 5859 ι-
1209 5813 1301 5859 25-
1330 5813 1421 5859 26-
1500 5811 1543 5843 "
1576 5809 1683 5859 ibid

1797 5738 1824 5769 "
1869 5738 2007 5788 Psal.
2044 5739 2241 5792 xxx'vt,
2273 5738 2366 5780 διδ.
2476 5738 2520 5753 ’ν
2562 5738 2688 5770 tutu.
2723 5738 2812 5765 zu.
2946 5738 2951 5739 ί
3001 5738 3151 5759 ιιι-ι...
3186 5738 3273 5753 ι...

1797 5807 1838 5859 i.
1913 5804 1958 5836 ³⁵
1990 5801 2122 5859 ibid.
2154 5800 2244 5855 ‘28.
2321 5796 2365 5827 "
2401 5790 2562 5848 Eccli.
2599 5799 2772 5848 sun,
2798 5781 2905 5847 εἰς
2949 5776 3124 5830 Eccle.
3156 5769 3304 5833 “,7.

1500 5811 1543 5843 ”
1576 5809 1704 5865 ibid.
1747 5807 1838 5862 27.

649 5750 693 5782 ’⁷
745 5748 880 5804 Gen.
935 5762 1061 5801 xxv.

740 5821 784 5853 ⁸⁸
816 5818 958 5874 Psal.
998 5830 1182 5882 um,
1209 5813 1302 5882 25,
1330 5813 1421 5867 26.

200 5754 261 5788 ⁸⁸
297 5751 439 5808 Gen.
482 5752 573 5808 2L

17 5827 100 5859 ⁹²
170 5824 397 5881 Matth.
432 5822 663 5892 xxv,27.
