3808 6512
523 348 661 404 1559

1937 339 2026 397 EX
2065 341 2361 400 ORICENE

3505 382 3579 443 liii

589 463 757 540 675
786 461 839 520 8.
869 462 937 518 Et
972 477 1072 516 non
1097 459 1698 559 derelinquet-Dominus-
1717 467 1924 559 sanctos
1943 478 2093 559 suos,
2123 467 2170 523 Α
2195 473 2411 534 gerunt.
2463 463 2651 559 Solent
2691 465 2836 559 enim
2895 464 3128 559 imperiti
3173 468 3338 534 habere
3369 484 3478 544 etiam
3503 495 3581 559 iam

523 558 579 613 in
613 567 866 614 aeternum
899 553 1365 608 conservabuntur.
1400 551 1554 608 Sicut
1597 552 1750 620 dicit,
1781 553 1906 624 quia
1943 555 2098 611 habi-

524 651 663 706 tabit
683 650 737 704 in
760 647 1040 711 saeculum,
1063 645 1136 698 ita
1163 653 1218 700 et
1238 645 1707 700 conservabuntur
1731 647 1783 701 in
1807 655 2093 703 aeternum.

524 741 680 809 Quod
719 751 1009 808 utrumque
1055 736 1124 792 ad
1177 735 1417 790 futurum
1463 737 1690 808 respicit
1741 750 1976 812 tempus,
2015 739 2098 795 vel

525 833 801 898 saeculum,
825 830 913 886 cui
935 827 1396 885 conservabuntur
1439 831 1635 896 sancti,
1666 839 1726 886 ut
1751 832 2010 902 deinceps
2044 834 2097 888 in

525 925 824 983 aeternitate
867 922 1180 992 perdurent.
1228 919 1429 988 Injusti
1477 922 1787 991 punientur,
1836 933 1884 978 et
1926 939 2099 978 semen

527 1019 810 1087 impiorum
834 1014 1019 1086 peribit
1035 1030 1055 1080 ;
1068 1012 1204 1083 justi
1224 1020 1397 1066 autem
1418 1015 1801 1070 Irtereditabunt
1820 1023 2012 1070 terram
2029 1014 2097 1069 ³⁷.

527 1110 772 1165 Diximus
802 1108 914 1178 jam
941 1109 1074 1164 hinc
1105 1107 1358 1178 superius
1393 1106 1551 1178 quale
1585 1107 1872 1176 impiorum
1909 1108 1979 1162 sit
2008 1121 2098 1164 se-

526 1217 672 1267 men,
702 1216 825 1257 cum
859 1200 926 1256 ad
959 1200 1182 1256 verbum
1228 1199 1642 1268 doctrinamque
1689 1197 1973 1252 retulimus
2004 1215 2019 1251 :
2046 1206 2102 1253 et

527 1293 798 1362 quomodo
834 1291 1309 1356 exterminabitur,
1342 1291 1467 1345 dum
1503 1302 1664 1343 omne
1702 1287 2039 1342 mendacium
2069 1303 2100 1343 a

528 1383 649 1439 luce
675 1383 919 1439 veritatis
964 1383 1108 1438 velut
1145 1383 1382 1438 tenebrae
1423 1379 1711 1450 ell'ugatur.
1741 1378 1883 1433 Justi
1927 1386 2100 1432 autem

527 1474 910 1530 hereditatium
942 1484 1158 1529 terram.
1189 1470 1256 1525 Et
1285 1472 1411 1526 hinc
1440 1471 1688 1540 superius
1707 1467 1816 1539 iam
1843 1469 2098 1534 diximus,

528 1568 798 1637 quomodo
850 1566 964 1622 sive
1019 1564 1150 1631 justi
1211 1565 1325 1620 sive
1393 1562 1664 1619 mansueti
1727 1562 2100 1618 haereditatem

531 1665 690 1713 terra:
715 1656 872 1712 bona:
894 1664 948 1710 et
982 1667 1186 1724 magna
1233 1651 1378 1708 illius
1409 1661 1818 1722 consequantur
1869 1666 1927 1708 ct
1965 1665 2101 1721 quo-

529 1751 690 1804 modo
724 1747 963 1804 habitent
997 1747 1048 1802 in
1083 1761 1145 1801 ea
1181 1745 1233 1800 in
1266 1744 1521 1800 saeculum
1549 1744 1759 1810 saeculi,
1788 1759 1893 1800 non
1926 1743 2100 1800 solum

531 1841 586 1894 in
631 1839 910 1903 sarculum,
948 1838 1043 1894 sed
1095 1839 1148 1892 in
1199 1835 1454 1892 saeculum
1506 1835 1710 1892 saeculi.
1747 1835 1884 1892 Vide
1935 1851 2098 1906 quam

531 1946 726 2002 magna
756 1930 966 1986 Domini
1016 1929 1321 1987 retributio.
1376 1928 1484 1984 Pro
1528 1929 1715 1984 labore
1749 1928 1969 1999 triginta
2006 1936 2102 1982 aut

530 2020 907 2093 quadraginta,
941 2028 1000 2074 ut
1042 2020 1265 2076 multum
1301 2027 1448 2077 certe
1492 2019 1887 2089 quinquaginta
1929 2031 2100 2072 anno-

531 2126 650 2166 rum
683 2110 875 2180 recipit
899 2110 1063 2166 bomo
1091 2125 1198 2165 non
1241 2109 1416 2166 solum
1459 2109 1641 2166 steculi
1673 2108 1837 2178 hujus
1871 2109 2101 2163 retribu-

531 2203 756 2268 tionem,
789 2202 882 2258 sed
919 2202 972 2257 in
1005 2202 1259 2257 saeculum
1291 2200 1494 2256 saeculi.
1525 2199 1582 2255 Si
1616 2215 1746 2255 vero
1791 2205 2102 2268 permaneat

527 2293 652 2363 quis
681 2294 734 2349 in
768 2294 937 2349 verbo
966 2293 1082 2361 Dei,
1115 2304 1171 2349 et
1211 2291 1490 2363 sapientiae
1533 2291 1651 2359 ejus
1692 2290 1983 2353 adhaereat,
2015 2297 2093 2344 at-

527 2399 633 2454 que
659 2385 712 2440 in
735 2384 873 2440 lucis
901 2385 1207 2440 aeternitate
1235 2382 1512 2454 persistat,
1542 2381 1822 2452 perveniet
1851 2381 2015 2437 etiam
2047 2381 2101 2435 in

527 2477 648 2542 hoc,
675 2487 734 2532 ut
761 2477 966 2534 referat
996 2477 1108 2534 Deo
1142 2475 1372 2548 gloriam
1421 2475 1476 2531 in
1522 2474 1717 2530 saecula
1758 2472 2098 2529 saeculorum.

527 2569 726 2626 Amen.

1119 2679 1407 2738 HOMILIA
1445 2680 1510 2737 ν.

528 2773 604 2831 De
631 2775 808 2829 eodem
842 2774 1046 2846 psalmo
1064 2775 1140 2846 ab
1166 2790 1237 2828 ea.
1254 2783 1402 2846 parte
1418 2771 1477 2846 _“
1509 2788 1524 2825 :
1563 2790 1583 2825 ι
1619 2771 1694 2827 0s
1714 2771 1854 2842 justi
1883 2771 2104 2826 medita-

1022 2845 1164 2898 bitur
1200 2843 1542 2911 sapientiam.
1581 2860 1603 2891 ι

597 2938 648 2993 1.
665 2937 773 2994 Lex
792 2930 1008 3007 quidem
1025 2934 1212 2990 volens
1228 2947 1326 2988 nos
1342 2933 1554 3002 aperire
1567 2947 1630 2989 os
1653 2937 1720 2988 ad
1741 2931 1960 2988 verbum
1986 2931 2100 2997 Dei,

525 3032 782 3103 praecepit
807 3030 996 3085 dicens
1015 3032 1060 3064 ”
1092 3045 1106 3082 :
1140 3025 1412 3096 Loqueris,
1441 3024 1636 3093 inquit,
1683 3025 1794 3079 lues
1835 3024 2016 3079 sedens
2046 3025 2102 3078 in

2199 567 2321 654 eum
2351 554 2564 609 caeteris
2600 555 2890 624 pessimum
2929 554 3140 622 vitium,
3172 570 3223 615 ut
3260 554 3584 654 inanesetsupu:

2199 638 2336 697 tinos
2370 651 2555 712 putent
2583 657 2676 698 eos
2703 644 2796 712 qui
2819 644 2983 698 verbo
3008 653 3062 699 et
3083 646 3303 708 doctrina:
3323 638 3583 732 operam

2202 734 2333 799 rint,
2359 743 2414 790 et
2439 733 2837 803 amplectuntur
2867 735 3042 808 magis
3075 738 3355 807 imperitiam
3375 764 3479 810 suam
3496 777 3586 830 φη,

2202 826 2415 882 illorum
2446 827 2621 882 studia
2654 843 2718 883 ac
2760 827 3000 884 laborem
3040 847 3054 883 :
3093 837 3367 906 mutatisque
3404 826 3587 910 mminit,“

2201 919 2456 974 exercitia
2495 933 2684 976 eorum
2721 922 3130 986 verbositatem.
3160 940 3288 982 suam
3316 947 3416 989 vero
3435 939 3588 1002 indocili.
3690 939 3691 998 ἲ

2201 1011 2406 1066 litatem
2443 1012 2526 1068 vel
2568 1013 2921 1082 imperitiam,
2952 1016 3318 1087 simplicitatem
3340 1037 3589 1107 manu)";

2203 1119 2322 1159 mus
2358 1113 2536 1160 tamen
2569 1115 2625 1162 et
2672 1106 2762 1161 ille
2805 1116 2890 1162 est
2936 1106 3029 1177 qui
3064 1110 3340 1178 sapientiam
3366 1106 3594 1186 probanti.

2203 1197 2324 1261 bus,
2355 1207 2409 1252 et
2435 1211 2556 1253 esse
2582 1197 2801 1268 sapiens
2823 1199 2946 1253 vita:
2976 1212 3086 1252 sua:
3119 1203 3348 1268 probitate
3365 1217 3592 1276 ωπηοεάιιτ,

2201 1285 2402 1342 Beatus
2423 1303 2555 1358 ergo
2581 1289 2672 1358 qui
2707 1304 2768 1344 os
2801 1304 2956 1344 suum
2991 1290 3165 1359 aperit
3206 1294 3344 1349 verbo
3367 1298 3453 1364 Dei,
3473 1315 3506 1358 et
3527 1323 3597 1375 pre

2205 1380 2391 1434 liciens
2411 1388 2571 1434 aetate
2598 1380 2893 1436 secundum
2924 1379 3192 1435 Christum
3215 1387 3596 1462 proﬁcietetsapicn.

2205 1471 2301 1528 tia,
2351 1470 2511 1526 Certe
2554 1470 2601 1526 si
2657 1472 2890 1541 amplius
2937 1487 3042 1525 non
3086 1487 3336 1542 possumus
3372 1480 3411 1533 in
3441 1486 3598 1551 sapiam

2204 1561 2485 1631 proficere,
2532 1562 2722 1618 saltem
2770 1562 2902 1617 illud
2951 1564 3236 1619 observare
3283 1583 3367 1621 non
3405 1575 3600 1644 νίψω,

2205 1654 2426 1723 psalmis
2455 1664 2510 1710 et
2536 1655 2750 1727 hymnis
2777 1665 2834 1710 et
2861 1656 3090 1712 canticis
3123 1657 3403 1726 Spiritalibus
3421 1676 3459 1718 et
3481 1669 3515 1719 in
3531 1686 3600 1723 on-

2210 1745 2354 1800 tione
2400 1747 2482 1800 vel
2527 1747 2734 1803 honore
2787 1747 2879 1800 Dei
2927 1748 3256 1817 frequentius
3299 1755 3460 1820 aperire
3487 1773 3603 1813 0500-

2203 1848 2375 1893 strum
2404 1838 2469 1891 ⁸³.
2497 1839 2590 1894 Est
2614 1840 2759 1894 enim
2793 1850 2849 1895 et
2876 1841 2990 1896 inec
3021 1856 3132 1896 non
3165 1856 3308 1910 parva
3333 1846 3605 1914 sapientius

2203 1928 2412 1994 ditatio,
2445 1937 2504 1983 ut
2549 1943 2645 1998 per
2680 1929 2783 1984 hoc
2822 1930 3134 1985 inveniatur
3164 1944 3352 1999 semper
3381 1950 3428 1988 os
3455 1938 3537 2004 justi
3562 1958 3607 1993 sa-

2201 2018 2456 2088 pientiam
2489 2019 2762 2075 meditari.
2787 2020 2902 2076 Non
2933 2030 3114 2077 tamen
3145 2022 3264 2076 mibi
3291 2024 3605 2086 videturotiosaa

2201 2111 2327 2180 quia
2359 2126 2464 2166 non
2503 2111 2663 2178 dixit,
2686 2129 2749 2170 os
2778 2113 2910 2184 justi
2953 2115 3255 2178 meditatur,
3289 2118 3406 2184 quod
3438 2123 3556 2188 utique
3577 2126 3610 2176 ad

2201 2218 2440 2274 praesens
2472 2213 2684 2274 tempus
2705 2213 2954 2275 spectare
2981 2213 3210 2274 poterat,
3235 2205 3318 2260 sed
3346 2206 3464 2270 dixit,
3487 2215 3610 2264 mur.

2201 2297 2345 2350 bitur
2371 2297 2725 2365 sapientiam;
2756 2295 2900 2366 quod
2950 2297 3073 2352 sine
3117 2297 3269 2352 dubio
3296 2298 3353 2352 ad
3385 2297 3550 2355 futurum
3573 2321 3615 2357 to-

2201 2388 2364 2458 spicit
2432 2399 2676 2460 tempus,
2727 2393 2782 2444 in
2835 2404 2944 2460 quo
3002 2390 3171 2445 etiam
3221 2391 3379 2446 centeri
3419 2393 3614 2462 interpretes

2201 2493 2390 2535 omnes
2424 2479 2630 2549 absque
2675 2493 2783 2533 uno
2823 2479 3195 2534 consentiunt.
3219 2478 3292 2535 Ne
3326 2479 3436 2536 forte
3458 2498 3544 2549 ergo
3566 2485 3618 2535 ti-

2203 2572 2332 2641 quid
2377 2571 2658 2641 mysticum
2693 2570 2938 2640 designet
2989 2570 3092 2625 hoc
3138 2579 3350 2640 tempus,
3391 2587 3474 2639 quo
3504 2573 3618 2626 scilicet

2201 2661 2474 2718 indicetur
2495 2661 2688 2716 futurae
2734 2661 3195 2731 repromissionis,
3229 2671 3283 2716 et
3312 2663 3478 2731 gratia,
3504 2665 3620 2717 eth:-

2203 2753 2451 2810 reditatis
2485 2767 2612 2824 spes
2649 2754 2771 2810 talis
2800 2756 3044 2824 quaedam
3087 2754 3284 2817 futura,
3317 2763 3367 2806 ut
3397 2754 3621 2822 osjastom

2202 2861 2308 2902 non
2336 2847 2471 2904 cibis
2520 2855 2574 2902 et
2621 2856 2768 2916 potu,
2824 2862 3000 2918 neque
3037 2847 3245 2902 deliciis
3285 2855 3338 2901 et
3371 2848 3624 2915 voluptatist.

2204 2952 2321 3006 non.
2336 2940 2606 2996 vescendo
2639 2939 2835 3009 epulis.
2866 2940 2963 2994 sed
2994 2937 3305 2992 meditando
3324 2937 3562 3004 sapientiam
3578 2953 3625 2988 n-

2201 3030 2428 3100 pleatur.
2463 3029 2618 3087 Ultra
2663 3033 2807 3088 enim
2851 3047 2957 3095 non
3003 3031 3110 3085 erit
3155 3028 3342 3098 aliquis
3379 3027 3627 3096 impcritas'n

527 3126 701 3192 domo,
734 3134 781 3178 et
820 3138 1035 3192 pergens
1064 3122 1121 3174 in
1163 3121 1269 3185 via,
1299 3127 1346 3172 et
1386 3116 1586 3183 iacens,
1627 3127 1673 3171 et
1715 3132 1955 3186 surgens.
1993 3114 2098 3171 Sed
2125 3140 2170 3200 α
2204 3137 2369 3192 regno
2401 3123 2516 3189 Dei,
2551 3139 2657 3179 non
2690 3123 2938 3179 indocilis
2975 3123 3348 3194 permanebit,
3379 3121 3511 3175 nullus
3533 3120 3626 3174 erit:

525 3223 581 3270 et
612 3213 869 3269 Salomon
900 3213 953 3266 in
993 3209 1302 3265 Proverbiis
1333 3205 1512 3262 simile
1543 3205 1746 3275 aliquid
1769 3207 1918 3261 brevi
1949 3222 2100 3262 com-

529 3305 826 3362 monitione
850 3303 1152 3373 distinguit,
1180 3303 1364 3360 dicens
1386 3301 1430 3333 ⁸ο
1460 3319 1474 3355 :
1503 3299 1659 3370 Aperi
1687 3317 1744 3354 os
1769 3309 1917 3354 tuum
1945 3301 2097 3356 verba

527 3400 648 3454 Dei.
680 3396 942 3453 Similiter
966 3397 1130 3452 etiam
1161 3409 1304 3450 nunc
1329 3394 1600 3464 Propheta
1634 3407 1733 3448 nos
1764 3395 1939 3456 docet,
1972 3407 2097 3448 cum

525 3488 657 3545 dicit
681 3487 767 3542 δίε
811 3485 882 3541 Os
931 3486 1066 3557 justi
1119 3484 1458 3538 meditabitur
1509 3484 1841 3552 sapientiam.
1890 3481 2099 3537 Revera

523 3579 668 3636 enim
704 3593 804 3634 nec
836 3578 994 3634 debet
1041 3576 1186 3632 aliud
1229 3576 1523 3647 quidquam
1573 3573 1867 3645 procedere
1905 3573 1972 3628 de
2003 3589 2098 3629 ore

519 3669 673 3740 justi,
705 3670 805 3725 nisi
846 3669 1137 3740 sapientia.
1172 3665 1325 3723 Unde
1361 3677 1417 3723 et
1454 3681 1551 3723 vos
1583 3665 1948 3735 imperitiores
1979 3666 2100 3734 qui-

526 3779 632 3837 que
682 3763 882 3818 fratres
927 3761 1208 3818 audientes
1255 3773 1561 3814 sermonem
1609 3756 1924 3827 Pmphetaa,
1976 3756 2099 3812 date

521 3857 759 3913 studium
787 3864 844 3912 et
879 3852 1215 3910 meditamini
1241 3865 1364 3908 cum
1399 3849 1622 3920 iustitia:
1650 3849 1905 3920 operibus
1933 3848 2096 3903 etiam

521 3950 590 4005 de
622 3964 720 4004 ore
748 3957 929 4003 vestro
975 3945 1220 4017 proferre
1259 3959 1568 4001 sermonem
1615 3942 1917 4013 sapientiae.
1944 3941 2096 4009 Quod

521 4053 593 4093 ne
617 4038 831 4094 ditiicile
865 4039 1018 4092 vobis
1047 4037 1296 4090 videatur
1346 4044 1696 4104 prteceptum,
1733 4034 1953 4089 brevem
1998 4047 2096 4088 vo-

521 4129 606 4184 bis
647 4128 921 4197 sapientia:
970 4125 1255 4180 insinuabo
1305 4137 1633 4180 sermonem.
1674 4122 1966 4192 Apostolus
1997 4123 2095 4186 ait,

521 4221 650 4292 quia
685 4218 932 4274 Christus
963 4216 1055 4272 Dei
1083 4227 1168 4272 est
1196 4216 1369 4271 virtus
1405 4224 1462 4270 et
1497 4215 1592 4272 Dei
1640 4215 1906 4284 sapientia
1934 4214 2000 4269 δ’.
2037 4214 2094 4269 Si

519 4311 686 4377 igitur
708 4309 982 4366 Christum
1015 4321 1231 4377 semper
1261 4306 1582 4376 loquamini,
1627 4306 1672 4360 si
1722 4320 1936 4377 semper
1978 4304 2096 4372 ejus

517 4402 682 4458 verba
711 4399 1066 4464 meditemini,
1097 4399 1140 4453 si
1177 4407 1439 4468 praecepta
1473 4397 1589 4465 ejus
1630 4397 1683 4450 in
1718 4411 1814 4451 ore
1845 4396 2092 4463 teneatis,

2201 3230 2382 3272 rerum
2434 3215 2661 3271 scientia
2709 3217 3058 3287 peregrinus;
3115 3229 3303 3269 omnes
3347 3213 3578 3272 ciliciorum,
3606 3211 3630 3260 si

2205 3318 2383 3363 tamen
2416 3308 2768 3375 merebimur,
2806 3306 3056 3377 discipuli
3093 3306 3384 3376 sapientiae.
3412 3305 3456 3358 Si
3492 3303 3570 3370 quis
3588 3301 3630 3352 hic

2199 3399 2408 3469 pesitus
2462 3398 2724 3454 imbuitur
2771 3408 2828 3453 et
2873 3398 3167 3454 instruitur
3207 3398 3260 3453 in
3307 3396 3382 3452 bis
3417 3411 3507 3462 qua
3538 3392 3635 3461 potuit

2201 3489 2254 3544 in
2301 3503 2467 3544 carne
2514 3489 2723 3558 positus
2769 3491 3058 3558 attingere,
3101 3489 3177 3543 ibi
3224 3488 3329 3556 jam
3381 3485 3635 3540 illurnimbiur

2199 3580 2612 3650 perfectioribus
2641 3579 2967 3650 disciplinis,
3017 3589 3074 3634 et
3121 3595 3187 3635 ea
3235 3594 3348 3649 qua:
3375 3578 3448 3631 hic
3473 3576 3634 3630 station

2199 3670 2383 3726 labore
2413 3670 2638 3741 quaesita
2669 3680 2814 3738 sunt,
2865 3671 2931 3725 ad
2979 3672 3355 3740 compendium
3393 3669 3542 3722 futura
3571 3668 3636 3718 irit:

2201 3761 2559 3834 institutionis
2615 3760 2895 3817 accedent.
2937 3762 3039 3830 Qui
3083 3777 3221 3818 vero
3269 3761 3355 3814 hic
3393 3761 3565 3814 nondum
3593 3761 3638 3808 te-

2199 3855 2378 3924 posuit
2408 3855 2580 3925 prima
2615 3857 2940 3920 rudimenta,
2975 3855 3069 3910 sed
3114 3855 3296 3909 adhuc
3325 3861 3379 3907 ut
3405 3849 3640 3922 parvulusltr

2199 3947 2382 4015 quitur
2431 3953 2486 4001 et
2514 3957 2572 4000 ut
2601 3947 2856 4016 parvulus
2885 3947 3049 4016 sapit,
3084 3947 3254 4000 etiam
3291 3945 3359 3998 ibi
3385 3941 3641 3995 iustituiturnt

2197 4039 2476 4107 parvulus,
2507 4052 2612 4106 quo
2657 4036 2881 4093 eil’ectus
2912 4037 3209 4106 aliquando
3244 4038 3325 4090 vir
3350 4050 3435 4106 per
3459 4031 3643 4103 ptoleth

2197 4129 2474 4196 saPientia:
2510 4144 2627 4199 quae
2656 4130 2864 4200 parvuli
2913 4140 3039 4184 sunt
3082 4131 3346 4199 deponat.
3384 4127 3474 4180 Aut
3501 4137 3571 4175 non
3591 4121 3643 4170 ut:

2198 4221 2422 4290 aliquid,
2456 4222 2501 4276 si
2536 4221 2854 4290 spiritaliter
2901 4221 3264 4290 intelligatur,
3307 4219 3452 4274 etiam
3491 4215 3552 4268 lex

2196 4321 2348 4383 gnat,
2372 4327 2493 4366 cum
2521 4312 2651 4367 dicit
2684 4312 2766 4366 “z
2797 4312 3045 4382 Loqueris
3088 4311 3146 4364 in
3198 4312 3276 4366 eis
3316 4311 3478 4363 sedens
3506 4304 3646 4362 dull,“

2195 4420 2412 4474 pergens
2437 4405 2489 4458 in
2515 4404 2621 4470 via,
2643 4414 2690 4457 et
2703 4479 2705 4482 Q
2710 4404 2922 4474 jacens,
2951 4415 2997 4458 et
3019 4403 3354 4473 exsurgens?
3378 4399 3505 4468 Quod
3523 4400 3570 4450 ila
3589 4409 3638 4461 pos

440 4526 448 4533 -
516 4491 678 4562 digne
716 4505 782 4545 08
824 4498 1064 4544 vestrum
1113 4487 1462 4544 meditabitur
1508 4486 1854 4556 sapientiam.
1905 4485 2090 4557 Neque
2121 4487 2166 4543 Ι)
2195 4510 2380 4551 sumus
2425 4495 2726 4566 intelligere
2761 4511 2776 4548 :
2811 4495 3057 4549 sedentes
3104 4496 3160 4549 in
3217 4495 3376 4549 domo
3417 4503 3460 4546 et
3487 4492 3649 4559 jacenteé.

516 4584 662 4639 enim
691 4583 808 4638 hsce
833 4581 946 4637 sola
977 4590 1063 4636 est
1104 4579 1385 4650 sapientiae
1430 4580 1733 4645 meditatio,
1761 4580 1806 4635 si
1843 4579 1965 4649 quis
1990 4579 2091 4635 do-

515 4687 642 4729 cere
675 4680 874 4742 potest,
901 4672 989 4728 vel
1031 4671 1192 4726 latius
1238 4671 1293 4725 in
1337 4670 1575 4727 Ecclesia
1622 4672 1925 4742 disputare,
1956 4685 2091 4726 con-

515 4765 852 4820 tradicentes
879 4763 1180 4820 revincere.
1215 4763 1309 4819 Est
1337 4763 1554 4834 quidem
1595 4774 1649 4818 et
1693 4763 1797 4818 hoc
1827 4777 1965 4831 opus
1996 4777 2080 4818 sa—

513 4859 754 4929 pientiae,
786 4858 878 4914 sed
908 4858 1045 4912 alius
1095 4858 1355 4927 amplius,
1402 4856 1543 4936 alius
1586 4867 1764 4911 autem
1805 4855 2006 4910 minus.
2030 4855 2086 4910 In

511 4951 619 5006 alio
644 4953 749 5008 hoc
773 4951 947 5022 ipsum
979 4952 1122 5019 quod
1157 4952 1330 5007 credit
1371 4950 1466 5008 Dei
1495 4950 1792 5022 sapientiae,
1820 4951 2084 5022 sapientia

510 5052 792 5111 reputatur
822 5059 835 5096 :
866 5041 921 5096 in
950 5041 1056 5097 alio
1086 5051 1141 5099 et
1180 5043 1282 5098 hoc
1314 5043 1458 5111 quod
1492 5041 1783 5113 acquiescit
1818 5041 2085 5110 sapienti-

509 5132 610 5189 bus
657 5142 711 5187 et
755 5141 904 5188 amat
948 5133 1092 5188 dicta
1137 5133 1487 5203 sapientium,
1518 5134 1784 5202 sapientia
1835 5133 2082 5189 dicitur:

507 5224 779 5280 nonnullis
810 5238 939 5280 vero
977 5225 1145 5278 etiam
1202 5227 1666 5294 interrogantibus
1708 5225 2084 5282 tantummodo

506 5317 575 5370 de
594 5313 881 5382 sapientia,
930 5315 1196 5384 sapientia
1246 5324 1547 5384 reputatur.
1585 5314 1717 5370 Illud
1758 5315 1934 5370 solum
1987 5314 2085 5369 ob-

505 5411 741 5467 servate,
780 5402 1000 5468 fratres,
1042 5420 1110 5460 ne
1158 5404 1280 5476 quis
1335 5414 1570 5459 vestrum
1615 5393 1922 5462 inveniatur
1973 5421 2080 5462 non

503 5493 678 5549 solum
715 5509 820 5550 non
844 5495 990 5564 loqui
1024 5510 1126 5550 nec
1153 5495 1400 5550 meditari
1435 5496 1777 5565 sapientiam,
1808 5511 1997 5551 verum
2027 5506 2082 5552 et

429 5610 437 5620 -
503 5585 683 5640 odisse
739 5594 903 5656 atque
945 5587 1218 5642 adversari
1263 5587 1331 5642 iis
1376 5589 1467 5657 qui
1511 5588 1748 5644 studium
1802 5589 2082 5658 sapientiae

575 5695 619 5726 ³⁷
644 5693 790 5750 Psal.
821 5712 1010 5759 xxxvt.
1035 5699 1124 5765 28,
1151 5700 1243 5755 29.
1319 5698 1366 5732 ³⁸
1393 5700 1528 5755 ibid.
1561 5697 1650 5755 30.
1727 5699 1772 5732 ⁹⁹
1805 5699 1957 5754 Deut.
1988 5713 2064 5761 vr,

579 5764 783 5821 Coloss.
825 5781 906 5824 ιιι.
940 5769 1026 5823 l6.
1129 5770 1176 5802 “
1201 5773 1356 5824 Deut.
1405 5787 1480 5824 vr.
1509 5771 1562 5824 7.
1654 5769 1699 5802 “
1721 5768 1877 5824 .Ioan.
1903 5786 1977 5824 vr.
2004 5770 2089 5823 Η.

2250 5699 2294 5732 ⁸⁸
2323 5698 2480 5753 Prov.
2515 5714 2615 5752 xxx

2194 5769 2212 5801 ⁸
2249 5768 2405 5824 Prov.
2439 5785 2520 5824 ιιι.
2548 5768 2615 5822 24

1753 5786 1877 5825 oan.
1903 5786 1977 5836 vt,
2004 5784 2089 5823 ιιι.
2165 5784 2212 5803 ι’
2249 5784 2405 5824 t'rov.
2439 5785 2520 5836 ιιι,
2548 5784 2639 5822 24.

503 5763 552 5795 “
579 5764 783 5821 Coloss.
825 5781 906 5834 ιιι,
940 5769 1026 5823 l6.
1112 5763 1176 5802 "‘
1201 5773 1356 5827 Deut.
1405 5787 1480 5838 γι,
1509 5771 1562 5824 7.

2192 4601 2314 4642 cum
2345 4584 2396 4638 in
2423 4584 2684 4651 Ecclesia,
2709 4599 2828 4654 qua:
2861 4593 2944 4640 est
2970 4587 3169 4641 domus
3208 4585 3329 4651 Dei,
3363 4583 3578 4653 loquimur
3594 4592 3652 4628 τιτ·

2191 4679 2316 4734 bum
2346 4677 2460 4742 Dei,
2491 4677 2542 4732 in
2577 4677 2680 4732 hoc
2703 4678 2909 4733 scilicet
2931 4692 3165 4747 corpore
3194 4678 3379 4748 positi,
3407 4673 3651 4746 pergentes

2189 4772 2300 4838 via,
2344 4772 2396 4827 in
2443 4771 2530 4826 illa
2581 4785 2704 4842 quae
2746 4769 2875 4825 dicit
2932 4769 3018 4822 u':
3053 4767 3174 4839 Ego
3211 4785 3331 4823 sum
3369 4769 3464 4830 tria,
3490 4763 3655 4832 imitati

2189 4862 2414 4918 verbum
2460 4863 2594 4917 Dei:
2633 4873 2687 4917 et
2720 4869 3094 4932 exsurgentes,
3135 4875 3268 4916 cum
3309 4856 3653 4916 exsurrexerint-2

2191 4970 2223 5010 e
2268 4969 2458 5011 somno
2516 4955 2706 5009 mortis
2757 4954 2808 5007 in
2866 4952 3303 5018 resurrectione,
3343 4959 3464 5006 tunc
3493 4946 3655 5015 loqoinu

2192 5045 2286 5100 illa
2323 5060 2444 5115 qua:
2471 5043 2707 5114 perfecta
2737 5051 2887 5107 sunt,
2920 5053 3291 5113 exsurgentes
3315 5045 3381 5098 de
3407 5054 3563 5096 somno
3584 5049 3656 5088 ire
3690 5105 3691 5112 γ

2191 5139 2285 5202 tis,
2313 5137 2454 5192 sicut
2503 5146 2554 5190 et
2585 5134 2840 5190 Salomon
2877 5135 3044 5207 676
3080 5135 3226 5188 dicit
3260 5135 3330 5190 de
3361 5149 3422 5190 eo
3444 5132 3520 5202 qui
3542 5141 3658 5196 sape-

2191 5228 2322 5282 tiam
2358 5225 2458 5282 sibi
2487 5225 2717 5279 amicam
2761 5236 2814 5280 et
2852 5224 3177 5279 fatniliarem
3214 5226 3370 5292 fecit,
3398 5227 3508 5294 quia
3539 5223 3648 5273 sitae

2190 5319 2284 5382 ris,
2309 5319 2420 5372 sine
2441 5318 2625 5370 timore
2651 5317 2776 5382 eris,
2801 5326 2847 5369 et
2879 5318 2925 5369 si
2955 5317 3265 5377 dormieris,
3297 5318 3501 5370 libenter
3522 5325 3656 5365 suam

2190 5409 2386 5478 capies,
2409 5417 2455 5462 et
2486 5423 2588 5461 non
2614 5407 2812 5462 timebis
2837 5417 3085 5460 terrorem
3111 5409 3560 5475 superrenientm.

2188 5500 2410 5568 impetus
2463 5498 2741 5566 impiorum
2783 5497 3038 5551 irruentes
3084 5514 3260 5567 super
3305 5508 3355 5552 te
3390 5498 3456 5550 ⁸⁸.
3489 5493 3660 5551 Solius.»

2189 5587 2289 5641 ista
2323 5587 2388 5641 de
2424 5601 2490 5641 co
2527 5586 2670 5655 quod
2719 5587 2978 5656 scriptum
3009 5597 3126 5641 est:
3163 5586 3246 5641 0s
3264 5589 3410 5658 justi
3445 5584 3652 5638 tudilst

2250 5699 2294 5732 “l
2323 5698 2480 5753 Prov.
2515 5713 2662 5767 χχιι,
2689 5698 2742 5754 9.
2820 5697 2861 5730 “
2890 5697 3032 5755 Psal.
3061 5713 3269 5765 xxxvi,
3307 5698 3400 5755 30.
3470 5695 3656 5749 “Itoni
