3808 6502
170 329 284 387 1561

803 325 1117 384 SELECTA
1149 325 1217 382 IN
1248 317 1588 381 PSALMOS.
1628 350 1698 360 --
1731 318 1965 378 HOMIL.
2007 320 2052 378 ν
2086 321 2152 378 ΙΝ
2184 321 2381 380 PSAL.
2414 320 2654 377 XXXVI.

3250 322 3392 379 i362

165 440 470 508 sapientiam,
501 438 698 509 quibus
733 439 949 495 additur
976 457 990 493 :
1023 438 1091 494 Et
1124 438 1306 509 lingua
1334 439 1447 509 ejus
1471 438 1712 499 loquetur
1737 436 1784 494 A
1811 433 1983 488 moria
2012 447 2067 491 et
2091 436 2404 507 diligentius
2438 434 2705 502 retinetis,
2741 434 2883 490 scire
2911 434 3121 492 debetis
3164 436 3292 508 quia
3340 441 3386 494 si

155 530 417 599 judicium.

224 621 269 674 2.
294 622 493 691 Duplici
524 630 683 679 modo
715 626 896 696 lingua
936 625 1069 696 justi
1093 624 1422 695 intelligitur
1450 624 1594 695 loqui
1624 624 1713 694 ju-

161 712 359 777 dicium,
394 714 511 768 sive
550 729 652 783 pro
693 729 759 770 eo
804 717 946 785 quod
990 715 1169 769 omnia
1212 724 1360 769 recto
1399 714 1625 783 judicio,
1655 723 1710 771 et

157 821 270 859 cum
300 804 680 862 deliberatione
713 816 768 862 et
801 822 923 862 cum
949 807 1174 862 consilio
1210 806 1451 876 loquitur
1488 822 1608 878 quae
1631 808 1710 864 lo-

156 901 341 970 quitur,
375 909 429 953 et
455 899 587 955 nihil
619 914 714 969 per
738 900 1090 963 iracundiam,
1126 900 1259 955 nihil
1296 912 1354 955 ut
1396 902 1709 958 hominibus

79 1023 88 1041 ι
160 991 368 1060 placeat,
400 991 531 1045 nihil
578 1006 644 1045 ex
689 990 931 1053 tristitia,
972 990 1102 1044 nihil
1136 1005 1199 1045 ex
1243 1001 1409 1055 metu,
1438 1008 1556 1062 quae
1593 993 1708 1048 sin-

157 1082 266 1151 gula
292 1081 459 1138 solent
486 1083 670 1150 utique
701 1096 805 1135 non
853 1082 1115 1151 integrum
1148 1083 1455 1139 hominibus
1490 1099 1708 1140 servare

150 1174 414 1243 judicium,
456 1174 539 1229 vel
567 1182 718 1229 certe
756 1175 900 1243 quod
936 1188 1150 1242 semper
1189 1176 1256 1230 de
1300 1176 1479 1229 futuro
1503 1177 1704 1246 judicio

156 1265 370 1333 loquitur
400 1263 613 1333 justus,
658 1276 715 1319 ut
757 1280 1110 1322 commonens
1147 1281 1361 1336 semper
1399 1270 1476 1324 vel
1508 1280 1710 1324 semet-

153 1353 329 1422 ipsum,
362 1355 443 1409 vel
472 1357 560 1423 qui
592 1368 652 1409 se
697 1355 946 1420 audiunt,
978 1357 1044 1411 de
1086 1355 1252 1409 futuri
1297 1356 1485 1425 judicii
1536 1366 1703 1425 metu,

149 1457 204 1502 et
229 1449 286 1502 dc
311 1446 586 1517 suppliciis
621 1464 740 1517 quae
785 1458 1087 1519 praeparata
1132 1457 1259 1504 sunt
1302 1450 1701 1519 peccatoribus,

150 1540 215 1593 de
241 1538 409 1593 l'utura
438 1539 867 1606 examinatione,
898 1540 992 1595 sed
1016 1548 1071 1597 et
1097 1541 1164 1595 de
1193 1541 1704 1609 repromissiouibus

150 1642 439 1685 sanctorum
463 1647 583 1700 qua:
607 1642 921 1701 purpurata:
952 1642 1077 1692 sunt
1098 1633 1179 1688 eis
1211 1649 1239 1687 a
1264 1633 1394 1698 Deo,
1423 1646 1479 1690 et
1508 1645 1705 1690 semet-

148 1723 307 1793 ipsum
332 1723 537 1778 salvdm
568 1723 751 1787 faciat,
785 1738 839 1779 et
863 1740 957 1779 eos
986 1725 1076 1794 qui
1121 1739 1182 1779 se
1227 1725 1471 1783 audiunt.
1498 1727 1564 1781 Et
1601 1729 1702 1785 hoc

1812 526 2132 596 sapientiam
2166 528 2257 583 Dei
2296 528 2623 585 meditemini
2666 527 2718 583 in
2758 542 2853 583 ore
2894 536 3093 595 vestro,
3118 538 3173 584 et
3207 529 3386 599 lingua

1813 628 1991 674 vestra
2022 617 2271 688 loquatur
2297 619 2584 690 judicium,
2616 630 2671 676 ct
2703 621 2787 676 lex
2820 620 2910 676 Dei
2945 621 3016 675 sit
3048 620 3104 675 in
3131 621 3388 677 cordibus

1812 716 2046 779 vestris,
2097 729 2371 783 nunquam
2412 715 2908 785 supplantabuntur
2942 730 3163 785 gressus
3198 717 3387 775 vestri.

1879 805 1935 861 4.
1983 805 2111 862 Post
2149 805 2267 860 haec
2315 806 2434 863 ait:
2481 806 2815 875 Considerat,
2847 805 3110 875 inquit",
3147 818 3389 876 peccator

1800 897 2029 967 justum.
2064 897 2383 954 Considerat
2422 905 2477 952 et
2522 899 2761 954 intuetur
2787 908 3041 968 peccator
3074 899 3302 970 justum,
3331 908 3389 953 et

1808 989 1987 1058 gravis
2037 997 2119 1047 est
2172 990 2220 1045 ei
2265 989 2334 1045 ad
2374 989 2687 1056 videndum,
2728 1000 2783 1046 et
2822 990 2940 1046 ideo
2985 992 3295 1047 considerat
3330 1000 3389 1045 ut

1808 1082 1969 1137 morti
1988 1095 2109 1137 eum
2140 1082 2316 1137 tradat
2340 1099 2353 1135 :
2374 1081 2517 1152 quod
2534 1080 2776 1136 fecerunt
2800 1082 2914 1137 sine
2933 1082 3095 1138 dubio
3126 1082 3388 1137 adversus

1808 1173 2143 1230 Salvatorem
2176 1174 2248 1229 illi
2273 1174 2363 1244 qui
2405 1174 2694 1244 prophetas
2740 1175 3076 1241 occiderunt,
3124 1183 3180 1230 et
3220 1175 3383 1228 Deum

1806 1271 2222 1337 cruciﬁxerunt,
2275 1280 2333 1326 et
2377 1285 2475 1326 nos
2518 1271 2787 1339 persecuti
2831 1280 2957 1325 sunt
3004 1271 3168 1326 etiam
3219 1285 3385 1337 nunc,

1804 1361 2123 1432 ctpopulum
2147 1362 2239 1416 Dei
2257 1363 2346 1431 qui
2376 1370 2459 1416 est
2480 1360 2704 1427 Christi,
2727 1362 2776 1415 id
2804 1359 3129 1428 estjustitite
3158 1361 3389 1428 discipu-

1805 1450 1906 1518 los,
1932 1451 2275 1506 considerant
2303 1459 2357 1506 et
2378 1450 2533 1506 morti
2562 1450 2773 1505 tradere
2797 1450 3112 1520 cupiunt,et
3138 1460 3388 1531 quaerunt

1803 1541 2135 1597 tnortilicare
2172 1556 2287 1598 eos.
2332 1541 2437 1597 Sed
2468 1542 2598 1611 quid
2642 1541 2773 1597 dicit
2810 1540 3038 1611 populus
3089 1542 3180 1597 Dei
3209 1543 3387 1613 justus

1803 1644 1857 1689 et
1891 1633 2119 1704 juStitiaa
2147 1634 2483 1704 discipulus?
2512 1634 2605 1689 Ille
2643 1635 2812 1690 utitur
2842 1636 3005 1689 verbo
3039 1634 3302 1705 Magistri,
3331 1646 3381 1692 et

1806 1726 1934 1782 dicit
1956 1727 2036 1783 ⁸³ε
2069 1725 2191 1781 Non
2224 1727 2438 1781 haberes
2474 1727 2526 1781 in
2550 1743 2628 1782 me
2657 1736 2984 1797 potestatem,
3010 1729 3112 1784 nisi
3144 1730 3238 1784 tibi
3260 1731 3385 1784 data

149 1814 293 1869 modo
321 1814 695 1884 complcbitur,
719 1818 847 1885 quia
879 1793 1062 1888 lingua
1099 1819 1229 1889 justi
1276 1818 1531 1890 loquetur
1554 1821 1700 1890 judi—
1735 1793 1776 1847 Β
1805 1830 1937 1875 esset
1972 1821 2216 1887 desuper.
2245 1819 2430 1877 Potest
2463 1820 2566 1876 hoc
2593 1793 2730 1877 et'in
2771 1793 3012 1891 tempore
3046 1823 3385 1892 persecutio-

144 1909 297 1962 cium.
337 1907 394 1963 Si
442 1922 572 1963 vero
595 1918 807 1979 oportet
832 1910 995 1965 etiam
1039 1912 1125 1967 hic
1166 1913 1584 1968 declinationem
1620 1916 1703 1970 l'u-

146 1998 246 2052 turi
274 2000 523 2067 temporis
554 1999 867 2065 observare,
903 2001 1027 2069 quia
1077 2018 1182 2056 non
1237 2003 1396 2067 dixit,
1440 2003 1699 2075 loquitur,

142 2092 230 2144 sed
253 2091 500 2160 loquetur,
530 2105 816 2159 possumus
850 2094 1012 2147 etiam
1039 2094 1090 2149 in
1122 2095 1225 2151 hoc
1250 2096 1354 2151 tale
1384 2096 1591 2165 aliquid
1620 2098 1703 2153 iu-

141 2182 393 2252 telligerc,
425 2184 549 2252 quia
588 2199 730 2239 nunc
759 2194 1239 2257 quantumcunque
1285 2187 1418 2244 illud
1445 2199 1528 2244 est
1559 2191 1699 2260 quod

139 2276 202 2329 de
235 2274 317 2329 Dei
341 2275 547 2346 judicio
581 2278 660 2331 vel
717 2278 857 2347 loqui
905 2293 1192 2348 possumus
1232 2281 1314 2335 vel
1355 2283 1581 2348 sentire,
1613 2299 1702 2341 ne-

133 2380 283 2423 wsse
308 2378 386 2421 est
418 2383 519 2422 nos
544 2368 673 2423 illud
704 2371 850 2425 scire
878 2371 1017 2438 quod
1047 2371 1234 2426 deﬁnit
1263 2374 1578 2442 Apostolus,
1617 2376 1701 2430 di-

135 2473 261 2512 cens
284 2457 369 2513 ":
410 2458 582 2523 Quam
622 2461 988 2517 inscrutabilia
1037 2472 1162 2518 sunt
1200 2465 1413 2532 judicia
1454 2467 1603 2535 ejus,
1651 2478 1697 2521 et

132 2550 502 2619 iuvestigabiles
528 2553 621 2606 vite
648 2551 797 2621 ejus!
825 2551 883 2607 Si
917 2568 1046 2610 vero
1082 2557 1371 2624 pervenire
1401 2561 1700 2629 poterimus

129 2642 197 2695 ad
222 2642 358 2696 illam
390 2644 799 2712 perfectionem,
830 2647 897 2701 de
923 2660 1027 2715 qua
1067 2649 1195 2703 dicit
1226 2648 1272 2681 "
1304 2666 1319 2704 :
1351 2649 1496 2705 Tunc
1524 2662 1699 2708 autem

123 2734 265 2801 facie
296 2738 362 2790 ad
394 2738 602 2806 (aciem,
637 2740 687 2794 id
718 2750 801 2794 est
831 2756 953 2795 cum
1000 2756 1086 2798 res
1118 2743 1246 2813 ipszn
1292 2746 1450 2802 nobis
1475 2748 1698 2803 eviden-

126 2828 292 2883 tiores
336 2830 487 2893 ﬂent,
536 2847 658 2886 cum
710 2837 1041 2903 coeperimus
1087 2852 1382 2908 agnoscere
1433 2840 1695 2896 rationem

120 2920 453 2989 singularum
502 2938 684 2979 rerum
736 2941 855 2994 quae
905 2928 956 2980 in
1006 2927 1112 2982 hoc
1154 2929 1356 2984 mundo
1395 2929 1478 2985 vel
1530 2942 1696 3001 gestae

116 3012 348 3066 suntvcl
374 3024 657 3083 geruntur,
693 3020 837 3085 quali
877 3017 1076 3086 iudicio
1109 3028 1273 3090 gesta:
1302 3032 1447 3086 sunt,
1482 3023 1563 3078 vel
1588 3038 1695 3093 quo

1804 1908 1890 1965 nis
1922 1908 2205 1980 gentilium
2241 1909 2309 1965 de
2354 1911 2558 1967 sanctis
2604 1910 2937 1982 martyribus
2975 1921 3031 1966 et
3058 1913 3387 1969 confessori.

1802 2001 1904 2057 bus
1952 2002 2151 2073 aptari.
2201 2003 2564 2060 Considerant
2611 2006 2757 2061 enim
2808 2005 2959 2077 impii
3010 2016 3385 2075 persecutores

1803 2109 2243 2165 unumquemque
2302 2096 2575 2166 justorum
2641 2107 2697 2153 et
2751 2108 3002 2169 quaerunt
3054 2098 3385 2155 mortiﬁcare

1800 2202 1948 2245 eum.
1989 2186 2095 2243 Sed
2130 2202 2199 2244 ne
2253 2204 2504 2245 securum
2550 2191 2739 2247 reddat
2784 2191 2937 2262 pacis
2985 2199 3228 2262 tempore
3280 2192 3383 2247 ista

1804 2279 1927 2334 talis
1974 2280 2266 2350 expositio,
2307 2290 2578 2338 memento
2628 2282 2756 2352 quia
2800 2282 3173 2353 quotidianum
3220 2283 3386 2339 habet

1796 2372 1977 2443 justus
2004 2383 2409 2443 persecutorem
2437 2374 2735 2440 diabolum,
2764 2383 2820 2430 et
2846 2376 2938 2433 ille
2963 2383 3046 2432 est
3076 2375 3169 2446 qui
3199 2376 3384 2431 consi-

1802 2466 1954 2520 derat
1986 2463 2212 2535 justum.
2245 2463 2534 2520 insidiatur
2574 2464 2719 2520 enim
2760 2478 2973 2536 semper
3018 2472 3075 2520 et
3115 2464 3255 2519 sicut
3299 2461 3385 2517 leo

1802 2557 2026 2628 rugiens
2071 2557 2266 2613 circuit
2297 2572 2553 2627 quaerens
2597 2572 2760 2628 quem
2809 2563 3140 2612 transvoret.
3182 2553 3292 2609 Sed
3334 2552 3385 2610 si

1802 2649 1906 2704 lide
1936 2649 2127 2719 plenus
2159 2663 2219 2705 es
2250 2658 2306 2705 et
2330 2648 2573 2706 .conlidis
2606 2649 2660 2703 in
2690 2647 2940 2712 Domino,
2973 2646 3096 2701 vide
3128 2645 3259 2716 quid
3298 2658 3384 2699 re-

1798 2740 2148 2811 promittatur
2199 2740 2248 2774 “
2292 2758 2306 2796 :
2357 2740 2612 2794 Dominus
2663 2747 2838 2793 autem
2895 2754 2998 2792 non
3058 2737 3382 2808 derelinquet

1795 2850 1917 2890 eum
1947 2835 2003 2888 in
2030 2833 2269 2887 manibus
2303 2833 2439 2902 ejus,
2475 2831 2779 2900 peccatoris
2825 2829 3050 2892 scilicet,
3098 2845 3190 2883 nec
3229 2835 3382 2881 dant-

1797 2926 1941 2979 nubit
1978 2941 2096 2979 eum
2123 2940 2244 2979 cum
2278 2924 2615 2994 judicabitur
2646 2922 2748 2977 illi.
2799 2921 3098 2992 Dupliciter
3131 2918 3385 2989 intelligit

1796 3016 1899 3073 hoc
1932 3018 2076 3087 quod
2111 3016 2209 3083 ait,
2229 3015 2562 3085 judicabitur
2594 3013 2695 3079 illi,
2725 3014 2776 3068 id
2807 3022 2892 3067 est
2928 3012 3046 3067 sive
3084 3027 3205 3066 cum
3229 3010 3380 3079 judi-

107 3098 317 3166 judicio
358 3103 499 3161 Deus
530 3116 713 3162 utatur
748 3111 799 3165 in
833 3111 1079 3182 singulis,
1106 3113 1302 3180 quibus
1342 3116 1696 3183 providentiae
1723 3129 1770 3192 ο
1800 3118 1959 3164 catur
1987 3108 2167 3179 justus
2214 3124 2246 3162 ει
2290 3108 2420 3170 DeO.
2457 3107 2571 3161 sive
2611 3121 2734 3161 cum
2773 3108 2887 3175 ipse
2932 3104 3073 3161 Deus
3101 3105 3380 3173 iudicatur

111 3209 233 3247 sua:
261 3196 781 3266 dispensationibus:
808 3204 853 3257 si
896 3204 1019 3272 quis
1059 3205 1252 3272 dignus
1303 3205 1468 3261 fuerit
1515 3211 1697 3265 consi-

109 3286 309 3341 derare
340 3296 392 3340 et
423 3292 735 3359 perspicere
773 3295 1045 3362 quomodo
1079 3295 1284 3365 judicia
1336 3297 1428 3351 Dei
1467 3298 1696 3370 abyssus

112 3376 289 3431 multa
318 3390 433 3443 est;
471 3396 591 3435 cum
617 3383 832 3451 plenius
868 3386 1105 3454 recipere
1131 3389 1432 3459 poterimus
1462 3394 1694 3462 gratiam

107 3467 344 3536 spiritus
389 3472 530 3527 illius
580 3476 673 3543 qui
717 3477 897 3531 omnia
951 3490 1342 3550 perscrutatur,
1371 3485 1532 3540 etiam
1585 3486 1692 3541 alta

106 3556 235 3625 Dei,
266 3569 393 3617 tunc
424 3579 548 3619 vere
573 3575 629 3621 et
657 3566 862 3638 integre
892 3573 1186 3626 secundum
1215 3577 1518 3645 prophetici
1543 3578 1691 3634 verbi

102 3650 518 3708 distinctionem
546 3656 724 3727 lingua
752 3659 881 3728 justi
923 3661 1173 3730 loquetur
1197 3665 1397 3734 judicia
1431 3668 1550 3724 Dei.

182 3743 240 3799 5.
266 3742 372 3799 Lex
396 3745 490 3800 Dei
512 3748 626 3817 ejus
644 3750 698 3803 in
728 3752 884 3807 corde
904 3754 1066 3819 ipsius
1082 3755 1148 3810 ‘9.
1167 3756 1282 3811 Non
1314 3759 1485 3814 solum
1516 3761 1570 3815 in
1597 3777 1694 3817 ore

84 3832 285 3901 justus
336 3837 684 3895 meditabitur
732 3843 1078 3913 sapientiam,
1114 3856 1167 3901 et
1213 3849 1390 3921 lingua
1443 3851 1695 3923 loquetur

81 3927 389 3996 judicium,
416 3933 507 3985 sed
535 3943 591 3988 et
622 3934 674 3987 in
702 3937 865 3991 corde
897 3951 999 3993 suo
1028 3938 1202 4010 legem
1239 3941 1329 3996 Dei
1362 3945 1539 4013 gerit;
1565 3949 1691 4016 quia

90 4017 190 4070 lex
227 4017 372 4072 velut
411 4022 561 4075 radix
602 4025 847 4087 quaedam
894 4027 945 4081 iu
981 4029 1245 4097 profundo
1278 4035 1459 4089 cordis
1491 4039 1689 4106 posita,

82 4110 379 4177 germinat
408 4115 566 4167 verba
594 4112 841 4182 justitiaa,
881 4122 1044 4175 verba
1066 4125 1398 4189 sanctitatis,
1430 4143 1548 4198 quae
1575 4146 1695 4199 pro-

86 4204 206 4255 lert
235 4202 422 4272 justus
456 4207 522 4261 de
552 4210 715 4263 corde
743 4225 862 4275 suo,
893 4223 947 4268 et
979 4230 1084 4269 non
1116 4217 1287 4271 solum
1326 4222 1568 4286 verbum,
1601 4237 1693 4276 ve-

79 4310 220 4348 rum
250 4306 309 4350 et
342 4308 497 4353 actus
522 4300 686 4354 etiam
717 4312 771 4356 et
801 4314 976 4373 gesta.
1001 4305 1169 4362 Judmi
1207 4324 1344 4378 pene
1378 4313 1690 4369 indesinen-

73 4396 176 4441 ter
210 4387 392 4458 legem
424 4390 516 4445 Dei
546 4407 641 4447 ore
674 4410 773 4449 suo
803 4406 858 4450 et
885 4397 1042 4453 labiis
1073 4402 1424 4471 meditantur,
1459 4409 1551 4460 sed
1580 4422 1685 4462 non

1797 3216 1920 3258 cum
1946 3201 2114 3271 justo.
2143 3199 2478 3269 Frequenter
2508 3198 2653 3255 enim
2677 3198 2860 3253 divina
2905 3197 3188 3267 Scriptura
3221 3198 3380 3251 docet

1796 3296 1911 3349 haec
1959 3293 2097 3359 ﬁeri,
2128 3293 2313 3347 dicens
2335 3292 2382 3324 ⁸⁸
2414 3291 2538 3360 quia
2586 3291 2695 3361 ipse
2730 3289 2983 3344 Dominus
3024 3289 3078 3343 in
3106 3288 3377 3359 judicium

1794 3382 1982 3436 veniet.
2020 3383 2156 3437 Cum
2197 3395 2327 3450 ergo
2366 3379 2698 3449 iudicabitur
2735 3380 2915 3448 justus
2955 3395 3079 3434 cum
3123 3379 3374 3441 Domino,

1796 3492 1901 3530 non
1949 3475 2422 3541 condemnabitur,
2447 3487 2502 3530 et
2546 3476 2666 3530 ideo
2698 3475 2829 3530 dicit
2851 3474 2897 3505 ⁸⁸
2927 3490 2938 3524 :
2978 3472 3240 3540 Exspecta
3269 3473 3376 3528 Do-

1795 3566 2034 3633 minum;
2082 3567 2135 3622 id
2164 3575 2249 3623 est
2295 3567 2341 3623 si
2378 3566 2679 3633 tribularis,
2708 3566 2756 3622 si
2807 3566 2860 3621 in
2904 3567 3169 3637 angustiis
3204 3580 3283 3633 es,
3330 3566 3376 3621 si

1797 3659 1850 3713 in
1902 3657 2389 3727 persecutionibus,
2424 3666 2666 3727 exspecta
2712 3657 3017 3721 Dominum,
3067 3665 3117 3711 et
3168 3657 3376 3710 custodi

1793 3752 1929 3806 viam
1956 3753 2091 3822 ejus,
2121 3768 2222 3809 nec
2264 3752 2502 3809 declines
2544 3752 2612 3807 ad
2659 3752 2940 3807 dexteram
2980 3765 3155 3820 neque
3192 3753 3261 3805 ad
3300 3751 3379 3804 si-

1794 3845 2043 3900 nistram.
2074 3844 2130 3900 Si
2161 3847 2307 3899 enim
2341 3843 2794 3901 indeclinabiliter
2836 3843 3241 3913 exspectaveris
3270 3843 3376 3896 Do-

1796 3934 2024 4001 minum,
2058 3933 2377 4001 adipisceris
2414 3934 2545 3988 illud
2578 3935 2723 4003 quod
2753 3934 3040 4003 sequitur:
3072 3933 3138 3986 Et
3175 3933 3380 3987 exalta-

1794 4024 1864 4077 bit
1886 4034 1955 4092 te,
1986 4025 2159 4094 inquit
2180 4024 2246 4093 ⁸⁷,
2264 4036 2321 4079 ιιι
2339 4026 2618 4079 Ιιιεγεαὶιεε
2640 4034 2855 4084 terram.
2883 4024 3218 4095 Frequenter
3238 4022 3377 4077 dixi-

1794 4132 1914 4173 mus
1945 4120 2011 4174 de
2057 4128 2201 4173 terra
2243 4129 2455 4186 sancta,
2486 4127 2542 4174 et
2583 4119 2652 4173 de
2700 4129 2844 4175 terra
2890 4132 3012 4189 qua:
3051 4117 3107 4173 in
3143 4115 3377 4172 haeredi-

1796 4219 1960 4265 tatem
2012 4211 2437 4280 promissionum
2491 4211 2795 4268 caelestium
2836 4211 3173 4276 nominatur,
3222 4208 3376 4277 cujus

1793 4312 1998 4357 natura:
2021 4303 2184 4358 etiam
2214 4304 2351 4360 situs
2375 4304 2537 4375 paulo
2568 4304 2874 4360 evidentius
2895 4304 2947 4358 in
2975 4304 3076 4358 hoc
3105 4301 3374 4357 versiculo

1792 4394 2125 4463 designatur.
2179 4394 2317 4450 Nam
2361 4398 2465 4452 ista
2515 4406 2662 4452 terra
2708 4398 2761 4451 in
2813 4410 2917 4465 qua
2966 4408 3111 4449 nunc
3138 4394 3374 4448 vivimus

69 4479 304 4533 habent
339 4495 460 4535 eam
491 4483 543 4536 in
572 4485 840 4551 profundo
871 4489 1051 4543 cordis
1077 4491 1331 4557 deﬁxam,
1360 4504 1414 4546 et
1439 4507 1686 4565 propter-

1802 4487 2051 4542 deorsum
2094 4502 2215 4544 esse
2262 4489 2482 4555 dicitur,
2523 4487 2823 4544 secundum
2873 4486 3006 4543 illud
3054 4487 3195 4556 quod
3239 4486 3374 4543 scri-

62 4586 142 4625 ea
184 4571 400 4625 dicitur
435 4574 500 4626 ad
530 4589 625 4630 eos
651 4576 739 4631 l“’z
774 4575 1012 4648 Populus
1056 4583 1138 4635 hic
1182 4583 1333 4639 labiis
1381 4603 1462 4640 me
1515 4589 1683 4643 hono-

60 4673 168 4717 rat
197 4704 215 4727 ,
264 4681 366 4719 cor
406 4679 580 4723 autem
635 4687 817 4726 eorum
849 4671 1002 4743 longe
1036 4685 1111 4729 est
1163 4694 1195 4730 a
1243 4695 1343 4732 me.
1399 4678 1505 4735 Nos
1556 4697 1687 4752 ergo

52 4758 113 4811 si
148 4757 475 4813 secundum
514 4762 613 4816 hoc
637 4763 781 4832 quod
818 4762 1068 4834 legimus,
1104 4782 1199 4823 ore
1245 4779 1432 4825 nostro
1467 4773 1685 4841 sapien-

54 4850 221 4901 tiam
269 4847 604 4907 meditemur
646 4864 701 4908 et
742 4855 923 4927 lingua
976 4868 1159 4912 nostra
1209 4859 1494 4930 loquamur
1535 4864 1681 4934 judi-

44 4940 258 5006 cium,
298 4949 357 4995 et
402 4942 485 4998 lex
515 4944 608 4999 Dei
656 4946 728 5001 sit
777 4948 829 5002 in
878 4951 1132 5005 cordibus
1163 4954 1386 5018 nostris,
1416 4955 1684 5026 adipisce-

40 5050 207 5088 mur
254 5035 398 5091 illud
428 5039 568 5108 quod
600 5040 847 5110 sequitur
871 5042 916 5074 ’ί
951 5057 967 5097 :
1012 5042 1080 5097 Et
1118 5060 1219 5097 non
1262 5047 1682 5116 supplantabun-

36 5139 159 5185 tur
192 5144 426 5199 gressus
474 5131 610 5201 ejus.
656 5132 793 5190 Puto
849 5151 946 5192 nos
991 5138 1307 5195 meminisse
1341 5156 1527 5197 eorum
1564 5160 1684 5215 qua:

44 5227 111 5276 lu
133 5222 296 5276 dum
332 5224 400 5278 de
429 5226 708 5295 gressibus
737 5228 1148 5298 disputavimus,
1191 5245 1243 5287 et
1282 5248 1417 5302 opus
1464 5248 1547 5291 est
1582 5255 1682 5296 nos

47 5334 88 5368 ιι
148 5316 507 5371 memoriam
538 5333 795 5374 revocare
826 5336 943 5390 quae
968 5321 1109 5376 dicta
1137 5333 1286 5389 sunt,
1311 5338 1369 5379 ut
1403 5328 1682 5387 videamus

32 5420 162 5472 ιιιο
182 5404 375 5458 modo
407 5405 769 5476 ingredientes
795 5410 1013 5479 quidam
1049 5413 1470 5484 supplantantur
1512 5428 1567 5474 et
1604 5421 1683 5475 ei-

43 5495 194 5551 und
214 5507 404 5551 untur
427 5513 646 5569 gressus
679 5503 1074 5570 coruum-Quod
1119 5507 1163 5562 si
1205 5511 1439 5567 servatis
1470 5514 1521 5568 in
1564 5532 1678 5571 me-

1792 4588 1943 4647 ptum
1982 4588 2065 4636 est
2096 4581 2143 4613 ⁵⁸
2170 4599 2184 4634 ;
2228 4581 2370 4635 Deus
2402 4590 2579 4635 autem
2608 4580 2662 4633 in
2687 4578 2814 4635 caelo
2837 4594 3068 4646 sursum,
3103 4588 3161 4632 tu
3195 4588 3371 4633 autem

1792 4671 1846 4723 in
1878 4680 2017 4724 terra
2045 4672 2311 4726 deorsum.
2343 4669 2436 4725 llla
2480 4676 2659 4727 autem
2702 4678 2846 4726 terra
2888 4686 3010 4742 qua:
3051 4673 3105 4729 in
3146 4673 3374 4733 haeredi-

1795 4770 1955 4817 tatem
1984 4762 2146 4832 justis
2178 4764 2535 4830 promittitur,
2576 4776 2684 4818 non
2713 4763 2989 4831 deorsum,
3023 4764 3119 4820 sed
3150 4779 3368 4821 sursum

1792 4870 1917 4911 esse
1945 4857 2297 4925 promittitur.
2335 4858 2627 4928 Propterea
2673 4858 2743 4913 ad
2791 4873 2915 4913 eum
2960 4858 3052 4928 qui
3091 4866 3373 4928 exspectat

1792 4953 1955 5024 677
2001 4951 2285 5007 Dominum
2337 4958 2393 5006 et
2436 4944 2675 5006 custodit
2711 4949 2854 5004 viam
2895 4949 3034 5019 ejus,
3067 4949 3145 5003 ait
3178 4962 3372 5019 reproo

1793 5045 2074 5100 missionis
2109 5058 2291 5100 sermo
2318 5061 2333 5098 :
2364 5042 2638 5098 Exaltabit
2670 5052 2719 5097 te
2745 5051 2804 5098 ut
2836 5041 3114 5097 hwredites
3143 5048 3366 5093 terram.

1792 5136 1905 5194 Nisi
1939 5139 2086 5193 enim
2122 5137 2245 5207 quis
2290 5137 2563 5193 exaltetur
2599 5146 2655 5193 et
2699 5136 2963 5193 ascendat
3005 5134 3059 5187 in
3109 5131 3276 5186 altum
3312 5139 3370 5185 et

1793 5229 2062 5285 elliciatur
2101 5228 2359 5293 caelestis,
2404 5243 2512 5297 non
2555 5237 2732 5298 potest
2778 5225 3158 5283 haereditatem
3207 5232 3368 5278 terrm

1792 5324 1935 5378 illius
1965 5322 2247 5393 consequi.
2293 5322 2449 5379 Unde
2490 5337 2591 5390 ego
2621 5321 2877 5385 arbitror,
2910 5319 3034 5389 quia
3068 5318 3211 5372 sicut
3241 5316 3365 5372 caeli

1793 5418 1974 5482 istius,
2004 5417 2057 5471 id
2090 5426 2172 5471 est
2203 5414 2553 5481 ﬁrmamenti,
2584 5412 2812 5468 inferius
2855 5412 3033 5467 solum
3064 5410 3217 5464 arida
3248 5409 3363 5462 ha'c

1792 5515 1844 5569 in
1878 5508 1983 5583 qu'a
2025 5525 2124 5567 nos
2168 5508 2504 5573 habitamus,
2557 5517 2702 5561 terra
2756 5502 2875 5573 ejus
2915 5503 3159 5557 dicitur:
3190 5502 3263 5555 ita
3310 5508 3368 5554 et

114 5688 175 5766 ’ξπ
222 5686 404 5740 Rom.
430 5688 625 5766 XI,_§3.
676 5690 791 5766 χ’]
820 5690 1074 5755 Cor.xm,
1105 5696 1188 5748 1'2.
1268 5698 1311 5730 ‘9
1343 5698 1481 5753 Psal.
1505 5718 1693 5766 vxxvt,
1719 5705 1807 5759 3i.
1883 5700 2046 5757 “lsa.
2076 5716 2231 5761 xxix,
2264 5700 2350 5754 l5.
2424 5700 2466 5731 ⁵¹
2489 5695 2632 5751 Psal.
2662 5711 2847 5755 xxxvi,
2869 5694 2957 5747 5|.
3033 5694 3079 5766 ξ’
3112 5692 3238 5748 ibid.
3271 5691 3361 5747 32.

50 5760 67 5783 "
113 5756 329 5813 Joan.
371 5772 483 5826 xu,
510 5759 595 5815 11.
675 5759 720 5792 ⁸³
749 5761 838 5817 Ps.
870 5765 1168 5833 xxxv1,55.

1246 5769 1290 5801 ⁵⁸
1334 5770 1430 5827 lsa.
1484 5788 1567 5841 ιιι,
1604 5777 1686 5830 Li.
1764 5776 1809 5808 "
1848 5774 2167 5839 Ps..xxxv1,
2207 5771 2296 5826 54.
2373 5771 2415 5802 ⁸⁷
2451 5769 2585 5825 ibid-

2662 5766 2705 5799 "
2736 5766 2914 5821 Eccle.
2949 5779 3001 5829 v,
3027 5765 3075 5818 l.
