3808 6496
522 317 662 373 156⁸5

519 437 666 491 illius
696 431 991 502 superioris
1025 428 1165 499 quod
1215 426 1590 497 principaliter
1624 426 1819 482 caelum
1872 426 2090 491 dicitur,

517 524 745 580 inferius
773 524 947 579 solum
984 524 1035 576 in
1068 536 1174 590 quo
1210 518 1551 573 habitatores
1577 518 1650 572 illi
1682 518 1933 573 cmlestes
1962 533 2094 573 con-

517 626 826 681 versantur,
864 626 938 680 et,
974 622 1033 667 ut
1080 613 1153 666 ita
1195 612 1392 678 dicam,
1426 614 1648 666 dorsum
1683 612 1857 679 ipsum
1903 610 2091 663 ﬁrma-

519 710 685 765 menti
723 706 900 775 hujus,
940 704 1155 770 merito,
1197 713 1256 759 ttt
1287 703 1415 766 dixi,
1455 713 1599 757 terra
1637 701 1780 756 illius
1815 702 1937 755 caeli
1971 716 2092 757 esse

519 802 720 857 dicitur
753 798 883 854 :sed
914 807 1058 852 terra
1093 798 1258 860 bona,
1290 803 1433 850 terra
1470 804 1685 859 sancta,
1720 804 1863 849 terra
1896 794 2089 860 multa,

520 902 663 945 terra
696 891 963 958 vivorum,
996 900 1141 945 terra
1172 887 1346 944 ﬂuens
1385 888 1467 943 lac
1502 899 1555 943 et
1592 889 1693 944 mel
1725 907 1737 940 :
1768 900 1821 942 et
1853 888 1976 942 ideo
2010 888 2092 943 di-

518 981 593 1035 cit
626 998 769 1037 nunc
804 996 985 1038 sermo
1022 982 1239 1038 divinus
1274 998 1289 1038 :
1325 981 1594 1036 Exaltabit
1640 990 1689 1034 te
1723 990 1777 1033 ut
1813 979 2089 1034 Itwredites

519 1082 737 1129 terram.

496 1224 503 1229 ,
587 1168 641 1222 5.
662 1165 790 1222 Cum
819 1167 1373 1236 perierintpeccatores
1395 1168 1589 1223 videbis
1608 1163 1957 1221 ".Fortassis
1986 1164 2090 1219 hoc

516 1260 666 1330 prius
715 1259 842 1324 erit,
879 1269 939 1311 ut
994 1269 1309 1328 peccatores
1356 1268 1412 1313 et
1466 1259 1658 1328 impios
1698 1256 1831 1327 justi
1870 1255 2088 1309 videant

516 1352 923 1405 condemnatos.
981 1349 1140 1405 Prius
1191 1350 1335 1404 enim
1390 1348 1769 1418 peccatoribus
1828 1360 2000 1416 praua:
2034 1352 2089 1399 et

517 1442 779 1512 supplicia
813 1442 1179 1497 decernuntur
1209 1466 1220 1497 ;
1248 1456 1366 1511 qua:
1411 1456 1535 1495 cum
1583 1439 1819 1493 viderint
1852 1437 2004 1507 justi,
2035 1444 2089 1491 et

516 1536 838 1604 agnoverint
868 1534 997 1604 quid
1040 1534 1256 1589 intersit
1291 1535 1433 1587 inter
1470 1534 1667 1587 bonam
1698 1531 1863 1584 vitam
1892 1539 1945 1584 et
1979 1545 2085 1583 ma-

519 1626 647 1691 lam,
677 1636 878 1682 etcum
912 1626 1300 1689 intellexerint~
1331 1627 1465 1678 bene
1505 1624 1734 1678 vivendo
1764 1623 1831 1677 de
1865 1622 2087 1691 quantis

516 1719 792 1775 evaserint
824 1720 1001 1785 malis,
1037 1720 1108 1773 ita
1143 1728 1201 1772 ut
1232 1719 1305 1773 illi
1335 1721 1426 1787 qui
1462 1720 1514 1773 in
1540 1718 1719 1787 poenis
1748 1724 1876 1789 sunt
1902 1716 2086 1771 viden-

518 1824 597 1867 tes
629 1828 724 1868 eos
773 1813 825 1866 in
873 1812 1042 1883 gloria
1089 1812 1319 1866 dicant:
1351 1808 1465 1864 Nos
1516 1809 1663 1863 stulti
1710 1810 1870 1862 vitam
1903 1824 2085 1863 eorum

513 1906 825 1965 putabamus
877 1904 1212 1968 insaniam“,
1264 1911 1448 1970 postea
1484 1916 1612 1972 ergo
1647 1915 1810 1969 quam
1853 1900 2087 1954 viderint

513 1997 785 2067 quomodo
814 2002 1041 2064 pereunt
1090 2002 1429 2062 peccatores,
1467 2000 1595 2045 tunc
1626 1991 1724 2059 ipsi
1756 1987 2083 2043 exaltabun-

515 2100 601 2142 tur
636 2097 691 2142 et
730 2086 1026 2142 eﬂ'erentur
1060 2088 1128 2139 ad
1174 2085 1371 2139 caelum
1410 2093 1469 2138 ut
1512 2083 1833 2139 haereditcnt
1861 2091 2082 2136 terram.

512 2179 667 2233 Nunc
713 2178 827 2249 jam
866 2191 1050 2232 sermo
1078 2184 1260 2229 monet
1301 2184 1355 2229 et
1382 2174 1624 2230 solamen
1661 2172 1881 2226 adhibet
1908 2186 2086 2226 causae

511 2272 659 2335 huic,
688 2286 810 2340 qua:
843 2270 1039 2324 crebro
1075 2269 1207 2323 satis
1236 2282 1329 2323 cor
1360 2282 1498 2337 pene
1528 2266 1767 2321 omnium
1804 2265 2083 2319 hominum

511 2363 714 2431 pulsat.
762 2361 895 2417 Nam
942 2362 1069 2431 quia
1110 2360 1427 2431 frequenter
1456 2373 1554 2413 nos
1602 2358 1802 2413 inﬂrmi
1839 2358 2085 2413 videntes

513 2456 725 2525 iniquos
764 2469 1013 2525 quosque
1067 2463 1123 2507 et
1172 2454 1367 2523 impios
1399 2453 1453 2506 in
1484 2452 1587 2506 hac
1628 2452 1736 2505 vita
1778 2466 1899 2506 cum
1935 2450 2083 2505 omni

512 2548 775 2602 felicitate
797 2546 1052 2617 degentes
1072 2557 1122 2600 et
1145 2545 1419 2615 prosperis
1440 2544 1781 2599 successibus
1804 2541 2081 2607 ﬂorentes,

512 2639 1085 2710 abundaredivitiis,‘
1108 2638 1430 2703 honoribus,
1478 2635 1709 2691 fecunda
1739 2644 1795 2689 et
1831 2635 2083 2689 universa

511 2733 663 2803 prole
702 2731 958 2801 gaudere,
1003 2728 1214 2783 deliciis
1263 2728 1503 2792 ﬂuitare,
1555 2727 1989 2782 scandalizamur
2030 2735 2085 2781 et

511 2826 742 2881 dicimus
795 2825 845 2878 in
883 2822 1137 2891 cordibus
1167 2822 1371 2877 nostris
1406 2839 1421 2876 :
1459 2821 1559 2877 Ubi
1600 2828 1684 2876 est
1713 2819 1925 2889 justitia
1958 2819 2085 2875 Dei?

510 2921 567 2975 Si
612 2935 708 2989 per
746 2918 1143 2989 providentiam
1179 2917 1422 2971 divinam
1474 2930 1562 2984 res
1610 2924 1924 2983 agerentur,
1965 2928 2085 2982 per-

513 3012 749 3065 mitteret
782 3009 926 3064 Dens
968 3009 1114 3063 hunc
1146 3008 1388 3076 iniquum
1420 3014 1473 3059 et
1505 3006 1726 3075 impium
1775 3005 1826 3059 itt
1876 3013 2082 3058 tantum

1934 305 2027 362 EX
2064 303 2367 364 ORIGENE

3510 342 3589 400 (εει

2124 430 2165 487 Α
2198 424 2472 482 catoribus
2495 435 2549 481 et
2571 427 2845 497 superbis,
2869 436 3078 484 certum
3099 438 3179 484 est
3200 447 3302 490 eum
3319 454 3399 496 non
3413 452 3576 511 transis!

2199 533 2298 573 nec
2343 520 2542 574 vidisse
2594 536 2715 590 qua:
2752 534 2856 573 non
2892 530 3049 585 sunt,
3089 523 3177 575 sed
3217 504 3591 604 permanere

2196 612 2445 678 pra-senti
2482 620 2647 676 statu,
2684 621 2741 665 et
2780 612 2987 667 idcirco
3024 614 3201 669 mirari
3225 618 3267 671 in
3302 626 3365 677 eis
3387 642 3590 694 prasente,

2196 702 2446 771 gloriam.
2496 701 2552 757 Si
2585 712 2767 758 autem
2814 720 2880 759 co
2912 703 3076 757 modo
3107 714 3319 762 transeat
3341 728 3422 780 quo
3441 728 3592 788 superius

2196 797 2454 861 diximus,
2487 796 2539 849 id
2566 804 2653 849 est
2701 806 2883 849 mente
2911 806 2967 850 et
2998 811 3160 850 sensu
3189 807 3496 864 transcendat:
3515 831 3592 881 pra-

2194 888 2439 942 sentibus
2466 895 2519 940 et
2549 887 2940 957 temporalibus
2968 888 3033 941 ad
3077 887 3244 943 futura
3272 903 3401 963 atque
3422 915 3593 971 ρει-ρειηι,

2196 987 2323 1033 tunc
2370 994 2501 1032 vero
2549 979 2680 1033 dicit
2729 980 2797 1031 de
2840 995 2905 1032 eo
2949 993 3113 1047 quem
3159 981 3497 1042 videritelattnn
3518 997 3597 1051 sicut

2193 1071 2384 1126 cedros
2414 1070 2625 1134 Libani,
2656 1070 2782 1140 quia
2811 1068 3041 1135 Transii,
3096 1082 3142 1123 et
3173 1088 3273 1126 ecce
3295 1092 3377 1130 non
3398 1097 3595 1155 eramque

2193 1167 2339 1221 “iam
2390 1176 2445 1219 et
2489 1167 2681 1222 ccehtm
2729 1167 2905 1235 ipsum
2954 1177 3010 1221 et
3064 1176 3209 1221 terra
3242 1175 3599 1251 transibunupatl

2195 1257 2360 1312 Deum
2390 1258 2569 1313 omnia
2598 1273 2720 1327 qua:
2753 1256 2936 1312 futura
2960 1270 3086 1314 sunt
3106 1259 3212 1327 jam
3236 1277 3317 1330 pro
3342 1264 3463 1322 iactis
3480 1273 3599 1329 habet.

2193 1359 2295 1403 tur.
2334 1350 2573 1420 Denique
2618 1350 2894 1406 dicebat“
2926 1368 2939 1404 :
2975 1350 3234 1407 Dederunt
3276 1357 3322 1408 in
3360 1376 3485 1414 essent
3507 1382 3601 1421 αω-

2191 1443 2286 1511 fel,
2330 1444 2473 1512 quod
2521 1443 2638 1497 sine
2674 1443 2837 1498 dubio
2889 1442 3130 1498 futurum
3165 1447 3319 1501 adhuc
3344 1463 3459 1517 erat,
3487 1460 3601 1526 etiam

2194 1535 2395 1588 factum
2427 1534 2733 1589 dicebatur.
2779 1534 2844 1589 In
2875 1537 2963 1590 siti
2996 1553 3110 1589 mea
3145 1546 3410 1603 putaverunt
3434 1561 3604 1613 meum.

2192 1636 2383 1681 etnon
2422 1627 2599 1681 dixit:
2627 1627 2909 1694 potabunt.
2960 1626 3051 1681 Sic
3084 1642 3212 1697 ergo
3250 1635 3369 1699 apud
3406 1633 3519 1689 Deum
3538 1656 3605 1709 qna

2194 1719 2373 1773 futura
2414 1728 2559 1785 sunt,
2582 1717 2691 1786 jam
2723 1717 2863 1773 facta
2894 1720 3172 1776 dicuntur.
3199 1723 3335 1789 Quod
3360 1728 3393 1779 si
3417 1738 3513 1783 etta
3538 1734 3608 1785 imi-

2191 1819 2331 1864 tator
2356 1826 2415 1865 es
2443 1810 2558 1876 Dei,
2600 1819 2671 1864 et
2706 1812 2937 1866 imitaris
2978 1811 3271 1877 Christum,
3312 1831 3397 1869 non
3428 1833 3606 1887 etSpectas

2189 1918 2475 1974 quousque
2521 1904 2622 1958 iste
2664 1904 2841 1959 elatus
2888 1904 3209 1959 humilietttr
3253 1916 3302 1961 et
3345 1913 3610 1980 exstinguitur,

2188 1998 2281 2052 sed
2312 1999 2450 2065 apud
2486 1990 2828 2067 temetipsum
2859 2006 2913 2052 et
2942 1998 2993 2052 in
3039 2008 3221 2052 mente
3262 2009 3399 2070 atque
3420 2004 3611 2058 animulae

2188 2092 2452 2147 transisse
2471 2107 2531 2146 ea
2553 2092 2665 2161 jam
2691 2093 2891 2154 cernis,
2909 2092 2952 2146 si
2980 2092 3095 2159 ipse
3117 2108 3271 2147 sensu
3296 2108 3350 2147 ac
3364 2106 3499 2151 mente
3515 2108 3616 2153 tntis

2186 2196 2281 2236 eas
2312 2197 2342 2235 a
2388 2182 2751 2248 praesentibus
2795 2182 2860 2235 ad
2897 2179 3097 2235 futura.
3132 2182 3327 2250 Accipe
3353 2193 3397 2237 et
3418 2188 3612 2252 etrmplnn

2188 2275 2255 2328 ad
2295 2276 2409 2328 haec
2452 2289 2570 2343 quae
2616 2275 2864 2329 dicimus.
2918 2274 2976 2329 Si
3029 2274 3268 2343 navigas,
3303 2276 3352 2328 in
3376 2278 3619 2344 navipositns

2188 2368 2340 2423 vides
2369 2376 2546 2422 terras
2572 2377 2628 2422 et
2656 2367 3027 2436 promontoria
3060 2375 3116 2420 et
3148 2377 3346 2420 montes
3371 2374 3617 2423 transeuntis:

2188 2473 2291 2512 non
2314 2457 2454 2527 quod
2476 2457 2563 2511 illa
2583 2458 2844 2513 continuo
2869 2468 3213 2521 moveantur,
3238 2457 3323 2511 sed
3354 2458 3455 2525 quia
3474 2469 3621 2511 ιιιιειιί.

2187 2565 2448 2620 prospero
2479 2550 2645 2604 ﬂante
2677 2550 2897 2613 transis,
2932 2549 3024 2604 illa
3056 2566 3116 2603 se
3164 2549 3436 2603 subducere
3472 2551 3622 2603 videatut

2186 2657 2250 2697 ac
2276 2641 2445 2709 ferri;
2480 2643 2555 2696 ita
2588 2651 2641 2697 et
2672 2643 2723 2695 in
2754 2643 2857 2697 hoc
2885 2657 3020 2713 ergo
3061 2643 3105 2696 si
3152 2651 3333 2696 sancto
3356 2641 3517 2711 Spiritu
3540 2661 3625 2695 mrs-

2189 2743 2296 2789 tem
2327 2742 2471 2787 tuam
2504 2732 2763 2803 perﬂante
2784 2744 2839 2788 et
2870 2735 3138 2804 spirante,
3168 2735 3391 2788 secundo
3408 2745 3450 2787 et
3466 2750 3625 2802 prospero

2187 2827 2408 2898 naviges
2450 2840 2643 2890 cursu,
2700 2826 3005 2895 pertransis
3059 2840 3226 2879 sensu
3275 2834 3362 2877 tuo
3396 2826 3533 2877 omnia
3565 2828 3627 2877 ut

2185 2935 2306 2989 qua:
2338 2920 2609 2983 videntur,
2644 2918 2771 2986 quia
2801 2918 3121 2987 temporalia
3157 2925 3304 2979 sunt,
3333 2925 3383 2969 et
3408 2916 3628 2968 intuerisilh

2186 3026 2305 3082 qua:
2330 3022 2530 3066 aeterna
2560 3020 2719 3075 sunt;
2749 3010 2866 3064 sine
2895 3009 3057 3063 dubio
3086 3008 3242 3069 dicis,
3269 3008 3383 3074 quia
3410 3008 3499 3059 hac
3522 3008 3628 3058 omnia

2119 1779 2159 1835 Β

511 3103 786 3159 felicitatis
836 3099 1165 3156 ascendere?
1201 3097 1491 3167 Propterea
1542 3112 1672 3165 ergo
1706 3110 1853 3151 nunc
1901 3112 2082 3151 sermo
2109 3122 2153 3180 ρ
2188 3117 2307 3170 qua:
2328 3101 2717 3171 videnturjam
2747 3116 2854 3154 non
2894 3108 3041 3161 sunt,
3086 3099 3217 3167 quia
3255 3113 3347 3151 nec
3388 3097 3528 3148 latura
3550 3106 3631 3148 sunt.

508 3196 721 3251 divinus
769 3208 834 3249 ex
869 3206 1096 3261 persona
1130 3193 1403 3261 justorum
1443 3188 1630 3241 dicit“
1655 3207 1666 3241 :
1696 3186 1815 3241 Vidi
1859 3189 2080 3256 impiam

508 3301 615 3340 non
646 3287 819 3339 solum
851 3282 1171 3345 exaltatum,
1224 3279 1316 3334 sed
1363 3277 1810 3347 superexaltatum
1838 3288 1883 3331 et
1912 3277 2082 3332 eleva-

507 3390 639 3441 tum,
689 3391 793 3430 non
834 3388 996 3443 super
1043 3372 1274 3427 arbores
1316 3368 1743 3438 qualescunque,
1795 3368 1891 3423 sed
1924 3384 2082 3435 super

508 3473 688 3527 cedros
723 3468 941 3532 Libani;
975 3476 1032 3519 ut
1063 3473 1117 3518 et
1147 3463 1310 3516 arbor
1342 3461 1559 3517 excelsa
1594 3461 1756 3516 nimis
1783 3460 1879 3525 sit,
1912 3470 1967 3515 et
1997 3460 2078 3515 lo-

507 3580 604 3619 cus
633 3562 831 3616 montis
860 3559 1076 3615 cunctis
1113 3556 1403 3621 excelsior,
1433 3563 1486 3608 et
1516 3563 1696 3608 tamen
1745 3553 1936 3607 videns
1964 3554 2079 3607 hmc

506 3651 1219 3720 omnia,trausivi,inquit",
1239 3659 1287 3703 et
1314 3666 1428 3703 ecce
1453 3665 1555 3701 non
1584 3656 1717 3701 erat.
1752 3644 1888 3711 Quid
1922 3653 2081 3713 putas

508 3749 638 3803 illud
667 3749 919 3817 estquod
955 3747 1148 3800 transit
1193 3746 1391 3814 justus,
1426 3750 1484 3795 ut
1536 3741 1634 3794 ista
1670 3748 1845 3792 cesset
1876 3736 2080 3792 elatio?

509 3838 565 3891 Si
588 3838 912 3892 meministis
939 3836 991 3890 in
1017 3836 1391 3904 superioribus
1420 3847 1541 3887 cum
1562 3830 1869 3885 diceremus
1897 3837 2079 3882 trans-

510 3932 618 3984 isse
650 3928 866 3999 Moysen
912 3936 969 3979 ut
1012 3927 1217 3980 videret
1246 3926 1514 3980 visionem
1546 3942 1822 3998 magnam,
1852 3926 2080 3995 potestis

508 4031 563 4076 et
596 4036 733 4075 nunc
762 4020 904 4074 scire
935 4017 1065 4087 quid
1093 4028 1176 4071 est
1211 4019 1352 4086 quod
1396 4020 1633 4074 transire
1658 4017 2077 4086 diciturjustus.

507 4111 641 4166 Cum
670 4111 913 4165 videmus
944 4112 1130 4165 extolli
1183 4112 1379 4180 impios
1435 4119 1490 4165 et
1527 4111 1580 4164 in
1629 4111 1851 4164 nimiam
1885 4126 2077 4180 supcr-

510 4204 652 4257 biam
680 4216 947 4267 crescere,
982 4211 1319 4257 transeamus
1349 4211 1402 4257 et
1435 4218 1531 4256 nos
1564 4213 1744 4257 mente
1776 4212 1830 4255 et
1860 4201 2077 4255 intelle-

506 4304 594 4349 ctu
630 4296 697 4349 ab
747 4294 831 4348 his
875 4309 995 4362 qua:
1037 4294 1289 4348 videntur
1340 4302 1397 4347 et
1443 4294 1761 4361 temporalia
1817 4302 1967 4359 sunt,
2024 4303 2079 4346 et

509 4384 902 4441 transferamus
946 4400 1163 4441 sensum
1213 4395 1460 4439 nostrum
1510 4386 1576 4438 ad
1611 4399 1673 4438 ea
1709 4400 1831 4454 quin
1862 4402 1966 4439 non
1997 4386 2077 4437 vi-

508 4477 706 4529 dentur
741 4484 796 4529 et
828 4488 1028 4530 acterna
1062 4484 1205 4531 sunt.
1261 4474 1573 4545 Cogitemus
1610 4477 1929 4545 temporalia
1962 4478 2077 4531 hanc

508 4580 631 4621 esse
660 4577 715 4620 et
757 4582 1052 4636 paucorum
1099 4568 1307 4622 dierum
1358 4584 1478 4637 quae
1512 4569 1763 4623 videntur
1789 4568 1949 4624 elata.
1991 4569 2079 4623 ln-

510 4655 963 4724 ttteamurjudicii
996 4659 1158 4722 diem,
1193 4668 1249 4713 et
1280 4659 1350 4713 ita
1380 4674 1542 4713 sensu
1577 4669 1765 4714 nostro
1795 4676 2082 4715 cernemus

514 4749 679 4803 istum
712 4750 802 4817 qui
830 4751 1262 4818 superexaltatus
1291 4760 1376 4806 est
1404 4761 1457 4805 et
1485 4751 1663 4806 elatus
1708 4752 1851 4807 sicut
1881 4753 2081 4807 cedrus

510 4840 724 4905 Libani,
763 4841 816 4894 in
855 4840 941 4895 die
968 4842 1155 4908 judicii
1201 4845 1425 4898 omnino
1472 4860 1577 4897 non
1620 4860 1758 4899 esse.
1795 4845 1894 4911 Qui
1936 4847 2078 4899 enim

510 4945 615 4985 non
661 4941 741 4985 est
782 4932 1055 5001 particeps
1094 4933 1239 4987 illius
1287 4935 1377 5002 qui
1410 4950 1626 5003 semper
1653 4946 1757 5000 est,
1791 4936 1842 4988 id
1879 4946 1959 4990 est
1991 4939 2081 5005 qui

508 5024 647 5079 dixit
677 5024 762 5079 "z
796 5022 909 5094 Ego
941 5040 1055 5077 sum
1084 5027 1172 5094 qui
1202 5042 1340 5091 sum,
1374 5028 1474 5080 iste
1503 5043 1677 5097 neque
1703 5042 1823 5083 esse
1853 5028 2075 5083 dicitur.

508 5117 753 5185 Denique
784 5127 1101 5186 peccatores
1129 5133 1233 5173 non
1261 5130 1647 5189 computantur
1672 5136 1813 5176 esse.
1845 5120 1999 5176 Unde
2028 5134 2082 5176 et

506 5210 797 5280 Apostolus
834 5211 900 5264 de
935 5211 1219 5266 vocatione
1253 5215 1492 5281 gentium
1528 5216 1807 5269 dicebat“
1841 5234 1854 5270 :
1896 5215 2074 5283 Elegit

507 5300 649 5354 Deus
681 5317 798 5370 qua:
825 5318 928 5355 non
959 5310 1104 5367 sunt,
1132 5313 1189 5354 ut
1235 5318 1296 5355 ea
1335 5319 1451 5372 qua:
1483 5317 1601 5358 sunt
1634 5306 1891 5359 destruat.
1932 5308 1994 5360 Et
2024 5308 2075 5360 itt

507 5392 651 5448 libro
667 5392 863 5448 Esther
880 5393 1076 5448 dicitur
1090 5394 1165 5446 "z
1190 5393 1310 5447 Non
1332 5396 1532 5459 tradas,
1555 5395 1797 5460 Domine,
1823 5410 2078 5464 sceptrum

510 5492 656 5536 tuum
700 5484 785 5537 Itis
811 5485 903 5552 qui
935 5500 1040 5537 non
1086 5495 1229 5539 sunt.
1278 5487 1459 5540 Donec
1508 5502 1637 5556 ergo
1684 5489 1805 5555 quis
1854 5488 2082 5541 miratur

509 5577 777 5644 superbos
807 5578 859 5631 in
892 5577 1130 5634 elatione
1160 5594 1283 5645 sua,
1318 5579 1491 5635 donec
1527 5579 1779 5634 adulatur
1809 5582 1929 5649 quis
1958 5596 2084 5649 pec-

580 5689 623 5761 '_’
649 5690 789 5761 Psal.
828 5707 1014 5758 xxxvr,
1048 5693 1140 5748 54.
1219 5696 1263 5725 ⁸ο
1290 5694 1417 5761 Sap.
1453 5710 1502 5757 v,
1540 5694 1591 5747 tl.

512 5758 554 5793 “
584 5759 797 5816 Esther.
832 5778 920 5817 xiv
961 5764 1047 5818 Η.
1125 5766 1169 5797 ⁵⁸
1201 5764 1343 5821 Psal.
1369 5758 1567 5832 mm,
1604 5766 1693 5821 22.

1672 5695 1712 5725 “
1745 5694 1887 5747 Psal.
1945 5710 2130 5759 xxxvt,
2174 5696 2260 5750 55.

1774 5766 1817 5797 ⁸⁷
1842 5766 2000 5821 ltout.
2045 5781 2135 5820 vn.

2200 3192 2318 3246 Vidi
2346 3208 2475 3261 ergo
2525 3193 2743 3260 impium
2785 3188 3241 3257 superexaltalam
3272 3198 3317 3241 et
3360 3188 3515 3239 elatum
3546 3200 3633 3251 apt:

2179 3280 2368 3339 cedros
2390 3283 2601 3348 Libani,
2624 3292 2672 3336 et
2695 3282 2937 3348 transivi,
2960 3291 3005 3334 et
3030 3297 3148 3334 ecce
3177 3298 3279 3333 non
3303 3291 3421 3332 erat.
3452 3278 3574 3331 ﬂoret
3593 3292 3637 3327 se

2188 3379 2420 3446 amplius
2448 3377 2623 3431 adhuc
2663 3375 2869 3444 aliquid
2911 3375 2961 3429 in
3001 3374 3104 3428 hoc
3147 3373 3287 3427 loco.
3334 3371 3474 3425 Video
3498 3372 3637 3423 enimet

2188 3472 2353 3526 alium
2393 3470 2614 3541 impium
2645 3470 2740 3539 qui
2771 3468 3043 3523 exaltatur
3068 3481 3238 3534 super
3264 3466 3443 3519 cedros
3469 3463 3595 3517 Libani
3614 3476 3641 3511 tt

2187 3563 2484 3618 extollitur.
2534 3561 2667 3617 Cum
2716 3560 2861 3615 enim
2916 3559 3161 3614 haeretici
3218 3573 3377 3627 supra
3418 3556 3639 3609 conditam

2190 3655 2355 3711 Deum
2385 3654 2488 3709 sibi
2525 3653 2733 3724 tingunt
2763 3651 2927 3705 alium
2971 3651 3264 3719 quemdam
3300 3650 3470 3711 Deum,
3496 3658 3535 3700 et
3556 3646 3644 3698 αεὶ·

2189 3757 2370 3803 tantur
2415 3756 2579 3817 atque
2634 3746 2967 3802 extolluntur
3020 3744 3071 3796 in
3122 3742 3296 3797 verbo
3339 3740 3641 3797 mendacii,»-

2186 3848 2375 3908 gantes
2420 3847 2723 3892 creatorem
2772 3837 3018 3892 omnium
3064 3832 3262 3897 Deum,
3294 3832 3446 3886 Deum
3480 3844 3567 3884 esse
3596 3830 3647 3880 te-

2187 3945 2338 3993 num,
2365 3929 2546 3999 impiis
2589 3929 2700 3983 suis
2728 3925 3211 3999 przetlicationihus
3242 3922 3539 3978 extolluntur
3556 3932 3647 3985 supra

2187 4020 2382 4074 cedros
2438 4018 2623 4074 Libani
2657 4060 2670 4083 ,
2729 4016 3061 4072 adversariis
3128 4013 3349 4070 scilicet
3407 4012 3651 4082 potestatum

2186 4109 2513 4172 eminentes,
2535 4123 2761 4177 quarum
2791 4105 3146 4176 inspiratione
3168 4102 3521 4171 hujuscemodi
3541 4102 3648 4152 adta-

2186 4216 2279 4256 sus
2323 4210 2624 4255 creatorem
2674 4199 2915 4252 omnium
2968 4199 3138 4253 Deum
3192 4205 3487 4253 commenta
3515 4194 3653 4247 simub~

2186 4298 2333 4353 runt,
2355 4303 2451 4358 pro
2471 4303 2536 4342 co
2560 4288 2699 4355 quod
2725 4287 2894 4357 legem
2923 4288 3230 4342 secundum
3264 4288 3483 4341 litteram
3506 4293 3653 4335 ιδυιω

2186 4384 2344 4435 modo
2381 4380 2763 4447 intelligentes,
2811 4389 2867 4433 et
2913 4379 3221 4449 spiritalem
3271 4394 3392 4433 eam
3437 4392 3537 4431 esse
3569 4374 3657 4441 iter

2112 4483 2156 4538 ι)
2187 4484 2392 4535 rantes,
2441 4472 2649 4541 decepti
2707 4480 2836 4526 sunt
2880 4471 2932 4525 in
2986 4472 3419 4542 cogitationibus
3458 4468 3562 4522 suis
3598 4462 3656 4514 iis

2181 4577 2311 4632 ergo
2358 4578 2459 4633 ego
2504 4563 2547 4618 si
2602 4563 2809 4617 videam
2855 4571 2911 4616 et
2955 4572 3264 4627 transeam,
3329 4562 3463 4616 ultra
3495 4560 3576 4627 jam
3602 4570 3655 4605 ne

2180 4664 2361 4710 erunt.
2410 4655 2549 4721 Quid
2605 4653 2920 4708 transeam?
2970 4654 3015 4708 si
3069 4664 3357 4709 transeam
3405 4654 3607 4706 litteram.
3638 4660 3659 4694 ς

2183 4748 2555 4817 transgrediar
2586 4747 2756 4818 673
2802 4747 3041 4801 historia:
3070 4746 3453 4816 superﬁciem,
3480 4753 3524 4795 et
3548 4752 3661 4809 pene-

2182 4838 2327 4890 niam
2354 4838 2421 4891 ad
2450 4854 2667 4893 sensum
2704 4838 3027 4906 spiritalem,
3063 4840 3338 4907 quoniam
3380 4836 3459 4889 les
3497 4832 3663 4900 spinula

2181 4939 2263 4982 est
2284 4930 2349 4993 ⁸⁷,
2380 4929 2423 4981 si
2465 4929 2647 4983 omnia
2697 4928 2785 4982 illa
2822 4928 2875 4982 in
2918 4928 3116 4996 quibus
3160 4936 3365 4982 errant
3415 4935 3464 4979 et
3486 4921 3663 4986 detipllt-

2190 5035 2295 5088 tur,
2324 5024 2639 5094 spiritaliter
2665 5023 2969 5093 explauem,
3001 5022 3271 5093 dogmata
3300 5036 3486 5076 eorum
3510 5018 3623 5082 impia
3642 5024 3665 5057 τε

2186 5114 2368 5183 iniqua
2400 5115 2513 5183 jam
2544 5130 2648 5167 non
2675 5121 2856 5168 erunt.
2888 5112 2954 5165 Et
2992 5113 3062 5164 ita
3109 5110 3498 5179 complebitur,
3523 5116 3665 5158 ama:-

2188 5215 2330 5259 tatus
2363 5206 2561 5276 impius
2593 5215 2645 5258 et
2675 5205 2848 5259 elatus
2890 5218 2975 5257 me
3012 5213 3353 5256 transeunte
3392 5204 3495 5269 jam
3522 5214 3598 5252 non
3622 5206 3655 5245 θ’

2187 5298 2290 5352 Sed
2316 5310 2371 5353 .et
2402 5314 2522 5351 cum
2562 5297 2823 5367 qumritur
2854 5296 3004 5350 locus
3034 5295 3153 5363 ejus
3186 5312 3304 5348 non
3344 5285 3666 5348 inveniunt»

2184 5404 2280 5443 cus
2326 5388 2473 5457 impii
2519 5388 2807 5457 dogmatis.
2854 5388 3032 5439 littera
3084 5386 3229 5455 legis
3284 5396 3396 5447 est,
3436 5400 3541 5453 qum
3570 5381 3669 5432 lite:

2184 5488 2406 5542 occidit.
2433 5486 2567 5541 Cum
2596 5500 2727 5555 ergo
2757 5499 2854 5539 nos
2881 5502 2910 5538 a
2948 5485 3128 5539 littera
3152 5485 3456 5538 occidente
3481 5478 3669 5532 transiuit

2189 5580 2255 5635 ad
2313 5580 2564 5648 spiritum
2597 5577 2988 5641 viviﬁcantem,
3038 5592 3106 5630 ne
3154 5575 3329 5630 locus
3372 5574 3564 5644 quidem
3594 5568 3669 5628 illi"

2341 5696 2385 5728 ⁶¹
2420 5694 2545 5750 ibid.
2580 5694 2667 5750 56.
2753 5693 2801 5724 ⁶⁹
2828 5692 2995 5749 Exod.
3029 5706 3112 5758 ιιι,
3148 5691 3242 5744 ι-ι.
3329 5690 3370 5721 ⁸⁸
3405 5688 3553 5744 lCur.
3577 5698 3606 5740 ι.
3629 5680 3663 5731 ἰ)
