3808 6500
147 320 167 373 l
176 319 269 376 565

802 321 1110 379 SELECTA
1147 319 1213 376 lN
1253 315 1589 377 PSALMOS.
1631 344 1701 355 —
1735 314 1972 373 HOMIL.
2009 315 2055 373 ν
2088 315 2156 372 ιΝ
2186 314 2380 373 PSAL.
2424 312 2641 371 XXXVI

3214 316 3354 371 1566

140 436 170 489 d
204 437 384 506 gmatis
413 438 692 508 repudiata
716 438 896 495 littera
920 450 1103 512 potest
1127 441 1380 495 inveniri.
1406 439 1685 507 Quomodo
1717 442 1759 497 Α
1788 450 1974 490 eorum
2006 436 2098 506 qui
2138 437 2314 492 adhuc
2352 436 2407 491 in
2454 432 2885 506 profectionibus
2931 440 3093 497 sunt;
3130 447 3353 504 regnum

139 539 301 583 autem
337 533 632 598 quaerimus
659 533 821 587 eum?
867 532 1000 587 Cum
1046 534 1383 602 disputamus
1420 532 1683 586 adversus

137 634 221 673 cus
245 629 295 675 et
320 636 441 674 cum
484 624 866 693 conquirimus
905 625 970 680 ad
1014 625 1273 689 invicem,
1326 634 1454 679 tunc
1489 624 1685 694 quatri-

136 726 245 766 mus
271 711 442 767 locum
470 714 740 781 dogmatis
776 716 920 771 illius
947 717 1002 770 in
1033 717 1210 772 littera
1250 715 1385 786 legis
1423 715 1682 780 historia},

134 812 183 854 et
205 801 497 857 ostenditur
526 805 824 859 secundum
850 806 1140 861 historiam
1175 813 1322 858 stare
1354 818 1458 857 non
1487 817 1680 871 posse:

134 902 293 947 azuota
324 893 503 948 littera
536 910 600 950 ac
633 895 856 964 reiecta,
912 911 1180 962 nusquam
1216 895 1406 963 utique
1441 910 1686 963 qua‘reu-

135 982 265 1037 tibus
290 984 444 1040 nobis
482 993 537 1040 et
589 986 982 1044 disserentibus
1028 989 1178 1042 locus
1225 986 1373 1054 impii
1418 986 1685 1056 dogmatis

136 1074 410 1127 invenitur.

201 1162 247 1217 6.
280 1163 494 1218 Custodi
525 1166 877 1221 innocentiam
920 1177 969 1223 et
1007 1168 1123 1223 vide
1155 1169 1454 1240 equitatem
1472 1170 1538 1223 ⁸⁸.
1569 1167 1684 1224 Cu-

131 1254 319 1309 stodire
348 1255 710 1312 innocentiam
742 1274 841 1314 nos
872 1260 1122 1329 praecipit
1157 1274 1337 1314 sermo
1362 1260 1476 1315 Dei.
1512 1250 1687 1314 [utan-

130 1354 235 1400 tutn
282 1350 583 1417 corruptela
634 1365 841 1404 morum
886 1351 1113 1419 profecit
1163 1351 1214 1405 in
1264 1351 1599 1413 hominibus,
1629 1359 1687 1405 ut

128 1439 259 1509 apud
284 1441 712 1511 quamplurimas
738 1444 1047 1498 innocentia
1080 1459 1180 1514 pro
1206 1444 1434 1498 stultitia
1472 1443 1687 1512 judice-

130 1539 229 1586 tur:
245 1544 421 1586 verum
436 1532 713 1602 Scriptura
728 1548 954 1589 summa:
973 1536 1074 1591 hoc
1088 1536 1512 1607 virttttisjudicat
1527 1552 1682 1605 opus,

125 1621 241 1689 quia
271 1622 626 1679 innocentiam
654 1625 865 1694 judicat
896 1626 1042 1679 illam
1068 1642 1187 1694 qua:
1233 1628 1435 1683 nemini
1467 1638 1680 1691 noceat,

126 1710 377 1766 neminem
394 1711 571 1767 laedat.
591 1712 723 1766 Dum
748 1727 878 1784 ergo
892 1715 1049 1769 dicit:
1071 1714 1290 1769 Custodi
1313 1716 1680 1781 innocentiam,

1788 545 1914 586 vero
1962 530 2078 595 Dei,
2110 545 2317 594 eorum,
2368 530 2459 599 qui
2494 529 2606 600 jam
2649 527 2716 581 ad
2749 526 3050 596 perfectum
3092 536 3359 581 venerunt

1787 620 1972 676 ﬁnem.
2016 620 2167 676 Unde
2193 629 2248 675 et
2294 635 2436 675 nunc
2481 619 2631 675 salus
2674 616 2805 686 justi
2853 616 2993 684 apud
3040 615 3205 669 Deum
3234 629 3355 670 esse

1784 711 2008 776 dicitur,
2032 726 2156 766 cum
2183 710 2369 781 utique
2389 710 2718 778 perfectione
2740 707 2862 763 vita:
2887 719 3058 775 usque
3084 705 3150 761 ad
3178 705 3352 775 ipsum

1785 802 2073 857 Dominum
2120 800 2386 856 meruerit
2432 801 2736 869 pervenire.
2778 797 2843 851 Et
2886 804 3148 867 protector
3189 803 3265 849 est
3300 795 3355 848 in

1786 907 2011 966 tempore
2038 893 2475 949 tribulationis".
2510 891 2661 958 Quod
2694 900 2775 946 est
2806 899 3015 958 tempus
3049 886 3352 942 tribulatio-
3428 937 3437 946 ,

1786 988 1891 1055 nis,
1930 986 2030 1041 nisi
2084 986 2186 1041 hoc
2242 985 2294 1039 in
2334 997 2443 1053 quo
2479 997 2688 1048 sumus,
2738 997 2860 1037 cum
2906 994 3003 1050 per
3057 986 3263 1032 arctam
3299 984 3355 1030 et

1787 1089 2068 1150 angustam
2116 1079 2257 1132 viam
2311 1074 2615 1130 incedimus
2665 1087 2786 1143 quae
2837 1073 2984 1127 ducit
3030 1071 3096 1125 ad
3151 1066 3355 1123 vitam?

1787 1166 1842 1221 Si
1878 1178 2057 1222 tamen
2096 1181 2193 1237 per
2233 1174 2516 1237 angustam
2561 1162 2885 1226 incedimus,
2935 1175 3054 1230 qua:
3099 1159 3248 1214 ducit
3286 1158 3353 1211 ad

1786 1259 1972 1323 vitam,
2019 1265 2075 1311 et
2122 1270 2227 1311 non
2264 1272 2360 1327 per
2399 1255 2542 1309 illam
2586 1252 2750 1305 latam
2797 1260 2853 1305 et
2897 1253 3195 1321 spatiosam
3233 1263 3354 1320 qua:

1785 1348 1987 1404 divitiis
2034 1347 2292 1401 dilatatur
2338 1356 2394 1402 et
2443 1346 2659 1401 luxuria
2721 1344 3071 1409 dissolvitur,
3126 1356 3244 1411 quae
3298 1340 3352 1393 in

1784 1437 1965 1493 carnis
1991 1437 2359 1508 voluptatibus
2387 1436 2710 1501 emollescit,
2741 1451 2862 1507 quae
2890 1442 3213 1504 praesentem
3238 1431 3354 1503 glo-

1787 1529 1920 1584 riam
1961 1528 2152 1598 diligit.
2200 1528 2404 1582 llorum
2453 1535 2729 1599 protector
2770 1541 2875 1580 non
2924 1524 3063 1579 Deus
3099 1533 3200 1587 est,
3257 1523 3352 1577 sed

1786 1620 2090 1674 Hammona
2117 1633 2341 1674 :eorum
2377 1630 2555 1674 autem
2585 1619 2674 1690 qui
2711 1620 2765 1673 in
2796 1616 3143 1673 tribulatione
3173 1622 3225 1668 et
3254 1632 3354 1669 an-

1786 1713 1966 1782 gustia
1999 1720 2148 1777 sunt,
2191 1720 2465 1782 protector
2508 1722 2591 1765 est
2638 1712 2797 1774 Deus,
2838 1710 2963 1780 quia
2999 1709 3181 1761 multae
3226 1718 3354 1762 sunt

121 1801 221 1856 hoc
240 1805 479 1872 estquod
513 1819 613 1860 nos
645 1779 865 1861 servare
886 1806 1207 1875 praecipitut
1229 1808 1496 1863 neminem
1518 1779 1680 1861 lauda?
1717 1779 1759 1834 Β
1790 1779 2169 1860 ίτὶϋυιειὶοηθε
2192 1779 2500 1875 vjustorum.
2535 1779 2889 1858 Tribulantur
2918 1803 3065 1857 enim
3099 1801 3353 1856 conside-

119 1908 257 1956 mus,
302 1894 500 1948 nemini
545 1909 856 1951 noceamus.
892 1895 1006 1951 lloc
1046 1906 1227 1950 autem
1272 1898 1604 1961 obtinemus,
1633 1897 1680 1952 si

117 1998 324 2053 semper
351 1987 559 2042 intento
585 1988 767 2043 animo
798 1998 853 2042 et
881 1989 1125 2059 vigilanti
1155 1989 1436 2044 videamus
1462 1989 1684 2058 aequita-

114 2083 244 2130 tem.
272 2076 602 2147 Equitatem
634 2094 765 2149 ergo
792 2079 844 2134 in
883 2081 987 2135 hoc
1012 2081 1129 2135 loco
1174 2081 1254 2135 sic
1282 2079 1509 2148 accipio,
1538 2080 1681 2134 sicut

113 2165 411 2234 veritatem,
431 2170 565 2223 sicut
584 2167 878 2236 justitiam,
902 2170 1044 2225 sicut
1061 2172 1250 2236 vitam,
1270 2170 1411 2240 quod
1427 2169 1680 2225 Christus

108 2263 214 2308 est.
246 2253 365 2312 Haec
392 2258 536 2313 enim
578 2260 809 2315 videndo
847 2261 1008 2315 simul
1051 2261 1217 2316 etiam
1270 2263 1434 2317 Deum
1469 2261 1678 2317 videbi-

109 2361 251 2403 mus.
281 2346 504 2402 Custodi
545 2364 676 2420 ergu
720 2352 1075 2406 innocentiam
1114 2363 1163 2407 et
1198 2353 1313 2407 vide
1356 2355 1677 2424 a’quitatem,

103 2439 355 2505 quoniam
377 2452 495 2494 sunt
524 2442 757 2510 reliquite
788 2444 988 2496 homini
1017 2444 1257 2513 paciﬁca.
1287 2444 1528 2516 Requiro
1557 2463 1676 2517 qua:

103 2540 235 2583 sunt
264 2529 501 2599 reliquiae
549 2531 669 2587 ista:
707 2548 827 2603 qua:
871 2535 1075 2589 homini
1119 2536 1347 2604 paciﬁco
1391 2552 1679 2592 reservan-

105 2621 231 2674 tur?
264 2620 543 2693 Reliquias
569 2624 753 2680 dicere
784 2625 1022 2682 solemus
1044 2642 1167 2681 cum
1195 2628 1424 2697 spiritus
1454 2644 1678 2700 separa-

102 2719 197 2764 tur
222 2726 517 2782 acorpore,
547 2714 692 2769 velut
723 2716 931 2783 majore
970 2728 1124 2785 parte
1165 2718 1443 2772 ltuiuinum
1487 2720 1538 2773 iu
1564 2722 1677 2790 spi-

102 2801 216 2856 ritu
247 2803 519 2873 deputata,
562 2821 682 2874 ane
707 2816 956 2876 superest
991 2823 1117 2877 pars
1162 2810 1407 2878 corporis
1435 2810 1678 2881 reliquiu:

102 2895 476 2950 nominantur.
521 2896 578 2951 Si
618 2913 749 2967 ergo
791 2899 1061 2954 credimus
1108 2901 1287 2954 verbis
1314 2902 1555 2971 Apostoli
1592 2906 1673 2958 di-

96 2986 279 3040 centis
296 2987 339 3019 "
361 2986 485 3056 quia
517 2992 809 3043 seminatur
836 3005 1035 3062 corpus
1070 2992 1123 3046 in
1156 2995 1509 3061 corruptione,
1529 3012 1673 3049 mor-

1786 1910 1970 1956 rantes
2002 1909 2209 1970 tempus
2237 1899 2426 1969 judicii
2446 1908 2502 1955 et
2521 1899 2841 1968 semetipsos
2868 1898 3238 1964 discutientes,
3284 1914 3351 1953 ne

1782 1996 1923 2053 forte
1949 1994 2155 2064 aliquid
2180 1993 2487 2048 inveniatur
2520 1993 2571 2048 in
2609 1992 2689 2046 eis
2712 1991 2858 2061 quod
2889 1998 3113 2044 vocetur
3143 1991 3209 2045 ad
3239 1991 3352 2046 cul-

1781 2103 1925 2159 pam.
1959 2086 2060 2149 Qui
2092 2099 2223 2156 ergo
2263 2092 2487 2154 propter
2532 2083 2635 2138 hoc
2667 2081 3000 2136 tribulantur
3036 2090 3090 2136 et
3131 2081 3351 2137 solliciti

1780 2185 1929 2239 sunt,
1965 2176 2073 2230 erit
2103 2173 2244 2229 Deus
2290 2180 2567 2244 protector
2596 2187 2784 2226 eorum
2822 2171 2874 2225 in
2906 2180 3149 2239 tempore
3177 2171 3351 2225 tribu-

1782 2272 2023 2337 lationis,
2064 2270 2119 2325 in
2167 2278 2410 2338 tempore
2440 2265 2650 2336 judicii,
2702 2279 2824 2320 cum
2873 2263 3158 2317 tradentur
3192 2263 3345 2332 impii

1780 2364 1847 2419 ad
1883 2376 2073 2433 poenas
2098 2381 2114 2418 :
2144 2370 2274 2415 tunc
2304 2368 2362 2414 et
2389 2356 2663 2428 adjuvabit
2700 2369 2794 2409 eos
2830 2353 3087 2407 Dominus
3124 2354 3176 2407 in
3214 2363 3352 2406 tem-

1780 2469 1913 2525 pore
1961 2451 2350 2517 tribulationis,
2385 2459 2434 2504 et
2481 2447 2676 2516 eripiet
2724 2459 2844 2509 eos,
2876 2454 2931 2497 et
2962 2442 3169 2498 auferet
3197 2458 3292 2498 eos
3319 2458 3349 2497 a

1782 2542 2184 2615 peccatoribus,
2222 2557 2327 2596 non
2379 2540 2554 2595 solum
2602 2536 2672 2591 ab
2706 2535 3018 2591 hominibus
3045 2535 3350 2604 peccatori-

1779 2636 1902 2700 bus,
1934 2641 2028 2690 sed
2065 2634 2228 2689 etiam
2266 2648 2295 2686 a
2344 2628 2639 2686 contrariis
2669 2626 3051 2698 potestatibus,
3084 2625 3171 2681 vc‘.
3201 2637 3351 2682 certe

1778 2742 1843 2783 eo
1904 2736 2145 2795 tempore
2191 2740 2316 2778 cum
2370 2721 2551 2775 anima
2603 2727 2888 2788 separatur
2933 2734 2962 2772 a
3017 2734 3265 2788 corpore,
3295 2729 3351 2774 et

1776 2826 2073 2876 occurrunt
2122 2817 2171 2872 ei
2225 2822 2536 2884 peccatores
2572 2814 2865 2877 daamoues,
2905 2811 3149 2865 adversa:
3199 2818 3350 2880 pote-

1776 2919 1974 2975 states,
2006 2908 2231 2979 spiritus
2262 2908 2402 2962 acris
2435 2905 2595 2976 hujus
2625 2904 2714 2973 qui
2750 2916 2867 2958 eam
2893 2901 3077 2956 volunt
3106 2900 3350 2955 detinere

1777 3014 1828 3058 et
1876 3014 2140 3057 revocare
2178 3000 2244 3053 ad
2284 3013 2345 3053 se
2392 2998 2437 3053 si
2474 2997 2602 3066 quid
2647 2998 2699 3051 in
2754 3012 2816 3051 ea
2858 3010 3078 3051 suorum
3124 3007 3346 3063 Operam

98 3077 176 3132 tis
222 3077 426 3133 scilicet
459 3091 724 3151 tempore,
749 3090 803 3137 et
827 3094 1000 3155 surget
1024 3086 1080 3138 in
1107 3084 1523 3155 incorruptione,
1553 3103 1673 3141 cum
1704 3111 1745 3169 ο
1781 3106 2165 3167 gestorumque
2210 3088 2582 3159 cognoverint.
2624 3085 2788 3142 Venit
2842 3087 2986 3142 enim
3040 3085 3106 3139 ad
3156 3099 3349 3137 unam.

96 3171 524 3227 resurrectionis
558 3181 768 3242 tempus
798 3176 1103 3238 advenerit,
1135 3190 1259 3229 cum
1291 3176 1456 3231 etiam
1485 3191 1674 3232 corru-

90 3258 295 3327 ptibile
319 3260 422 3316 hoc
455 3261 692 3317 induerit
719 3264 1206 3335 incorruptionem,
1235 3275 1290 3320 et
1313 3268 1542 3322 mortale
1571 3269 1674 3324 hoc

92 3351 343 3407 induerit
389 3354 960 3423 inmortalitatem",
1019 3366 1149 3413 tunc
1216 3368 1379 3414 erunt
1428 3360 1673 3430 reliquiae

90 3443 309 3497 homini
352 3445 601 3514 paciﬁco.
635 3446 808 3501 Erunt
850 3458 1029 3503 autem
1077 3449 1148 3503 ibi
1191 3449 1402 3519 paciﬁci
1436 3450 1675 3508 hominis

86 3532 348 3602 reliquit?
381 3535 432 3590 in
476 3552 608 3606 pace
655 3546 709 3593 et
754 3538 806 3592 in
862 3538 1070 3608 requie.
1117 3540 1257 3595 Dicit
1288 3541 1431 3595 enim
1469 3551 1525 3597 et
1569 3542 1674 3597 Du-

83 3627 283 3682 minus
311 3628 376 3683 de
403 3629 666 3698 paciﬁcis,
694 3632 818 3700 quia
848 3632 1009 3687 etiam
1032 3632 1670 3701 ﬁliiDeivocabuntur“.

83 3716 285 3781 I’ater,
321 3720 436 3775 volo
475 3732 529 3774 ut
561 3722 649 3776 ubi
683 3740 775 3793 ego
820 3740 960 3789 sum,
992 3735 1039 3778 et
1086 3726 1179 3779 isti
1232 3743 1433 3782 mecum
1474 3730 1577 3783 sint
1600 3730 1668 3784 ⁷³.

76 3811 246 3866 Sunt
276 3828 404 3883 ergo
430 3829 549 3868 cum
581 3814 801 3871 Christo
829 3816 1072 3885 reliquiae
1103 3818 1339 3874 hominis
1365 3821 1598 3889 paciﬁci.

168 3904 229 3956 7.
261 3903 441 3974 Iniqui
474 3915 651 3960 autem
689 3908 1183 3963 exterminabuntur
1217 3911 1375 3964 simul
1390 3913 1456 3975 ⁷³,
1492 3914 1542 3967 id
1587 3924 1671 3969 est

68 4007 291 4048 omnes
320 3996 526 4064 pariter
553 3998 1080 4064 exterminabuntur,
1105 3999 1230 4067 quia
1261 4016 1399 4056 unus
1426 4003 1549 4059 linis
1569 4005 1674 4060 erit

66 4100 286 4138 eorum
320 4087 588 4156 gehenna.
622 4086 881 4159 Reliquias
927 4091 1210 4159 impiorum
1247 4093 1510 4160 peribunt,
1546 4102 1674 4150 tunc

65 4189 220 4227 cum
245 4190 445 4245 c0rpus
473 4187 527 4233 et
556 4180 790 4233 animam
821 4181 1090 4249 perditum
1120 4182 1268 4236 dabit
1294 4183 1345 4237 in
1371 4185 1672 4254 gehennam

63 4266 134 4318 is
184 4266 284 4333 qui
336 4267 502 4324 habet
552 4280 892 4341 potestatem.
927 4270 1086 4325 Salus
1128 4284 1302 4327 autem
1329 4274 1600 4342 justorum
1641 4296 1673 4332 a

60 4355 403 4413 Domino".
437 4358 542 4413 Sed
569 4360 758 4415 melius
787 4362 917 4416 dicit
945 4362 995 4415 in
1027 4361 1215 4417 Graeco
1242 4381 1257 4417 :
1283 4362 1446 4419 Salus
1496 4377 1671 4422 autem

1776 3200 2047 3257 quamque
2074 3184 2310 3237 animam
2334 3181 2400 3235 de
2429 3181 2531 3235 hoc
2554 3182 2752 3233 mundo
2779 3186 3063 3233 exeuntem
3093 3176 3347 3246 princeps

1775 3277 1933 3346 hujus
1976 3275 2185 3339 mundi,
2217 3284 2271 3328 et
2302 3287 2477 3327 aerea:
2519 3279 2839 3339 potestates,
2886 3278 2942 3323 et
2990 3268 3271 3337 requirunt
3298 3267 3344 3321 si

1775 3364 2053 3418 inveniant
2081 3363 2134 3415 in
2166 3376 2228 3415 ea
2265 3361 2468 3430 aliquid
2508 3375 2699 3425 suum;
2736 3359 2777 3413 si
2806 3359 3088 3412 avaritiam
3122 3358 3347 3412 invene-

1776 3456 1906 3523 rint,
1942 3470 2053 3509 sua:
2086 3455 2255 3524 partis
2291 3462 2408 3518 est;
2445 3453 2489 3507 si
2527 3452 2684 3515 iram,
2727 3450 2772 3505 si
2803 3450 3094 3513 luxuriam,
3127 3448 3172 3503 si
3206 3448 3346 3502 invi-

1775 3548 1936 3609 diam,
1982 3558 2035 3602 ct
2063 3545 2275 3616 singula
2310 3558 2540 3613 quaeque
2572 3556 2760 3596 eorum
2812 3540 3009 3597 similia
3041 3541 3086 3594 si
3122 3540 3342 3594 invene-

1776 3639 1915 3701 rint,
1951 3652 2060 3692 sua:
2105 3636 2277 3705 partis
2310 3642 2412 3697 est,
2445 3642 2500 3687 et
2531 3630 2635 3687 sibi
2674 3646 2793 3686 eam
2842 3631 3161 3695 defendunt,
3193 3638 3247 3684 et
3276 3628 3343 3683 ad

1774 3744 1832 3784 se
1854 3744 1974 3783 eam
2009 3728 2252 3791 trahunt,
2286 3735 2340 3781 et
2367 3724 2434 3779 ad
2468 3733 2675 3793 partem
2723 3738 2844 3779 eam
2872 3732 3217 3791 peccatorum
3249 3720 3343 3775 de-

1772 3819 1999 3873 clinant.
2049 3816 2107 3872 Si
2166 3831 2297 3871 vero
2350 3814 2548 3883 aliquis
2603 3814 2848 3868 imitatus
2900 3823 2980 3867 est
3035 3811 3184 3866 illum
3247 3809 3342 3879 qui

1772 3910 1968 3964 dixit“
1996 3926 2011 3963 :
2045 3908 2177 3963 Ecce
2209 3909 2368 3962 veniet
2394 3910 2632 3976 princeps
2663 3906 2845 3959 mundi
2879 3904 3060 3973 hujus,
3088 3912 3135 3955 et
3168 3903 3223 3954 in
3262 3917 3342 3955 me

1774 4017 1878 4055 non
1922 4002 2075 4054 habet
2114 4000 2419 4070 quidquam,
2461 3998 2505 4053 si
2554 4013 2612 4053 se
2650 3996 2847 4066 aliquis
2895 3996 2968 4048 ita
3005 3991 3340 4056 observavit,

1772 4094 1999 4148 veniunt
2029 4092 2247 4161 quidem
2297 4092 2384 4145 isti
2434 4098 2765 4162 peccatores,
2810 4095 2865 4142 et
2904 4084 3248 4153 requirentes
3287 4082 3339 4137 in

1771 4203 1836 4244 eo
1862 4201 1981 4258 quae
2011 4202 2109 4241 sua
2152 4195 2302 4251 sunt,
2336 4195 2389 4240 et
2423 4199 2526 4239 non
2564 4182 2902 4237 invenientes
2935 4178 3217 4233 tentabant
3259 4175 3344 4229 ni-

1774 4277 2067 4332 hilominus
2112 4277 2177 4329 ad
2226 4291 2376 4331 suam
2411 4281 2622 4344 partem
2671 4269 2938 4324 violenter
2989 4281 3111 4320 eum
3159 4267 3343 4319 detor-

1776 4384 1964 4436 quere,
1990 4368 2084 4424 sed
2115 4367 2376 4421 Dominus
2407 4365 2598 4435 eripiet
2632 4377 2754 4417 eum
2791 4376 2817 4412 a
2850 4355 3249 4428 peccatoribus.
3278 4354 3345 4408 Et

39 4447 359 4517 justorum
391 4450 531 4518 apud
571 4450 871 4509 Dominum.
907 4451 1021 4506 Non
1069 4453 1226 4519 dixit,
1271 4455 1324 4509 in
1355 4458 1495 4511 caelo
1523 4459 1670 4515 salus
1701 4444 1747 4501 Ῑ)
1777 4458 1918 4512 forte
1974 4467 2259 4534 propterea
2303 4454 2563 4525 iubemur
2608 4464 2731 4504 cum
2787 4445 3022 4515 quodam
3083 4441 3344 4513 mysterio

39 4539 386 4607 justorum,
415 4549 469 4594 et
505 4541 607 4596 hoc
636 4544 779 4596 enim
822 4549 1090 4612 praeterit;
1126 4564 1231 4603 non
1258 4546 1398 4614 apud
1427 4549 1667 4618 aliquam

50 4638 428 4692 creaturam,
477 4632 601 4700 quia
649 4632 782 4687 nihil
835 4636 1112 4692 immobile
1160 4640 1245 4694 vel
1296 4640 1665 4695 immutabile:

45 4719 175 4774 sed
216 4720 366 4788 apud
403 4720 684 4776 Dominum
718 4724 863 4780 salus
893 4735 978 4780 est
1014 4727 1307 4796 justorum,
1332 4729 1422 4798 qui
1455 4745 1668 4800 semper

40 4821 302 4876 manet,
343 4826 558 4883 semper
606 4814 748 4869 idem
794 4826 899 4883 est,
951 4832 1164 4887 semper
1221 4820 1514 4877 immobilis
1560 4832 1664 4889 est,

38 4917 182 4958 nec
217 4918 457 4972 usquam
491 4914 671 4975 potest
706 4922 826 4962 esse
862 4908 1030 4963 tutius
1056 4909 1200 4965 salus
1235 4911 1470 4967 hominis
1500 4929 1663 4983 quam

32 4994 229 5061 apud
274 4992 585 5051 Dominum.
621 4996 714 5051 Ille
749 4997 878 5051 mihi
920 4998 1093 5066 locus,
1146 5001 1234 5057 ille
1283 5003 1415 5056 mihi
1450 5003 1661 5072 domus,

28 5086 163 5141 ille
212 5085 356 5139 mihi
393 5088 625 5156 mansio,
662 5084 754 5144 ille
787 5091 1019 5159 requies,
1053 5092 1140 5147 ille
1166 5093 1237 5147 sit
1268 5095 1661 5150 habitaculum.

27 5176 341 5247 Denique
374 5181 726 5236 annuntiatur
776 5183 935 5239 nobis
960 5199 991 5239 a
1019 5194 1209 5241 sancta
1244 5184 1523 5255 Scriptura
1556 5202 1664 5242 non

27 5267 262 5323 solum
322 5283 544 5338 regnum
590 5271 875 5337 caelorum,
924 5276 1021 5330 sed
1076 5290 1303 5345 regnum
1354 5276 1472 5329 Dei.
1511 5275 1579 5331 Ut
1611 5286 1668 5331 et

28 5378 97 5416 :n
112 5359 316 5416 emini
347 5375 433 5415 me
456 5361 570 5431 jam
597 5377 740 5435 saepe
777 5364 1004 5434 dixisse,
1044 5381 1270 5439 regnum
1294 5367 1554 5424 caalorum
1582 5377 1667 5425 est

123 5634 183 5665 ⁸³
208 5632 371 5705 Psal.
398 5651 583 5700 xxxvi,
604 5635 692 5690 37.
770 5636 815 5669 ”
842 5636 1009 5693 lCnr.
1040 5653 1129 5705 xv,
1154 5637 1244 5693 42.
1320 5639 1367 5670 ⁷⁸
1399 5638 1529 5695 ibid.
1553 5639 1643 5692 53.

1775 4548 1942 4602 etiam
1963 4548 2015 4600 in
2042 4533 2289 4601 oratione
2318 4536 2881 4613 petere,dicentes":
2918 4534 3021 4590 Sed
3053 4533 3214 4587 libera
3248 4548 3343 4586 nos

1777 4653 1810 4690 a
1850 4635 2011 4690 malo.
2045 4636 2150 4691 Sed
2182 4649 2398 4689 causam
2438 4647 2543 4702 qua
2577 4629 2773 4697 eripiat
2796 4627 2974 4696 justos
3005 4640 3134 4680 suos
3155 4624 3341 4679 Domi-

1774 4743 1877 4784 nus
1903 4726 2068 4798 679
2101 4741 2129 4779 a
2161 4723 2557 4797 peccatoribus,
2591 4720 2704 4775 sive
2763 4717 2814 4773 in
2856 4728 3092 4786 tempore
3124 4716 3338 4780 exitus,

1774 4821 1889 4875 sive
1940 4821 1993 4873 in
2048 4828 2290 4889 tempore
2329 4816 2543 4884 judicii,
2580 4830 2702 4870 cum
2761 4813 2877 4871 dies
2911 4811 2999 4866 ille
3041 4809 3339 4863 secundum

1774 4909 2102 4979 Prophetam
2135 4908 2479 4964 necessitatis
2511 4917 2565 4962 et
2623 4904 2907 4974 angustiae,
2940 4902 3055 4959 dies
3088 4900 3339 4958 obscuri-

1774 5005 1903 5058 tatis
1954 5012 2008 5057 et
2057 5000 2401 5072 perditionis,
2452 4998 2638 5069 iudicii
2683 4998 2801 5053 dies
2850 4994 3160 5059 advenerit;
3215 5004 3343 5048 tunc

1775 5111 1907 5166 ergo
1962 5109 2180 5148 causam
2234 5107 2348 5163 qua
2392 5093 2532 5163 eripi
2586 5102 2895 5148 mereantur
2953 5086 3235 5158 subjungit
3286 5093 3345 5139 et

1773 5188 1906 5242 dicit
1949 5186 2017 5249 ⁷⁸,
2057 5186 2183 5254 quia
2213 5195 2549 5253 speraverant
2595 5185 2649 5237 in
2689 5200 2828 5238 eum.
2882 5183 3177 5252 Sperantes
3208 5191 3337 5247 ergo

1768 5280 1821 5333 in
1871 5292 1932 5334 se
1982 5276 2176 5344 eripiet
2230 5285 2286 5330 et
2340 5276 2407 5331 de
2461 5274 2811 5330 tribulatione
2872 5281 2928 5329 et
2985 5272 3051 5327 de
3095 5270 3342 5324 necessi-

1769 5379 1906 5425 tate.
1959 5368 2242 5434 Quomodo
2288 5376 2465 5423 autem
2522 5380 2744 5437 sperare
2786 5363 3003 5430 debeat,
3052 5360 3177 5416 volo
3240 5359 3335 5414 tibi

1745 5641 1787 5671 "
1814 5638 2001 5693 Matth.
2027 5651 2078 5698 v,
2100 5636 2156 5692 9.
2230 5631 2709 5695 "Joan.xvn,2ti.
2788 5626 2994 5684 "Psal.
3027 5641 3215 5691 xxx“,
3247 5626 3336 5681 58.

28 5709 89 5737 ’⁸
135 5704 295 5760 ibid.
331 5705 423 5762 39.
499 5707 701 5764 "ibid.
732 5708 821 5764 39.
897 5709 945 5742 ³⁸
971 5701 1126 5765 «Ιοεωζ
1158 5723 1269 5778 XIV,
1301 5709 1391 5766 50.
1468 5710 1511 5741 ⁷⁷
1538 5708 1676 5765 Mattl

1778 5709 1958 5776 v1.13.
2034 5706 2078 5740 ⁷⁸
2111 5706 2252 5763 Psal.
2283 5720 2468 5768 xxxvr,
2509 5701 2600 5759 40.
