3944 6386
433 203 570 261 1567

1825 201 1918 258 EX
1953 200 2252 259 OBIGENE

3529 205 3675 262 1568

438 319 506 374 de
533 315 836 386 Scripturis
867 311 1074 369 sanctis
1103 312 1411 370 ostendere.
1455 310 1612 368 Sient
1640 327 1787 368 nemo
1831 323 1996 383 potest
2023 319 2069 378 Α
2097 325 2448 381 conversam,
2481 321 2536 370 et
2553 313 2682 384 quia
2709 312 2872 370 aliam
2912 313 3114 370 nullam
3137 315 3544 386 omniuospem
3577 334 3676 389 ge.

437 409 642 464 duobus
670 405 896 460 dominis
942 405 1136 458 seruire
1160 405 1230 469 "',
1270 403 1341 457 ita
1387 416 1546 458 nemo
1580 410 1756 472 potest
1785 404 1838 457 in
1867 403 1999 460 duo-

434 504 536 556 bus
567 497 802 555 dominis
827 509 1068 566 sperare.
1095 492 1266 550 Nemo
1281 502 1458 564 potest
1483 495 1534 548 in
1555 494 1763 550 incerto
1787 493 2000 549 divitia-

435 606 554 646 rum
594 602 836 659 sperare,
875 587 1014 642 etin
1064 587 1314 643 Domino.
1363 583 1535 640 Nemo
1570 594 1748 655 potest
1776 599 2000 654 sperare

436 680 491 734 in
516 676 878 748 principibus.
906 687 961 732 et
993 679 1045 732 in
1081 676 1210 732 Deo.
1245 675 1418 732 Nemo
1455 686 1630 748 potest
1677 691 1900 745 sperare
1940 677 1994 732 in

432 769 644 824 viribus
676 767 828 837 equi,
859 777 914 822 et
950 767 1000 822 in
1025 781 1109 822 eo.
1145 765 1312 822 Nemo
1349 777 1533 832 potest
1562 783 1786 838 sperare
1819 769 1873 823 in
1899 782 1998 823 ste-

432 859 576 924 culo,
609 859 742 914 etin
769 859 899 916 Deo.
949 857 1062 913 Nisi
1090 858 1233 912 enim
1285 858 1336 912 in
1371 858 1488 914 solo
1515 859 1624 915 Deo
1665 858 1994 930 speraveris,
2045 849 2048 851 λ

432 962 487 1010 et
511 954 686 1011 videat
716 954 858 1012 Deus
883 967 1032 1024 spem
1058 962 1200 1008 tuam
1229 951 1283 1008 in
1311 953 1566 1010 saeculum
1589 961 1848 1008 aeternum
1874 963 1993 1008 esse

897 1127 1216 1186 PSALIIUS
1273 1127 1538 1185 XXXVII.

505 1219 668 1278 Vens.
688 1221 743 1276 2.
759 1221 1000 1284 Domine,
1030 1237 1093 1275 ne
1121 1223 1174 1274 in
1199 1220 1376 1290 furore
1396 1231 1485 1273 tuo
1505 1234 1700 1286 arguas
1722 1233 1823 1282 nte,
1839 1233 2002 1288 neque

433 1315 490 1369 in
519 1316 604 1369 ira
627 1325 718 1369 tua
752 1314 1009 1382 corripias
1049 1329 1152 1378 me,
1189 1321 1296 1368 etc.
1330 1310 1431 1378 Qui
1472 1325 1581 1364 non
1613 1309 1763 1365 cedit
1811 1325 2000 1381 repre-

435 1406 683 1464 hensioni
735 1420 853 1475 quae
881 1405 1047 1460 verbo
1095 1403 1178 1468 Iit,
1215 1403 1398 1457 furore
1451 1402 1541 1456 Dei
1601 1404 1996 1467 redarguetur;

2102 405 2180 459 ris
2205 402 2310 462 nisi
2339 403 2393 459 in
2426 403 2565 474 ipso,
2592 405 2682 474 qui
2715 403 2954 460 vivitlcat
2981 414 3242 472 mortuos,
3265 417 3324 462 et
3345 419 3512 464 vocat
3549 425 3676 477 qua:

2100 507 2208 548 non
2243 500 2372 548 sunt
2413 502 2672 563 tanquam
2699 509 2818 562 qua!
2865 503 3012 561 sunt,
3059 509 3165 552 non
3199 497 3408 568 poteris
3447 499 3593 568 eripi
3641 513 3674 552 a

2100 587 2496 655 peccatoribus.
2531 586 2689 644 Solus
2719 599 2806 644 est
2834 589 2979 645 enim
3015 591 3132 660 ipse
3167 591 3260 660 qui
3306 591 3491 647 salvos
3543 592 3680 647 iacit

2100 685 2382 746 sperantes
2409 677 2464 732 in
2518 692 2600 744 se,
2641 694 2739 750 per
2765 680 3043 738 Christum
3076 681 3362 737 Dominum
3391 692 3672 745 nostrum,

2101 767 2188 822 cui
2242 776 2329 824 est
2378 769 2548 842 gloria
2579 779 2636 827 et
2681 780 2923 842 potestas
2971 773 3028 828 in
3075 773 3268 830 secula
3312 773 3671 832 mulorum.

2099 856 2289 914 Amen.

2662 1125 2956 1182 ΨΔΛΜΟΣ
2976 1127 3096 1182 AZ'.

2169 1218 2364 1285 Κύριε,
2397 1216 2484 1287 μὴ
2513 1217 2594 1283 τῷ
2629 1216 2794 1287 θυμῷ
2825 1233 2942 1272 σου
2978 1218 3237 1289 ἐλέγξῃς
3273 1236 3371 1290 με,
3407 1220 3574 1290 μηδὲ
3601 1221 3676 1291 τῇ

2101 1306 2248 1378 ὀργῇ
2281 1323 2396 1362 σου
2419 1308 2749 1377 παιδεύσῃς
2768 1326 2866 1377 με,
2887 1326 2940 1362 κ.
2969 1325 3017 1362 τ.
3046 1310 3091 1362 ἑ.
3139 1308 3198 1364 Ὀ
3225 1311 3434 1381 ἐλέγχῳ
3457 1312 3574 1384 (ιο)
3599 1313 3678 1382 τῷ

2092 1397 2180 1452 διὰ
2203 1398 2360 1468 λόγου
2397 1399 2471 1471 μὴ
2498 1399 2682 1464 εἴκων,
2731 1398 2886 1470 θυμῷ
2917 1399 3051 1452 Θεοῦ
3097 1399 3520 1472 ἐλεγχθήσεται·
3583 1404 3679 1456 καὶ

434 1505 490 1549 ct
513 1495 604 1564 qui
637 1510 740 1549 non
774 1493 1093 1551 submiserit
1131 1508 1191 1548 se
1226 1496 1357 1563 lngo
1409 1494 1760 1564 prmeeptoris
1791 1495 1842 1547 in
1887 1494 1994 1550 Deo

2122 1490 2174 1562 ιὴ
2197 1491 2300 1544 ὑπὸ
2323 1490 2484 1560 ζυγὸν
2513 1491 2854 1554 παιδεύοντος
2883 1492 2941 1545 ὲν
2967 1491 3086 1563 Θεῷ
3111 1491 3430 1547 διδασκάλου
3453 1495 3678 1564 γινόμε-

437 1587 788 1656 corrigentis,
820 1587 897 1640 ira
929 1586 1017 1640 Dei
1064 1585 1442 1655 castigabitur.
1477 1585 1777 1656 Castigatio
1815 1596 1996 1642 autem

439 1679 862 1747 reprehensione
899 1677 1177 1732 molestior
1206 1685 1307 1731 est.

508 1770 668 1827 Vens.
700 1770 754 1825 5.
787 1769 940 1825 Sicut
963 1785 1098 1823 onus
1119 1785 1277 1838 grave
1303 1779 1534 1838 grauata:
1557 1779 1680 1824 sunt
1713 1786 1870 1848 super
1895 1786 1994 1837 me,

435 1869 542 1915 etc.
577 1859 984 1926 Venite,omnes,
1019 1860 1191 1930 inquit
1231 1861 1480 1917 Christus
1503 1861 1575 1930 ‘°,
1608 1863 1699 1932 qui
1742 1862 1998 1918 laboratis

433 1963 480 2005 et
507 1954 711 2008 onerati
737 1955 881 2020 estis,
915 1964 962 2008 et
990 1970 1080 2024 ego
1104 1955 1334 2026 reﬁciam
1363 1969 1469 2010 vos.

503 2042 668 2100 Vens.
701 2043 756 2098 7.
791 2043 956 2099 Miser
992 2045 1165 2116 [actus
1189 2061 1326 2110 sum,
1352 2055 1398 2100 et
1421 2056 1668 2102 curvatus
1687 2061 1803 2100 sum
1837 2061 1997 2116 usque

432 2138 486 2191 in
508 2137 691 2206 ﬁnem,
723 2147 837 2194 tota
861 2140 947 2194 die
985 2141 1328 2196 contristatur
1359 2140 1712 2211 ingrediebar,
1748 2149 1854 2196 etc.
1887 2141 2000 2196 IIoc

433 2228 716 2282 dicendum
742 2229 808 2286 iis
844 2229 937 2300 qui
975 2230 1198 2286 multum
1247 2230 1428 2286 rident
1483 2242 1540 2288 et
1580 2231 1804 2288 comicis
1851 2232 1999 2290 dele-

431 2324 666 2371 ctantur.

505 2401 666 2459 Vsus.
691 2403 782 2459 12.
810 2404 982 2460 Amici
1007 2406 1107 2460 mei
1130 2414 1179 2460 et
1201 2407 1434 2474 proximi
1479 2409 1582 2462 mei
1609 2409 1884 2464 adversum
1917 2425 1999 2465 me

432 2495 980 2565 appropinquauerunt
999 2507 1046 2551 et
1071 2507 1345 2565 steterunt,
1363 2507 1414 2552 et
1434 2500 1524 2570 qui
1539 2500 1700 2568 juxta
1726 2517 1806 2554 me
1827 2512 1999 2566 erant,

433 2583 496 2635 de
531 2581 684 2653 longe
705 2592 980 2649 steterunt,
1009 2593 1115 2640 etc.
1143 2583 1307 2642 Forte
1344 2589 1574 2644 virtutes
1608 2591 1870 2659 quasdam
1920 2591 1999 2646 dio

435 2673 510 2728 cit
538 2683 762 2731 sanctas
787 2689 907 2744 quae
939 2675 995 2730 in
1028 2682 1272 2747 tempore
1299 2679 1616 2736 tcntationis
1647 2680 1909 2737 recedunt
1940 2688 2002 2736 ut

433 2764 691 2832 probetur
727 2773 987 2834 tentatus,
1017 2767 1098 2821 vel
1141 2769 1423 2838 puniatur.

2097 1595 2206 1643 νος,
2237 1581 2371 1652 ὀργῇ
2407 1579 2542 1633 Θεοῦ
2590 1579 3032 1652 παιδευθήσεται·
3079 1581 3294 1636 παιδεία
3339 1582 3397 1636 δὲ
3443 1584 3680 1654 ἐλέγχου

2100 1669 2520 1743 ἐπιπονώτερος.

2180 1759 2336 1816 Ὠσει
2359 1759 2608 1830 φορτίον
2623 1759 2782 1828 ,βαρὺ
2813 1759 3230 1827 ἐϐαρύνθησαν
3253 1758 3346 1812 ἐπ’
3375 1758 3509 1828 ἐμὲ,
3545 1776 3602 1811 κ.
3626 1776 3680 1814 τ.

2099 1853 2147 1907 ὲ.
2181 1870 2200 1904 ‹
2243 1851 2636 1914 Δεῦτεοπάντες
2663 1851 2795 1922 (Η),
2822 1851 2985 1921 φησιν
3015 1851 3042 1902 ὁ
3073 1850 3325 1921 Χριστὸς,
3357 1852 3408 1903 οἱ
3439 1850 3682 1904 κοπιιῖιν-

2095 1959 2186 2007 τες
2209 1942 2303 1996 καὶ
2334 1941 2772 2012 πεφορτισμένοι,
2800 1939 2956 2010 κάγὼ
2976 1940 3270 1996 ἀναπαύσω
3294 1940 3462 2011 ὑμᾶς.
3503 1959 3526 1992 ι

2180 2031 2665 2102 Ἐταλαιπώρησα
2697 2033 2796 2087 καὶ
2838 2031 3258 2101 κατεκάμφθην
3286 2033 3398 2098 ἕως
3431 2032 3680 2099 τέλους,

2097 2120 2251 2190 ὅλην
2274 2121 2389 2192 τὴν
2413 2121 2641 2192 ἡμέραν
2665 2120 3098 2190 σκυθρωπάζων
3121 2123 3521 2191 ἐπορευόμην,
3544 2140 3600 2176 κ.
3623 2140 3678 2178 τ.

2097 2215 2147 2268 ἐ.
2182 2214 2413 2269 Λεκτέον
2442 2212 2600 2269 τοῦτο
2623 2213 2735 2284 (42)
2748 2213 2883 2285 πρὸς
2905 2214 3032 2279 τοὺς
3056 2214 3328 2284 γελῶντας
3358 2215 3557 2282 πολλα,
3584 2217 3683 2272 καὶ

2097 2307 2465 2380 τερπομένους
2489 2306 2582 2360 ἐπὶ
2609 2305 2851 2376 γελῴοις.

2163 2401 2230 2452 0i
2255 2398 2422 2467 φίλοι
2446 2415 2567 2468 μου
2593 2397 2693 2452 καὶ
2725 2402 2777 2454 οι
2821 2399 3092 2467 πλησίον
3122 2417 3236 2468 μου
3275 2399 3346 2464 ἐξ
3389 2401 3682 2469 ἐναντίας

2094 2503 2214 2556 μου
2263 2484 2520 2557 ἤγγισαν
2551 2486 2651 2541 καὶ
2693 2487 2992 2558 ἔστησαν,
3037 2489 3136 2543 καὶ
3184 2492 3240 2544 οἱ
3281 2491 3535 2560 ἔγγιστά
3553 2512 3680 2562 μου

2094 2578 2394 2647 μακρόθεν
2421 2578 2720 2648 ἔστησαν,
2754 2597 2808 2633 κ.
2861 2597 2913 2635 τ.
2948 2581 2995 2634 ὲ.
3029 2582 3181 2652 Τάχα
3219 2582 3475 2653 δυνάμεις
3523 2587 3683 2650 τινάς

2101 2668 2216 2738 (43)
2239 2668 2386 2737 λέγει
2435 2668 2594 2737 ἁγίας
2645 2671 3034 2742 ὑποχωρούσας
3071 2675 3128 2726 ὲν
3162 2672 3336 2744 καιρῷ
3362 2677 3681 2747 πειρασμοῦ

2102 2759 2238 2831 πρὸς
2279 2759 2506 2831 δοκιμὴν
2549 2758 2643 2814 τοῦ
2690 2760 3105 2832 πειραζομένου,
3161 2764 3194 2836 ἢ
3247 2765 3383 2836 πρὸς
3427 2765 3678 2820 κόλασιν.

508 2851 668 2907 Vnus.
719 2853 800 2908 I3.
837 2851 906 2909 Et
945 2855 1036 2925 qui
1083 2856 1419 2927 inquirebant
1465 2860 1608 2916 mala
1656 2861 1784 2915 mihi
1833 2861 1994 2916 locuti

2167 2847 2277 2901 Καὶ
2326 2850 2381 2902 οἱ
2431 2847 2744 2918 ζητοῦντες
2777 2850 2850 2904 τὰ
2888 2852 3046 2906 κακὰ
3085 2870 3187 2922 μοι
3219 2853 3540 2922 ἐλάλησαν
3569 2875 3682 2926 μα-

433 2952 555 2996 sunt
579 2943 860 3011 vanitates,
880 2957 926 3000 et
948 2946 1098 3001 dolos
1121 2957 1230 3002 tota
1259 2948 1346 3003 die
1380 2951 1794 3008 meditabantur.
1836 2953 2001 3008 Vide-

435 3034 595 3086 batur
617 3031 751 3087 mihi
777 3033 988 3090 vanitas
1011 3048 1132 3092 esse
1159 3035 1323 3091 etiam
1354 3037 1445 3092 illa
1475 3039 1760 3094 verborum
1797 3041 1848 3095 in
1879 3056 2003 3112 spe-

434 3120 574 3174 ciem
608 3123 1159 3181 demonstrativorum
1192 3127 1278 3183 vis
1320 3129 1612 3198 sophistica
1641 3145 1746 3200 qua
1791 3147 1876 3186 me
1909 3148 2002 3187 ca-

436 3223 565 3276 pere
598 3213 893 3280 sperabant
926 3213 979 3276 hi
1013 3214 1105 3284 qui
1149 3217 1465 3285 qurerehant
1504 3219 1744 3274 animam
1803 3237 1999 3278 meam.

437 3299 599 3355 llolos
633 3296 741 3357 tota
775 3303 862 3360 die
905 3306 1230 3364 meditantes
1257 3308 1638 3380 loquebantur,
1673 3313 1867 3383 inquit,
1903 3314 2000 3368 ad-

432 3407 650 3449 versum
691 3409 800 3460 me,
854 3397 1084 3454 insidias
1117 3400 1249 3456 mihi
1301 3412 1602 3460 struentes.
1665 3405 1800 3459 Dum
1849 3406 1995 3460 enim

436 3486 614 3558 angeli
636 3487 979 3557 deserebant,
1000 3491 1376 3550 vehementius
1408 3495 1680 3552 dtemones
1704 3498 2000 3554 instabant.

513 3661 678 3720 Vsus.
715 3665 802 3722 14.
835 3665 950 3739 Ego
981 3680 1153 3725 autem
1180 3681 1429 3743 tanquam
1462 3690 1657 3730 suraus
1689 3692 1790 3730 non
1814 3678 2002 3731 audie-

436 3758 577 3822 bam,
608 3768 655 3812 et
687 3769 822 3814 sicut
846 3771 1021 3815 mutus
1047 3778 1148 3817 non
1163 3767 1401 3833 aperiens
1419 3779 1476 3820 os
1498 3780 1676 3831 suum,
1702 3776 1808 3822 etc.
1846 3766 2004 3822 Reci-

436 3850 620 3919 piebat
663 3852 885 3920 quidem
937 3854 1386 3912 ratiocinationes
1429 3859 1716 3924 tentantis,
1769 3866 1827 3913 at
1881 3859 2004 3915 illas

436 3955 542 3994 non
568 3940 843 4008 audiebat,
880 3957 980 3999 nec
1007 3944 1160 4012 juxta
1207 3945 1327 4002 illas
1358 3947 1713 4016 operabatur.
1755 3949 2002 4008 Surditas

435 4045 520 4086 est
551 4033 945 4102 impatihilitas,
977 4046 1197 4105 propter
1224 4054 1387 4107 quam
1422 4055 1526 4095 non
1557 4041 1835 4098 audiebat.

505 4121 670 4179 Vnus.
714 4124 804 4179 17.
852 4124 992 4190 Quia
1027 4126 1140 4180 dixi
1184 4140 1200 4179 :
1242 4125 1534 4198 quuando
1583 4132 2002 4202 supergautleant

2103 2940 2438 3007 ταιότητας,
2463 2941 2559 2994 καὶ
2593 2940 2943 3011 δολιότητας
2966 2943 3120 3012 ὅλην
3143 2944 3257 3013 τὴν
3294 2947 3524 3014 ἡμέραν
3551 2949 3684 3018 ἐμε-

2101 3028 2389 3099 λέτησαν,
2435 3050 2490 3086 κ.
2537 3049 2588 3086 τ.
2626 3033 2671 3087 ἑ.
2722 3033 2926 3088 Ἐδόκει
2969 3035 3026 3088 δέ
3066 3053 3154 3105 μοι
3205 3035 3318 3108 (44)
3371 3039 3682 3109 ματαιότης

2103 3122 2198 3176 καὶ
2228 3124 2262 3192 ἡ
2308 3122 2415 3176 τῶν
2446 3124 2838 3180 ἀποδεικτικῶν
2864 3121 3004 3179 εἶναι
3035 3125 3330 3182 δοκούντων
3365 3127 3540 3196 λόγων
3586 3131 3683 3200 βία

2104 3216 2388 3287 σοφιστικὴ
2417 3217 2736 3289 φαινομένη,
2769 3214 2928 3290 δι’-ἧς
2961 3219 3101 3272 ὲλεῖν
3133 3235 3200 3289 με
3240 3219 3598 3290 προσεδόκουν
3625 3225 3702 3276 οἱ.

2102 3303 2200 3376 τὴν
2227 3304 2365 3375 ἐμὴν
2387 3303 2674 3375 ζητοῦντες
2704 3304 2901 3377 ψυχήν.
2936 3305 3224 3377 Δολιότητα
3253 3307 3320 3360 δι’
3351 3307 3470 3360 ὅλου
3513 3309 3682 3378 μελε..

2101 3395 2301 3462 τῶντες
2325 3394 2418 3450 τοῦ
2459 3396 2574 3466 βίου
2626 3396 2864 3462 ἐλάλουν,
2893 3399 3046 3470 φησὶ,
3077 3398 3213 3469 πρὸς
3243 3399 3332 3470 μὲ,
3381 3399 3683 3472 ὲπιὸουλήν

2107 3503 2196 3556 μοι
2225 3486 2595 3552 σκευάζοντες.
2627 3486 2748 3540 Τῶν
2781 3486 2890 3559 γὰρ
2929 3489 3172 3558 ἀγγέλων
3198 3489 3511 3556 λειπόντων,
3547 3509 3682 3561 σψ

2103 3576 2354 3649 δρότερον
2386 3579 2435 3631 οἱ
2463 3578 2715 3648 δαίμονες
2747 3577 3076 3633 ἐπετίθεντο.

2186 3667 2328 3738 Ἐγὼ
2371 3669 2439 3722 δὲ
2481 3669 2624 3723 ὡσεὶ
2689 3669 2886 3738 κωφὸς
2937 3673 3049 3725 οὐκ
3084 3671 3334 3741 ἤκουον,
3380 3672 3476 3727 καὶ
3525 3675 3681 3729 ὡσεὶ

2103 3758 2333 3825 Malae
2386 3760 2498 3813 οὐκ
2549 3759 2806 3832 ἀνοίγων
2855 3760 2918 3814 τὸ
2974 3763 3169 3832 στόμα
3194 3763 3402 3826 αὐτοῦ,
3433 3782 3486 3817 κ.
3527 3781 3581 3818 τ.
3625 3767 3676 3818 ὲ.

2117 3849 2360 3920 Ἑδέχετο
2400 3849 2498 3922 μὲν
2540 3849 2650 3921 (45)
2693 3851 2819 3915 τοὺς
2849 3851 3143 3922 λογισμοὺς
3171 3853 3264 3907 τοῦ
3297 3852 3682 3926 πειράζοντος,

2105 3940 2205 3994 οὐκ
2235 3942 2398 4012 ἤκουε
2423 3941 2479 3994 δὲ
2513 3940 2711 4007 αὐτῶν,
2747 3943 2821 4014 μὴ
2867 3943 3104 4012 ἐνεργῶν
3134 3945 3253 3997 κατ’
3280 3944 3495 4007 αὐτούς.
3548 3947 3682 3999 Κω-

2099 4031 2269 4104 φότης
2289 4029 2346 4083 δέ
2367 4031 2516 4083 ἐστιν
2537 4031 2572 4102 ἡ
2592 4029 2850 4096 ἀπάθεια,
2875 4030 2940 4083 δι’
2963 4032 3028 4102 ἢν
3058 4031 3159 4086 οὐκ
3179 4032 3372 4104 ήκουεν
3392 4031 3597 4086 αὐτῶν.

2172 4122 2302 4174 Ὀτι
2345 4116 2536 4183 εἷπον,
2571 4118 2815 4186 Μήποτε
2861 4119 3192 4188 ἐπιχαρῶσί
3224 4138 3326 4190 μοι
3367 4123 3423 4175 οι
3463 4121 3676 4192 ἐχθροί

434 4213 562 4267 mihi
610 4213 812 4268 inimici
843 4215 966 4282 mei,
998 4224 1104 4270 etc.
1157 4214 1332 4286 Super
1379 4218 1445 4274 iis
1477 4220 1571 4289 qui
1624 4223 1999 4291 paenitentiam

2122 4230 2236 4277 tov,
2271 4229 2325 4265 κ.
2362 4229 2414 4265 τ.
2462 4212 2510 4264 ὲ.
2540 4210 2664 4266 Ἐπὶ
2696 4210 2794 4281 μὲν
2841 4214 2951 4275 τοῖς
2986 4213 3330 4282 μετανοοῦσιν
3361 4214 3414 4266 οἱ
3447 4213 3678 4282 ἄγγελοι

435 4312 622 4372 agunt,
649 4305 886 4374 gaudent
918 4305 1136 4376 angeli;
1175 4319 1338 4376 super
1363 4307 1468 4364 illis
1505 4310 1595 4366 aui
1646 4325 1998 4373 commoven-

435 4399 543 4456 tur,
568 4393 861 4449 daemones.

498 4482 665 4554 σεο
708 4483 872 4540 Vsus.
901 4483 991 4539 20.
1023 4483 1236 4540 Inimici
1285 4495 1458 4540 autem
1507 4491 1609 4544 mei
1655 4498 1847 4564 vivunt,
1888 4508 1994 4554 etc.

431 4571 547 4626 Non
589 4573 728 4626 hanc
754 4575 922 4628 vitam
945 4590 1066 4644 quae
1088 4576 1220 4632 dicit
1243 4579 1289 4613 ⁶¹
1315 4595 1329 4631 :
1369 4578 1479 4649 Ego
1507 4597 1624 4634 sum
1657 4585 1783 4641 vita.

502 4661 667 4716 Vsus.
691 4661 783 4716 21.
816 4662 921 4728 Qui
950 4666 1236 4720 retribuunt
1276 4666 1419 4721 mata
1455 4686 1552 4738 pro
1576 4672 1722 4726 bonis
1755 4675 1997 4730 detrahe-

431 4751 553 4804 bant
601 4754 749 4818 mihi,
790 4763 900 4808 etc.
957 4753 1347 4810 Retribuebant
1373 4757 1512 4812 mala
1546 4775 1646 4829 pro
1703 4761 1856 4818 bonis
1889 4781 1998 4821 non

429 4855 556 4912 erga
589 4855 650 4898 se
681 4841 868 4910 factis,
896 4845 991 4900 sed
1021 4845 1342 4916 simpliciter
1371 4847 1532 4906 iactis
1571 4862 1796 4923 propter
1825 4854 2004 4912 Domi-

427 4946 578 4986 num.

501 5022 666 5078 Vsus.
697 5023 788 5078 22.
821 5022 904 5080 Ne
930 5027 1268 5100 derelinquas
1284 5045 1385 5094 me,
1419 5030 1640 5088 Domine
1665 5031 1806 5089 Deus
1831 5051 1999 5100 meus,

424 5129 488 5168 ne
517 5114 818 5170 discesseris
855 5132 887 5170 a
923 5132 1024 5185 me,
1049 5127 1156 5174 etc.
1201 5117 1500 5176 Pulchrum
1532 5123 1798 5178 orationis
1833 5139 1994 5180 exor-

2102 4304 2402 4376 χαίρουσιν,
2434 4301 2529 4356 ἐπὶ
2557 4302 2615 4356 δὲ
2638 4305 2752 4368 τοῖς
2781 4303 3152 4369 σαλευομένοις
3177 4305 3227 4360 oi
3252 4305 3526 4376 δαίμονες.

2179 4484 2244 4536 Ol
2274 4481 2342 4536 δὲ
2374 4482 2577 4552 ἐχθροί
2620 4500 2739 4550 μου
2771 4480 2929 4547 ζῶσι,
2963 4499 3016 4534 κ.
3052 4499 3102 4536 τ.
3138 4481 3185 4535 ὲ.
3219 4482 3294 4536 Οὐ
3333 4481 3543 4556 ταύτην
3574 4485 3674 4556 τὴν

2102 4572 2250 4645 ζωὴν
2281 4574 2378 4645 τὴν
2405 4571 2698 4627 εἰποῦσαν·
2735 4591 2754 4626 t
2806 4571 2946 4641 Ἐγώ
2981 4573 3094 4643 ειμι
3123 4574 3156 4644 ή
3188 4573 3320 4644 ζωή.
3363 4592 3382 4624 ›

2177 4668 2241 4719 Οὶ
2276 4664 2775 4731 ἀνταποδιδόντες
2809 4663 2962 4718 κακὰ
2985 4663 3116 4718 ἀντὶ
3150 4663 3383 4734 ἀγαθῶν
3407 4664 3676 4720 ἐνδιέϐα-

2102 4757 2217 4812 λόν
2244 4773 2341 4826 με,
2375 4772 2429 4810 κ.
2464 4773 2515 4809 τ.
2551 4757 2599 4810 ἑ.
2640 4755 3084 4809 Ἀνταπεδιδοσαν
3111 4755 3255 4808 κακά
3277 4756 3398 4810 ἀντὶ
3429 4757 3676 4825 ἀγαθῶν,

2102 4849 2164 4902 οὺ
2193 4848 2300 4901 τῶν
2334 4849 2414 4912 εἰς
2443 4847 2685 4910 ἐκείνους
2716 4845 3044 4916 γενομένων,
3077 4846 3212 4900 ἀλλὰ
3240 4847 3347 4901 τῶν
3373 4848 3561 4913 ἁπλῶς
3585 4867 3676 4918 γιο

2101 4941 2340 5013 νομένων
2367 4939 2454 4994 διὰ
2475 4940 2565 4993 τὸν
2590 4939 2814 5011 Κύριον.

2174 5032 2270 5100 Μὴ
2305 5033 2711 5103 ἐγκαταλίπῃς
2750 5048 2850 5101 με,
2894 5031 3071 5100 Κύριε
3115 5031 3148 5087 ὀ
3199 5031 3343 5097 Θεός
3391 5048 3536 5099 μου,
3585 5031 3675 5099 μὴ

2101 5123 2378 5194 ἀποστῇς
2404 5125 2505 5181 ἀπ’
2537 5125 2704 5196 ἐμοῦ,
2736 5141 2792 5179 κ.
2823 5142 2874 5181 τ.
2903 5126 2950 5180 ἑ.
2973 5124 3150 5181 Καλὸν
3181 5123 3462 5196 προοίμιον
3499 5139 3676 5194 προσ-

497 5231 785 5294 ."Matth.
828 5251 901 5304 vt,
935 5236 1028 5296 24.
1105 5237 1153 5272 ⁸⁸
1169 5239 1361 5297 Matth.
1391 5256 1468 5308 XI,
1499 5240 1592 5298 28.
1666 5244 1709 5276 ⁸¹
1744 5243 1902 5301 Joan.
1933 5261 2043 5312 xrv,
2079 5245 2134 5304 6.

654 5365 984 5440 fO‘éJérch,
1006 5382 1114 5430 etc.
1140 5375 1341 5432 Catena
1372 5378 1636 5435 Corderii.

497 5434 609 5570 ὥς
635 5438 830 5500 Δεῦτε.
849 5434 1092 5523 ξέᾱὴες,
1116 5455 1222 5501 etc.
1250 5446 1434 5502 Codex
1460 5434 1845 5511 Coislinianus.

636 5509 892 5562 Λεκτέον
910 5528 1114 5570 τουτο.
1137 5524 1248 5570 etc.
1287 5516 1454 5570 Idem.

498 5504 610 5641 (42;
636 5509 892 5562 Λεκτέον
910 5504 1114 5581 τοῦτο,
1137 5524 1248 5572 etc.
1287 5516 1454 5572 Idem.

498 5574 589 5641 (45
645 5576 798 5641 Τάχα
823 5577 1106 5641 δυνάμεις
1131 5585 1318 5641 τινὰ.
1340 5597 1446 5641 etc.

645 5576 798 5647 Τάχα
823 5576 1109 5651 δυνάμεις(
1131 5585 1318 5655 τινός.
1340 5597 1446 5645 etc.
1479 5587 1639 5645 Idem.

591 5439 610 5645 ἔ

2192 5385 2284 5461 μ)
2329 5386 2554 5461 rem
2597 5386 2667 5442 δέ
2692 5405 2814 5461 μοι,
2843 5394 2968 5461 εισι
2995 5385 3196 5461 catena
3223 5385 3491 5461 partem
3668 5450 3681 5461 .

2194 5385 2262 5440 u
2329 5386 2554 5443 Ἐδόκει
2597 5386 2667 5442 δέ
2774 5405 2814 5452 ι,
2843 5394 2951 5442 etc.
2995 5385 3196 5440 Catena
3223 5385 3491 5439 Corderii.

2194 5385 2287 5530 45g
2328 5457 2603 5531 Ἐ’δέχετο
2628 5405 2770 5527 ιιέέ
2795 5465 2902 5531 etc.
2928 5455 3110 5512 Codex
3141 5453 3538 5531 _Co_i_s|iniant_ts,
3591 5450 3682 5520 qui

2099 5538 2154 5583 et
2179 5519 2570 5598 sequentia'in
2605 5519 3045 5599 liunc'psalmum
3074 5523 3286 5582 scholia
3323 5519 3566 5577 exhibet.

2774 5405 2814 5452 ι,
2843 5394 2951 5442 etc.
2995 5384 3196 5440 Catena
3223 5381 3491 5439 Corderii.

3856 589 3865 854 λ
