3808 6512
144 321 262 376 1569

784 315 1094 379 SELECTA
1131 322 1200 378 IN
1237 320 1575 379 PSALMOS.
1616 351 1686 360 —
1719 317 1951 376 IIOMIL.
1993 319 2014 373 Ι
2051 318 2118 374 IN
2153 316 2346 374 PSAL.
2384 314 2624 370 XXXVII

3205 315 3341 370 i370

141 439 288 509 ευχῆς
311 439 385 504 τὸ,
419 459 438 490 ι
464 442 554 512 Μὴ
593 443 966 515 ὲγκαταλίπῃς
1016 461 1103 514 με,
1138 443 1307 514 Κύριε
1347 443 1374 494 ὁ
1399 443 1529 505 Θεός
1554 459 1674 512 μου,

1787 440 1925 494 dium
1955 448 2036 493 est
2068 438 2198 491 illud
2233 454 2246 491 :
2287 436 2365 489 Ne
2410 433 2741 504 derelinquas
2787 447 2886 499 me,
2937 431 3157 486 Domine
3207 432 3342 488 Deus

143 530 208 600 μὴ
238 531 460 602 ἀποστῇς
490 533 582 584 ἀπ’
600 533 734 604 ἐμοῦ
750 551 764 563 ³
789 535 1021 606 πρόσεχε
1053 537 1130 598 εἰς
1154 535 1254 605 τὴν
1279 534 1524 604 βοήθειάν
1548 550 1671 603 μου,

139 619 290 688 Κύριε
334 621 429 690 τῆς
472 623 742 694 σωτηρίας
775 641 875 695 μου
896 641 914 655 ·
957 643 975 676 ι
1008 624 1119 696 ἔχει
1144 623 1253 694 γὰρ
1286 626 1344 678 ἐν
1381 623 1556 694 ἑαυτῷ
1582 624 1674 676 καὶ

137 710 224 782 τὴν
249 711 396 780 ἁγίαν
425 713 648 784 Τριάδα.

1778 548 1947 594 meus,
1981 547 2044 583 ne
2088 529 2390 582 discesseris
2428 543 2460 578 a
2507 542 2586 579 me
2602 541 2622 590 ;
2674 525 2883 578 intende
2926 524 3344 593 in'adjutorium

1780 641 1972 689 meum,
2005 623 2225 676 Domine
2259 622 2394 674 Deus
2419 619 2608 674 salutis
2642 635 2769 675 mew
2792 636 2811 675 :
2834 619 2999 675 habet
3018 617 3163 674 enim
3195 618 3247 672 in
3283 631 3343 672 se

1778 713 1943 768 etiam
1981 723 2226 767 sanctam
2255 711 2605 767 Trinitatem.

1014 1001 1590 1095 ORIGENIS
1667 1003 2438 1099 EXPLANATIO

278 1200 468 1277 Super
513 1199 826 1278 psalmum
872 1198 1270 1260 tricesimum
1319 1197 1692 1277 septimum,
1740 1195 1855 1277 qui
1901 1197 2142 1262 dicitur
2187 1216 2203 1256 :
2249 1200 2530 1276 Domine,
2579 1219 2654 1261 ne
2681 1202 2748 1263 in
2779 1203 3017 1280 furore,
3063 1206 3182 1264 etc.

611 1549 889 1604 HOMILIA
942 1550 1176 1606 PRIMA.

198 1645 462 1700 l.Creator
479 1643 834 1697 humanorum
852 1658 1136 1712 corporum
1155 1643 1294 1699 Deus
1316 1645 1518 1700 sciebat
1535 1647 1675 1716 quod

128 1737 247 1791 talis
275 1743 412 1791 esset
436 1733 701 1804 fragilitas
723 1735 944 1788 humani
987 1736 1253 1804 corporis,
1284 1753 1402 1806 (gnte
1443 1737 1678 1806 languo-

127 1844 214 1884 res
238 1829 474 1882 diversos
509 1837 692 1896 posset
719 1826 981 1894 recipere,
1011 1836 1066 1880 et
1093 1827 1406 1883 vulneribus
1448 1829 1680 1899 aliisque

123 1919 484 1974 debilitatibus
507 1927 654 1972 esset
685 1918 920 1971 obnoxia
957 1934 973 1972 :
1005 1926 1060 1972 et
1114 1918 1236 1974 ideo
1264 1921 1509 1975 venturis
1552 1937 1676 1990 pas-

126 2011 362 2066 sionibus
388 2010 703 2079 providens,
729 2011 893 2064 etiam
929 2011 1328 2065 medicamenta
1373 2013 1680 2082 procreavit

123 2118 192 2155 ex
226 2109 463 2166 terra,et
515 2100 802 2155 medicinae
847 2101 1071 2154 tradidit
1119 2102 1481 2171 disciplinam,
1526 2111 1586 2156 ut
1632 2104 1676 2158 si

123 2193 388 2248 accideret
432 2192 697 2263 aegritudo
744 2191 982 2260 corpori,
1032 2207 1138 2246 non
1187 2193 1402 2248 deesset
1447 2193 1676 2249 medela.

119 2285 237 2352 Quo
274 2284 425 2338 nobis
456 2283 630 2337 tendit
663 2283 763 2338 ista
814 2283 1106 2350 praefatio?
1147 2283 1224 2338 Ad
1275 2284 1514 2339 animam
1561 2284 1680 2339 sine

119 2375 280 2430 dubio
317 2383 607 2430 revocatur
646 2373 937 2442 :quoniam
970 2382 1027 2428 et
1055 2375 1226 2443 ipsam
1275 2388 1397 2429 eum
1450 2372 1681 2428 Creator

117 2467 356 2522 omnium
381 2466 736 2527 condidisset,
775 2465 983 2520 sciebat
1011 2465 1151 2534 quod
1193 2465 1373 2520 futura
1418 2473 1560 2520 esset
1595 2466 1680 2520 vi—

118 2560 312 2613 tiorum
343 2571 535 2626 capax,
570 2566 626 2611 et
654 2558 726 2612 ob
768 2556 873 2610 hoc
923 2557 1135 2611 subdita
1186 2565 1348 2626 atque
1385 2555 1678 2610 obonerata

117 2649 366 2718 peccatis.
396 2649 462 2703 Et
491 2650 613 2704 ideo
635 2649 778 2704 sicut
807 2649 1024 2718 corpori
1055 2649 1446 2703 medicamenta
1471 2662 1682 2717 praepa-

119 2739 261 2794 ravit
295 2753 360 2794 ex
399 2739 584 2794 herbis
613 2749 730 2794 arte
777 2739 1174 2808 disciplinaque
1231 2738 1565 2808 compositis,
1604 2739 1680 2792 ita

119 2833 283 2886 etiam
313 2831 505 2886 anima:
540 2831 931 2886 medicamenta
967 2829 1298 2899 praeparavit
1341 2830 1393 2884 in
1441 2829 1524 2883 his
1559 2844 1676 2884 ser-

1704 1561 1748 1618 B
1777 1556 1906 1625 quid
1936 1555 2045 1611 tale
2076 1555 2221 1610 ultra
2257 1553 2569 1611 committat
2607 1569 2621 1606 :
2654 1562 2709 1608 et
2742 1563 3026 1624 propterea
3084 1563 3214 1624 pulo
3255 1570 3348 1609 su-

1779 1645 2137 1715 perscriptum
2173 1659 2291 1700 esse
2318 1646 2488 1714 ipsum
2514 1643 2776 1712 psalmum
2812 1645 2879 1710 ⁸³,
2913 1641 3154 1697 l’salmus
3182 1643 3346 1696 David

1779 1741 1833 1791 in
1877 1737 2316 1791 recordationem.
2337 1735 2472 1801 Quid
2497 1736 2567 1790 sit
2598 1745 2778 1789 autem
2812 1736 2867 1789 in
2903 1737 3345 1801 recordationem,

1781 1844 1878 1898 per
1916 1837 2087 1883 totum
2121 1826 2294 1897 ipsius
2324 1825 2516 1896 psalmi
2547 1840 2747 1895 corpus
2779 1836 3023 1881 enarrat.
3062 1825 3350 1880 Videamus

1782 1933 1910 1987 ergo
1957 1934 2057 1974 nos
2109 1933 2299 1973 omnes
2356 1928 2697 1987 peccatores,
2726 1917 2770 1973 si
2822 1918 2875 1972 in
2924 1918 3109 1988 aliquo
3153 1917 3350 1971 delicto

1780 2009 2051 2064 fuerimus
2091 2008 2324 2074 inventi,
2354 2010 2442 2064 vel
2475 2010 2605 2079 quid
2633 2010 2840 2077 dicere,
2873 2010 2956 2064 vel
2999 2010 3128 2079 quid
3172 2009 3352 2063 facere

1780 2101 2098 2165 debeamus,
2124 2109 2183 2155 ut
2217 2115 2340 2155 cum
2371 2099 2487 2155 haec
2515 2100 2569 2154 in
2597 2099 2877 2170 Scriptura
2910 2115 3062 2156 sacra
3095 2101 3358 2155 didiceri-

1783 2208 1924 2260 mus,
1956 2193 2122 2249 etiam
2147 2193 2416 2248 medelam
2445 2193 2686 2248 vulneris
2729 2191 2901 2247 nostri
2943 2191 3200 2261 consequi
3236 2205 3350 2244 me-

1787 2299 2024 2338 reamur.
2056 2283 2264 2339 Bonum
2296 2284 2515 2353 quidem
2551 2295 2671 2341 erat
2700 2299 2913 2352 semper
2933 2299 3151 2351 corpus,
3188 2293 3245 2337 ut
3279 2283 3350 2336 ita

1785 2377 2038 2444 dixerim,
2070 2377 2266 2432 anima:
2291 2387 2492 2432 nostrae
2524 2376 2578 2431 in
2608 2377 2841 2431 sanitate
2866 2376 3086 2441 durare,
3102 2384 3157 2433 et
3188 2375 3356 2430 armis

1787 2469 1879 2524 Dei
1912 2468 2307 2523 circumdatum
2347 2471 2413 2525 ab
2466 2469 2722 2523 omnibus
2747 2468 2868 2523 telis
2909 2468 3092 2538 ignitis
3143 2467 3352 2521 diaboli

1785 2560 2005 2629 maligni
2033 2560 2429 2616 invulnerabile
2456 2547 3024 2632 permanerefnulli'us
3053 2559 3353 2630 languoris,

1785 2651 1986 2707 nullius
2046 2651 2387 2722 aegritudinis
2442 2651 2743 2721 quidquam
2791 2651 3048 2719 experiri,
3113 2647 3356 2717 nihilque

1786 2741 2097 2795 interiorem
2124 2751 2368 2796 nostrum
2397 2741 2669 2796 hominem
2699 2740 2817 2794 vitii
2859 2740 3141 2808 morbique
3182 2737 3357 2793 susci-

1785 2846 1938 2902 pere.
1968 2831 2120 2897 Quod
2170 2833 2219 2888 si
2270 2849 2370 2904 per
2419 2832 2811 2904 negligentiam
2849 2832 2931 2887 sui
2981 2840 3145 2899 atque
3190 2830 3354 2883 animi

119 2922 368 2976 monibus
416 2935 554 2990 quos
611 2935 710 2991 per
756 2920 972 2974 divinas
1032 2918 1340 2990 Scripturas
1392 2921 1677 2975 seminam
1706 2921 1753 2982 C
1783 2924 2048 2980 desidiam
2081 2925 2375 2980 incurrerit
2405 2926 2456 2980 in
2501 2933 2808 2995 peccatum,
2853 2923 2982 2991 quid
3024 2923 3196 2991 ipsum
3228 2936 3359 2974 con-

115 3023 281 3082 atque
301 3012 551 3082 dispersit
583 3029 599 3067 :
628 3020 688 3066 ut
713 3012 765 3066 hi
804 3012 895 3081 qui
926 3012 1108 3081 aliqua
1133 3013 1456 3083 aegritudine
1478 3012 1676 3067 fuerint

111 3106 383 3176 oppressi,
411 3105 592 3159 statim
623 3112 682 3158 ut
709 3104 816 3157 vim
857 3103 1031 3158 morbi
1070 3106 1338 3160 senserint
1386 3112 1546 3173 atque
1577 3104 1680 3159 ali-

113 3197 270 3265 cujus
301 3197 539 3251 vulneris
568 3195 848 3250 stimulum
883 3195 1234 3266 doloremque
1281 3197 1677 3266 perspexerint,

112 3290 170 3342 id
205 3297 308 3355 est,
343 3303 465 3343 cum
502 3289 735 3342 viderint
767 3287 1008 3342 animam
1047 3286 1252 3355 aliquid
1291 3296 1494 3356 przeter
1518 3297 1680 3340 natu-

110 3395 233 3434 ram
265 3389 562 3448 gerentem,
614 3380 896 3449 requirant
929 3389 1109 3446 aptam
1161 3388 1214 3432 et
1263 3380 1679 3434 convenientem

107 3473 219 3528 sibi
257 3473 634 3528 rationabilem
676 3471 1044 3541 disciplinam,
1079 3486 1200 3541 qum
1231 3471 1313 3526 eis
1353 3485 1420 3524 ex
1472 3485 1680 3540 praece-

107 3563 225 3631 ptis
257 3560 349 3616 Dei
391 3564 562 3632 possit
606 3564 809 3618 mederi
840 3578 854 3615 :
889 3577 1012 3615 nam
1044 3562 1268 3616 tradidit
1308 3571 1364 3615 et
1396 3563 1679 3617 medicina:

107 3651 254 3705 artis
295 3651 645 3716 industriam,
674 3651 832 3721 cujus
859 3651 1165 3705 archiatros
1197 3661 1279 3705 est
1321 3650 1572 3704 Salvator
1601 3651 1682 3704 di-

102 3758 247 3798 cens
271 3743 336 3797 de
367 3757 426 3797 se
449 3743 515 3809 ",
553 3743 680 3811 quia
702 3743 820 3799 Non
865 3760 993 3814 opus
1033 3743 1225 3796 habent
1266 3743 1357 3812 qui
1395 3744 1512 3796 sani
1560 3750 1680 3796 sunt

102 3832 336 3896 medico,
364 3833 454 3885 sed
501 3835 591 3901 qui
632 3832 766 3886 male
809 3833 1021 3886 habent.
1067 3833 1134 3886 Et
1168 3832 1259 3887 ille
1292 3833 1512 3902 quidem
1558 3843 1683 3888 erat

101 3922 422 3977 archiatros
453 3924 545 3992 qui
585 3931 772 3992 posset
798 3938 991 3979 curare
1023 3939 1238 3979 omnem
1281 3923 1596 3993 languorem
1631 3933 1686 3979 et

99 4027 335 4068 onmem
389 4012 798 4077 inﬁrmitatem;
852 4015 1106 4084 discipuli
1154 4029 1285 4070 vero
1341 4014 1458 4082 ejus
1493 4015 1684 4070 Petrus

101 4106 195 4157 vel
225 4103 446 4168 Paulus,
480 4102 574 4159 sed
603 4113 657 4158 et
687 4105 962 4174 prophetae
988 4105 1182 4160 medici
1213 4115 1359 4171 sunt,
1387 4116 1440 4161 et
1484 4107 1534 4160 hi
1563 4122 1684 4161 om-

103 4212 215 4251 nes
243 4197 334 4266 qui
372 4205 494 4265 post
523 4197 794 4265 apostolos
828 4199 880 4250 in
912 4197 1151 4263 Ecclesia
1184 4199 1344 4267 positi
1377 4207 1524 4263 sunt,
1560 4199 1682 4268 qui-

1785 3025 2048 3086 sequatur
2102 3027 2383 3086 agnoscat.
2425 3017 2596 3085 Argui
2645 3016 2729 3067 vel
2772 3013 2972 3081 corripi
3017 3022 3100 3067 est
3157 3013 3359 3066 doloris

1785 3121 1968 3178 paena.
2002 3109 2277 3163 cruciatus
2301 3117 2358 3162 et
2400 3109 2474 3162 ita
2523 3107 2708 3177 gravis
2736 3115 2842 3171 est,
2877 3115 2935 3159 ut
2961 3104 3123 3158 etiam
3177 3104 3228 3157 lii
3265 3105 3356 3171 qui

1785 3199 1974 3255 ﬁdeles
2021 3208 2078 3254 et
2126 3199 2366 3269 religiosi
2409 3201 2686 3264 videntur,
2734 3198 2777 3252 si
2823 3197 2962 3251 forte
3005 3206 3063 3249 ut
3105 3195 3356 3249 homines

1788 3290 2086 3360 aliquando
2119 3291 2172 3346 in
2209 3292 2411 3346 delicto
2444 3291 2628 3361 aliquo
2662 3290 2998 3346 incurret-int
3035 3297 3088 3342 et
3119 3300 3356 3356 arguan-

1786 3391 1898 3447 tur,
1929 3382 2285 3451 indignentur
2311 3382 2574 3436 adversus
2599 3397 2692 3437 eos
2725 3381 2816 3451 qui
2853 3389 3106 3450 arguunt,
3141 3387 3194 3430 et
3221 3375 3354 3429 ode-

1784 3476 1894 3530 rint
1943 3490 2057 3530 eos.
2101 3475 2421 3545 Corripiunt
2480 3475 2624 3530 enim
2677 3483 2737 3527 ut
2769 3475 3084 3528 emendent.
3132 3468 3198 3523 Et
3255 3468 3358 3521 hoe

1787 3564 1986 3619 malum
2013 3565 2192 3619 fuitin
2222 3580 2409 3632 causa,
2441 3573 2500 3620 ut
2533 3564 2699 3619 etiam
2753 3578 2784 3615 a
2837 3561 3004 3631 priori
3055 3557 3252 3628 populo
3299 3557 3352 3608 in

1788 3656 1976 3710 odium
2008 3657 2342 3712 haberentur
2361 3655 2659 3727 prophetas,
2689 3653 3166 3725 persecutionibus
3188 3650 3359 3719 agita-

1787 3755 1996 3801 rentur.
2029 3745 2142 3800 lloc
2185 3745 2290 3800 fuit
2333 3761 2512 3802 causa;
2552 3746 2696 3815 quod
2746 3743 2947 3799 Isaiam
2996 3742 3172 3796 secari
3211 3741 3359 3803 fecit,

1786 3834 1931 3903 quod
1960 3834 2281 3888 Zachariam
2319 3835 2461 3888 inter
2492 3834 2747 3901 templum
2791 3841 2847 3888 et
2892 3831 3066 3888 altare
3095 3827 3358 3896 compulit

1789 3923 2067 3987 trucidari,
2103 3922 2396 3978 Jeremiam
2426 3924 2480 3977 in
2515 3924 2691 3978 lacum
2727 3923 2868 3978 caeni
2905 3920 3166 3989 demergi.
3200 3919 3266 3971 Et
3294 3917 3360 3968 ad

1787 4012 2038 4066 ultimum
2066 4013 2179 4066 luec
2211 4012 2315 4066 fuit
2346 4027 2514 4066 causa
2535 4027 2654 4081 qua:
2682 4011 2969 4065 Dominum
2994 4019 3238 4062 nostrum
3274 4005 3362 4060 Je-

1785 4118 1902 4159 sum
1921 4104 2195 4158 Christum
2214 4105 2324 4172 egit
2348 4104 2399 4156 in
2419 4118 2664 4158 crucem.
2686 4103 2881 4158 Omnia
2904 4103 3049 4156 enim
3065 4115 3183 4169 qua:
3199 4114 3359 4167 supra

1785 4195 1946 4265 681
1979 4196 2415 4249 enumeravimus
2442 4195 2648 4250 scelera
2675 4205 2834 4262 atque
2861 4193 3086 4261 ﬂagitia,
3117 4205 3220 4244 non
3253 4189 3360 4242 alia

99 4290 328 4356 busque
368 4288 731 4342 curandorum
766 4287 1044 4344 vulnerum
1080 4291 1362 4360 disciplina
1389 4293 1681 4346 commissa
1715 4275 1759 4330 Ῑ)
1789 4301 1858 4341 ex
1887 4301 2049 4340 causa
2091 4287 2378 4341 commissa
2407 4295 2564 4352 sunt,
2599 4286 2700 4340 nisi
2737 4285 2878 4354 quod
2914 4287 3041 4338 dum
3084 4295 3276 4335 omnes
3302 4279 3359 4331 in

97 4391 223 4445 est,
256 4396 396 4449 quos
425 4382 596 4436 voluit
625 4381 764 4437 Deus
789 4370 841 4435 in
883 4380 1124 4436 Ecclesia
1152 4396 1246 4436 sua
1283 4397 1404 4436 esse
1450 4381 1687 4439 medicos

94 4472 452 4540 animarum,
480 4473 604 4543 quia
645 4490 752 4530 non
783 4475 898 4529 vult
923 4474 1063 4528 Deus
1094 4482 1277 4528 uoster
1301 4482 1530 4528 mortem
1564 4489 1688 4543 pec-

1792 4377 2100 4432 medicinali
2129 4376 2411 4448 disciplina
2446 4377 2683 4431 resecari
2715 4390 2809 4444 per
2839 4370 3238 4440 correptionem
3266 4367 3362 4420 de-

1792 4468 2148 4539 linquentium
2181 4471 2390 4533 nolunt,
2414 4482 2560 4524 certe
2593 4467 2878 4535 impatiens
2912 4461 3139 4531 p0pu|us
3165 4469 3220 4513 et
3248 4473 3361 4512 me-

1793 4561 1927 4617 dela!
1957 4562 2011 4615 in
2041 4563 2336 4631 perniciem
2368 4560 2635 4616 medentis
2663 4557 2893 4610 exarsit.
2923 4553 3073 4607 Beati
3112 4567 3238 4623 ergo
3269 4567 3362 4604 sa-

1791 4653 2001 4723 pientes
2042 4654 2156 4723 jam
2185 4667 2252 4707 ex
2301 4653 2416 4720 ipsa
2442 4651 2726 4719 Scriptura
2758 4647 3097 4717 appellantur
3128 4647 3182 4700 bi
3208 4686 3223 4711 ,
3267 4645 3359 4715 qui

1792 4758 1915 4798 eum
1941 4744 2286 4814 deliquerint,
2317 4745 2360 4798 si
2387 4751 2702 4812 arguantur,
2731 4756 2833 4795 non
2863 4742 3092 4796 oderunt
3121 4753 3357 4808 arguen-

1795 4845 1896 4891 tes.
1931 4835 2006 4890 lta
2043 4838 2183 4891 enim
2228 4838 2361 4891 dicit
2394 4837 2672 4905 Scriptura
2694 4835 2779 4889 3‘:
2820 4835 2946 4888 Noli
2989 4848 3209 4903 arguere
3244 4849 3360 4883 rna-

1791 4928 1870 4982 los
1898 4944 1960 4982 ne
1983 4929 2184 4982 oderint
2217 4939 2284 4994 te,
2304 4945 2464 4997 argue
2489 4929 2772 4996 sapientem
2799 4937 2846 4981 et
2875 4927 3071 4980 amabit
3105 4936 3176 4978 te.
3199 4923 3315 4978 Vidi
3334 4938 3366 4972 s

1792 5022 2061 5090 quomodo
2094 5022 2393 5090 sapientem
2438 5021 2731 5091 appellavit
2777 5019 3058 5087 Scriptura
3103 5030 3225 5071 eum
3265 5012 3360 5079 qui

1793 5113 2124 5181 correptioni
2154 5112 2420 5167 obnoxius
2451 5122 2556 5177 est,
2595 5127 2700 5166 non
2735 5121 2912 5166 tamen
2945 5110 3079 5175 odit,
3119 5106 3213 5162 sed
3244 5120 3363 5158 ma—

1795 5206 1876 5275 gis
1901 5206 2073 5275 diligit
2114 5205 2471 5276 arguentem?
2500 5204 2658 5262 Tales
2688 5213 2847 5260 erant
2886 5203 2959 5258 illi
2990 5201 3080 5271 qui
3118 5200 3186 5254 ab
3214 5200 3363 5266 Apo-

1792 5294 1930 5349 stolo
1956 5297 2344 5365 arguebantur,
2369 5307 2423 5352 et
2452 5297 2715 5354 confutati
2743 5311 2848 5352 non
2876 5295 3103 5350 oderant
3133 5305 3360 5362 arguen-

1796 5394 1899 5442 tes.
1933 5385 2086 5442 Unde
2110 5398 2165 5443 et
2186 5404 2284 5459 ego
2314 5390 2554 5447 arbitror
2581 5391 2729 5445 illum
2753 5389 2843 5460 qui
2871 5389 2922 5442 in
2951 5385 3217 5440 Corintho
3238 5397 3362 5452 gra-

1795 5477 2018 5534 vissime
2052 5479 2353 5550 deliquerat
2377 5481 2445 5550 ⁸³,
2470 5483 2672 5538 idcirco
2707 5477 3132 5536 misericordiam
3163 5488 3358 5529 course-

1797 5579 2017 5637 cutum,
2074 5575 2328 5643 quoniam
2381 5585 2664 5645 correptus
2719 5573 2786 5629 ab
2826 5569 3119 5644 Apostolo,
3181 5576 3234 5621 et
3285 5575 3358 5619 ita

90 4563 341 4625 caloris,
379 4564 473 4618 sed
505 4565 878 4631 paenitentiam
913 4573 969 4619 et
998 4567 1300 4618 orationem
1341 4563 1455 4631 eius
1491 4579 1688 4634 exspe-

93 4661 254 4707 ctat.
297 4653 505 4708 Deinde
549 4666 605 4710 et
651 4656 752 4709 iste
783 4655 1021 4726 psalmus
1069 4656 1159 4723 qui
1206 4671 1348 4711 nunc
1382 4655 1555 4710 lectus
1583 4665 1690 4721 est,

94 4747 275 4802 nobis
327 4746 583 4810 ostendit,
640 4757 700 4802 ut
738 4749 782 4802 si
829 4747 970 4802 forte
999 4746 1292 4816 aliquando
1329 4747 1692 4815 przeveuimur

85 4840 157 4893 in
220 4841 466 4908 delictis,
496 4842 730 4913 qualiter
755 4855 854 4896 nos
882 4848 938 4895 et
970 4854 1092 4893 eum
1126 4853 1233 4909 quo
1285 4837 1477 4893 all‘ectu
1530 4853 1690 4894 orare

82 4941 373 5001 oporteat
420 4943 474 4989 et
532 4934 743 4988 medico
789 4931 1095 5002 supplicare
1148 4947 1247 5001 pro
1280 4930 1558 4986 doloribus
1603 4930 1690 4985 vel

77 5023 530 5079 inﬁrmitatibus
566 5024 790 5078 nostris.
838 5022 894 5077 Si
937 5023 1160 5092 quando
1180 5036 1313 5091 ergo
1345 5037 1692 5091 praeoccupa-

75 5114 258 5168 verit
293 5129 398 5168 nos
433 5115 686 5169 inimicus
707 5124 762 5168 et
791 5114 977 5184 ignitis
1004 5112 1201 5182 iaculis
1228 5113 1342 5167 suis
1370 5112 1691 5168 vulnerave-

73 5206 169 5258 ῆι
205 5204 460 5258 animam
493 5215 759 5273 nostram,
794 5205 974 5274 primo
999 5205 1101 5259 hoc
1126 5219 1225 5260 nos
1246 5205 1400 5260 docet
1432 5205 1520 5259 hic
1548 5207 1692 5274 psal-

74 5314 256 5363 mus,
287 5298 440 5368 quod
474 5298 725 5353 convenit
753 5307 875 5366 post
909 5307 1195 5366 peccatum
1221 5298 1466 5352 conﬁteri
1499 5312 1692 5366 pecca-

70 5399 242 5454 turn,
277 5397 339 5441 et
390 5389 446 5443 in
483 5389 804 5446 memoriam
859 5388 1136 5444 recordari
1187 5387 1469 5453 delictum,
1503 5396 1560 5441 ut
1594 5402 1692 5457 per

67 5477 554 5534 recordationem
592 5479 764 5548 culpae
795 5478 1126 5534 stimulatum
1150 5495 1249 5536 cor
1279 5490 1331 5535 et
1359 5480 1688 5535 concitatum

67 5582 200 5632 pro
245 5567 462 5623 delicto
520 5583 642 5634 suo,
669 5570 889 5624 interim
923 5571 1166 5626 refrenet
1215 5585 1280 5625 ac
1333 5579 1570 5636 revocet,
1623 5585 1690 5624 ne

154 5734 208 5763 ε’
247 5732 454 5789 Matth.
491 5751 567 5803 ιι,
603 5737 688 5791 12.
743 5739 808 5811 7”
839 5737 979 5794 Psal.
1015 5757 1220 5811 xxxv“,
1254 5743 1271 5795 l
1371 5745 1416 5776 “
1449 5743 1606 5799 Prov.
1648 5761 1723 5807 Ix,
1755 5746 1804 5800 8.
1883 5743 1969 5797 "'l
2013 5746 2134 5799 (lor.
2181 5759 2229 5796 v.
