3808 6496
587 281 717 337 1571
1995 289 2086 346 EX

2222 284 2426 350 IGENE
3562 329 3635 390 πη

578 406 775 460 acerbe
800 416 1106 476 correptus,
1140 416 1199 461 ut
1232 422 1263 461 a
1293 416 1562 464 conventu
1594 407 2005 467 abscinderctur
2048 414 2153 469 Ec—
2182 419 2228 475 Δ
2259 429 2481 471 necesse
2495 431 2616 471 eum
2639 418 3039 488 eorreptionem
3057 428 3635 515 paternaausttritstisag...

3522 494 3633 515 -π

579 494 781 557 clesize,
809 511 913 548 non
949 505 1128 550 tamen
1160 496 1285 551 odio
1316 497 1503 552 habuit
1532 512 1884 569 arguentem,
1909 505 2003 559 sed
2035 506 2154 561 ani-
2255 521 2410 562 scere
2430 548 2446 574 ,
2476 524 2594 577 qua:
2623 525 2689 565 ex
2738 511 3079 581 gravioribus
3120 515 3311 575 delictis
3336 537 3387 578 ac
3409 527 3633 599 ﬂagitio“;

579 587 1008 641 madversionem
1055 588 1325 656 patienter
1385 591 1595 660 accepit
1649 604 1705 646 et
1754 593 1968 650 fortiter
2005 597 2149 653 tulit.
2252 596 2356 652 bus
2388 609 2729 664 provocatur.
2765 600 2821 656 Si
2852 604 3225 672 corripiatura
3251 611 3429 671 doctore
3455 635 3633 690 puer,“

580 679 692 748 Ego
715 680 948 734 arbitror
976 683 1118 751 quod
1145 682 1311 736 etiam
1342 682 1599 750 majorem
1623 684 1875 742 all’ectum
1906 692 2150 760 concepit
2251 689 2326 744 ita
2355 701 2606 747 austerus
2633 694 2737 747 erit
2780 697 3036 765 magister
3069 700 3203 754 sicut
3243 714 3373 771 pater
3408 724 3498 769 esse
3528 734 3633 786 ροιεςι

577 785 704 840 erga
736 769 958 824 Paulum
985 812 1000 835 ,
1032 781 1191 841 atque
1220 788 1347 844 erga
1373 789 1561 829 omnes
1606 777 1698 843 qui
1748 782 1965 835 statutis
1994 781 2147 838 Pauli
2249 781 2294 835 si
2340 782 2525 851 gravia
2560 784 2753 840 delicta
2786 787 2838 841 in
2872 788 2983 845 filio
3011 796 3321 863 cognoverit.
3354 798 3399 852 Si
3422 806 3523 861 enim
3548 822 3635 872 cum:

577 861 630 916 in
662 861 780 930 ejus
809 863 1279 918 animadversione
1317 882 1628 935 paruerant.
1666 869 1820 926 Unde
1865 885 1920 928 et
1950 874 2149 931 Paulus
2247 871 2361 940 piat
2388 882 2538 940 pater
2567 891 2664 944 pro
2689 878 2986 947 majoribus
3010 882 3413 957 gravioribusque
3435 905 3635 967 peculim

572 955 895 1007 sententiam
942 964 1200 1019 revocat,
1232 966 1287 1010 et
1313 956 1547 1027 ejectum
1591 961 1929 1033 reconjungit
1962 965 2148 1020 Eocle-
2249 971 2457 1017 tantum
2508 966 2580 1021 sit
2625 970 2977 1025 commissum
3027 973 3123 1026 filii
3173 978 3302 1042 quod
3342 982 3396 1033 ad
3431 984 3634 1053 incumin.

574 1042 688 1108 siae,
721 1052 773 1097 et
809 1045 960 1100 addit
991 1047 1179 1103 dicens
1207 1048 1255 1081 “
1281 1066 1295 1102 :
1323 1050 1645 1119 Con/innate
1682 1057 1735 1109 in
1761 1073 1877 1110 eum
1911 1059 2145 1113 charita-
2244 1055 2602 1113 concitaverit
2625 1070 2854 1129 patrem,
2884 1065 3003 1119 sine
3033 1068 3193 1121 dubio
3223 1082 3326 1138 post
3348 1079 3637 1157 cruciatus,“

575 1140 671 1157 .-.μ
732 1133 869 1157 I7!,I!a
914 1137 1046 1157 -‘SA-
1099 1153 1207 1157 -,,-_
1268 1154 1323 1157 μί
1369 1152 1381 1157 -
1508 1143 1519 1155 ι
1638 1146 1649 1157 ι
1784 1148 1795 1157 .
2384 1146 2417 1157 ι.
2457 1147 2469 1157 .
2609 1150 2619 1157 .
2798 1151 2809 1157 -
2853 1152 2883 1157 --
2987 1155 2994 1157 _
3080 1155 3089 1157 _

571 1140 697 1189 tem.
732 1133 875 1189 Vidit
908 1137 1051 1191 enim
1090 1153 1214 1193 eum
1265 1152 1387 1209 post
1434 1143 1958 1203 animadversionem
2014 1166 2147 1206 con-
2244 1146 2505 1214 Supplicia
2549 1150 2713 1204 etiam
2761 1151 3125 1210 abdicationis
3166 1172 3309 1226 ptena
3355 1133 3636 1235 metuenda;

571 1236 823 1279 servasse
864 1224 1187 1282 charitatetn
1231 1245 1246 1283 :
1293 1238 1346 1284 et
1394 1229 1516 1285 ideo
1562 1234 1699 1288 dixit
1749 1239 1991 1292 utetiam
2023 1250 2144 1308 post

570 1322 849 1380 peccatum
898 1330 1004 1370 non
1037 1325 1143 1370 tam
1186 1317 1515 1372 tribueretur
1547 1320 1595 1373 ei
1644 1322 1921 1387 Charitas,
1968 1326 2144 1382 inerat

568 1403 736 1468 enim,
770 1406 864 1459 sed
894 1416 953 1459 ut
979 1407 1049 1461 ab
1076 1409 1333 1464 omnibus
1354 1426 1415 1464 ea
1456 1426 1575 1480 qua:
1608 1413 1783 1469 inerat
1809 1415 2141 1474 firmaretur.

568 1491 802 1550 Necesse
830 1506 915 1551 est
956 1512 1089 1568 ergo
1115 1515 1237 1554 eum
1288 1504 1380 1572 qui
1431 1514 1620 1573 peccat
1647 1508 1801 1576 argui
1840 1524 1855 1562 :
1889 1509 1981 1564 sed
2005 1525 2140 1579 quo-

569 1584 714 1638 niam
745 1586 927 1655 gravis
955 1589 1114 1644 nobis
1152 1590 1562 1658 inﬁrmioribus,
1599 1599 1851 1664 quamvis
1886 1599 1958 1654 sit
1995 1602 2142 1657 utilis

567 1673 666 1729 ista
690 1679 986 1747 correptio,
1013 1679 1153 1736 ferre
1175 1698 1295 1738 eam
1326 1685 1426 1740 sub
1452 1689 1695 1743 omnium
1728 1693 2016 1759 praesentia
2046 1694 2140 1749 de-

2246 1239 2304 1293 Si
2335 1240 2650 1299 intellexisti
2691 1246 3131 1315 similitudinem,
3167 1255 3319 1308 transi
3344 1258 3445 1314 mihi
3470 1263 3640 1325 abem.

2243 1328 2330 1398 plo
2358 1331 2423 1384 ad
2455 1347 2600 1400 rem,
2629 1342 2684 1389 et
2712 1334 2950 1407 intellige
2986 1340 3053 1394 de
3086 1341 3236 1395 nobis
3260 1347 3463 1402 omnibus
3492 1367 3569 1419 qua
3596 1360 3638 1411 ὦ.

2241 1429 2463 1476 cuntur.
2525 1422 2728 1480 Omnes
2774 1428 3013 1499 episcopi
3065 1441 3225 1500 atque
3268 1448 3427 1493 omnes
3458 1448 3639 1516 pust.an

2242 1512 2326 1567 vel
2378 1513 2591 1570 diaconi
2636 1517 2893 1573 erudiunt
2924 1536 3022 1575 nos
3047 1560 3064 1586 ,
3093 1532 3147 1576 et
3192 1526 3457 1584 erudienles
3491 1512 3640 1595 adhibui

2240 1610 2631 1679 correptiones,
2658 1622 2713 1667 et
2737 1612 2918 1668 verbis
2947 1615 3331 1672 austerioribus
3355 1620 3573 1693 increpant
3594 1634 3641 1689 [si

2241 1708 2420 1753 autem
2448 1701 2665 1770 quando
2692 1704 2975 1758 erudimur
3002 1706 3168 1760 etiam
3198 1722 3225 1760 a
3254 1718 3595 1782 procuratoribus,
3614 1739 3640 1778 ei

565 1766 819 1824 vitamus.
847 1770 911 1825 Et
936 1773 1063 1842 quid
1086 1774 1205 1830 dico
1233 1780 1473 1833 omnium
1509 1784 1792 1851 prtesentia
1818 1786 2136 1844 llnterdum
2171 1758 2215 1814 Β
2238 1758 2536 1858 actoribus,
2562 1794 2611 1846 id
2634 1802 2718 1849 est
2751 1798 2820 1851 ab
2849 1797 2933 1851 bis
2964 1798 3176 1869 angelis
3205 1800 3378 1867 quibus
3401 1807 3559 1864 credita
3576 1827 3643 1870 sm

565 1872 635 1912 ne
674 1860 810 1915 duos
842 1862 1057 1931 quidem
1088 1880 1213 1920 cum
1239 1872 1517 1939 arguimur
1554 1875 1746 1931 adesse
1786 1878 2027 1947 patimur
2058 1890 2138 1934 te-

563 1961 713 2016 stes,
743 1952 834 2006 sed
868 1953 1146 2023 culpamus
1204 1972 1522 2029 arguentem
1572 1975 1627 2020 et
1669 1966 1902 2024 dicimus
1929 1971 2134 2041 τουσι-ν

563 2051 741 2096 tuerat
774 2052 825 2098 te
856 2045 953 2099 soli
1000 2047 1132 2101 mihi
1180 2049 1364 2107 dicere
1412 2069 1532 2124 quae
1564 2058 1733 2124 velis,
1776 2070 1832 2116 et
1875 2078 1984 2118 non
2032 2065 2134 2122 sub

561 2133 853 2189 multorum
879 2142 1163 2207 prresentia
1187 2144 1369 2200 facere
1392 2147 1524 2202 mihi
1552 2151 1826 2208 ruborem.
1854 2155 2129 2226 Dolemus,

556 2220 850 2293 iactamur,
886 2226 1286 2287 effervescimus
1309 2275 1323 2299 ,
1354 2246 1408 2291 et
1445 2238 1498 2293 in
1543 2241 1898 2301 interioribus
1935 2250 2133 2307 anima:

558 2315 808 2371 sensibus
837 2320 1170 2378 cruciamur.
1200 2324 1352 2391 Quod
1383 2329 1427 2383 si
1460 2330 1577 2385 talis
1609 2337 1880 2406 correptio
1911 2349 1994 2394 est
2024 2357 2129 2411 qua

557 2403 626 2458 ab
656 2402 964 2464 hominibus
994 2411 1076 2464 vel
1106 2428 1289 2467 coram
1318 2415 1627 2477 hominibus
1657 2402 1957 2496 arguimur,
2001 2402 2130 2500 quid

558 2492 819 2553 faciemus
845 2499 889 2554 si
922 2500 1062 2557 Deus
1087 2520 1186 2559 nos
1215 2516 1437 2577 arguat,
1469 2512 1514 2567 si
1554 2515 1665 2584 ipse
1706 2492 1847 2575 [lens
1886 2492 2132 2583 confutet

556 2597 609 2640 et
640 2599 833 2659 arguat
864 2593 914 2645 in
945 2594 1169 2652 furore?
1201 2598 1310 2657 Nos
1334 2604 1423 2673 qui
1457 2607 1696 2679 episcopi
1724 2617 1999 2683 arguentis
2023 2618 2129 2674 ira-

556 2678 805 2734 cundiam
842 2682 985 2739 ferre
1016 2701 1121 2741 non
1153 2703 1471 2762 possumus,
1521 2698 1615 2751 sed
1648 2678 2003 2772 indignanter
2037 2723 2129 2763 ac-

556 2768 810 2839 cipimus,
858 2774 1005 2830 illum
1054 2777 1290 2836 furorem
1336 2784 1427 2853 qui
1464 2785 1557 2842 Dei
1608 2803 1730 2848 esse
1770 2768 2003 2862 dicitur,
2036 2814 2127 2853 ar-

554 2870 805 2925 guentem
841 2880 938 2921 nos
982 2873 1254 2937 quomodo
1301 2875 1650 2937 tolerabimus
1685 2883 1709 2937 ?
1752 2884 1945 2943 Sciens
1995 2906 2127 2961 ergo

547 2953 812 3020 propheta
864 2953 1290 3029 quamplurimas
1321 2982 1442 3022 esse
1473 2970 1809 3031 differentias
1840 2982 2122 3049 arguendi,

2237 1881 2612 1950 dispensandae
2662 1895 2716 1939 et
2760 1889 3008 1956 regenda:
3049 1890 3243 1943 animae
3268 1902 3641 1966 nostrasque“.

2235 1974 2455 2029 modum
2484 1976 2809 2033 describitur
2841 1981 2895 2034 in
2937 1983 3175 2049 quodam
3222 1982 3328 2039 loco
3348 1988 3521 2055 angelus
3549 2000 3642 2059 pani.

2234 2065 2447 2130 tentia3,
2474 2067 2564 2136 qui
2610 2083 2707 2123 nos
2740 2071 2963 2140 suscipit
3009 2074 3372 2143 castig:mdos,
3410 2078 3642 2137 sinith

2231 2160 2474 2228 exponit,
2511 2160 2558 2215 si
2588 2162 2674 2215 cui
2714 2171 2894 2217 tamen
2928 2162 3143 2218 libellus
3174 2164 3259 2219 ille
3285 2166 3547 2237 recipiendus
3563 2176 3642 2230 ne.

2233 2256 2341 2302 tur.
2388 2250 2610 2306 Interim
2659 2253 2889 2308 diversis
2951 2255 3341 2311 eruditionibus
3381 2264 3641 2319 succumbens

2232 2356 2331 2396 nos
2358 2342 2605 2398 homines
2635 2344 3028 2414 castigantibus
3048 2385 3064 2410 ,
3096 2363 3200 2404 nos
3239 2356 3290 2402 et
3332 2351 3642 2419 corripientibus:

2231 2434 2466 2490 nondum
2510 2443 2686 2490 tamen
2729 2437 2796 2491 ab
2841 2438 2956 2507 ipso
2997 2441 3383 2508 patrefamilias
3417 2448 3643 2516 castigatur,

2229 2525 2323 2581 sed
2378 2540 2408 2580 a
2459 2528 2905 2595 procuratoribus
2941 2531 3155 2600 angelis
3182 2572 3199 2599 ,
3234 2534 3319 2602 qui
3364 2535 3645 2609 υηίιιςςυῑιιςφε

2230 2616 2401 2671 nostri
2437 2618 2732 2687 castigandi
2771 2628 2936 2686 atque
2980 2621 3307 2675 emendandi
3343 2626 3646 2685 sortiuntnrol-

2228 2708 2394 2773 cium,
2424 2717 2481 2763 et
2506 2720 2588 2765 est
2624 2709 2962 2766 tolerabilius
2993 2726 3114 2766 cum
3141 2713 3213 2767 ab
3245 2712 3408 2782 aliquo
3430 2714 3565 2770 horum
3582 2734 3645 2772 cor-

2231 2802 2477 2871 ripimur.
2505 2802 2596 2857 Sic
2620 2818 2835 2874 quoque
2859 2803 3132 2858 interdum
3160 2805 3318 2859 etiam
3341 2807 3648 2878 padagogotoc-

2228 2893 2389 2947 missa
2421 2904 2505 2948 est
2526 2905 2710 2949 nostra
2736 2896 3026 2965 correptio.
3057 2896 3197 2950 Nam
3226 2898 3494 2968 quicunque
3512 2902 3647 2970 sublegi

2226 2995 2404 3050 erant,
2435 2985 2689 3053 quoniam
2734 2985 2817 3040 lex
2849 2985 3178 3056 paedagogus
3208 2998 3383 3043 noster
3406 2988 3542 3043 fuitin
3563 2990 3648 3044 Clin~

551 3052 603 3096 εί
639 3043 822 3102 ν⁰¹εηε
854 3051 1008 3117 ‘luasi
1045 3054 1209 3111 homo
1231 3072 1329 3127 pro
1356 3061 1568 3119 delictis
1592 3068 1807 3134 quidem
1832 3043 2008 3141 argui,
2039 3043 2123 3131 ve;
2148 3111 2190 3170 ο
2224 3082 2344 3141 sto,
2380 3043 2753 3143 delinquentes
2782 3074 2835 3128 in
2872 3073 2990 3144 lege
3027 3089 3059 3170 a
3095 3076 3376 3170 paedagogo
3400 3080 3647 3170 corripiem-

554 3147 675 3170 m...
706 3151 882 3170 mm...
910 3157 973 3170 ..η
1005 3148 1242 3170 -_-..:-_.
1276 3166 1286 3170 Α
1403 3154 1439 3170 .,
1552 3158 1600 3170 ..
1857 3163 1868 3170 .
1943 3165 1958 3170 -

554 3147 676 3189 rens
704 3151 883 3193 autem
909 3157 974 3196 ne
1004 3148 1242 3215 graviori
1273 3154 1533 3220 pondere,
1552 3158 1601 3211 id
1631 3170 1734 3226 est,
1763 3176 1829 3216 ne
1855 3163 1906 3218 in
1936 3165 2121 3225 furore

554 3224 763 3282 Domini
800 3245 1145 3302 argueretur,
1170 3240 1264 3303 ait,
1300 3244 1441 3298 sicut
1469 3247 1580 3315 jam
1609 3260 1664 3305 et
1693 3224 1746 3307 in
1777 3255 1883 3310 alio
1909 3259 2121 3327 psalmo

548 3326 676 3371 ante
698 3319 927 3387 dixerat,
953 3325 1115 3380 etiam
1152 3329 1304 3384 hic"
1338 3351 1353 3387 :
1393 3336 1634 3404 Domine,
1658 3357 1721 3395 ne
1743 3343 1795 3396 in
1821 3344 2002 3412 furore
2030 3357 2120 3403 tuo

548 3425 741 3479 arguas
772 3429 872 3469 me.
910 3415 1171 3475 Similiter
1195 3433 1373 3479 autem
1405 3427 1538 3483 dicit
1568 3442 1624 3485 et
1664 3437 1808 3502 quod
1848 3439 2114 3507 sequitur:

549 3519 710 3572 neque
755 3507 809 3558 in
842 3509 923 3562 ira
972 3519 1066 3564 tua
1114 3518 1372 3585 corripias
1420 3537 1519 3576 me.
1570 3523 1796 3594 Oportet
1842 3543 1974 3597 ergo
2018 3548 2119 3589 nos

548 3594 727 3663 aliqua
757 3607 811 3650 et
839 3600 904 3654 de
935 3606 1277 3672 correptione
1308 3610 1489 3668 dicere
1513 3652 1529 3680 ,
1560 3616 1624 3669 de
1653 3631 1756 3685 qua
1792 3594 2120 3689 generaliter

548 3702 645 3740 tms
674 3689 967 3755 Apostolus
1008 3695 1167 3751 docet
1200 3698 1387 3756 dicens
1418 3703 1465 3734 ⁸⁸
1498 3722 1511 3758 :
1549 3704 1731 3760 Omnis
1759 3710 1965 3779 quidem
2011 3729 2120 3766 cor-

548 3793 615 3843 re,-
638 3780 710 3832 tio
744 3782 812 3833 ad
842 3801 1070 3850 praesens
1099 3804 1200 3842 non
1240 3792 1447 3847 videtur
1470 3798 1652 3865 gaudii
1682 3816 1789 3853 esse
1814 3839 1829 3865 ,
1879 3804 1968 3856 sed
2001 3822 2119 3859 mm-

546 3878 718 3941 roris,
757 3890 936 3947 postea
974 3895 1146 3938 autem
1191 3887 1420 3954 fructum
1469 3893 1861 3959 pacatissimam
1902 3898 1982 3952 his
2028 3901 2117 3969 qui

545 3984 636 4029 per
668 3985 783 4022 eam
828 3976 1100 4028 exercitati
1142 3989 1299 4042 sunt,
1351 3984 1532 4037 reddet
1565 3985 1802 4049 iustitiaz.
1835 3988 1900 4043 Et
1941 3992 2117 4046 videte

543 4058 708 4112 ctiam
739 4075 957 4129 pueros,
981 4070 1430 4133 quemadmodum
1449 4090 1569 4129 cum
1599 4078 1971 4148 corripiuntur
1992 4097 2118 4137 ver-

548 4151 764 4208 lit-ribus
798 4169 828 4207 a
873 4158 1182 4229 paedagogis
1204 4200 1219 4224 ,
1253 4164 1336 4217 vel
1364 4178 1392 4217 a
1439 4165 1753 4226 doctoribus
1781 4174 2111 4241 excitantur,

545 4245 769 4301 moleste
795 4249 1012 4318 quidem
1043 4254 1335 4324 accipiunt,
1361 4266 1416 4311 et
1440 4273 1706 4315 summum
1738 4264 1934 4319 malum
1964 4266 2114 4336 judi-

541 4346 669 4393 cant
697 4339 936 4397 dolorem
968 4344 1150 4411 illum,
1180 4350 1270 4417 qui
1310 4351 1389 4406 eis
1419 4366 1581 4407 causa
1615 4356 1933 4413 eruditionis
1966 4359 2110 4414 infli-

2226 3173 2311 3219 tur
2333 3206 2348 3231 ,
2388 3178 2510 3218 cum
2545 3165 2909 3233 puniebantur
2946 3180 3011 3220 ex
3046 3167 3191 3235 lege.
3239 3166 3547 3223 Puniebantur
3573 3171 3650 3222 etin

2220 3258 2305 3312 vel
2336 3274 2459 3313 cum
2503 3258 2916 3327 lapidabantur,
2944 3259 3027 3313 vel
3071 3275 3201 3314 cum
3232 3260 3415 3328 aliquid
3441 3276 3650 3329 corn-qva

2220 3350 2431 3422 Moyses
2471 3351 2765 3420 scripserat
2805 3350 3173 3419 perferebant.
3212 3350 3389 3406 Nullus
3421 3365 3520 3422 ergo
3547 3369 3652 3407 coms

2220 3442 2287 3497 de
2317 3442 2514 3511 quibus
2563 3442 2815 3511 superius
2845 3441 3083 3497 diximus
3126 3443 3199 3497 ab
3248 3443 3356 3511 ipso
3396 3442 3653 3510 patrehmitct

2219 3532 2566 3602 puniebatur.
2601 3528 2718 3586 Non
2749 3530 2894 3585 enim
2926 3541 3044 3585 erat
3064 3530 3444 3601 paterfamilias
3465 3531 3653 3627 lanaeque

2218 3623 2444 3693 angelus
2471 3621 2823 3691 paenitentiae.
2854 3620 2961 3677 Sed
2990 3631 3117 3677 sunt
3153 3623 3261 3676 alia
3297 3633 3489 3691 peccata
3510 3637 3575 3690 pro
3595 3624 3655 3688 quin

2219 3715 2318 3768 bus
2347 3722 2656 3783 peccantem
2690 3716 2802 3782 ipse
2834 3713 3231 3784 paterfamilias
3266 3713 3428 3783 punit,
3468 3713 3654 3766 curante

2218 3804 2344 3860 licet
2370 3804 2536 3875 682
2578 3805 2671 3874 qui
2696 3820 3004 3860 mensuram
3045 3804 3349 3859 facinorum
3382 3816 3654 3871 supergressa.

2218 3896 2357 3951 ultra
2389 3905 2655 3951 creatura:
2700 3898 3083 3953 contumeliam
3134 3897 3362 3953 sceleris
3394 3896 3464 3950 sui
3489 3893 3655 3961 impietas

2220 3984 2466 4041 tetendit.
2509 3984 2619 4041 Nec
2663 3995 2839 4041 tamen
2884 3987 3025 4043 alius
3053 3987 3180 4058 quis
3219 3987 3367 4041 novit
3391 3983 3655 4055 praterlleu

2218 4081 2412 4145 solum,
2446 4080 2539 4150 qui
2569 4080 2653 4137 vel
2685 4082 2906 4151 quando
2940 4081 3389 4152 procuratoribus
3414 4078 3524 4132 tradi
3549 4076 3657 4129 delia:

2216 4173 2588 4244 castigandus,
2622 4172 2704 4227 vel
2729 4173 2819 4241 qui
2853 4172 3233 4241 corripiendus
3259 4170 3519 4267 actoribus,
3536 4164 3657 4267 quasi)

2215 4268 2378 4321 etiam
2407 4266 2497 4334 qui
2528 4265 2722 4335 subjici
2754 4264 2945 4319 debeat
2971 4264 3305 4333 padagogo,
3344 4260 3567 4359 cuietian
3583 4255 3655 4353 ille

2216 4359 2391 4413 riores
2425 4356 2533 4411 sint
2577 4356 2770 4410 horum
2822 4355 3064 4409 omnium
3120 4353 3505 4423 correptiones,
3537 4353 3568 4402 si
3598 4358 3659 4413 qui

541 4428 720 4497 gitur:
753 4441 807 4486 et
837 4436 1088 4502 quamvis
1132 4439 1408 4506 profectus
1456 4457 1586 4499 suos
1635 4444 1686 4499 in
1739 4446 2109 4516 hujuscemodi
2145 4468 2189 4524 ι)
2218 4449 2425 4505 scilicet
2455 4449 2576 4504 talis
2600 4457 2685 4504 est
2713 4447 2803 4517 qui
2837 4449 3032 4518 ipsam,
3070 4455 3130 4500 ut
3162 4447 3241 4500 ita
3270 4445 3497 4506 dixerim,
3520 4440 3657 4494 dium

541 4521 959 4589 eruditionibus,
1007 4528 1091 4583 vel
1136 4535 1571 4602 correptionibus
1610 4552 1730 4592 esse
1761 4538 1969 4607 positos
2005 4556 2111 4597 non

542 4610 811 4679 ignorent,
846 4625 1022 4674 tamen
1055 4622 1282 4680 moleste
1325 4635 1487 4697 atque
1525 4629 1876 4698 impatienter
1908 4630 2109 4689 ferunt.

543 4699 697 4766 Quod
730 4703 776 4757 si
805 4709 1037 4765 eruditio
1076 4727 1362 4780 puerorum
1412 4718 1786 4789 hujuscemodi
1831 4733 1913 4780 est
1936 4765 1952 4789 ,
1984 4727 2113 4795 quid

542 4793 747 4848 sentire
789 4796 1044 4856 debemus
1097 4805 1163 4858 de
1206 4808 1362 4863 nobis
1398 4812 1659 4877 senibus,
1710 4814 1924 4883 qualem
1959 4818 2111 4874 nobis

544 4882 628 4936 vel
654 4887 1030 4959 eruditionem,
1065 4894 1145 4948 vel
1178 4901 1572 4968 correptionem
1608 4904 1894 4961 imminere
1921 4921 2112 4964 cense-

545 4992 686 5041 mus,
721 4992 843 5047 quae
870 4997 972 5036 non
1007 5000 1036 5038 a
1067 4987 1553 5058 dispensatoribus,
1588 5010 1765 5065 neque
1795 5014 1822 5050 a
1857 5000 2109 5071 pzedago-

541 5070 625 5138 gis
653 5070 925 5128 infertur?
949 5075 1103 5132 Novit
1134 5082 1330 5151 quippe
1364 5084 1643 5155 Scriptura
1675 5070 2031 5161 ptedagogumﬁ
2053 5101 2110 5147 et

539 5164 964 5231 dispenSatorem
995 5178 1050 5223 et
1084 5174 1496 5239 procuratorem
1531 5181 1738 5249 parvuli
1766 5199 1779 5235 :
1809 5183 1938 5252 quid
1964 5224 1979 5248 ,
2018 5184 2106 5238 in-

538 5268 699 5319 quam
723 5295 738 5320 ,
785 5256 1101 5314 existimare
1124 5300 1141 5327 ,
1178 5264 1261 5318 vel
1309 5270 1511 5337 sentire
1542 5271 1800 5328 debemus
1829 5313 1844 5339 ,
1874 5289 1996 5328 cum
2039 5278 2108 5331 ab

538 5344 655 5409 ipso
684 5349 1071 5414 patrefamilias
1100 5356 1334 5412 eruditio
1360 5369 1539 5415 nostra
1560 5363 1701 5417 facta
1732 5363 1895 5419 fuerit
1939 5376 2107 5435 atque

535 5440 810 5507 correptio
831 5441 854 5494 τ
878 5439 1075 5500 lterum
1108 5447 1394 5505 redeamus
1421 5452 1490 5507 ad
1520 5453 1931 5511 similitudinem
1964 5472 2103 5527 pne--

538 5541 743 5588 l'orttnt.
777 5531 833 5585 Si
861 5535 1187 5607 corripiatur
1227 5554 1362 5610 puer
1397 5557 1428 5596 ι
1463 5545 1792 5617 paedagOgo,
1843 5562 1950 5602 non
1994 5548 2101 5605 erit

604 5710 650 5741 '°
682 5710 720 5764 ll
746 5711 868 5769 Cor.
899 5730 977 5783 ιι,
1005 5718 1058 5774 8.
1132 5721 1177 5755 ⁸⁷
1216 5723 1304 5779 Ps.
1336 5740 1545 5795 xxxvn,
1585 5725 1641 5782 2.
1716 5725 1762 5760 ⁸⁸
1786 5725 1951 5783 Hebr.
1977 5741 2088 5797 xu,
2117 5726 2204 5786 ll.

2216 4557 2433 4597 manum
2468 4542 2519 4595 in
2552 4556 2707 4596 suam
2752 4550 3009 4611 provocet
3048 4539 3332 4594 ultionem.
3374 4537 3426 4591 Si
3463 4531 3659 4589 intendis:

2211 4652 2330 4705 quas
2356 4635 2497 4690 dicta
2528 4643 2674 4698 sunt,
2707 4633 2751 4689 si
2780 4633 3025 4689 altiorem
3067 4641 3293 4688 secutus
3336 4643 3391 4684 es
3427 4623 3659 4727 intellectum.

2212 4731 2426 4784 intuere
2474 4744 2618 4783 nunc
2659 4728 2893 4799 qualiter
2943 4729 3057 4783 haec
3091 4726 3365 4796 Propheta
3415 4726 3661 4815 prosecutis.

2210 4835 2331 4874 cum
2361 4818 2494 4873 dicit
2532 4837 2548 4874 :
2580 4820 2748 4875 Etiam
2780 4819 2824 4874 si
2870 4819 3098 4888 corripis
3124 4832 3215 4872 me
3236 4856 3254 4884 ,
3284 4816 3447 4875 Deus,
3470 4811 3552 4865 noli
3572 4811 3659 4861 mea

2217 4910 2296 4964 ira
2332 4912 2629 4978 corripere.
2665 4908 2773 4964 Sed
2818 4923 2921 4964 nos
2969 4923 3069 4965 nec
3110 4906 3317 4978 corrigi
3358 4905 3586 4963 volumus.
3614 4910 3662 4949 ut

2215 5001 2563 5072 paedagogum
2590 5000 2827 5071 patimur
2847 5008 3313 5063 commonentem,
3342 5008 3496 5066 neque
3513 5002 3663 5093 preat?

2217 5100 2394 5147 torum
2413 5091 2496 5147 vel
2517 5102 2759 5146 actorum
2793 5091 3168 5161 correptiones
3197 5090 3431 5144 libenter
3458 5090 3663 5180 accipitne.

2213 5190 2268 5237 ει
2291 5189 2576 5252 Propterea
2610 5183 2678 5237 ab
2709 5182 2820 5252 ipsa
2862 5182 2940 5236 ira
2966 5180 3059 5236 Dei
3086 5178 3480 5247 correptionem
3504 5172 3608 5226 nobis
3622 5172 3662 5217 ia-
3710 5180 3711 5252 ᾖ

2216 5278 2339 5334 duci
2369 5292 2592 5334 necesse
2615 5285 2720 5333 est.
2748 5276 3015 5345 Propheta
3038 5274 3181 5328 enim
3214 5273 3352 5328 dicit
3388 5289 3401 5325 :
3437 5268 3619 5323 Densius.
3638 5277 3665 5309 ιι

2211 5371 2266 5424 in
2308 5370 2485 5439 furore
2532 5377 2620 5424 tuo
2665 5382 2856 5440 arguas
2906 5380 3008 5432 me,
3054 5379 3220 5434 neque
3265 5364 3323 5418 in
3364 5363 3441 5417 ira
3474 5369 3545 5412 tris
3578 5368 3664 5406 corre-

2208 5478 2473 5608 Ρηὲηέῐξι
2509 5550 2604 5623 qui
2637 5552 2742 5609 hoc
2770 5548 2931 5619 dicit,
2955 5502 3116 5606 debet
3145 5546 3405 5619 proferre
3439 5543 3663 5600 alim“
