3808 6514
565 299 705 356 1375

1984 284 2074 340 ex
2109 281 2434 341 OlthENE.
3529 318 3596 378 Lm

501 477 516 484 -
563 428 770 480 sanitas
823 423 880 478 in
924 438 1082 478 carne
1133 437 1247 476 mea
1298 438 1331 476 a
1385 419 1524 490 facie
1563 419 1659 474 ira:
1693 427 1816 472 tum.
1857 414 1932 470 De
1957 431 2020 468 co
2055 413 2148 482 qui
2179 412 2222 467 A
2250 409 2421 465 emori
2465 424 2590 465 eam
2641 409 2867 478 iaceret,
2915 420 3198 481 antequatr
3231 421 3409 488 perfecte
3433 443 3596 500 nautici.

566 521 710 590 apud
758 517 1082 575 Corinthum
1134 525 1460 583 peccaverat
1516 510 1775 566 indicavit
1827 507 2141 580 Apostolus,

565 613 754 666 dicens
800 611 846 643 ”
887 626 904 665 :
957 607 1193 662 Tradere
1233 604 1541 675 hujusmodi
1592 603 1859 657 hominem
1927 600 2144 657 Satanw

563 705 618 758 in
645 703 916 757 interitum
935 701 1133 754 carnis.
1167 695 1418 767 Nunquid
1444 697 1738 765 putandum
1762 703 1850 750 est
1873 696 2016 763 quod
2041 695 2144 746 itii-

562 811 729 864 quutu
757 793 873 849 ﬁeri
897 791 1110 847 volebat
1131 805 1292 860 quem
1311 789 1526 844 dicebat
1545 787 1681 842 tradi
1709 787 1908 842 debere
1927 786 2140 840 Saturne

563 888 619 942 in
645 887 924 942 interitum
957 885 1181 939 carnis?
1219 884 1360 950 Quin
1387 881 1566 952 potius
1597 889 1844 952 apparet,
1883 877 2138 948 quoniatn

563 996 660 1050 pro
691 980 863 1036 salute
907 977 1026 1046 ejus
1063 978 1306 1032 tradebat
1352 991 1570 1031 carnem
1611 974 1727 1044 ejus
1753 973 1804 1026 in
1834 971 2134 1026 interitum.

564 1075 805 1143 Denique
821 1072 1200 1126 additdicens:
1226 1068 1448 1124 Tradidi
1463 1067 1720 1138 ejusmodi
1739 1066 2002 1120 hominem
2029 1063 2136 1118 Sa-

559 1177 700 1220 tanae
740 1166 794 1220 in
819 1167 1088 1218 interitum
1107 1164 1303 1226 carnis,
1331 1173 1384 1216 ut
1405 1162 1620 1230 spiritus
1649 1157 1824 1212 saivus
1853 1157 1946 1226 fiat
1975 1157 2032 1210 in
2053 1157 2139 1210 die

565 1257 796 1323 Domini,
836 1258 1135 1313 ostendens
1162 1273 1266 1312 non
1309 1269 1466 1325 posse
1494 1252 1694 1308 salvari
1725 1250 1998 1321 spiritum,
2033 1249 2134 1304 nisi

559 1367 689 1406 caro
714 1352 768 1407 in
794 1352 1072 1408 interitum
1099 1350 1427 1406 traderetur.
1457 1347 1590 1415 Quis
1620 1359 1751 1413 ergo
1778 1344 1852 1399 sit
1881 1344 2136 1399 interitus

556 1447 769 1509 carnis,
795 1445 942 1498 audi.
985 1442 1123 1510 Quia
1156 1442 1302 1511 quod
1340 1439 1628 1502 interierit,
1654 1434 1771 1492 sine
1795 1435 1960 1490 dubio
1991 1448 2134 1488 mor-

559 1545 712 1590 tuum
760 1543 866 1590 est.
902 1532 1047 1588 Vivit
1072 1542 1252 1588 autem
1292 1546 1423 1586 caro
1477 1530 1529 1584 in
1575 1538 1884 1599 peccatore,
1918 1537 2130 1581 mortua

556 1636 641 1681 est
677 1641 807 1683 caro
833 1626 884 1682 in
913 1626 1322 1694 bominejusto.
1357 1622 1586 1694 Propter
1617 1624 1759 1693 quod
1798 1631 1852 1677 et
1879 1620 2011 1689 justi
2051 1621 2131 1675 tli-

555 1730 687 1775 cunt
728 1721 773 1754 ”
820 1735 832 1770 :
885 1718 1100 1788 Semper
1155 1718 1611 1788 mortiﬁcationem
1656 1715 1786 1771 Jesu
1838 1714 2035 1770 Christi
2075 1717 2130 1767 in

2251 511 2424 568 retur,
2458 503 2608 571 prius
2630 503 2767 559 dixit
2793 504 3060 560 inﬁrmari
3087 522 3279 564 carnem
3299 527 3436 586 suam;
3458 538 3494 580 ei
3513 533 3599 593 ἀρε

2251 593 2631 649 inﬁrmabatur
2655 596 2871 664 quidem
2901 612 3053 663 caro,
3076 598 3298 664 spiritum
3323 620 3600 681 prompturum

2249 685 2496 752 dicebat;
2539 701 2664 742 cum
2707 702 2838 742 vero
2889 689 3040 743 cruci
3080 703 3197 743 eam
3237 697 3367 750 tradit
3407 714 3446 756 et
3478 713 3602 775 ραίαυ

2251 785 2424 831 morte
2458 787 2822 878 consummat,
2847 787 2976 878 tunc
3015 794 3120 878 non
3149 779 3248 878 jam
3285 793 3499 860 promptum
3522 805 3602 869 φή.
3689 808 3691 878 φ

2251 877 2386 934 tum,
2414 867 2508 924 sed
2541 869 2592 922 in
2622 869 2874 924 manibus
2919 867 3096 923 Patris
3146 870 3344 938 positum
3366 893 3454 935 esse
3472 867 3606 948 tanta.
3690 867 3691 882 1

2249 959 2374 1015 lianc
2402 969 2579 1014 autem
2605 960 2692 1014 ille
2727 960 2779 1014 in
2819 973 2877 1014 se
2906 961 3214 1016 describens
3245 970 3402 1021 nostris
3427 978 3606 1036 eruditius.

2245 1057 2348 1108 bus
2377 1054 2651 1123 praebebat
2679 1053 3012 1123 exemplum.
3055 1053 3268 1123 Propter
3299 1073 3376 1115 nos
3396 1065 3495 1120 enin
3515 1081 3611 1130 et...

2244 1145 2326 1201 bis
2358 1147 2606 1202 inﬁrmus
2631 1155 2772 1201 erat.
2820 1145 2945 1201 Ideo
2978 1147 3347 1205 consideremus
3387 1166 3611 1231 nosmetipsi,

2243 1238 2288 1294 si
2315 1238 2530 1292 inﬁrma
2556 1247 2640 1294 est
2662 1253 2790 1294 caro
2821 1247 3031 1303 nostra,
3066 1239 3113 1293 si
3150 1254 3245 1294 non
3293 1243 3455 1302 deliciis
3479 1250 3616 1309 illum-

2241 1345 2348 1400 que
2378 1330 2689 1396 resolvitur,
2722 1331 2834 1386 [nec
2870 1331 2916 1385 ei
2951 1330 3148 1398 vitiosa
3188 1333 3364 1390 sanitas
3397 1354 3531 1406 prauo
3557 1361 3616 1402 ut:

2242 1423 2362 1478 vide
2383 1422 2427 1478 si
2451 1438 2546 1492 per
2567 1423 2956 1482 abstinentiam
2989 1423 3341 1499 quoudianam
3365 1429 3519 1488 inﬁrm
3536 1439 3622 1493 cito-

2242 1529 2332 1574 tur
2371 1533 2525 1584 caro.
2548 1520 2594 1576 si
2619 1535 2715 1592 per
2733 1523 3125 1578 continentiam
3159 1521 3386 1578 desideria
3405 1527 3621 1594 reﬁciuntur,

2240 1615 2404 1672 libido
2425 1617 2826 1688 comprimitur,
2844 1617 2973 1670 vitia
2996 1615 3360 1684 conquiescunt
3378 1636 3390 1671 :
3409 1624 3626 1679 tumeliam

2239 1714 2478 1765 nondum
2527 1720 2779 1766 emortua
2824 1719 2931 1775 est,
2985 1717 3167 1762 tamen
3212 1724 3305 1762 non
3351 1722 3419 1764 est
3451 1714 3625 1768 sanitati

555 1829 774 1879 corpore
801 1825 978 1868 nostro
1006 1811 1457 1880 circumferentes,
1488 1822 1543 1866 ut
1573 1822 1621 1866 et
1655 1811 1760 1865 vita
1784 1807 1912 1863 Jesu
1932 1807 2131 1863 Christi
2161 1777 2204 1832 Β
2235 1816 2401 1856 carne
2425 1801 2656 1867 tua,sed
2678 1801 2846 1856 etiam
2865 1801 3108 1857 membra
3128 1813 3218 1854 tua
3241 1801 3419 1856 interitu
3434 1807 3627 1858 notitiai)

555 1903 921 1974 manifestetur
966 1905 1021 1958 in
1076 1921 1236 1958 conte
1297 1913 1477 1957 nostra
1532 1903 1765 1956 mortali.
1821 1900 1888 1954 Et
1935 1900 2129 1954 iterum

554 1996 865 2050 mandatum
906 1996 1216 2064 accepimus
1259 1996 1447 2050 dicens
1479 1995 1526 2027 ⁸⁸
1559 2012 1574 2050 :
1609 1994 1931 2062 Morti/irate
1968 2008 2122 2046 mem-

555 2083 649 2136 bra
674 2097 845 2140 vestra
867 2100 987 2156 qua:
1003 2094 1124 2140 sunt
1146 2101 1302 2152 super
1325 2096 1540 2138 terram.
1569 2083 1634 2138 Et
1656 2083 1848 2138 beatus
1871 2083 1961 2152 qui
1991 2097 2130 2136 mor-

554 2183 681 2230 tuus
707 2186 790 2231 est
820 2187 1064 2246 peccato,
1103 2177 1402 2232 secundum
1453 2176 1598 2246 quod
1650 2176 1857 2231 dictum
1902 2183 1988 2229 est
2027 2175 2073 2207 "
2110 2194 2124 2229 :

550 2265 756 2337 Corpus
785 2269 994 2340 quidem
1033 2279 1301 2324 mortuum
1338 2279 1415 2324 est
1459 2279 1669 2338 prapter
1699 2278 1997 2338 peccatum,
2025 2269 2130 2336 spi-

550 2363 683 2415 ritus
713 2371 889 2414 autem
914 2362 1020 2415 rita
1044 2361 1165 2416 uiuit
1193 2370 1404 2430 propter
1441 2360 1910 2431 justiﬁcationem.
1959 2359 2125 2414 Tradi

547 2463 682 2518 ergo
711 2449 762 2503 iu
790 2449 1068 2506 interitum
1090 2450 1272 2506 carnis
1303 2451 1409 2506 tale
1439 2459 1542 2515 est,
1577 2457 1637 2504 ut
1674 2450 1974 2505 emoriatur
2000 2465 2128 2505 sen-

547 2556 643 2596 sus
680 2541 914 2597 carnalis
953 2541 1004 2596 in
1029 2542 1204 2606 nobis,
1239 2550 1292 2596 et
1336 2557 1443 2598 non
1481 2542 1625 2597 vivat
1650 2543 1836 2597 carnis
1858 2542 2128 2612 cupiditas

550 2631 604 2687 in
635 2647 717 2688 ca.
750 2633 830 2688 Ex
855 2649 923 2689 eo
948 2633 1094 2689 enim
1147 2632 1290 2704 quod
1327 2634 1555 2688 moritur
1603 2649 1800 2690 sensus
1831 2635 2036 2699 carnis,
2067 2643 2128 2690 ut

551 2739 656 2776 non
695 2725 991 2778 secundum
1043 2739 1265 2781 carnem
1318 2725 1614 2794 sapiamus,
1662 2725 1890 2794 spiritus
1939 2725 2127 2781 salvus

548 2812 800 2869 eﬁicitur.
830 2815 1082 2883 Alioquin
1105 2814 1230 2868 dum
1261 2813 1389 2868 vivit
1424 2829 1625 2870 sensus
1656 2815 1706 2870 in
1735 2815 1894 2870 nobis
1916 2815 2124 2882 carnis,

546 2914 598 2960 et
628 2920 756 2959 caro
795 2905 951 2967 vivit,
983 2920 1091 2960 non
1123 2921 1410 2976 possumus
1439 2907 1506 2962 de
1532 2906 1872 2977 spiritalibus
1909 2922 2121 2977 sapere.

549 2996 662 3052 Hoc
725 3012 854 3068 ergo
900 2998 1058 3053 ntodo
1100 2998 1390 3068 Apostolus
1455 2999 1680 3054 tradidit
1731 3001 1783 3053 in
1839 2999 2121 3056 interitum

2234 1902 2360 1948 sunt
2381 1908 2544 1963 super
2569 1903 2796 1948 terram.
2829 1892 2968 1960 Quid
3001 1903 3084 1946 est
3111 1901 3284 1946 autem
3310 1895 3426 1960 quod
3455 1893 3541 1950 facit
3555 1901 3630 1953 stri-

2237 1997 2401 2042 tatem
2435 1987 2488 2041 in
2522 2000 2688 2042 carne
2717 2001 2822 2041 non
2845 1985 3004 2040 esse?
3041 1984 3097 2040 Si
3145 1983 3414 2041 sentiamus
3439 1987 3564 2043 laden
3585 1995 3634 2046 ira

2234 2077 2351 2132 Dei.
2418 2077 2585 2133 Deum
2645 2078 2788 2132 enim
2843 2075 3196 2132 recordamur
3240 2076 3359 2129 iram
3389 2075 3476 2140 Dei,
3505 2089 3542 2133 et
3575 2097 3635 2134 nte

2229 2167 2416 2224 oculos
2459 2167 2665 2221 vultum
2708 2165 2829 2236 ejus
2863 2165 3185 2220 adducimus
3230 2177 3293 2218 ex
3331 2164 3424 2234 ipsa
3469 2166 3637 2222 iutitiut

2228 2259 2382 2327 ejus,
2438 2274 2562 2329 quae
2611 2268 2831 2329 propter
2856 2257 2959 2312 hoc
3014 2255 3185 2310 facies
3227 2255 3316 2309 ira:
3369 2256 3559 2326 appellata
3589 2273 3639 2316 at.

2229 2350 2556 2406 conturbata
2591 2359 2646 2406 et
2683 2347 2948 2406 exterrita
2984 2362 3114 2404 caro
3177 2345 3448 2402 inﬁrmatur
3467 2359 3571 2416 atque
3585 2351 3640 2402 la.-

2229 2443 2455 2514 gnescit.

2301 2539 2358 2594 3.
2395 2535 2518 2592 Non
2542 2545 2621 2590 est
2655 2551 2761 2604 pax
2787 2533 2994 2589 ossibus
3042 2533 3175 2587 meis
3227 2549 3260 2586 α
3304 2531 3422 2598 {acie
3445 2546 3644 2601 pacatam

2228 2647 2486 2688 meorum.
2517 2630 2694 2685 Etiam
2733 2629 2850 2684 haec
2883 2628 3043 2682 debet
3087 2627 3276 2682 dicere
3313 2627 3395 2694 qui
3437 2628 3648 2696 pet-estita

2227 2734 2352 2794 post
2403 2731 2683 2792 peccatum
2726 2735 2987 2792 peccasse
3026 2734 3085 2774 se
3121 2718 3437 2781 recordatur,
3474 2720 3565 2772 sicut
3592 2721 3648 2785 ipe

2230 2817 2396 2872 David
2421 2815 2638 2870 dicebat
2664 2813 2715 2868 iu
2741 2812 3200 2883 quinquagesimo
3235 2812 3425 2882 psalmo
3447 2810 3481 2842 ’τ
3504 2831 3514 2864 :
3537 2809 3578 2862 Et
3595 2828 3655 2874 ft:-

2227 2922 2406 2964 catum
2443 2923 2618 2962 meum
2667 2921 2845 2959 coram
2877 2920 2960 2959 me
3005 2917 3084 2958 est
3119 2919 3342 2973 semper.
3385 2901 3494 2956 Sunt
3533 2904 3652 2970 quidsi

2226 3005 2320 3076 qui
2359 3019 2480 3058 cum
2505 3000 2852 3073 peccaverint
2885 2997 3067 3053 securi
3093 3006 3224 3052 sunt
3265 3009 3482 3066 prorsus,
3517 3010 3582 3047 nec
3611 3011 3658 3044 to-

544 3090 729 3146 caruis
783 3105 909 3145 eum
971 3091 1063 3160 qui
1122 3091 1418 3146 secundum
1485 3105 1706 3147 carnem
1773 3092 2008 3160 vixerat,
2065 3102 2125 3148 ut
2152 3117 2196 3176 ο
2229 3098 2406 3167 gitant
2428 3098 2493 3150 de
2527 3101 2753 3164 peccato
2784 3106 2904 3156 suo,
2937 3102 3038 3143 nec
3084 3090 3244 3144 venit
3275 3089 3338 3141 ad
3367 3101 3657 3142 sensuum

543 3196 706 3238 sensu
746 3181 932 3237 carnis
967 3191 1218 3237 emortuo
1255 3181 1481 3252 spiritus
1511 3183 1569 3238 in
1603 3183 1690 3239 die
1741 3183 1950 3238 Domini
2013 3185 2122 3240 sal-

544 3282 788 3328 Varetur.
829 3272 887 3328 Si
925 3272 1242 3329 intellexisti
1288 3273 1648 3344 apostolicum
1686 3289 2020 3341 sermonem,
2052 3277 2120 3331 ad

547 3366 597 3418 id
622 3365 767 3434 quod
798 3365 1134 3436 pr0positum
1156 3375 1241 3420 est
1273 3374 1634 3421 revertamur.
1666 3363 1882 3420 Utinam
1916 3366 1969 3420 in
2002 3381 2120 3422 cor-

540 3473 676 3528 pore
701 3471 822 3512 mea
848 3457 894 3512 si
923 3459 1140 3528 quando
1169 3457 1448 3527 delinquo,
1478 3468 1535 3513 et
1570 3459 1826 3514 delictum
1861 3465 1934 3512 ex’
1961 3475 2121 3514 sensu

537 3552 928 3619 caruisvenit,
981 3554 1436 3625 superduceretur
1490 3553 1749 3609 interitus
1795 3555 2010 3620 carnis,
2063 3563 2125 3610 ut

538 3646 764 3714 spiritus
793 3646 1114 3701 salvaretur.
1163 3645 1221 3702 Si
1264 3647 1410 3702 enim
1459 3663 1591 3702 caro
1635 3647 1970 3714 inﬁrmatur,
2006 3647 2124 3703 sine

538 3739 708 3793 dubio
731 3739 1017 3810 proﬁciens
1036 3740 1328 3795 inﬁrmitas
1360 3741 1523 3795 etiam
1550 3739 1620 3794 ad
1647 3740 2120 3794 mortiﬁcationem

540 3833 788 3900 pervenit
831 3833 1012 3887 carnis
1049 3843 1157 3887 :.et
1199 3843 1325 3887 tunc
1373 3841 1460 3888 est
1508 3831 1652 3901 quod
1702 3839 1852 3886 recte
1900 3831 2119 3897 dicitur,

542 3924 795 3992 quoniam
821 3941 922 3978 non
946 3934 1020 3979 est
1048 3925 1250 3979 sanitas
1280 3927 1336 3978 in
1379 3940 1538 3978 carne
1575 3940 1714 3978 mea.
1751 3924 1806 3978 Si
1841 3937 1969 3978 vero
2011 3937 2119 3978 non

543 4016 852 4069 inﬁrmatur
909 4016 1124 4085 quidem
1175 4032 1323 4085 caro,
1373 4017 1467 4072 sed
1520 4016 1660 4070 redit
1711 4015 1776 4069 ad
1830 4016 2119 4070 sanitatem

543 4123 719 4175 suam,
746 4107 797 4162 id
829 4117 934 4172 cst,
962 4117 1022 4161 ut
1055 4109 1231 4177 sapiat
1259 4124 1378 4178 quae
1415 4117 1540 4163 sunt
1579 4109 1780 4174 carnis,
1814 4124 1878 4162 ac
1907 4108 2121 4163 deside-

543 4209 627 4254 ret
663 4199 888 4266 malum,
915 4211 1044 4256 tunc
1075 4200 1280 4255 sanitas
1318 4210 1403 4254 est
1434 4201 1486 4254 in
1536 4216 1723 4266 carne,
1759 4201 1902 4270 quod
1936 4201 2120 4269 utique

539 4294 756 4362 spiritui
791 4309 895 4348 non
924 4304 1008 4350 est
1037 4295 1262 4349 b0uum.
1312 4294 1416 4348 Iste
1458 4309 1590 4363 ergo
1633 4295 1726 4363 qui
1767 4295 2033 4359 arguitur,
2065 4305 2119 4348 et

540 4395 757 4442 recusat
791 4401 887 4457 per
924 4387 1162 4442 furorem
1203 4387 1414 4441 Domini
1459 4387 1612 4454 argui
1641 4397 1805 4456 atque
1836 4387 2115 4441 iracundia

2229 3189 2357 3262 quid
2391 3187 2532 3242 male
2555 3186 2845 3257 gesserint,
2876 3186 2970 3240 sed
3007 3185 3082 3239 ita
3115 3181 3316 3236 vivunt
3343 3179 3476 3248 quasi
3503 3178 3664 3232 nihilon-

2228 3289 2360 3342 nino
2409 3282 2792 3342 commiserint
2823 3297 2837 3334 :
2870 3279 2957 3334 isti
3002 3293 3138 3349 ergo
3169 3291 3278 3331 non
3329 3282 3521 3343 possunt
3551 3273 3661 3328 dicere.

2226 3379 2353 3449 quia
2404 3385 2674 3448 peccatum
2733 3388 2903 3427 meum
2951 3387 3128 3425 coram
3160 3384 3245 3423 me
3295 3376 3367 3421 est
3413 3360 3666 3432 saperdas

2229 3487 2354 3526 vero
2384 3479 2504 3541 post
2531 3468 2734 3524 dictum
2776 3465 2900 3535 quis
2945 3463 3295 3518 consumitur
3326 3467 3379 3512 et
3407 3458 3594 3525 anigitur
3619 3469 3667 3520 pr

2228 3561 2434 3617 delicto
2458 3574 2558 3616 suo
2585 3569 2640 3614 et
2663 3557 3013 3613 conscientia:
3036 3553 3283 3610 stimulis
3310 3553 3533 3624 agitatur,
3550 3547 3669 3601 mir

2226 3662 2314 3708 tur
2353 3653 2473 3709 sine
2522 3648 2928 3706 intermissione
2978 3656 3148 3716 atque
3203 3645 3430 3701 occultis
3466 3639 3660 3696 cont-uta

2227 3749 2390 3802 nibus
2416 3747 2789 3815 impugnatur,
2819 3744 2921 3798 iste
2957 3743 3157 3798 merito
3189 3741 3328 3796 dicit
3360 3755 3375 3792 :
3417 3735 3517 3791 Non
3544 3747 3592 3790 ut
3623 3748 3672 3794 με

2225 3838 2428 3893 ossibus
2473 3839 2600 3889 meis
2633 3851 2666 3888 a
2697 3833 2834 3904 [acie
2855 3842 3193 3902 peccatorum
3241 3843 3480 3884 meorum.
3512 3825 3579 3879 Est
3611 3837 3674 3873 sar

2227 3932 2394 3987 iacies
2427 3931 2674 4000 quazdatn
2704 3930 2871 3983 etiam
2907 3934 3292 3997 peccatorum,
3320 3932 3394 3990 ct,
3422 3930 3477 3976 ut
3511 3921 3567 3974 ita
3601 3918 3678 3970 dite

2227 4024 2349 4092 ritu,
2380 4023 2530 4078 color
2559 4020 2778 4091 quidam
2809 4029 2868 4074 et
2894 4018 3130 4088 species,
3170 4032 3279 4087 per
3319 4030 3476 4085 quam
3511 4011 3677 4066 retorta:

2222 4125 2279 4170 et
2309 4113 2623 4184 recognosci
2668 4111 2844 4168 solent
2873 4125 2936 4165 ea
2979 4124 3100 4180 qua:
3152 4106 3454 4178 aliquando
3495 4103 3678 4159 caminis:

2223 4214 2371 4262 sunt.
2399 4207 2536 4261 Cum
2569 4218 2700 4260 vero
2729 4213 2855 4258 ante
2878 4201 3064 4258 oculos
3117 4202 3314 4258 cordis
3353 4198 3507 4253 nostri
3532 4206 3684 4250 staturu-

2224 4312 2344 4354 mus
2391 4305 2612 4367 peccata
2664 4303 2870 4358 nostra,
2918 4302 2975 4348 et
3023 4293 3458 4360 unumquodque
3501 4287 3685 4340 intumus

2224 4397 2678 4462 recognoscentes
2719 4385 3090 4444 erubescimus
3149 4383 3407 4453 factique
3458 4380 3684 4450 ponium.

537 4479 654 4548 ejus
679 4478 904 4551 corripi,
934 4478 1267 4550 justissimas
1292 4493 1484 4534 causas
1529 4477 1688 4548 hujus
1739 4480 2114 4535 excusationis
2147 4456 2192 4511 Ῑ)
2225 4497 2352 4540 tunc
2377 4483 2686 4539 conturbati
2707 4491 2762 4537 et
2783 4481 3030 4537 exterriti
3055 4478 3265 4534 merito
3297 4476 3521 4531 dicimus
3541 4484 3612 4526 nos
3636 4482 3690 4520 τεῖρε

536 4575 794 4638 ostendit,
835 4589 1087 4630 asserens
1140 4590 1199 4630 se
1253 4573 1468 4645 sagittis
1521 4575 1810 4630 verborum
1857 4574 1950 4630 Dei
1994 4589 2116 4631 esse

538 4663 830 4730 conﬁsum,
865 4677 920 4720 et
949 4667 1021 4721 ita
1049 4669 1318 4722 turbatum
1372 4677 1534 4738 atque
1557 4667 1908 4737 perterritum
1937 4683 1965 4722 a
1999 4668 2110 4722 sola

540 4755 684 4810 facie
717 4757 812 4813 ira:
851 4759 1082 4823 Domini,
1134 4769 1192 4815 ut
1228 4761 1372 4814 nulla
1407 4776 1631 4831 prorsus
1684 4761 1740 4815 itt
1785 4776 1953 4818 carne
1992 4763 2110 4833 ejus

537 4848 769 4914 sanitas,
804 4850 855 4904 id
885 4859 968 4905 est
1020 4852 1222 4907 nullum
1265 4854 1524 4922 peccandi
1580 4854 1722 4908 ultra
1778 4853 2106 4910 desiderium

539 4941 820 4996 manserit.
872 4939 1092 4996 Memini
1141 4957 1226 4996 me
1276 4942 1568 5012 aliquando
1622 4945 1689 5000 de
1739 4944 1835 5001 illo
1866 4946 2109 5014 capitulo

539 5032 808 5103 Evangelii
832 5031 1215 5100 disputantem,
1248 5033 1299 5088 in
1333 5050 1439 5104 quo
1472 5036 1731 5106 scriptum
1765 5046 1850 5092 est
1871 5039 1958 5090 M:
1989 5037 2111 5106 Spi-

538 5126 671 5176 ritus
698 5124 907 5192 quident
937 5134 1212 5193 promptus
1237 5135 1337 5191 est,
1361 5143 1484 5180 caro
1514 5138 1688 5182 autem
1725 5129 1960 5198 infirma,
2002 5130 2106 5186 tale

536 5213 738 5282 aliquid
797 5214 1056 5280 sensisse,
1106 5214 1248 5284 quod
1301 5225 1589 5284 antequam
1627 5214 1882 5271 Salvator
1925 5227 2112 5273 uoster

536 5306 745 5358 vcuiret
782 5305 848 5359 ad
880 5318 1122 5370 crucem,
1159 5314 1216 5360 et
1260 5304 1608 5363 cruciﬁeeret
1664 5321 1910 5372 carnem,
1945 5318 2106 5378 atque

633 5426 680 5456 θ’
711 5425 725 5477 l
761 5425 887 5480 Cor.
935 5442 993 5492 ν,
1032 5426 1086 5482 5.
1191 5427 1237 5462 ⁸⁸
1259 5425 1303 5480 ιι
1338 5427 1466 5484 tier.
1515 5443 1592 5495 tv,
1632 5429 1723 5485 10.

535 5494 579 5526 ’⁷
611 5493 753 5550 Psal.
786 5511 839 5562 ι,
873 5497 927 5552 5.

607 5613 720 5683 (4⁸7)
747 5611 849 5679 Qui
873 5615 1010 5669 enim
1038 5633 1130 5671 nec
1157 5615 1358 5683 dolent,
1387 5627 1495 5673 etc.
1526 5616 1731 5672 Catena
1762 5617 2008 5674 Corderii
2039 5628 2096 5675 et

535 5679 653 5756 alia:
681 5687 1057 5756 manuscriptze
1086 5685 1273 5743 Graeca
1302 5679 1466 5744 vet'ba
1516 5686 1748 5743 aﬁ'erunt
1801 5705 1920 5756 quae
1973 5705 2094 5744 cum

536 5753 638 5808 hoc
688 5753 805 5810 loco
865 5753 1090 5812 multum
1149 5759 1344 5813 habent
1397 5758 1674 5814 atiinitatis
1722 5776 1734 5813 :
1791 5753 1903 5813 ῡὺκ
1946 5759 2094 5814 ἔστιν

1827 5430 1876 5463 ⁸⁸
1934 5429 2144 5486 Coloss.
2204 5447 2286 5500 ut,
2337 5432 2392 5490 5.

2201 5619 2378 5674 εἰπεῖν
2401 5615 2577 5669 ταῦτα.
2601 5619 2726 5676 τοὺς
2750 5611 2824 5682 μὴ

2205 5688 2489 5758 νομένουςί
2518 5685 2663 5758 τινὲς
2694 5682 2847 5758 γοῦνΔ
2871 5683 2964 5735 καὶ
3011 5682 3429 5758 ὲκξαυχῇνται
3483 5695 3524 5755 ις

2203 5749 2313 5824 τοῖς
2353 5749 2533 5814 αὖέῶν
2565 5749 3046 5827 πλημμελήμασιν,
3081 5749 3164 5814 ὡς
3194 5751 3394 5822 ἡδέως
3435 5749 3707 5811 1353;37:-

2224 4579 2427 4634 habere
2452 4591 2644 4646 pacem
2695 4575 2748 4630 in
2778 4574 2994 4630 ossibus
3047 4572 3270 4627 nostris
3305 4587 3338 4624 a
3370 4568 3501 4624 facie
3542 4572 3690 4634 petat?-

2225 4683 2343 4722 l‘lllll
2369 4677 2706 4723 ηοειτοτυῐη.

2294 4757 2349 4812 4.
2380 4756 2558 4811 Addat
2581 4758 2744 4809 etiam
2775 4754 2888 4808 lucc
2912 4752 3003 4823 qui
3030 4753 3276 4823 poenitet
3307 4767 3409 4822 pro
3429 4749 3616 4821 peccatis
3630 4743 3692 4797 suis.

2221 4857 2278 4904 et
2301 4849 2444 4903 dicat
2469 4861 2485 4900 :
2521 4846 2659 4912 Quia
2692 4846 2995 4915 iniquitates
3024 4860 3153 4899 mete
3176 4843 3678 4916 mummium

2220 4954 2375 5014 caput
2415 4959 2611 5008 meum,
2646 4942 2781 4996 sicut
2824 4957 2958 4995 onus
3000 4954 3164 5007 grave
3204 4947 3455 5008 gravata:
3501 4943 3698 4988 δηίων

2217 5057 2317 5095 me.
2345 5039 2446 5106 Qui
2474 5039 2617 5093 enim
2645 5053 2746 5094 nec
2778 5036 2962 5092 dolent
3012 5034 3154 5105 (i7),
3216 5048 3329 5089 nec
3384 5036 3627 5101 gravantur
3652 5035 3694 5086 ιτ·

2220 5131 2460 5202 peccatis
2493 5130 2628 5196 suis,
2664 5131 2758 5185 sed
2795 5127 2969 5184 securi
2997 5134 3124 5182 sunt
3159 5135 3350 5195 atque
3383 5129 3436 5179 in
3464 5119 3630 5176 deliciis
3647 5113 3701 5162 £1-

2219 5231 2357 5288 tant,
2386 5224 2500 5277 ltaec
2551 5221 2734 5275 dicere
2781 5234 2888 5274 non
2919 5224 3172 5288 possunt,
3235 5231 3350 5272 nec
3405 5215 3690 5270 scutiuot

2218 5313 2534 5384 iniquitates
2573 5311 2790 5383 quidem
2823 5324 2934 5365 sua:
2969 5318 3362 5374 excrescunt,
3399 5316 3456 5361 et
3487 5304 3602 5358 ultra
3629 5313 3680 5360 αἱ

2493 5431 2539 5464 ⁸⁵
2573 5429 2729 5485 Rom.
2785 5442 2905 5494 vnt,
2950 5425 3039 5482 l0.
3141 5425 3203 5458 "
3272 5423 3478 5482 Matth.
3533 5413 3704 5475 ssu.'t‘..

2842 5611 2951 5692 “3"-
2982 5608 3125 5692 ίξίων
3154 5599 3707 5692 ἀμὲρτημάτιξπεέῗῗῗ

3011 5672 3436 5748 ἐκκαυῇὦῦτᾰί
3483 5677 3566 5729 καὶ
3590 5672 3700 5738 i561"-
