3808 6514
413 344 551 402 1379

1825 334 1918 391 EX
1951 332 2256 392 ORIGENE

3554 338 3678 393 ιω

410 481 532 521 nem
562 463 788 536 geritur.
809 460 977 531 llujus
995 472 1230 529 namque
1251 473 1388 529 opus
1403 473 1492 515 res
1512 466 1595 513 est
1616 456 1893 527 illa‘qnam
1916 457 1978 510 A-
2019 460 2065 518 Α
2093 458 2141 511 ei
2171 457 2347 526 major
2390 471 2552 528 poena
2588 457 2866 514 recordari
2898 474 3019 529 quae
3071 459 3341 531 perdidit,
3374 471 3545 527 quam
3575 466 3675 528 pan

410 555 659 628 postolus
693 555 838 610 inter
856 554 1027 623 prima
1048 552 1330 623 sacrilegia
1354 550 1683 619 designavit,
1718 549 1902 603 dicens
1920 547 1941 579 '
1968 566 1983 602 :

409 648 574 721 685
605 648 812 702 Tollens
833 663 956 715 ergo
996 646 1230 699 membra
1267 642 1465 698 Christi
1513 642 1711 711 faciam
1755 642 1988 695 membra

411 741 699 795 meretricis
717 741 742 793 .9
780 738 967 793 Absit!
993 738 1128 793 Cum
1154 752 1283 805 ergo
1310 737 1433 807 quis
1458 735 1783 805 propensius
1812 744 1867 787 et
1892 733 1979 786 in-

412 831 778 887 continentius
834 831 888 884 in
968 828 1343 900 hujuscemodi
1400 828 1675 883 lasciviam
1728 825 1987 890 ﬂuxerit,

418 933 547 978 tunc
593 935 754 977 renes
779 920 919 989 ejus,
953 920 1037 975 vel
1066 919 1234 974 lumbi
1268 918 1455 989 repleti
1491 933 1612 972 esse
1642 916 1989 971 illusionibns

411 1023 753 1071 asseruntur.
784 1012 970 1067 lllusio
994 1012 1139 1066 enim
1171 1019 1256 1065 est
1285 1008 1488 1064 diaboli
1516 1007 1788 1062 illudentis
1817 1008 1991 1062 homi-

414 1121 537 1161 nem
607 1114 771 1173 atque
824 1102 1201 1173 hujuscemodi
1262 1101 1469 1170 peccati
1534 1098 1989 1154 incontinentiam

412 1193 784 1265 provocantis.
841 1193 957 1247 Non
1007 1207 1137 1261 ergo
1185 1192 1386 1245 mirum
1423 1199 1507 1245 est
1556 1190 1599 1244 si
1647 1197 1989 1259 peccatorum

414 1285 696 1339 hominum
732 1298 889 1339 renes
938 1280 1278 1336 illusionibus
1324 1279 1517 1355 repleti
1564 1287 1711 1342 sunt,
1750 1293 1872 1332 cum
1934 1284 1991 1331 et

411 1373 514 1430 Job
544 1375 611 1429 de
638 1376 875 1429 dracone
925 1372 1041 1443 (49)
1086 1371 1180 1441 qui
1223 1370 1469 1425 diabolus
1521 1367 1861 1437 intelligitur,
1914 1369 1991 1420 ita

413 1467 557 1520 dicat
583 1466 604 1496 ⁸
633 1482 648 1519 :
697 1462 877 1518 Virtus
908 1463 1022 1532 ejus
1059 1461 1225 1514 omnis
1252 1463 1306 1514 ist
1329 1460 1519 1512 lumbis
1540 1467 1638 1521 est,
1667 1467 1717 1511 et
1757 1457 1992 1526 potentia

411 1555 526 1625 ejus
566 1556 621 1608 in
667 1553 933 1607 umbiculo
984 1553 1177 1607 ventris
1224 1551 1363 1620 ejus.
1398 1551 1584 1604 Virtus
1619 1565 1750 1619 ergo
1777 1550 1987 1604 diaboli

399 1646 684 1716 .prtecipue
713 1645 858 1700 circa
886 1644 1096 1698 lumbos
1129 1642 1366 1697 hominis
1390 1649 1497 1708 est,
1530 1642 1673 1715 unde
1703 1640 1991 1696 fornicatio

413 1737 789 1807 adulteriaque
830 1736 1157 1806 procedunt,
1181 1735 1324 1788 unde
1355 1748 1644 1803 puerorum
1674 1732 1986 1801 corruptio,

414 1832 555 1886 unde
607 1829 787 1884 omnis
840 1827 1098 1897 spurcitia
1152 1836 1467 1896 generatur.
1506 1825 1585 1878 lla
1638 1839 1771 1880 sane
1819 1824 1985 1879 etiam

415 1922 705 1976 mulierum
757 1919 904 1974 circa
931 1917 1249 1973 umbilicum
1283 1917 1490 1972 ventris
1524 1925 1608 1971 est
1637 1916 1811 1984 culpa,
1841 1916 1985 1985 quod

415 2012 728 2068 honestiore
762 2010 933 2064 voluit
968 2008 1217 2063 indicare
1247 2021 1521 2071 sermone,
1569 2006 1622 2060 in
1674 2008 1872 2075 quibus
1902 2007 1986 2061 vi-

412 2106 607 2160 delicet
657 2104 906 2173 utrisque
950 2102 1205 2159 draconis
1255 2102 1456 2157 diaboli
1506 2102 1756 2155 virtutem
1792 2112 1985 2170 poten-

413 2198 654 2265 tiamque
682 2210 802 2251 esse
829 2195 1095 2265 designat.
1142 2192 1209 2248 Et
1238 2211 1342 2249 non
1386 2205 1463 2249 est
1508 2195 1712 2248 sanitas
1748 2198 1801 2248 in
1830 2209 1988 2247 carne

409 2304 546 2344 mea.
595 2287 652 2342 In
707 2288 809 2344 hoc
849 2287 1154 2358 profectum
1203 2303 1362 2344 suum
1409 2288 1671 2351 ostendit,
1713 2297 1767 2343 et
1802 2287 1987 2355 proxi-

412 2391 557 2431 mum
586 2390 712 2432 esse
738 2376 806 2431 ad
850 2375 1328 2432 mortificationem
1362 2378 1546 2432 carnis
1589 2376 1796 2430 indicat
1826 2385 1988 2446 atque

412 2470 700 2526 interitum
744 2467 879 2538 ejus.
917 2469 1052 2524 Nam
1100 2470 1221 2525 ideo
1253 2470 1361 2525 hoc
1395 2474 1451 2524 et
1487 2469 1576 2524 hic
1605 2468 1850 2524 secundo
1901 2482 1990 2523 re-

410 2566 573 2637 petit,
603 2574 662 2618 ut
690 2564 994 2619 adhibitum
1042 2564 1152 2633 jam
1200 2579 1322 2618 esse
1376 2562 1676 2618 remedium
1734 2559 1989 2615 tentatio-

409 2673 540 2712 num
594 2657 859 2713 molestiis
889 2657 1219 2712 declararet.
1256 2656 1494 2727 Aﬁlictus
1533 2670 1671 2717 sum,
1712 2662 1759 2706 et
1808 2652 1987 2705 humi-

410 2750 573 2803 liatus
596 2766 715 2804 sum
741 2750 913 2805 ualde.
947 2748 1366 2803 Festivitatibus
1397 2745 1605 2801 Domini
1650 2744 1764 2814 (50)
1795 2757 1988 2813 panem

413 2856 513 2896 nos
545 2839 853 2915 amictionis
876 2840 1041 2895 edere
1066 2839 1346 2909 jubemur,
1373 2846 1428 2893 et.
1464 2841 1519 2892 in
1548 2837 1681 2908 ipsis
1726 2833 1990 2890 lestivita-
2020 2846 2023 2847 '

411 2933 559 2987 tibus
589 2932 815 2995 dicitur,
851 2942 911 2986 ut
938 2931 1186 2985 buntiliet
1224 2931 1387 2986 homo
1418 2929 1661 2984 animam
1697 2941 1851 2982 suam
1885 2942 1900 2980 :
1933 2933 1990 2980 et

410 3039 534 3079 cum
588 3025 857 3079 festivitas
906 3023 1313 3093 propitiationis
1360 3021 1637 3088 indicitur,
1686 3018 1986 3076 dicitnr':

414 3115 711 3171 Humiliate
750 3118 957 3171 animos
984 3127 1203 3172 vestras.
1234 3115 1498 3182 Quoniam
1532 3129 1664 3184 ergo
1695 3113 1783 3183 qui
1812 3111 1985 3183 poeni-

415 3218 495 3265 tet
545 3224 641 3278 pro
679 3209 895 3264 delictis
946 3209 1060 3265 suis
1102 3209 1339 3277 seipsum
1392 3206 1581 3277 amigit
1618 3216 1673 3262 et
1721 3206 1988 3272 humiliat,

412 3302 559 3358 sicut
587 3313 643 3357 et
685 3302 773 3357 ille
809 3303 1154 3373 publicanus,
1186 3303 1252 3357 de
1296 3317 1403 3372 quo
1448 3302 1694 3372 superius
1734 3301 1989 3367 diximus,

412 3402 704 3464 propterea
749 3402 805 3446 et
851 3402 1250 3462 consequenter
1291 3392 1424 3447 dicit
1452 3392 1507 3447 in
1537 3406 1603 3446 eo
1634 3392 1778 3461 quod
1818 3405 1877 3445 se
1923 3405 1991 3444 ex

409 3486 579 3540 corde
612 3484 876 3555 paenitere
908 3485 1209 3555 cognoscit,
1257 3484 1556 3539 obsecrans
1601 3499 1669 3539 ne
1701 3484 1755 3537 in
1806 3483 1991 3539 lurore

414 3574 628 3628 Domini
668 3583 954 3645 arguatur,
1001 3588 1179 3642 neque
1231 3574 1311 3627 ira
1361 3572 1480 3642 ejus
1526 3572 1884 3641 corripiatur,
1919 3586 1987 3626 ex

412 3666 515 3722 hoc
555 3666 700 3735 quod
750 3666 883 3721 dicit
918 3682 932 3720 :
964 3665 1197 3736 Aﬁlictus
1230 3681 1367 3727 sum,
1412 3674 1461 3718 et
1508 3664 1821 3718 humiliatus
1873 3679 1990 3717 sunt

410 3757 582 3811 valde.
616 3756 732 3811 Non
756 3758 900 3812 enim
930 3759 1103 3811 solum
1148 3756 1385 3811 amictus
1429 3770 1572 3818 sum,
1607 3770 1781 3824 neque
1814 3754 1988 3809 solum

412 3847 731 3903 humiliatus
765 3862 911 3912 sum,
957 3848 1112 3912 dicit,
1166 3847 1263 3902 sed
1296 3846 1451 3901 valde
1477 3846 1706 3901 aﬁlictus
1734 3861 1874 3910 sum,
1935 3853 1992 3899 et

412 3939 574 3993 valde
617 3937 936 3992 humiliatus
975 3951 1115 3992 sum.
1156 3935 1224 3991 Ut
1254 3935 1488 4006 exempli
1521 3936 1693 4005 gratia
1726 3933 1989 4000 dixerim,

413 4030 457 4085 si
528 4030 679 4084 dives
737 4028 938 4099 aliquis
1010 4027 1310 4083 secundum
1383 4028 1644 4081 saeculum
1708 4027 1762 4079 in
1821 4023 1987 4093 multa

411 4117 684 4175 aﬂuentia
732 4121 958 4188 positus,
995 4129 1050 4173 et
1103 4120 1193 4173 hic
1243 4117 1426 4173 subito
1475 4116 1696 4172 decidat
1742 4114 1988 4185 atquein

414 4224 712 4283 egestatem
764 4214 1011 4268 ultimam
1060 4213 1367 4281 redigatur,
1406 4213 1571 4267 domo
1602 4226 1820 4281 quoque
1870 4208 1991 4279 pul-

414 4321 509 4361 sus
555 4316 608 4359 et
663 4305 863 4374 patria,
916 4305 1115 4359 insulis
1149 4318 1213 4356 ac
1238 4304 1484 4372 sc0pulis
1510 4304 1783 4372 relegatus
1824 4317 1993 4372 squa-

416 4397 617 4454 lentem
646 4410 812 4469 atque
862 4395 1133 4451 infelicem
1164 4395 1217 4450 in
1251 4395 1547 4450 solitudine
1576 4396 1760 4465 exigat
1795 4395 1988 4460 vitam,

2092 565 2214 621 quae
2246 550 2523 620 perierat?
2549 552 2630 606 Ad
2666 553 2827 623 hujus
2858 554 3093 622 exempli
3128 553 3566 607 similitudinem
3604 556 3675 607 in»

2095 655 2249 699 tuere
2289 645 2419 699 mihi
2472 646 2637 699 etiam
2686 660 2811 700 eum
2862 662 2955 715 qtn
2990 646 3162 699 vitam
3205 647 3259 699 in
3291 647 3601 701 sobrietate
3632 660 3677 701 et

2090 738 2346 792 castitate
2365 737 2997 807 justitiaquetransegit,
3052 738 3145 805 qui
3184 737 3240 790 in
3274 736 3504 790 actibus
3558 736 3677 790 bene

2090 829 2194 884 sibi
2224 830 2479 884 conscius
2505 838 2625 882 erat
2657 846 2671 883 :
2702 828 2811 882 iste
2843 829 2887 881 si
2916 828 3133 883 decidat
3165 829 3235 881 de
3266 830 3455 895 patria
3487 842 3610 886 sua.
3633 830 3674 881 id

2091 928 2176 974 est
2231 920 2297 973 de
2353 917 2616 984 Ecclesia,
2679 919 2731 972 in
2794 918 3037 971 insulam
3066 920 3372 987 quamdam
3416 928 3586 987 atque
3630 922 3671 972 is

2090 1013 2376 1066 horrentes
2410 1010 2667 1079 scepules
2687 1026 2809 1081 qua:
2858 1014 3067 1081 peccati
3098 1012 3262 1067 sedes
3287 1020 3380 1066 est
3407 1011 3673 1080 propella.

2093 1108 2207 1163 tur,
2254 1110 2310 1154 et
2357 1115 2426 1153 ex
2487 1099 2841 1154 facultatibus
2873 1114 2938 1154 ac
2965 1097 3175 1154 divitiis
3211 1098 3335 1152 suis
3370 1111 3500 1164 qua
3537 1110 3678 1151 erant

2091 1192 2139 1247 ei
2171 1192 2223 1245 in
2259 1191 2514 1246 omnibus
2558 1192 2818 1259 operibus
2865 1191 2980 1246 suis
3033 1190 3217 1253 bouis,
3248 1188 3611 1248 devolvatur,
3634 1200 3677 1240 cl

2092 1284 2273 1339 videat
2326 1299 2382 1338 se
2429 1285 2483 1338 in
2540 1284 2731 1337 ultima
2788 1292 3108 1353 paupertate
3152 1282 3457 1352 positum:
3500 1296 3677 1334 omnes

2094 1376 2239 1431 enim
2286 1373 2403 1444 ejus
2448 1373 2679 1441 iustitiae
2715 1389 2851 1443 quas
2909 1374 3039 1428 fecit
3092 1390 3199 1429 non
3256 1372 3680 1427 reminiscent"

2094 1476 2315 1537 propter
2364 1476 2650 1534 peccatum
2683 1483 2697 1517 :
2728 1466 2771 1519 si
2827 1481 2885 1519 se
2935 1480 3070 1534 ergo
3117 1465 3167 1517 in
3225 1465 3443 1518 talibus
3490 1465 3678 1528 videat,

2091 1561 2294 1629 quibus
2344 1558 2650 1629 gemitibus,
2683 1559 2989 1627 quibusque
3037 1558 3319 1625 rugitihus
3372 1557 3679 1623 proclama-

2092 1654 2192 1714 bit,
2225 1653 2411 1707 dicens
2442 1668 2455 1705 :
2490 1650 2778 1721 Rugiebam
2800 1668 2831 1704 a
2856 1651 3049 1718 gemitu
3096 1651 3280 1703 cordis
3302 1650 3455 1702 mei?
3513 1648 3679 1702 Duni-

2096 1760 2180 1807 ne,
2207 1744 2261 1797 in
2285 1753 2569 1812 conspectu
2601 1752 2689 1796 tuo
2735 1757 2888 1795 omne
2914 1742 3243 1795 desiderium
3268 1757 3481 1805 meum,
3526 1752 3576 1794 et
3602 1758 3677 1811 ge-

2089 1837 2249 1888 mitus
2274 1851 2419 1889 meus
2443 1853 2474 1888 a
2500 1844 2548 1889 te
2574 1850 2678 1888 nou
2711 1843 2785 1887 est
2812 1834 3176 1890 absconditus.
3214 1832 3429 1888 Omnia
3460 1848 3596 1902 ergo
3625 1850 3675 1885 es

2087 1941 2199 1994 quo
2232 1926 2461 1996 deliqui,
2493 1928 2609 1981 sive
2637 1927 2927 1997 concupivi
2955 1927 3487 1996 concupiscentiam
3515 1940 3673 1977 sacu-

2088 2019 2279 2083 larem,
2308 2020 2421 2074 sive
2446 2019 2578 2087 quid
2615 2019 2761 2074 aliud
2787 2021 3064 2084 commisi,
3097 2019 3287 2074 omnia
3320 2027 3457 2072 ante
3489 2026 3542 2069 te
3566 2032 3676 2085 pro-

2089 2109 2226 2174 fero,
2255 2110 2391 2165 etin
2425 2110 2768 2165 orationibus
2804 2109 2941 2163 meis
2968 2111 3019 2163 in
3056 2119 3369 2177 conspectu
3408 2117 3504 2160 tuo
3532 2122 3677 2175 pone.

2086 2201 2154 2255 Et
2174 2202 2397 2272 gemitus
2436 2217 2579 2255 meus
2603 2219 2633 2253 lt
2660 2208 2709 2254 te
2734 2217 2834 2254 non
2857 2210 2931 2253 est
2959 2201 3333 2254 absconditus.
3364 2198 3524 2253 Nosti
3548 2201 3675 2253 enim

2086 2297 2213 2364 quia
2243 2306 2459 2361 semper
2492 2293 2811 2361 ingctuisco.
2845 2292 2949 2346 Cor
2980 2309 3153 2346 meum
3177 2292 3571 2345 conturbatum
3590 2305 3675 2351 est.

2088 2395 2136 2439 et
2181 2385 2417 2439 deseruit
2466 2401 2548 2439 me
2596 2385 2764 2438 virtus
2800 2400 2939 2440 mea.
2970 2384 3049 2439 Tu
3086 2384 3239 2449 vide,
3270 2384 3537 2443 Domine.
3592 2400 3673 2436 cor

2089 2490 2293 2541 meum,
2323 2476 2449 2544 quia
2483 2477 2871 2529 conturbatum
2906 2485 2989 2530 est
3024 2491 3122 2542 pro
3149 2474 3412 2542 peccatis
3448 2476 3603 2527 meis.
3624 2474 3677 2526 Et

2089 2578 2491 2636 consequenter
2518 2582 2690 2621 exoro
2723 2581 2791 2621 ne
2833 2567 2886 2620 in
2917 2566 3105 2621 furore
3149 2580 3396 2635 arguar,
3437 2579 3609 2632 neque
3633 2566 3674 2615 in

2090 2658 2168 2712 ira
2201 2658 2489 2727 corripiar.
2522 2657 2675 2724 Quod
2705 2657 2749 2711 si
2796 2672 2913 2712 mea
2961 2672 3048 2712 me
3098 2655 3385 2710 fortitudo
3419 2654 3673 2713 deseruit.

2097 2748 2224 2803 sine
2267 2748 2435 2802 dubio
2463 2747 2538 2803 lui
2573 2749 2865 2817 aliquando
2896 2747 3051 2802 fortis
3077 2746 3217 2817 (5t),
3253 2756 3313 2800 et
3342 2747 3678 2799 conversatio

2089 2853 2208 2895 mea
2243 2839 2345 2895 fuit
2398 2839 2561 2903 bona,
2613 2848 2800 2910 postea
2848 2854 2982 2894 vero
3026 2841 3228 2904 cecidi,
3279 2839 3422 2906 quia
3460 2838 3673 2889 deseruit

2089 2948 2171 2986 me
2210 2930 2471 3001 fortitudo
2502 2948 2636 2997 mea,
2668 2942 2715 2986 et
2739 2931 2915 2986 lumen
2960 2931 3241 2986 oculorum
3290 2946 3546 2984 meorum
3589 2946 3678 2981 tm

2088 3034 2164 3077 est
2210 3040 2433 3078 mecum.
2496 3023 2620 3080 llaec
2652 3038 2755 3078 vox
2788 3023 2936 3079 illius
2970 3024 3189 3078 videtur
3242 3038 3379 3077 esse
3424 3022 3521 3090 qui
3569 3032 3674 3091 post

2095 3113 2575 3179 illuminationem,
2624 3124 2747 3182 post
2804 3114 3151 3168 traditionem
3211 3111 3521 3173 doctrina,
3570 3122 3677 3178 post

2093 3205 2426 3276 agnitionem
2478 3206 2723 3260 veritatis
2770 3206 2825 3260 itt
2876 3205 3115 3261 tenebris
3162 3203 3412 3259 decidit.
3448 3200 3528 3255 Ne
3563 3216 3676 3269 ergo

2092 3310 2149 3352 et
2184 3313 2283 3353 nos
2313 3298 2504 3353 eadem
2536 3299 2828 3367 patiamur.
2860 3301 2954 3354 sed
2998 3302 3180 3368 potius
3232 3308 3297 3352 ut
3350 3298 3538 3350 lumen
3592 3309 3675 3347 ne-

2092 3403 2263 3449 strum
2293 3394 2365 3448 sit
2392 3408 2610 3464 semper
2637 3393 2688 3447 in
2709 3394 2865 3448 nobis
2895 3402 2949 3448 et
2976 3408 3139 3462 opera
3169 3392 3318 3446 lucis
3346 3390 3677 3461 agentesha-

2091 3485 2316 3540 beamus
2337 3485 2588 3539 ﬁduciam
2619 3495 2877 3554 tanquam
2902 3484 2996 3538 lilii
3028 3485 3165 3539 lucis
3195 3485 3252 3537 in
3278 3484 3516 3538 Christo
3537 3480 3673 3545 less,

2092 3592 2306 3648 semper
2342 3592 2587 3644 oremus,
2612 3587 2666 3631 et
2696 3578 2863 3633 Deum
2889 3575 3107 3630 Patrem
3140 3573 3566 3628 incessabiliter
3590 3574 3672 3625 dco

2092 3684 2403 3740 precemur,
2434 3668 2520 3723 cui
2548 3677 2632 3722 est
2659 3668 2830 3736 gloria
2876 3675 2931 3719 et
2958 3672 3205 3735 potestas
3253 3663 3312 3719 in
3347 3664 3554 3718 smnia
3580 3679 3671 3717 s2-

2092 3760 2358 3815 culorum.
2391 3758 2585 3813 Atnen.
2648 3794 2655 3795 κ

2686 3869 2967 3924 IIOMILIA
3004 3870 3067 3925 ll.

2162 3965 2239 4019 De
2264 3964 2443 4018 eodem
2469 3960 2672 4031 psalmo
2695 3965 2758 4013 ub
2786 3962 2886 4043 illa
2907 3972 3059 4044 parte
3085 3961 3107 3993 ⁸
3132 3974 3150 4013 ;
3180 3980 3201 4013 ι
3230 3961 3416 4014 Amici
3439 3962 3542 4015 sui
3564 3972 3609 4015 et

2650 4047 2885 4098 proxtmt
2914 4049 3035 4085 met.
3075 4050 3095 4083 ι

2162 4128 2214 4180 l.
2246 4124 2347 4193 Qui
2386 4140 2484 4194 pro
2516 4124 2757 4193 peccatis
2783 4124 2895 4177 suis
2925 4124 3219 4177 conﬁtetur
3247 4122 3388 4187 Deo,
3414 4130 3473 4178 et
3500 4124 3671 4175 animo

2090 4216 2240 4271 dolet
2290 4216 2418 4269 dum
2472 4214 2724 4285 paenitet,
2771 4213 2950 4267 sciens
3001 4222 3122 4282 post
3154 4213 3372 4267 exitum
3408 4215 3537 4267 vita:
3561 4230 3670 4282 qu:

2090 4324 2247 4379 ptena
2304 4308 2587 4362 immineat
2641 4305 2951 4375 peccatori,
3000 4305 3115 4359 haec
3164 4304 3345 4369 dicit,
3400 4320 3669 4371 exponens

2091 4413 2295 4472 quanta
2338 4400 2445 4471 pati
2498 4412 2724 4454 necesse
2769 4399 2842 4453 sit
2895 4413 3018 4454 eum
3065 4398 3157 4466 qtti
3193 4412 3257 4451 se
3289 4398 3363 4451 ad
3400 4399 3666 4467 poeniten-

416 4499 545 4545 tunc
576 4490 773 4544 deinde
815 4487 1129 4543 recordatus
1155 4487 1350 4557 patri:c
1379 4502 1443 4542 ac
1475 4498 1789 4554 parentum,
1827 4486 1954 4543 nobi
2021 4498 2065 4552 Ι)
2098 4495 2226 4548 tiam
2279 4492 2824 4559 emendationemque
2872 4491 3165 4553 convertit,
3197 4490 3483 4559 quomodo
3531 4493 3669 4543 dere-

413 4581 581 4636 iitatis
604 4621 620 4645 ,
650 4581 870 4636 latuilite
890 4622 905 4648 ,
942 4580 1210 4637 bonorum
1246 4579 1566 4637 substantiae
1591 4620 1606 4644 ,
1668 4578 1983 4633 divitiarum

413 4674 785 4738 abundantiae,
840 4688 907 4728 ac
959 4673 1126 4729 totius
1182 4673 1329 4728 illius
1375 4672 1501 4725 vita:
1528 4685 1636 4739 qua
1690 4670 1744 4723 in
1777 4670 1987 4723 deliciis

413 4762 649 4827 vixerat,
686 4763 884 4832 quibus
939 4764 1043 4819 iste
1091 4763 1418 4834 planctibus,
1463 4763 1661 4831 quibus
1690 4761 1985 4830 mugitibus

413 4854 844 4908 recordationem
878 4854 1070 4926 priscae
1114 4854 1468 4911 beatitudinis
1530 4852 1752 4917 recolet,
1804 4862 1862 4907 ut
1912 4854 1984 4908 sit

482 4986 507 5020 ⁸
546 4985 567 5041 l
599 4986 724 5043 Cor.
753 5002 829 5054 vt,
864 4988 953 5044 15.
1027 4990 1048 5021 ⁸
1076 4987 1196 5043 Job.
1235 5006 1322 5052 xc.
1370 4988 1457 5043 ll.

484 5112 598 5184 (49)
629 5110 761 5167 Cum
801 5123 846 5166 et
875 5112 989 5184 10b
1018 5114 1080 5166 de
1118 5114 1365 5177 dracone,
1389 5122 1493 5184 etc.
1530 5111 1734 5184 Catena
1769 5110 1979 5184 Cordeg

418 5181 653 5254 ria‘na‘et
679 5184 795 5238 alia:
825 5200 839 5237 :
874 5181 1059 5254 Τούτῳ
1102 5183 1483 5254 παραπλήσιόν
1511 5185 1632 5254 ἐστι
1663 5182 1723 5254 τὸ
1768 5183 1827 5234 ὲν
1862 5181 1982 5254 Ἰὼβ

413 5252 703 5325 λεγόμενον
740 5254 893 5325 περὶ.-
915 5252 1233 5325 δράκοντοζο
1281 5252 1425 5325 vos.)
1460 5253 1537 5320 δὴ
1575 5252 1771 5325 laxi);
1801 5252 1986 5305 αὐτοῦ

410 5321 705 5393 erdem”.
750 5321 901 5393 ἡδὲ
946 5321 1198 5393 δύναμις
1238 5324 1423 5377 αὑτοῦ
1457 5321 1842 5391 ἐπ’όμφάλου
1887 5340 1989 5391 γα-

412 5396 609 5465 στρός.
637 5394 887 5465 Μάλιστα
916 5393 1026 5465 γὰρ
1059 5394 1087 5445 ὁ
1127 5393 1369 5465 διάϐολος
1399 5395 1535 5465 πρὸς
1559 5394 1681 5465 fuit;
1733 5394 1985 5465 πορνείας

417 5408 609 5461 στρος.
637 5408 887 5448 mamma
916 5408 1026 5465 γαρ
1059 5408 1087 5445 ο
1127 5408 1369 5455 omnem;
1399 5408 1535 5465 προς
1582 5408 1681 5456 τας
1733 5408 1799 5443 πο
1838 5408 1977 5456 vetat;

417 5464 607 5535 irOV'X’Jit.
643 5464 899 5535 Προκοπὴ
930 5465 999 5535 δὲν
1023 5466 1116 5518 ἐπὶ
1143 5464 1233 5517 τὸν
1259 5462 1477 5535 ὄλεθρον
1521 5463 1619 5533 τῆς
1661 5408 1882 5530 σαρκςς,
1916 5464 1977 5516 τὸ

412 5534 792 5605 ἦδηίηδεύεερον
821 5534 1092 5603 λέγεσθαι.

484 5600 595 5671 (Ξίυ)
626 5600 1025 5658 Festivitutibus
1077 5604 1311 5668 Domini,
1344 5612 1449 5657 etc.
1486 5601 1684 5657 Catena
1736 5600 1972 5656 Danielis

412 5669 637 5726 Barbari
678 5690 691 5727 :
724 5694 742 5726 ι
775 5673 916 5729 Festi
949 5674 1039 5728 Dei
1063 5676 1175 5728 dies
1199 5685 1253 5728 et
1285 5674 1527 5729 celebres
1553 5672 1781 5726 instituti
1818 5672 1971 5728 aiunt

413 5752 664 5811 oportere
695 5759 862 5815 panes
902 5744 1207 5802 alllictiouis
1237 5744 1537 5811 comedere,
1574 5752 1629 5797 et
1676 5742 1966 5800 hutniliare

2093 4584 2344 4652 linquant
2386 4597 2510 4637 cum
2562 4582 2723 4635 amici
2775 4590 2829 4634 et
2878 4582 3107 4650 proximi
3151 4581 3261 4643 sui,
3291 4590 3351 4633 et
3384 4580 3671 4649 longeelb-

2093 4674 2337 4737 ciautur,
2364 4687 2462 4741 pro
2506 4687 2573 4727 eo
2606 4671 2749 4741 quod
2775 4671 2887 4741 ipse
2935 4685 2993 4725 se
3021 4671 3087 4724 ad
3114 4671 3535 4740 exomolugesin
3564 4688 3671 4737 perv

2092 4764 2201 4819 cati
2235 4763 2318 4817 sui
2349 4775 2752 4830 maeroremque
2778 4760 3068 4815 convertit.
3105 4760 3249 4813 Dicit
3281 4776 3423 4830 ergo
3461 4777 3477 4812 :
3509 4762 3665 4811 Almt

2093 4856 2193 4910 mei
2219 4866 2265 4909 et
2291 4853 2519 4924 proximi
2549 4853 2649 4907 mei
2676 4854 2956 4907 adversum
2993 4867 3074 4905 me
3114 4852 3669 4921 appropinquat-crsu

1532 4988 1553 5020 ⁷
1583 4986 1760 5043 Levit.
1793 5002 1952 5055 xxnt,
1977 4989 2069 5044 27.
2143 4991 2164 5023 ⁸
2195 4988 2339 5045 Psal.
2385 5004 2589 5053 xxxvn,
2645 4988 2731 5041 i2.

2088 5115 2300 5170 animas
2322 5121 2559 5175 nostras,
2590 5111 2719 5166 licet
2743 5108 3068 5164 festivitates
3103 5108 3485 5163 nominentur.
3528 5108 3668 5163 Deci—

2095 5201 2182 5238 ma
2220 5186 2362 5240 enim
2394 5183 2759 5251 expiationum
2789 5180 2896 5243 die,
2933 5179 3307 5251 Itumiliabitis,
3338 5180 3549 5251 inquit,
3572 5182 3671 5230 ani-

2088 5272 2205 5309 mas
2264 5249 2484 5309 vestras.
2535 5253 2596 5307 Et
2623 5252 2712 5321 qui
2754 5265 2852 5319 pro
2888 5251 3120 5321 patratis
3157 5249 3468 5303 sceleribus
3508 5252 3671 5315 prmi-

2096 5326 2320 5380 tentiam
2351 5326 2483 5394 agit,
2509 5319 2754 5394 scipsutn
2805 5330 2864 5374 ut
2914 5319 3238 5387 publicanus
3286 5321 3667 5389 evangelica,

2099 5396 2349 5450 humiliat
2384 5391 2438 5448 et
2466 5391 2669 5462 aﬂligit.
2720 5411 2739 5443 ι

2159 5466 2275 5535 (Si)
2306 5464 2435 5519 Sine
2460 5455 2622 5516 dubi-0
2648 5462 2728 5532 fui
2762 5462 3054 5535 aliquando
3083 5460 3260 5535 fortis,
3295 5458 3412 5535 (ξω.
3446 5455 3669 5535 pateat

2082 5528 2287 5590 Griecze
2342 5528 2727 5602 manuscrime
2752 5552 2765 5586 :
2795 5528 2981 5604 Ἠμην
3010 5528 3167 5593 ποτὲ,
3203 5531 3401 5602 φησὶν,
3446 5530 3466 5581 ι
3582 5528 3663 5596 pb;

2082 5606 2271 5654 ἀοετῆ.
2308 5606 2401 5654 καὶ
2426 5604 2691 5654 πέπτωκα
2718 5604 3028 5654 ταοανθεὶε.
3071 5602 3166 5654 καὶ
3196 5602 3266 5654 ἢν
3301 5597 3459 5654 εἷγον

2078 5606 2271 5676 ἀρετῇ,
2308 5606 2401 5658 καὶ
2426 5599 2691 5676 πέπτωᾷια
2718 5599 3028 5676 ταραχθέὶς,
3071 5599 3459 5676 κᾳὶ-ᾓνξεῖχον
3487 5599 3670 5654 danis-

2079 5675 2178 5741 σας
2206 5675 2484 5748 ἀλήθειαν,
2518 5675 2639 5730 ἀντὶ
2670 5692 2787 5746 φωτ

2257 5646 2271 5668 ,
2308 5606 2401 5658 καὶ
2426 5597 2691 5659 πέπτωὶια
2718 5621 2785 5657 τα
2824 5597 3028 5675 αλθέὶς,
3071 5602 3166 5656 καὶ
3196 5597 3279 5671 ἦν’
3301 5597 3459 5672 εἶχον

2257 5676 2484 5731 λήθειαν.
2518 5675 2639 5730 ἀντὶ
2670 5622 2846 5731 conivge
2878 5675 3068 5731 σκότος
3096 5672 3387 5728 ἀνέλαϐον.

2818 5695 2846 5741 ς
2861 5672 3068 5739 exeso;
3096 5672 3387 5728 ἀνέλαϐον.

2504 5922 2563 5973 Ι

3526 5713 3808 6512 l
