3808 6510
145 357 246 417 1581

748 361 1058 420 SELECTA
1089 360 1157 418 ΙΝ
1192 355 1535 417 PSALMOS.
1587 384 1641 396 —-
1678 352 1915 412 IlOMlL.
1956 353 2000 409 ιι
2032 354 2099 411 IN
2130 353 2327 411 PSAL.
2364 351 2627 410 XXXVII.

3183 349 3323 407 £582

142 490 181 533 et
220 487 447 536 steterunt.
481 479 727 550 lntellige
758 482 892 537 mihi
944 481 1157 537 ﬁdelem
1211 478 1428 550 quidem
1461 473 1639 533 bomi-
1668 473 1714 531 Α
1744 472 1878 527 nihil
1926 472 2097 527 latere
2142 472 2335 536 Deum,
2366 469 2460 526 sed
2508 467 2651 522 nuda
2699 480 2821 522 esse
2846 463 3028 520 omnia
3062 472 3119 520 et
3145 465 3320 518 mani-

143 587 258 637 ncm,
284 572 357 627 sed
386 582 557 627 tamen
613 573 909 640 inlirmum,
942 574 1031 642 qui
1072 572 1236 626 etiam
1270 569 1413 624 vinci
1438 570 1506 623 ab
1537 570 1642 624 ali-

140 678 226 731 quo
257 676 443 733 peccato
473 666 669 734 potuit,
704 674 753 720 ct
788 675 1010 734 propter
1034 664 1138 719 huc
1182 663 1512 733 mugientem
1545 675 1642 732 pro

140 753 309 808 delictis
346 754 472 819 suis,
523 762 579 808 et
631 755 777 808 omni
834 755 997 809 modo
1044 769 1232 808 curam
1262 752 1505 806 vulneris
1557 752 1642 807 sui

136 846 269 916 686
298 850 674 916 sanitatemque
718 847 1111 916 requirentem,
1161 847 1288 900 licet
1338 854 1644 916 praeventus

134 938 194 992 sit
227 950 267 992 et
294 939 471 1009 lapsus.
504 940 775 994 volentem
801 949 984 995 tamen
1016 940 1284 996 medelam
1314 957 1375 995 ac
1406 941 1640 996 salutem

136 1044 360 1095 reparare.
402 1031 457 1085 Si
504 1046 632 1102 ergo
664 1032 967 1101 huiusmodi
1024 1034 1188 1088 horno
1227 1048 1433 1089 memor
1458 1034 1640 1088 delicti

134 1120 202 1175 sui
242 1121 532 1176 confiteatur
577 1138 695 1191 qua:
744 1124 1041 1187 commisit.
1089 1133 1143 1179 et
1187 1125 1421 1180 humana
1451 1125 1637 1181 conlu-

132 1213 259 1268 sione
279 1216 726 1284 parvipendateos
769 1219 860 1287 qui
909 1219 1246 1287 exprobrant
1299 1234 1423 1273 eum
1472 1218 1645 1273 conli-

132 1312 319 1371 tenlem,
353 1317 400 1362 et
443 1315 634 1363 notant
660 1308 745 1364 vel
782 1310 1012 1365 irrident
1052 1329 1064 1365 :
1102 1311 1191 1366 ille
1225 1321 1404 1365 autem
1437 1310 1647 1365 intelli-

128 1411 239 1465 gens
261 1412 342 1466 per
372 1399 469 1454 hoc
504 1400 720 1456 veniam
757 1402 861 1457 sibi
896 1403 1035 1470 dari,
1067 1412 1122 1457 et
1154 1403 1205 1456 in
1254 1404 1345 1457 die
1395 1417 1648 1458 resurrec

127 1488 292 1545 ctionis
328 1506 413 1560 pro
447 1492 530 1546 his
558 1494 754 1562 quibus
791 1509 932 1548 nunc
959 1493 1309 1549 confunditur
1333 1509 1518 1550 coram
1549 1495 1648 1550 ho-

123 1578 346 1644 rninibus,
375 1593 497 1634 tunc
524 1592 652 1637 ante
678 1582 901 1653 angelos
934 1581 1031 1637 Dei
1079 1582 1451 1638 confusionem
1484 1592 1647 1654 atque

122 1672 369 1741 opprobria
399 1688 715 1739 evasurum,
766 1686 824 1730 ut
873 1676 1010 1731 nolit
1059 1685 1247 1746 tegere
1286 1686 1339 1731 et
1370 1677 1649 1733 occultare

119 1763 347 1817 maculam
379 1780 552 1829 suam,
588 1768 680 1822 sed
715 1768 1031 1835 pronuntiet
1061 1768 1316 1822 delictum
1341 1784 1523 1833 suum,
1544 1782 1644 1823 nec

120 1852 233 1908 velit
279 1869 384 1910 esse
436 1858 747 1926 sepulcrum
804 1858 1115 1913 dealbatum
1143 1861 1187 1925 ⁸,
1240 1858 1383 1928 quod
1434 1858 1646 1914 deforis

115 1944 303 2014 quidem
331 1958 579 2017 appareat
626 1949 939 2005 hominibus
984 1950 1314 2018 speciosum,
1347 1950 1398 2004 id
1449 1958 1556 2015 est,
1590 1958 1647 2005 ut

112 2036 385 2094 videntibus
433 2055 493 2095 se
538 2043 692 2111 quasi
747 2042 929 2109 justus
957 2052 1242 2111 appareat,
1283 2043 1428 2097 intus
1464 2052 1646 2097 autem

110 2129 176 2183 sit
198 2129 406 2199 repletus
427 2133 573 2186 omni
609 2133 948 2188 immunditia
966 2143 1018 2189 et
1041 2136 1256 2190 ossibus
1284 2143 1647 2189 mortuorum.

110 2222 163 2276 Si
195 2238 309 2292 ergo
336 2223 401 2279 sit
426 2225 620 2295 aliquis
648 2225 761 2298 (52)
813 2227 883 2281 ita
916 2226 1088 2281 ﬁdelis
1130 2236 1187 2282 ut
1233 2227 1280 2281 si
1336 2226 1463 2297 quid
1520 2241 1650 2281 con-

105 2315 242 2370 scius
268 2316 329 2370 sit
356 2316 476 2380 sibi,
518 2320 774 2387 procedat
828 2320 880 2373 in
920 2320 1156 2374 medium
1198 2328 1254 2375 et
1298 2320 1414 2390 ipse
1448 2319 1529 2375 sui
1554 2334 1648 2374 ac~

104 2416 310 2461 cusator
350 2408 574 2463 exsistat
610 2426 624 2463 :
666 2411 719 2463 hi
748 2419 927 2465 autem
973 2411 1065 2480 qui
1099 2410 1340 2465 futurum
1381 2411 1471 2466 Dei
1500 2411 1649 2481 judi—

99 2497 233 2552 cium
260 2514 355 2554 non
385 2509 651 2567 metuunt,
695 2502 808 2558 haec
841 2503 1126 2558 audientes
1160 2518 1285 2557 cum
1320 2502 1649 2557 infirmanti-

94 2587 197 2643 bus
219 2589 423 2657 quidem
451 2605 558 2646 non
597 2590 963 2657 inlirmentur,
999 2606 1122 2647 cum
1148 2592 1650 2648 scandalizantibus

99 2693 201 2732 non
228 2689 464 2744 urantur,
504 2696 627 2735 cum
669 2681 838 2751 lapsis
885 2696 990 2736 non
1014 2681 1258 2750 iaceant,
1290 2683 1384 2737 sed
1416 2683 1599 2737 dicant
1630 2700 1645 2737 :

90 2767 268 2840 Longe
294 2781 343 2826 te
368 2771 453 2826 fac
483 2789 511 2827 a
540 2788 645 2840 me,
683 2788 858 2844 neque
886 2776 1116 2829 accedas
1136 2772 1202 2827 ad
1240 2788 1348 2839 me,
1382 2768 1647 2844 quoniam

88 2862 314 2917 mundus
370 2878 527 2931 sum,
586 2873 642 2919 et
690 2864 947 2919 detestari
1003 2864 1261 2933 incipiant
1306 2878 1429 2918 eum
1489 2877 1648 2933 quem

86 2964 214 3009 ante
253 2955 675 3021 admirabantur,
712 2966 767 3012 et
797 2956 865 3010 ab
915 2955 1176 3011 amicitiis
1222 2955 1480 3011 recedant
1531 2953 1650 3024 ejus

86 3047 177 3111 qui
226 3047 473 3102 delictum
523 3063 679 3103 suum
736 3047 910 3102 noluit
966 3047 1249 3103 occultare
1296 3064 1311 3101 :
1363 3062 1527 3118 super
1565 3047 1650 3102 his

1746 563 1879 620 festa
1908 565 1961 617 in
2005 572 2296 632 conspectu
2321 561 2457 630 ejus,
2489 559 2750 631 quidquid
2781 556 3078 621 abscondo,
3103 557 3324 610 occulto

1743 655 1886 726 quod
1914 655 2085 719 novit,
2112 669 2211 709 cur
2244 668 2349 708 non
2378 655 2555 722 potius
2580 652 2694 722 ipse
2727 666 2814 705 me
2846 664 3036 721 arguo.
3090 648 3203 718 ipse
3238 661 3324 701 me

1744 746 2011 802 confuto?
2043 746 2182 812 Quid
2212 755 2470 813 exspecto
2501 753 2907 808 accusatorem,
2936 756 3059 796 cum
3096 753 3325 795 accusa-

1747 846 1834 890 tor
1862 850 2018 889 meus
2052 833 2392 889 conscientia
2424 848 2539 887 mea
2571 848 2782 887 mecum
2812 831 2924 885 sit?
2964 829 3055 884 Sic
3086 829 3228 884 forte
3265 834 3326 885 et

1746 927 1837 983 ille
1890 927 2022 981 mihi
2061 933 2273 994 parcet,
2323 924 2367 977 si
2423 924 2551 977 mihi
2588 926 2704 992 ipse
2744 939 2849 977 non
2890 937 3136 992 parcam.
3178 921 3323 989 Ergo

1745 1019 1974 1088 proximi
2003 1018 2103 1071 mei
2137 1017 2201 1070 de
2236 1015 2386 1085 longe
2410 1022 2689 1077 steterunt,
2714 1024 2761 1068 et
2787 1015 2886 1068 vim
2929 1013 3190 1082 faciebant
3230 1011 3324 1082 qui

1748 1109 2048 1181 quwrebant
2104 1109 2338 1161 animant
2377 1122 2565 1160 nteant.
2594 1105 2662 1159 Et
2695 1106 2788 1175 qui
2833 1106 3136 1176 quwrebant
3177 1103 3322 1159 mala

1747 1199 1876 1252 mihi
1899 1198 2061 1252 locuti
2087 1207 2207 1252 sunt
2234 1197 2543 1251 vanitatem.
2590 1195 2713 1249 llaec
2747 1196 2942 1249 iterum
2979 1197 3044 1250 de
3090 1194 3214 1249 aliis
3241 1195 3327 1248 di-

1749 1292 1844 1345 cit.
1875 1287 2013 1342 Sunt
2045 1288 2189 1343 enim
2219 1285 2438 1356 quidam
2470 1285 2561 1354 qui
2601 1292 2853 1353 quaerunt
2895 1284 3038 1336 mala
3065 1287 3228 1351 justo,
3266 1290 3323 1336 et

1750 1396 1859 1436 non
1904 1379 1985 1434 sic
2015 1379 2249 1449 gaudent
2297 1391 2421 1430 cum
2457 1375 2730 1429 audierint
2771 1375 2837 1427 de
2870 1374 3030 1428 bonis
3059 1375 3180 1444 ejus
3216 1374 3321 1428 ali-

1751 1470 1902 1543 quid,
1934 1470 2077 1524 sicut
2098 1466 2444 1539 gratulantur
2468 1481 2588 1519 cum
2626 1464 2901 1518 audierint
2934 1463 3100 1528 mala,
3130 1475 3184 1519 et
3206 1462 3322 1518 vcl-

1752 1571 1812 1617 ut
1861 1562 2120 1616 insultant
2167 1576 2289 1615 cum
2342 1560 2396 1614 in
2445 1557 2601 1612 malis
2643 1556 2915 1625 aliquibus
2958 1554 3195 1609 viderint
3236 1554 3326 1623 ju-

1753 1665 1917 1711 stum.
1952 1655 2017 1709 Et
2071 1655 2158 1709 isti
2195 1661 2322 1711 sunt
2350 1652 2442 1722 qni
2494 1666 2616 1706 cum
2662 1649 2896 1703 viderint
2920 1647 3122 1714 justum
3154 1645 3327 1701 conﬁ—

1754 1758 1959 1804 tentem
2012 1758 2236 1819 peccata
2288 1763 2408 1812 sua,
2459 1746 2606 1800 velut
2640 1744 2860 1800 noxium
2884 1743 3154 1812 quoddam
3191 1755 3323 1796 evo-

1752 1852 1905 1896 munt
1940 1842 2108 1907 virus,
2141 1850 2363 1910 propter
2420 1838 2563 1908 quod
2604 1835 2736 1891 dicit
2769 1854 2781 1889 :
2816 1834 2881 1887 Et
2914 1836 3015 1887 vim
3061 1832 3327 1902 faciebant

1749 1935 1840 2004 qui
1882 1933 2185 2001 quan-ebant
2229 1931 2462 1984 animam
2521 1944 2712 1982 meam.
2776 1924 2841 1979 Et
2885 1926 2974 1995 qui
3020 1923 3322 1994 quaerebant

1749 2026 1891 2080 mala
1918 2026 2045 2077 mihi
2068 2007 2228 2077 locuti
2256 2033 2374 2076 sunt
2402 2022 2680 2075 vanitates.
2715 2018 2775 2072 Et
2827 2032 2959 2072 vere
2989 2015 3325 2070 manifestis-

1749 2119 1890 2173 sime
1914 2116 2253 2187 pcrvidetnr,
2281 2115 2405 2183 quia
2436 2128 2543 2166 non
2576 2110 2750 2166 solum
2796 2108 2831 2164 ii
2880 2106 2971 2177 qui
3000 2106 3152 2176 justo
3176 2121 3327 2175 qua-

1752 2218 1879 2262 runt
1931 2205 2096 2268 mala,
2144 2205 2238 2259 sed
2275 2203 2437 2258 etiam
2468 2201 2646 2256 omnis
2687 2199 2778 2269 qui
2836 2198 3141 2267 cuicunque
3184 2197 3324 2250 mala

1750 2311 1980 2356 conatur
2020 2298 2244 2365 inferre,
2287 2296 2530 2365 loquitur
2558 2293 2881 2347 vanitatem.
2913 2288 3030 2343 Non
3060 2289 3204 2344 enim
3241 2287 3324 2340 lo-

1750 2392 1936 2462 quitur
1961 2406 2023 2446 ea
2074 2405 2195 2459 qua:
2246 2387 2546 2443 secundum
2585 2383 2757 2438 Deum
2809 2390 2958 2446 sunt,
3007 2380 3099 2450 qui
3129 2379 3326 2450 quaerit

1751 2497 1915 2552 agere
1944 2481 2106 2536 mala.
2160 2479 2315 2535 Unde
2365 2484 2580 2546 Oportet
2639 2473 2815 2544 magis
2871 2484 3117 2539 quaerere
3160 2470 3328 2523 bona.

1753 2574 1973 2629 Utinam
2003 2586 2285 2642 possemus
2325 2569 2489 2624 etiam
2531 2567 2617 2620 his
2664 2565 2754 2634 qui
2788 2563 3022 2618 oderunt
3075 2575 3173 2615 nos
3204 2560 3332 2615 red-

1752 2666 1881 2721 dere
1909 2666 2048 2719 bona
2082 2677 2182 2733 pro
2239 2661 2417 2727 malis,
2449 2668 2504 2713 et
2540 2656 2777 2711 inimicis
2825 2655 3029 2709 nostris
3071 2653 3157 2708 vel
3194 2667 3328 2708 sua-

1753 2759 1881 2812 dere
1905 2771 2024 2825 quae
2050 2753 2190 2808 bona
2216 2762 2362 2816 sunt,
2393 2749 2475 2804 vel
2507 2758 2697 2818 optare
2729 2746 2938 2802 feroces
2984 2746 3197 2798 animos
3225 2758 3322 2798 eo-

1754 2865 1874 2905 rum
1910 2849 1978 2903 ad
2003 2846 2351 2904 concordiam
2389 2855 2552 2910 atque
2582 2853 2770 2911 pacem
2821 2852 3108 2902 revocare,
3145 2845 3201 2889 ut
3232 2849 3331 2902 per

1752 2942 1857 2997 hoc
1885 2940 2175 3012 eﬂiciamur
2200 2937 2301 3006 ﬁlii
2324 2933 2503 2988 Patris
2525 2933 2615 3002 qui
2646 2932 2703 2985 in
2739 2929 2880 2984 caelis
2906 2938 3005 2994 est,
3041 2928 3132 2998 qui
3164 2926 3327 2981 solem

1751 3050 1905 3089 suum
1929 3033 2061 3087 oriri
2081 3031 2231 3100 jubet
2258 3043 2417 3097 super
2440 3026 2603 3080 bonos
2629 3032 2677 3078 et
2708 3021 2899 3086 malos,
2938 3028 2987 3075 et
3012 3019 3146 3090 pluit
3169 3032 3326 3086 super

82 3156 215 3211 ergo
240 3153 636 3212 consequenter
684 3143 817 3197 dicit
851 3141 945 3211 qni
987 3140 1414 3209 exomologesin,
1464 3139 1515 3194 id
1567 3149 1647 3196 est

1756 3126 1923 3195 iustos
1953 3136 2000 3178 et
2033 3124 2262 3193 injustas
2306 3120 2372 3174 “.

81 3231 477 3287 confessionem
504 3233 634 3288 facit
661 3252 674 3287 :
702 3234 873 3286 Amici
901 3232 1000 3286 mei
1024 3243 1071 3286 et
1102 3231 1329 3301 proximi
1350 3231 1448 3285 mei
1469 3232 1657 3286 adver-

80 3340 203 3378 sum
247 3340 327 3379 me
351 3326 902 3395 appropinquaverunt
931 3334 977 3378 et
1004 3334 1284 3388 steterunt,
1327 3333 1377 3377 et
1425 3325 1653 3391 proximi

77 3414 185 3468 mei
224 3414 291 3468 de
311 3414 465 3485 longe
487 3424 761 3469 steterunt.
806 3414 913 3470 Sed
941 3416 1054 3470 lucc
1080 3430 1185 3470 non
1219 3424 1434 3484 oportet
1460 3413 1655 3470 formio

77 3505 216 3560 dare
247 3522 369 3560 eum
403 3507 494 3575 qui
545 3517 667 3576 post
709 3506 969 3561 delictum
1030 3506 1232 3560 salvari
1269 3506 1438 3575 cupit,
1479 3520 1656 3575 neque

69 3606 263 3652 notam
296 3611 487 3653 eorum
540 3600 953 3668 pertimescere,
991 3598 1083 3667 qni
1139 3612 1234 3653 sua
1270 3598 1489 3667 quidem
1523 3611 1653 3663 pec-

66 3699 197 3743 cata
228 3705 337 3744 non
369 3690 635 3760 cogitant,
662 3706 758 3745 nec
797 3705 1068 3746 memores
1096 3690 1395 3757 Scriptum
1422 3696 1550 3741 sunt
1575 3686 1656 3741 di-

60 3784 214 3836 vina:
257 3782 496 3837 dicentis
544 3782 588 3814 ⁵⁸
626 3799 641 3836 :
692 3781 823 3836 Noli
870 3782 1235 3851 improperare
1283 3780 1483 3833 homini
1526 3794 1656 3832 con-

54 3876 294 3929 vertenti
328 3891 384 3929 se
412 3891 443 3927 a
461 3882 693 3943 peccato,
725 3872 815 3927 sed
840 3888 1041 3928 memor
1060 3881 1170 3926 esto
1193 3872 1443 3942 quoniam
1472 3887 1654 3926 omnes

52 3983 254 4021 sumus
292 3967 350 4020 in
388 3965 576 4035 culpis.
612 3964 730 4021 Non
760 3979 892 4035 ergo
939 3965 1143 4034 cogitet
1185 3963 1253 4017 de
1285 3961 1505 4030 talibus,
1560 3961 1656 4017 sed

49 4057 275 4128 cogitet
330 4057 403 4112 de
450 4057 630 4112 anima
668 4071 787 4119 sua,
835 4070 1072 4110 exorans
1104 4055 1296 4117 Deum,
1344 4062 1403 4107 ut
1434 4054 1502 4107 ab
1538 4053 1655 4123 ipso

44 4151 404 4205 exaudiatur
452 4158 505 4204 et
549 4148 862 4204 sublevetur
918 4158 1037 4217 post
1100 4162 1289 4202 casum
1352 4161 1534 4211 suum,
1592 4155 1655 4200 ut

42 4243 241 4314 possit
290 4245 464 4296 etiam
491 4242 673 4297 dicere
701 4256 821 4312 quae
852 4248 1153 4310 sequuntur
1192 4255 1207 4292 :
1239 4237 1502 4305 Quoniam
1549 4237 1657 4290 ini-

35 4334 326 4403 quitatem
357 4350 529 4387 meam
551 4349 644 4402 ego
674 4331 1050 4401 pronuntiabo,
1072 4340 1119 4382 et
1150 4328 1392 4397 cogitabo
1416 4344 1510 4395 pro
1537 4343 1658 4396 pec-

32 4434 173 4477 cato
213 4439 362 4477 meo.
397 4422 548 4477 Licet
578 4423 737 4477 amici
772 4421 876 4476 mei
918 4428 971 4475 et
996 4419 1227 4489 proximi
1258 4418 1360 4472 mei
1394 4416 1652 4472 contrarii

1824 3218 1879 3273 ἓ.
1917 3216 2019 3282 Qui
2050 3229 2181 3285 ergo
2208 3208 2506 3283 quwrebant
2568 3204 2717 3261 mala
2742 3203 2869 3257 mihi
2895 3200 3061 3256 locuti
3085 3208 3205 3256 sunt
3234 3216 3330 3253 va-

1755 3314 1970 3374 nitates,
2003 3320 2049 3363 et
2081 3305 2265 3360 dolum
2309 3310 2421 3356 tota
2451 3301 2536 3354 die
2584 3295 3001 3352 meditabantur.
3027 3293 3164 3348 Vide
3193 3292 3329 3347 insi-

1760 3406 2024 3462 diatorem
2054 3397 2208 3467 justi.
2248 3394 2367 3450 Jam
2396 3392 2541 3448 enim
2581 3390 2788 3460 justum
2831 3401 2969 3442 voco
2992 3400 3117 3441 eum
3151 3385 3243 3454 qui
3270 3382 3331 3438 in

1757 3495 1943 3564 primis
1985 3492 2070 3545 sui
2121 3490 2228 3558 ipse
2294 3493 2574 3539 accusator
2632 3481 2900 3543 ellicitur,
2950 3477 3090 3532 sicut
3150 3487 3334 3530 sermo

1759 3586 2054 3655 Scriptura:
2080 3581 2330 3648 designat
2351 3578 2417 3628 “.
2448 3573 2579 3628 Nam
2608 3582 2669 3627 ut
2695 3571 2840 3625 illum
2866 3570 3172 3638 sapientem
3200 3566 3333 3619 dicit

1759 3676 2040 3745 Scriptura
2062 3713 2076 3734 ,
2105 3672 2196 3741 qui
2242 3683 2365 3723 cum
2399 3665 2665 3736 arguitur,
2695 3677 2800 3717 non
2845 3659 2958 3715 odit
2990 3664 3333 3727 arguentem,

1756 3770 1851 3828 sed
1903 3768 2125 3835 insuper
2166 3761 2343 3829 diligit
2375 3773 2498 3812 eum
2528 3771 2543 3810 :
2573 3759 2654 3810 sic
2698 3762 2754 3809 et
2784 3752 2967 3820 justus
3001 3751 3205 3805 dicitur
3235 3746 3328 3816 qui

1758 3870 1879 3936 post
1906 3860 2161 3918 delictum
2194 3869 2298 3909 non
2338 3858 2621 3921 permanet
2663 3846 2717 3902 in
2742 3844 2981 3908 delictis,
3010 3856 3110 3897 nec
3134 3853 3334 3909 exspe-

1758 3963 1870 4013 ctat
1903 3950 2173 4007 diabolum
2224 3944 2340 4000 ﬁeri
2378 3950 2753 3999 accusatorem
2808 3951 2992 4000 suum,
3046 3947 3226 4002 neque
3271 3939 3333 3987 ut

1759 4049 1847 4104 ille
1872 4045 2113 4118 proferat
2142 4041 2194 4095 in
2225 4036 2464 4094 medium
2496 4038 2722 4104 peccata
2753 4029 2947 4100 ipsius,
2989 4029 3086 4083 sed
3123 4028 3240 4097 ipse
3269 4038 3333 4118 se

1759 4115 1939 4209 arguit
1980 4144 2035 4189 et
2066 4130 2358 4191 convincit,
2387 4136 2442 4180 et
2487 4139 2587 4194 per
2629 4123 3029 4179 confessionem
3062 4133 3215 4173 suam
3268 4115 3334 4169 li-

1761 4205 1985 4284 beratur
2017 4240 2046 4278 a
2080 4232 2276 4278 morte.
2322 4217 2427 4283 Qui
2480 4216 2624 4270 enim
2671 4212 2977 4284 quwrebant
3022 4208 3166 4262 mala
3204 4205 3333 4259 mihi

1760 4320 1925 4376 locuti
1952 4326 2075 4371 sunt
2107 4314 2417 4377 vanitatem,
2444 4318 2493 4363 et
2533 4306 2714 4360 dolum
2744 4315 2853 4358 tota
2883 4304 2967 4356 die
3003 4298 3334 4355 meditaban-

1760 4426 1867 4467 tur.
1923 4410 2033 4479 Ego
2079 4417 2253 4461 autem
2286 4403 2424 4457 velut
2468 4399 2669 4455 surdus
2717 4411 2819 4448 non
2853 4392 3154 4446 audiebam.
3187 4387 3333 4479 Nihil

28 4517 185 4577 sint,
224 4524 285 4568 et
317 4513 612 4584 propinqui
649 4513 752 4568 mei
794 4512 953 4581 longe
1000 4525 1062 4565 se
1090 4508 1301 4563 faciant
1328 4524 1357 4561 a
1384 4524 1493 4571 me.
1525 4509 1653 4562 dum
1687 4508 1734 4567 D
1765 4510 1867 4561 hac
1899 4503 2099 4556 virtute
2152 4494 2490 4566 praiclarius,
2525 4488 2659 4584 nihil
2686 4482 3048 4584 excellentius
3101 4478 3330 4533 inveniri

24 4620 149 4675 ego
190 4606 322 4674 ipse
384 4606 491 4660 mci
534 4613 819 4660 accusator
864 4601 1088 4667 elﬁcior,
1117 4602 1243 4655 dum
1274 4600 1502 4655 crimina
1536 4614 1654 4653 mea

21 4698 204 4752 nullo
243 4714 345 4754 me
371 4708 635 4768 arguente
667 4696 953 4763 confiteor,
981 4694 1107 4749 dum
1136 4692 1261 4747 nolo
1286 4692 1491 4746 imitari
1537 4706 1653 4757 eos,

20 4792 134 4856 qui
188 4795 383 4850 etiam
430 4808 553 4849 cum
585 4791 636 4845 in
684 4788 909 4860 judiciis
959 4792 1286 4855 arguantur,
1322 4794 1378 4838 et
1425 4783 1656 4840 testibus

19 4892 502 4950 convincuntur,
531 4892 585 4939 et
609 4881 904 4936 tortoribus
922 4878 1084 4934 etiam
1119 4885 1438 4944 arguantur,
1470 4883 1659 4946 tegunt

19 4997 240 5042 tamen
280 4982 441 5035 mala
472 4996 590 5041 sua,
627 4984 683 5032 et
706 4975 826 5045 plus
855 4973 995 5041 apud
1021 4986 1115 5025 eos
1138 4969 1350 5024 obtinet
1378 4969 1657 5023 commissi

19 5076 229 5144 pudor
315 5089 452 5127 nam
491 5067 788 5126 cruciantis
824 5077 1007 5135 pinna.
1067 5061 1179 5130 Ego
1215 5075 1343 5116 vero
1397 5060 1489 5129 qui
1542 5060 1660 5114 scio

1765 4603 1960 4667 potest,
2014 4598 2073 4643 ut
2130 4586 2360 4642 audiens
2410 4578 2787 4647 unusquisque
2842 4570 3135 4667 maledicos
3169 4579 3332 4667 atque

1764 4656 2164 4743 obtrectatores
2195 4690 2322 4732 suos
2366 4670 2507 4726 male
2539 4666 2710 4736 loqui,
2738 4676 2987 4733 carpere,
3023 4656 3337 4717 detrahere,

1767 4783 1890 4837 incu
1924 4790 2041 4839 are,
2083 4773 2198 4841 ipse
2232 4773 2443 4821 avertat
2471 4773 2657 4816 aurem
2689 4768 2841 4811 suam
2872 4750 3025 4821 quasi
3081 4762 3184 4803 non
3240 4762 3340 4847 an-

1767 4873 1942 4936 diens,
1974 4876 2031 4922 et
2084 4861 2325 4919 declinet
2355 4853 2574 4910 oculum
2625 4863 2783 4905 suum
2827 4854 3083 4912 tanquam
3101 4854 3222 4936 non
3256 4851 3342 4936 vn.-

1766 4927 1941 5025 dens,
1993 4971 2062 5013 ne
2122 4947 2403 5009 iracundia
2453 4950 2813 5014 exasperetur
2864 4946 2919 4990 et
2970 4930 3215 5005 prosiliat
3266 4927 3336 4981 ad

1765 5052 2086 5112 vindictam,
2139 5059 2207 5100 ne
2254 5045 2464 5108 quaerat
2488 5034 2704 5092 oculum
2737 5045 2836 5103 pro
2864 5026 3048 5091 oculo,
3076 5037 3178 5079 nec
3212 5033 3338 5073 ver-

95 5218 125 5250 '
184 5210 419 5264 Matth.
468 5204 733 5289 xxttt.27.
812 5204 857 5236 “
889 5201 1055 5259 Eccli.
1093 5215 1215 5264 vrtt,
1240 5196 1293 5252 6.
1373 5196 1415 5228 “
1447 5192 1641 5251 Matth.
1666 5212 1723 5263 v,
1754 5193 1845 5249 45.
1923 5185 1965 5216 ²²
1990 5180 2149 5236 Ρῐον-
2184 5187 2337 5238 XVI":
2367 5169 2456 5225 17-

91 5350 238 5423 (52)
279 5348 353 5404 Si
394 5363 520 5423 ergo
547 5345 867 5423 sit‘aliquis,
899 5352 1010 5423 etc.
1043 5342 1261 5423 galeam
1297 5336 1503 5423 Qrazcaa
1533 5350 1647 5423 m3-

1756 5327 1938 5399 ὲσμὲν
1977 5324 2049 5377 ἐν
2093 5315 2394 5385 ἐπιθυμίᾳ.
2438 5309 2577 5365 Ἀλλ’
2626 5307 2775 5378 ὅμως

1756 5399 2017 5423 πλη-η·-
2055 5392 2162 5423 utui
2212 5387 2299 5423 vn‘t
2359 5380 2700 5423 ἐπιϐαίνουσι
2744 5392 2774 5423 τ

1387 5422 1506 5468 ονος
1538 5404 1657 5471 ἐξο-
1749 5392 2017 5471 Πολλᾲκις
2055 5392 2162 5471 γᾶερ

46 5406 373 5487 “scriptae
411 5434 421 5468 :
457 5406 588 5470 Ϊὲἷτσ.
617 5406 881 5488 διηγζεζται
912 5416 976 5465 ὲκ
1009 5413 1119 5488 Δσιτῆς
1165 5406 1340 5488 εἰίγνώ

19 5476 1021 5562 ιολογῆσεως-ῥνείδηίΪΜρνοκίουχξ
1053 5476 1142 5562 plet
1170 5476 1277 5562 γῶν
1296 5476 1464 5561 nexa:
1488 5476 1656 5544 φίλων

19 5547 344 5630 .εγόάτὶι›ν
368 5578 384 5590 ·
418 5547 739 5630 Πόρῤω’ἀπ’
774 5554 930 5626 ἐμοῦ,
967 5547 1295 5630 [Ingnium
1324 5547 1523 5630 μοξ,ὃτι
1557 5562 1659 5598 κα-

19 5617 209 5703 οαρὀς
231 5634 378 5703 eius
391 5671 404 5680 .
432 5647 450 5678 ι
470 5617 1481 5703 1'91}eruatacpppvqfeovstpjvﬁgkﬁ;
1500 5631 1664 5703 μεξᾳξ

23 5685 267 5755 οὸὖκῖτι
423 5685 1078 5783 πειθαρχρύγτωίὴξλΜὴ

19 5752 550 5840 ὶρὲῥοντα
567 5752 685 5823 ἆέίὸ
702 5752 1010 5837 ἀμαρτίὶτςυ
1022 5752 1319 5831 μῶήσθητι
1338 5752 1425 5809 ὄτι
1444 5752 1668 5819 πάντες

2820 5300 2914 5356 καὶ
2969 5294 3332 5359 ἐκϐιάζονται,

2212 5364 2306 5439 xvii
2342 5364 2700 5434 ibm6alvou5't
2744 5364 2858 5436 ’ἑοῖς
2910 5366 3200 5439 τοιούτοις,
3245 5364 3337 5439 χορ.

1755 5433 2160 5543 ἵέἒέξέιυξκαιχὰΓ
2175 5457 2254 5565 τῷ
2284 5452 2497 5521 δικαίῳ,
2530 5451 2627 5539 οὐχ
2672 5445 2813 5530 obrui
2855 5439 3135 5511 χαίροντες
3163 5437 3220 5487 ἐν
3258 5433 3336 5504 τῷ

1763 5539 1973 5565 sunt...“
2014 5532 2080 5565 ..λι
2122 5546 2219 5565 vn:
2246 5543 2356 5565 nm
2390 5524 2517 5565 προὶ
2566 5514 2750 5565 αυτοῦ.
2785 5530 2858 5565 ως
2892 5511 3020 5562 ὅταν
3065 5524 3118 5558 τι
3159 5506 3336 5565 Υεῗρθν

2390 5506 2518 5595 πέρὶ
2566 5506 2750 5595 abiret},
2785 5506 3020 5575 ὡξὸτὰν
3065 5506 3340 5595 x‘t!

2131 5548 2155 5581 κ
2197 5546 2356 5579 ειττω
2390 5546 2518 5595 περι
2566 5546 2750 5576 αυιυυ,
2785 5546 2855 5575 ωε,
2892 5546 3017 5562 νυν-ν
3077 5546 3118 5558 ..
3157 5546 3335 5575 ινδ-«η

2131 5546 2237 5651 Κραὶ
2266 5596 2483 5663 λέγουσι
2536 5584 2921 5663 pacatum-sai
2944 5576 3337 5663 xaraléypv‘tkz;

2373 5643 2593 5746 ἔαυῖοῖἷς
2621 5658 2696 5709 Οὐ
2725 5643 2834 5722 γᾶρ
2865 5643 3336 5770 ὲξηξασὲέναιλα.-

2019 5758 2113 5785 νων
2147 5755 2252 5785 τινι
2275 5731 2443 5785 κακὰ.
2478 5728 2577 5783 ἄλλ
2620 5727 2648 5780 ὁ
2670 5723 2829 5777 πεδιντδ⁹
2860 5720 3037 5785 ζηΐων
3101 5714 3262 5785 γαθα,
