3808 6502
128 356 259 411 1585

121 587 268 626 cesse
292 581 376 626 est
416 587 429 624 :
483 571 619 625 Dum
665 583 1055 626 commoventur
1102 573 1253 639 pedes
1303 573 1400 624 mei
1428 589 1581 640 ευμεν
1608 588 1687 624 me

120 680 305 731 magna
329 662 490 715 locuti
523 674 665 719 sunt.
696 664 854 718 Alius
877 675 1055 718 autem
1087 664 1187 718 hoc
1212 664 1403 718 melior
1429 673 1685 731 quantum

120 758 184 809 ad
210 771 471 824 personas
521 756 755 824 pertinet
787 773 905 826 qua:
956 758 1284 810 inducuntur
1331 772 1357 807 a
1390 758 1684 824 prorihetis,

122 848 370 916 velipsa‘:
402 848 506 902 sibi
554 858 964 917 comparantur,
1002 849 1127 901 illud
1175 848 1307 901 dicit
1332 848 1373 879 “
1406 866 1419 901 :
1453 848 1557 900 Mei
1592 865 1688 900 au-

118 952 219 994 tem
263 940 423 1007 paulo
473 941 646 994 minus
694 942 824 994 moti
873 951 994 995 sunt
1048 944 1223 1008 pedes.
1291 941 1439 994 Illius
1471 942 1685 1009 quidem

121 1032 248 1085 moti
289 1042 413 1085 sunt
438 1032 617 1099 pedes,
659 1033 759 1087 mei
782 1043 960 1086 autem
992 1036 1152 1101 paulo
1185 1033 1362 1087 minus
1386 1034 1515 1086 moti
1542 1041 1683 1088 sunt.

118 1123 392 1178 Fortassis
426 1133 605 1175 autem
636 1122 705 1176 sit
755 1124 891 1177 alius
927 1123 1145 1191 aliquis,
1185 1124 1338 1192 cujus
1373 1139 1470 1175 nec
1497 1138 1684 1191 parum

116 1214 352 1283 quidem,
409 1228 507 1267 nec
538 1213 701 1282 paulo
738 1214 919 1267 minus
968 1216 1097 1268 moti
1138 1224 1263 1268 sunt
1314 1216 1494 1282 pedes,
1547 1214 1687 1267 illius

116 1307 314 1375 Opinor
354 1307 449 1374 qui
507 1307 640 1361 dicit
666 1309 707 1339 ιθ
762 1323 776 1360 :
824 1306 1025 1361 Statuit
1079 1323 1233 1376 super
1283 1316 1483 1375 petram
1532 1309 1685 1374 pedes

114 1412 276 1450 nicas.
312 1396 405 1449 Ille
434 1396 564 1450 nihil
594 1412 816 1465 prorsus
848 1399 914 1453 de
945 1399 1304 1452 cummotione
1334 1400 1528 1468 pedum
1564 1414 1686 1453 suo-

115 1503 263 1553 rum,
293 1489 383 1542 sed
417 1490 481 1541 de
529 1490 823 1545 stabilitate
865 1499 1117 1544 testatur.
1162 1490 1309 1544 Beati
1342 1506 1471 1560 ergo
1500 1506 1686 1545 smnus

115 1580 167 1633 si
198 1580 340 1633 nulla
372 1581 595 1634 omnino
624 1583 918 1637 commotio
946 1583 997 1635 in
1032 1584 1230 1638 nostris
1263 1581 1491 1651 pedibus
1523 1598 1683 1636 accu-

114 1679 289 1733 satur,
332 1672 425 1724 sed
454 1682 579 1724 sunt
601 1671 768 1741 688
799 1682 1008 1726 stantes
1046 1689 1211 1742 super
1241 1684 1471 1743 petram,
1504 1675 1554 1728 id
1582 1685 1682 1739 est,

114 1776 282 1829 super
330 1762 500 1830 ipsum
537 1763 821 1817 Dominum
856 1764 1039 1819 Jesum
1088 1766 1388 1820 Christum.
1448 1766 1600 1832 Quod
1640 1768 1681 1820 si

724 357 1029 415 SELECTA
1071 358 1136 412 IN
1168 358 1510 413 PSALMOS.
1554 388 1619 397 ——
1658 357 1890 411 llOMlL.
1930 358 1970 412 11
2012 360 2075 413 ΙΝ
2111 360 2304 416 I‘SAL.
2348 360 2612 416 XXXVII.

123 496 238 532 rum
267 494 387 547 qum
417 480 591 541 docet,
624 477 755 549 agit.
798 480 890 533 Isti
920 495 1049 549 ergo
1079 481 1184 533 tale
1214 479 1339 547 quid
1373 480 1554 532 dicant
1593 493 1683 532 ne-
1714 480 1754 533 Α

3222 366 3356 421 1ὖῖῙῦ

1856 478 1907 530 6.
1939 476 2198 543 Quoniam
2224 480 2548 549 iniquitatem
2574 496 2740 533 meam
2763 483 3067 549 pronuntio.
3111 482 3359 537 Pronun-

1797 568 2072 623 tiationem
2113 570 2435 639 iniquitatis,
2493 572 2544 625 id
2575 581 2655 625 est
2697 573 3092 628 confessionem
3126 578 3356 644 peccati,

1790 657 2130 726 frequentius
2181 660 2438 714 diximus.
2500 660 2631 715 Vide
2681 676 2809 731 ergo
2858 664 2986 732 quid
3022 667 3212 719 edocet
3257 682 3358 721 nos

1790 747 2074 815 Scriptura
2102 746 2302 807 divina,
2331 748 2454 817 quia
2483 757 2695 818 Oportet
2741 762 3017 820 peccatum
3045 767 3148 806 non
3181 757 3357 809 celare

1790 841 2138 894 intrinsecus.
2182 839 2457 893 Fortassis
2487 841 2630 894 enim
2666 841 2805 896 sicut
2852 843 2885 896 ii
2923 844 3012 912 qui
3044 843 3242 899 habent
3273 845 3356 898 in-

1792 942 1876 987 tus
1924 931 2186 985 inclusam
2236 945 2415 985 escam
2464 932 2810 999 indigestam,
2863 945 2957 988 aut
3002 919 3355 991 humorisvel

1790 1022 2111 1091 phlegmatis
2143 1023 2423 1076 stomacho
2452 1022 2692 1094 graviter
2714 1033 2766 1078 et
2794 1027 3015 1081 moleste
3054 1028 3348 1083 immanen-

1791 1117 1859 1169 tis
1907 1114 2320 1178 abundantiam,
2373 1114 2417 1168 si
2470 1117 2797 1180 vomuerint,
2853 1118 3158 1173 relevantur
3217 1141 3227 1175 :
3281 1121 3352 1174 ita

1786 1208 1949 1260 etiam
1984 1207 2037 1261 hi
2073 1208 2162 1276 qui
2213 1217 2596 1276 peccaverunt,
2650 1207 2693 1261 si
2731 1209 2947 1276 quidem
2974 1211 3249 1264 occultant
3301 1220 3355 1264 et

1790 1300 2021 1352 retinent
2052 1300 2190 1353 intra
2239 1314 2299 1353 se
2333 1308 2637 1367 peccatum,
2691 1300 3020 1355 intrinsecus
3073 1313 3351 1372 urgentur,

1785 1401 1838 1445 et
1874 1392 2261 1460 propemodum
2313 1391 2651 1446 sutl'ocantur
2698 1406 2728 1445 a
2775 1393 3102 1463 pblegmale,
3138 1395 3219 1447 vel
3255 1397 3354 1448 huc

1789 1495 1938 1536 more
1991 1483 2221 1551 peccati.
2286 1481 2342 1535 Si
2391 1492 2572 1535 autem
2627 1483 2741 1551 ipse
2792 1484 2871 1536 sui
2922 1495 3205 1539 accusator
3238 1486 3349 1552 liat,

1788 1576 1916 1629 dum
1949 1584 2172 1630 accusat
2213 1577 2559 1646 semetipsum
2610 1585 2666 1630 et
2700 1577 3007 1641 confitetur,
3044 1577 3199 1630 simul
3228 1592 3353 1632 evo-

1790 1666 1885 1719 mit
1918 1676 1971 1719 et
2000 1667 2278 1730 delictum,
2331 1677 2493 1735 atque
2540 1683 2756 1722 omnem
2786 1667 2955 1722 morbi
2993 1666 3186 1737 digerit
3222 1684 3353 1723 cau-

1788 1775 1924 1813 sam.
1966 1759 2362 1813 Tantummodo
2390 1761 2753 1828 circumspice
2781 1761 3111 1831 diligentius,
3143 1763 3228 1816 cui
3263 1763 3356 1817 de-

113 1855 191 1908 ita
223 1855 440 1910 stabiles
472 1872 592 1910 esse
628 1874 729 1911 non
765 1873 1083 1926 possumus,
1131 1861 1403 1913 secundus
1431 1874 1533 1913 nos
1586 1863 1683 1913 iste
1718 1832 1757 1885 Β
1789 1852 1915 1905 beas
1941 1852 2185 1905 €0nlilm‘i
2227 1862 2505 1921 peccatum
2558 1861 2729 1906 luum-
2790 1851 2962 1907 Proba
2998 1854 3147 1923 prius
3185 1854 3355 1908 medi-

114 1946 304 1998 saltem
341 1960 394 2000 et
442 1948 666 2002 inferior
717 1950 974 2019 suscipiat
1031 1950 1252 2019 gradus,
1303 1961 1361 2003 ut
1392 1953 1470 2004 vel
1521 1952 1682 2021 paulo

114 2038 298 2091 llllltlls
335 2050 655 2093 moveantur
677 2056 897 2110 gressus
926 2042 1117 2096 nostri.

186 2129 241 2182 5.
272 2128 532 2194 Quoniam
577 2147 670 2200 ego
721 2131 774 2184 in
799 2131 1009 2200 ﬂagella
1044 2142 1263 2200 paratus
1312 2148 1449 2187 sum.
1511 2133 1682 2188 Etiam

110 2220 231 2275 bare
259 2237 360 2273 vox
392 2220 515 2274 boni
559 2230 614 2276 et
645 2222 857 2291 optimi,
892 2232 948 2277 ut
983 2224 1056 2277 ita
1087 2224 1339 2288 dixerim,
1384 2225 1684 2294 peccatoris

109 2320 220 2375 est,
249 2312 337 2380 qui
370 2311 658 2381 deliquerit
678 2315 920 2382 quidem,
956 2322 1426 2383 exspectettatnen
1456 2316 1681 2371 delicto-

111 2416 237 2454 rum
292 2400 531 2470 ﬂagella,
595 2403 789 2469 quibus
850 2405 901 2457 in
958 2405 1211 2473 prazseuti
1283 2414 1432 2473 optet
1500 2419 1687 2458 cmen-

110 2492 256 2560 dari,
285 2510 351 2548 ne
377 2497 635 2564 puniatur
663 2505 716 2549 et
746 2506 931 2562 pereat
985 2497 1035 2548 in
1071 2495 1273 2549 futuro.
1314 2494 1559 2566 Propone
1589 2498 1680 2552 tibi

86 2578 247 2655 Aante
295 2587 483 2640 oculos
532 2596 872 2655 peccatorum
916 2587 1183 2640 dicentem
1230 2588 1294 2639 ad
1349 2586 1680 2644 Dominum:

62 2656 229 2751 {Ego
260 2682 510 2749 quoniam
539 2682 778 2750 peccavi,
809 2681 918 2750 jam
966 2697 1108 2735 nunc
1140 2682 1190 2735 in
1228 2681 1431 2751 ﬂagella
1463 2696 1684 2753 paratus

108 2787 260 2837 suun,
301 2772 404 2825 noli
436 2788 521 2826 me
549 2787 828 2828 reservare
862 2771 969 2841 igni
999 2780 1221 2838 aeterno,
1259 2772 1363 2826 noli
1394 2788 1477 2827 me
1509 2788 1684 2829 reser-

108 2876 247 2915 vare
297 2863 657 2917 exterioribus
684 2862 941 2916 tenebris.
1006 2861 1137 2914 Dum
1170 2862 1219 2914 in
1266 2862 1366 2916 hac
1394 2863 1501 2917 vita
1538 2878 1678 2927 sum,

107 2954 282 3007 redde
318 2955 445 3008 mibi
475 2966 693 3025 peccata
728 2970 865 3017 mea,
909 2954 1163 3023 quoniam
1197 2952 1434 3022 ﬂagellas
1468 2970 1681 3009 omnem

108 3042 284 3096 ﬁlium
331 3059 489 3113 quem
541 3044 756 3114 recipis.
795 3043 903 3099 Oro
954 3052 1027 3108 te,
1069 3042 1276 3113 ﬂagella
1311 3057 1395 3098 me
1441 3060 1679 3117 quoque,

102 3147 166 3191 et
199 3138 309 3190 noli
340 3152 425 3191 me
455 3150 740 3191 reservare
773 3151 893 3190 cum
932 3136 1015 3190 his
1041 3135 1130 3204 qui
1176 3150 1280 3188 non
1326 3134 1680 3206 ﬂagellantur,
1709 3162 1751 3221 ο

107 3230 207 3299 qui
236 3232 292 3282 in
325 3229 587 3283 laboribus
617 3229 883 3282 hominum
910 3244 1012 3281 non
1041 3236 1183 3292 sunt,
1220 3238 1269 3282 et
1306 3244 1423 3282 cum
1453 3230 1680 3283 homini-

105 3320 210 3371 bus
243 3334 344 3371 non
388 3317 800 3387 ﬂagellabunmr
825 3318 893 3381 ",
947 3317 1000 3371 id
1034 3328 1137 3381 est,
1168 3318 1259 3386 qui
1289 3320 1504 3388 penitus
1526 3319 1684 3373 dere-

102 3410 432 3477 linquuutur
464 3426 491 3462 a
525 3419 593 3471 te,
628 3424 854 3478 quorum
901 3409 1332 3464 emendationem
1385 3411 1686 3480 correptio-

105 3514 349 3569 nemque
382 3515 484 3554 non
515 3502 733 3570 qureris.
775 3500 967 3555 Sciens
1013 3516 1144 3570 ergo
1174 3515 1293 3569 quas
1333 3501 1405 3555 sit
1432 3500 1720 3563 diﬂ‘eren-,

106 3592 190 3645 tia
231 3606 354 3644 cum
388 3592 692 3661 ﬂagellatur
717 3599 969 3660 peccator
1002 3592 1068 3644 ab
1098 3606 1162 3645 eo
1191 3591 1280 3659 qui
1307 3591 1542 3661 ﬂagellat
1570 3609 1683 3647 om-

109 3699 237 3737 nem
282 3683 453 3751 ﬁlium
502 3700 652 3754 quem
707 3684 885 3752 recipit
916 3684 981 3749 ²¹,
1018 3692 1072 3738 et
1124 3700 1245 3753 quze
1272 3686 1346 3741 sit
1374 3685 1683 3742 differentia

97 3776 236 3844 ejus
263 3776 349 3845 qui
394 3776 590 3843 dignus
620 3791 723 3829 non
754 3776 980 3829 habetur
1010 3773 1250 3845 ﬂagellis,
1292 3777 1366 3830 ait
1398 3778 1465 3831 ad
1496 3777 1683 3832 Domi-

102 3885 244 3922 tium
278 3886 289 3922 :
327 3869 432 3937 Ego
456 3869 508 3920 in
546 3866 750 3936 ﬂagella
784 3879 1004 3937 paratus
1031 3883 1173 3933 sum,
1212 3870 1264 3923 id
1293 3879 1398 3935 est,
1428 3872 1472 3925 si
1501 3872 1684 3925 volue-

102 3963 191 4015 ris
222 3963 585 4031 superduccrc
616 3961 905 4029 languores
942 3960 993 4012 in
1038 3975 1144 4024 me,
1198 3963 1413 4017 mittere
1461 3963 1683 4032 mgritu-

96 4054 292 4115 dines,
330 4052 681 4105 tolerabiliter
733 4049 900 4104 feram
950 4069 961 4103 :
1002 4052 1118 4105 scio
1163 4052 1289 4120 quia
1344 4054 1538 4123 dignus
1564 4069 1682 4107 sum

100 4156 169 4198 ut
202 4160 308 4198 non
340 4145 510 4198 solum
539 4158 634 4212 per
677 4143 1030 4212 mgritndines
1070 4154 1293 4212 peccata
1324 4161 1438 4199 mea
1464 4146 1683 4199 solvan-

100 4245 223 4302 tur,
280 4236 371 4289 sed
419 4250 517 4305 per
561 4250 751 4289 onmes
798 4233 1116 4289 alﬂictiones
1160 4236 1380 4306 purgari
1412 4238 1679 4302 desidero,

98 4339 325 4383 tantum
362 4338 418 4382 ut
450 4328 670 4383 retentis
699 4327 876 4396 poenis
907 4336 961 4380 et
1008 4328 1343 4383 cruciatibus
1369 4342 1476 4383 non
1509 4345 1684 4385 reser-

100 4435 235 4475 ver.
280 4420 336 4473 Si
387 4420 563 4488 placet
610 4417 810 4471 inferre
843 4416 1057 4482 damna,
1102 4418 1380 4482 sustineo;
1431 4420 1473 4473 si
1506 4420 1682 4488 placet

1785 1959 1929 2009 cum,
1958 1945 2044 1998 cui
2084 1944 2281 1997 debeas
2329 1959 2547 1998 causam
2600 1943 2876 2014 languoris
2923 1959 3213 2014 exponere,
3259 1946 3352 2016 qui

1785 2037 1922 2090 sciat
1972 2035 2234 2089 infirmari
2284 2052 2408 2089 cum
2459 2035 2787 2100 inlirmante,
2837 2036 2965 2092 ﬂere
3000 2053 3119 2091 cum
3169 2038 3352 2104 ﬂente,

1785 2128 1875 2198 qui
1911 2127 2232 2182 condoleiidi
2258 2138 2311 2182 et
2337 2127 2698 2196 compatiendi
2732 2130 2947 2182 noverit
2977 2129 3351 2197 disciplinam:

1787 2228 1843 2272 ut
1873 2220 1948 2272 ita
1986 2221 2196 2272 deumm
2249 2219 2291 2273 si
2326 2219 2454 2289 quid
2507 2219 2596 2273 ille
2624 2220 2847 2285 dixerit,
2897 2222 2989 2290 qui
3026 2236 3085 2275 se
3124 2221 3272 2289 prius
3300 2230 3354 2274 et

1786 2311 2051 2365 eruditum
2089 2310 2354 2364 medicum
2404 2311 2697 2364 ostenderit
2737 2322 2791 2366 et
2823 2312 3253 2374 misericordem,
3306 2312 3351 2366 si

1785 2404 1912 2473 quid
1944 2403 2153 2456 consilii
2186 2402 2412 2468 dederit,
2449 2403 2636 2465 facias,
2684 2411 2739 2457 et
2768 2403 3033 2471 sequaris,
3064 2404 3106 2457 si
3139 2401 3354 2456 intelle-

1786 2494 1927 2546 xerit
1975 2501 2030 2546 et
2085 2491 2390 2559 praeviderit
2448 2491 2608 2544 talem
2656 2506 2776 2546 esse
2834 2491 3149 2561 languorem
3197 2497 3350 2542 tuum

1786 2583 1874 2652 qui
1908 2584 1959 2636 in
1993 2593 2256 2637 conventu
2310 2582 2472 2636 totius
2504 2582 2759 2637 Ecclesiae
2811 2582 3005 2650 exponi
3054 2581 3245 2635 debeat
3295 2591 3354 2636 et

1785 2675 1986 2735 curari,
2014 2688 2077 2727 ex
2112 2689 2217 2742 quo
2244 2673 2488 2728 fortassis
2514 2682 2568 2726 et
2591 2672 2771 2726 creteri
2799 2672 3052 2726 aedificari
3078 2681 3352 2741 poterunt,

1784 2779 1838 2822 et
1886 2780 1937 2821 tu
1969 2769 2081 2836 ipse
2118 2766 2273 2821 facile
2325 2766 2528 2830 sanari,
2581 2765 2746 2819 multa
2782 2764 2883 2818 hoc
2936 2764 3351 2828 deliberatione,

1784 2868 1838 2914 et
1876 2858 2008 2913 satis
2037 2859 2213 2927 perito
2260 2856 2451 2910 medici
2487 2855 2629 2909 illius
2677 2855 2902 2910 consilio
2955 2854 3353 2924 procurandum

1785 2962 1885 3007 est.
1946 2950 2208 3017 Quoniam
2253 2951 2581 3021 iniquitatem
2627 2964 2794 3000 meam
2847 2964 2938 3016 ego
2982 2940 3352 3016 pronuntiabo,

1785 3053 1834 3097 et
1882 3040 2119 3111 cogitabo
2159 3055 2252 3108 pro
2303 3049 2516 3107 peccato
2564 3054 2698 3090 meo.
2764 3037 3083 3106 Quicunque
3115 3045 3353 3088 vestrum

1786 3133 2035 3189 conscius
2079 3131 2181 3186 sibi
2214 3139 2297 3185 est
2343 3130 2395 3182 in
2431 3128 2616 3197 aliquo
2664 3136 2907 3196 peccato,
2940 3137 2992 3180 et
3021 3128 3095 3179 ita
3132 3136 3357 3179 securus

1786 3233 1869 3280 est
1914 3224 2066 3293 quasi
2103 3222 2234 3276 nihil
2282 3220 2407 3273 mali
2458 3218 2668 3283 fecerit,
2702 3227 3111 3272 commoveatur
3140 3231 3206 3269 ex
3253 3215 3355 3267 hoc

1785 3332 2037 3373 si-rmone
2062 3315 2151 3384 qui
2189 3313 2315 3368 dicit
2352 3329 2366 3366 :
2400 3310 2652 3379 Cagiiabo
2696 3326 2791 3378 pro
2841 3320 3047 3378 peccato
3079 3323 3211 3360 meo.
3253 3305 3358 3358 Bo-

1787 3424 1913 3461 num
1943 3417 2028 3461 est
2059 3420 2181 3458 eum
2215 3404 2304 3472 qui
2340 3401 2605 3471 delinquit
2633 3416 2737 3455 non
2772 3415 2895 3455 esse
2942 3413 3220 3463 securum,
3257 3411 3356 3450 nec

1788 3499 1932 3554 velut
1959 3499 2049 3568 qui
2082 3497 2212 3550 nihil
2241 3494 2550 3563 deliquerit,
2582 3492 2783 3546 nullam
2810 3491 3228 3546 sollicitudinem
3259 3503 3355 3557 ge-

1788 3609 1929 3657 rere,
1981 3606 2079 3645 nec
2132 3590 2375 3659 cogitare
2427 3583 2697 3654 quomodo
2747 3582 2919 3651 possit
2966 3596 3122 3635 suum
3176 3578 3355 3633 delere

1788 3692 2090 3752 peccatum.
2134 3679 2191 3733 Si
2227 3679 2277 3731 in
2307 3688 2538 3745 corpore
2562 3683 2652 3725 tuo
2684 3670 2890 3726 macula
2923 3670 3102 3739 aliqua
3130 3670 3215 3723 vel
3242 3668 3357 3721 vul-

1788 3787 1889 3827 nus
1920 3772 2151 3832 oriatur,
2201 3776 2293 3820 aut
2339 3780 2405 3818 cx
2452 3762 2731 3817 collisione
2779 3760 2954 3829 aliqua
3007 3760 3354 3820 intumescat,

1787 3864 2050 3920 sollicitus
2085 3878 2144 3915 es
2180 3869 2239 3913 et
2288 3856 2556 3927 perquiris
2608 3854 2739 3923 quid
2790 3867 2933 3906 cura:
2966 3852 3164 3905 debeat
3199 3852 3356 3905 adhi-

1787 3957 1924 4018 beri,
1977 3952 2249 4023 quomodo
2297 3949 2512 4017 corpori
2565 3945 2772 4001 sanitas
2808 3943 3027 4010 antiqua
3078 3941 3359 3996 reddatur.

1788 4048 1844 4102 Si
1879 4048 2022 4100 circa
2045 4044 2230 4099 oculos
2262 4056 2321 4095 se
2348 4041 2540 4108 aliquis
2571 4037 2798 4090 acerbus
2848 4035 3041 4087 humor
3075 4032 3356 4093 infuderit,

1786 4137 2050 4192 sollicitus
2096 4148 2176 4197 es,
2225 4142 2279 4187 et
2323 4130 2598 4200 perquiris
2646 4126 2916 4196 quomodo
2958 4138 3254 4178 succurras
3310 4136 3363 4173 ei.

1788 4227 2087 4299 praevenias
2136 4222 2460 4276 excitatem.
2518 4218 2655 4272 Cum
2700 4217 2877 4269 anima
2909 4226 2996 4267 tua
3029 4221 3281 4281 aegrotet,
3313 4226 3367 4262 et

1785 4324 2133 4387 peccatorum
2162 4307 2514 4376 languoribus
2539 4318 2818 4376 urgeatur,
2848 4316 3075 4357 securus
3103 4315 3183 4362 es,
3232 4313 3365 4352 ceu--

1789 4409 1984 4465 temnis
2010 4406 2316 4478 gehennam
2353 4410 2516 4472 atque
2565 4401 2707 4469 ignis
2740 4396 2929 4451 aiterni
2966 4394 3227 4462 supplicia
3274 4392 3365 4444 dc«

87 4527 305 4568 oumes
332 4511 615 4565 facultates
647 4509 846 4580 perire,
880 4510 1195 4578 depereant,
1228 4518 1437 4563 tantum
1464 4527 1532 4567 ne
1562 4512 1681 4565 ani-

1789 4500 1952 4568 spicis
2003 4506 2057 4550 ct
2104 4494 2343 4550 irrides?
2388 4490 2656 4545 Judicium
2711 4486 2804 4539 Dei
2864 4481 3247 4553 parvipendis,
3313 4488 3367 4533 et

91 4621 199 4660 ma
236 4612 422 4673 pereat
476 4602 621 4671 apud
674 4610 747 4656 te.
791 4600 846 4653 Si
881 4614 976 4668 per
1027 4607 1253 4652 mortem
1300 4599 1590 4654 cbarorum
1626 4610 1682 4655 et

83 4698 536 4771 propinquorum
569 4695 648 4748 vis
672 4708 755 4748 me
781 4689 1019 4761 purgari,
1041 4690 1345 4743 moriantur
1365 4692 1530 4745 etiam
1554 4692 1681 4761 ipsi,

81 4801 163 4846 ut
194 4797 256 4845 et
283 4789 379 4858 ipsi
402 4805 467 4843 ex
493 4786 795 4855 huiusmodi
821 4786 1048 4841 vinculis
1088 4779 1405 4847 liberentur.
1431 4783 1684 4837 auferan-

84 4896 197 4937 tur
229 4880 347 4944 lilii,
382 4881 504 4933 dum
534 4879 707 4932 adhuc
739 4880 887 4948 pueri
924 4887 1068 4940 sunt,
1097 4885 1151 4929 et
1178 4875 1230 4928 in
1265 4873 1489 4927 rudibus
1522 4873 1679 4925 annis

83 4973 275 5046 positi
335 4974 568 5027 nondum
625 4971 965 5040 gravioribus
1036 4975 1378 5039 peccatorum
1429 4965 1680 5020 sordibus

86 5066 368 5124 maculati
417 5074 560 5119 sunt.
619 5064 881 5117 Omnibus
916 5063 1077 5132 igitur
1104 5060 1327 5129 ﬂagellis
1376 5058 1678 5123 emendari,

78 5161 499 5228 verberarique
530 5167 748 5227 paratus
776 5171 913 5216 sum,
952 5163 1007 5208 et
1054 5153 1189 5207 nihil
1224 5152 1416 5205 horum
1468 5164 1679 5214 recuso,

77 5263 325 5309 tantum
362 5261 417 5304 ut
457 5248 717 5318 supplicia
744 5245 930 5300 interni
973 5244 1114 5313 ignis
1144 5242 1415 5311 eﬂ‘ugiam.
1459 5240 1571 5310 Ego
1596 5255 1683 5294 er-

76 5363 173 5417 go
204 5347 265 5398 in
290 5342 500 5413 ﬂagella
533 5350 745 5409 paratus
777 5351 913 5399 sum,
946 5346 993 5389 et
1039 5334 1191 5387 dolor
1218 5349 1359 5386 meus
1390 5347 1569 5385 coram
1603 5347 1683 5385 me

72 5450 179 5495 est
210 5451 431 5503 semper.
468 5436 607 5488 Ante
630 5429 815 5485 oculos
838 5443 985 5482 meos
1011 5427 1183 5480 habeo
1210 5423 1453 5477 dolorem
1480 5435 1677 5483 meum,

72 5541 169 5586 ιιι
229 5529 441 5582 futttros
491 5538 770 5593 poenarum
820 5521 1037 5575 dolores
1083 5515 1446 5588 praesentibus
1477 5512 1677 5583 possim

70 5622 391 5678 doloribus
420 5626 791 5684 compensare.

184 5804 232 5836 ’⁸
256 5801 404 5857 Psal.
432 5814 600 5861 uxn,
631 5798 686 5851 εὶ.
768 5794 809 5826 ¹⁹
842 5793 986 5845 Psat.
1010 5800 1195 5852 xxxix,
1222 5782 1277 5837 5.

394 5893 668 5969 ΡΑτξιοι..
716 5888 834 5949 Gn.
882 5882 1019 5944 ΧΠ.

1353 5788 1397 5819 ὀ
1422 5782 1561 5839 Psal.
1589 5790 1759 5842 Lxxu,
1783 5774 1836 5828 5.

1788 4598 2219 4643 commouentem
2248 4596 2299 4639 te
2324 4580 2620 4637 Ecclesium
2645 4575 2914 4643 despicis?
2943 4574 3358 4629 Communicare

1790 4698 1893 4738 non
1931 4682 2086 4734 times
2112 4692 2308 4746 corpus
2330 4672 2530 4730 Christi
2563 4668 2826 4722 accedens
2848 4666 2914 4719 ad
2940 4665 3353 4728 Eucharistiam,

1790 4777 1945 4847 quasi
1988 4775 2219 4828 mundus
2249 4777 2303 4824 et
2350 4781 2540 4838 purus,
2573 4762 2726 4831 quasi
2777 4758 2911 4813 nihil
2946 4759 3000 4811 in
3038 4769 3087 4811 te
3118 4758 3188 4812 sit
3215 4758 3351 4811 indi-

1788 4846 1982 4939 gnum,
2028 4873 2080 4918 et
2105 4864 2157 4916 iu
2190 4862 2274 4914 his
2301 4858 2552 4913 oumibns
2580 4862 2737 4920 putas
2771 4850 2913 4919 quod
2950 4846 3176 4917 cﬂugias
3217 4849 3361 4916 judi-

1786 4961 1930 5015 rium
1986 4956 2118 5010 Dci?
2178 4952 2293 5007 Non
2348 4947 2656 5003 recordaris
2707 4944 2837 4997 illud
2899 4942 3040 5009 quod
3096 4940 3357 5008 scriptum

1788 5062 1869 5106 est
1892 5051 1957 5112 ",
1999 5047 2121 5116 quia
2152 5041 2435 5112 Propterea
2483 5041 2537 5092 in
2594 5036 2736 5091 vobis
2769 5033 2990 5102 inﬁrmi,
3034 5041 3082 5084 et
3118 5031 3265 5097 wgri,
3310 5039 3358 5081 et

1789 5143 2055 5196 dormiunt
2083 5135 2271 5191 niani?
2298 5133 2476 5200 Quare
2502 5129 2653 5183 multi
2683 5126 2924 5182 inﬁrmi?
2959 5122 3221 5189 Quoniam
3251 5136 3355 5173 non

1791 5238 2000 5304 seipsos
2044 5229 2363 5299 dijmlicant,
2418 5238 2591 5293 neque
2640 5220 2848 5288 seipsos
2874 5216 3209 5276 examinant,
3257 5226 3358 5304 nec

1790 5302 2095 5393 intelligunt
2123 5320 2251 5389 quid
2274 5328 2356 5374 est
2384 5314 2785 5370 communicare
2814 5307 3089 5367 Ecclesia‘,
3124 5304 3199 5365 vel
3228 5302 3359 5373 quid

1790 5426 1872 5471 est
1902 5413 2160 5468 accedere
2209 5410 2275 5463 ad
2329 5419 2475 5461 tanta
2523 5417 2578 5459 et
2611 5415 2715 5457 tam
2754 5399 2950 5455 eximia
2987 5403 3354 5449 sacramenta.

1793 5507 2082 5563 Patiuutur
2116 5503 2217 5555 hoc
2262 5500 2403 5567 quod
2442 5496 2814 5549 febricitantes
2847 5486 2961 5555 pati
2998 5484 3200 5547 solent,
3232 5495 3353 5534 cum

1787 5607 2039 5651 sanorum
2074 5590 2225 5643 cibos
2277 5593 2629 5655 prmsumunt,
2679 5573 3031 5644 sibimetipsis
3061 5573 3357 5627 inferentes

1917 5769 1962 5803 ²¹
1983 5767 2143 5823 Prov.
2175 5780 2259 5830 Ill,
2289 5764 2373 5817 12.
2445 5764 2488 5794 ’³
2511 5762 2529 5816 1
2552 5763 2676 5818 Cor.
2707 5777 2780 5825 xl,
2804 5758 2893 5815 50.

3006 5847 3083 5908 Ιώ
