3808 6496
475 278 621 332 ςπδτ
1859 271 1946 325 Εἰ(
1991 273 2032 327 0

2159 273 2287 326 [NE
3592 280 3680 334 ΒΞ

481 392 726 446 exitium.
764 387 888 443 llaec
917 390 982 442 de
1013 401 1076 441 eo
1107 391 1250 457 quod
1283 388 1484 442 dictum
1519 395 1599 442 est
1638 405 1650 441 :
1688 384 1937 460 Cogitabo
1964 407 2057 460 pro
2087 398 2131 453 Α
2166 386 2286 442 cum
2349 390 2472 443 odio
2527 389 2730 447 habear
2755 431 2769 455 ,
2818 399 2876 444 ut
2921 391 3058 444 sciat
3083 391 3421 446 conscientia
3465 407 3564 446 mea
3589 410 3668 458 qm.

479 491 691 552 peccato
722 497 856 535 meo.
2163 480 2308 534 niam
2345 481 2542 548 injuste
2582 483 2767 536 odium
2803 484 3001 554 patior.
3042 484 3180 538 0dio
3216 483 3392 538 habiti
3423 495 3538 538 sunt
3567 489 3689 540 etin

2161 571 2458 642 p'roplietze,
2497 576 2591 629 sed
2629 575 2868 644 injuste;
2909 575 3038 630 odio
3073 577 3298 631 habitus
3329 586 3421 630 est
3471 577 3689 638 Οιπίςις,

2161 663 2253 719 sed
2278 667 2472 736 gratis.
2507 666 2562 721 Si
2589 677 2772 722 autem
2809 683 2906 738 pro
2956 679 3187 738 peccan
3224 685 3346 724 meo
3371 669 3496 724 odio
3517 670 3692 734 habeor,

2159 771 2263 812 non
2294 773 2514 825 possunt
2552 760 2759 826 dicere,
2798 763 2924 832 quia
2958 761 3298 830 multiplicati
3326 773 3458 818 sunt
3488 764 3568 832 qui
3601 769 3692 817 ode-

2160 864 2280 904 runt
2317 868 2398 906 me
2431 853 2644 922 injuste.
2680 853 2832 909 Iuste
2883 855 3028 910 enim
3071 857 3196 912 odio
3245 858 3486 918 habeor.
3525 859 3568 912 si
3603 874 3676 926 per

2157 959 2287 998 osus
2317 945 2341 997 l‘
2343 961 2474 1000 uero
2505 956 2729 1016 prepter
2756 948 3074 1003 inhonestos
3096 959 3252 1004 actus
3277 965 3432 1005 meos
3461 961 3514 1005 et
3534 963 3697 1018 turpes.

2157 1033 2272 1090 ἢθη
2304 1052 2523 1107 possunt
2555 1039 2758 1104 dicere,
2790 1040 2916 1110 quia
2946 1041 3182 1096 oderunt
3220 1059 3308 1098 tne
3343 1044 3538 1114 gratis.
3563 1046 3701 1112 Atque

2159 1130 2361 1183 utinam
2399 1139 2551 1184 tanta
2586 1132 2920 1186 conﬁdentia
2971 1133 3157 1188 dicere
3208 1135 3486 1202 possimus
3531 1146 3584 1189 et
3612 1151 3701 1202 nos,

2157 1222 2285 1290 quia
2318 1223 2658 1291 multiplicati
2687 1233 2808 1278 sunt
2842 1227 2932 1295 qui
2976 1228 3197 1280 oderunt
3238 1243 3319 1282 me
3349 1227 3562 1297 injuste.

2225 1315 2278 1370 9.
2323 1314 2424 1380 Qui
2453 1317 2746 1370 retribuunt
2782 1316 2911 1370 mihi
2953 1319 3096 1370 mala
3133 1333 3230 1384 pro
3263 1320 3436 1373 bonis.
3484 1320 3590 1390 Ego
3615 1321 3694 1390 qui

2155 1405 2276 1459 dem
2304 1406 2444 1460 bona
2475 1421 2598 1461 cum
2630 1407 2710 1468 eis
2748 1407 3009 1478 agebam,
3056 1410 3133 1464 illi
3188 1424 3321 1464 vero
3365 1410 3523 1466 obliti
3571 1411 3698 1466 bono

2157 1512 2272 1550 rum
2309 1512 2552 1553 meorum
2605 1499 2904 1555 reddebant
2939 1501 3075 1554 mala
3112 1517 3211 1572 pro
3244 1504 3432 1567 bonis,
3487 1505 3710 1560 crimina-

2153 1589 2354 1644 bantur
2393 1605 2507 1656 nte,
2559 1591 2816 1661 quoniam
2871 1594 3155 1662 sequebar
3197 1594 3496 1664 justitiam.
3547 1596 3710 1651 Crimi-

555 619 605 673 7.
639 619 902 688 Sequitur
930 635 944 670 :
975 614 1189 670 Inimici
1215 626 1388 672 autem
1431 619 1530 672 mei
1555 618 1750 682 vivunt,
1784 631 1829 672 et
1860 619 2056 688 conﬁr-

478 710 606 764 mati
628 717 751 763 sunt
779 723 935 777 super
960 723 1061 760 me.
1103 703 1184 760 Ad
1217 721 1338 775 quae
1370 707 1555 761 omnia
1596 708 1893 762 subsonare
1929 708 2056 762 illud

479 799 642 855 debet
686 817 700 852 :
741 796 852 868 Ego
904 807 1080 851 autem
1125 797 1366 867 cogitabo
1411 814 1505 868 pro
1557 808 1768 867 peccato
1816 815 1949 854 meo.
1992 799 2058 853 Et

471 889 726 961 quamvis
758 890 994 952 videam,
1041 889 1358 960 frequenter
1410 890 1555 945 enim
1592 906 1690 946 nos
1743 905 2056 961 peccatores

472 981 519 1036 si
556 979 841 1035 videamus
871 979 1121 1036 inimicos
1153 990 1366 1037 nostros
1398 981 1642 1036 viventes
1661 981 1906 1034 ausiores
1936 995 2056 1036 con-

476 1074 785 1140 tristamur,
817 1083 872 1128 ct
903 1074 1159 1142 querelas
1189 1075 1451 1130 adversus
1497 1074 1732 1127 divinam
1762 1073 2052 1143 providen-

475 1167 603 1220 tiam
655 1165 951 1222 l‘undimus.
1011 1167 1114 1233 Qui
1170 1175 1351 1222 autem
1401 1166 1599 1220 salvari
1650 1164 1784 1230 vult,
1833 1167 1898 1220 ad
1939 1167 2053 1221 haec

472 1259 658 1312 omnia
689 1271 906 1328 semper
945 1257 1050 1313 hoc
1099 1256 1199 1312 sibi
1237 1258 1584 1325 respondeat,
1615 1256 1828 1311 etiamsi
1852 1255 2052 1309 inimici

470 1349 641 1420 689
667 1351 768 1403 mei
799 1351 1000 1415 vivunt,
1047 1359 1094 1403 et
1141 1349 1442 1416 conﬁrmati
1485 1358 1607 1401 sunt
1642 1363 1800 1417 super
1824 1363 1924 1413 me,
1954 1362 2053 1418 ego

475 1451 655 1496 tamen
691 1440 932 1511 cogitabo
978 1455 1074 1510 pro
1122 1450 1335 1508 peccato
1385 1454 1520 1492 meo.
1583 1437 1649 1492 Et
1695 1437 1944 1508 quamvis
1975 1436 2054 1490 vi-

467 1534 629 1590 deam
686 1548 773 1589 me
837 1544 1185 1603 peccatorem
1245 1547 1385 1598 esse,
1452 1530 1808 1586 considerans
1871 1539 2050 1584 tamen

471 1625 636 1680 etiam
671 1631 1017 1680 'catterorum
1069 1631 1291 1692 peccata
1340 1638 1460 1694 qua:
1509 1620 1757 1676 fortassis
1803 1622 2049 1691 graviora

470 1727 622 1783 sunt,
658 1717 847 1772 videns
877 1731 1094 1786 quoque
1128 1731 1225 1770 eos
1258 1729 1356 1785 pro
1385 1714 1624 1784 peccatis
1657 1713 1770 1768 suis
1799 1729 1904 1769 non
1931 1728 2050 1769 esse

470 1809 755 1875 sollicitos,
788 1823 1114 1880 comparans
1148 1821 1235 1863 me
1281 1806 1388 1864 illis
1434 1807 1525 1878 qui
1557 1808 1781 1862 omnino
1812 1808 1878 1862 de
1922 1824 2049 1878 gra—

469 1903 710 1957 vissimis
757 1901 971 1957 delictis
1018 1902 1133 1956 suis
1187 1899 1322 1954 nihil
1376 1899 1644 1971 cogitant,
1706 1909 1761 1956 et
1805 1901 2050 1971 cogitans

467 2009 566 2065 pro
597 2003 821 2064 peccato
848 2007 990 2058 meo.
1026 2008 1177 2064 spem
1202 1993 1378 2050 habeo
1402 1993 1454 2048 in
1491 2003 1562 2050 te.

537 2154 590 2210 8.
627 2152 694 2208 Et
744 2153 1079 2220 multiplicati
1134 2161 1256 2206 sunt
1305 2155 1396 2224 qui
1445 2155 1664 2209 oderunt
1718 2167 1798 2205 me
1849 2152 2044 2220 inique.

463 2245 811 2318 lmpossibile
845 2254 928 2301 est
969 2245 1022 2299 in
1073 2246 1178 2301 hac
1210 2245 1319 2300 vita
1355 2247 1588 2315 positum
1624 2244 1750 2299 odio
1793 2258 1898 2298 non
1941 2243 2043 2297 ha-

459 2336 603 2392 beri.
644 2335 899 2392 Christus
928 2333 1085 2390 Jesus
1122 2335 1249 2390 odio
1286 2336 1504 2391 habitus
1531 2345 1632 2392 est.
1666 2335 1732 2390 Et
1758 2334 1886 2404 quid
1922 2334 2042 2388 dico

458 2429 801 2499 impossibile
833 2439 916 2485 est
950 2429 1003 2483 in
1049 2429 1152 2484 hac
1204 2429 1312 2482 vita
1362 2430 1600 2500 positum
1644 2429 1770 2485 odio
1798 2443 1906 2483 non
1941 2427 2042 2482 ha-

460 2519 619 2574 beri?
661 2520 804 2575 Deus
843 2519 960 2588 ipse
989 2520 1082 2588 qui
1119 2519 1171 2574 in
1201 2521 1342 2576 hanc
1378 2522 1546 2576 vitam
1585 2534 1690 2575 non
1721 2519 1891 2583 venit,
1915 2519 2042 2574 odio

460 2613 692 2670 habetur
727 2613 796 2666 ab
829 2613 1121 2682 aliquibus.
1151 2614 1210 2670 Si
1241 2616 1385 2669 enim
1420 2629 1525 2668 non
1560 2613 1858 2668 haberetur
1892 2612 2038 2678 odio,

462 2718 803 2774 nequaquam
839 2704 1338 2775 diceretPropheta
1365 2705 1410 2737 ’³
1443 2723 1456 2759 :
1485 2703 1678 2758 Nonne
1712 2703 1947 2758 odientes
1970 2713 2039 2769 te,

461 2793 688 2850 Domine
720 2835 735 2859 ,
799 2797 1016 2851 oderam
1039 2836 1054 2862 ,
1105 2806 1153 2852 et
1193 2813 1351 2867 super
1390 2797 1634 2850 inimicos
1665 2807 1781 2850 tuos
1810 2796 2042 2849 tabesce-

460 2887 626 2941 bam?
667 2885 911 2958 Perfecto
949 2890 1072 2943 odio
1121 2889 1334 2943 oderam
1382 2888 1520 2943 illos.
1556 2888 1952 2953 Marcionistze,
1987 2897 2042 2942 et

458 2976 744 3044 Basilides,
782 2990 837 3037 et
887 2979 1160 3036 Valentini
1223 2979 1458 3035 oderunt
1516 2982 1718 3046 Deum,
1773 2989 1828 3036 et
1871 2980 2039 3036 verba

457 3068 578 3136 ejus
630 3071 881 3128 oderunt.
935 3071 1071 3126 Cum
1103 3088 1233 3144 ergo
1292 3073 1434 3128 Deus
1488 3072 1614 3128 odio
1653 3073 1942 3134 habeatur,
1985 3079 2110 3170 etC

443 3160 708 3218 Christus
738 3179 910 3235 usque
952 3165 1004 3218 in
1042 3165 1366 3220 hodiernum
1421 3165 1562 3220 diem
1608 3179 1635 3217 a
1671 3162 1875 3218 Iudaeis
1905 3177 2038 3216 ana-

457 3254 642 3309 thema
675 3255 791 3320 liat,
842 3272 962 3311 cum
1011 3255 1252 3327 Spiritus
1293 3265 1516 3311 sanctus
1546 3257 1637 3325 qui
1672 3255 1723 3309 iu
1757 3255 2036 3325 prophetis

463 3346 678 3402 locutus
708 3357 794 3402 est
829 3349 896 3402 ab
926 3349 1200 3404 haereticis
1223 3348 1348 3404 odio
1385 3348 1671 3415 habeatur,
1712 3359 1766 3402 tu
1805 3348 1886 3402 vis
1912 3347 2036 3403 odio

449 3454 564 3494 non
591 3439 806 3503 haberi,
834 3442 926 3496 sed
957 3441 1027 3496 ab
1063 3443 1316 3497 omnibus
1340 3441 1492 3512 diligi
1515 3450 1570 3496 et
1603 3440 1877 3496 benedici?
1903 3440 2035 3495 Vide

452 3548 520 3586 ue
555 3543 608 3588 te
643 3531 886 3587 inveniat
929 3533 1016 3588 illa
1058 3533 1329 3588 sententia
1357 3548 1477 3603 qua:
1503 3532 1635 3587 dicit
1663 3533 1708 3564 ²⁶
1737 3548 1750 3585 :
1789 3529 1882 3585 Va:
1913 3547 2031 3584 cum

448 3625 808 3680 benedixerint
834 3627 975 3680 vobis
1003 3643 1181 3680 omnes
1223 3626 1479 3680 homines.
1513 3624 1651 3693 Quin
1689 3623 1868 3695 potius
1903 3621 2030 3677 illud

451 3717 830 3773 tantummodo
857 3718 1246 3784 observemus,
1293 3728 1350 3772 ut
1394 3727 1447 3772 et
1476 3732 1576 3772 nos
1606 3717 1872 3774 dicamus.
1897 3727 2030 3783 quo-

448 3811 596 3863 niam
637 3809 972 3864 multiplicati
1015 3819 1140 3864 sunt
1171 3812 1258 3882 qui
1293 3812 1516 3864 oderunt
1546 3825 1626 3864 me
1659 3809 1856 3877 inique.
1890 3805 2029 3875 Opto

913 4014 1233 4071 PSALMUS
1277 4010 1566 4068 XXXVIII.

527 4107 690 4164 Vsus.
712 4107 767 4162 ὅ.
795 4106 1060 4162 Obsurdni
1095 4117 1143 4162 et
1177 4107 1492 4161 humiliatus
1530 4121 1645 4160 sum
1667 4144 1682 4170 ,
1722 4115 1772 4160 et
1820 4105 1944 4159 simi
1997 4122 2028 4158 a

451 4199 756 4265 bonis,elc.
786 4198 844 4254 ln
875 4199 1272 4256 tentationibus
1303 4199 1514 4270 fugiunt
1534 4199 1672 4254 bona
1701 4212 1730 4251 a
1762 4198 1943 4262 nobis,
1975 4208 2031 4253 et

451 4291 574 4348 silet
605 4292 787 4347 anima
828 4292 898 4347 ab
935 4292 1061 4347 illis.
1107 4293 1183 4346 De
1231 4291 1339 4345 illis
1375 4290 1520 4345 enim
1572 4290 1810 4360 loquitur
1849 4292 2028 4345 anima

449 4399 570 4452 qua:
602 4384 905 4456 cognoscit,
941 4393 997 4439 et
1033 4383 1157 4438 silet
1195 4383 1262 4438 de
1295 4381 1398 4438 illis
1426 4397 1546 4452 quae
1579 4398 1685 4437 non
1727 4383 2025 4455 cognoscit.

450 4475 597 4529 Bona
631 4484 811 4530 autem
841 4477 943 4530 hoc
974 4475 1092 4531 loco
1119 4474 1256 4529 dixit
1282 4475 1514 4530 virtutes
1541 4484 1597 4530 et
1622 4475 1880 4530 scientias
1908 4491 2027 4544 quae

450 4566 506 4620 in
535 4575 774 4637 tempore
801 4569 1113 4624 tentationis
1142 4583 1172 4622 a
1201 4576 1410 4623 tentato
1438 4567 1669 4637 fugiunt.

520 4743 686 4800 Vsus.
729 4745 782 4799 4.
813 4745 1090 4801 Concaluit
1125 4762 1215 4801 cor
1244 4761 1418 4800 meum
1451 4746 1590 4799 intra
1623 4763 1722 4810 me,
1758 4756 1866 4802 etc.
1890 4747 2024 4802 Cum

2155 1689 2355 1735 nantur
2388 1696 2474 1736 me
2521 1691 2574 1736 et
2622 1683 2954 1751 exprobrant
3015 1685 3221 1742 inimici
3278 1689 3389 1741 mei
3448 1703 3546 1756 pro
3589 1691 3645 1744 iis

2082 1767 2125 1822 Β
2155 1785 2261 1840 qua
2285 1772 2417 1826 mihi
2447 1774 2745 1844 aliquando
2771 1777 3062 1832 commissa
3090 1787 3238 1844 sunt,
3276 1795 3384 1833 nec
3413 1782 3713 1835 erubescunt

2158 1879 2242 1918 me
2265 1864 2531 1932 justitiam
2568 1867 3014 1938 subsequentem,
3059 1885 3157 1926 nec
3186 1872 3322 1926 dant
3356 1875 3573 1927 veniam
3604 1891 3714 1944 pra.

2155 1957 2333 2012 teritis
2379 1959 2540 2014 malis
2580 1975 2676 2030 pro
2731 1963 3091 2031 praesentibus
3149 1964 3335 2019 bouis.
3401 1963 3600 2020 Verum
3654 1980 3714 2034 ts,

2153 2048 2401 2116 Domine,
2429 2053 2679 2118 quoniam
2711 2055 3065 2122 subsequebar
3099 2057 3396 2122 iustitiam,
3426 2075 3493 2112 ne
3521 2061 3713 2114 derelin-

2149 2159 2282 2214 quas
2303 2162 2406 2210 me,
2437 2143 2662 2199 Domine
2692 2146 2830 2202 Deus
2855 2164 3024 2204 meus.
3057 2152 3122 2206 Et
3148 2154 3264 2206 haec
3293 2168 3401 2207 vos
3432 2156 3676 2209 conﬁtcst
3697 2170 3715 2206 ς

2149 2245 2231 2291 est
2282 2246 2339 2292 et
2387 2239 2819 2294 misericordiam
2868 2242 3198 2311 postulantis
3240 2261 3252 2296 :
3290 2242 3378 2297 Ne
3411 2248 3714 2314 derelinqu

2150 2318 2252 2393 me,
2281 2328 2507 2385 Domine
2538 2331 2677 2385 Deus
2707 2348 2873 2396 meus,
2907 2350 2968 2387 ne
2989 2334 3306 2390 discesseris
3336 2354 3369 2389 ιι
3403 2355 3507 2391 me.
3542 2339 3596 2391 In
3631 2340 3716 2390 alio

2150 2422 2367 2490 quidem
2399 2423 2611 2494 psalmo
2644 2425 2757 2496 (55)
2781 2427 3008 2481 dicit":
3037 2427 3298 2494 Spiritum
3325 2441 3569 2482 sanctum
3593 2441 3714 2483 tua

2149 2530 2211 2568 ne
2243 2515 2460 2584 auferas
2487 2534 2519 2570 α
2559 2535 2659 2572 me.
2700 2517 2757 2573 In
2791 2521 2892 2575 hoc
2923 2522 3053 2575 dicit
3082 2523 3147 2575 ad
3187 2524 3369 2586 ipsum
3417 2523 3580 2578 Deum
3608 2541 3623 2577 :
3651 2526 3716 2578 ,τε

2145 2607 2450 2662 discesseris
2501 2626 2532 2662 a
2591 2626 2690 2664 me.
2726 2612 2802 2664 Ex
2859 2621 2966 2682 quo
3009 2617 3327 2669 ostenditur
3356 2632 3383 2669 a
3417 2616 3715 2685 quibusdam

2147 2697 2361 2753 meritis
2388 2699 2503 2755 suis
2528 2701 2810 2756 discedere
2839 2702 3030 2769 Deum,
3060 2715 3116 2760 et
3145 2707 3292 2774 apud
3337 2707 3479 2761 alios
3514 2724 3606 2774 pro
3626 2725 3717 2764 sas

2150 2791 2362 2844 meritis
2393 2807 2742 2860 permanere.
2779 2793 2971 2849 Infelix
3003 2806 3182 2851 tamen
3217 2800 3388 2852 homo
3428 2799 3518 2853 ille
3557 2816 3584 2851 s
3631 2816 3714 2869 qua

2144 2879 2461 2936 discesserit
2496 2883 2668 2950 Deus,
2721 2884 2912 2941 beatus
2944 2899 3127 2942 autem
3183 2900 3270 2944 est
3327 2891 3422 2946 ille
3482 2908 3599 2945 cum
3631 2911 3716 2960 ςιιι

2144 2983 2430 3043 permanet
2471 2975 2635 3030 Deus.
2687 2977 2907 3033 Attende
2942 2981 2995 3033 in
3036 2982 3375 3050 adjutorium
3408 2999 3605 3048 meum,
3633 2985 3718 3038 De.

2142 3067 2316 3132 mine,
2367 3065 2507 3121 Deus
2541 3068 2728 3122 salutis
2773 3087 2923 3126 mete.
2976 3072 3041 3126 Et
3093 3089 3194 3129 nos
3239 3091 3375 3144 ergo
3423 3092 3638 3132 orcrnus
3677 3091 3718 3133 α

2145 3157 2389 3211 dicamus
2426 3173 2442 3212 :
2476 3157 2709 3213 Attende
2760 3160 2814 3213 in
2863 3160 3195 3229 adjutorimn
3247 3179 3439 3219 meum
3493 3168 3716 3235 qumim

2148 3250 2370 3321 grandis
2399 3260 2485 3305 est
2515 3267 2715 3320 pugna,
2751 3262 2805 3307 et
2849 3265 3100 3322 potentes
3129 3265 3260 3310 sunt
3291 3257 3621 3312 adversarii.
3657 3258 3722 3310 ls-

2145 3341 2317 3398 l'estus
2342 3353 2428 3398 est
2466 3342 2664 3409 hostis,
2705 3345 3000 3401 invisibilis
3030 3347 3294 3404 inimicus
3317 3365 3424 3418 per
3459 3351 3593 3404 istos
3615 3353 3722 3403 Visi-

2142 3432 2280 3488 biles
2332 3433 2631 3503 impugnat.
2689 3434 2921 3491 Attende
2965 3452 3094 3508 ergo
3141 3440 3194 3491 in
3244 3441 3588 3506 adjutorium
3646 3459 3720 3494 ιερς

2142 3534 2341 3591 strum,
2381 3535 2436 3580 et
2485 3527 2680 3594 adjuva
2740 3543 2836 3582 nos
2889 3545 2984 3597 per
3035 3542 3296 3586 sanctum
3357 3533 3562 3588 Filium
3597 3546 3718 3589 tum

2143 3616 2432 3672 Dominum
2468 3627 2716 3672 nostrum
2746 3617 2934 3674 Jesum
2964 3620 3270 3690 Christum,
3308 3642 3411 3695 per
3444 3644 3606 3695 quem
3629 3647 3724 3679 Orn-

2141 3723 2238 3763 nes
2275 3723 2372 3763 nos
2401 3709 2705 3773 redemisti,
2742 3725 2836 3780 per
2872 3728 3030 3780 quem
3077 3715 3171 3769 libi
3203 3717 3385 3784 gloria
3419 3728 3476 3770 et
3504 3727 3721 3788 pottst

2140 3801 2192 3854 in
2223 3800 2416 3856 Stecula
2447 3801 2792 3856 saeculorum.
2821 3805 3016 3858 Amen.

2711 4011 2998 4066 ΨΑΛΜΟΣ
3035 4015 3165 4067 AII'.

2223 4101 2580 4171 Ἐκωφώθην
2622 4103 2721 4156 καὶ
2782 4103 3190 4175 ἐταπεινώθην
3225 4108 3332 4162 καὶ
3377 4109 3648 4180 ἐσίγησε
3675 4115 3724 4174 ἐξ

2138 4195 2396 4264 ἀγαθῶν,
2428 4213 2481 4249 κ.
2516 4213 2565 4249 τ.
2592 4197 2640 4250 ἐ.
2681 4196 2768 4249 Ἐν
2800 4199 2911 4262 τοῖς
2942 4205 3270 4273 πειρασμοῖς
3300 4201 3422 4273 (56)
3463 4207 3652 4274 φεύγει
3675 4224 3725 4261 τε

2141 4283 2320 4356 ἄγαθά
2351 4287 2410 4354 ἐξ
2433 4287 2610 4359 ἡμῶν,
2645 4288 2737 4341 καὶ
2760 4291 2994 4362 σιωπᾷὴ
3023 4291 3171 4364 ψυχὴ
3198 4294 3262 4358 ἐξ
3296 4297 3512 4350 αὐτῶν.

2135 4379 2246 4450 γὰρ
2287 4379 2582 4448 φθέγγεται
2616 4382 2649 4451 ἡ
2680 4380 2825 4453 ψυχὴ
2862 4381 2899 4436 ἃ
2929 4382 3207 4451 γινώσκει,
3254 4390 3352 4440 καὶ
3395 4393 3588 4461 σιωπᾷ
3619 4393 3651 4444 ‘3
3683 4411 3722 4440 ε.

2135 4471 2413 4541 γινώσκει.
2463 4473 2666 4542 Ἀγαοὰ
2707 4475 2763 4527 δὲ
2809 4470 2928 4528 εἶπε
2974 4474 3069 4528 νῦν
3106 4478 3207 4542 τὰς
3257 4481 3474 4552 ἀρετὰς
3521 4484 3618 4536 aut
3649 4503 3724 4543 τις

2133 4565 2364 4634 γνώσεις
2422 4567 2623 4630 αἵτινες
2665 4569 2722 4620 ὲν
2771 4567 2951 4639 καιρῷ
2999 4572 3313 4642 πειρασμοῦ
3380 4575 3724 4645 διαιρέσεως

2130 4659 2256 4722 τοὺς
2291 4659 2740 4730 πειραζομένους.

2211 4750 2570 4822 Έθερμάνθη
2618 4755 2656 4820 ἡ
2693 4752 2904 4820 καρδία
2929 4773 3052 4824 μου
3086 4756 3266 4822 ἐντός
3288 4775 3442 4827 μου,
3475 4772 3538 4813 1.
3591 4778 3642 4813 τ.
3687 4765 3718 4811 ι.

451 4836 546 4893 ira:
575 4837 783 4892 daemon
819 4837 1022 4903 instat,
1062 4839 1321 4908 possibile
1365 4849 1448 4894 est
1497 4855 1603 4893 non
1664 4839 1848 4904 irasci,
1894 4839 2030 4895 forte

2159 4841 2363 4896 ιυνατὸν
2398 4842 2494 4913 μὲν
2530 4842 2640 4914 (57)
2675 4843 2768 4896 τοῦ
2802 4845 2899 4917 τῆς
2927 4845 3096 4918 ὀργῆς
3115 4847 3452 4914 ἐπιστάντος
3479 4853 3720 4922 suam
3798 4869 3799 4883 π

448 4938 630 4984 autem
668 4928 999 4997 impossibile
1029 4945 1134 4984 non
1170 4931 1571 4986 concalescere.

511 5019 674 5076 Vsus.
695 5020 748 5075 5.
773 5019 972 5075 Notum
991 5021 1075 5089 fac
1097 5024 1250 5088 milii,
1272 5023 1512 5092 Domine,
1531 5025 1686 5094 ﬁnem
1707 5042 1898 5088 meum,
1916 5037 2023 5082 etc.

520 5162 566 5194 ’⁸
590 5161 735 5218 Psal.
763 5177 1026 5227 cxxxvut,
1065 5164 1156 5218 2|.
1252 5166 1299 5195 "
1349 5165 1476 5223 Luc.
1500 5185 1576 5234 v1,
1607 5169 1697 5224 26.

522 5303 633 5373 (55)
674 5303 741 5356 In
771 5302 878 5356 alio
903 5305 1114 5370 quidem
1151 5303 1377 5372 psalmo,
1417 5316 1527 5361 etc.
1566 5307 1772 5362 Catena
1820 5307 2024 5364 Corde-

447 5379 599 5446 riana
627 5383 682 5428 et
716 5373 834 5446 alia:
853 5393 879 5446 ε
896 5374 984 5426 Ἑν
1008 5373 1152 5446 ἄλλῳ
1181 5373 1381 5446 ψαλμῷ
1406 5393 1536 5446 φησι
1557 5394 1570 5407 ο
1603 5379 1711 5431 Καὶ
1748 5377 1814 5430 τὸ
1836 5377 2022 5432 Πνεῦ-

441 5443 528 5517 μᾴ
567 5459 682 5498 σου
728 5443 793 5517 td
838 5443 1013 5517 ᾷγιφξ
1049 5443 1138 5512 μὴ
1191 5443 1528 5517 dictare/tm
1579 5449 1680 5500 ἀπ’
1727 5447 1894 5517 ἐμοῦ.
1958 5449 2020 5501 Εἰ

451 5512 689 5588 κᾴμκξῖνοι
746 5513 1053 5588 ἀττέρῤιψάν
1105 5531 1175 5588 με
1200 5514 1302 5588 Δὡς
1365 5512 1554 5588 νεκρον
1606 5512 2018 5588 ὲὸδελῖυγμένον,

448 5582 586 5657 sata
613 5583 678 5636 ob
713 5582 979 5657 exemp:
1013 5582 1130 5657 ita?)
1158 5583 1260 5656 τὴν
1285 5582 1552 5657 κραταιᾴν
1595 5603 1686 5639 σου
1720 5582 1896 5657 χεῖρὰ.
1919 5589 2020 5641 Σοῦ

450 5653 1226 5742 γξὶγρμπαρόνῖοςῗίρινίσὶχυριοι
1261 5653 1360 5742 ’καὶ
1419 5656 1663 5742 ἀσθενεῖς
1689 5653 1776 5742 ὀἱ
1809 5653 2016 5740 ἐχθροὶ.

448 5723 722 5792 Ηρόσχεζν
758 5727 843 5790 εὶς
885 5723 998 5794 τὴν
1027 5723 1316 5791 ,ϐοήθειάν
1343 5743 1485 5795 μου,
1517 5727 1638 5780 ἐπεὶ
1685 5723 1894 5799 ἐχθρῶν
1918 5723 2020 5780 ’πε-

2135 4933 2210 5004 μὴ
2239 4933 2579 5005 ὀργισθῆναι,
2607 4935 2863 4990 ἀδύνατον
2887 4938 2945 4992 δὲ
2974 4940 3114 5010 τάχα
3146 4941 3220 5012 μὴ
3259 4942 3666 5014 Θερμεινθῇνπε.

2207 5027 2518 5096 Γνώρισόν
2556 5046 2686 5098 μοι,
2723 5033 2929 5100 Κύριε,
2979 5035 3046 5088 τὸ
3084 5036 3272 5104 πέρας
3301 5056 3464 5106 μου,
3503 5058 3568 5090 κ-
3603 5055 3650 5090 τ.
3681 5039 3716 5088 ι

1800 5171 1849 5203 ¹³
1872 5169 2016 5226 Psal.
2053 5188 2103 5235 ι..
2145 5171 2230 5226 15.

2129 5309 2521 5432 ἕιεστηκὸτων,
2573 5309 2875 5381 ἀνθρώπων
2921 5330 2980 5366 τε
3035 5317 3290 5432 πονηιρῶν
3336 5323 3433 5372 καὶ
3479 5321 3710 5392 agn.

2162 5379 2430 5432 υνάμεων.
2465 5378 2714 5432 Βαηθείαε
2745 5381 2952 5432 δέοιιαι.
2985 5384 3098 5432 Οὐκ
3125 5386 3160 5432 ἄ
3194 5387 3352 5432 λῆθεν
3376 5389 3432 5432 at,
3471 5389 3704 5432 Bassa:

2162 5378 2714 5476 υνάμξωνὶβαηθεξάς
2745 5381 2952 5476 Sentiat.
2985 5384 3098 5438 Οὐκ
3125 5378 3352 5476 libellai»

2131 5448 2346 5502 ἀπαιτῶ
2366 5490 2378 5513 ,
2421 5448 2453 5518 ἢ
2501 5449 2651 5518 παρὰ
2693 5450 2807 5514 σοῦ,
2838 5448 3016 5537 ’Κύριε
3038 5472 3052 5486 ο
3181 5457 3292 5528 γὰρ
3327 5461 3422 5512 καὶ
3453 5448 3606 5523 Θεὶξς
3634 5462 3708 5526 τῆς

2131 5520 2403 5642 ἓῗέῗέἕίας
2440 5535 2539 5588 μου
2573 5522 2878 5591 τυγχάνεις.
2913 5525 3197 5597 ὶιωτηριας
3225 5529 3282 5582 δὲ
3310 5529 3444 5594 Θεὸς
3463 5533 3501 5583 ὀ
3529 5535 3712 5588 τιάτξ

2129 5606 2320 5654 αιτιος.

2200 5660 2315 5803 ἓξὲξ

2203 5643 2315 5800 (56';
2363 5661 2460 5715 Ἐν
2496 5643 2620 5730 toi;-
2654 5665 3036 5734 πειρασμοῖς,
3066 5677 3177 5724 etc.
3210 5667 3438 5725 Sebedae
3471 5669 3682 5726 Grata}.

2203 5731 2291 5800 (57
2350 5734 2620 5790 Διννατὸν
2641 5735 2779 5800 μέν,
2809 5747 2916 5794 etc.
2945 5738 3137 5795 Codex
3163 5738 3570 5798 Coislinianus.

2350 5734 2620 5790 Διννατὸν
2641 5735 2916 5812 μέν-λεια.
2945 5738 3137 5795 Codex
3163 5738 3570 5798 Coislinianus.
