3808 6502
147 358 169 399 1
178 352 273 401 3259

1032 347 1337 403 SELECTA
1374 349 1440 404 IN
1481 343 1807 404 PSALMOS.
1850 372 1917 382 -
1954 340 2149 396 PSAL.
2193 336 2482 396 XXXVIII.

3238 340 3372 395 1590

146 459 316 528 Πέρας
360 458 474 511 ἐστὶ
515 458 622 529 (58)
656 459 754 530 τῆς
794 460 1017 532 λογικῆς
1054 462 1327 535 φύσεωςή
1368 466 1566 534 γνῶσις
1606 469 1701 537 τῆς

1823 458 1956 512 τιιιίε
1987 456 2322 512 rationabilis
2373 463 2579 510 natura
2630 462 2713 509 est
2761 453 2997 525 cognitio
3026 462 3223 510 sanctae
3255 457 3373 511 'l‘ria

146 549 299 614 ἁγίας
329 546 573 618 Τριάδος.

212 640 383 708 Πλὴν
412 642 483 695 τὰ
512 643 837 711 σύμπαντα
872 647 1226 714 ματαιότης,
1260 647 1377 711 πᾶς
1399 647 1705 714 ἅνθρωπος

145 731 280 796 ζῶν,
328 749 382 786 κ.
421 750 470 784 τ.
512 733 558 784 ὲ.
612 733 691 787 Τά
735 738 1018 804 σωματικὰ
1048 736 1158 807 (59)
1191 738 1366 791 πάντα
1414 738 1707 808 ματαιότης

146 825 308 887 ἐστὶν,
339 826 373 894 ἡ
413 823 517 895 γὰρ
544 824 830 895 ἀσώματος
865 826 1023 895 φύσις
1061 829 1179 880 κατ’
1210 829 1392 880 εἰκόνα
1419 829 1706 900 γεγένηται

146 914 295 968 Θεοῦ.

214 1007 493 1076 Μέντοιγε
545 1008 614 1060 ἐν
661 1010 847 1062 εἰκόνι
904 1010 1313 1081 διαπορεύεται
1362 1013 1703 1080 ἅνθρωπος,

147 1114 198 1150 κ.
226 1116 274 1150 τ.
309 1099 357 1151 ὲ.
390 1101 503 1161 Πᾶς
532 1100 813 1170 ἄνθρωπος
852 1102 962 1170 (60)
993 1102 1098 1166 ζῶν
1129 1106 1186 1156 ὲν
1223 1104 1389 1155 εἰκόνι
1422 1102 1707 1173 διαπορεύ-

148 1205 282 1254 εται,
318 1190 433 1259 ἦτοι
478 1191 572 1243 τοῦ
620 1192 753 1245 Θεοῦ
784 1193 964 1265 τηρῶν
1006 1195 1065 1246 τὸ
1100 1196 1219 1249 κατ’
1267 1196 1479 1261 εἰκόνα,
1524 1196 1707 1249 καὶτὸ

145 1281 468 1352 προκόπτειν
495 1284 573 1346 εἰς
599 1284 928 1355 τελειότητα,
958 1285 1277 1356 σύμμορφος
1299 1288 1587 1358 γενόμενος
1610 1288 1709 1358 τῆς

148 1374 349 1438 εἰκόνος
378 1376 534 1441 Θεοῦ,
566 1378 596 1449 ἢ
640 1378 797 1433 ἄλλου
826 1379 970 1443 τινὸς
999 1381 1159 1447 ςωου,
1195 1383 1359 1447 ἵππος
1397 1382 1710 1454 θηλυμανὴς

147 1463 179 1530 ἢ
216 1464 340 1517 ἄλλο
368 1484 418 1518 τι
448 1466 637 1535 ἄλογον
662 1470 801 1522 κατὰ
834 1471 894 1523 τὸ
917 1467 1045 1541 ἦθος
1068 1473 1369 1544 γινόμενος.

214 1661 320 1713 Καὶ
348 1660 464 1714 νῦν
492 1661 582 1727 τίς
617 1660 655 1729 ἡ
692 1657 962 1728 ὑπομονὴ
988 1672 1147 1725 μου;
1178 1674 1229 1710 κ.
1264 1672 1314 1707 τ.
1351 1656 1397 1707 ὲ.
1423 1652 1493 1705 Σύ
1522 1668 1611 1723 μοι
1642 1649 1703 1702 τὸ

144 1751 397 1806 δύνασθαι
426 1751 535 1823 (Gl)
567 1753 752 1823 φέρειν
779 1752 1084 1821 κεχάρισαι·
1118 1748 1175 1800 τὸ
1214 1746 1373 1817 μηδὲν
1406 1746 1464 1811 ἐξ
1495 1745 1702 1815 ἀνθρω-

1814 548 2018 603 uitatis.

1884 638 2043 694 Vens.
2082 638 2133 692 6.
2186 639 2351 709 690
2408 639 2776 694 Verumtamen
2826 639 3072 692 universa
3128 639 3373 701 vanitas,

1812 732 1980 785 omnis
2013 732 2166 784 homo
2202 733 2393 794 vivens,
2412 741 2517 786 etc.
2549 734 2688 786 Sunt
2718 732 2965 785 universa
2993 743 3252 799 corporea
3280 745 3376 781 Va-

1813 823 1953 875 nitas
1984 839 1997 875 :
2031 837 2156 875 nam
2188 821 2505 893 incorporea
2538 833 2725 877 natura
2755 823 3051 878 secundum
3088 822 3374 891 imaginem

1811 911 1903 964 Dei
1941 910 2078 965 facta
2105 918 2208 967 est.

1895 998 2256 1053 Verumtamen
2311 1001 2364 1053 in
2416 1000 2641 1069 imagine
2684 1004 2970 1070 pertransit
3027 1002 3215 1068 homo,
3264 1009 3372 1055 etc.

1811 1090 2000 1145 Omnis
2033 1092 2191 1146 homo
2219 1091 2407 1145 vivens
2432 1091 2486 1144 in
2514 1092 2746 1160 imagine
2769 1095 3079 1161 pertransit,
3111 1094 3223 1148 sive
3246 1093 3373 1149 illud

1808 1183 1950 1252 quod
1986 1182 2077 1236 Dei
2103 1191 2182 1237 est
2208 1183 2273 1236 ad
2309 1182 2593 1252 imaginem
2618 1193 2798 1237 servet
2820 1194 2873 1238 et
2895 1185 2963 1237 ad
2988 1184 3375 1253 perfecﬁonem

1812 1272 2395 1340 proﬁciat,conl‘ormis
2424 1274 2598 1328 lactus
2617 1275 2837 1345 imagini
2872 1276 2988 1341 Dei,
3011 1278 3124 1331 sive
3154 1277 3377 1333 alterius

1811 1363 2108 1434 cujnspiam
2164 1366 2429 1431 animalis,
2463 1368 2587 1421 dum
2629 1382 2803 1436 equus
2842 1358 3229 1434 admissarius,
3293 1369 3377 1422 vel

1811 1458 1959 1513 aliud
1990 1459 2266 1529 quidpiam
2291 1459 2507 1514 brutum
2530 1459 2729 1514 animal
2763 1461 3003 1516 moribus
3032 1460 3286 1517 cliicitur.

1881 1638 2046 1696 Vsus.
2088 1640 2143 1698 8.
2178 1641 2247 1696 Et
2288 1659 2422 1697 nunc
2455 1659 2572 1712 quis
2620 1653 2698 1698 est
2737 1645 3056 1714 exspectatio
3086 1661 3198 1699 mea
3222 1646 3247 1698 ?
3270 1656 3376 1699 etc.

1810 1734 1890 1788 ’l‘u
1920 1736 2047 1790 mihi
2083 1743 2138 1790 ut
2170 1735 2311 1791 ferre
2355 1751 2566 1805 possem
2604 1738 2827 1808 largitus
2863 1753 2943 1801 cs,
2990 1739 3062 1792 ita
3095 1749 3152 1793 ut
3179 1753 3243 1792 ex
3275 1739 3375 1792 Ιιιι-

146 1847 302 1916 πίνης
342 1845 623 1908 ἀσθενείας
658 1847 828 1897 εἰπεῖν
861 1860 912 1895 τι
941 1842 973 1913 ἢ
1006 1841 1219 1910 δρᾶσαι.
1257 1840 1328 1890 Σὺ
1356 1837 1411 1890 δὲ
1447 1838 1541 1889 καὶ
1580 1852 1705 1889 παι-

1823 1842 1971 1881 mana
2002 1826 2316 1881 inﬁrmitate
2346 1828 2483 1881 nihil
2517 1829 2751 1883 dicerem
2784 1828 2866 1882 vel
2892 1829 3150 1884 facerem.
3180 1827 3260 1881 Tu
3291 1845 3377 1883 ine

144 1934 330 1998 δεύσας
378 1933 673 2003 ὑποστῆναι
703 1950 767 2003 με
800 1932 893 1985 καὶ
920 1932 1104 2002 φέρειν
1140 1929 1417 1998 ἐποίησας.
1467 1928 1522 1979 '0
1554 1924 1707 1990 εἰδὼς

145 2019 237 2091 τὴν
270 2020 463 2073 πλάσιν
497 2038 618 2091 μου,
653 2022 745 2074 καὶ
776 2023 871 2091 τὴν
898 2019 1177 2073 ἀσθένειαν
1204 2015 1494 2085 σύγγνωθι.

218 2113 477 2178 Ὀνειδος
506 2112 719 2181 ἄφρονι
756 2112 982 2177 ἔδωκάς
1011 2129 1120 2180 με,
1173 2128 1243 2188 κ..
1279 2123 1328 2163 τ.
1381 2112 1427 2163 ὲ.
1468 2110 1709 2181 Ἀφροαά

139 2222 304 2275 φησιν
335 2204 466 2275 (6‘2),
497 2204 553 2256 ὃν
582 2206 672 2256 καὶ
707 2204 914 2271 φθάσας
942 2203 1264 2274 ἁμαρτωλὸν
1289 2202 1496 2273 εἴρηκε.
1526 2204 1709 2271 Παρα-

140 2295 317 2349 δίὸωσι
350 2296 406 2349 δὲ
443 2298 470 2349 ὁ
501 2296 632 2358 Θεὸς
665 2298 743 2357 εἰς
775 2294 1074 2365 ὀνειδισμὸν
1094 2335 1107 2359 ,
1159 2294 1293 2365 πρὸς
1327 2294 1707 2364 ἐξομολόγησιν

145 2386 392 2458 μείζονα·
427 2388 565 2457 ὅπερ
611 2387 750 2451 ἀξιοῖ
793 2387 865 2457 μὴ
896 2388 1087 2439 παθεῖν
1131 2388 1159 2439 ό
1204 2386 1377 2440 ταῦτα
1407 2386 1600 2454 λέγων,
1634 2385 1709 2447 ὡς

140 2480 233 2548 ἀφ’
266 2478 456 2531 ἑαυτοῦ
487 2478 805 2547 ὲξομολογού
815 2495 972 2549 μενος
1002 2476 1140 2531 κατά
1169 2478 1231 2530 τὸ
1258 2476 1443 2531 δοκοῦν
1472 2476 1551 2547 τῷ
1567 2477 1705 2547 Θεῷ.

225 2659 569 2729 Ὲκωεεὼθην
599 2660 695 2713 καὶ
733 2660 842 2712 οὐκ
876 2658 1087 2728 irradia
1126 2656 1192 2711 τὸ
1229 2657 1422 2724 στόμα
1456 2671 1592 2725 μου,
1620 2655 1708 2709 ὅτι

138 2752 223 2805 σὺ
261 2752 571 2819 ἐποίησας,
606 2769 660 2804 κ.
690 2768 739 2803 τ.
770 2751 816 2803 ὲ.
848 2749 1078 2802 Δύναται
1110 2749 1203 2801 καὶ
1236 2747 1395 2800 τοῦτο
1416 2747 1526 2817 (65)
1569 2746 1708 2799 οὕτω

139 2843 394 2897 νοεῖσθαι”
438 2842 706 2899 Οὐδέποτε
740 2859 820 2894 σοι
852 2842 927 2906 ὡς
958 2840 1105 2894 ἄλλοι
1135 2838 1389 2909 προσῆψα
1438 2839 1513 2902 ὼς
1552 2839 1707 2908 αἰτίῳ

136 2936 240 2997 τὰς
270 2934 408 3003 ἐμὰς
431 2934 677 3004 ἀνομίας.
712 2934 805 2995 Εἰς
830 2932 985 2985 τοῦτο
1011 2930 1120 3000 γὰρ
1148 2930 1399 3010 οὐδέποτε
1440 2929 1500 2982 τὺ
1535 2929 1707 2998 στόμα

142 3045 247 3097 μου
272 3026 478 3097 ἧνοιξα,
500 3025 614 3077 ἀλλ’
645 3025 962 3094 ἐκωφώθην.

216 3120 344 3172 Ὅτι
391 3117 675 3186 πάροικος
712 3117 827 3187 ἐγώ
863 3120 977 3187 ειμι
1005 3117 1073 3170 ἐν
1108 3114 1183 3184 τῇ
1212 3114 1289 3184 τῇ
1325 3113 1421 3167 καὶ
1454 3112 1703 3182 παρεπί-

135 3211 360 3280 ὅημος,
408 3211 600 3276 καθὼς
638 3210 858 3276 πάντες
892 3214 944 3265 οι
992 3208 1240 3277 πατέρες
1263 3225 1418 3277 μου,
1460 3224 1515 3261 κ.
1559 3224 1612 3261 τ.
1657 3209 1705 3260 ἑ.

150 3302 212 3354 '0
248 3302 503 3365 πολλάκις
534 3301 700 3355 εἰπὼν
735 3301 879 3373 (64),
906 3317 925 3351 ‹
949 3300 1094 3373 Πλὴν
1139 3302 1430 3371 ματαιότης
1471 3302 1578 3364 πᾶς
1617 3301 1709 3354 άν-

136 3392 391 3463 θρωπος,
419 3412 437 3443 ι
478 3393 727 3461 ὁμολογεῖ
754 3391 1012 3462 πάροικος
1043 3387 1180 3443 εἶναι
1202 3429 1219 3454 ,
1254 3391 1447 3461 ἑτέραν
1478 3391 1536 3443 δὲ
1566 3389 1708 3461 ζωὴν

136 3483 456 3553 ἀναψύξεως
483 3480 614 3547 οἶδε,
647 3484 740 3535 καὶ
781 3483 918 3554 μετὰ
947 3480 1191 3551 δακρύων
1224 3482 1451 3535 ἱκετεύει
1483 3482 1707 3535 σπάνιον

137 3574 286 3628 κατά
317 3576 440 3638 τοὺς
471 3576 711 3646 πατέρας
742 3577 999 3646 πάροικον
1027 3570 1163 3627 εἶναι
1182 3613 1197 3637 ,
1229 3574 1322 3627 καὶ
1358 3577 1431 3644 μὴ
1481 3575 1707 3627 ἐνοικεῖν

132 3671 203 3739 τῇ
240 3667 486 3738 παρούσῃ
520 3666 654 3737 ζωῇ.
698 3666 821 3719 Ἐὰν
850 3662 975 3732 οὖν,
1017 3667 1167 3738 φησι,
1208 3668 1282 3737 μὴ
1317 3668 1460 3737 ἀφῇς
1490 3685 1577 3738 μοι
1606 3669 1706 3740 τὴν

126 3759 416 3829 ἁμαρτίαν
434 3797 449 3821 ,
489 3759 582 3811 καὶ
607 3757 862 3826 ἀναψύξω
892 3759 1021 3829 πρὶν
1046 3758 1298 3811 ἀπελθεῖν
1321 3761 1457 3822 ἐκεῖ,
1480 3761 1578 3830 οὐχ
1603 3759 1708 3826 ἔξω

131 3849 431 3919 μετανοίας
456 3849 663 3920 καιρὸν,
691 3849 809 3901 οὐδὲ
840 3846 1064 3920 ύπάρξω
1093 3852 1150 3903 ὲν
1181 3852 1246 3920 τῇ
1280 3850 1427 3921 παρά
1459 3852 1540 3903 σο¹ι
1571 3851 1704 3921 ζωῇ.

126 3941 215 3993 Ἠ
241 3980 255 4003 ,
297 3940 370 4004 ὡς
415 3942 511 4011 οὐχ
552 3942 901 4012 ὑπαρχόντων
978 3942 1345 4013 ἁμαρτωλῶν,
1388 3941 1600 3997 ἔσονται
1633 3942 1709 4005 ὡς

123 4034 246 4084 οῦκ
278 4032 443 4095 ὄντες.

220 4123 331 4177 Τοῦ
351 4124 555 4179 αὐτοῦ.
583 4126 789 4189 Πάντες
809 4127 858 4180 οἱ
883 4126 989 4180 τῶν
1015 4124 1123 4197 (65)
1144 4126 1362 4181 δικαίων
1389 4126 1464 4189 ὼς
1484 4125 1708 4179 δικαίων

129 4216 399 4286 πατέρες,
431 4218 680 4288 πάροικοί
707 4220 812 4271 εἰσι
840 4221 931 4273 καὶ
956 4219 1342 4290 παρεπίδημοι,
1370 4217 1526 4272 σκιὰν
1549 4218 1711 4290 ἡγού-

130 4324 300 4378 μενοι
325 4309 413 4362 τὸν
445 4311 558 4377 βίον
580 4310 671 4363 τὸν
703 4311 795 4363 ἐπὶ
821 4312 920 4381 τῆς
950 4311 1073 4382 γῆς.

217 4446 331 4514 (58)
359 4446 547 4513 Πέρας
573 4447 729 4513 ἐστι,
757 4460 860 4505 elc.
890 4450 1054 4504 Idem.

214 4514 331 4586 (59)
368 4519 442 4569 Τὰ
475 4519 798 4585 σωματικά,
830 4530 936 4574 etc.
963 4519 1128 4572 Idem.

221 4583 335 4655 (60)
361 4586 485 4652 Πᾶς
523 4583 850 4655 ἄνθρωπος,
886 4599 992 4641 etc.
1051 4589 1253 4642 Catena
1295 4584 1563 4649 Corderii,
1614 4583 1707 4637 sed

127 4655 392 4724 pleniora
427 4659 585 4710 habet
622 4661 825 4712 Catena
858 4657 1080 4711 Barbari
1110 4675 1122 4710 :
1150 4657 1334 4711 Omnis
1363 4657 1515 4708 homo
1537 4655 1707 4708 vivens

127 4727 197 4778 in
238 4726 458 4793 imagine
490 4729 799 4793 pertransit,
836 4728 911 4781 vel
942 4739 1199 4794 quatenus
1232 4728 1285 4778 id
1317 4734 1489 4779 servat
1530 4733 1578 4776 et
1630 4739 1710 4774 re-

127 4795 278 4865 tinet
307 4798 442 4862 quod
472 4806 545 4848 est
575 4797 642 4847 ad
670 4795 760 4849 Dei
792 4799 1093 4865 imaginem,
1143 4797 1231 4863 qui
1262 4795 1546 4861 pertransit
1592 4809 1711 4858 pro-

126 4863 393 4929 ﬁciendo,
426 4872 519 4918 hoc
552 4867 605 4918 in
633 4866 810 4934 divina
862 4863 1087 4933 imagine
1131 4866 1280 4934 facit,
1332 4880 1448 4917 cum
1488 4866 1555 4934 sit
1592 4878 1713 4913 con-

125 4934 334 5005 [armis
369 4934 584 5005 imagini
623 4933 757 5005 Filii
802 4934 935 4999 Dei;
974 4932 1065 4987 rel
1114 4932 1368 5005 quatenus
1407 4932 1711 5005 similisnesl

124 5000 317 5073 alicui
356 5000 593 5073 animali,
630 5003 709 5057 vel
734 5068 737 5071 _
763 5022 891 5073 equo
938 5000 1135 5057 amore'
1161 5005 1375 5073 furenti,
1418 5003 1493 5055 vel
1528 5000 1715 5054 bellua:

124 5071 312 5123 alicui
350 5072 495 5139 cujus
530 5089 694 5125 mores
724 5071 975 5127 imitetur.

217 5140 334 5210 (61)
367 5142 450 5195 Σύ
473 5159 575 5211 μοι
610 5143 676 5196 τὸ
705 5144 1016 5209 δύνασθαι,
1057 5154 1163 5199 etc.
1193 5144 1390 5199 Catena
1418 5140 1686 5196 Corderii.

217 5212 337 5281 (6‘2)
371 5213 624 5280 ’Ἃειρονά
650 5230 859 5282 φησιν,
894 5224 997 5267 etc.
1036 5215 1255 5267 Eadem.

214 5282 334 5350 (63)
360 5284 610 5336 Δύναται
643 5284 738 5337 καὶ
766 5284 958 5346 τοῦτο.
998 5296 1102 5339 etc.
1133 5283 1355 5338 Eadem.

215 5353 335 5422 (64)
375 5353 429 5405 '0
465 5354 760 5419 πολλάκις
805 5353 1004 5417 εἰπών,
1067 5364 1171 5409 etc.
1219 5353 1439 5408 Eadem.
1476 5353 1530 5405 In
1568 5352 1710 5405 hunc

125 5437 333 5484 autem
358 5438 568 5478 versum
597 5425 740 5477 aliud
767 5425 1008 5478 scholion
1035 5425 1195 5479 habet
1216 5425 1415 5479 Catena
1450 5423 1705 5477 Barbari:

123 5502 354 5555 Causas
380 5505 581 5557 narrat,
611 5496 794 5563 quibus
826 5494 922 5547 Dei
962 5495 1318 5548 misericordia
1345 5497 1532 5564 dignus
1558 5492 1709 5544 homo

122 5566 345 5619 censeri
386 5565 588 5620 debeat.
646 5564 777 5628 Quis
835 5567 968 5617 enim
1008 5566 1203 5633 estqui
1264 5565 1486 5618 incolam
1554 5577 1708 5615 suum

1708 5732 1775 5749 -ο

1811 1917 2081 1972 sustinere
2109 1916 2341 1971 docuisti
2392 1932 2455 1971 ac
2487 1916 2631 1971 ferre
2671 1917 2866 1972 fecisti.
2906 1916 3039 1972 Cum
3068 1918 3281 1974 noveris
3310 1918 3374 1971 li-

1810 2018 2085 2079 gmeutum
2116 2025 2314 2076 meum,
2342 2011 2504 2066 etiam
2537 2009 2889 2065 imbecillitati
2924 2012 3160 2080 ignosce.

1880 2100 2046 2156 Vens.
2079 2101 2133 2158 9.
2178 2100 2524 2170 Opprobrium
2572 2103 2838 2171 insipienti
2884 2104 3079 2157 dedisti
3116 2119 3216 2166 me,
3264 2114 3373 2159 etc.

1810 2194 2153 2265 lnsipientem
2181 2204 2356 2259 vocat,
2384 2211 2543 2264 quem
2580 2204 2735 2250 antea
2766 2205 3102 2264 peccatorem
3135 2197 3376 2266 appella-

1810 2296 1980 2341 verat.
2027 2286 2217 2341 Tradit
2246 2297 2424 2341 autem
2457 2287 2597 2341 Deus
2626 2288 2678 2340 in
2715 2286 3064 2357 opprobrium
3108 2289 3174 2342 ad
3210 2286 3371 2355 majo-

1812 2394 1925 2434 rem
1959 2378 2361 2433 confessionem
2393 2398 2405 2431 :
2445 2379 2587 2448 quod
2637 2393 2705 2433 ne
2741 2379 2838 2449 ipsi
2899 2380 3131 2443 accidat,
3186 2380 3379 2446 depre-

1809 2480 1962 2525 catur
1987 2471 2031 2525 is
2067 2471 2156 2540 qui
2193 2472 2309 2525 hare
2359 2471 2509 2537 dicit,
2540 2479 2724 2540 utpote
2754 2481 2947 2541 sponte
2971 2486 3064 2526 sua
3099 2470 3379 2527 confessu-

1810 2580 1901 2618 rus
1928 2564 2224 2619 secundum
2262 2562 2657 2632 beneplacitum
2692 2563 2809 2617 Dei.

1881 2655 2044 2709 Vens.
2076 2654 2165 2708 10.
2202 2654 2451 2709 Obmutui
2478 2667 2525 2708 et
2559 2671 2662 2708 non
2692 2654 2877 2721 aperui
2920 2670 2981 2708 os
3025 2670 3218 2721 meum,
3248 2671 3381 2726 quo-

1809 2748 1950 2801 niam
1979 2758 2034 2800 tu
2062 2746 2253 2816 fecisti.
2279 2756 2385 2800 etc.
2419 2746 2602 2799 Potest
2636 2755 2692 2800 et
2718 2745 2845 2799 illud
2875 2746 2955 2801 sic
2984 2746 3208 2815 intelligi
3239 2746 3380 2801 :Ne—

1808 2856 2077 2910 quaquam
2130 2839 2224 2893 tibi
2268 2848 2324 2892 ut
2360 2838 2569 2893 auctori
2612 2838 2929 2908 iniquitates
2964 2853 3111 2893 meas
3150 2840 3377 2909 ascripsi

1807 2943 1865 2986 ut
1891 2933 1979 2986 alii
2014 2933 2279 2986 fecerunt.
2327 2933 2407 2986 Ad
2458 2932 2559 2987 hoc
2602 2932 2746 2985 enim
2802 2948 3075 3002 nunquam
3105 2948 3169 2988 os
3198 2948 3375 2989 meum

1810 3024 2017 3094 aperui,
2056 3024 2152 3079 sed
2186 3024 2454 3078 obmutui.

1882 3114 2042 3169 Vens.
2085 3116 2172 3171 l3.
2213 3114 2478 3179 Quoniam
2521 3115 2725 3168 advena
2768 3131 2862 3185 ego
2901 3132 3016 3169 sum
3059 3118 3113 3169 in
3156 3127 3297 3171 terra
3330 3130 3380 3171 et

1810 3208 2132 3277 peregrinus,
2164 3207 2302 3259 sicut
2341 3223 2519 3260 omnes
2561 3218 2734 3275 patres
2765 3208 2883 3274 mei,
2927 3217 3033 3263 etc.
3078 3208 3177 3274 Qui
3212 3225 3382 3278 sarpe-

1814 3313 2037 3352 nnmero
2076 3298 2244 3361 dixit,
2287 3296 2652 3351 Verumtamen
2699 3300 2906 3352 vanitas
2944 3301 3130 3353 omnis
3186 3301 3376 3366 homo,

1814 3391 2015 3444 fatetur
2047 3405 2105 3444 se
2137 3390 2398 3443 advenam
2429 3404 2582 3451 esse;
2626 3390 2853 3443 alteram
2885 3401 3065 3444 autem
3092 3392 3381 3461 refrigera-

1814 3480 1974 3532 tionis
2013 3478 2180 3531 vitam
2226 3479 2409 3541 novit,
2467 3490 2523 3533 et
2574 3492 2696 3533 cum
2743 3479 2994 3549 lacrymis
3031 3493 3282 3549 precatur
3323 3496 3383 3537 ιιι

1815 3587 1972 3625 rarus
2004 3571 2076 3624 sit
2108 3572 2404 3625 secundum
2462 3579 2645 3637 patres
2681 3572 2888 3625 advena
2911 3612 2926 3636 ,
2976 3583 3030 3626 et
3078 3587 3183 3626 non
3221 3574 3381 3628 inha-

1812 3662 1948 3716 bitet
1997 3664 2160 3715 vitam
2214 3671 2554 3730 praesentem.
2614 3661 2725 3715 Nisi
2789 3662 2982 3729 igitur,
3035 3665 3245 3732 inquit,
3301 3667 3383 3719 dia

1813 3756 2026 3810 miseris
2067 3756 2197 3811 mihi
2236 3767 2541 3826 peceatum,
2589 3766 2645 3811 et
2688 3755 3042 3828 refrigeratus
3086 3758 3239 3814 fuero
3286 3777 3383 3814 an-

1815 3856 2027 3916 tequam
2063 3862 2128 3902 eo
2167 3848 2386 3914 vadam,
2414 3864 2518 3902 non
2556 3849 2767 3904 habebo
2806 3860 3013 3918 tempus
3059 3852 3379 3921 paenitendi,

1816 3952 1990 4005 neque
2024 3939 2079 3992 in
2112 3939 2219 3993 vita
2259 3939 2348 3992 illa
2385 3940 2524 4007 apud
2563 3949 2614 3995 te
2664 3956 2839 4009 agam.
2875 3940 2972 3995 Vel
2996 3983 3010 4003 ,
3061 3944 3214 4011 quasi
3275 3960 3379 3997 non

1815 4027 2081 4084 exsistant
2102 4033 2436 4096 peccatores,
2469 4036 2633 4081 erunt
2658 4030 2814 4096 quasi
2842 4043 2951 4081 non
2981 4028 3111 4082 sint.

1886 4116 2161 4185 Ejusdem.
2212 4114 2413 4172 Omnes
2452 4116 2721 4184 jnstorum
2768 4127 2827 4169 ut
2875 4116 3147 4185 jnstorum
3200 4125 3381 4185 patres

1817 4211 2038 4263 advenae
2070 4218 2197 4262 sunt
2229 4218 2279 4262 et
2313 4208 2615 4276 peregrini,
2650 4209 2896 4263 umbram
2950 4216 3262 4276 reputantes
3302 4206 3384 4258 vi-

1818 4311 1926 4354 tam
1968 4316 2087 4369 ιιιιεε
2120 4311 2201 4355 est
2227 4316 2388 4368 super
2417 4310 2640 4353 terram.

1743 4451 1787 4505 ῃ
1817 4455 1918 4491 ηοη
1971 4437 2325 4491 misericordia
2360 4440 2745 4508 prosequatur?
2783 4436 3009 4508 Sedcu-r
3058 4436 3255 4508 incola,
3288 4445 3381 4488 aut

1816 4510 2012 4560 advena
2060 4508 2212 4559 homo
2257 4508 2386 4559 est?
2428 4504 2688 4570 Quoniam
2723 4507 2933 4573 quando
2956 4505 3177 4574 jusserit
3215 4504 3375 4570 Deus,

1815 4576 1971 4629 homo
2029 4577 2218 4643 migrat
2274 4586 2521 4644 tanquam
2576 4576 2638 4627 de
2668 4578 2823 4627 domo
2856 4577 2911 4627 in
2952 4585 3163 4627 domum
3192 4577 3257 4627 ab
3287 4579 3382 4627 hoc

1815 4645 2007 4699 swculo
2034 4646 2088 4697 in
2108 4647 2368 4712 futurum.
2395 4645 2654 4697 Caeterum
2677 4660 2780 4696 non
2806 4645 3231 4713 ὲπίδημος,(ιιιοι1
3256 4646 3383 4697 sim-

1814 4716 2019 4784 pliciter
2062 4715 2387 4780 peregrinum
2430 4724 2607 4774 sonat,
2655 4714 2745 4784 sed
2794 4713 3172 4784 παρεπίδημον
3223 4716 3381 4767 dixit.

1820 4781 1951 4837 Nam
2010 4786 2245 4851 quandiu
2304 4797 2499 4849 corpus
2558 4781 2893 4847 incolimus,
2944 4781 3382 4851 quemadmodum

1822 4850 2040 4906 Paulus
2074 4854 2173 4915 ait,
2218 4853 2626 4921 peregrinamur
2673 4866 2701 4904 a
2738 4852 2985 4907 Domino.
3031 4850 3181 4904 Unde
3213 4854 3384 4906 sancti

1812 4923 1931 4975 hinc
1961 4924 2221 4990 emigrare
2254 4921 2593 4989 festinarunt,
2616 4933 2669 4972 ut
2706 4938 2821 4975 cum
2853 4924 2960 4975 Deo
2984 4922 3339 4975 inhabitarent
3364 4962 3381 4986 ,

1814 5008 1941 5061 quos
1972 5004 2145 5057 patres
2176 5008 2320 5054 suos,
2354 5007 2457 5043 non
2495 4990 2659 5059 juxta
2695 5008 2903 5045 carnem
2937 5002 3161 5048 tantum.
3197 4992 3285 5043 sed
3320 4993 3381 5042 ob

1810 5062 2005 5115 similes
2038 5065 2248 5113 virtutes
2288 5061 2539 5128 propheta
2571 5062 2879 5115 nominavit.
2913 5063 2977 5115 Et
3010 5061 3239 5128 amplius
3273 5076 3378 5112 non

1813 5148 1930 5185 ero.
1965 5131 2107 5183 Nam
2141 5131 2501 5198 peccatoribus
2525 5131 2735 5198 perinde
2781 5149 2843 5184 ac
2866 5148 2965 5183 non
2994 5130 3119 5193 sint,
3153 5130 3382 5182 dicitur:

1808 5211 1972 5254 erunt
1999 5211 2253 5267 tanquam
2278 5201 2367 5268 qui
2402 5215 2505 5253 non
2538 5212 2686 5253 sunt.
2717 5201 2784 5253 Et
2814 5219 2832 5252 .'
2858 5217 2917 5255 ea
2946 5216 3066 5268 (line
3098 5216 3203 5251 non
3233 5212 3380 5261 sunt,

1814 5270 2029 5323 vocavit
2064 5271 2221 5329 Deus,
2259 5280 2512 5338 tanquam
2550 5285 2611 5322 ea
2644 5285 2762 5337 qna:
2792 5284 2939 5324 sunt.
2980 5269 3152 5332 Quare
3191 5269 3375 5320 Darni-

1818 5354 1940 5391 num
1986 5340 2149 5392 Deum
2190 5348 2420 5391 nostrum
2455 5342 2861 5407 subsequantur,
2894 5341 3158 5406 eidemque
3204 5340 3380 5391 adiuv.

1816 5424 2042 5472 reamus,
2073 5421 2125 5460 ut
2160 5425 2273 5462 vere
2301 5425 2409 5462 esse
2444 5409 2720 5475 possimus.

1888 5478 1998 5549 (65)
2034 5477 2261 5543 Πάντες
2293 5482 2344 5531 οὶ
2373 5477 2508 5543 τῶν,
2540 5489 2647 5533 ctc.
2679 5478 2855 5532 Codex
2889 5475 3273 5532 Coislinianus.
