3808 6488
459 279 586 335 1591

471 416 2534 447 __________________._______________._._

1860 277 1948 331 EX
1989 274 2290 332 ORiGENE

3573 273 3588 321 I
3598 272 3684 325 392

1369 560 1950 654 OBIGENIS
1990 553 2763 647 EXPLANATIO

1125 720 1332 797 Super
1378 716 1694 796 psalmum
1744 712 2154 791 trigesimum
2194 717 2528 784 octavum,
2569 709 2680 787 qui
2743 708 3034 769 dicitur:

1664 815 1792 868 Dixi
1809 831 1824 866 :
1840 812 2151 869 Custodiam
2179 812 2288 865 rias
2321 827 2484 864 meas.

2017 954 2089 972 -.1

860 1091 1020 1163 391
1058 1087 1337 1145 llOMlLlA
1366 1087 1600 1142 PRIMA.

523 1187 676 1242 Sicut
720 1200 861 1240 unus
907 1184 1070 1238 homo
1120 1182 1337 1253 prolicit
1393 1181 1688 1235 secundum
1738 1178 1940 1245 Deum,
1970 1188 2023 1232 et

467 1278 692 1334 "sudium
739 1276 843 1331 sibi
877 1275 1145 1330 adhibens
1189 1274 1382 1328 melior
1426 1273 1604 1340 scipso
1649 1270 1912 1335 edicitur,
1949 1271 2022 1324 ita

461 1370 614 1430 uiam
663 1368 860 1438 populo
894 1367 1146 1421 universo
1193 1365 1493 1420 accidebat.
1523 1363 1753 1432 Propter
1793 1363 1935 1431 quod
1970 1370 2024 1414 et

451 1462 569 1528 ipso
599 1459 956 1531 proliciente,
991 1458 1156 1512 etiam
1198 1455 1330 1525 legis
1371 1455 1420 1508 ei
1453 1454 1614 1509 ﬁebat
1647 1461 2020 1525 augmentum.

451 1556 699 1626 Denique
742 1555 1016 1624 quomodo
1059 1553 1112 1606 in
1161 1551 1276 1620 lege
1320 1552 1577 1620 scriptum
1609 1561 1722 1616 est,
1756 1561 2022 1621 prazcepta

451 1648 698 1717 quaedam
743 1644 1115 1702 sacerdotibus
1145 1653 1272 1700 sunt
1305 1655 1359 1698 et
1397 1644 1604 1699 Levitis
1641 1645 1708 1699 de
1739 1644 2047 1700 sacriﬁciis-

451 1738 774 1805 eaeterisque
793 1736 1127 1792 solemnibus
1157 1751 1172 1787 :
1221 1750 1407 1790 verum
1446 1750 1568 1790 eum
1602 1735 1890 1805 proliceret
1924 1751 2022 1805 po-

454 1829 612 1898 pulus
637 1843 702 1882 eo
737 1837 982 1897 tempore
1009 1841 1117 1895 quo
1153 1826 1328 1880 inerat
1354 1828 1402 1881 ei
1435 1827 1608 1882 virtus
1649 1827 1825 1882 adhuc
1857 1827 2026 1894 proli—-

454 1919 657 1985 eiendi,
684 1933 790 1973 non
830 1918 981 1973 stetit
1006 1933 1095 1973 res
1121 1918 1174 1972 in
1202 1917 1294 1972 illo
1322 1917 1498 1987 primo
1523 1919 1742 1982 ordine,
1778 1919 1871 1974 sed
1907 1919 2026 1972 alii»

451 2021 592 2081 gata:
617 2021 740 2065 sunt
781 2011 884 2066 illis
920 2011 1308 2065 eminentiores
1352 2011 1597 2079 quadam
1653 2011 2024 2080 legislationes

453 2101 694 2156 secundo
733 2110 790 2154 et
828 2100 1006 2156 tertio.
1039 2101 1108 2156 Et
1146 2103 1192 2156 si
1227 2103 1354 2170 quis
1401 2103 1514 2156 vult
1564 2105 1705 2159 scire
1739 2120 1857 2174 qum
1900 2115 2026 2159 sunt

453 2191 555 2246 ista
583 2206 704 2262 quae
731 2192 799 2246 de
839 2193 1212 2248 sacerdotibus
1263 2210 1326 2248 ac
1363 2195 1570 2250 Levitis
1617 2196 1829 2264 adjecta
1889 2197 2021 2260 sint,

453 2283 594 2353 legat
626 2283 856 2353 primum
890 2284 1088 2339 librum
1134 2284 1582 2356 Paralipomenon
1607 2326 1622 2352 ,
1656 2297 1712 2342 et
1757 2287 2026 2356 patienter

453 2376 943 2446 inspieiatomnem
975 2376 1122 2430 illum
1165 2379 1467 2449 catalogum
1503 2379 1814 2443 nominum,
1855 2391 1909 2432 et
1940 2378 2023 2431 in-

449 2471 635 2525 veniet
663 2470 733 2524 ibi
756 2471 1135 2526 sdmirandum
1159 2473 1450 2540 quemdam
1478 2473 1724 2528 ordinem
1756 2480 1811 2526 et
1835 2471 2021 2526 distri-

451 2562 727 2616 butionem
762 2562 995 2617 tribuum
1025 2577 1128 2632 pro
1159 2578 1257 2618 suo
1299 2580 1516 2633 quoque
1552 2563 1768 2619 nomine
1807 2572 1861 2618 et
1903 2564 2023 2619 loco

451 2653 781 2720 praecipuum
824 2653 954 2722 quid
991 2653 1044 2708 in
1076 2653 1304 2709 solemni
1349 2655 1540 2710 ordine
1585 2669 1706 2708 esse
1748 2653 2019 2708 sortitam.

455 2743 562 2798 Sed
592 2754 647 2798 et
672 2743 885 2798 Levitas
908 2755 964 2799 et
991 2749 1310 2800 sacerdotes
1357 2746 1595 2799 inveniet
1643 2745 1874 2800 diversis
1908 2743 2024 2799 otii-

452 2837 554 2890 ciis
581 2844 743 2904 atque
770 2835 1056 2892 ordinibus
1093 2836 1418 2892 distributos
1445 2837 1491 2868 "
1520 2875 1538 2902 ,
1578 2844 1638 2890 ut
1675 2836 1764 2890 alii
1802 2836 2018 2905 quidem

454 2925 566 2979 sint
594 2926 661 2978 ad
685 2925 1004 2995 aperiendas
1029 2925 1229 2996 januas
1254 2926 1434 2995 templi
1461 2928 1760 2996 praepositi,
1790 2926 1880 2981 alii
1904 2927 2026 2996 qui-

453 3016 556 3070 bus
608 3015 791 3072 claves
840 3016 1136 3071 creduntur
1159 3057 1174 3083 ,
1209 3017 1331 3071 aliis
1378 3018 1769 3073 sacriﬁciorum
1800 3027 1855 3074 et
1889 3019 2022 3072 alta-

447 3105 593 3160 arium
617 3120 746 3158 cura
777 3106 1154 3160 committitur.
1206 3105 1272 3162 Et
1315 3106 1484 3161 multa
1518 3117 1642 3163 sunt
1673 3123 1795 3178 qua:
1837 3123 1904 3163 ex
1956 3108 2023 3163 il-

449 3196 559 3252 lius
583 3196 704 3251 libri
740 3197 965 3252 historia
999 3210 1284 3266 possumus
1330 3197 1514 3252 dicere
1555 3199 1621 3254 de
1662 3200 2020 3255 sacerdotali-

452 3287 555 3344 bus
611 3289 893 3344 institutis.
934 3288 990 3342 Si
1047 3289 1171 3358 quis
1203 3302 1335 3358 ergo
1381 3290 1651 3358 inspicere
1681 3301 1856 3360 potest
1882 3309 2020 3363 quo-

451 3380 612 3434 modo
652 3380 946 3451 exemplari
975 3419 990 3444 ,
1020 3389 1077 3434 et
1121 3382 1326 3436 umbra:
1355 3377 1659 3438 caelestium
1706 3383 2022 3442 deserviunt

449 3469 619 3526 Judaei
654 3472 733 3535 ’⁷,
776 3473 1034 3526 ascendat
1064 3472 1130 3526 ab
1165 3473 1410 3528 inferiori
1449 3474 1602 3529 verbi
1637 3475 1914 3545 crepidine
1952 3479 2020 3531 ad

451 3577 664 3616 summa
695 3561 810 3631 eius
838 3578 903 3618 ac
933 3563 1216 3634 superiora
1241 3564 1458 3632 fastigia
1480 3605 1494 3631 ,
1531 3575 1588 3621 et
1623 3567 2020 3636 contempletur

448 3669 516 3707 ex
545 3653 608 3708 iis
656 3653 824 3710 futuri
852 3656 1146 3717 sacerdotii
1183 3665 1387 3712 statum
1420 3665 1476 3711 et
1513 3656 1835 3712 electionem
1873 3658 2016 3712 illam

2050 1089 2096 1144 Α
2125 1097 2243 1137 esse
2273 1097 2338 1137 ex
2364 1081 2450 1137 his
2471 1077 2669 1150 quibus
2709 1078 3035 1148 hymnorum
3079 1073 3326 1130 studium
3361 1071 3462 1126 Dei
3506 1087 3572 1127 ac
3597 1072 3685 1126 sol-

2123 1176 2343 1231 licitudo
2371 1172 2660 1228 commissa
2689 1179 2794 1224 est.
2827 1167 3080 1237 Oportuit
3115 1181 3250 1236 ergo
3276 1179 3379 1220 nos
3423 1164 3696 1218 invenien-

2125 1278 2203 1323 tes
2236 1268 2338 1323 hoc
2363 1281 2558 1322 nomen
2595 1262 2788 1334 psalmi
2819 1259 3172 1332 superscripti
3193 1298 3209 1323 ,
3246 1257 3550 1313 ostendere
3587 1258 3695 1324 quis

2123 1359 2286 1414 fuerit
2314 1359 2418 1413 iste
2440 1356 2673 1410 ldithum
2693 1395 2708 1420 ,
2740 1364 2794 1411 et
2816 1351 3087 1422 quomodo
3113 1361 3236 1420 post
3253 1351 3494 1419 primam
3516 1347 3696 1413 legem.

2123 1449 2356 1506 secunda
2384 1446 2526 1503 facta
2552 1448 2626 1501 sit
2654 1447 2721 1502 de
2749 1444 3222 1502 observationibus
3265 1438 3697 1496 sacerdoulibus

2122 1541 2410 1597 ordinatio.
2455 1539 2608 1609 Apud
2655 1537 2876 1592 Grzccos
2917 1535 3225 1604 quicunque
3291 1532 3586 1590 carmina,
3627 1534 3695 1581 γςι

2123 1650 2285 1690 sonos
2347 1634 2582 1690 musicos
2645 1627 3097 1695 conscribebant,
3138 1626 3344 1697 quibus
3404 1626 3490 1679 eis
3542 1625 3694 1676 visum

2123 1726 2311 1781 fuisset
2347 1726 2401 1779 in
2430 1739 2600 1794 agone
2645 1738 2707 1778 ea
2751 1721 2991 1776 canenda
3019 1719 3365 1790 praestabant
3387 1733 3406 1772 :
3443 1728 3505 1770 et
3552 1716 3698 1770 ﬁebat

2123 1829 2183 1873 ut
2205 1817 2343 1873 alius
2377 1816 2596 1886 quidem
2625 1824 2984 1870 coronaretur
3012 1814 3064 1866 in
3105 1825 3320 1880 agone,
3358 1810 3508 1862 alius
3534 1818 3694 1860 autem

2125 1911 2318 1967 victori
2353 1909 2724 1966 conscriberet
2767 1919 3014 1962 carmen.
3046 1903 3103 1958 lu
3143 1902 3384 1957 Psalmis
3420 1916 3557 1970 ergo
3600 1900 3696 1966 (δὸ)

2125 2003 2318 2057 divina:
2357 2001 2650 2070 Scriptura:
2678 2000 2987 2069 quicunque
3015 1995 3378 2065 superscripti
3409 1991 3693 2048 secundum

2125 2094 2824 2165 Septuagintainterpretes
2845 2131 2858 2156 ,
2887 2092 2944 2144 in
2966 2090 3145 2158 linem,
3187 2087 3333 2157 apud
3370 2086 3516 2139 alios
3553 2088 3695 2137 ricta-

2125 2187 2305 2250 riales,
2336 2185 2418 2241 vel
2447 2186 2516 2240 ad
2536 2186 2827 2248 victoriam,
2853 2184 2936 2238 vel
2964 2182 3150 2236 victori
3174 2179 3544 2233 attitulantur
3569 2216 3587 2241 ,
3617 2193 3694 2244 pro

2123 2294 2190 2333 eo
2217 2278 2469 2333 videlicet
2509 2278 2653 2348 quod
2678 2277 2825 2333 velut
2864 2276 3107 2330 victoria:
3149 2273 3269 2327 laus
3321 2273 3378 2325 in
3412 2271 3557 2340 ipsis
3583 2270 3693 2321 inie-

2130 2377 2302 2423 ratur.
2357 2367 2510 2424 Fecit
2561 2383 2692 2440 ergo
2741 2367 2908 2423 David
2946 2367 3131 2420 divino
3187 2364 3404 2433 Spiritu
3470 2360 3688 2430 repletus

2125 2460 2390 2530 psalmum
2420 2461 2601 2528 hunc,
2631 2470 2687 2516 et
2715 2461 2862 2516 dedit
2901 2459 3136 2513 ldithum
3160 2498 3175 2522 ,
3213 2458 3301 2512 cui
3336 2454 3587 2510 eliciam
3619 2471 3693 2507 rs-

2127 2551 2290 2606 noudi
2347 2550 2457 2606 Deo
2513 2551 2750 2620 hymnos
2788 2548 2986 2604 'fuerat
3045 2549 3389 2618 injunctum,
3451 2555 3692 2612 tanquam

2124 2646 2341 2715 pollenti
2381 2646 2434 2700 in
2459 2646 2769 2715 huiusmodi
2802 2644 3116 2714 disciplina.
3170 2641 3240 2696 Et
3284 2641 3416 2697 ideo
3444 2657 3586 2711 ergo
3612 2657 3690 2694 sn-

2123 2738 2508 2806 perscribitur:
2547 2738 2613 2791 In
2644 2739 2802 2805 ﬁnem
2837 2752 2930 2805 pro
2966 2733 3207 2788 ldithum
3242 2733 3495 2802 psalmus
3526 2732 3690 2785 Doris.

2193 2831 2246 2886 5.
2283 2831 2389 2887 Sed
2425 2846 2568 2885 nunc
2603 2831 2714 2900 jam
2778 2830 3057 2882 videamus
3107 2827 3240 2896 quid
3300 2841 3409 2880 vox
3470 2826 3693 2895 proferat

2120 2924 2292 2995 justi,
2330 2934 2384 2978 et
2411 2923 2654 2978 videntes
2689 2932 2947 2990 tanquam
2983 2921 3035 2974 in
3081 2919 3306 2989 speculo
3344 2919 3692 2984 nosmetipsos

2128 3016 2441 3069 intueamur
2488 3014 2531 3068 si
2567 3014 2836 3082 possimus
2884 3011 3018 3066 tales
3055 3025 3213 3075 esse,
3253 3019 3354 3063 aut
3401 3013 3448 3064 si
3485 3011 3690 3062 multum

2122 3107 2279 3161 nobis
2312 3107 2498 3170 deest,
2544 3115 2636 3160 aut
2687 3114 2833 3160 certe
2874 3105 2986 3174 jam
3037 3105 3273 3172 proximi
3324 3102 3690 3165 sumus,iicet

2121 3198 2355 3252 nondum
2381 3197 2540 3267 plene
2560 3197 2795 3252 assecuti
2827 3210 3032 3250 sunms.
3061 3195 3338 3262 Quoniam
3374 3194 3549 3262 igitur
3575 3193 3690 3245 ml-

2123 3299 2300 3345 torum
2323 3289 2439 3360 (67)
2459 3299 2803 3359 peccatorum
2829 3288 3040 3342 initium
3075 3289 3349 3340 humanus
3379 3297 3469 3339 est
3506 3299 3688 3346 sermo,

2121 3388 2175 3436 et
2221 3395 2283 3435 os
2337 3391 2582 3434 nostrum
2634 3378 2816 3433 multis
2869 3377 3029 3432 malis
3073 3377 3357 3431 ministrat
3386 3417 3402 3438 ,
3453 3389 3512 3430 et
3556 3378 3689 3429 valde

2120 3472 2338 3528 difﬁcile
2358 3482 2442 3528 est
2468 3472 2698 3526 inveniri
2733 3471 3049 3534 hominem,
3077 3471 3167 3537 qui
3199 3485 3309 3522 una
3343 3469 3545 3522 saltem
3574 3470 3686 3520 hora

2118 3579 2181 3620 os
2213 3581 2370 3619 suum
2397 3574 2450 3618 et
2479 3565 2712 3633 linguam
2743 3577 2891 3616 suam
2923 3567 3178 3618 observet
3212 3579 3242 3616 a
3277 3571 3516 3631 peccato
3539 3599 3556 3622 ,
3589 3563 3686 3612 ait:

2120 3657 2593 3713 Dixi:Custodiam
2627 3660 2738 3711 vias
2767 3675 2940 3722 nicas,
2970 3668 3026 3710 ut
3058 3674 3162 3710 non
3193 3674 3408 3724 peccem
3440 3659 3497 3710 in
3529 3659 3686 3724 lingu

449 3743 761 3810 caelestem,
791 3757 956 3815 atque
983 3745 1115 3802 inibi
1151 3747 1606 3816 contemplabitur
1652 3748 1743 3818 qui
1773 3757 1901 3802 sunt
1929 3749 2017 3804 isti
2045 3775 2087 3831 ο
2121 3765 2258 3803 mea.
2300 3747 2431 3804 Mihi
2477 3749 2578 3819 ipsi
2619 3751 2765 3812 dixi,
2794 3759 2848 3803 et
2889 3751 3030 3804 intra
3088 3765 3175 3803 me
3212 3750 3442 3803 locutus
3474 3761 3687 3808 sum.“

446 3835 667 3890 ordines
721 3837 1122 3903 sacerdotales,
1166 3839 1250 3896 vel
1292 3855 1412 3909 qua:
1444 3840 1556 3894 sint
1598 3838 1771 3894 olIieia
1805 3837 2018 3893 Levita-

445 3941 566 3981 rum
597 3942 716 3996 qua:
760 3929 814 3982 in
845 3927 1161 3985 cmlestibus
1211 3931 1529 3986 ministeriis
1559 3929 1890 3985 exhibentur
1912 3969 1929 3996 ,
1961 3939 2020 3983 et

446 4019 633 4070 omnia
662 4019 714 4072 in
747 4018 901 4074 emlis
937 4031 1118 4076 mente
1141 4021 1428 4090 eonjiciet,
1462 4037 1582 4091 quae
1610 4021 1854 4091 deposita
1885 4021 2019 4075 vidit

447 4109 500 4160 in
537 4108 719 4162 terris.
748 4109 866 4164 Erit
915 4112 1056 4164 enim
1104 4121 1158 4168 et
1203 4113 1274 4167 ibi
1307 4112 1570 4182 populus,
1623 4123 1678 4166 et
1705 4126 1773 4166 ex
1818 4111 2015 4181 populo

448 4201 539 4252 Dei
597 4200 758 4255 electi
795 4201 1094 4268 Levitze,et
1132 4217 1198 4258 ex
1237 4205 1322 4259 his
1366 4220 1585 4278 rursum,
1621 4204 1776 4258 electi
1803 4213 1858 4259 et
1899 4205 2017 4258 exi-

446 4291 539 4344 mii
589 4293 930 4360 sacerdotes,
979 4302 1033 4347 et
1080 4295 1423 4348 sacerdotum
1471 4294 1820 4349 nihilominus
1866 4291 2018 4346 dilic-

447 4385 636 4440 reutite
677 4386 1121 4455 quamplurimas:
1154 4387 1294 4441 sicut
1342 4387 1393 4440 in
1428 4387 1601 4456 primo
1644 4385 1781 4440 libro
1808 4384 2013 4438 Parali-

447 4491 712 4542 pomenon
745 4476 1019 4534 indicatur
1044 4478 1233 4549 viginti
1261 4488 1494 4547 quatuor
1517 4492 1639 4532 esse
1671 4477 1892 4532 ordines
1925 4493 2017 4530 sa-

447 4569 762 4636 cerdotum,
793 4569 928 4625 alios
984 4570 1203 4638 quidem
1245 4571 1345 4625 sub
1377 4569 1660 4634 Eleazaro,
1698 4569 1832 4623 alios
1884 4583 2015 4623 vero

447 4657 547 4709 sub
590 4658 832 4728 principe
866 4659 1131 4728 Ithamar,
1164 4676 1392 4730 quorum
1427 4669 1482 4714 et
1525 4660 1858 4730 Ephemcriat
1891 4675 2014 4714 esse

446 4747 719 4803 dicuntur.

514 4837 567 4892 2.
599 4837 705 4894 Sed
754 4841 899 4896 dicat
943 4843 1138 4912 aliquis
1190 4843 1438 4899 fortassis
1479 4844 1821 4898 auditorum:
1876 4845 2013 4912 Quid

444 4927 560 4982 haec
587 4930 860 4997 pertinent
882 4933 948 4986 ad
977 4934 1283 5001 psalmum?
1314 4934 1637 4988 Plurimum.
1667 4934 1799 4989 Nam
1826 4951 2014 5005 snper-

448 5019 677 5089 seriptio
731 5031 815 5076 est
859 5021 1018 5093 hujus
1060 5024 1279 5094 psalmi.
1327 5023 1397 5077 In
1427 5025 1583 5091 ﬁnem
1630 5042 1724 5094 pro
1773 5023 2011 5078 ldithum

2123 3844 2238 3896 haec
2285 3842 2506 3898 addidi;
2561 3840 2651 3896 Sic
2687 3843 2809 3896 volo
2852 3857 3078 3897 servare
3122 3842 3238 3895 vias
3276 3856 3472 3903 meas,
3510 3852 3566 3893 ut
3594 3857 3684 3893 osa

2120 3946 2336 4000 peccem
2360 3969 2378 3997 ,
2412 3934 2513 3988 hoc
2571 3933 2732 3988 modo
2786 3948 3006 3988 servare
3052 3947 3275 4001 possunt
3311 3933 3358 3985 si
3397 3934 3682 3986 Castaliae:

2119 4021 2356 4089 linguam
2383 4035 2598 4075 meam.-
2617 4019 2698 4074 Ea:
2717 4024 2882 4076 verbis
2912 4022 3074 4088 enim,
3102 4022 3283 4090 inquit
3301 4022 3350 4052 ⁸³
3367 4061 3386 4086 ,
3423 4023 3533 4074 suis
3546 4021 3688 4088 iuti-

2117 4113 2358 4178 ﬁraberis
2382 4154 2396 4178 ,
2437 4122 2485 4164 et
2523 4129 2588 4167 ex
2617 4114 2782 4167 verbis
2830 4114 2937 4166 tuis
2985 4113 3454 4166 condemnaberis.
3485 4113 3552 4165 Et
3591 4115 3682 4163 ite-

2118 4218 2236 4257 rum
2266 4205 2343 4252 *9:
2388 4204 2551 4258 Amen
2578 4207 2696 4258 dico
2734 4205 2893 4270 vobis,
2924 4208 2987 4258 de
3010 4207 3151 4258 onmi
3180 4207 3354 4259 otioso
3389 4208 3548 4259 verba
3581 4217 3684 4255 res-

2117 4295 2252 4347 detis
2304 4297 2562 4351 rationem
2609 4298 2664 4350 in
2709 4297 2794 4352 die
2831 4297 3048 4364 judicii.
3089 4297 3203 4350 Non
3244 4298 3471 4360 solum,
3503 4299 3682 4364 inquit.

2117 4383 2185 4438 de
2230 4399 2296 4437 eo
2340 4386 2483 4451 quod
2528 4387 2666 4440 male
2705 4385 2866 4440 locuti
2921 4385 3169 4450 fueritis,
3200 4385 3300 4438 sed
3331 4384 3489 4452 quod
3526 4388 3680 4440 Otio-a

2117 4473 2282 4527 locuti
2325 4473 2538 4528 fueritis
2561 4515 2577 4542 ,
2616 4477 2740 4543 quia
2774 4475 2946 4530 malus
2972 4489 3150 4530 sermo
3178 4489 3287 4528 non
3336 4483 3430 4528 est
3468 4474 3676 4528 otiosus.

2116 4573 2372 4634 operatur
2414 4566 2558 4620 enim
2600 4581 2737 4634 opus
2768 4565 2989 4618 malum.
3032 4565 3253 4620 Otiosus
3298 4574 3493 4619 autem
3521 4579 3682 4618 seras

2115 4664 2203 4710 est
2245 4657 2338 4725 qui
2385 4671 2562 4726 neque
2614 4659 2739 4713 boni
2794 4675 2970 4728 neque
3013 4657 3142 4712 mali
3190 4657 3404 4725 aliquid
3453 4659 3580 4727 agit.
3627 4655 3676 4707 Ξι

2115 4763 2246 4818 ergo
2273 4751 2324 4802 in
2355 4749 2442 4804 die
2472 4749 2662 4817 judicii
2699 4752 2964 4805 rationem
3004 4749 3333 4813 reddemus,
3374 4762 3490 4802 nou
3523 4748 3674 4801 suis:

2114 4854 2214 4908 pro
2247 4841 2406 4896 malis
2435 4841 2616 4897 verbis
2639 4883 2654 4909 ,
2685 4843 2780 4897 sed
2810 4843 2974 4897 etiam
3015 4857 3112 4911 pro
3156 4841 3393 4904 otiosis,
3429 4842 3554 4912 quis
3575 4841 3678 4909 glo-

2115 4930 2343 4985 riabitur
2381 4941 2592 4987 castum
2646 4947 2707 4986 se
2740 4932 2942 4988 habere
2979 4933 3112 4987 eor?
3145 4933 3253 4984 Aut
3294 4932 3430 5000 quis
3473 4930 3676 4986 conﬁdit

2115 5022 2586 5080 dicens:Mundus
2630 5041 2747 5080 sum
2782 5041 2810 5079 a
2858 5025 3122 5096 peccato?
3169 5023 3567 5078 Verumtamen
3605 5025 3676 5073 ait

442 5109 676 5174 psalmus
724 5111 912 5166 David.
971 5113 1126 5169 llunc
1175 5111 1411 5168 ldithum
1470 5114 1776 5170 invenimus
1842 5130 2006 5168 unum
2041 5108 2085 5162 Ι)
2107 5115 2330 5183 justus:
2365 5115 2490 5170 Dixi
2515 5117 2853 5172 :Custodiam
2878 5119 2984 5171 vias
3007 5133 3148 5170 meas
3188 5127 3245 5169 ut
3274 5133 3384 5170 non
3410 5131 3600 5184 pecor-
3624 5115 3674 5160 is

513 5246 559 5277 "
595 5243 816 5299 lParal.
850 5261 935 5310 ιχ,
970 5246 1073 5314 24,
1099 5245 1192 5312 25,
1219 5246 1310 5300 26.
1384 5247 1428 5279 ’⁷
1461 5246 1593 5303 Beb.
1626 5262 1728 5311 vn,
1760 5246 1813 5302 5.
1887 5247 1934 5279 ”
1958 5247 2018 5302 M;

2132 5300 2142 5308 .
2184 5267 2286 5316 ιιι,
2317 5251 2406 5304 57.
2483 5253 2528 5283 ’³
2561 5251 2691 5306 ibid.
2731 5251 2819 5308 56.

513 5359 625 5433 (66)
658 5360 723 5415 1η
749 5359 980 5416 Psalmis
1003 5373 1261 5433 ergo,etc.
1299 5363 1504 5419 Catena
1533 5363 1759 5418 Barbari
1791 5379 1806 5417 :
1836 5364 2003 5432 Illud,

443 5431 497 5502 in
526 5432 684 5502 linem
708 5472 722 5495 ,
753 5434 1039 5486 secundum
1064 5431 1222 5487 'alios
1266 5435 1573 5500 interpretes
1623 5449 1720 5502 pro
1757 5435 2005 5501 victoria,

443 5501 496 5553 in
527 5501 818 5566 victorem,
844 5511 898 5556 et
927 5503 1166 5556 victoriae
1190 5505 1400 5557 anetori
1433 5501 1755 5557 inscribitur.

514 5569 921 5640 (67)7Quoniam
964 5573 1126 5640 igitur
1165 5574 1446 5625 multorum
1490 5585 1594 5628 etc.
1642 5573 1842 5626 Catena
1877 5573 2006 5626 Cor-

445 5637 578 5712 derii
601 5637 614 5691 ἑ
635 5639 787 5712 Ἐπεὶ
820 5637 1004 5712 σχεδρὗ
1040 5641 1219 5712 πάσης
1257 5641 1527 5712 ἁμαρτίας
1563 5641 1702 5712 ἀρχὴ
1729 5641 1822 5712 διὰ
1846 5643 2006 5710 λόγου

445 5659 614 5692 ueru:
653 5659 787 5692 natat
820 5659 1004 5710 σχεοον
1040 5659 1152 5693 πασ
1193 5659 1219 5703 ς
1257 5659 1527 5712 αμαρτιας
1563 5659 1702 5712 αρχη
1734 5659 1822 5694 etot
1848 5659 2001 5710 Λογου

444 5707 685 5775 γίνεται,
713 5711 741 5761 ὁ
791 5709 1020 5777 φυλάξαι
1066 5659 1398 5781 πρςζδέμενος
1429 5715 1525 5774 τὰς
1551 5711 1637 5763 διὰ
1680 5711 1785 5763 τῶν
1830 5712 2001 5780 λόγων

2114 5369 2269 5432 ὁδοὺς
2305 5367 2472 5440 αὑτοῦ
2496 5407 2511 5429 ,
2543 5367 2833 5422 ἀκόλουθον
2855 5368 2963 5440 ἕξει
2993 5369 3054 5421 τὺ
3075 5368 3422 5440 καθαρεῦσαι
3447 5369 3547 5421 ἀπὸ
3571 5366 3672 5418 es?”

2115 5440 2232 5491 κατ’
2268 5439 2542 5509 ἐνέργειαν
2577 5439 3007 5509 ἁμαρτημάτων.
3054 5439 3182 5491 Cum
3215 5440 3327 5508 fere
3366 5440 3528 5490 omnis
3555 5454 3668 5500 pe:-

2112 5509 2220 5562 cati
2247 5509 2459 5562 initium
2490 5510 2584 5577 ﬁat
2614 5527 2644 5560 a
2672 5525 2938 5571 sermone,
2983 5511 3027 5561 is
3063 5510 3158 5578 qui
3185 5511 3382 5561 statuit
3419 5509 3664 5559 assedit:

2111 5581 2218 5631 vias
2248 5595 2372 5630 suas
2418 5579 2472 5630 in
2508 5579 2833 5632 sermonibus
2862 5619 2876 5640 ,
2907 5592 3288 5648 consequenter
3309 5579 3467 5630 etiam
3504 5595 3531 5630 α
3552 5593 3661 5643 ξένε-

2107 5649 2238 5700 catis
2264 5664 2381 5717 quia
2413 5663 2567 5713 apere
2593 5648 2993 5702 committuntur
3017 5688 3033 5714 ,
3066 5650 3299 5702 mundus
3330 5650 3449 5701 erit.
