3808 6478
167 409 272 463 1593

807 406 1117 463 SELECTA
1156 406 1219 459 IN
1258 404 1677 459 I’S.\l..\IOS.—-
1716 402 1949 459 IIOMIL.
1986 404 2107 459 HN
2136 405 2331 462 PSAL.
2362 406 2647 463 XXXVIII.

3240 411 3375 465 139$

157 528 309 598 lingua
354 545 488 583 mea.
530 525 694 583 Posui
736 530 815 582 ori
862 546 972 582 meo
1023 529 1337 581 custodiam.
1390 526 1528 580 Alibi
1572 526 1689 596 qni-
1718 529 1765 585 Α
1794 523 1992 580 fectum
2026 541 2147 582 esse
2182 530 2323 598 quod
2358 530 2522 584 dicit:
2552 530 2687 583 Dum
2722 532 2952 585 constitit
2990 542 3238 602 peccator
3276 535 3374 587 ad-

157 620 256 673 dem
275 621 1113 688 scriptumest”:0mnicustodia
1127 636 1272 672 serva
1288 635 1376 671 cor
1403 629 1570 680 tuum,
1604 619 1689 672 hic

155 720 309 766 autem
352 732 365 767 :
406 712 565 765 Posui
619 713 700 768 ori
758 726 869 763 meo
906 710 1218 764 custodiam.
1250 710 1315 763 Et
1348 710 1539 764 iterum
1566 709 1688 764 alibi

156 805 383 871 scriptum
403 813 486 856 est
505 803 579 856 “z
609 801 755 866 Vide,
771 804 1065 857 circumduc
1077 820 1245 871 sepem
1263 804 1530 865 spinarum
1549 804 1689 856 circa

154 898 493 957 possessionem
538 907 697 947 tuam.
751 896 810 948 Et
855 896 1045 947 iterum
1095 894 1173 947 3’:
1215 892 1497 948 Pecuniam
1545 904 1689 948 tuam

152 997 193 1039 et
214 988 356 1057 692
381 1002 567 1039 aurum
601 993 745 1037 tuum
780 984 973 1053 alliga,
1000 993 1049 1038 et
1081 985 1163 1037 ori
1194 995 1283 1038 tuo
1314 986 1476 1054 facito
1499 986 1689 1039 ostium

148 1092 189 1133 et
208 1096 357 1132 seram
379 1122 392 1144 ,
427 1089 473 1132 et
505 1078 666 1131 verbis
696 1079 799 1133 tuis
813 1076 1003 1145 jugum
1024 1086 1072 1130 et
1098 1086 1371 1132 stateram.
1406 1078 1516 1147 Ego
1546 1080 1691 1135 arbi-

150 1183 249 1226 tror
285 1175 418 1242 quod
472 1171 781 1225 observatio
844 1170 1036 1223 horum
1080 1174 1456 1227 mandatorum
1502 1174 1690 1228 obser-

147 1277 338 1319 vantem
367 1276 414 1319 et
448 1275 785 1320 mansuetum
818 1263 981 1318 faciat
1019 1273 1072 1317 et
1100 1264 1313 1318 beatum
1333 1304 1350 1331 ,
1380 1281 1483 1321 non
1515 1267 1687 1320 solum

146 1371 304 1410 rerum
332 1359 508 1412 exitus
530 1400 542 1423 ,
580 1374 767 1413 verum
796 1360 963 1414 etiam
994 1360 1109 1427 ipsa
1151 1359 1518 1414 observantia.
1552 1362 1686 1413 Dum

143 1448 274 1501 enim
300 1463 506 1517 semper
532 1450 783 1504 observat
810 1466 873 1506 os
898 1467 1086 1518 suum,
1133 1461 1187 1505 et
1228 1450 1464 1521 linguam
1505 1461 1690 1507 custo-

142 1538 234 1602 dit,
274 1554 334 1593 ne
378 1540 525 1608 prius
573 1556 879 1595 sermonem
920 1542 1158 1611 proferat
1202 1558 1363 1613 quam
1409 1543 1686 1610 discutiat,

142 1640 192 1684 et
221 1641 497 1700 perlraetet
533 1633 672 1699 apud
708 1635 1059 1703 semetipsum
1108 1634 1150 1689 si
1180 1644 1426 1703 oporteat
1466 1634 1604 1703 dici,
1644 1637 1687 1692 si

145 1739 308 1777 sermo
338 1724 458 1777 talis
480 1734 560 1779 est
589 1726 681 1793 qui
716 1727 911 1780 debeat
944 1726 1207 1795 proferri,
1236 1728 1279 1781 si
1311 1741 1540 1797 persona
1567 1728 1689 1783 talis

139 1825 347 1884 estquae
389 1826 481 1869 aut
519 1817 751 1880 debeat,
790 1828 879 1871 aut
913 1818 1083 1887 possit
1123 1820 1344 1887 audire,
1391 1822 1433 1876 si
1478 1831 1687 1891 tempus

138 1917 485 1975 opportunum
522 1917 603 1961 est
626 1908 939 1976 proferendi
969 1911 1275 1965 sermonis:
1325 1912 1451 1966 dum
1478 1914 1687 1984 singula

134 1998 230 2051 ista
250 1997 523 2066 perpendit
545 2036 559 2059 ,
584 1998 891 2051 excluditur
913 1986 1092 2053 omnis
1118 2001 1390 2056 iracundia
1416 2013 1468 2058 et
1507 2005 1688 2069 timor,

130 2097 188 2141 et
214 2088 483 2143 inconsulti
516 2089 712 2144 furoris
759 2090 991 2158 impetus
1037 2092 1313 2162 mitigatur
1335 2137 1350 2159 ,
1381 2104 1542 2166 atque
1576 2113 1692 2151 om-

132 2194 249 2232 nem
274 2181 480 2248 penitus
509 2180 949 2235 deliberationem
997 2182 1121 2237 talis
1164 2183 1467 2248 abscindit;
1510 2198 1564 2241 et
1616 2189 1689 2243 ita

128 2270 331 2325 demum
380 2273 525 2326 velut
557 2288 620 2327 ex
653 2274 1046 2342 tranquillitate
1073 2277 1306 2345 quadam
1358 2289 1411 2332 et
1452 2281 1683 2336 convicti

126 2365 289 2418 animi
332 2382 422 2432 per
464 2367 933 2421 mansuetudinem
973 2383 1154 2422 sermo
1195 2371 1525 2437 procedens,
1563 2388 1690 2441 pro-

127 2455 416 2511 ferenlibus
470 2457 702 2526 gratiam
750 2467 969 2527 praestat
1014 2466 1069 2512 et
1126 2458 1471 2518 audientibus
1521 2465 1689 2519 medi-

122 2546 321 2602 ciuem.

196 2639 248 2693 4.
281 2639 471 2693 Verum
512 2640 765 2707 quoniam
804 2640 855 2693 in
892 2640 982 2695 illo
1011 2643 1248 2697 maxime
1286 2653 1529 2714 tempore
1564 2663 1689 2717 pec-

121 2745 331 2795 camus,
366 2730 580 2799 quando
624 2739 879 2798 peccator
926 2735 1182 2788 consistit
1233 2735 1517 2790 adversum
1566 2754 1683 2804 nos,

120 2822 381 2890 instigans
409 2832 463 2875 et
492 2836 792 2891 provocans
824 2831 883 2876 ut
909 2822 1111 2893 aliquid
1140 2824 1245 2880 tale
1275 2829 1587 2883 omittamus
1618 2846 1683 2884 ex

111 2928 243 2977 ore,
284 2913 333 2965 iu
385 2927 493 2982 quo
532 2912 607 2967 rei
647 2923 931 2967 teneamur
984 2915 1035 2967 in
1077 2914 1259 2970 futuro
1303 2917 1541 2986 judicio,
1582 2920 1683 2976 hoc

113 3004 429 3058 describens
474 3013 697 3057 sanctus
733 3004 1003 3073 Propheta
1048 3006 1215 3060 dicit:
1271 3007 1407 3061 Dum
1448 3012 1682 3064 constitit

108 3104 355 3161 peccator
391 3097 666 3150 adversum
697 3113 810 3161 me,
858 3097 1094 3150 obmutui
1121 3107 1167 3151 et
1205 3101 1539 3156 humilitatus
1567 3120 1683 3157 sum

105 3198 164 3241 et
193 3188 315 3241 silui
355 3206 386 3241 a
416 3189 583 3243 bonis.
626 3188 682 3242 Si
730 3189 948 3258 quando
985 3202 1241 3261 peccator
1288 3194 1463 3249 astitit
1497 3196 1683 3251 adver-
1710 3218 1754 3279 ρ

103 3296 231 3334 sum
258 3295 341 3334 me
364 3289 417 3334 et
462 3281 781 3350 loquebatur
820 3281 885 3335 de
925 3297 1011 3335 me
1047 3284 1218 3349 male,
1255 3296 1308 3340 et
1338 3288 1680 3345 obtrectabat

99 3378 273 3439 atque
301 3369 550 3423 irritabat
588 3384 676 3423 me
707 3379 764 3423 ut
789 3369 986 3424 similia
1021 3372 1069 3425 ei
1104 3376 1425 3441 redderem,
1447 3387 1500 3431 et
1529 3379 1678 3447 paria

98 3462 177 3517 de
202 3476 321 3515 meo
343 3477 440 3517 ore
466 3460 797 3529 proferrem,
828 3476 927 3531 ego
950 3462 1003 3516 in
1023 3464 1113 3519 illo
1137 3474 1380 3535 tempore
1404 3467 1675 3525 silentium

97 3554 445 3617 meditabar,
476 3563 533 3608 ut
560 3553 689 3607 nihil
713 3554 924 3623 penitus
953 3559 1359 3627 responderem.
1386 3558 1678 3630 Pr0pterea

90 3660 237 3714 ergo
281 3646 447 3701 dicit:
491 3647 627 3698 lium
676 3649 909 3700 constitit
950 3659 1193 3718 peccator
1246 3651 1523 3706 adversum
1574 3671 1675 3721 me,

88 3737 341 3791 obmutui
384 3746 431 3790 et
478 3737 807 3791 humilitatus
858 3755 976 3792 sum
1025 3750 1073 3794 et
1120 3742 1246 3795 silui
1287 3758 1319 3795 a
1365 3743 1531 3798 bonis.
1573 3744 1679 3800 Nos

90 3844 234 3883 vero
268 3829 560 3898 aliquando
610 3831 653 3883 si
690 3830 939 3886 nolumus
980 3831 1291 3898 humiliari,
1324 3833 1428 3888 alia
1462 3836 1672 3905 cogita-

84 3936 222 3975 mus
254 3930 308 3975 et
346 3921 576 3975 dicimus
609 3924 746 3990 apud
796 3924 1186 3993 nosmetipsos:
1224 3922 1361 3990 Quid
1412 3926 1514 3981 hoc
1557 3929 1677 3982 est?

81 4015 208 4067 Iste
246 4026 333 4066 me
368 4014 695 4082 contemptui
742 4014 933 4069 habuit
974 4024 1028 4069 et
1065 4030 1229 4071 ausus
1257 4025 1341 4070 est
1369 4017 1495 4071 talia
1528 4019 1580 4072 in
1614 4035 1678 4075 os

78 4105 391 4171 ingerere,
429 4112 483 4157 et
521 4103 592 4155 ita
628 4105 914 4159 adversum
954 4120 1038 4159 me
1083 4120 1301 4160 movere
1347 4120 1675 4175 sermonem,

74 4208 283 4248 nonne
316 4204 371 4249 et
391 4209 491 4265 ego
523 4196 647 4251 huic
674 4196 870 4251 similia
892 4239 907 4264 ,
933 4208 1025 4253 aut
1052 4198 1215 4253 etiam
1246 4200 1500 4268 graviora
1542 4200 1679 4256 infe-

68 4303 211 4343 ram
237 4326 255 4352 ,
279 4296 342 4341 ut
370 4298 425 4342 et
454 4291 565 4357 ipse
588 4290 773 4344 audiat
797 4290 977 4358 pejora
1001 4307 1159 4361 quam
1178 4292 1349 4347 dixit?
1373 4292 1477 4349 Sed
1502 4294 1678 4363 justus

67 4392 200 4433 non
232 4378 309 4431 ita
347 4380 487 4447 agit,
518 4380 646 4447 quin
679 4380 862 4449 potius
891 4381 1139 4435 humiliat
1171 4398 1229 4436 se
1252 4420 1268 4447 ,
1299 4382 1513 4438 etiamsi
1556 4399 1677 4438 ser-

62 4486 191 4523 vus
225 4470 302 4522 sit
340 4469 430 4523 ille
460 4471 551 4538 qui
598 4471 871 4525 obtrectat
925 4480 979 4525 et
1032 4472 1275 4527 convicia
1314 4474 1546 4542 ingerit,
1585 4484 1678 4529 aut

1791 632 1992 671 versum
2025 635 2103 671 me
2124 660 2139 683 ,
2174 620 2408 675 obmutui
2439 634 2486 676 et
2515 621 2827 677 humiliatus
2853 640 2967 678 sum
2996 635 3042 678 et
3063 625 3190 679 silui
3228 642 3263 680 ι
3283 626 3373 679 bo-

1792 708 1916 761 nis?
1941 718 2033 763 aut
2064 710 2337 778 profectus
2372 713 2588 781 quidem
2614 724 2729 784 est,
2766 716 3002 770 nondum
3035 724 3215 772 tamen
3252 730 3373 787 per-

1793 798 1974 855 fectio.
2002 800 2127 853 Tria
2160 816 2393 869 namque
2421 803 2474 857 in
2511 805 2615 859 hoc
2647 804 2766 861 loco
2796 806 2863 861 de
2903 805 3205 877 Scripturis
3238 817 3371 878 puto

1791 904 1950 958 posse
1971 890 2267 960 assignari,
2302 894 2354 946 in
2388 909 2496 963 quo
2527 896 2658 950 dicit
2690 904 2836 951 stare
2878 906 3222 967 peccatorem
3274 898 3371 951 ad-

1791 997 2005 1035 versum
2036 998 2093 1037 se
2113 1023 2127 1048 ,
2161 992 2215 1037 et
2247 985 2389 1054 loqui
2432 986 2484 1040 in
2530 988 2750 1043 auribus
2773 990 2886 1044 suis
2916 1004 2977 1044 ea
3003 992 3202 1062 quibus
3240 989 3369 1044 irrio

1792 1076 1893 1129 tari
1931 1088 1986 1130 et
2025 1079 2343 1133 exacerbari
2392 1080 2566 1149 possit
2613 1085 2677 1135 ad
2732 1083 3168 1139 retribuendum.
3212 1083 3279 1138 Et
3322 1082 3368 1135 si

1789 1170 2007 1238 quidem
2043 1185 2142 1241 ego
2196 1186 2395 1241 parvus
2440 1188 2590 1236 sum,
2626 1173 2858 1239 similia,
2905 1183 2958 1229 et
3008 1174 3223 1230 oculum
3262 1189 3365 1245 pro

1790 1262 1946 1317 oculo
1978 1266 2234 1333 requiro,
2266 1264 2483 1319 dentem
2517 1279 2612 1333 pro
2638 1264 2801 1321 dente
2823 1306 2838 1331 ,
2869 1275 2924 1320 et
2950 1266 3233 1323 maledicta
3266 1282 3363 1337 pro

1791 1353 2092 1409 maledictis
2122 1370 2343 1423 repono.
2377 1356 2433 1410 Si
2460 1372 2587 1411 vero
2611 1357 2724 1427 jam
2757 1358 3091 1427 aliquantum
3126 1358 3360 1429 profeci,

1792 1446 2025 1499 nondum
2055 1456 2231 1502 tamen
2258 1448 2526 1518 perfectus
2556 1465 2671 1503 sum
2693 1493 2707 1517 ,
2737 1459 2793 1504 et
2817 1459 2967 1506 taceo
2996 1460 3049 1505 et
3090 1452 3205 1507 fero
3239 1465 3367 1506 con-

1788 1537 1926 1592 vicia
1948 1540 2243 1609 patienter,
2292 1556 2392 1595 nec
2433 1541 2729 1611 quidquam
2772 1542 2997 1596 omnino
3038 1543 3362 1612 respondeo.

1792 1630 1848 1685 Si
1885 1646 2013 1686 vero
2056 1633 2157 1686 sim
2193 1632 2501 1702 perfectus,
2552 1652 2657 1689 non
2688 1645 2869 1702 taceo,
2908 1637 3003 1691 sed
3039 1651 3160 1690 cum
3198 1634 3365 1690 male-

1792 1722 1973 1789 dicor,
2003 1721 2264 1777 benedico
2289 1764 2305 1790 ,
2335 1724 2482 1778 sicut
2512 1736 2565 1779 et
2598 1723 2799 1779 Paulus
2834 1725 3049 1780 dicebat
3077 1725 3155 1780 ³³ε
3196 1722 3366 1777 Male-

1791 1814 2019 1866 dicimur
2064 1822 2112 1867 et
2161 1814 2551 1881 benedicimus,
2590 1817 2998 1884 persecutionem
3051 1817 3283 1885 patimur
3316 1828 3363 1869 et

1794 1905 2150 1971 sustinemus,
2199 1904 2539 1971 blasphemati
2587 1908 2950 1975 deprecamur.
2996 1908 3062 1963 Et
3105 1910 3361 1978 quoniam

1794 1997 1885 2065 qui
1907 1996 2019 2049 hinc
2050 2004 2235 2065 agunt,
2259 1996 2310 2050 id
2339 2006 2441 2062 est,
2461 1998 2549 2067 qui
2576 2013 2674 2068 pro
2692 1999 3164 2055 maledictionibus
3196 2001 3362 2055 bene-

1794 2086 2057 2141 dictiones
2077 2089 2306 2141 reddunt
2332 2127 2346 2153 ,
2370 2089 2461 2158 qui
2488 2104 2585 2157 pro
2606 2090 2957 2157 hlasphemiis
2980 2092 3361 2160 deprecantur,

1792 2178 2041 2233 videntur
2089 2177 2399 2234 hominibus
2434 2179 2601 2233 velut
2639 2181 2876 2250 pecudes
2904 2190 2960 2236 et
2984 2193 3364 2254 purgamenta,

1794 2280 2048 2339 tanquam
2082 2271 2172 2337 qui
2198 2286 2415 2326 sensum
2448 2271 2658 2341 injuria:
2689 2288 2793 2327 non
2817 2274 3052 2339 habent,
3076 2283 3363 2345 propterea

1790 2376 1917 2431 ergo
1953 2360 2158 2415 addidit
2189 2362 2378 2417 dicens
2406 2362 2485 2415 ’δε
2516 2362 2789 2433 Tanquam
2818 2376 3161 2435 purgamenta
3203 2366 3363 2433 huius

1789 2455 1973 2507 mundi
2005 2455 2135 2522 facti
2170 2471 2352 2508 sumus
2386 2455 2620 2509 omnium
2649 2456 2959 2523 peripsema.
3007 2457 3114 2512 Sed
3140 2473 3238 2512 nos
3267 2473 3366 2511 no-

1790 2546 1965 2599 lumus
1989 2561 2113 2599 cum
2140 2547 2405 2616 apostolis
2432 2556 2789 2616 purgamenta
2818 2546 2979 2614 hujus
3003 2550 3186 2603 mundi
3222 2549 3361 2614 fieri,

1788 2640 1880 2691 sed
1910 2637 2155 2692 volumus
2193 2654 2295 2692 non
2326 2638 2598 2693 contemni
2637 2638 2704 2693 ab
2739 2639 3083 2705 hominibus,
3118 2641 3227 2696 imo
3261 2658 3362 2710 po-

1789 2731 1894 2784 tins
1915 2740 1968 2785 et
1996 2729 2192 2794 timeri,
2213 2740 2266 2784 et
2290 2729 2422 2785 satis
2440 2728 2649 2799 agimus
2672 2729 2896 2785 reddere
2920 2730 3003 2785 his
3025 2733 3113 2800 qui
3143 2733 3360 2799 laedunt,

1786 2833 1839 2876 et
1869 2810 2171 2892 praevenire
2203 2822 2496 2875 vindictam
2541 2838 2702 2892 quam
2744 2823 2845 2877 sibi
2890 2824 3148 2878 Dominus
3184 2839 3362 2879 reser-

1786 2915 1929 2967 vavit
1963 2914 2206 2969 dicens”
2233 2930 2247 2969 :
2287 2914 2419 2967 Mihi
2470 2913 2697 2967 vindicta
2720 2954 2735 2980 ,
2771 2931 2864 2984 ego
2896 2916 3207 2982 retribuam,
3234 2917 3363 2970 dicit

1787 3005 2063 3058 Dominus.
2096 3006 2298 3059 Verum
2333 3005 2376 3058 si
2415 3020 2519 3058 non
2554 3019 2842 3073 possumus
2885 3008 2936 3060 in
2980 3015 3191 3061 tantum
3234 3023 3361 3076 pro-

1786 3097 1943 3149 licere
1967 3135 1981 3158 ,
2024 3105 2081 3150 et
2111 3096 2179 3149 ad
2212 3095 2356 3149 istud
2405 3096 2618 3151 culmen
2660 3096 2907 3151 veritatis
2938 3098 3271 3161 ascendere,
3304 3108 3365 3149 ut

1786 3187 2033 3240 dicamus
2066 3201 2188 3241 cum
2231 3186 2431 3241 Paulo:
2477 3186 2853 3242 Ilaledicimur
2896 3198 2942 3242 et
2986 3189 3359 3250 benedicimus,

1785 3277 2190 3344 persecutionem
2245 3279 2479 3345 patimur
2520 3288 2568 3331 et
2609 3281 2960 3345 sustinemus,
3008 3280 3355 3349 blasphemati

1785 3368 2147 3436 deprecamur,
2175 3369 2257 3424 vel
2283 3370 2385 3424 hoc
2424 3371 2568 3439 quod
2598 3371 2777 3426 adhuc
2804 3387 2900 3441 per
2917 3368 3241 3441 Pr0phetam
3263 3371 3364 3423 do-

1786 3476 2007 3526 cemur,
2041 3461 2318 3517 dicamus:
2360 3461 2495 3514 Dum
2533 3464 2767 3516 constitit
2807 3473 3051 3531 peccator
3081 3464 3358 3517 adversum

1786 3569 1885 3614 me,
1912 3554 2147 3606 obmutui
2171 3564 2218 3607 et
2248 3554 2557 3608 humiliatus
2585 3570 2699 3608 sum
2725 3595 2739 3620 ,
2773 3565 2823 3609 et
2852 3555 2976 3609 silui
3000 3572 3029 3607 a
3058 3556 3223 3607 bonis.

1856 3642 1909 3696 5.
1941 3643 2007 3697 Et
2032 3642 2162 3712 quid
2182 3644 2391 3696 addidit
2427 3642 2554 3696 bis?
2585 3641 2651 3696 Et
2685 3643 2857 3709 dolor,
2886 3644 3079 3713 inquit,
3110 3659 3253 3697 meus
3286 3659 3363 3697 re-

1788 3747 2006 3791 novatus
2028 3746 2126 3791 est.
2165 3736 2226 3790 Hi
2253 3737 2342 3805 qui
2374 3738 2425 3789 in
2451 3738 2641 3805 agonis
2664 3736 2963 3792 certamine
2988 3737 3190 3791 mutuis
3218 3735 3361 3789 inter

1788 3845 1848 3885 se
1874 3830 2191 3885 verberibus
2220 3838 2417 3898 agunt,
2450 3830 2501 3883 in
2547 3830 2630 3883 bis
2680 3842 2896 3897 semper
2926 3841 3235 3897 praeparare
3262 3842 3357 3881 co-

1788 3932 2019 3988 nantur,
2059 3929 2118 3975 ut
2160 3921 2308 3976 illata
2334 3920 2437 3975 sibi
2466 3921 2534 3975 ab
2568 3918 2900 3974 adversariis
2935 3920 3166 3973 verbera
3197 3916 3357 3971 forti-

1788 4026 1871 4071 ter
1897 4014 2105 4081 ferant,
2141 4029 2241 4068 nec
2269 4028 2491 4069 sensum
2526 4012 2729 4068 doloris
2756 4012 3061 4081 accipiant,
3087 4020 3144 4064 et
3178 4020 3259 4064 est
3281 4009 3362 4063 eis

1786 4122 1994 4161 summa
2023 4105 2230 4161 virtus:
2262 4105 2595 4160 lacertorum
2626 4104 2765 4158 ictus
2788 4103 2869 4156 vel
2895 4104 3123 4156 calcium
3151 4101 3359 4171 absque

1785 4199 1970 4253 dolore
2009 4199 2305 4267 suscipere.
2343 4197 2401 4251 In
2435 4197 2631 4266 quibus
2664 4194 2754 4249 ille
2783 4203 2863 4248 est
2895 4193 3225 4263 perfectior,
3262 4194 3356 4261 qui

1786 4291 1853 4345 ad
1892 4292 2058 4345 ictum
2087 4289 2333 4345 vulneris
2360 4328 2376 4353 ,
2409 4289 2617 4342 nullum
2663 4288 2855 4355 recipit
2891 4284 3171 4340 stimulum
3206 4284 3360 4338 dolo-

1788 4384 1883 4437 ris.
1906 4382 2186 4437 Secundus
2214 4395 2343 4435 vero
2371 4388 2455 4435 est
2486 4381 2531 4434 is
2561 4380 2652 4449 qui
2685 4378 2832 4431 dolet
2856 4378 3099 4447 quidem,
3135 4375 3229 4429 sed
3256 4388 3354 4427 ne-

1785 4487 2055 4542 quaquam
2099 4471 2374 4527 doloribus
2431 4470 2596 4523 cedit.
2657 4467 2788 4521 Tale
2845 4465 3048 4536 aliquid
3108 4464 3357 4534 intellige

58 4561 123 4616 ei
181 4560 418 4614 humilis
465 4572 517 4612 et
561 4572 816 4629 peccator
860 4563 929 4615 sit
972 4571 1025 4615 et
1068 4562 1336 4632 indignus.
1366 4563 1458 4618 Ille
1510 4566 1674 4619 dicit:
1713 4558 1755 4612 Ι)
1782 4566 1945 4618 etiam
1987 4564 2041 4617 in
2088 4563 2242 4619 nobis
2268 4604 2283 4628 ,
2312 4577 2435 4618 cum
2463 4558 2871 4626 maledicimur,
2902 4568 2959 4613 et
3000 4556 3213 4612 assistit
3258 4557 3353 4609 ad-

55 4656 233 4709 Dum
264 4653 505 4706 constitit
528 4666 769 4720 peccator
793 4654 1069 4707 adversum
1103 4670 1203 4718 me,
1238 4656 1471 4708 obmutui
1504 4668 1549 4711 et
1579 4658 1679 4709 Itu-

51 4748 335 4800 miliatus
379 4763 496 4800 sum
528 4757 573 4801 et
622 4747 746 4799 silui
791 4763 822 4799 a
872 4745 1039 4798 bonis.
1079 4744 1193 4799 Non
1236 4746 1369 4799 dixit
1412 4764 1425 4799 :
1469 4757 1525 4801 et
1557 4749 1680 4802 silui

53 4839 513 4903 tantummodo,
540 4838 631 4892 sed
655 4856 684 4891 a
711 4838 858 4891 bonis
882 4838 1041 4902 silui;
1072 4838 1121 4890 in
1149 4853 1255 4908 quo
1278 4840 1513 4893 ostendit
1536 4842 1678 4910 quod

43 4948 204 4986 cum
242 4932 365 4985 sint
398 4931 453 4984 in
497 4947 582 4985 me
615 4932 789 4995 bona,
834 4940 890 4985 et
918 4931 1151 4984 edoctus
1194 4941 1355 4998 atque
1401 4930 1681 4986 institutus

40 5026 177 5079 sim
214 5023 388 5076 bonis
417 5023 756 5092 dogmatibus
802 5032 966 5091 atque
1008 5022 1347 5091 disciplinis,
1375 5031 1429 5077 et
1470 5024 1675 5093 possim

36 5116 256 5171 etiam
290 5122 527 5169 caeteros
557 5116 753 5169 docere
791 5128 910 5183 quae
936 5114 1074 5167 bona
1099 5125 1258 5183 sunt,
1295 5129 1473 5173 tamen
1522 5118 1577 5171 in
1609 5132 1676 5173 eo

36 5219 347 5276 tempore
368 5220 477 5274 quo
508 5216 759 5274 peccator
785 5204 994 5259 assistit
1022 5206 1309 5261 adversum
1347 5224 1433 5264 me
1458 5217 1513 5263 et
1542 5224 1675 5263 con-

34 5300 240 5353 viciis
278 5296 510 5350 lacessit
536 5311 598 5351 ac
618 5297 813 5366 jurgiis
837 5335 851 5359 ,
886 5311 984 5365 ego
1005 5298 1166 5350 etiam
1203 5301 1341 5351 bona
1366 5300 1530 5352 verba
1557 5312 1675 5351 mea

25 5391 325 5445 cohibeo
354 5397 412 5441 et
440 5390 713 5457 reprimo:
753 5403 818 5441 ne
847 5388 927 5439 vel
959 5387 1032 5440 illi
1068 5388 1243 5458 ignem
1279 5404 1390 5443 sua:
1416 5390 1677 5458 perditio-

24 5483 138 5536 nis
180 5479 544 5534 inﬂammem
569 5520 582 5544 ,
612 5480 737 5533 dum
774 5495 876 5533 non
900 5489 1077 5548 potest
1106 5479 1306 5548 pariter
1332 5497 1525 5550 parere
1556 5497 1676 5535 ma-

23 5576 110 5629 lis
136 5614 157 5638 ,
200 5582 272 5627 et
300 5571 627 5641 conspicere
660 5574 801 5625 bona
823 5612 839 5637 ,
874 5573 952 5627 vel
985 5588 1292 5626 sermonum
1326 5589 1565 5628 meorum
1596 5574 1675 5626 fa-

23 5668 212 5721 ciam
253 5662 686 5717 detrimentum.
713 5662 851 5727 Quid
882 5665 1055 5733 ergo?
1103 5664 1215 5721 Hoc
1245 5666 1518 5721 videbitur
1551 5679 1675 5734 per-

104 5842 168 5874 ³⁶
210 5840 408 5896 Prov.
445 5855 519 5906 tv,
554 5840 643 5895 35.
718 5842 759 5873 ³¹
794 5840 955 5897 Eccli.
990 5857 1177 5911 xxviii,
1208 5844 1297 5902 28.
1372 5846 1414 5879 “
1446 5846 1681 5902 ibid.29.

1786 4670 1998 4709 versum
2044 4670 2143 4711 nos
2186 4654 2564 4722 antagonista,
2593 4649 2639 4705 si
2670 4649 2887 4717 quidem
2935 4649 3075 4703 bene
3123 4646 3355 4701 instituti

1784 4762 2005 4813 sumus,
2052 4756 2107 4801 et
2149 4747 2329 4799 animo
2372 4745 2529 4815 longa
2584 4743 2935 4797 meditatione
2985 4739 3267 4803 roborati,
3300 4740 3354 4792 in

1787 4839 1933 4893 nullo
1963 4837 2175 4907 penitus
2201 4852 2268 4891 ex
2294 4836 2460 4891 illatis
2489 4834 2788 4890 maledictis
2812 4834 2897 4888 vel
2922 4831 3187 4889 conviciis
3224 4845 3357 4885 con-

1788 4929 2101 4993 tristamur,
2130 4928 2224 4982 sed
2266 4941 2454 4982 sumus
2483 4940 2582 4995 pro
2610 4925 2776 4979 nimia
2808 4925 3009 4979 mentis
3048 4921 3355 4977 constantia

1784 5032 1847 5072 ac
1901 5018 2162 5085 patientia
2208 5016 2354 5071 velut
2396 5033 2555 5072 sensu
2593 5016 2797 5071 doloris
2843 5023 3093 5068 carentes
3120 5052 3133 5078 ,
3166 5021 3220 5065 et
3259 5024 3356 5079 per

1785 5110 2007 5163 multam
2036 5110 2495 5163 mansuetudinem
2520 5149 2534 5172 ,
2568 5117 2626 5162 ut
2655 5108 2883 5162 audeam
2919 5106 2992 5159 ita
3043 5101 3352 5165 nominare,

1784 5204 1930 5257 velut
1975 5203 2275 5256 imitatores
2319 5201 2582 5256 eIIicitnur
2612 5198 3008 5268 quodammodo
3049 5193 3179 5248 Dei:
3214 5193 3357 5245 Deus

1785 5299 1931 5353 enim
1983 5297 2323 5351 maledicitur
2380 5299 2448 5351 ab
2492 5295 2797 5357 haereticis,
2831 5291 3241 5359 blasphematur
3288 5283 3356 5336 ab

1785 5390 1869 5444 his
1898 5391 1987 5461 qui
2027 5388 2420 5457 providentiam
2450 5387 2568 5454 ejus
2599 5393 2835 5454 negant,
2880 5381 3129 5448 culpatur
3166 5375 3235 5429 ab
3270 5374 3355 5428 bis

1783 5481 1875 5551 qui
1912 5483 2196 5536 thesauros
2229 5480 2511 5550 sapientiae
2542 5477 2655 5544 ejus
2685 5477 2963 5544 ignorant:
2989 5478 3046 5524 et
3075 5468 3161 5523 die
3197 5466 3354 5535 mihi,

1783 5572 2026 5641 nunquid
2058 5579 2215 5642 potes
2243 5571 2347 5626 hoc
2376 5569 2649 5640 cogitare,
2675 5563 2817 5635 quod
2850 5578 2948 5633 pro
2982 5561 3065 5615 his
3097 5557 3353 5614 omnibus

1782 5660 1996 5730 injuriis
2049 5659 2232 5716 doleat
2296 5660 2514 5731 quidem
2564 5657 2745 5723 Deus,
2792 5653 2888 5709 sed
2934 5652 3176 5723 patiatur
3214 5649 3353 5705 sicut

1763 5848 1806 5879 ³³
1835 5846 1855 5900 l
1886 5846 2012 5903 Cor.
2044 5861 2120 5913 tv,
2154 5843 2241 5900 12.
2319 5844 2366 5877 ⁸⁸
2394 5843 2524 5899 ibin.
2560 5843 2645 5897 15.
2722 5840 2767 5874 ⁸⁸
2799 5839 2952 5897 Rom.
2988 5852 3088 5906 xu,
3119 5837 3223 5894 19..
