  <div class='ocr_page' id='page_1' title='image "/cluster/home/n/w/nwhite01/storage/ocr_20150623/12/hvd.32044019207638/701.png"; bbox 0 0 3808 6516; ppageno 0'>
   <div class='ocr_carea' id='block_1_1' title="bbox 451 379 584 437">
    <p class='ocr_par' dir='ltr' id='par_1_1' title="bbox 451 379 584 437">
     <span class='ocr_line' id='line_1_1' title="bbox 451 379 584 437; baseline 0.015 -2"><span class='ocrx_word' id='word_1_1' title='bbox 451 379 584 437; x_wconf 80' lang='grc'><strong>1595</strong></span> 
     </span>
    </p>
   </div>
   <div class='ocr_carea' id='block_1_2' title="bbox 1851 372 2275 430">
    <p class='ocr_par' dir='ltr' id='par_1_2' title="bbox 1851 372 2275 430">
     <span class='ocr_line' id='line_1_2' title="bbox 1851 372 2275 430; baseline 0.005 -4"><span class='ocrx_word' id='word_1_2' title='bbox 1851 373 1941 426; x_wconf 81' lang='lat' dir='ltr'><strong>EX</strong></span> <span class='ocrx_word' id='word_1_3' title='bbox 1977 372 2275 430; x_wconf 78' lang='lat' dir='ltr'><strong>ORIGENE</strong></span> 
     </span>
    </p>
   </div>
   <div class='ocr_carea' id='block_1_3' title="bbox 3559 379 3661 433">
    <p class='ocr_par' dir='ltr' id='par_1_3' title="bbox 3559 379 3661 433">
     <span class='ocr_line' id='line_1_3' title="bbox 3559 379 3661 433; baseline 0.02 -1"><span class='ocrx_word' id='word_1_4' title='bbox 3559 379 3576 432; x_wconf 79' lang='lat' dir='ltr'><strong>l</strong></span> <span class='ocrx_word' id='word_1_5' title='bbox 3585 380 3661 433; x_wconf 65' lang='lat'><strong>5‘36</strong></span> 
     </span>
    </p>
   </div>
   <div class='ocr_carea' id='block_1_4' title="bbox 449 483 3661 569">
    <p class='ocr_par' dir='ltr' id='par_1_4' title="bbox 449 483 3661 569">
     <span class='ocr_line' id='line_1_4' title="bbox 449 483 3661 569; baseline -0.002 -15"><span class='ocrx_word' id='word_1_6' title='bbox 449 498 584 555; x_wconf 75' lang='lat' dir='ltr'><strong>nos?</strong></span> <span class='ocrx_word' id='word_1_7' title='bbox 627 483 709 553; x_wconf 83' lang='lat' dir='ltr'><strong>An</strong></span> <span class='ocrx_word' id='word_1_8' title='bbox 763 506 1018 567; x_wconf 77' lang='lat' dir='ltr'><strong>tanquam</strong></span> <span class='ocrx_word' id='word_1_9' title='bbox 1065 496 1244 551; x_wconf 89' lang='lat' dir='ltr'><strong>divina</strong></span> <span class='ocrx_word' id='word_1_10' title='bbox 1304 504 1495 552; x_wconf 90' lang='lat' dir='ltr'><strong>natura</strong></span> <span class='ocrx_word' id='word_1_11' title='bbox 1529 512 1624 568; x_wconf 90' lang='lat' dir='ltr'><strong>per</strong></span> <span class='ocrx_word' id='word_1_12' title='bbox 1676 496 2024 569; x_wconf 78' lang='lat' dir='ltr'><strong>impassibili-</strong></span> <span class='ocrx_word' id='word_1_13' title='bbox 2054 503 2094 555; x_wconf 83' lang='lat' dir='ltr'><strong>A</strong></span> <span class='ocrx_word' id='word_1_14' title='bbox 2129 498 2318 552; x_wconf 80' lang='lat' dir='ltr'><strong>dolens</strong></span> <span class='ocrx_word' id='word_1_15' title='bbox 2347 499 2510 552; x_wconf 87' lang='lat' dir='ltr'><strong>corde</strong></span> <span class='ocrx_word' id='word_1_16' title='bbox 2543 497 2956 553; x_wconf 82' lang='lat' dir='ltr'><strong>eoncalescente</strong></span> <span class='ocrx_word' id='word_1_17' title='bbox 2992 497 3167 552; x_wconf 77' lang='lat' dir='ltr'><strong>fervet</strong></span> <span class='ocrx_word' id='word_1_18' title='bbox 3212 499 3358 552; x_wconf 82' lang='lat' dir='ltr'><strong>intra</strong></span> <span class='ocrx_word' id='word_1_19' title='bbox 3389 512 3449 552; x_wconf 86' lang='lat' dir='ltr'><strong>se</strong></span> <span class='ocrx_word' id='word_1_20' title='bbox 3481 513 3539 554; x_wconf 85' lang='lat' dir='ltr'><strong>ac</strong></span> <span class='ocrx_word' id='word_1_21' title='bbox 3568 516 3661 566; x_wconf 76' lang='lat' dir='ltr'><strong>per-</strong></span> 
     </span>
    </p>
   </div>
   <div class='ocr_carea' id='block_1_5' title="bbox 454 589 2024 662">
    <p class='ocr_par' dir='ltr' id='par_1_5' title="bbox 454 589 2024 662">
     <span class='ocr_line' id='line_1_5' title="bbox 454 589 2024 662; baseline -0.003 -18"><span class='ocrx_word' id='word_1_22' title='bbox 454 599 641 655; x_wconf 86' lang='lat' dir='ltr'><strong>tatem,</strong></span> <span class='ocrx_word' id='word_1_23' title='bbox 671 589 833 662; x_wconf 77' lang='lat'><strong>693</strong></span> <span class='ocrx_word' id='word_1_24' title='bbox 878 602 1052 658; x_wconf 87' lang='lat' dir='ltr'><strong>neque</strong></span> <span class='ocrx_word' id='word_1_25' title='bbox 1082 602 1276 642; x_wconf 87' lang='lat' dir='ltr'><strong>sensus</strong></span> <span class='ocrx_word' id='word_1_26' title='bbox 1309 589 1512 644; x_wconf 89' lang='lat' dir='ltr'><strong>doloris</strong></span> <span class='ocrx_word' id='word_1_27' title='bbox 1563 589 1831 644; x_wconf 74' lang='lat' dir='ltr'><strong>ullatenus</strong></span> <span class='ocrx_word' id='word_1_28' title='bbox 1891 589 2024 642; x_wconf 91' lang='lat' dir='ltr'><strong>reci-</strong></span> 
     </span>
    </p>
   </div>
   <div class='ocr_carea' id='block_1_6' title="bbox 453 678 2022 748">
    <p class='ocr_par' dir='ltr' id='par_1_6' title="bbox 453 678 2022 748">
     <span class='ocr_line' id='line_1_6' title="bbox 453 678 2022 748; baseline 0.003 -17"><span class='ocrx_word' id='word_1_29' title='bbox 453 680 558 748; x_wconf 91' lang='lat' dir='ltr'><strong>pit,</strong></span> <span class='ocrx_word' id='word_1_30' title='bbox 590 693 764 748; x_wconf 88' lang='lat' dir='ltr'><strong>neque</strong></span> <span class='ocrx_word' id='word_1_31' title='bbox 784 678 906 734; x_wconf 89' lang='lat' dir='ltr'><strong>ullis</strong></span> <span class='ocrx_word' id='word_1_32' title='bbox 936 688 1028 733; x_wconf 88' lang='lat' dir='ltr'><strong>aut</strong></span> <span class='ocrx_word' id='word_1_33' title='bbox 1053 679 1289 748; x_wconf 84' lang='lat' dir='ltr'><strong>injuriis.</strong></span> <span class='ocrx_word' id='word_1_34' title='bbox 1316 689 1409 732; x_wconf 92' lang='lat' dir='ltr'><strong>aut</strong></span> <span class='ocrx_word' id='word_1_35' title='bbox 1439 680 1700 736; x_wconf 85' lang='lat' dir='ltr'><strong>conviciis</strong></span> <span class='ocrx_word' id='word_1_36' title='bbox 1726 681 2022 736; x_wconf 71' lang='lat' dir='ltr'><strong>excitatur?</strong></span> 
     </span>
    </p>
   </div>
   <div class='ocr_carea' id='block_1_7' title="bbox 449 770 2021 843">
    <p class='ocr_par' dir='ltr' id='par_1_7' title="bbox 449 770 2021 843">
     <span class='ocr_line' id='line_1_7' title="bbox 449 770 2021 843; baseline 0.003 -19"><span class='ocrx_word' id='word_1_37' title='bbox 449 770 598 826; x_wconf 87' lang='lat' dir='ltr'><strong>Talis</strong></span> <span class='ocrx_word' id='word_1_38' title='bbox 639 785 768 841; x_wconf 85' lang='lat' dir='ltr'><strong>ergo</strong></span> <span class='ocrx_word' id='word_1_39' title='bbox 799 771 928 836; x_wconf 85' lang='lat' dir='ltr'><strong>erit,</strong></span> <span class='ocrx_word' id='word_1_40' title='bbox 957 771 1066 825; x_wconf 91' lang='lat' dir='ltr'><strong>imo</strong></span> <span class='ocrx_word' id='word_1_41' title='bbox 1106 771 1408 826; x_wconf 77' lang='lat' dir='ltr'><strong>imitabitur</strong></span> <span class='ocrx_word' id='word_1_42' title='bbox 1434 774 1593 827; x_wconf 88' lang='lat' dir='ltr'><strong>talem</strong></span> <span class='ocrx_word' id='word_1_43' title='bbox 1622 774 1802 828; x_wconf 90' lang='lat' dir='ltr'><strong>omnis</strong></span> <span class='ocrx_word' id='word_1_44' title='bbox 1835 774 2021 843; x_wconf 78' lang='lat' dir='ltr'><strong>perfe-</strong></span> 
     </span>
    </p>
   </div>
   <div class='ocr_carea' id='block_1_8' title="bbox 447 861 2021 932">
    <p class='ocr_par' dir='ltr' id='par_1_8' title="bbox 447 861 2021 932">
     <span class='ocr_line' id='line_1_8' title="bbox 447 861 2021 932; baseline 0.003 -18"><span class='ocrx_word' id='word_1_45' title='bbox 447 873 570 916; x_wconf 89' lang='lat' dir='ltr'><strong>ctus</strong></span> <span class='ocrx_word' id='word_1_46' title='bbox 599 871 651 915; x_wconf 88' lang='lat' dir='ltr'><strong>et</strong></span> <span class='ocrx_word' id='word_1_47' title='bbox 675 861 879 930; x_wconf 84' lang='lat' dir='ltr'><strong>justus,</strong></span> <span class='ocrx_word' id='word_1_48' title='bbox 925 861 1102 930; x_wconf 85' lang='lat' dir='ltr'><strong>qualis</strong></span> <span class='ocrx_word' id='word_1_49' title='bbox 1129 872 1248 917; x_wconf 91' lang='lat' dir='ltr'><strong>erat</strong></span> <span class='ocrx_word' id='word_1_50' title='bbox 1280 863 1367 916; x_wconf 89' lang='lat' dir='ltr'><strong>ille</strong></span> <span class='ocrx_word' id='word_1_51' title='bbox 1392 863 1480 932; x_wconf 86' lang='lat' dir='ltr'><strong>qui</strong></span> <span class='ocrx_word' id='word_1_52' title='bbox 1513 864 1762 918; x_wconf 89' lang='lat' dir='ltr'><strong>dicebat:</strong></span> <span class='ocrx_word' id='word_1_53' title='bbox 1791 865 2021 919; x_wconf 79' lang='lat' dir='ltr'><strong>Maledi-</strong></span> 
     </span>
    </p>
   </div>
   <div class='ocr_carea' id='block_1_9' title="bbox 445 953 2020 1024">
    <p class='ocr_par' dir='ltr' id='par_1_9' title="bbox 445 953 2020 1024">
     <span class='ocr_line' id='line_1_9' title="bbox 445 953 2020 1024; baseline 0.004 -19"><span class='ocrx_word' id='word_1_54' title='bbox 445 956 615 1005; x_wconf 86' lang='lat' dir='ltr'><strong>cintur</strong></span> <span class='ocrx_word' id='word_1_55' title='bbox 640 962 686 1004; x_wconf 90' lang='lat' dir='ltr'><strong>et</strong></span> <span class='ocrx_word' id='word_1_56' title='bbox 715 953 1090 1012; x_wconf 85' lang='lat' dir='ltr'><strong>benedicimus.</strong></span> <span class='ocrx_word' id='word_1_57' title='bbox 1119 957 1538 1022; x_wconf 77' lang='lat' dir='ltr'><strong>persecutionem</strong></span> <span class='ocrx_word' id='word_1_58' title='bbox 1565 959 1805 1024; x_wconf 82' lang='lat' dir='ltr'><strong>patimur</strong></span> <span class='ocrx_word' id='word_1_59' title='bbox 1827 969 1875 1012; x_wconf 89' lang='lat' dir='ltr'><strong>et</strong></span> <span class='ocrx_word' id='word_1_60' title='bbox 1903 976 2020 1012; x_wconf 86' lang='lat' dir='ltr'><strong>sus-</strong></span> 
     </span>
    </p>
   </div>
   <div class='ocr_carea' id='block_1_10' title="bbox 443 1043 2018 1114">
    <p class='ocr_par' dir='ltr' id='par_1_10' title="bbox 443 1043 2018 1114">
     <span class='ocr_line' id='line_1_10' title="bbox 443 1043 2018 1114; baseline 0.004 -19"><span class='ocrx_word' id='word_1_61' title='bbox 443 1046 690 1107; x_wconf 89' lang='lat' dir='ltr'><strong>tinemus,</strong></span> <span class='ocrx_word' id='word_1_62' title='bbox 737 1043 1078 1114; x_wconf 79' lang='lat' dir='ltr'><strong>blasphemati</strong></span> <span class='ocrx_word' id='word_1_63' title='bbox 1123 1044 1485 1108; x_wconf 82' lang='lat' dir='ltr'><strong>deprecamur.</strong></span> <span class='ocrx_word' id='word_1_64' title='bbox 1532 1046 1631 1112; x_wconf 85' lang='lat' dir='ltr'><strong>Qui</strong></span> <span class='ocrx_word' id='word_1_65' title='bbox 1675 1058 1852 1102; x_wconf 88' lang='lat' dir='ltr'><strong>autem</strong></span> <span class='ocrx_word' id='word_1_66' title='bbox 1884 1064 2018 1102; x_wconf 87' lang='lat' dir='ltr'><strong>non-</strong></span> 
     </span>
    </p>
   </div>
   <div class='ocr_carea' id='block_1_11' title="bbox 448 1134 2013 1204">
    <p class='ocr_par' dir='ltr' id='par_1_11' title="bbox 448 1134 2013 1204">
     <span class='ocr_line' id='line_1_11' title="bbox 448 1134 2013 1204; baseline 0.006 -20"><span class='ocrx_word' id='word_1_67' title='bbox 448 1135 574 1186; x_wconf 82' lang='lat' dir='ltr'><strong>dum</strong></span> <span class='ocrx_word' id='word_1_68' title='bbox 625 1145 707 1188; x_wconf 82' lang='lat' dir='ltr'><strong>est</strong></span> <span class='ocrx_word' id='word_1_69' title='bbox 755 1134 1051 1203; x_wconf 80' lang='lat' dir='ltr'><strong>perfectus,</strong></span> <span class='ocrx_word' id='word_1_70' title='bbox 1080 1135 1293 1202; x_wconf 87' lang='lat' dir='ltr'><strong>prolicit</strong></span> <span class='ocrx_word' id='word_1_71' title='bbox 1343 1146 1543 1204; x_wconf 87' lang='lat' dir='ltr'><strong>tamen,</strong></span> <span class='ocrx_word' id='word_1_72' title='bbox 1577 1154 1698 1193; x_wconf 89' lang='lat' dir='ltr'><strong>cum</strong></span> <span class='ocrx_word' id='word_1_73' title='bbox 1741 1141 2013 1194; x_wconf 84' lang='lat' dir='ltr'><strong>maledici-</strong></span> 
     </span>
    </p>
   </div>
   <div class='ocr_carea' id='block_1_12' title="bbox 447 1225 2016 1286">
    <p class='ocr_par' dir='ltr' id='par_1_12' title="bbox 447 1225 2016 1286">
     <span class='ocr_line' id='line_1_12' title="bbox 447 1225 2016 1286; baseline 0.004 -6"><span class='ocrx_word' id='word_1_74' title='bbox 447 1233 537 1280; x_wconf 84' lang='lat' dir='ltr'><strong>tur</strong></span> <span class='ocrx_word' id='word_1_75' title='bbox 572 1225 902 1282; x_wconf 83' lang='lat' dir='ltr'><strong>obmutescit</strong></span> <span class='ocrx_word' id='word_1_76' title='bbox 931 1238 986 1283; x_wconf 90' lang='lat' dir='ltr'><strong>ct</strong></span> <span class='ocrx_word' id='word_1_77' title='bbox 1028 1229 1344 1284; x_wconf 83' lang='lat' dir='ltr'><strong>huntiliatur</strong></span> <span class='ocrx_word' id='word_1_78' title='bbox 1378 1238 1431 1284; x_wconf 92' lang='lat' dir='ltr'><strong>et</strong></span> <span class='ocrx_word' id='word_1_79' title='bbox 1478 1229 1600 1285; x_wconf 91' lang='lat' dir='ltr'><strong>silet</strong></span> <span class='ocrx_word' id='word_1_80' title='bbox 1625 1246 1655 1284; x_wconf 91' lang='lat' dir='ltr'><strong>a</strong></span> <span class='ocrx_word' id='word_1_81' title='bbox 1687 1231 1859 1286; x_wconf 90' lang='lat' dir='ltr'><strong>bonis.</strong></span> <span class='ocrx_word' id='word_1_82' title='bbox 1909 1232 2016 1286; x_wconf 80' lang='lat' dir='ltr'><strong>Sed</strong></span> 
     </span>
    </p>
   </div>
   <div class='ocr_carea' id='block_1_13' title="bbox 445 1318 2018 1386">
    <p class='ocr_par' dir='ltr' id='par_1_13' title="bbox 445 1318 2018 1386">
     <span class='ocr_line' id='line_1_13' title="bbox 445 1318 2018 1386; baseline 0.003 -16"><span class='ocrx_word' id='word_1_83' title='bbox 445 1318 547 1370; x_wconf 91' lang='lat' dir='ltr'><strong>iste</strong></span> <span class='ocrx_word' id='word_1_84' title='bbox 594 1319 684 1386; x_wconf 81' lang='lat' dir='ltr'><strong>qui</strong></span> <span class='ocrx_word' id='word_1_85' title='bbox 742 1318 1051 1385; x_wconf 77' lang='lat' dir='ltr'><strong>Itujusutodi</strong></span> <span class='ocrx_word' id='word_1_86' title='bbox 1108 1329 1192 1375; x_wconf 90' lang='lat' dir='ltr'><strong>est</strong></span> <span class='ocrx_word' id='word_1_87' title='bbox 1245 1321 1388 1385; x_wconf 81' lang='lat' dir='ltr'><strong>dolet</strong></span> <span class='ocrx_word' id='word_1_88' title='bbox 1430 1331 1486 1375; x_wconf 89' lang='lat' dir='ltr'><strong>et</strong></span> <span class='ocrx_word' id='word_1_89' title='bbox 1534 1322 1711 1376; x_wconf 77' lang='lat' dir='ltr'><strong>dicit:</strong></span> <span class='ocrx_word' id='word_1_90' title='bbox 1757 1322 1826 1377; x_wconf 79' lang='lat' dir='ltr'><strong>Et</strong></span> <span class='ocrx_word' id='word_1_91' title='bbox 1865 1323 2018 1377; x_wconf 86' lang='lat' dir='ltr'><strong>dolor</strong></span> 
     </span>
    </p>
   </div>
   <div class='ocr_carea' id='block_1_14' title="bbox 443 1411 2017 1482">
    <p class='ocr_par' dir='ltr' id='par_1_14' title="bbox 443 1411 2017 1482">
     <span class='ocr_line' id='line_1_14' title="bbox 443 1411 2017 1482; baseline 0.005 -22"><span class='ocrx_word' id='word_1_92' title='bbox 443 1424 585 1463; x_wconf 82' lang='lat' dir='ltr'><strong>meus</strong></span> <span class='ocrx_word' id='word_1_93' title='bbox 616 1421 902 1464; x_wconf 86' lang='lat' dir='ltr'><strong>renovatus</strong></span> <span class='ocrx_word' id='word_1_94' title='bbox 933 1421 1032 1465; x_wconf 86' lang='lat' dir='ltr'><strong>est.</strong></span> <span class='ocrx_word' id='word_1_95' title='bbox 1061 1411 1318 1467; x_wconf 88' lang='lat' dir='ltr'><strong>Describe</strong></span> <span class='ocrx_word' id='word_1_96' title='bbox 1352 1413 1480 1466; x_wconf 88' lang='lat' dir='ltr'><strong>tnilti</strong></span> <span class='ocrx_word' id='word_1_97' title='bbox 1518 1413 1715 1468; x_wconf 80' lang='lat' dir='ltr'><strong>vulnus</strong></span> <span class='ocrx_word' id='word_1_98' title='bbox 1750 1415 1890 1482; x_wconf 90' lang='lat' dir='ltr'><strong>quod</strong></span> <span class='ocrx_word' id='word_1_99' title='bbox 1922 1430 2017 1468; x_wconf 92' lang='lat' dir='ltr'><strong>cu-</strong></span> 
     </span>
    </p>
   </div>
   <div class='ocr_carea' id='block_1_15' title="bbox 448 1501 2014 1574">
    <p class='ocr_par' dir='ltr' id='par_1_15' title="bbox 448 1501 2014 1574">
     <span class='ocr_line' id='line_1_15' title="bbox 448 1501 2014 1574; baseline 0.006 -25"><span class='ocrx_word' id='word_1_100' title='bbox 448 1507 623 1564; x_wconf 84' lang='lat' dir='ltr'><strong>ratur,</strong></span> <span class='ocrx_word' id='word_1_101' title='bbox 650 1508 703 1551; x_wconf 87' lang='lat' dir='ltr'><strong>ct</strong></span> <span class='ocrx_word' id='word_1_102' title='bbox 731 1515 916 1555; x_wconf 90' lang='lat' dir='ltr'><strong>curam</strong></span> <span class='ocrx_word' id='word_1_103' title='bbox 949 1501 1064 1569; x_wconf 86' lang='lat' dir='ltr'><strong>ejus</strong></span> <span class='ocrx_word' id='word_1_104' title='bbox 1099 1503 1473 1570; x_wconf 82' lang='lat' dir='ltr'><strong>proﬁcientem</strong></span> <span class='ocrx_word' id='word_1_105' title='bbox 1501 1515 1553 1558; x_wconf 90' lang='lat' dir='ltr'><strong>et</strong></span> <span class='ocrx_word' id='word_1_106' title='bbox 1573 1504 1687 1572; x_wconf 87' lang='lat' dir='ltr'><strong>jam</strong></span> <span class='ocrx_word' id='word_1_107' title='bbox 1711 1506 2014 1574; x_wconf 83' lang='lat' dir='ltr'><strong>proximam</strong></span> 
     </span>
    </p>
   </div>
   <div class='ocr_carea' id='block_1_16' title="bbox 445 1590 2015 1667">
    <p class='ocr_par' dir='ltr' id='par_1_16' title="bbox 445 1590 2015 1667">
     <span class='ocr_line' id='line_1_16' title="bbox 445 1590 2015 1667; baseline 0.006 -24"><span class='ocrx_word' id='word_1_108' title='bbox 445 1590 694 1644; x_wconf 89' lang='lat' dir='ltr'><strong>cicatrici</strong></span> <span class='ocrx_word' id='word_1_109' title='bbox 726 1601 879 1645; x_wconf 87' lang='lat' dir='ltr'><strong>:tum</strong></span> <span class='ocrx_word' id='word_1_110' title='bbox 906 1593 1099 1648; x_wconf 90' lang='lat' dir='ltr'><strong>deinde</strong></span> <span class='ocrx_word' id='word_1_111' title='bbox 1130 1595 1181 1648; x_wconf 89' lang='lat' dir='ltr'><strong>in</strong></span> <span class='ocrx_word' id='word_1_112' title='bbox 1211 1593 1328 1664; x_wconf 88' lang='lat' dir='ltr'><strong>ipso</strong></span> <span class='ocrx_word' id='word_1_113' title='bbox 1351 1595 1573 1652; x_wconf 88' lang='lat' dir='ltr'><strong>vulnere</strong></span> <span class='ocrx_word' id='word_1_114' title='bbox 1593 1599 1738 1666; x_wconf 90' lang='lat' dir='ltr'><strong>quod</strong></span> <span class='ocrx_word' id='word_1_115' title='bbox 1761 1599 1872 1667; x_wconf 88' lang='lat' dir='ltr'><strong>jam</strong></span> <span class='ocrx_word' id='word_1_116' title='bbox 1904 1613 2015 1653; x_wconf 76' lang='lat' dir='ltr'><strong>cce-</strong></span> 
     </span>
    </p>
   </div>
   <div class='ocr_carea' id='block_1_17' title="bbox 444 1685 2016 1751">
    <p class='ocr_par' dir='ltr' id='par_1_17' title="bbox 444 1685 2016 1751">
     <span class='ocr_line' id='line_1_17' title="bbox 444 1685 2016 1751; baseline 0.005 -15"><span class='ocrx_word' id='word_1_117' title='bbox 444 1691 596 1751; x_wconf 88' lang='lat' dir='ltr'><strong>perat</strong></span> <span class='ocrx_word' id='word_1_118' title='bbox 627 1685 896 1740; x_wconf 85' lang='lat' dir='ltr'><strong>obducere</strong></span> <span class='ocrx_word' id='word_1_119' title='bbox 920 1685 1256 1751; x_wconf 86' lang='lat' dir='ltr'><strong>cicatricem,</strong></span> <span class='ocrx_word' id='word_1_120' title='bbox 1295 1686 1510 1741; x_wconf 90' lang='lat' dir='ltr'><strong>intuere</strong></span> <span class='ocrx_word' id='word_1_121' title='bbox 1534 1687 1675 1741; x_wconf 88' lang='lat' dir='ltr'><strong>aliud</strong></span> <span class='ocrx_word' id='word_1_122' title='bbox 1706 1689 1903 1744; x_wconf 85' lang='lat' dir='ltr'><strong>vulnus</strong></span> <span class='ocrx_word' id='word_1_123' title='bbox 1935 1693 2016 1743; x_wconf 81' lang='lat' dir='ltr'><strong>in-</strong></span> 
     </span>
    </p>
   </div>
   <div class='ocr_carea' id='block_1_18' title="bbox 443 1773 2008 1848">
    <p class='ocr_par' dir='ltr' id='par_1_18' title="bbox 443 1773 2008 1848">
     <span class='ocr_line' id='line_1_18' title="bbox 443 1773 2008 1848; baseline 0.006 -22"><span class='ocrx_word' id='word_1_124' title='bbox 443 1773 576 1845; x_wconf 81' lang='lat' dir='ltr'><strong>ﬂigi,</strong></span> <span class='ocrx_word' id='word_1_125' title='bbox 618 1785 671 1829; x_wconf 92' lang='lat' dir='ltr'><strong>et</strong></span> <span class='ocrx_word' id='word_1_126' title='bbox 701 1791 797 1844; x_wconf 92' lang='lat' dir='ltr'><strong>per</strong></span> <span class='ocrx_word' id='word_1_127' title='bbox 821 1775 921 1830; x_wconf 90' lang='lat' dir='ltr'><strong>hoc</strong></span> <span class='ocrx_word' id='word_1_128' title='bbox 949 1775 1142 1830; x_wconf 86' lang='lat' dir='ltr'><strong>vulnus</strong></span> <span class='ocrx_word' id='word_1_129' title='bbox 1182 1792 1397 1841; x_wconf 88' lang='lat' dir='ltr'><strong>recens,</strong></span> <span class='ocrx_word' id='word_1_130' title='bbox 1441 1779 1570 1833; x_wconf 87' lang='lat' dir='ltr'><strong>illttd</strong></span> <span class='ocrx_word' id='word_1_131' title='bbox 1604 1779 1896 1848; x_wconf 91' lang='lat' dir='ltr'><strong>pristinum</strong></span> <span class='ocrx_word' id='word_1_132' title='bbox 1924 1797 2008 1836; x_wconf 84' lang='lat' dir='ltr'><strong>re—</strong></span> 
     </span>
    </p>
   </div>
   <div class='ocr_carea' id='block_1_19' title="bbox 446 1839 2086 1940">
    <p class='ocr_par' dir='ltr' id='par_1_19' title="bbox 446 1839 2086 1940">
     <span class='ocr_line' id='line_1_19' title="bbox 446 1839 2086 1940; baseline 0.007 -24"><span class='ocrx_word' id='word_1_133' title='bbox 446 1881 668 1920; x_wconf 82' lang='lat' dir='ltr'><strong>novare.</strong></span> <span class='ocrx_word' id='word_1_134' title='bbox 706 1867 836 1922; x_wconf 86' lang='lat' dir='ltr'><strong>Tale</strong></span> <span class='ocrx_word' id='word_1_135' title='bbox 891 1868 1054 1921; x_wconf 80' lang='lat' dir='ltr'><strong>etiam</strong></span> <span class='ocrx_word' id='word_1_136' title='bbox 1101 1869 1286 1924; x_wconf 84' lang='lat' dir='ltr'><strong>evenit</strong></span> <span class='ocrx_word' id='word_1_137' title='bbox 1331 1870 1459 1925; x_wconf 87' lang='lat' dir='ltr'><strong>huic</strong></span> <span class='ocrx_word' id='word_1_138' title='bbox 1500 1871 1595 1940; x_wconf 92' lang='lat' dir='ltr'><strong>qui</strong></span> <span class='ocrx_word' id='word_1_139' title='bbox 1641 1872 1876 1940; x_wconf 85' lang='lat' dir='ltr'><strong>prolicit,</strong></span> <span class='ocrx_word' id='word_1_140' title='bbox 1916 1874 2010 1928; x_wconf 91' lang='lat' dir='ltr'><strong>sed</strong></span> <span class='ocrx_word' id='word_1_141' title='bbox 2045 1839 2086 1892; x_wconf 71' lang='grc' dir='ltr'><strong>Β</strong></span> 
     </span>
    </p>
   </div>
   <div class='ocr_carea' id='block_1_20' title="bbox 443 1955 2018 2030">
    <p class='ocr_par' dir='ltr' id='par_1_20' title="bbox 443 1955 2018 2030">
     <span class='ocr_line' id='line_1_20' title="bbox 443 1955 2018 2030; baseline 0.003 -20"><span class='ocrx_word' id='word_1_142' title='bbox 443 1959 681 2010; x_wconf 90' lang='lat' dir='ltr'><strong>nondum</strong></span> <span class='ocrx_word' id='word_1_143' title='bbox 709 1955 982 2024; x_wconf 82' lang='lat' dir='ltr'><strong>perlectus</strong></span> <span class='ocrx_word' id='word_1_144' title='bbox 1011 1965 1116 2021; x_wconf 92' lang='lat' dir='ltr'><strong>est,</strong></span> <span class='ocrx_word' id='word_1_145' title='bbox 1149 1973 1248 2013; x_wconf 86' lang='lat' dir='ltr'><strong>nec</strong></span> <span class='ocrx_word' id='word_1_146' title='bbox 1279 1957 1386 2026; x_wconf 78' lang='lat' dir='ltr'><strong>iam</strong></span> <span class='ocrx_word' id='word_1_147' title='bbox 1417 1961 1483 2012; x_wconf 92' lang='lat' dir='ltr'><strong>ad</strong></span> <span class='ocrx_word' id='word_1_148' title='bbox 1513 1976 1778 2014; x_wconf 89' lang='lat' dir='ltr'><strong>summam</strong></span> <span class='ocrx_word' id='word_1_149' title='bbox 1828 1964 2018 2030; x_wconf 86' lang='lat' dir='ltr'><strong>perdu-</strong></span> 
     </span>
    </p>
   </div>
   <div class='ocr_carea' id='block_1_21' title="bbox 441 2048 2015 2120">
    <p class='ocr_par' dir='ltr' id='par_1_21' title="bbox 441 2048 2015 2120">
     <span class='ocr_line' id='line_1_21' title="bbox 441 2048 2015 2120; baseline 0.005 -21"><span class='ocrx_word' id='word_1_150' title='bbox 441 2055 564 2101; x_wconf 91' lang='lat' dir='ltr'><strong>ctus</strong></span> <span class='ocrx_word' id='word_1_151' title='bbox 607 2057 695 2101; x_wconf 66' lang='lat' dir='ltr'><strong>est</strong></span> <span class='ocrx_word' id='word_1_152' title='bbox 740 2048 1051 2102; x_wconf 86' lang='lat' dir='ltr'><strong>sanitatem.</strong></span> <span class='ocrx_word' id='word_1_153' title='bbox 1104 2049 1159 2104; x_wconf 90' lang='lat' dir='ltr'><strong>Si</strong></span> <span class='ocrx_word' id='word_1_154' title='bbox 1208 2064 1337 2120; x_wconf 89' lang='lat' dir='ltr'><strong>ergo</strong></span> <span class='ocrx_word' id='word_1_155' title='bbox 1367 2051 1491 2103; x_wconf 88' lang='lat' dir='ltr'><strong>dum</strong></span> <span class='ocrx_word' id='word_1_156' title='bbox 1536 2052 1712 2105; x_wconf 86' lang='lat' dir='ltr'><strong>adhuc</strong></span> <span class='ocrx_word' id='word_1_157' title='bbox 1740 2054 1789 2106; x_wconf 91' lang='lat' dir='ltr'><strong>in</strong></span> <span class='ocrx_word' id='word_1_158' title='bbox 1827 2062 2015 2108; x_wconf 91' lang='lat' dir='ltr'><strong>tenero</strong></span> 
     </span>
    </p>
   </div>
   <div class='ocr_carea' id='block_1_22' title="bbox 440 2137 2013 2202">
    <p class='ocr_par' dir='ltr' id='par_1_22' title="bbox 440 2137 2013 2202">
     <span class='ocr_line' id='line_1_22' title="bbox 440 2137 2013 2202; baseline 0.002 -11"><span class='ocrx_word' id='word_1_159' title='bbox 440 2149 525 2192; x_wconf 83' lang='lat' dir='ltr'><strong>est</strong></span> <span class='ocrx_word' id='word_1_160' title='bbox 572 2137 733 2202; x_wconf 87' lang='lat' dir='ltr'><strong>cutis,</strong></span> <span class='ocrx_word' id='word_1_161' title='bbox 774 2140 1036 2193; x_wconf 82' lang='lat' dir='ltr'><strong>accedant</strong></span> <span class='ocrx_word' id='word_1_162' title='bbox 1082 2140 1128 2193; x_wconf 90' lang='lat' dir='ltr'><strong>ci</strong></span> <span class='ocrx_word' id='word_1_163' title='bbox 1175 2141 1590 2194; x_wconf 82' lang='lat' dir='ltr'><strong>maledictorum</strong></span> <span class='ocrx_word' id='word_1_164' title='bbox 1641 2152 1695 2196; x_wconf 84' lang='lat' dir='ltr'><strong>et</strong></span> <span class='ocrx_word' id='word_1_165' title='bbox 1733 2145 2013 2198; x_wconf 81' lang='lat' dir='ltr'><strong>convicio-</strong></span> 
     </span>
    </p>
   </div>
   <div class='ocr_carea' id='block_1_23' title="bbox 444 2227 2013 2303">
    <p class='ocr_par' dir='ltr' id='par_1_23' title="bbox 444 2227 2013 2303">
     <span class='ocr_line' id='line_1_23' title="bbox 444 2227 2013 2303; baseline 0.005 -23"><span class='ocrx_word' id='word_1_166' title='bbox 444 2243 565 2281; x_wconf 89' lang='lat' dir='ltr'><strong>rum</strong></span> <span class='ocrx_word' id='word_1_167' title='bbox 598 2227 1164 2293; x_wconf 88' lang='lat' dir='ltr'><strong>vulnera,renovatur</strong></span> <span class='ocrx_word' id='word_1_168' title='bbox 1211 2231 1386 2295; x_wconf 87' lang='lat' dir='ltr'><strong>dolor,</strong></span> <span class='ocrx_word' id='word_1_169' title='bbox 1436 2242 1488 2284; x_wconf 91' lang='lat' dir='ltr'><strong>et</strong></span> <span class='ocrx_word' id='word_1_170' title='bbox 1533 2246 1792 2300; x_wconf 88' lang='lat' dir='ltr'><strong>parantur</strong></span> <span class='ocrx_word' id='word_1_171' title='bbox 1844 2249 2013 2303; x_wconf 83' lang='lat' dir='ltr'><strong>angu-</strong></span> 
     </span>
    </p>
   </div>
   <div class='ocr_carea' id='block_1_24' title="bbox 439 2321 2014 2394">
    <p class='ocr_par' dir='ltr' id='par_1_24' title="bbox 439 2321 2014 2394">
     <span class='ocr_line' id='line_1_24' title="bbox 439 2321 2014 2394; baseline 0.004 -23"><span class='ocrx_word' id='word_1_172' title='bbox 439 2321 577 2380; x_wconf 67' lang='lat' dir='ltr'><strong>stim,</strong></span> <span class='ocrx_word' id='word_1_173' title='bbox 607 2329 662 2375; x_wconf 91' lang='lat' dir='ltr'><strong>et</strong></span> <span class='ocrx_word' id='word_1_174' title='bbox 705 2330 834 2375; x_wconf 92' lang='lat' dir='ltr'><strong>tunc</strong></span> <span class='ocrx_word' id='word_1_175' title='bbox 876 2322 1070 2376; x_wconf 91' lang='lat' dir='ltr'><strong>merito</strong></span> <span class='ocrx_word' id='word_1_176' title='bbox 1109 2322 1283 2377; x_wconf 89' lang='lat' dir='ltr'><strong>dicit:</strong></span> <span class='ocrx_word' id='word_1_177' title='bbox 1316 2323 1449 2375; x_wconf 86' lang='lat' dir='ltr'><strong>Dum</strong></span> <span class='ocrx_word' id='word_1_178' title='bbox 1487 2325 1724 2378; x_wconf 81' lang='lat' dir='ltr'><strong>constitit</strong></span> <span class='ocrx_word' id='word_1_179' title='bbox 1772 2339 2014 2394; x_wconf 85' lang='lat' dir='ltr'><strong>peccator</strong></span> 
     </span>
    </p>
   </div>
   <div class='ocr_carea' id='block_1_25' title="bbox 439 2413 2009 2482">
    <p class='ocr_par' dir='ltr' id='par_1_25' title="bbox 439 2413 2009 2482">
     <span class='ocr_line' id='line_1_25' title="bbox 439 2413 2009 2482; baseline 0.005 -16"><span class='ocrx_word' id='word_1_180' title='bbox 439 2413 712 2466; x_wconf 78' lang='lat' dir='ltr'><strong>adversum</strong></span> <span class='ocrx_word' id='word_1_181' title='bbox 747 2431 847 2479; x_wconf 89' lang='lat' dir='ltr'><strong>me,</strong></span> <span class='ocrx_word' id='word_1_182' title='bbox 881 2416 1114 2468; x_wconf 85' lang='lat' dir='ltr'><strong>obmutui</strong></span> <span class='ocrx_word' id='word_1_183' title='bbox 1151 2425 1199 2468; x_wconf 90' lang='lat' dir='ltr'><strong>et</strong></span> <span class='ocrx_word' id='word_1_184' title='bbox 1237 2416 1548 2469; x_wconf 79' lang='lat' dir='ltr'><strong>humiliatus</strong></span> <span class='ocrx_word' id='word_1_185' title='bbox 1581 2434 1717 2482; x_wconf 86' lang='lat' dir='ltr'><strong>sum,</strong></span> <span class='ocrx_word' id='word_1_186' title='bbox 1752 2428 1801 2472; x_wconf 82' lang='lat' dir='ltr'><strong>et</strong></span> <span class='ocrx_word' id='word_1_187' title='bbox 1831 2419 1957 2473; x_wconf 87' lang='lat' dir='ltr'><strong>silui</strong></span> <span class='ocrx_word' id='word_1_188' title='bbox 1979 2439 2009 2474; x_wconf 91' lang='lat' dir='ltr'><strong>a</strong></span> 
     </span>
    </p>
   </div>
   <div class='ocr_carea' id='block_1_26' title="bbox 437 2503 2008 2586">
    <p class='ocr_par' dir='ltr' id='par_1_26' title="bbox 437 2503 2008 2586">
     <span class='ocr_line' id='line_1_26' title="bbox 437 2503 2008 2586; baseline 0.007 -32"><span class='ocrx_word' id='word_1_189' title='bbox 437 2503 605 2567; x_wconf 83' lang='lat' dir='ltr'><strong>bonis,</strong></span> <span class='ocrx_word' id='word_1_190' title='bbox 630 2517 676 2557; x_wconf 86' lang='lat' dir='ltr'><strong>et</strong></span> <span class='ocrx_word' id='word_1_191' title='bbox 726 2505 879 2558; x_wconf 83' lang='lat' dir='ltr'><strong>dolor</strong></span> <span class='ocrx_word' id='word_1_192' title='bbox 917 2522 1062 2559; x_wconf 88' lang='lat' dir='ltr'><strong>meus</strong></span> <span class='ocrx_word' id='word_1_193' title='bbox 1087 2517 1363 2561; x_wconf 89' lang='lat' dir='ltr'><strong>renovatus</strong></span> <span class='ocrx_word' id='word_1_194' title='bbox 1400 2517 1497 2561; x_wconf 82' lang='lat' dir='ltr'><strong>est.</strong></span> <span class='ocrx_word' id='word_1_195' title='bbox 1541 2506 1669 2562; x_wconf 83' lang='lat' dir='ltr'><strong>Vide</strong></span> <span class='ocrx_word' id='word_1_196' title='bbox 1707 2526 1836 2582; x_wconf 85' lang='lat' dir='ltr'><strong>ergo</strong></span> <span class='ocrx_word' id='word_1_197' title='bbox 1869 2527 2008 2586; x_wconf 70' lang='lat' dir='ltr'><strong>quo-</strong></span> 
     </span>
    </p>
   </div>
   <div class='ocr_carea' id='block_1_27' title="bbox 440 2595 2010 2670">
    <p class='ocr_par' dir='ltr' id='par_1_27' title="bbox 440 2595 2010 2670">
     <span class='ocr_line' id='line_1_27' title="bbox 440 2595 2010 2670; baseline 0.006 -24"><span class='ocrx_word' id='word_1_198' title='bbox 440 2595 598 2648; x_wconf 90' lang='lat' dir='ltr'><strong>modo</strong></span> <span class='ocrx_word' id='word_1_199' title='bbox 632 2595 678 2649; x_wconf 89' lang='lat' dir='ltr'><strong>is</strong></span> <span class='ocrx_word' id='word_1_200' title='bbox 705 2595 796 2665; x_wconf 88' lang='lat' dir='ltr'><strong>qui</strong></span> <span class='ocrx_word' id='word_1_201' title='bbox 833 2599 887 2650; x_wconf 92' lang='lat' dir='ltr'><strong>ln</strong></span> <span class='ocrx_word' id='word_1_202' title='bbox 919 2598 1220 2653; x_wconf 88' lang='lat' dir='ltr'><strong>certamine</strong></span> <span class='ocrx_word' id='word_1_203' title='bbox 1262 2599 1469 2668; x_wconf 88' lang='lat' dir='ltr'><strong>positus</strong></span> <span class='ocrx_word' id='word_1_204' title='bbox 1499 2609 1602 2665; x_wconf 87' lang='lat' dir='ltr'><strong>est,</strong></span> <span class='ocrx_word' id='word_1_205' title='bbox 1631 2601 1720 2670; x_wconf 90' lang='lat' dir='ltr'><strong>qui</strong></span> <span class='ocrx_word' id='word_1_206' title='bbox 1750 2616 1810 2656; x_wconf 90' lang='lat' dir='ltr'><strong>se</strong></span> <span class='ocrx_word' id='word_1_207' title='bbox 1839 2603 2010 2656; x_wconf 82' lang='lat' dir='ltr'><strong>refre-</strong></span> 
     </span>
    </p>
   </div>
   <div class='ocr_carea' id='block_1_28' title="bbox 439 2687 2008 2763">
    <p class='ocr_par' dir='ltr' id='par_1_28' title="bbox 439 2687 2008 2763">
     <span class='ocr_line' id='line_1_28' title="bbox 439 2687 2008 2763; baseline 0.007 -27"><span class='ocrx_word' id='word_1_208' title='bbox 439 2701 571 2740; x_wconf 88' lang='lat' dir='ltr'><strong>nare</strong></span> <span class='ocrx_word' id='word_1_209' title='bbox 616 2688 766 2756; x_wconf 91' lang='lat' dir='ltr'><strong>cupit</strong></span> <span class='ocrx_word' id='word_1_210' title='bbox 805 2687 874 2742; x_wconf 91' lang='lat' dir='ltr'><strong>ab</strong></span> <span class='ocrx_word' id='word_1_211' title='bbox 919 2688 1200 2742; x_wconf 86' lang='lat' dir='ltr'><strong>iracundia</strong></span> <span class='ocrx_word' id='word_1_212' title='bbox 1250 2689 1330 2742; x_wconf 87' lang='lat' dir='ltr'><strong>vel</strong></span> <span class='ocrx_word' id='word_1_213' title='bbox 1388 2690 1589 2753; x_wconf 83' lang='lat' dir='ltr'><strong>furore,</strong></span> <span class='ocrx_word' id='word_1_214' title='bbox 1624 2701 1677 2745; x_wconf 90' lang='lat' dir='ltr'><strong>et</strong></span> <span class='ocrx_word' id='word_1_215' title='bbox 1719 2693 1845 2747; x_wconf 92' lang='lat' dir='ltr'><strong>dum</strong></span> <span class='ocrx_word' id='word_1_216' title='bbox 1894 2695 2008 2763; x_wconf 89' lang='lat' dir='ltr'><strong>ipse</strong></span> 
     </span>
    </p>
   </div>
   <div class='ocr_carea' id='block_1_29' title="bbox 442 2777 2009 2854">
    <p class='ocr_par' dir='ltr' id='par_1_29' title="bbox 442 2777 2009 2854">
     <span class='ocr_line' id='line_1_29' title="bbox 442 2777 2009 2854; baseline 0.009 -28"><span class='ocrx_word' id='word_1_217' title='bbox 442 2777 558 2830; x_wconf 62' lang='lat' dir='ltr'><strong>hate</strong></span> <span class='ocrx_word' id='word_1_218' title='bbox 598 2779 737 2846; x_wconf 83' lang='lat' dir='ltr'><strong>apud</strong></span> <span class='ocrx_word' id='word_1_219' title='bbox 783 2791 842 2832; x_wconf 88' lang='lat' dir='ltr'><strong>se</strong></span> <span class='ocrx_word' id='word_1_220' title='bbox 884 2780 1200 2844; x_wconf 87' lang='lat' dir='ltr'><strong>meditatur,</strong></span> <span class='ocrx_word' id='word_1_221' title='bbox 1231 2789 1286 2832; x_wconf 92' lang='lat' dir='ltr'><strong>et</strong></span> <span class='ocrx_word' id='word_1_222' title='bbox 1331 2781 1565 2835; x_wconf 89' lang='lat' dir='ltr'><strong>irritatio</strong></span> <span class='ocrx_word' id='word_1_223' title='bbox 1612 2784 1658 2837; x_wconf 93' lang='lat' dir='ltr'><strong>ei</strong></span> <span class='ocrx_word' id='word_1_224' title='bbox 1696 2787 2009 2854; x_wconf 82' lang='lat' dir='ltr'><strong>supervenit</strong></span> 
     </span>
    </p>
   </div>
   <div class='ocr_carea' id='block_1_30' title="bbox 440 2870 2003 2948">
    <p class='ocr_par' dir='ltr' id='par_1_30' title="bbox 440 2870 2003 2948">
     <span class='ocr_line' id='line_1_30' title="bbox 440 2870 2003 2948; baseline 0.01 -32"><span class='ocrx_word' id='word_1_225' title='bbox 440 2870 763 2933; x_wconf 86' lang='lat' dir='ltr'><strong>peccatoris,</strong></span> <span class='ocrx_word' id='word_1_226' title='bbox 815 2885 935 2940; x_wconf 71' lang='lat' dir='ltr'><strong>quae</strong></span> <span class='ocrx_word' id='word_1_227' title='bbox 965 2885 1088 2925; x_wconf 92' lang='lat' dir='ltr'><strong>eum</strong></span> <span class='ocrx_word' id='word_1_228' title='bbox 1131 2872 1418 2926; x_wconf 88' lang='lat' dir='ltr'><strong>conturbet</strong></span> <span class='ocrx_word' id='word_1_229' title='bbox 1459 2875 1677 2941; x_wconf 84' lang='lat' dir='ltr'><strong>quidem</strong></span> <span class='ocrx_word' id='word_1_230' title='bbox 1709 2885 1762 2930; x_wconf 91' lang='lat' dir='ltr'><strong>et</strong></span> <span class='ocrx_word' id='word_1_231' title='bbox 1793 2875 2003 2948; x_wconf 82' lang='lat' dir='ltr'><strong>fatiget,</strong></span> 
     </span>
    </p>
   </div>
   <div class='ocr_carea' id='block_1_31' title="bbox 439 2963 2007 3034">
    <p class='ocr_par' dir='ltr' id='par_1_31' title="bbox 439 2963 2007 3034">
     <span class='ocr_line' id='line_1_31' title="bbox 439 2963 2007 3034; baseline 0.01 -23"><span class='ocrx_word' id='word_1_232' title='bbox 439 2974 546 3012; x_wconf 89' lang='lat' dir='ltr'><strong>non</strong></span> <span class='ocrx_word' id='word_1_233' title='bbox 592 2969 767 3015; x_wconf 86' lang='lat' dir='ltr'><strong>tamen</strong></span> <span class='ocrx_word' id='word_1_234' title='bbox 803 2963 1006 3026; x_wconf 87' lang='lat' dir='ltr'><strong>vincat.</strong></span> <span class='ocrx_word' id='word_1_235' title='bbox 1037 2965 1130 3018; x_wconf 91' lang='lat' dir='ltr'><strong>sed</strong></span> <span class='ocrx_word' id='word_1_236' title='bbox 1183 2967 1432 3033; x_wconf 85' lang='lat' dir='ltr'><strong>quamvis</strong></span> <span class='ocrx_word' id='word_1_237' title='bbox 1472 2979 1797 3034; x_wconf 85' lang='lat' dir='ltr'><strong>provocetur</strong></span> <span class='ocrx_word' id='word_1_238' title='bbox 1840 2980 1895 3026; x_wconf 91' lang='lat' dir='ltr'><strong>et</strong></span> <span class='ocrx_word' id='word_1_239' title='bbox 1925 2972 2007 3026; x_wconf 93' lang='lat' dir='ltr'><strong>in-</strong></span> 
     </span>
    </p>
   </div>
   <div class='ocr_carea' id='block_1_32' title="bbox 437 3048 2002 3123">
    <p class='ocr_par' dir='ltr' id='par_1_32' title="bbox 437 3048 2002 3123">
     <span class='ocr_line' id='line_1_32' title="bbox 437 3048 2002 3123; baseline 0.01 -22"><span class='ocrx_word' id='word_1_240' title='bbox 437 3048 744 3106; x_wconf 77' lang='lat' dir='ltr'><strong>ﬂarnmetur</strong></span> <span class='ocrx_word' id='word_1_241' title='bbox 786 3053 853 3106; x_wconf 91' lang='lat' dir='ltr'><strong>ad</strong></span> <span class='ocrx_word' id='word_1_242' title='bbox 927 3057 1385 3123; x_wconf 89' lang='lat' dir='ltr'><strong>respondendum,</strong></span> <span class='ocrx_word' id='word_1_243' title='bbox 1443 3061 1758 3116; x_wconf 86' lang='lat' dir='ltr'><strong>remordens</strong></span> <span class='ocrx_word' id='word_1_244' title='bbox 1824 3071 2002 3117; x_wconf 88' lang='lat' dir='ltr'><strong>tamen</strong></span> 
     </span>
    </p>
   </div>
   <div class='ocr_carea' id='block_1_33' title="bbox 2127 589 3660 658">
    <p class='ocr_par' dir='ltr' id='par_1_33' title="bbox 2127 589 3660 658">
     <span class='ocr_line' id='line_1_33' title="bbox 2127 589 3660 658; baseline 0.002 -18"><span class='ocrx_word' id='word_1_245' title='bbox 2127 590 2397 655; x_wconf 83' lang='lat' dir='ltr'><strong>turbatur,</strong></span> <span class='ocrx_word' id='word_1_246' title='bbox 2435 589 2527 642; x_wconf 89' lang='lat' dir='ltr'><strong>sed</strong></span> <span class='ocrx_word' id='word_1_247' title='bbox 2563 604 2665 642; x_wconf 91' lang='lat' dir='ltr'><strong>non</strong></span> <span class='ocrx_word' id='word_1_248' title='bbox 2703 604 2769 642; x_wconf 90' lang='lat' dir='ltr'><strong>eo</strong></span> <span class='ocrx_word' id='word_1_249' title='bbox 2800 605 2992 658; x_wconf 86' lang='lat' dir='ltr'><strong>usque,</strong></span> <span class='ocrx_word' id='word_1_250' title='bbox 3032 598 3088 642; x_wconf 92' lang='lat' dir='ltr'><strong>ut</strong></span> <span class='ocrx_word' id='word_1_251' title='bbox 3131 602 3188 644; x_wconf 87' lang='lat' dir='ltr'><strong>et</strong></span> <span class='ocrx_word' id='word_1_252' title='bbox 3222 605 3534 644; x_wconf 82' lang='lat' dir='ltr'><strong>sermonem</strong></span> <span class='ocrx_word' id='word_1_253' title='bbox 3562 607 3660 655; x_wconf 80' lang='lat' dir='ltr'><strong>pro-</strong></span> 
     </span>
    </p>
   </div>
   <div class='ocr_carea' id='block_1_34' title="bbox 2125 677 3662 748">
    <p class='ocr_par' dir='ltr' id='par_1_34' title="bbox 2125 677 3662 748">
     <span class='ocr_line' id='line_1_34' title="bbox 2125 677 3662 748; baseline 0.001 -20"><span class='ocrx_word' id='word_1_254' title='bbox 2125 677 2265 732; x_wconf 82' lang='lat' dir='ltr'><strong>ferat</strong></span> <span class='ocrx_word' id='word_1_255' title='bbox 2298 679 2458 732; x_wconf 88' lang='lat' dir='ltr'><strong>corde</strong></span> <span class='ocrx_word' id='word_1_256' title='bbox 2495 679 2732 742; x_wconf 90' lang='lat' dir='ltr'><strong>turbato,</strong></span> <span class='ocrx_word' id='word_1_257' title='bbox 2771 694 2958 732; x_wconf 88' lang='lat' dir='ltr'><strong>verum</strong></span> <span class='ocrx_word' id='word_1_258' title='bbox 3009 680 3355 736; x_wconf 85' lang='lat' dir='ltr'><strong>concalescit</strong></span> <span class='ocrx_word' id='word_1_259' title='bbox 3394 681 3599 748; x_wconf 83' lang='lat' dir='ltr'><strong>quidem</strong></span> <span class='ocrx_word' id='word_1_260' title='bbox 3623 685 3662 731; x_wconf 80' lang='lat' dir='ltr'><strong>in</strong></span> 
     </span>
    </p>
   </div>
   <div class='ocr_carea' id='block_1_35' title="bbox 2124 770 3664 842">
    <p class='ocr_par' dir='ltr' id='par_1_35' title="bbox 2124 770 3664 842">
     <span class='ocr_line' id='line_1_35' title="bbox 2124 770 3664 842; baseline 0.002 -20"><span class='ocrx_word' id='word_1_261' title='bbox 2124 770 2482 825; x_wconf 88' lang='lat' dir='ltr'><strong>interioribus</strong></span> <span class='ocrx_word' id='word_1_262' title='bbox 2531 773 2646 825; x_wconf 91' lang='lat' dir='ltr'><strong>suis</strong></span> <span class='ocrx_word' id='word_1_263' title='bbox 2684 771 2759 825; x_wconf 91' lang='lat' dir='ltr'><strong>rei</strong></span> <span class='ocrx_word' id='word_1_264' title='bbox 2794 772 3112 838; x_wconf 68' lang='lat' dir='ltr'><strong>indignitate</strong></span> <span class='ocrx_word' id='word_1_265' title='bbox 3147 784 3460 842; x_wconf 87' lang='lat' dir='ltr'><strong>permotus,</strong></span> <span class='ocrx_word' id='word_1_266' title='bbox 3492 773 3574 827; x_wconf 83' lang='lat' dir='ltr'><strong>sed</strong></span> <span class='ocrx_word' id='word_1_267' title='bbox 3599 787 3664 825; x_wconf 80' lang='lat' dir='ltr'><strong>ca-</strong></span> 
     </span>
    </p>
   </div>
   <div class='ocr_carea' id='block_1_36' title="bbox 2123 861 3408 932">
    <p class='ocr_par' dir='ltr' id='par_1_36' title="bbox 2123 861 3408 932">
     <span class='ocr_line' id='line_1_36' title="bbox 2123 861 3408 932; baseline 0.002 -19"><span class='ocrx_word' id='word_1_268' title='bbox 2123 861 2252 916; x_wconf 92' lang='lat' dir='ltr'><strong>loris</strong></span> <span class='ocrx_word' id='word_1_269' title='bbox 2283 863 2363 916; x_wconf 86' lang='lat' dir='ltr'><strong>sui</strong></span> <span class='ocrx_word' id='word_1_270' title='bbox 2401 863 2648 916; x_wconf 86' lang='lat' dir='ltr'><strong>ﬂammas</strong></span> <span class='ocrx_word' id='word_1_271' title='bbox 2676 877 2773 930; x_wconf 89' lang='lat' dir='ltr'><strong>per</strong></span> <span class='ocrx_word' id='word_1_272' title='bbox 2807 862 3088 918; x_wconf 87' lang='lat' dir='ltr'><strong>silentium</strong></span> <span class='ocrx_word' id='word_1_273' title='bbox 3119 866 3408 932; x_wconf 89' lang='lat' dir='ltr'><strong>decoquit.</strong></span> 
     </span>
    </p>
   </div>
   <div class='ocr_carea' id='block_1_37' title="bbox 2195 941 3662 1026">
    <p class='ocr_par' dir='ltr' id='par_1_37' title="bbox 2195 941 3662 1026">
     <span class='ocr_line' id='line_1_37' title="bbox 2195 941 3662 1026; baseline 0.001 -21"><span class='ocrx_word' id='word_1_274' title='bbox 2195 941 2246 1006; x_wconf 85' lang='lat'><strong>7.</strong></span> <span class='ocrx_word' id='word_1_275' title='bbox 2293 954 2579 1010; x_wconf 83' lang='lat' dir='ltr'><strong>Videamus</strong></span> <span class='ocrx_word' id='word_1_276' title='bbox 2601 958 2762 1010; x_wconf 91' lang='lat' dir='ltr'><strong>etiam</strong></span> <span class='ocrx_word' id='word_1_277' title='bbox 2804 957 2967 1011; x_wconf 91' lang='lat' dir='ltr'><strong>alium</strong></span> <span class='ocrx_word' id='word_1_278' title='bbox 3007 971 3318 1012; x_wconf 88' lang='lat' dir='ltr'><strong>sermonem</strong></span> <span class='ocrx_word' id='word_1_279' title='bbox 3341 956 3505 1026; x_wconf 85' lang='lat' dir='ltr'><strong>justi,</strong></span> <span class='ocrx_word' id='word_1_280' title='bbox 3538 971 3662 1019; x_wconf 73' lang='lat' dir='ltr'><strong>quae</strong></span> 
     </span>
    </p>
   </div>
   <div class='ocr_carea' id='block_1_38' title="bbox 2121 1046 3667 1101">
    <p class='ocr_par' dir='ltr' id='par_1_38' title="bbox 2121 1046 3667 1101">
     <span class='ocr_line' id='line_1_38' title="bbox 2121 1046 3667 1101; baseline -0.001 -4"><span class='ocrx_word' id='word_1_281' title='bbox 2121 1055 2170 1097; x_wconf 91' lang='lat' dir='ltr'><strong>et</strong></span> <span class='ocrx_word' id='word_1_282' title='bbox 2199 1059 2411 1098; x_wconf 88' lang='lat' dir='ltr'><strong>summo</strong></span> <span class='ocrx_word' id='word_1_283' title='bbox 2454 1046 2632 1100; x_wconf 91' lang='lat' dir='ltr'><strong>studio</strong></span> <span class='ocrx_word' id='word_1_284' title='bbox 2673 1047 2930 1101; x_wconf 86' lang='lat' dir='ltr'><strong>debemus</strong></span> <span class='ocrx_word' id='word_1_285' title='bbox 2961 1046 3225 1100; x_wconf 64' lang='lat' dir='ltr'><strong>aemulari.</strong></span> <span class='ocrx_word' id='word_1_286' title='bbox 3268 1046 3336 1099; x_wconf 84' lang='lat' dir='ltr'><strong>Et</strong></span> <span class='ocrx_word' id='word_1_287' title='bbox 3383 1047 3440 1097; x_wconf 82' lang='lat' dir='ltr'><strong>in</strong></span> <span class='ocrx_word' id='word_1_288' title='bbox 3481 1046 3667 1096; x_wconf 72' lang='lat' dir='ltr'><strong>medita-</strong></span> 
     </span>
    </p>
   </div>
   <div class='ocr_carea' id='block_1_39' title="bbox 2120 1135 3663 1207">
    <p class='ocr_par' dir='ltr' id='par_1_39' title="bbox 2120 1135 3663 1207">
     <span class='ocr_line' id='line_1_39' title="bbox 2120 1135 3663 1207; baseline -0.001 -19"><span class='ocrx_word' id='word_1_289' title='bbox 2120 1138 2260 1190; x_wconf 86' lang='lat' dir='ltr'><strong>tione</strong></span> <span class='ocrx_word' id='word_1_290' title='bbox 2286 1154 2398 1189; x_wconf 89' lang='lat' dir='ltr'><strong>mea</strong></span> <span class='ocrx_word' id='word_1_291' title='bbox 2427 1138 2728 1190; x_wconf 73' lang='lat' dir='ltr'><strong>exardescet</strong></span> <span class='ocrx_word' id='word_1_292' title='bbox 2756 1138 2915 1207; x_wconf 84' lang='lat' dir='ltr'><strong>ignis.</strong></span> <span class='ocrx_word' id='word_1_293' title='bbox 2944 1137 3006 1191; x_wconf 83' lang='lat' dir='ltr'><strong>Et</strong></span> <span class='ocrx_word' id='word_1_294' title='bbox 3028 1153 3132 1206; x_wconf 82' lang='lat' dir='ltr'><strong>ego</strong></span> <span class='ocrx_word' id='word_1_295' title='bbox 3168 1139 3411 1191; x_wconf 87' lang='lat' dir='ltr'><strong>meditor</strong></span> <span class='ocrx_word' id='word_1_296' title='bbox 3442 1135 3551 1201; x_wconf 77' lang='lat'><strong>(69)</strong></span> <span class='ocrx_word' id='word_1_297' title='bbox 3577 1137 3663 1187; x_wconf 83' lang='lat' dir='ltr'><strong>elo-</strong></span> 
     </span>
    </p>
   </div>
   <div class='ocr_carea' id='block_1_40' title="bbox 2119 1225 3664 1297">
    <p class='ocr_par' dir='ltr' id='par_1_40' title="bbox 2119 1225 3664 1297">
     <span class='ocr_line' id='line_1_40' title="bbox 2119 1225 3664 1297; baseline 0.005 -19"><span class='ocrx_word' id='word_1_298' title='bbox 2119 1229 2244 1296; x_wconf 88' lang='lat' dir='ltr'><strong>quia</strong></span> <span class='ocrx_word' id='word_1_299' title='bbox 2281 1225 2594 1290; x_wconf 90' lang='lat' dir='ltr'><strong>Domini,et</strong></span> <span class='ocrx_word' id='word_1_300' title='bbox 2630 1225 2944 1297; x_wconf 85' lang='lat' dir='ltr'><strong>frequenter</strong></span> <span class='ocrx_word' id='word_1_301' title='bbox 3000 1230 3052 1282; x_wconf 85' lang='lat' dir='ltr'><strong>in</strong></span> <span class='ocrx_word' id='word_1_302' title='bbox 3108 1228 3244 1297; x_wconf 88' lang='lat' dir='ltr'><strong>ipsis</strong></span> <span class='ocrx_word' id='word_1_303' title='bbox 3297 1242 3387 1280; x_wconf 89' lang='lat' dir='ltr'><strong>me</strong></span> <span class='ocrx_word' id='word_1_304' title='bbox 3441 1241 3664 1284; x_wconf 73' lang='lat' dir='ltr'><strong>exerceo.</strong></span> 
     </span>
    </p>
   </div>
   <div class='ocr_carea' id='block_1_41' title="bbox 2119 1319 3668 1382">
    <p class='ocr_par' dir='ltr' id='par_1_41' title="bbox 2119 1319 3668 1382">
     <span class='ocr_line' id='line_1_41' title="bbox 2119 1319 3668 1382; baseline -0.001 -9"><span class='ocrx_word' id='word_1_305' title='bbox 2119 1319 2209 1373; x_wconf 91' lang='lat' dir='ltr'><strong>sed</strong></span> <span class='ocrx_word' id='word_1_306' title='bbox 2245 1319 2428 1373; x_wconf 88' lang='lat' dir='ltr'><strong>nescio</strong></span> <span class='ocrx_word' id='word_1_307' title='bbox 2459 1319 2502 1372; x_wconf 89' lang='lat' dir='ltr'><strong>si</strong></span> <span class='ocrx_word' id='word_1_308' title='bbox 2541 1319 2664 1373; x_wconf 87' lang='lat' dir='ltr'><strong>talis</strong></span> <span class='ocrx_word' id='word_1_309' title='bbox 2697 1335 2842 1382; x_wconf 85' lang='lat' dir='ltr'><strong>sum,</strong></span> <span class='ocrx_word' id='word_1_310' title='bbox 2871 1328 2928 1371; x_wconf 91' lang='lat' dir='ltr'><strong>ut</strong></span> <span class='ocrx_word' id='word_1_311' title='bbox 2980 1319 3031 1372; x_wconf 91' lang='lat' dir='ltr'><strong>in</strong></span> <span class='ocrx_word' id='word_1_312' title='bbox 3087 1320 3459 1374; x_wconf 87' lang='lat' dir='ltr'><strong>meditatione</strong></span> <span class='ocrx_word' id='word_1_313' title='bbox 3489 1331 3593 1369; x_wconf 88' lang='lat' dir='ltr'><strong>mea</strong></span> <span class='ocrx_word' id='word_1_314' title='bbox 3617 1333 3668 1371; x_wconf 82' lang='lat' dir='ltr'><strong>es</strong></span> 
     </span>
    </p>
   </div>
   <div class='ocr_carea' id='block_1_42' title="bbox 2119 1410 3674 1480">
    <p class='ocr_par' dir='ltr' id='par_1_42' title="bbox 2119 1410 3674 1480">
     <span class='ocr_line' id='line_1_42' title="bbox 2119 1410 3674 1480; baseline -0.001 -17"><span class='ocrx_word' id='word_1_315' title='bbox 2119 1425 2442 1480; x_wconf 90' lang='lat' dir='ltr'><strong>unoquoque</strong></span> <span class='ocrx_word' id='word_1_316' title='bbox 2478 1425 2725 1464; x_wconf 88' lang='lat' dir='ltr'><strong>sermone</strong></span> <span class='ocrx_word' id='word_1_317' title='bbox 2776 1410 2866 1465; x_wconf 89' lang='lat' dir='ltr'><strong>Dci</strong></span> <span class='ocrx_word' id='word_1_318' title='bbox 2914 1411 3052 1480; x_wconf 80' lang='lat' dir='ltr'><strong>ignis</strong></span> <span class='ocrx_word' id='word_1_319' title='bbox 3085 1412 3380 1480; x_wconf 86' lang='lat' dir='ltr'><strong>procedat,</strong></span> <span class='ocrx_word' id='word_1_320' title='bbox 3416 1420 3475 1463; x_wconf 89' lang='lat' dir='ltr'><strong>et</strong></span> <span class='ocrx_word' id='word_1_321' title='bbox 3509 1423 3674 1462; x_wconf 78' lang='lat' dir='ltr'><strong>acrea-</strong></span> 
     </span>
    </p>
   </div>
   <div class='ocr_carea' id='block_1_43' title="bbox 2118 1500 3674 1568">
    <p class='ocr_par' dir='ltr' id='par_1_43' title="bbox 2118 1500 3674 1568">
     <span class='ocr_line' id='line_1_43' title="bbox 2118 1500 3674 1568; baseline -0.003 -11"><span class='ocrx_word' id='word_1_322' title='bbox 2118 1505 2209 1557; x_wconf 91' lang='lat' dir='ltr'><strong>dat</strong></span> <span class='ocrx_word' id='word_1_323' title='bbox 2257 1520 2353 1559; x_wconf 89' lang='lat' dir='ltr'><strong>cor</strong></span> <span class='ocrx_word' id='word_1_324' title='bbox 2407 1517 2605 1568; x_wconf 85' lang='lat' dir='ltr'><strong>meum,</strong></span> <span class='ocrx_word' id='word_1_325' title='bbox 2657 1512 2712 1557; x_wconf 91' lang='lat' dir='ltr'><strong>et</strong></span> <span class='ocrx_word' id='word_1_326' title='bbox 2752 1500 3049 1556; x_wconf 85' lang='lat' dir='ltr'><strong>inﬂammet</strong></span> <span class='ocrx_word' id='word_1_327' title='bbox 3097 1503 3345 1555; x_wconf 88' lang='lat' dir='ltr'><strong>animam</strong></span> <span class='ocrx_word' id='word_1_328' title='bbox 3380 1501 3450 1552; x_wconf 83' lang='lat' dir='ltr'><strong>ad</strong></span> <span class='ocrx_word' id='word_1_329' title='bbox 3487 1514 3547 1552; x_wconf 84' lang='lat' dir='ltr'><strong>ea</strong></span> <span class='ocrx_word' id='word_1_330' title='bbox 3579 1515 3674 1566; x_wconf 74' lang='lat' dir='ltr'><strong>qu</strong></span> 
     </span>
    </p>
   </div>
   <div class='ocr_carea' id='block_1_44' title="bbox 2119 1595 3672 1662">
    <p class='ocr_par' dir='ltr' id='par_1_44' title="bbox 2119 1595 3672 1662">
     <span class='ocr_line' id='line_1_44' title="bbox 2119 1595 3672 1662; baseline -0.005 -12"><span class='ocrx_word' id='word_1_331' title='bbox 2119 1598 2351 1652; x_wconf 87' lang='lat' dir='ltr'><strong>meditor</strong></span> <span class='ocrx_word' id='word_1_332' title='bbox 2388 1595 2750 1652; x_wconf 89' lang='lat' dir='ltr'><strong>observanda.</strong></span> <span class='ocrx_word' id='word_1_333' title='bbox 2785 1597 2849 1650; x_wconf 86' lang='lat' dir='ltr'><strong>Et</strong></span> <span class='ocrx_word' id='word_1_334' title='bbox 2877 1609 2978 1662; x_wconf 90' lang='lat' dir='ltr'><strong>ego</strong></span> <span class='ocrx_word' id='word_1_335' title='bbox 3004 1610 3148 1648; x_wconf 88' lang='lat' dir='ltr'><strong>nunc</strong></span> <span class='ocrx_word' id='word_1_336' title='bbox 3181 1595 3390 1661; x_wconf 89' lang='lat' dir='ltr'><strong>loquor</strong></span> <span class='ocrx_word' id='word_1_337' title='bbox 3420 1605 3672 1646; x_wconf 74' lang='lat' dir='ltr'><strong>sermones</strong></span> 
     </span>
    </p>
   </div>
   <div class='ocr_carea' id='block_1_45' title="bbox 2119 1680 3675 1756">
    <p class='ocr_par' dir='ltr' id='par_1_45' title="bbox 2119 1680 3675 1756">
     <span class='ocr_line' id='line_1_45' title="bbox 2119 1680 3675 1756; baseline -0.008 -14"><span class='ocrx_word' id='word_1_338' title='bbox 2119 1688 2234 1751; x_wconf 87' lang='lat' dir='ltr'><strong>Dei,</strong></span> <span class='ocrx_word' id='word_1_339' title='bbox 2267 1689 2360 1742; x_wconf 90' lang='lat' dir='ltr'><strong>sed</strong></span> <span class='ocrx_word' id='word_1_340' title='bbox 2392 1696 2635 1756; x_wconf 88' lang='lat' dir='ltr'><strong>optarem</strong></span> <span class='ocrx_word' id='word_1_341' title='bbox 2693 1694 2749 1740; x_wconf 92' lang='lat' dir='ltr'><strong>ut</strong></span> <span class='ocrx_word' id='word_1_342' title='bbox 2797 1685 2972 1756; x_wconf 89' lang='lat' dir='ltr'><strong>primo</strong></span> <span class='ocrx_word' id='word_1_343' title='bbox 3003 1687 3054 1737; x_wconf 90' lang='lat' dir='ltr'><strong>in</strong></span> <span class='ocrx_word' id='word_1_344' title='bbox 3085 1697 3208 1738; x_wconf 89' lang='lat' dir='ltr'><strong>meo</strong></span> <span class='ocrx_word' id='word_1_345' title='bbox 3242 1681 3438 1742; x_wconf 85' lang='lat' dir='ltr'><strong>corde,</strong></span> <span class='ocrx_word' id='word_1_346' title='bbox 3465 1680 3675 1732; x_wconf 79' lang='lat' dir='ltr'><strong>secundo</strong></span> 
     </span>
    </p>
   </div>
   <div class='ocr_carea' id='block_1_46' title="bbox 2117 1773 3675 1851">
    <p class='ocr_par' dir='ltr' id='par_1_46' title="bbox 2117 1773 3675 1851">
     <span class='ocr_line' id='line_1_46' title="bbox 2117 1773 3675 1851; baseline -0.004 -20"><span class='ocrx_word' id='word_1_347' title='bbox 2117 1795 2326 1851; x_wconf 87' lang='lat' dir='ltr'><strong>quoque</strong></span> <span class='ocrx_word' id='word_1_348' title='bbox 2369 1781 2420 1835; x_wconf 89' lang='lat' dir='ltr'><strong>in</strong></span> <span class='ocrx_word' id='word_1_349' title='bbox 2448 1781 2754 1834; x_wconf 90' lang='lat' dir='ltr'><strong>auditorum</strong></span> <span class='ocrx_word' id='word_1_350' title='bbox 2786 1778 3056 1832; x_wconf 89' lang='lat' dir='ltr'><strong>mentibus</strong></span> <span class='ocrx_word' id='word_1_351' title='bbox 3081 1776 3518 1832; x_wconf 73' lang='lat' dir='ltr'><strong>exardescerent</strong></span> <span class='ocrx_word' id='word_1_352' title='bbox 3555 1793 3568 1827; x_wconf 91' lang='lat'><strong>:</strong></span> <span class='ocrx_word' id='word_1_353' title='bbox 3596 1773 3675 1827; x_wconf 50' lang='lat' dir='ltr'><strong>sic.</strong></span> 
     </span>
    </p>
   </div>
   <div class='ocr_carea' id='block_1_47' title="bbox 2119 1867 3674 1940">
    <p class='ocr_par' dir='ltr' id='par_1_47' title="bbox 2119 1867 3674 1940">
     <span class='ocr_line' id='line_1_47' title="bbox 2119 1867 3674 1940; baseline -0.004 -14"><span class='ocrx_word' id='word_1_354' title='bbox 2119 1882 2172 1926; x_wconf 91' lang='lat' dir='ltr'><strong>ul</strong></span> <span class='ocrx_word' id='word_1_355' title='bbox 2207 1881 2363 1928; x_wconf 88' lang='lat' dir='ltr'><strong>erant</strong></span> <span class='ocrx_word' id='word_1_356' title='bbox 2411 1872 2484 1925; x_wconf 94' lang='lat' dir='ltr'><strong>illi</strong></span> <span class='ocrx_word' id='word_1_357' title='bbox 2533 1885 2811 1926; x_wconf 86' lang='lat' dir='ltr'><strong>sermones</strong></span> <span class='ocrx_word' id='word_1_358' title='bbox 2849 1885 2987 1940; x_wconf 90' lang='lat' dir='ltr'><strong>quos</strong></span> <span class='ocrx_word' id='word_1_359' title='bbox 3048 1869 3384 1938; x_wconf 87' lang='lat' dir='ltr'><strong>loquebatur</strong></span> <span class='ocrx_word' id='word_1_360' title='bbox 3413 1867 3589 1931; x_wconf 67' lang='lat' dir='ltr'><strong>Iesus,</strong></span> <span class='ocrx_word' id='word_1_361' title='bbox 3623 1869 3674 1921; x_wconf 74' lang='lat' dir='ltr'><strong>de</strong></span> 
     </span>
    </p>
   </div>
   <div class='ocr_carea' id='block_1_48' title="bbox 2118 1960 3675 2036">
    <p class='ocr_par' dir='ltr' id='par_1_48' title="bbox 2118 1960 3675 2036">
     <span class='ocr_line' id='line_1_48' title="bbox 2118 1960 3675 2036; baseline -0.005 -17"><span class='ocrx_word' id='word_1_362' title='bbox 2118 1965 2316 2036; x_wconf 92' lang='lat' dir='ltr'><strong>quibus</strong></span> <span class='ocrx_word' id='word_1_363' title='bbox 2370 1964 2624 2020; x_wconf 89' lang='lat' dir='ltr'><strong>dicebant</strong></span> <span class='ocrx_word' id='word_1_364' title='bbox 2679 1964 2754 2017; x_wconf 89' lang='lat' dir='ltr'><strong>illi</strong></span> <span class='ocrx_word' id='word_1_365' title='bbox 2801 1965 2890 2032; x_wconf 90' lang='lat' dir='ltr'><strong>qui</strong></span> <span class='ocrx_word' id='word_1_366' title='bbox 2930 1962 3213 2016; x_wconf 89' lang='lat' dir='ltr'><strong>audierant</strong></span> <span class='ocrx_word' id='word_1_367' title='bbox 3237 1961 3327 2014; x_wconf 83' lang='grc'><strong>³⁸;</strong></span> <span class='ocrx_word' id='word_1_368' title='bbox 3359 1960 3552 2015; x_wconf 76' lang='lat' dir='ltr'><strong>Nonae</strong></span> <span class='ocrx_word' id='word_1_369' title='bbox 3605 1977 3675 2012; x_wconf 66' lang='lat' dir='ltr'><strong>es:</strong></span> 
     </span>
    </p>
   </div>
   <div class='ocr_carea' id='block_1_49' title="bbox 2120 2055 3673 2118">
    <p class='ocr_par' dir='ltr' id='par_1_49' title="bbox 2120 2055 3673 2118">
     <span class='ocr_line' id='line_1_49' title="bbox 2120 2055 3673 2118; baseline -0.005 -6"><span class='ocrx_word' id='word_1_370' title='bbox 2120 2069 2356 2112; x_wconf 88' lang='lat' dir='ltr'><strong>nostrum</strong></span> <span class='ocrx_word' id='word_1_371' title='bbox 2405 2067 2516 2111; x_wconf 91' lang='lat' dir='ltr'><strong>erat</strong></span> <span class='ocrx_word' id='word_1_372' title='bbox 2559 2058 2751 2110; x_wconf 80' lang='lat' dir='ltr'><strong>ardens</strong></span> <span class='ocrx_word' id='word_1_373' title='bbox 2793 2057 2847 2110; x_wconf 89' lang='lat' dir='ltr'><strong>in</strong></span> <span class='ocrx_word' id='word_1_374' title='bbox 2887 2057 3034 2110; x_wconf 81' lang='lat' dir='ltr'><strong>nobis</strong></span> <span class='ocrx_word' id='word_1_375' title='bbox 3072 2072 3189 2110; x_wconf 82' lang='lat' dir='ltr'><strong>cum</strong></span> <span class='ocrx_word' id='word_1_376' title='bbox 3234 2056 3291 2107; x_wconf 89' lang='lat' dir='ltr'><strong>in</strong></span> <span class='ocrx_word' id='word_1_377' title='bbox 3341 2055 3429 2107; x_wconf 74' lang='lat' dir='ltr'><strong>eia</strong></span> <span class='ocrx_word' id='word_1_378' title='bbox 3476 2056 3673 2118; x_wconf 74' lang='lat' dir='ltr'><strong>aperiret</strong></span> 
     </span>
    </p>
   </div>
   <div class='ocr_carea' id='block_1_50' title="bbox 2116 2147 3674 2218">
    <p class='ocr_par' dir='ltr' id='par_1_50' title="bbox 2116 2147 3674 2218">
     <span class='ocr_line' id='line_1_50' title="bbox 2116 2147 3674 2218; baseline -0.003 -15"><span class='ocrx_word' id='word_1_379' title='bbox 2116 2151 2264 2204; x_wconf 84' lang='lat' dir='ltr'><strong>nobis</strong></span> <span class='ocrx_word' id='word_1_380' title='bbox 2307 2149 2650 2218; x_wconf 76' lang='lat' dir='ltr'><strong>Scripturas?</strong></span> <span class='ocrx_word' id='word_1_381' title='bbox 2680 2149 2896 2204; x_wconf 88' lang='lat' dir='ltr'><strong>Utinam</strong></span> <span class='ocrx_word' id='word_1_382' title='bbox 2950 2157 3006 2203; x_wconf 93' lang='lat' dir='ltr'><strong>et</strong></span> <span class='ocrx_word' id='word_1_383' title='bbox 3055 2163 3200 2202; x_wconf 88' lang='lat' dir='ltr'><strong>nunc</strong></span> <span class='ocrx_word' id='word_1_384' title='bbox 3233 2147 3674 2215; x_wconf 81' lang='lat' dir='ltr'><strong>adaperientibas</strong></span> 
     </span>
    </p>
   </div>
   <div class='ocr_carea' id='block_1_51' title="bbox 2117 2239 3672 2310">
    <p class='ocr_par' dir='ltr' id='par_1_51' title="bbox 2117 2239 3672 2310">
     <span class='ocr_line' id='line_1_51' title="bbox 2117 2239 3672 2310; baseline -0.006 -14"><span class='ocrx_word' id='word_1_385' title='bbox 2117 2243 2271 2296; x_wconf 86' lang='lat' dir='ltr'><strong>nobis</strong></span> <span class='ocrx_word' id='word_1_386' title='bbox 2303 2242 2616 2310; x_wconf 90' lang='lat' dir='ltr'><strong>Scripturas</strong></span> <span class='ocrx_word' id='word_1_387' title='bbox 2643 2241 2856 2294; x_wconf 87' lang='lat' dir='ltr'><strong>divinas</strong></span> <span class='ocrx_word' id='word_1_388' title='bbox 2879 2239 3288 2294; x_wconf 85' lang='lat' dir='ltr'><strong>concalesceret</strong></span> <span class='ocrx_word' id='word_1_389' title='bbox 3325 2252 3428 2290; x_wconf 92' lang='lat' dir='ltr'><strong>cor</strong></span> <span class='ocrx_word' id='word_1_390' title='bbox 3457 2245 3672 2288; x_wconf 72' lang='lat' dir='ltr'><strong>nostram</strong></span> 
     </span>
    </p>
   </div>
   <div class='ocr_carea' id='block_1_52' title="bbox 2116 2326 3675 2396">
    <p class='ocr_par' dir='ltr' id='par_1_52' title="bbox 2116 2326 3675 2396">
     <span class='ocr_line' id='line_1_52' title="bbox 2116 2326 3675 2396; baseline -0.006 -11"><span class='ocrx_word' id='word_1_391' title='bbox 2116 2334 2252 2386; x_wconf 85' lang='lat' dir='ltr'><strong>intra</strong></span> <span class='ocrx_word' id='word_1_392' title='bbox 2307 2347 2427 2396; x_wconf 87' lang='lat' dir='ltr'><strong>nos,</strong></span> <span class='ocrx_word' id='word_1_393' title='bbox 2477 2341 2531 2386; x_wconf 90' lang='lat' dir='ltr'><strong>ct</strong></span> <span class='ocrx_word' id='word_1_394' title='bbox 2582 2331 2633 2384; x_wconf 91' lang='lat' dir='ltr'><strong>in</strong></span> <span class='ocrx_word' id='word_1_395' title='bbox 2689 2329 3038 2384; x_wconf 85' lang='lat' dir='ltr'><strong>meditatione</strong></span> <span class='ocrx_word' id='word_1_396' title='bbox 3083 2339 3271 2382; x_wconf 85' lang='lat' dir='ltr'><strong>nostra</strong></span> <span class='ocrx_word' id='word_1_397' title='bbox 3299 2326 3675 2379; x_wconf 69' lang='lat' dir='ltr'><strong>accenderetur</strong></span> 
     </span>
    </p>
   </div>
   <div class='ocr_carea' id='block_1_53' title="bbox 2113 2419 3672 2495">
    <p class='ocr_par' dir='ltr' id='par_1_53' title="bbox 2113 2419 3672 2495">
     <span class='ocr_line' id='line_1_53' title="bbox 2113 2419 3672 2495; baseline -0.007 -17"><span class='ocrx_word' id='word_1_398' title='bbox 2113 2427 2277 2495; x_wconf 83' lang='lat' dir='ltr'><strong>ignis,</strong></span> <span class='ocrx_word' id='word_1_399' title='bbox 2331 2435 2384 2481; x_wconf 87' lang='lat' dir='ltr'><strong>et</strong></span> <span class='ocrx_word' id='word_1_400' title='bbox 2429 2425 2836 2480; x_wconf 82' lang='lat' dir='ltr'><strong>concitarentur</strong></span> <span class='ocrx_word' id='word_1_401' title='bbox 2891 2422 2944 2476; x_wconf 89' lang='lat' dir='ltr'><strong>in</strong></span> <span class='ocrx_word' id='word_1_402' title='bbox 2987 2437 3124 2492; x_wconf 87' lang='lat' dir='ltr'><strong>opus</strong></span> <span class='ocrx_word' id='word_1_403' title='bbox 3153 2436 3354 2476; x_wconf 86' lang='lat' dir='ltr'><strong>corum</strong></span> <span class='ocrx_word' id='word_1_404' title='bbox 3387 2434 3511 2488; x_wconf 78' lang='lat' dir='ltr'><strong>quze</strong></span> <span class='ocrx_word' id='word_1_405' title='bbox 3541 2419 3672 2469; x_wconf 76' lang='lat' dir='ltr'><strong>audi-</strong></span> 
     </span>
    </p>
   </div>
   <div class='ocr_carea' id='block_1_54' title="bbox 2113 2510 3673 2588">
    <p class='ocr_par' dir='ltr' id='par_1_54' title="bbox 2113 2510 3673 2588">
     <span class='ocr_line' id='line_1_54' title="bbox 2113 2510 3673 2588; baseline -0.006 -16"><span class='ocrx_word' id='word_1_406' title='bbox 2113 2535 2232 2572; x_wconf 91' lang='lat' dir='ltr'><strong>mus</strong></span> <span class='ocrx_word' id='word_1_407' title='bbox 2276 2527 2330 2572; x_wconf 91' lang='lat' dir='ltr'><strong>et</strong></span> <span class='ocrx_word' id='word_1_408' title='bbox 2379 2517 2632 2588; x_wconf 77' lang='lat' dir='ltr'><strong>legimus.</strong></span> <span class='ocrx_word' id='word_1_409' title='bbox 2666 2516 2828 2570; x_wconf 87' lang='lat' dir='ltr'><strong>Tales</strong></span> <span class='ocrx_word' id='word_1_410' title='bbox 2873 2517 3104 2582; x_wconf 89' lang='lat' dir='ltr'><strong>denique</strong></span> <span class='ocrx_word' id='word_1_411' title='bbox 3141 2525 3307 2568; x_wconf 89' lang='lat' dir='ltr'><strong>erant</strong></span> <span class='ocrx_word' id='word_1_412' title='bbox 3356 2522 3418 2566; x_wconf 81' lang='lat' dir='ltr'><strong>et</strong></span> <span class='ocrx_word' id='word_1_413' title='bbox 3449 2510 3673 2564; x_wconf 74' lang='lat' dir='ltr'><strong>Jeretniz</strong></span> 
     </span>
    </p>
   </div>
   <div class='ocr_carea' id='block_1_55' title="bbox 2110 2603 3674 2677">
    <p class='ocr_par' dir='ltr' id='par_1_55' title="bbox 2110 2603 3674 2677">
     <span class='ocr_line' id='line_1_55' title="bbox 2110 2603 3674 2677; baseline -0.008 -11"><span class='ocrx_word' id='word_1_414' title='bbox 2110 2625 2410 2674; x_wconf 86' lang='lat' dir='ltr'><strong>sermones,</strong></span> <span class='ocrx_word' id='word_1_415' title='bbox 2448 2609 2744 2664; x_wconf 89' lang='lat' dir='ltr'><strong>secundum</strong></span> <span class='ocrx_word' id='word_1_416' title='bbox 2777 2608 2920 2677; x_wconf 86' lang='lat' dir='ltr'><strong>quod</strong></span> <span class='ocrx_word' id='word_1_417' title='bbox 2955 2609 3222 2677; x_wconf 87' lang='lat' dir='ltr'><strong>scriptum</strong></span> <span class='ocrx_word' id='word_1_418' title='bbox 3265 2615 3380 2666; x_wconf 87' lang='lat' dir='ltr'><strong>est.</strong></span> <span class='ocrx_word' id='word_1_419' title='bbox 3409 2619 3534 2657; x_wconf 87' lang='lat' dir='ltr'><strong>cum</strong></span> <span class='ocrx_word' id='word_1_420' title='bbox 3564 2603 3674 2654; x_wconf 78' lang='lat' dir='ltr'><strong>dici:</strong></span> 
     </span>
    </p>
   </div>
   <div class='ocr_carea' id='block_1_56' title="bbox 2113 2701 3673 2760">
    <p class='ocr_par' dir='ltr' id='par_1_56' title="bbox 2113 2701 3673 2760">
     <span class='ocr_line' id='line_1_56' title="bbox 2113 2701 3673 2760; baseline -0.008 -2"><span class='ocrx_word' id='word_1_421' title='bbox 2113 2705 2179 2759; x_wconf 91' lang='lat' dir='ltr'><strong>ad</strong></span> <span class='ocrx_word' id='word_1_422' title='bbox 2213 2720 2334 2760; x_wconf 89' lang='lat' dir='ltr'><strong>eum</strong></span> <span class='ocrx_word' id='word_1_423' title='bbox 2387 2704 2640 2759; x_wconf 90' lang='lat' dir='ltr'><strong>Dominus</strong></span> <span class='ocrx_word' id='word_1_424' title='bbox 2655 2701 2699 2732; x_wconf 83' lang='grc'><strong>⁸⁷</strong></span> <span class='ocrx_word' id='word_1_425' title='bbox 2731 2716 2744 2752; x_wconf 88' lang='lat'><strong>:</strong></span> <span class='ocrx_word' id='word_1_426' title='bbox 2780 2701 2914 2756; x_wconf 77' lang='lat' dir='ltr'><strong>Ecce</strong></span> <span class='ocrx_word' id='word_1_427' title='bbox 2967 2703 3085 2757; x_wconf 85' lang='lat' dir='ltr'><strong>dedi</strong></span> <span class='ocrx_word' id='word_1_428' title='bbox 3135 2715 3417 2754; x_wconf 83' lang='lat' dir='ltr'><strong>sermones</strong></span> <span class='ocrx_word' id='word_1_429' title='bbox 3446 2713 3580 2748; x_wconf 72' lang='grc' dir='ltr'><strong>πνοι</strong></span> <span class='ocrx_word' id='word_1_430' title='bbox 3607 2712 3673 2745; x_wconf 71' lang='grc' dir='ltr'><strong>η-</strong></span> 
     </span>
    </p>
   </div>
   <div class='ocr_carea' id='block_1_57' title="bbox 2109 2788 3671 2866">
    <p class='ocr_par' dir='ltr' id='par_1_57' title="bbox 2109 2788 3671 2866">
     <span class='ocr_line' id='line_1_57' title="bbox 2109 2788 3671 2866; baseline -0.007 -16"><span class='ocrx_word' id='word_1_431' title='bbox 2109 2807 2337 2851; x_wconf 84' lang='lat' dir='ltr'><strong>trorsum</strong></span> <span class='ocrx_word' id='word_1_432' title='bbox 2369 2797 2424 2850; x_wconf 89' lang='lat' dir='ltr'><strong>in</strong></span> <span class='ocrx_word' id='word_1_433' title='bbox 2451 2814 2508 2851; x_wconf 92' lang='lat' dir='ltr'><strong>os</strong></span> <span class='ocrx_word' id='word_1_434' title='bbox 2541 2806 2688 2851; x_wconf 89' lang='lat' dir='ltr'><strong>tuum</strong></span> <span class='ocrx_word' id='word_1_435' title='bbox 2721 2799 2914 2866; x_wconf 82' lang='lat' dir='ltr'><strong>ignem.</strong></span> <span class='ocrx_word' id='word_1_436' title='bbox 2944 2792 3122 2861; x_wconf 86' lang='lat' dir='ltr'><strong>Quare</strong></span> <span class='ocrx_word' id='word_1_437' title='bbox 3145 2793 3332 2862; x_wconf 79' lang='lat' dir='ltr'><strong>ignem</strong></span> <span class='ocrx_word' id='word_1_438' title='bbox 3355 2791 3377 2843; x_wconf 72' lang='grc' dir='ltr'><strong>ἳ</strong></span> <span class='ocrx_word' id='word_1_439' title='bbox 3403 2788 3541 2855; x_wconf 84' lang='lat' dir='ltr'><strong>Quia</strong></span> <span class='ocrx_word' id='word_1_440' title='bbox 3571 2803 3671 2840; x_wconf 75' lang='lat' dir='ltr'><strong>ser-</strong></span> 
     </span>
    </p>
   </div>
   <div class='ocr_carea' id='block_1_58' title="bbox 2109 2881 3670 2956">
    <p class='ocr_par' dir='ltr' id='par_1_58' title="bbox 2109 2881 3670 2956">
     <span class='ocr_line' id='line_1_58' title="bbox 2109 2881 3670 2956; baseline -0.006 -14"><span class='ocrx_word' id='word_1_441' title='bbox 2109 2903 2299 2942; x_wconf 88' lang='lat' dir='ltr'><strong>mones</strong></span> <span class='ocrx_word' id='word_1_442' title='bbox 2339 2903 2474 2955; x_wconf 88' lang='lat' dir='ltr'><strong>quos</strong></span> <span class='ocrx_word' id='word_1_443' title='bbox 2508 2887 2833 2956; x_wconf 90' lang='lat' dir='ltr'><strong>loquebatur</strong></span> <span class='ocrx_word' id='word_1_444' title='bbox 2881 2883 3260 2941; x_wconf 84' lang='lat' dir='ltr'><strong>accendebant</strong></span> <span class='ocrx_word' id='word_1_445' title='bbox 3294 2881 3597 2940; x_wconf 78' lang='lat' dir='ltr'><strong>auditores,</strong></span> <span class='ocrx_word' id='word_1_446' title='bbox 3624 2891 3670 2933; x_wconf 65' lang='lat' dir='ltr'><strong>et</strong></span> 
     </span>
    </p>
   </div>
   <div class='ocr_carea' id='block_1_59' title="bbox 2110 2973 3670 3056">
    <p class='ocr_par' dir='ltr' id='par_1_59' title="bbox 2110 2973 3670 3056">
     <span class='ocr_line' id='line_1_59' title="bbox 2110 2973 3670 3056; baseline -0.008 -20"><span class='ocrx_word' id='word_1_447' title='bbox 2110 2981 2243 3036; x_wconf 85' lang='lat' dir='ltr'><strong>nihil</strong></span> <span class='ocrx_word' id='word_1_448' title='bbox 2278 2980 2518 3050; x_wconf 90' lang='lat' dir='ltr'><strong>tepidum</strong></span> <span class='ocrx_word' id='word_1_449' title='bbox 2575 2982 2628 3056; x_wconf 85' lang='lat' dir='ltr'><strong>in</strong></span> <span class='ocrx_word' id='word_1_450' title='bbox 2671 2981 2749 3035; x_wconf 91' lang='lat' dir='ltr'><strong>eis</strong></span> <span class='ocrx_word' id='word_1_451' title='bbox 2782 2993 2959 3048; x_wconf 88' lang='lat' dir='ltr'><strong>neque</strong></span> <span class='ocrx_word' id='word_1_452' title='bbox 2990 2977 3248 3047; x_wconf 82' lang='lat' dir='ltr'><strong>frigidum</strong></span> <span class='ocrx_word' id='word_1_453' title='bbox 3277 2973 3630 3044; x_wconf 69' lang='lat' dir='ltr'><strong>permanebat</strong></span> <span class='ocrx_word' id='word_1_454' title='bbox 3659 2992 3670 3024; x_wconf 79' lang='grc' dir='ltr'><strong>τ</strong></span> 
     </span>
    </p>
   </div>
   <div class='ocr_carea' id='block_1_60' title="bbox 2107 3067 3672 3142">
    <p class='ocr_par' dir='ltr' id='par_1_60' title="bbox 2107 3067 3672 3142">
     <span class='ocr_line' id='line_1_60' title="bbox 2107 3067 3672 3142; baseline -0.007 -14"><span class='ocrx_word' id='word_1_455' title='bbox 2107 3074 2199 3128; x_wconf 91' lang='lat' dir='ltr'><strong>sed</strong></span> <span class='ocrx_word' id='word_1_456' title='bbox 2226 3073 2365 3128; x_wconf 91' lang='lat' dir='ltr'><strong>sicut</strong></span> <span class='ocrx_word' id='word_1_457' title='bbox 2391 3073 2532 3142; x_wconf 88' lang='lat' dir='ltr'><strong>ignis</strong></span> <span class='ocrx_word' id='word_1_458' title='bbox 2559 3071 2833 3128; x_wconf 90' lang='lat' dir='ltr'><strong>consumit</strong></span> <span class='ocrx_word' id='word_1_459' title='bbox 2853 3085 2917 3127; x_wconf 87' lang='lat' dir='ltr'><strong>ac</strong></span> <span class='ocrx_word' id='word_1_460' title='bbox 2957 3067 3225 3124; x_wconf 90' lang='lat' dir='ltr'><strong>interimit</strong></span> <span class='ocrx_word' id='word_1_461' title='bbox 3252 3081 3486 3121; x_wconf 86' lang='lat' dir='ltr'><strong>omnem</strong></span> <span class='ocrx_word' id='word_1_462' title='bbox 3521 3077 3672 3117; x_wconf 80' lang='lat' dir='ltr'><strong>mate-</strong></span> 
     </span>
    </p>
   </div>
   <div class='ocr_carea' id='block_1_61' title="bbox 437 3137 3676 3235">
    <p class='ocr_par' dir='ltr' id='par_1_61' title="bbox 437 3137 3676 3235">
     <span class='ocr_line' id='line_1_61' title="bbox 437 3137 3676 3235; baseline 0.005 -44"><span class='ocrx_word' id='word_1_463' title='bbox 437 3137 676 3194; x_wconf 89' lang='lat' dir='ltr'><strong>dolorem</strong></span> <span class='ocrx_word' id='word_1_464' title='bbox 712 3157 867 3197; x_wconf 92' lang='lat' dir='ltr'><strong>suum</strong></span> <span class='ocrx_word' id='word_1_465' title='bbox 911 3145 1164 3200; x_wconf 84' lang='lat' dir='ltr'><strong>cohibeat</strong></span> <span class='ocrx_word' id='word_1_466' title='bbox 1192 3156 1242 3200; x_wconf 90' lang='lat' dir='ltr'><strong>et</strong></span> <span class='ocrx_word' id='word_1_467' title='bbox 1272 3150 1552 3219; x_wconf 90' lang='lat' dir='ltr'><strong>reprimat,</strong></span> <span class='ocrx_word' id='word_1_468' title='bbox 1585 3150 1671 3206; x_wconf 86' lang='lat' dir='ltr'><strong>hic</strong></span> <span class='ocrx_word' id='word_1_469' title='bbox 1695 3154 1864 3208; x_wconf 86' lang='lat' dir='ltr'><strong>dicit:</strong></span> <span class='ocrx_word' id='word_1_470' title='bbox 1894 3155 2002 3209; x_wconf 87' lang='lat' dir='ltr'><strong>Do-</strong></span> <span class='ocrx_word' id='word_1_471' title='bbox 2031 3178 2072 3235; x_wconf 70' lang='grc' dir='ltr'>ο</span> <span class='ocrx_word' id='word_1_472' title='bbox 2110 3163 2265 3228; x_wconf 88' lang='lat' dir='ltr'><strong>riam,</strong></span> <span class='ocrx_word' id='word_1_473' title='bbox 2304 3137 2768 3216; x_wconf 50' lang='lat' dir='ltr'><strong>nec-immundum</strong></span> <span class='ocrx_word' id='word_1_474' title='bbox 2805 3159 3003 3230; x_wconf 88' lang='lat' dir='ltr'><strong>aliquid</strong></span> <span class='ocrx_word' id='word_1_475' title='bbox 3030 3159 3085 3212; x_wconf 92' lang='lat' dir='ltr'><strong>in</strong></span> <span class='ocrx_word' id='word_1_476' title='bbox 3123 3172 3180 3212; x_wconf 87' lang='lat' dir='ltr'><strong>se</strong></span> <span class='ocrx_word' id='word_1_477' title='bbox 3215 3156 3436 3224; x_wconf 90' lang='lat' dir='ltr'><strong>recipit,</strong></span> <span class='ocrx_word' id='word_1_478' title='bbox 3466 3163 3561 3206; x_wconf 84' lang='lat' dir='ltr'><strong>aut</strong></span> <span class='ocrx_word' id='word_1_479' title='bbox 3583 3152 3676 3221; x_wconf 72' lang='lat' dir='ltr'><strong>pol-</strong></span> 
     </span>
    </p>
   </div>
   <div class='ocr_carea' id='block_1_62' title="bbox 434 3230 2001 3318">
    <p class='ocr_par' dir='ltr' id='par_1_62' title="bbox 434 3230 2001 3318">
     <span class='ocr_line' id='line_1_62' title="bbox 434 3230 2001 3318; baseline 0.013 -37"><span class='ocrx_word' id='word_1_480' title='bbox 434 3230 519 3283; x_wconf 75' lang='grc' dir='ltr'><strong>ιον</strong></span> <span class='ocrx_word' id='word_1_481' title='bbox 554 3248 699 3287; x_wconf 90' lang='lat' dir='ltr'><strong>meus</strong></span> <span class='ocrx_word' id='word_1_482' title='bbox 740 3245 1016 3289; x_wconf 82' lang='lat' dir='ltr'><strong>renovatus</strong></span> <span class='ocrx_word' id='word_1_483' title='bbox 1063 3248 1159 3290; x_wconf 82' lang='lat' dir='ltr'><strong>est.</strong></span> <span class='ocrx_word' id='word_1_484' title='bbox 1211 3239 1316 3293; x_wconf 87' lang='lat' dir='ltr'><strong>Pro</strong></span> <span class='ocrx_word' id='word_1_485' title='bbox 1353 3253 1418 3295; x_wconf 87' lang='lat' dir='ltr'><strong>eo</strong></span> <span class='ocrx_word' id='word_1_486' title='bbox 1450 3244 1592 3312; x_wconf 90' lang='lat' dir='ltr'><strong>quod</strong></span> <span class='ocrx_word' id='word_1_487' title='bbox 1645 3246 1856 3302; x_wconf 89' lang='lat' dir='ltr'><strong>scilicet</strong></span> <span class='ocrx_word' id='word_1_488' title='bbox 1888 3249 2001 3318; x_wconf 89' lang='lat' dir='ltr'><strong>jam</strong></span> 
     </span>
    </p>
   </div>
   <div class='ocr_carea' id='block_1_63' title="bbox 434 3324 2002 3413">
    <p class='ocr_par' dir='ltr' id='par_1_63' title="bbox 434 3324 2002 3413">
     <span class='ocr_line' id='line_1_63' title="bbox 434 3324 2002 3413; baseline 0.013 -37"><span class='ocrx_word' id='word_1_489' title='bbox 434 3324 808 3394; x_wconf 80' lang='lat' dir='ltr'><strong>proﬁciebam,</strong></span> <span class='ocrx_word' id='word_1_490' title='bbox 842 3338 896 3383; x_wconf 92' lang='lat' dir='ltr'><strong>et</strong></span> <span class='ocrx_word' id='word_1_491' title='bbox 935 3330 1046 3400; x_wconf 87' lang='lat' dir='ltr'><strong>jam</strong></span> <span class='ocrx_word' id='word_1_492' title='bbox 1095 3347 1179 3387; x_wconf 91' lang='lat' dir='ltr'><strong>me</strong></span> <span class='ocrx_word' id='word_1_493' title='bbox 1227 3335 1291 3388; x_wconf 91' lang='lat' dir='ltr'><strong>ad</strong></span> <span class='ocrx_word' id='word_1_494' title='bbox 1341 3339 1634 3413; x_wconf 86' lang='lat' dir='ltr'><strong>sanitatem</strong></span> <span class='ocrx_word' id='word_1_495' title='bbox 1687 3341 2002 3408; x_wconf 87' lang='lat' dir='ltr'><strong>pervenisse</strong></span> 
     </span>
    </p>
   </div>
   <div class='ocr_carea' id='block_1_64' title="bbox 433 3413 2000 3499">
    <p class='ocr_par' dir='ltr' id='par_1_64' title="bbox 433 3413 2000 3499">
     <span class='ocr_line' id='line_1_64' title="bbox 433 3413 2000 3499; baseline 0.017 -39"><span class='ocrx_word' id='word_1_496' title='bbox 433 3413 746 3480; x_wconf 75' lang='lat' dir='ltr'><strong>credebam,</strong></span> <span class='ocrx_word' id='word_1_497' title='bbox 778 3425 1062 3486; x_wconf 88' lang='lat' dir='ltr'><strong>antequam</strong></span> <span class='ocrx_word' id='word_1_498' title='bbox 1089 3425 1469 3490; x_wconf 73' lang='lat' dir='ltr'><strong>exacerbarer,</strong></span> <span class='ocrx_word' id='word_1_499' title='bbox 1493 3437 1544 3482; x_wconf 91' lang='lat' dir='ltr'><strong>et</strong></span> <span class='ocrx_word' id='word_1_500' title='bbox 1564 3437 1851 3499; x_wconf 88' lang='lat' dir='ltr'><strong>antequam</strong></span> <span class='ocrx_word' id='word_1_501' title='bbox 1869 3447 2000 3486; x_wconf 89' lang='lat' dir='ltr'><strong>con-</strong></span> 
     </span>
    </p>
   </div>
   <div class='ocr_carea' id='block_1_65' title="bbox 435 3503 1998 3581">
    <p class='ocr_par' dir='ltr' id='par_1_65' title="bbox 435 3503 1998 3581">
     <span class='ocr_line' id='line_1_65' title="bbox 435 3503 1998 3581; baseline 0.018 -29"><span class='ocrx_word' id='word_1_502' title='bbox 435 3503 590 3557; x_wconf 78' lang='lat' dir='ltr'><strong>viciis</strong></span> <span class='ocrx_word' id='word_1_503' title='bbox 639 3503 969 3574; x_wconf 83' lang='lat' dir='ltr'><strong>lacesserer;</strong></span> <span class='ocrx_word' id='word_1_504' title='bbox 1033 3514 1124 3566; x_wconf 89' lang='lat' dir='ltr'><strong>sed</strong></span> <span class='ocrx_word' id='word_1_505' title='bbox 1189 3517 1345 3571; x_wconf 92' lang='lat' dir='ltr'><strong>modo</strong></span> <span class='ocrx_word' id='word_1_506' title='bbox 1406 3520 1739 3575; x_wconf 87' lang='lat' dir='ltr'><strong>rescinditur</strong></span> <span class='ocrx_word' id='word_1_507' title='bbox 1801 3523 1998 3581; x_wconf 90' lang='lat' dir='ltr'><strong>vulnus</strong></span> 
     </span>
    </p>
   </div>
   <div class='ocr_carea' id='block_1_66' title="bbox 435 3599 1998 3680">
    <p class='ocr_par' dir='ltr' id='par_1_66' title="bbox 435 3599 1998 3680">
     <span class='ocr_line' id='line_1_66' title="bbox 435 3599 1998 3680; baseline 0.017 -36"><span class='ocrx_word' id='word_1_508' title='bbox 435 3609 656 3659; x_wconf 90' lang='lat' dir='ltr'><strong>meum,</strong></span> <span class='ocrx_word' id='word_1_509' title='bbox 702 3605 756 3651; x_wconf 88' lang='lat' dir='ltr'><strong>et</strong></span> <span class='ocrx_word' id='word_1_510' title='bbox 803 3599 1077 3657; x_wconf 87' lang='lat' dir='ltr'><strong>maledicti</strong></span> <span class='ocrx_word' id='word_1_511' title='bbox 1127 3609 1472 3663; x_wconf 89' lang='lat' dir='ltr'><strong>mucronibus</strong></span> <span class='ocrx_word' id='word_1_512' title='bbox 1520 3623 1836 3680; x_wconf 90' lang='lat' dir='ltr'><strong>renovatur,</strong></span> <span class='ocrx_word' id='word_1_513' title='bbox 1870 3615 1998 3670; x_wconf 86' lang='lat' dir='ltr'><strong>dum</strong></span> 
     </span>
    </p>
   </div>
   <div class='ocr_carea' id='block_1_67' title="bbox 436 3683 1432 3767">
    <p class='ocr_par' dir='ltr' id='par_1_67' title="bbox 436 3683 1432 3767">
     <span class='ocr_line' id='line_1_67' title="bbox 436 3683 1432 3767; baseline 0.018 -32"><span class='ocrx_word' id='word_1_514' title='bbox 436 3683 647 3754; x_wconf 69' lang='lat' dir='ltr'><strong>injuriae</strong></span> <span class='ocrx_word' id='word_1_515' title='bbox 675 3688 830 3742; x_wconf 91' lang='lat' dir='ltr'><strong>dolor</strong></span> <span class='ocrx_word' id='word_1_516' title='bbox 860 3693 1175 3760; x_wconf 89' lang='lat' dir='ltr'><strong>patientiam</strong></span> <span class='ocrx_word' id='word_1_517' title='bbox 1211 3700 1432 3767; x_wconf 84' lang='lat' dir='ltr'><strong>rumpit.</strong></span> 
     </span>
    </p>
   </div>
   <div class='ocr_carea' id='block_1_68' title="bbox 502 3776 1999 3864">
    <p class='ocr_par' dir='ltr' id='par_1_68' title="bbox 502 3776 1999 3864">
     <span class='ocr_line' id='line_1_68' title="bbox 502 3776 1999 3864; baseline 0.018 -36"><span class='ocrx_word' id='word_1_518' title='bbox 502 3777 557 3829; x_wconf 85' lang='lat'><strong>6.</strong></span> <span class='ocrx_word' id='word_1_519' title='bbox 602 3776 655 3830; x_wconf 94' lang='grc' dir='ltr'>Ιιι</span> <span class='ocrx_word' id='word_1_520' title='bbox 702 3785 1163 3850; x_wconf 89' lang='lat' dir='ltr'><strong>consequentibus</strong></span> <span class='ocrx_word' id='word_1_521' title='bbox 1211 3789 1389 3846; x_wconf 91' lang='lat' dir='ltr'><strong>adhuc</strong></span> <span class='ocrx_word' id='word_1_522' title='bbox 1419 3793 1650 3863; x_wconf 90' lang='lat' dir='ltr'><strong>amplius</strong></span> <span class='ocrx_word' id='word_1_523' title='bbox 1689 3798 1999 3864; x_wconf 87' lang='lat' dir='ltr'><strong>passionem</strong></span> 
     </span>
    </p>
   </div>
   <div class='ocr_carea' id='block_1_69' title="bbox 433 3867 1998 3945">
    <p class='ocr_par' dir='ltr' id='par_1_69' title="bbox 433 3867 1998 3945">
     <span class='ocr_line' id='line_1_69' title="bbox 433 3867 1998 3945; baseline 0.016 -27"><span class='ocrx_word' id='word_1_524' title='bbox 433 3867 696 3922; x_wconf 83' lang='lat' dir='ltr'><strong>describit</strong></span> <span class='ocrx_word' id='word_1_525' title='bbox 743 3871 863 3939; x_wconf 79' lang='lat' dir='ltr'><strong>ejus</strong></span> <span class='ocrx_word' id='word_1_526' title='bbox 914 3875 1004 3942; x_wconf 91' lang='lat' dir='ltr'><strong>qui</strong></span> <span class='ocrx_word' id='word_1_527' title='bbox 1055 3877 1298 3944; x_wconf 78' lang='lat' dir='ltr'><strong>proﬁcit.</strong></span> <span class='ocrx_word' id='word_1_528' title='bbox 1362 3898 1482 3937; x_wconf 92' lang='lat' dir='ltr'><strong>cum</strong></span> <span class='ocrx_word' id='word_1_529' title='bbox 1527 3888 1692 3943; x_wconf 90' lang='lat' dir='ltr'><strong>dicit:</strong></span> <span class='ocrx_word' id='word_1_530' title='bbox 1723 3889 1998 3945; x_wconf 83' lang='lat' dir='ltr'><strong>Concaluit</strong></span> 
     </span>
    </p>
   </div>
   <div class='ocr_carea' id='block_1_70' title="bbox 429 3961 1992 4054">
    <p class='ocr_par' dir='ltr' id='par_1_70' title="bbox 429 3961 1992 4054">
     <span class='ocr_line' id='line_1_70' title="bbox 429 3961 1992 4054; baseline 0.02 -47"><span class='ocrx_word' id='word_1_531' title='bbox 429 3974 519 4054; x_wconf 61' lang='lat' dir='ltr'><strong>cur</strong></span> <span class='ocrx_word' id='word_1_532' title='bbox 544 3974 717 4012; x_wconf 89' lang='lat' dir='ltr'><strong>meum</strong></span> <span class='ocrx_word' id='word_1_533' title='bbox 747 3961 887 4016; x_wconf 86' lang='lat' dir='ltr'><strong>intra</strong></span> <span class='ocrx_word' id='word_1_534' title='bbox 918 3981 1018 4019; x_wconf 89' lang='lat' dir='ltr'><strong>me.</strong></span> <span class='ocrx_word' id='word_1_535' title='bbox 1050 3968 1183 4023; x_wconf 91' lang='lat' dir='ltr'><strong>Cum</strong></span> <span class='ocrx_word' id='word_1_536' title='bbox 1214 3971 1360 4027; x_wconf 89' lang='lat' dir='ltr'><strong>enim</strong></span> <span class='ocrx_word' id='word_1_537' title='bbox 1393 3976 1547 4031; x_wconf 88' lang='lat' dir='ltr'><strong>audit</strong></span> <span class='ocrx_word' id='word_1_538' title='bbox 1581 3980 1705 4048; x_wconf 91' lang='lat' dir='ltr'><strong>quis</strong></span> <span class='ocrx_word' id='word_1_539' title='bbox 1733 3981 1844 4054; x_wconf 88' lang='lat'><strong>(68)</strong></span> <span class='ocrx_word' id='word_1_540' title='bbox 1878 4000 1992 4037; x_wconf 83' lang='lat' dir='ltr'><strong>ma-</strong></span> 
     </span>
    </p>
   </div>
   <div class='ocr_carea' id='block_1_71' title="bbox 429 4046 1994 4138">
    <p class='ocr_par' dir='ltr' id='par_1_71' title="bbox 429 4046 1994 4138">
     <span class='ocr_line' id='line_1_71' title="bbox 429 4046 1994 4138; baseline 0.02 -40"><span class='ocrx_word' id='word_1_541' title='bbox 429 4046 757 4117; x_wconf 87' lang='lat' dir='ltr'><strong>leloquentis</strong></span> <span class='ocrx_word' id='word_1_542' title='bbox 804 4065 859 4108; x_wconf 90' lang='lat' dir='ltr'><strong>et</strong></span> <span class='ocrx_word' id='word_1_543' title='bbox 907 4057 1242 4116; x_wconf 88' lang='lat' dir='ltr'><strong>detrahentis</strong></span> <span class='ocrx_word' id='word_1_544' title='bbox 1279 4078 1488 4131; x_wconf 87' lang='lat' dir='ltr'><strong>vocem,</strong></span> <span class='ocrx_word' id='word_1_545' title='bbox 1517 4046 1623 4122; x_wconf 82' lang='lat' dir='ltr'><strong>non</strong></span> <span class='ocrx_word' id='word_1_546' title='bbox 1664 4046 1842 4138; x_wconf 72' lang='lat' dir='ltr'><strong>potest</strong></span> <span class='ocrx_word' id='word_1_547' title='bbox 1872 4075 1994 4129; x_wconf 89' lang='lat' dir='ltr'><strong>sine</strong></span> 
     </span>
    </p>
   </div>
   <div class='ocr_carea' id='block_1_72' title="bbox 429 4140 1994 4230">
    <p class='ocr_par' dir='ltr' id='par_1_72' title="bbox 429 4140 1994 4230">
     <span class='ocr_line' id='line_1_72' title="bbox 429 4140 1994 4230; baseline 0.017 -37"><span class='ocrx_word' id='word_1_548' title='bbox 429 4140 793 4207; x_wconf 89' lang='lat' dir='ltr'><strong>dolore,sicut</strong></span> <span class='ocrx_word' id='word_1_549' title='bbox 819 4149 907 4203; x_wconf 93' lang='lat' dir='ltr'><strong>ille</strong></span> <span class='ocrx_word' id='word_1_550' title='bbox 931 4151 1019 4218; x_wconf 92' lang='lat' dir='ltr'><strong>qui</strong></span> <span class='ocrx_word' id='word_1_551' title='bbox 1047 4153 1317 4221; x_wconf 80' lang='lat' dir='ltr'><strong>perfectus</strong></span> <span class='ocrx_word' id='word_1_552' title='bbox 1346 4167 1453 4225; x_wconf 89' lang='lat' dir='ltr'><strong>est,</strong></span> <span class='ocrx_word' id='word_1_553' title='bbox 1483 4160 1573 4229; x_wconf 90' lang='lat' dir='ltr'><strong>qui</strong></span> <span class='ocrx_word' id='word_1_554' title='bbox 1596 4161 1707 4230; x_wconf 87' lang='lat' dir='ltr'><strong>jam</strong></span> <span class='ocrx_word' id='word_1_555' title='bbox 1738 4164 1994 4221; x_wconf 87' lang='lat' dir='ltr'><strong>diuturna</strong></span> 
     </span>
    </p>
   </div>
   <div class='ocr_carea' id='block_1_73' title="bbox 427 4238 1994 4312">
    <p class='ocr_par' dir='ltr' id='par_1_73' title="bbox 427 4238 1994 4312">
     <span class='ocr_line' id='line_1_73' title="bbox 427 4238 1994 4312; baseline 0.017 -26"><span class='ocrx_word' id='word_1_556' title='bbox 427 4238 736 4292; x_wconf 80' lang='lat' dir='ltr'><strong>constantia</strong></span> <span class='ocrx_word' id='word_1_557' title='bbox 783 4239 1174 4297; x_wconf 88' lang='lat' dir='ltr'><strong>beatitudinem</strong></span> <span class='ocrx_word' id='word_1_558' title='bbox 1218 4250 1450 4302; x_wconf 89' lang='lat' dir='ltr'><strong>meruit:</strong></span> <span class='ocrx_word' id='word_1_559' title='bbox 1484 4250 1577 4304; x_wconf 88' lang='lat' dir='ltr'><strong>sed</strong></span> <span class='ocrx_word' id='word_1_560' title='bbox 1613 4252 1715 4308; x_wconf 93' lang='lat' dir='ltr'><strong>iste</strong></span> <span class='ocrx_word' id='word_1_561' title='bbox 1759 4256 1901 4310; x_wconf 87' lang='lat' dir='ltr'><strong>dolet</strong></span> <span class='ocrx_word' id='word_1_562' title='bbox 1940 4270 1994 4312; x_wconf 88' lang='lat' dir='ltr'><strong>et</strong></span> 
     </span>
    </p>
   </div>
   <div class='ocr_carea' id='block_1_74' title="bbox 496 4377 1547 4454">
    <p class='ocr_par' dir='ltr' id='par_1_74' title="bbox 496 4377 1547 4454">
     <span class='ocr_line' id='line_1_74' title="bbox 496 4377 1547 4454; baseline 0.01 -21"><span class='ocrx_word' id='word_1_563' title='bbox 496 4377 542 4410; x_wconf 82' lang='grc'><strong><em>⁸⁵</em></strong></span> <span class='ocrx_word' id='word_1_564' title='bbox 563 4377 697 4436; x_wconf 81' lang='lat' dir='ltr'><strong>Luc.</strong></span> <span class='ocrx_word' id='word_1_565' title='bbox 725 4397 876 4448; x_wconf 66' lang='grc' dir='ltr'><strong>χειν,</strong></span> <span class='ocrx_word' id='word_1_566' title='bbox 906 4382 998 4437; x_wconf 77' lang='grc'><strong>51.</strong></span> <span class='ocrx_word' id='word_1_567' title='bbox 1075 4384 1118 4414; x_wconf 74' lang='grc'><strong>³⁷</strong></span> <span class='ocrx_word' id='word_1_568' title='bbox 1145 4387 1346 4440; x_wconf 81' lang='lat' dir='ltr'><strong>Jerem.</strong></span> <span class='ocrx_word' id='word_1_569' title='bbox 1379 4403 1430 4454; x_wconf 90' lang='lat' dir='ltr'><strong>v,</strong></span> <span class='ocrx_word' id='word_1_570' title='bbox 1462 4391 1547 4444; x_wconf 68' lang='grc'><strong>14.</strong></span> 
     </span>
    </p>
   </div>
   <div class='ocr_carea' id='block_1_75' title="bbox 493 4517 1985 4595">
    <p class='ocr_par' dir='ltr' id='par_1_75' title="bbox 493 4517 1985 4595">
     <span class='ocr_line' id='line_1_75' title="bbox 493 4517 1985 4595; baseline 0.014 -25"><span class='ocrx_word' id='word_1_571' title='bbox 493 4517 775 4595; x_wconf 80' lang='lat' dir='ltr'><strong>(68)_Cum</strong></span> <span class='ocrx_word' id='word_1_572' title='bbox 805 4538 942 4578; x_wconf 78' lang='lat' dir='ltr'><strong>enim</strong></span> <span class='ocrx_word' id='word_1_573' title='bbox 968 4524 1120 4595; x_wconf 68' lang='lat' dir='ltr'><strong>audit</strong></span> <span class='ocrx_word' id='word_1_574' title='bbox 1155 4526 1296 4595; x_wconf 85' lang='lat' dir='ltr'><strong>quis,</strong></span> <span class='ocrx_word' id='word_1_575' title='bbox 1319 4537 1425 4580; x_wconf 91' lang='lat' dir='ltr'><strong>etc.</strong></span> <span class='ocrx_word' id='word_1_576' title='bbox 1457 4527 1657 4582; x_wconf 78' lang='lat' dir='ltr'><strong>Catena</strong></span> <span class='ocrx_word' id='word_1_577' title='bbox 1703 4533 1943 4590; x_wconf 90' lang='lat' dir='ltr'><strong>Corderii</strong></span> <span class='ocrx_word' id='word_1_578' title='bbox 1971 4555 1985 4591; x_wconf 89' lang='lat'><strong>:</strong></span> 
     </span>
    </p>
   </div>
   <div class='ocr_carea' id='block_1_76' title="bbox 437 4573 2068 4678">
    <p class='ocr_par' dir='ltr' id='par_1_76' title="bbox 437 4573 2068 4678">
     <span class='ocr_line' id='line_1_76' title="bbox 437 4573 2068 4678; baseline 0.014 -40"><span class='ocrx_word' id='word_1_579' title='bbox 564 4573 867 4678; x_wconf 45' lang='grc' dir='ltr'><strong>εῖιιξήλόγωγ</strong></span> <span class='ocrx_word' id='word_1_580' title='bbox 889 4573 1320 4678; x_wconf 37' lang='grc' dir='ltr'>ξοῦασυστᾶνῖοξ</span> <span class='ocrx_word' id='word_1_581' title='bbox 1335 4601 1675 4678; x_wconf 55' lang='grc' dir='ltr'><strong>κατξναντίςιγ</strong></span> <span class='ocrx_word' id='word_1_582' title='bbox 1706 4621 1805 4673; x_wconf 85' lang='grc' dir='ltr'><strong>μου</strong></span> <span class='ocrx_word' id='word_1_583' title='bbox 1823 4579 1995 4678; x_wconf 61' lang='grc' dir='ltr'><strong>(Ξιμειιρἰ</strong></span> <span class='ocrx_word' id='word_1_584' title='bbox 2025 4573 2068 4629; x_wconf 69' lang='grc' dir='ltr'>υ</span> 
     </span>
    </p>
   </div>
   <div class='ocr_carea' id='block_1_77' title="bbox 423 4657 1993 4743">
    <p class='ocr_par' dir='ltr' id='par_1_77' title="bbox 423 4657 1993 4743">
     <span class='ocr_line' id='line_1_77' title="bbox 423 4657 1993 4743; baseline 0.012 -32"><span class='ocrx_word' id='word_1_585' title='bbox 423 4657 626 4743; x_wconf 42' lang='grc' dir='ltr'><strong>ςωλοῦκ</strong></span> <span class='ocrx_word' id='word_1_586' title='bbox 649 4657 954 4743; x_wconf 24' lang='grc' dir='ltr'><strong>ὲθεῆρὲμὰνθη</strong></span> <span class='ocrx_word' id='word_1_587' title='bbox 987 4657 1389 4743; x_wconf 37' lang='grc' dir='ltr'><strong>διᾳπυρωΘε-ἶσᾳ</strong></span> <span class='ocrx_word' id='word_1_588' title='bbox 1411 4672 1413 4674; x_wconf 77' lang='grc'><em>’</em></span> <span class='ocrx_word' id='word_1_589' title='bbox 1435 4671 1488 4743; x_wconf 66' lang='grc' dir='ltr'><strong>ἡΔ</strong></span> <span class='ocrx_word' id='word_1_590' title='bbox 1513 4657 1717 4743; x_wconf 59' lang='grc' dir='ltr'><strong>καρδίοί</strong></span> <span class='ocrx_word' id='word_1_591' title='bbox 1752 4657 1993 4743; x_wconf 29' lang='lat' dir='ltr'><strong>itaista}.</strong></span> 
     </span>
    </p>
   </div>
   <div class='ocr_carea' id='block_1_78' title="bbox 424 4727 1991 4817">
    <p class='ocr_par' dir='ltr' id='par_1_78' title="bbox 424 4727 1991 4817">
     <span class='ocr_line' id='line_1_78' title="bbox 424 4727 1991 4817; baseline 0.015 -39"><span class='ocrx_word' id='word_1_592' title='bbox 424 4727 1020 4817; x_wconf 41' lang='lat' dir='ltr'><strong>laetativqﬂfppavet;</strong></span> <span class='ocrx_word' id='word_1_593' title='bbox 1053 4727 1201 4817; x_wconf 63' lang='grc' dir='ltr'><strong>ὲνῖός</strong></span> <span class='ocrx_word' id='word_1_594' title='bbox 1239 4754 1338 4807; x_wconf 81' lang='grc' dir='ltr'><strong>μου</strong></span> <span class='ocrx_word' id='word_1_595' title='bbox 1372 4727 1674 4817; x_wconf 51' lang='grc' dir='ltr'><strong>ἔκρρξόιχίξη,ἱ</strong></span> <span class='ocrx_word' id='word_1_596' title='bbox 1701 4727 1991 4817; x_wconf 49' lang='grc' dir='ltr'><strong>’ω’ἠςεὶίεῖἆι)</strong></span> 
     </span>
    </p>
   </div>
   <div class='ocr_carea' id='block_1_79' title="bbox 423 4797 1986 4872">
    <p class='ocr_par' dir='ltr' id='par_1_79' title="bbox 423 4797 1986 4872">
     <span class='ocr_line' id='line_1_79' title="bbox 423 4797 1986 4872; baseline 0.015 -25"><span class='ocrx_word' id='word_1_597' title='bbox 423 4797 535 4872; x_wconf 66' lang='grc' dir='ltr'>ξξιν</span> <span class='ocrx_word' id='word_1_598' title='bbox 569 4797 873 4872; x_wconf 61' lang='grc' dir='ltr'><strong>ἀνᾳλαόὼῆξ,</strong></span> <span class='ocrx_word' id='word_1_599' title='bbox 909 4803 966 4872; x_wconf 75' lang='grc' dir='ltr'><strong>οὐ</strong></span> <span class='ocrx_word' id='word_1_600' title='bbox 1003 4797 1688 4872; x_wconf 49' lang='grc' dir='ltr'><strong>κινεῖτόιίπαντέλῶξὺτξὸ</strong></span> <span class='ocrx_word' id='word_1_601' title='bbox 1743 4797 1986 4870; x_wconf 46' lang='lat' dir='ltr'><strong>adduint;</strong></span> 
     </span>
    </p>
   </div>
   <div class='ocr_carea' id='block_1_80' title="bbox 420 4867 1982 4956">
    <p class='ocr_par' dir='ltr' id='par_1_80' title="bbox 420 4867 1982 4956">
     <span class='ocr_line' id='line_1_80' title="bbox 420 4867 1982 4956; baseline 0.012 -36"><span class='ocrx_word' id='word_1_602' title='bbox 420 4867 756 4956; x_wconf 49' lang='grc' dir='ltr'><strong>δορουμὲνοιν</strong></span> <span class='ocrx_word' id='word_1_603' title='bbox 791 4869 1329 4956; x_wconf 29' lang='grc' dir='ltr'><strong>αὑτῷξὶςΑὶεγείμὲν,</strong></span> <span class='ocrx_word' id='word_1_604' title='bbox 1355 4879 1447 4956; x_wconf 68' lang='lat' dir='ltr'><strong>xa‘t</strong></span> <span class='ocrx_word' id='word_1_605' title='bbox 1482 4867 1578 4950; x_wconf 73' lang='grc' dir='ltr'>τῆν</span> <span class='ocrx_word' id='word_1_606' title='bbox 1613 4883 1834 4952; x_wconf 79' lang='grc' dir='ltr'>καρδίαν</span> 
     </span>
    </p>
   </div>
   <div class='ocr_carea' id='block_1_81' title="bbox 419 4938 1983 5027">
    <p class='ocr_par' dir='ltr' id='par_1_81' title="bbox 419 4938 1983 5027">
     <span class='ocr_line' id='line_1_81' title="bbox 419 4938 1983 5027; baseline 0.013 -39"><span class='ocrx_word' id='word_1_607' title='bbox 419 4938 862 5027; x_wconf 45' lang='lat' dir='ltr'><strong>separa-opsum,</strong></span> <span class='ocrx_word' id='word_1_608' title='bbox 898 4938 1012 5027; x_wconf 53' lang='grc' dir='ltr'><strong>ἀλλ’</strong></span> <span class='ocrx_word' id='word_1_609' title='bbox 1043 4938 1325 5027; x_wconf 16' lang='lat' dir='ltr'><strong>auxillas-si</strong></span> <span class='ocrx_word' id='word_1_610' title='bbox 1364 4949 1456 5001; x_wconf 77' lang='grc' dir='ltr'><strong>καὶ</strong></span> <span class='ocrx_word' id='word_1_611' title='bbox 1500 4938 1860 5027; x_wconf 61' lang='grc' dir='ltr'><strong>ῖέαρατέέμψαι</strong></span> <span class='ocrx_word' id='word_1_612' title='bbox 1902 4938 1983 5027; x_wconf 62' lang='grc' dir='ltr'><strong>ίξῷ</strong></span> 
     </span>
    </p>
   </div>
   <div class='ocr_carea' id='block_1_82' title="bbox 419 5007 1984 5088">
    <p class='ocr_par' dir='ltr' id='par_1_82' title="bbox 419 5007 1984 5088">
     <span class='ocr_line' id='line_1_82' title="bbox 419 5007 1984 5088; baseline 0.014 -30"><span class='ocrx_word' id='word_1_613' title='bbox 419 5007 672 5088; x_wconf 52' lang='grc' dir='ltr'><strong>στόματι</strong></span> <span class='ocrx_word' id='word_1_614' title='bbox 696 5007 870 5088; x_wconf 62' lang='grc' dir='ltr'>λόγον.</span> <span class='ocrx_word' id='word_1_615' title='bbox 919 5011 1004 5088; x_wconf 70' lang='lat' dir='ltr'><strong>Ea:</strong></span> <span class='ocrx_word' id='word_1_616' title='bbox 1032 5007 1216 5088; x_wconf 54' lang='lat' dir='ltr'><strong>verbis</strong></span> <span class='ocrx_word' id='word_1_617' title='bbox 1262 5021 1550 5085; x_wconf 82' lang='lat' dir='ltr'><strong>peccatoris</strong></span> <span class='ocrx_word' id='word_1_618' title='bbox 1582 5007 1868 5078; x_wconf 48' lang='lat' dir='ltr'><strong>Iadtte&#39;rsitm</strong></span> 
     </span>
    </p>
   </div>
   <div class='ocr_carea' id='block_1_83' title="bbox 417 5080 1978 5160">
    <p class='ocr_par' dir='ltr' id='par_1_83' title="bbox 417 5080 1978 5160">
     <span class='ocr_line' id='line_1_83' title="bbox 417 5080 1978 5160; baseline 0.014 -34"><span class='ocrx_word' id='word_1_619' title='bbox 417 5080 750 5160; x_wconf 71' lang='lat' dir='ltr'><strong>consistentis</strong></span> <span class='ocrx_word' id='word_1_620' title='bbox 799 5083 1228 5160; x_wconf 50' lang='lat' dir='ltr'><strong>conca/uinique</strong></span> <span class='ocrx_word' id='word_1_621' title='bbox 1255 5080 1528 5142; x_wconf 82' lang='lat' dir='ltr'><strong>accensum</strong></span> <span class='ocrx_word' id='word_1_622' title='bbox 1572 5106 1661 5144; x_wconf 88' lang='lat' dir='ltr'><strong>cor</strong></span> <span class='ocrx_word' id='word_1_623' title='bbox 1703 5109 1895 5160; x_wconf 89' lang='lat' dir='ltr'><strong>meum,</strong></span> <span class='ocrx_word' id='word_1_624' title='bbox 1931 5080 1978 5150; x_wconf 87' lang='lat' dir='ltr'><strong>et</strong></span> 
     </span>
    </p>
   </div>
   <div class='ocr_carea' id='block_1_84' title="bbox 416 5147 1982 5234">
    <p class='ocr_par' dir='ltr' id='par_1_84' title="bbox 416 5147 1982 5234">
     <span class='ocr_line' id='line_1_84' title="bbox 416 5147 1982 5234; baseline 0.015 -40"><span class='ocrx_word' id='word_1_625' title='bbox 416 5147 718 5234; x_wconf 67' lang='lat' dir='ltr'><strong>istiusmodi</strong></span> <span class='ocrx_word' id='word_1_626' title='bbox 743 5150 1033 5234; x_wconf 51' lang='lat' dir='ltr'><strong>cale/actio</strong></span> <span class='ocrx_word' id='word_1_627' title='bbox 1073 5147 1213 5234; x_wconf 72' lang='lat' dir='ltr'><strong>intra</strong></span> <span class='ocrx_word' id='word_1_628' title='bbox 1265 5173 1344 5209; x_wconf 93' lang='lat' dir='ltr'><strong>me</strong></span> <span class='ocrx_word' id='word_1_629' title='bbox 1383 5169 1588 5213; x_wconf 79' lang='lat' dir='ltr'><strong>servata</strong></span> <span class='ocrx_word' id='word_1_630' title='bbox 1638 5161 1762 5228; x_wconf 82' lang='lat' dir='ltr'><strong>fuit.</strong></span> <span class='ocrx_word' id='word_1_631' title='bbox 1801 5163 1858 5217; x_wconf 88' lang='lat' dir='ltr'><strong>Is</strong></span> <span class='ocrx_word' id='word_1_632' title='bbox 1883 5147 1982 5234; x_wconf 50' lang='lat' dir='ltr'><strong>&#39;qni</strong></span> 
     </span>
    </p>
   </div>
   <div class='ocr_carea' id='block_1_85' title="bbox 417 5215 1979 5297">
    <p class='ocr_par' dir='ltr' id='par_1_85' title="bbox 417 5215 1979 5297">
     <span class='ocr_line' id='line_1_85' title="bbox 417 5215 1979 5297; baseline 0.016 -34"><span class='ocrx_word' id='word_1_633' title='bbox 417 5215 704 5297; x_wconf 70' lang='lat' dir='ltr'><strong>perfectum</strong></span> <span class='ocrx_word' id='word_1_634' title='bbox 731 5215 972 5297; x_wconf 61' lang='lat' dir='ltr'><strong>habitum</strong></span> <span class='ocrx_word' id='word_1_635' title='bbox 1015 5225 1245 5297; x_wconf 67' lang='lat' dir='ltr'><strong>accepit,</strong></span> <span class='ocrx_word' id='word_1_636' title='bbox 1267 5241 1370 5278; x_wconf 87' lang='lat' dir='ltr'><strong>non</strong></span> <span class='ocrx_word' id='word_1_637' title='bbox 1405 5215 1648 5282; x_wconf 49' lang='lat' dir='ltr'><strong>movetur.</strong></span> <span class='ocrx_word' id='word_1_638' title='bbox 1673 5215 1979 5288; x_wconf 53' lang='lat' dir='ltr'><strong>omnino&#39;ali</strong></span> 
     </span>
    </p>
   </div>
   <div class='ocr_carea' id='block_1_86' title="bbox 417 5287 1982 5370">
    <p class='ocr_par' dir='ltr' id='par_1_86' title="bbox 417 5287 1982 5370">
     <span class='ocr_line' id='line_1_86' title="bbox 417 5287 1982 5370; baseline 0.015 -37"><span class='ocrx_word' id='word_1_639' title='bbox 417 5287 602 5370; x_wconf 44' lang='lat' dir='ltr'><strong>iis‘qui</strong></span> <span class='ocrx_word' id='word_1_640' title='bbox 642 5287 743 5370; x_wconf 73' lang='lat' dir='ltr'><strong>ipsi</strong></span> <span class='ocrx_word' id='word_1_641' title='bbox 778 5290 1116 5370; x_wconf 73' lang='lat' dir='ltr'><strong>maledicunt.</strong></span> <span class='ocrx_word' id='word_1_642' title='bbox 1136 5287 1294 5347; x_wconf 48' lang='lat' dir='ltr'><strong>&#39;Dolet</strong></span> <span class='ocrx_word' id='word_1_643' title='bbox 1323 5297 1527 5364; x_wconf 80' lang='lat' dir='ltr'><strong>quidem</strong></span> <span class='ocrx_word' id='word_1_644' title='bbox 1565 5309 1615 5352; x_wconf 82' lang='lat' dir='ltr'><strong>et</strong></span> <span class='ocrx_word' id='word_1_645' title='bbox 1654 5318 1745 5356; x_wconf 87' lang='lat' dir='ltr'><strong>cor</strong></span> <span class='ocrx_word' id='word_1_646' title='bbox 1771 5287 1982 5370; x_wconf 83' lang='lat' dir='ltr'><strong>pertur-</strong></span> 
     </span>
    </p>
   </div>
   <div class='ocr_carea' id='block_1_87' title="bbox 416 5351 1979 5429">
    <p class='ocr_par' dir='ltr' id='par_1_87' title="bbox 416 5351 1979 5429">
     <span class='ocr_line' id='line_1_87' title="bbox 416 5351 1979 5429; baseline 0.015 -27"><span class='ocrx_word' id='word_1_647' title='bbox 416 5351 594 5404; x_wconf 84' lang='lat' dir='ltr'><strong>batum</strong></span> <span class='ocrx_word' id='word_1_648' title='bbox 651 5355 801 5411; x_wconf 85' lang='lat' dir='ltr'><strong>habet</strong></span> <span class='ocrx_word' id='word_1_649' title='bbox 819 5373 840 5422; x_wconf 87' lang='lat'><strong><em>;</em></strong></span> <span class='ocrx_word' id='word_1_650' title='bbox 895 5377 998 5412; x_wconf 88' lang='lat' dir='ltr'><strong>non</strong></span> <span class='ocrx_word' id='word_1_651' title='bbox 1059 5362 1136 5415; x_wconf 90' lang='lat' dir='ltr'><strong>ita</strong></span> <span class='ocrx_word' id='word_1_652' title='bbox 1190 5351 1384 5429; x_wconf 73' lang='lat' dir='ltr'><strong>tamen,</strong></span> <span class='ocrx_word' id='word_1_653' title='bbox 1439 5377 1492 5419; x_wconf 86' lang='lat' dir='ltr'><strong>ut</strong></span> <span class='ocrx_word' id='word_1_654' title='bbox 1547 5351 1611 5423; x_wconf 78' lang='lat' dir='ltr'><strong>ea:</strong></span> <span class='ocrx_word' id='word_1_655' title='bbox 1643 5351 1732 5424; x_wconf 70' lang='lat' dir='ltr'><strong>ore</strong></span> <span class='ocrx_word' id='word_1_656' title='bbox 1769 5351 1979 5427; x_wconf 58' lang='lat' dir='ltr'><strong>iéiii&#39;m</strong></span> 
     </span>
    </p>
   </div>
   <div class='ocr_carea' id='block_1_88' title="bbox 416 5432 635 5476">
    <p class='ocr_par' dir='ltr' id='par_1_88' title="bbox 416 5432 635 5476">
     <span class='ocr_line' id='line_1_88' title="bbox 416 5432 635 5476; baseline 0.014 -3"><span class='ocrx_word' id='word_1_657' title='bbox 416 5432 635 5476; x_wconf 77' lang='lat' dir='ltr'><strong>rmmat.</strong></span> 
     </span>
    </p>
   </div>
   <div class='ocr_carea' id='block_1_89' title="bbox 487 5491 1972 5576">
    <p class='ocr_par' dir='ltr' id='par_1_89' title="bbox 487 5491 1972 5576">
     <span class='ocr_line' id='line_1_89' title="bbox 487 5491 1972 5576; baseline 0.013 -33"><span class='ocrx_word' id='word_1_658' title='bbox 487 5491 597 5576; x_wconf 68' lang='lat' dir='ltr'><strong>(eo)</strong></span> <span class='ocrx_word' id='word_1_659' title='bbox 635 5493 701 5546; x_wconf 87' lang='lat' dir='ltr'><strong>Et</strong></span> <span class='ocrx_word' id='word_1_660' title='bbox 727 5512 872 5576; x_wconf 44' lang='lat' dir='ltr'><strong>.ego_</strong></span> <span class='ocrx_word' id='word_1_661' title='bbox 899 5500 1143 5576; x_wconf 74' lang='lat' dir='ltr'><strong>meditor.</strong></span> <span class='ocrx_word' id='word_1_662' title='bbox 1182 5512 1289 5576; x_wconf 87' lang='lat' dir='ltr'><strong>etc.</strong></span> <span class='ocrx_word' id='word_1_663' title='bbox 1341 5504 1539 5559; x_wconf 88' lang='lat' dir='ltr'><strong>Catena</strong></span> <span class='ocrx_word' id='word_1_664' title='bbox 1597 5509 1821 5564; x_wconf 84' lang='lat' dir='ltr'><strong>Barbari</strong></span> <span class='ocrx_word' id='word_1_665' title='bbox 1854 5528 1866 5563; x_wconf 91' lang='lat'>:</span> <span class='ocrx_word' id='word_1_666' title='bbox 1902 5510 1972 5563; x_wconf 84' lang='lat' dir='ltr'><strong>Et</strong></span> 
     </span>
    </p>
   </div>
   <div class='ocr_carea' id='block_1_90' title="bbox 417 5566 1966 5648">
    <p class='ocr_par' dir='ltr' id='par_1_90' title="bbox 417 5566 1966 5648">
     <span class='ocr_line' id='line_1_90' title="bbox 417 5566 1966 5648; baseline 0.014 -37"><span class='ocrx_word' id='word_1_667' title='bbox 417 5566 704 5648; x_wconf 61' lang='lat' dir='ltr'><strong>meditans,</strong></span> <span class='ocrx_word' id='word_1_668' title='bbox 726 5566 922 5648; x_wconf 55' lang='lat' dir='ltr'><strong>inquit,</strong></span> <span class='ocrx_word' id='word_1_669' title='bbox 954 5571 1132 5648; x_wconf 69' lang='lat' dir='ltr'><strong>dicina</strong></span> <span class='ocrx_word' id='word_1_670' title='bbox 1173 5575 1379 5648; x_wconf 76' lang='lat' dir='ltr'><strong>eloquia</strong></span> <span class='ocrx_word' id='word_1_671' title='bbox 1412 5576 1683 5640; x_wconf 83' lang='lat' dir='ltr'><strong>ardebant,</strong></span> <span class='ocrx_word' id='word_1_672' title='bbox 1716 5585 1966 5648; x_wconf 87' lang='lat' dir='ltr'><strong>quemad-</strong></span> 
     </span>
    </p>
   </div>
   <div class='ocr_carea' id='block_1_91' title="bbox 417 5632 1969 5705">
    <p class='ocr_par' dir='ltr' id='par_1_91' title="bbox 417 5632 1969 5705">
     <span class='ocr_line' id='line_1_91' title="bbox 417 5632 1969 5705; baseline 0.015 -24"><span class='ocrx_word' id='word_1_673' title='bbox 417 5632 628 5705; x_wconf 62' lang='lat' dir='ltr'><strong>modum</strong></span> <span class='ocrx_word' id='word_1_674' title='bbox 658 5645 704 5686; x_wconf 91' lang='lat' dir='ltr'><strong>et</strong></span> <span class='ocrx_word' id='word_1_675' title='bbox 737 5635 990 5705; x_wconf 82' lang='lat' dir='ltr'><strong>Cleophns</strong></span> <span class='ocrx_word' id='word_1_676' title='bbox 1021 5641 1196 5695; x_wconf 85' lang='lat' dir='ltr'><strong>dicens</strong></span> <span class='ocrx_word' id='word_1_677' title='bbox 1223 5658 1240 5696; x_wconf 86' lang='lat'><strong>.&#39;</strong></span> <span class='ocrx_word' id='word_1_678' title='bbox 1267 5632 1451 5698; x_wconf 78' lang='lat' dir='ltr'><strong>Nonne</strong></span> <span class='ocrx_word' id='word_1_679' title='bbox 1492 5662 1587 5698; x_wconf 83' lang='lat' dir='ltr'><strong>cor</strong></span> <span class='ocrx_word' id='word_1_680' title='bbox 1615 5632 1854 5704; x_wconf 48' lang='lat' dir='ltr'><strong>nostfrum</strong></span> <span class='ocrx_word' id='word_1_681' title='bbox 1880 5632 1969 5704; x_wconf 82' lang='lat' dir='ltr'><strong>ar-</strong></span> 
     </span>
    </p>
   </div>
   <div class='ocr_carea' id='block_1_92' title="bbox 420 5698 1962 5784">
    <p class='ocr_par' dir='ltr' id='par_1_92' title="bbox 420 5698 1962 5784">
     <span class='ocr_line' id='line_1_92' title="bbox 420 5698 1962 5784; baseline 0.016 -35"><span class='ocrx_word' id='word_1_682' title='bbox 420 5698 551 5784; x_wconf 62' lang='lat' dir='ltr'><strong>dens</strong></span> <span class='ocrx_word' id='word_1_683' title='bbox 589 5713 709 5782; x_wconf 75' lang='lat' dir='ltr'><strong>erat</strong></span> <span class='ocrx_word' id='word_1_684' title='bbox 764 5705 815 5759; x_wconf 95' lang='lat' dir='ltr'><strong>in</strong></span> <span class='ocrx_word' id='word_1_685' title='bbox 840 5698 1196 5784; x_wconf 37' lang='lat' dir='ltr'><strong>‘i_tol£is._dum</strong></span> <span class='ocrx_word' id='word_1_686' title='bbox 1232 5712 1546 5784; x_wconf 85' lang='lat' dir='ltr'><strong>loqueretur</strong></span> <span class='ocrx_word' id='word_1_687' title='bbox 1583 5698 1962 5784; x_wconf 43' lang='lat' dir='ltr'><strong>nobisinuvia,</strong></span> 
     </span>
    </p>
   </div>
   <div class='ocr_carea' id='block_1_93' title="bbox 423 5776 1961 5852">
    <p class='ocr_par' dir='ltr' id='par_1_93' title="bbox 423 5776 1961 5852">
     <span class='ocr_line' id='line_1_93' title="bbox 423 5776 1961 5852; baseline 0.016 -33"><span class='ocrx_word' id='word_1_688' title='bbox 423 5777 467 5819; x_wconf 69' lang='grc' dir='ltr'>ει</span> <span class='ocrx_word' id='word_1_689' title='bbox 491 5776 726 5838; x_wconf 82' lang='lat' dir='ltr'><strong>aperiret</strong></span> <span class='ocrx_word' id='word_1_690' title='bbox 763 5776 919 5832; x_wconf 83' lang='lat' dir='ltr'><strong>nobis</strong></span> <span class='ocrx_word' id='word_1_691' title='bbox 946 5776 1643 5852; x_wconf 14' lang='lat' dir='ltr'><strong>Scripturas?rllujusmodi</strong></span> <span class='ocrx_word' id='word_1_692' title='bbox 1679 5787 1822 5850; x_wconf 76' lang='lat' dir='ltr'><strong>[uere</strong></span> <span class='ocrx_word' id='word_1_693' title='bbox 1847 5776 1961 5843; x_wconf 49' lang='lat' dir='ltr'><strong>ver:</strong></span> 
     </span>
    </p>
   </div>
   <div class='ocr_carea' id='block_1_94' title="bbox 1625 4394 2077 4462">
    <p class='ocr_par' dir='ltr' id='par_1_94' title="bbox 1625 4394 2077 4462">
     <span class='ocr_line' id='line_1_94' title="bbox 1625 4394 2077 4462; baseline 0.02 -15"><span class='ocrx_word' id='word_1_694' title='bbox 1625 4394 1670 4425; x_wconf 87' lang='grc'><strong><em>³⁸</em></strong></span> <span class='ocrx_word' id='word_1_695' title='bbox 1703 4394 1833 4450; x_wconf 90' lang='lat' dir='ltr'><strong>Luc.</strong></span> <span class='ocrx_word' id='word_1_696' title='bbox 1864 4414 1962 4462; x_wconf 84' lang='lat' dir='ltr'><strong>xu,</strong></span> <span class='ocrx_word' id='word_1_697' title='bbox 1987 4401 2077 4456; x_wconf 77' lang='grc'><strong>49.</strong></span> 
     </span>
    </p>
   </div>
   <div class='ocr_carea' id='block_1_95' title="bbox 2109 3244 3677 3319">
    <p class='ocr_par' dir='ltr' id='par_1_95' title="bbox 2109 3244 3677 3319">
     <span class='ocr_line' id='line_1_95' title="bbox 2109 3244 3677 3319; baseline -0.006 -15"><span class='ocrx_word' id='word_1_698' title='bbox 2109 3252 2321 3317; x_wconf 89' lang='lat' dir='ltr'><strong>lutum;</strong></span> <span class='ocrx_word' id='word_1_699' title='bbox 2357 3251 2431 3306; x_wconf 90' lang='lat' dir='ltr'><strong>ita</strong></span> <span class='ocrx_word' id='word_1_700' title='bbox 2472 3259 2525 3306; x_wconf 87' lang='lat' dir='ltr'><strong>et</strong></span> <span class='ocrx_word' id='word_1_701' title='bbox 2559 3249 2611 3304; x_wconf 92' lang='lat' dir='ltr'><strong>hi</strong></span> <span class='ocrx_word' id='word_1_702' title='bbox 2643 3263 2872 3319; x_wconf 89' lang='lat' dir='ltr'><strong>quorum</strong></span> <span class='ocrx_word' id='word_1_703' title='bbox 2922 3263 3018 3304; x_wconf 91' lang='lat' dir='ltr'><strong>cor</strong></span> <span class='ocrx_word' id='word_1_704' title='bbox 3048 3245 3217 3302; x_wconf 88' lang='lat' dir='ltr'><strong>divini</strong></span> <span class='ocrx_word' id='word_1_705' title='bbox 3243 3244 3402 3300; x_wconf 86' lang='lat' dir='ltr'><strong>verbi</strong></span> <span class='ocrx_word' id='word_1_706' title='bbox 3437 3244 3579 3314; x_wconf 80' lang='lat' dir='ltr'><strong>ignis</strong></span> <span class='ocrx_word' id='word_1_707' title='bbox 3603 3257 3677 3294; x_wconf 82' lang='lat' dir='ltr'><strong>sc-</strong></span> 
     </span>
    </p>
   </div>
   <div class='ocr_carea' id='block_1_96' title="bbox 2109 3336 3676 3413">
    <p class='ocr_par' dir='ltr' id='par_1_96' title="bbox 2109 3336 3676 3413">
     <span class='ocr_line' id='line_1_96' title="bbox 2109 3336 3676 3413; baseline -0.007 -17"><span class='ocrx_word' id='word_1_708' title='bbox 2109 3342 2377 3407; x_wconf 79' lang='lat' dir='ltr'><strong>conderit,</strong></span> <span class='ocrx_word' id='word_1_709' title='bbox 2413 3357 2516 3396; x_wconf 91' lang='lat' dir='ltr'><strong>non</strong></span> <span class='ocrx_word' id='word_1_710' title='bbox 2546 3341 2821 3413; x_wconf 89' lang='lat' dir='ltr'><strong>patientur</strong></span> <span class='ocrx_word' id='word_1_711' title='bbox 2857 3339 2995 3393; x_wconf 89' lang='lat' dir='ltr'><strong>ultra</strong></span> <span class='ocrx_word' id='word_1_712' title='bbox 3022 3336 3408 3392; x_wconf 86' lang='lat' dir='ltr'><strong>materialibus</strong></span> <span class='ocrx_word' id='word_1_713' title='bbox 3438 3344 3499 3388; x_wconf 87' lang='lat' dir='ltr'><strong>et</strong></span> <span class='ocrx_word' id='word_1_714' title='bbox 3535 3350 3676 3388; x_wconf 77' lang='lat' dir='ltr'><strong>mun-</strong></span> 
     </span>
    </p>
   </div>
   <div class='ocr_carea' id='block_1_97' title="bbox 2107 3427 3678 3501">
    <p class='ocr_par' dir='ltr' id='par_1_97' title="bbox 2107 3427 3678 3501">
     <span class='ocr_line' id='line_1_97' title="bbox 2107 3427 3678 3501; baseline -0.006 -14"><span class='ocrx_word' id='word_1_715' title='bbox 2107 3433 2262 3488; x_wconf 89' lang='lat' dir='ltr'><strong>danis</strong></span> <span class='ocrx_word' id='word_1_716' title='bbox 2280 3432 2536 3488; x_wconf 88' lang='lat' dir='ltr'><strong>sordibus</strong></span> <span class='ocrx_word' id='word_1_717' title='bbox 2559 3431 2747 3501; x_wconf 89' lang='lat' dir='ltr'><strong>pollui,</strong></span> <span class='ocrx_word' id='word_1_718' title='bbox 2785 3430 2920 3486; x_wconf 91' lang='lat' dir='ltr'><strong>nihil</strong></span> <span class='ocrx_word' id='word_1_719' title='bbox 2947 3431 2998 3484; x_wconf 91' lang='lat' dir='ltr'><strong>in</strong></span> <span class='ocrx_word' id='word_1_720' title='bbox 3028 3445 3088 3484; x_wconf 90' lang='lat' dir='ltr'><strong>se</strong></span> <span class='ocrx_word' id='word_1_721' title='bbox 3116 3428 3369 3494; x_wconf 90' lang='lat' dir='ltr'><strong>tepidum</strong></span> <span class='ocrx_word' id='word_1_722' title='bbox 3397 3427 3678 3493; x_wconf 76' lang='lat' dir='ltr'><strong>recipient,</strong></span> 
     </span>
    </p>
   </div>
   <div class='ocr_carea' id='block_1_98' title="bbox 2103 3517 3676 3594">
    <p class='ocr_par' dir='ltr' id='par_1_98' title="bbox 2103 3517 3676 3594">
     <span class='ocr_line' id='line_1_98' title="bbox 2103 3517 3676 3594; baseline -0.008 -14"><span class='ocrx_word' id='word_1_723' title='bbox 2103 3534 2160 3580; x_wconf 90' lang='lat' dir='ltr'><strong>et</strong></span> <span class='ocrx_word' id='word_1_724' title='bbox 2189 3525 2332 3594; x_wconf 91' lang='lat' dir='ltr'><strong>quod</strong></span> <span class='ocrx_word' id='word_1_725' title='bbox 2373 3525 2548 3579; x_wconf 89' lang='lat' dir='ltr'><strong>evomi</strong></span> <span class='ocrx_word' id='word_1_726' title='bbox 2587 3525 2807 3594; x_wconf 85' lang='lat' dir='ltr'><strong>dignum</strong></span> <span class='ocrx_word' id='word_1_727' title='bbox 2850 3523 2940 3588; x_wconf 93' lang='lat' dir='ltr'><strong>sit,</strong></span> <span class='ocrx_word' id='word_1_728' title='bbox 2969 3536 3069 3576; x_wconf 87' lang='lat' dir='ltr'><strong>nec</strong></span> <span class='ocrx_word' id='word_1_729' title='bbox 3115 3520 3406 3586; x_wconf 87' lang='lat' dir='ltr'><strong>patientur</strong></span> <span class='ocrx_word' id='word_1_730' title='bbox 3444 3517 3676 3585; x_wconf 68' lang='grc' dir='ltr'>ιιιιιιιὶρῢ</span> 
     </span>
    </p>
   </div>
   <div class='ocr_carea' id='block_1_99' title="bbox 2106 3608 3676 3682">
    <p class='ocr_par' dir='ltr' id='par_1_99' title="bbox 2106 3608 3676 3682">
     <span class='ocr_line' id='line_1_99' title="bbox 2106 3608 3676 3682; baseline -0.008 -14"><span class='ocrx_word' id='word_1_731' title='bbox 2106 3623 2224 3668; x_wconf 92' lang='lat' dir='ltr'><strong>cata</strong></span> <span class='ocrx_word' id='word_1_732' title='bbox 2263 3613 2317 3667; x_wconf 90' lang='lat' dir='ltr'><strong>in</strong></span> <span class='ocrx_word' id='word_1_733' title='bbox 2370 3628 2428 3670; x_wconf 89' lang='lat' dir='ltr'><strong>se</strong></span> <span class='ocrx_word' id='word_1_734' title='bbox 2472 3613 2760 3682; x_wconf 89' lang='lat' dir='ltr'><strong>iniquitate</strong></span> <span class='ocrx_word' id='word_1_735' title='bbox 2796 3611 3152 3680; x_wconf 79' lang='lat' dir='ltr'><strong>refrigescere</strong></span> <span class='ocrx_word' id='word_1_736' title='bbox 3181 3608 3528 3663; x_wconf 82' lang='lat' dir='ltr'><strong>charitalem</strong></span> <span class='ocrx_word' id='word_1_737' title='bbox 3555 3624 3569 3657; x_wconf 92' lang='lat'><strong>:</strong></span> <span class='ocrx_word' id='word_1_738' title='bbox 3598 3609 3676 3659; x_wconf 67' lang='lat' dir='ltr'><strong>se:</strong></span> 
     </span>
    </p>
   </div>
   <div class='ocr_carea' id='block_1_100' title="bbox 2103 3699 3678 3776">
    <p class='ocr_par' dir='ltr' id='par_1_100' title="bbox 2103 3699 3678 3776">
     <span class='ocr_line' id='line_1_100' title="bbox 2103 3699 3678 3776; baseline -0.007 -16"><span class='ocrx_word' id='word_1_739' title='bbox 2103 3716 2264 3760; x_wconf 91' lang='lat' dir='ltr'><strong>erunt</strong></span> <span class='ocrx_word' id='word_1_740' title='bbox 2291 3719 2502 3776; x_wconf 86' lang='lat' dir='ltr'><strong>semper</strong></span> <span class='ocrx_word' id='word_1_741' title='bbox 2535 3704 2810 3774; x_wconf 85' lang='lat' dir='ltr'><strong>lampades</strong></span> <span class='ocrx_word' id='word_1_742' title='bbox 2843 3717 3030 3758; x_wconf 92' lang='lat' dir='ltr'><strong>eorum</strong></span> <span class='ocrx_word' id='word_1_743' title='bbox 3064 3716 3337 3764; x_wconf 71' lang='lat' dir='ltr'><strong>accensae,</strong></span> <span class='ocrx_word' id='word_1_744' title='bbox 3367 3709 3428 3754; x_wconf 92' lang='lat' dir='ltr'><strong>et</strong></span> <span class='ocrx_word' id='word_1_745' title='bbox 3458 3699 3678 3751; x_wconf 72' lang='lat' dir='ltr'><strong>lucere:</strong></span> 
     </span>
    </p>
   </div>
   <div class='ocr_carea' id='block_1_101' title="bbox 2102 3795 3676 3868">
    <p class='ocr_par' dir='ltr' id='par_1_101' title="bbox 2102 3795 3676 3868">
     <span class='ocr_line' id='line_1_101' title="bbox 2102 3795 3676 3868; baseline -0.006 -18"><span class='ocrx_word' id='word_1_746' title='bbox 2102 3798 2377 3862; x_wconf 89' lang='lat' dir='ltr'><strong>ardentes,</strong></span> <span class='ocrx_word' id='word_1_747' title='bbox 2403 3807 2460 3852; x_wconf 89' lang='lat' dir='ltr'><strong>et</strong></span> <span class='ocrx_word' id='word_1_748' title='bbox 2492 3796 2593 3868; x_wconf 91' lang='lat' dir='ltr'><strong>ipsi</strong></span> <span class='ocrx_word' id='word_1_749' title='bbox 2624 3795 2799 3865; x_wconf 86' lang='lat' dir='ltr'><strong>parati</strong></span> <span class='ocrx_word' id='word_1_750' title='bbox 2827 3804 3084 3863; x_wconf 89' lang='lat' dir='ltr'><strong>tanquam</strong></span> <span class='ocrx_word' id='word_1_751' title='bbox 3115 3795 3259 3847; x_wconf 81' lang='lat' dir='ltr'><strong>servi</strong></span> <span class='ocrx_word' id='word_1_752' title='bbox 3287 3800 3676 3861; x_wconf 74' lang='lat' dir='ltr'><strong>exspecuntes</strong></span> 
     </span>
    </p>
   </div>
   <div class='ocr_carea' id='block_1_102' title="bbox 2113 3885 3679 3957">
    <p class='ocr_par' dir='ltr' id='par_1_102' title="bbox 2113 3885 3679 3957">
     <span class='ocr_line' id='line_1_102' title="bbox 2113 3885 3679 3957; baseline -0.008 -13"><span class='ocrx_word' id='word_1_753' title='bbox 2113 3889 2389 3944; x_wconf 87' lang='lat' dir='ltr'><strong>dominum</strong></span> <span class='ocrx_word' id='word_1_754' title='bbox 2419 3905 2576 3944; x_wconf 90' lang='lat' dir='ltr'><strong>suum</strong></span> <span class='ocrx_word' id='word_1_755' title='bbox 2606 3889 2671 3943; x_wconf 91' lang='lat' dir='ltr'><strong>de</strong></span> <span class='ocrx_word' id='word_1_756' title='bbox 2701 3889 2902 3957; x_wconf 88' lang='lat' dir='ltr'><strong>nuptiis</strong></span> <span class='ocrx_word' id='word_1_757' title='bbox 2932 3888 3273 3941; x_wconf 82' lang='lat' dir='ltr'><strong>redeuntem.</strong></span> <span class='ocrx_word' id='word_1_758' title='bbox 3303 3887 3417 3938; x_wconf 76' lang='lat' dir='ltr'><strong>Aut</strong></span> <span class='ocrx_word' id='word_1_759' title='bbox 3452 3899 3563 3937; x_wconf 85' lang='lat' dir='ltr'><strong>non</strong></span> <span class='ocrx_word' id='word_1_760' title='bbox 3593 3885 3679 3935; x_wconf 73' lang='lat' dir='ltr'><strong>iste</strong></span> 
     </span>
    </p>
   </div>
   <div class='ocr_carea' id='block_1_103' title="bbox 2104 3975 3677 4051">
    <p class='ocr_par' dir='ltr' id='par_1_103' title="bbox 2104 3975 3677 4051">
     <span class='ocr_line' id='line_1_103' title="bbox 2104 3975 3677 4051; baseline -0.007 -16"><span class='ocrx_word' id='word_1_761' title='bbox 2104 3992 2218 4036; x_wconf 74' lang='lat' dir='ltr'><strong>erat</strong></span> <span class='ocrx_word' id='word_1_762' title='bbox 2261 3981 2404 4051; x_wconf 86' lang='lat' dir='ltr'><strong>ignis</strong></span> <span class='ocrx_word' id='word_1_763' title='bbox 2443 3980 2534 4035; x_wconf 91' lang='lat' dir='ltr'><strong>ille</strong></span> <span class='ocrx_word' id='word_1_764' title='bbox 2563 3981 2631 4035; x_wconf 92' lang='lat' dir='ltr'><strong>de</strong></span> <span class='ocrx_word' id='word_1_765' title='bbox 2663 3995 2770 4050; x_wconf 89' lang='lat' dir='ltr'><strong>quo</strong></span> <span class='ocrx_word' id='word_1_766' title='bbox 2822 3979 3078 4033; x_wconf 88' lang='lat' dir='ltr'><strong>Salvator</strong></span> <span class='ocrx_word' id='word_1_767' title='bbox 3118 3986 3313 4030; x_wconf 89' lang='lat' dir='ltr'><strong>noster</strong></span> <span class='ocrx_word' id='word_1_768' title='bbox 3353 3975 3677 4031; x_wconf 64' lang='lat' dir='ltr'><strong>dicebat&quot;:</strong></span> 
     </span>
    </p>
   </div>
   <div class='ocr_carea' id='block_1_104' title="bbox 2103 4069 3680 4145">
    <p class='ocr_par' dir='ltr' id='par_1_104' title="bbox 2103 4069 3680 4145">
     <span class='ocr_line' id='line_1_104' title="bbox 2103 4069 3680 4145; baseline -0.006 -17"><span class='ocrx_word' id='word_1_769' title='bbox 2103 4075 2283 4145; x_wconf 86' lang='lat' dir='ltr'><strong>Ignem</strong></span> <span class='ocrx_word' id='word_1_770' title='bbox 2308 4073 2422 4128; x_wconf 84' lang='lat' dir='ltr'><strong>veni</strong></span> <span class='ocrx_word' id='word_1_771' title='bbox 2447 4074 2651 4127; x_wconf 87' lang='lat' dir='ltr'><strong>mittere</strong></span> <span class='ocrx_word' id='word_1_772' title='bbox 2674 4073 2728 4125; x_wconf 90' lang='lat' dir='ltr'><strong>in</strong></span> <span class='ocrx_word' id='word_1_773' title='bbox 2751 4082 2967 4138; x_wconf 88' lang='lat' dir='ltr'><strong>terram,</strong></span> <span class='ocrx_word' id='word_1_774' title='bbox 2998 4079 3045 4126; x_wconf 89' lang='lat' dir='ltr'><strong>et</strong></span> <span class='ocrx_word' id='word_1_775' title='bbox 3066 4070 3195 4141; x_wconf 84' lang='lat' dir='ltr'><strong>quid</strong></span> <span class='ocrx_word' id='word_1_776' title='bbox 3221 4069 3344 4123; x_wconf 74' lang='lat' dir='ltr'><strong>vola</strong></span> <span class='ocrx_word' id='word_1_777' title='bbox 3371 4069 3487 4122; x_wconf 80' lang='lat' dir='ltr'><strong>nisi</strong></span> <span class='ocrx_word' id='word_1_778' title='bbox 3522 4081 3578 4120; x_wconf 75' lang='lat' dir='ltr'><strong>ut</strong></span> <span class='ocrx_word' id='word_1_779' title='bbox 3599 4084 3680 4119; x_wconf 78' lang='lat' dir='ltr'><strong>er-</strong></span> 
     </span>
    </p>
   </div>
   <div class='ocr_carea' id='block_1_105' title="bbox 2101 4163 3678 4235">
    <p class='ocr_par' dir='ltr' id='par_1_105' title="bbox 2101 4163 3678 4235">
     <span class='ocr_line' id='line_1_105' title="bbox 2101 4163 3678 4235; baseline -0.004 -15"><span class='ocrx_word' id='word_1_780' title='bbox 2101 4167 2265 4220; x_wconf 80' lang='lat' dir='ltr'><strong>deat?</strong></span> <span class='ocrx_word' id='word_1_781' title='bbox 2291 4167 2395 4220; x_wconf 84' lang='lat' dir='ltr'><strong>Iste</strong></span> <span class='ocrx_word' id='word_1_782' title='bbox 2427 4165 2612 4235; x_wconf 89' lang='lat' dir='ltr'><strong>procul</strong></span> <span class='ocrx_word' id='word_1_783' title='bbox 2649 4164 2814 4219; x_wconf 91' lang='lat' dir='ltr'><strong>dubio</strong></span> <span class='ocrx_word' id='word_1_784' title='bbox 2841 4165 2982 4234; x_wconf 83' lang='lat' dir='ltr'><strong>ignis</strong></span> <span class='ocrx_word' id='word_1_785' title='bbox 3021 4164 3215 4230; x_wconf 88' lang='lat' dir='ltr'><strong>estqui</strong></span> <span class='ocrx_word' id='word_1_786' title='bbox 3259 4163 3449 4232; x_wconf 78' lang='lat' dir='ltr'><strong>frigus</strong></span> <span class='ocrx_word' id='word_1_787' title='bbox 3483 4177 3678 4230; x_wconf 59' lang='lat' dir='ltr'><strong>peccati</strong></span> 
     </span>
    </p>
   </div>
   <div class='ocr_carea' id='block_1_106' title="bbox 2103 4254 3680 4330">
    <p class='ocr_par' dir='ltr' id='par_1_106' title="bbox 2103 4254 3680 4330">
     <span class='ocr_line' id='line_1_106' title="bbox 2103 4254 3680 4330; baseline -0.004 -19"><span class='ocrx_word' id='word_1_788' title='bbox 2103 4259 2270 4330; x_wconf 79' lang='lat' dir='ltr'><strong>fugat,</strong></span> <span class='ocrx_word' id='word_1_789' title='bbox 2295 4268 2348 4312; x_wconf 91' lang='lat' dir='ltr'><strong>et</strong></span> <span class='ocrx_word' id='word_1_790' title='bbox 2374 4259 2608 4313; x_wconf 89' lang='lat' dir='ltr'><strong>calorem</strong></span> <span class='ocrx_word' id='word_1_791' title='bbox 2641 4257 2864 4325; x_wconf 89' lang='lat' dir='ltr'><strong>spiritus</strong></span> <span class='ocrx_word' id='word_1_792' title='bbox 2894 4265 3129 4311; x_wconf 87' lang='lat' dir='ltr'><strong>revocat.</strong></span> <span class='ocrx_word' id='word_1_793' title='bbox 3158 4254 3272 4309; x_wconf 89' lang='lat' dir='ltr'><strong>lloc</strong></span> <span class='ocrx_word' id='word_1_794' title='bbox 3303 4255 3583 4308; x_wconf 76' lang='lat' dir='ltr'><strong>nimirum</strong></span> <span class='ocrx_word' id='word_1_795' title='bbox 3609 4263 3680 4305; x_wconf 71' lang='lat' dir='ltr'><strong>est</strong></span> 
     </span>
    </p>
   </div>
   <div class='ocr_carea' id='block_1_107' title="bbox 2099 4532 3676 4603">
    <p class='ocr_par' dir='ltr' id='par_1_107' title="bbox 2099 4532 3676 4603">
     <span class='ocr_line' id='line_1_107' title="bbox 2099 4532 3676 4603; baseline -0.006 -12"><span class='ocrx_word' id='word_1_796' title='bbox 2099 4539 2163 4592; x_wconf 88' lang='lat' dir='ltr'><strong>ba</strong></span> <span class='ocrx_word' id='word_1_797' title='bbox 2203 4537 2466 4592; x_wconf 82' lang='lat' dir='ltr'><strong>Jeremite.</strong></span> <span class='ocrx_word' id='word_1_798' title='bbox 2502 4535 2653 4590; x_wconf 84' lang='lat' dir='ltr'><strong>Unde</strong></span> <span class='ocrx_word' id='word_1_799' title='bbox 2699 4536 2954 4603; x_wconf 81' lang='lat' dir='ltr'><strong>scriptum</strong></span> <span class='ocrx_word' id='word_1_800' title='bbox 3002 4544 3076 4588; x_wconf 88' lang='lat' dir='ltr'><strong>est</strong></span> <span class='ocrx_word' id='word_1_801' title='bbox 3125 4532 3296 4587; x_wconf 85' lang='lat' dir='ltr'><strong>Deum</strong></span> <span class='ocrx_word' id='word_1_802' title='bbox 3331 4533 3676 4603; x_wconf 73' lang='lat' dir='ltr'><strong>illidixisse:</strong></span> 
     </span>
    </p>
   </div>
   <div class='ocr_carea' id='block_1_108' title="bbox 2104 4602 3678 4673">
    <p class='ocr_par' dir='ltr' id='par_1_108' title="bbox 2104 4602 3678 4673">
     <span class='ocr_line' id='line_1_108' title="bbox 2104 4602 3678 4673; baseline -0.006 -11"><span class='ocrx_word' id='word_1_803' title='bbox 2104 4611 2241 4663; x_wconf 86' lang='lat' dir='ltr'><strong>Ecce</strong></span> <span class='ocrx_word' id='word_1_804' title='bbox 2268 4608 2385 4662; x_wconf 88' lang='lat' dir='ltr'><strong>dedi</strong></span> <span class='ocrx_word' id='word_1_805' title='bbox 2413 4609 2574 4660; x_wconf 87' lang='lat' dir='ltr'><strong>verba</strong></span> <span class='ocrx_word' id='word_1_806' title='bbox 2608 4621 2723 4658; x_wconf 88' lang='lat' dir='ltr'><strong>mea</strong></span> <span class='ocrx_word' id='word_1_807' title='bbox 2760 4602 2814 4658; x_wconf 86' lang='lat' dir='ltr'><strong>in</strong></span> <span class='ocrx_word' id='word_1_808' title='bbox 2849 4619 2909 4657; x_wconf 92' lang='lat' dir='ltr'><strong>os</strong></span> <span class='ocrx_word' id='word_1_809' title='bbox 2950 4614 3099 4657; x_wconf 91' lang='lat' dir='ltr'><strong>tuum</strong></span> <span class='ocrx_word' id='word_1_810' title='bbox 3135 4607 3345 4673; x_wconf 85' lang='lat' dir='ltr'><strong>ignem.</strong></span> <span class='ocrx_word' id='word_1_811' title='bbox 3381 4602 3678 4671; x_wconf 53' lang='lat' dir='ltr'><strong>Hujusce-</strong></span> 
     </span>
    </p>
   </div>
   <div class='ocr_carea' id='block_1_109' title="bbox 2099 4673 3676 4748">
    <p class='ocr_par' dir='ltr' id='par_1_109' title="bbox 2099 4673 3676 4748">
     <span class='ocr_line' id='line_1_109' title="bbox 2099 4673 3676 4748; baseline -0.005 -18"><span class='ocrx_word' id='word_1_812' title='bbox 2099 4681 2154 4731; x_wconf 86' lang='lat' dir='ltr'><strong>di</strong></span> <span class='ocrx_word' id='word_1_813' title='bbox 2176 4687 2322 4732; x_wconf 87' lang='lat' dir='ltr'><strong>erant</strong></span> <span class='ocrx_word' id='word_1_814' title='bbox 2353 4676 2548 4748; x_wconf 77' lang='lat' dir='ltr'><strong>lingua:</strong></span> <span class='ocrx_word' id='word_1_815' title='bbox 2575 4691 2731 4743; x_wconf 85' lang='lat' dir='ltr'><strong>super</strong></span> <span class='ocrx_word' id='word_1_816' title='bbox 2765 4675 3028 4748; x_wconf 78' lang='lat' dir='ltr'><strong>apostolos</strong></span> <span class='ocrx_word' id='word_1_817' title='bbox 3059 4673 3421 4748; x_wconf 73' lang='lat' dir='ltr'><strong>Evangelians</strong></span> <span class='ocrx_word' id='word_1_818' title='bbox 3471 4690 3676 4724; x_wconf 76' lang='lat' dir='ltr'><strong>anm-</strong></span> 
     </span>
    </p>
   </div>
   <div class='ocr_carea' id='block_1_110' title="bbox 2095 4743 3674 4807">
    <p class='ocr_par' dir='ltr' id='par_1_110' title="bbox 2095 4743 3674 4807">
     <span class='ocr_line' id='line_1_110' title="bbox 2095 4743 3674 4807; baseline -0.006 -5"><span class='ocrx_word' id='word_1_819' title='bbox 2095 4751 2319 4802; x_wconf 89' lang='lat' dir='ltr'><strong>tiaturos</strong></span> <span class='ocrx_word' id='word_1_820' title='bbox 2343 4743 2625 4800; x_wconf 80' lang='lat' dir='ltr'><strong>insidentes</strong></span> <span class='ocrx_word' id='word_1_821' title='bbox 2654 4762 2670 4800; x_wconf 88' lang='lat'><strong>:</strong></span> <span class='ocrx_word' id='word_1_822' title='bbox 2695 4761 2815 4798; x_wconf 92' lang='lat' dir='ltr'><strong>nam</strong></span> <span class='ocrx_word' id='word_1_823' title='bbox 2845 4746 2968 4797; x_wconf 67' lang='lat' dir='ltr'><strong>siste</strong></span> <span class='ocrx_word' id='word_1_824' title='bbox 2991 4753 3110 4797; x_wconf 87' lang='lat' dir='ltr'><strong>sunt</strong></span> <span class='ocrx_word' id='word_1_825' title='bbox 3135 4743 3242 4797; x_wconf 83' lang='lat' dir='ltr'><strong>illis</strong></span> <span class='ocrx_word' id='word_1_826' title='bbox 3271 4757 3392 4796; x_wconf 86' lang='lat' dir='ltr'><strong>esse</strong></span> <span class='ocrx_word' id='word_1_827' title='bbox 3425 4756 3674 4807; x_wconf 68' lang='lat' dir='ltr'><strong>tanqu-</strong></span> 
     </span>
    </p>
   </div>
   <div class='ocr_carea' id='block_1_111' title="bbox 2096 4814 3674 4886">
    <p class='ocr_par' dir='ltr' id='par_1_111' title="bbox 2096 4814 3674 4886">
     <span class='ocr_line' id='line_1_111' title="bbox 2096 4814 3674 4886; baseline -0.006 -19"><span class='ocrx_word' id='word_1_828' title='bbox 2096 4819 2251 4886; x_wconf 85' lang='lat' dir='ltr'><strong>ignis,</strong></span> <span class='ocrx_word' id='word_1_829' title='bbox 2283 4828 2338 4869; x_wconf 90' lang='lat' dir='ltr'><strong>ut</strong></span> <span class='ocrx_word' id='word_1_830' title='bbox 2368 4816 2579 4869; x_wconf 87' lang='lat' dir='ltr'><strong>illorum</strong></span> <span class='ocrx_word' id='word_1_831' title='bbox 2602 4825 2927 4886; x_wconf 84' lang='lat' dir='ltr'><strong>sermo_esset</strong></span> <span class='ocrx_word' id='word_1_832' title='bbox 2971 4815 3317 4886; x_wconf 22' lang='lat' dir='ltr'><strong>ad_nrens,det</strong></span> <span class='ocrx_word' id='word_1_833' title='bbox 3350 4814 3674 4886; x_wconf 53' lang='lat' dir='ltr'><strong>nassiterna</strong></span> 
     </span>
    </p>
   </div>
   <div class='ocr_carea' id='block_1_112' title="bbox 2094 4881 3676 4953">
    <p class='ocr_par' dir='ltr' id='par_1_112' title="bbox 2094 4881 3676 4953">
     <span class='ocr_line' id='line_1_112' title="bbox 2094 4881 3676 4953; baseline -0.005 -15"><span class='ocrx_word' id='word_1_834' title='bbox 2094 4881 2296 4939; x_wconf 68' lang='lat' dir='ltr'><strong>(inimus</strong></span> <span class='ocrx_word' id='word_1_835' title='bbox 2345 4887 2713 4953; x_wconf 81' lang='lat' dir='ltr'><strong>inﬂammaret.</strong></span> <span class='ocrx_word' id='word_1_836' title='bbox 2759 4883 2964 4953; x_wconf 84' lang='lat' dir='ltr'><strong>Catena</strong></span> <span class='ocrx_word' id='word_1_837' title='bbox 3016 4883 3265 4953; x_wconf 88' lang='lat' dir='ltr'><strong>Corderii</strong></span> <span class='ocrx_word' id='word_1_838' title='bbox 3304 4884 3478 4935; x_wconf 72' lang='lat' dir='ltr'><strong>:Ka‘t</strong></span> 
     </span>
    </p>
   </div>
   <div class='ocr_carea' id='block_1_113' title="bbox 2089 4951 3672 5022">
    <p class='ocr_par' dir='ltr' id='par_1_113' title="bbox 2089 4951 3672 5022">
     <span class='ocr_line' id='line_1_113' title="bbox 2089 4951 3672 5022; baseline -0.006 -14"><span class='ocrx_word' id='word_1_839' title='bbox 2089 4956 2197 5008; x_wconf 84' lang='grc' dir='ltr'><strong>τῶν</strong></span> <span class='ocrx_word' id='word_1_840' title='bbox 2228 4956 2306 5019; x_wconf 84' lang='grc' dir='ltr'><strong>δὲ,</strong></span> <span class='ocrx_word' id='word_1_841' title='bbox 2339 4951 2490 5022; x_wconf 72' lang='grc' dir='ltr'><strong>φησὶ,</strong></span> <span class='ocrx_word' id='word_1_842' title='bbox 2535 4955 2603 5006; x_wconf 82' lang='grc' dir='ltr'><strong>τὰ</strong></span> <span class='ocrx_word' id='word_1_843' title='bbox 2633 4953 2752 5006; x_wconf 82' lang='grc' dir='ltr'><strong>θεῖα</strong></span> <span class='ocrx_word' id='word_1_844' title='bbox 2781 4952 2952 5020; x_wconf 81' lang='grc' dir='ltr'><strong>λόγια,</strong></span> <span class='ocrx_word' id='word_1_845' title='bbox 3008 4952 3297 5022; x_wconf 73' lang='grc' dir='ltr'><strong>ὲχαιὸμην,</strong></span> <span class='ocrx_word' id='word_1_846' title='bbox 3333 4953 3423 5016; x_wconf 82' lang='grc' dir='ltr'><strong>ὡς</strong></span> <span class='ocrx_word' id='word_1_847' title='bbox 3475 4954 3529 5006; x_wconf 69' lang='grc' dir='ltr'><strong>οἱ</strong></span> <span class='ocrx_word' id='word_1_848' title='bbox 3559 4951 3672 5017; x_wconf 57' lang='lat' dir='ltr'><strong>mg).</strong></span> 
     </span>
    </p>
   </div>
   <div class='ocr_carea' id='block_1_114' title="bbox 2089 4973 3672 5101">
    <p class='ocr_par' dir='ltr' id='par_1_114' title="bbox 2089 4973 3672 5101">
     <span class='ocr_line' id='line_1_114' title="bbox 2089 4973 3672 5022; baseline -0.006 -14"><span class='ocrx_word' id='word_1_849' title='bbox 2089 4974 2197 5008; x_wconf 84' lang='grc' dir='ltr'><strong>των</strong></span> <span class='ocrx_word' id='word_1_850' title='bbox 2228 4973 2306 5019; x_wconf 84' lang='grc' dir='ltr'><strong>οε,</strong></span> <span class='ocrx_word' id='word_1_851' title='bbox 2339 4973 2376 5022; x_wconf 87' lang='grc' dir='ltr'>φ</span> <span class='ocrx_word' id='word_1_852' title='bbox 2419 4973 2490 5016; x_wconf 83' lang='grc' dir='ltr'><strong>σι,</strong></span> <span class='ocrx_word' id='word_1_853' title='bbox 2535 4973 2603 5006; x_wconf 83' lang='grc' dir='ltr'><strong>τα</strong></span> <span class='ocrx_word' id='word_1_854' title='bbox 2633 4973 2752 5006; x_wconf 71' lang='lat' dir='ltr'><strong>nata</strong></span> <span class='ocrx_word' id='word_1_855' title='bbox 2781 4973 2952 5020; x_wconf 78' lang='grc' dir='ltr'><strong>Λογια,</strong></span> <span class='ocrx_word' id='word_1_856' title='bbox 3008 4973 3297 5022; x_wconf 78' lang='grc' dir='ltr'><strong>εκαιομην,</strong></span> <span class='ocrx_word' id='word_1_857' title='bbox 3333 4973 3423 5016; x_wconf 84' lang='grc' dir='ltr'>ως</span> <span class='ocrx_word' id='word_1_858' title='bbox 3475 4973 3529 5006; x_wconf 69' lang='grc' dir='ltr'><strong>τρι</strong></span> <span class='ocrx_word' id='word_1_859' title='bbox 3559 4973 3672 5017; x_wconf 64' lang='lat'><strong>2:25.:</strong></span> 
     </span>
     <span class='ocr_line' id='line_1_115' title="bbox 2089 4973 3672 5101; baseline 0 0"><span class='ocrx_word' id='word_1_860' title='bbox 2089 4973 2679 5101; x_wconf 47' lang='grc' dir='ltr'><strong>ιὲλαεόπᾳνῖλέγρῖκφξςο</strong></span> <span class='ocrx_word' id='word_1_861' title='bbox 2701 5023 2846 5101; x_wconf 58' lang='grc' dir='ltr'><strong>οὐκί</strong></span> <span class='ocrx_word' id='word_1_862' title='bbox 2875 5025 2912 5090; x_wconf 68' lang='grc' dir='ltr'><strong><em>ἡ</em></strong></span> <span class='ocrx_word' id='word_1_863' title='bbox 2939 5021 3150 5101; x_wconf 52' lang='lat' dir='ltr'><strong>meai?</strong></span> <span class='ocrx_word' id='word_1_864' title='bbox 3175 5022 3672 5101; x_wconf 57' lang='grc' dir='ltr'><strong>ἡμῶῖκίξιοίξξιπ</strong></span> 
     </span>
    </p>
   </div>
   <div class='ocr_carea' id='block_1_115' title="bbox 2088 5091 3672 5170">
    <p class='ocr_par' dir='ltr' id='par_1_115' title="bbox 2088 5091 3672 5170">
     <span class='ocr_line' id='line_1_116' title="bbox 2088 5091 3672 5170; baseline 0.016 -6"><span class='ocrx_word' id='word_1_865' title='bbox 2088 5091 2164 5164; x_wconf 75' lang='grc' dir='ltr'><strong>ἦν</strong></span> <span class='ocrx_word' id='word_1_866' title='bbox 2197 5095 2266 5147; x_wconf 78' lang='grc' dir='ltr'><strong>έν</strong></span> <span class='ocrx_word' id='word_1_867' title='bbox 2294 5091 2479 5170; x_wconf 56' lang='grc' dir='ltr'><strong>ἡμῖντί</strong></span> <span class='ocrx_word' id='word_1_868' title='bbox 2501 5095 2568 5170; x_wconf 73' lang='grc' dir='ltr'><strong>Ἦ</strong></span> <span class='ocrx_word' id='word_1_869' title='bbox 2599 5092 2949 5170; x_wconf 50' lang='grc' dir='ltr'><strong>ὲθβιομοξίνετο</strong></span> <span class='ocrx_word' id='word_1_870' title='bbox 2973 5095 3041 5170; x_wconf 70' lang='lat' dir='ltr'><strong>Fit</strong></span> <span class='ocrx_word' id='word_1_871' title='bbox 3079 5092 3244 5170; x_wconf 57' lang='grc' dir='ltr'><strong>λύπῃν</strong></span> <span class='ocrx_word' id='word_1_872' title='bbox 3284 5095 3531 5170; x_wconf 56' lang='grc' dir='ltr'><strong>καί-οθκ</strong></span> 
     </span>
    </p>
   </div>
   <div class='ocr_carea' id='block_1_116' title="bbox 2087 5113 3670 5231">
    <p class='ocr_par' dir='ltr' id='par_1_116' title="bbox 2087 5113 3670 5231">
     <span class='ocr_line' id='line_1_117' title="bbox 2088 5113 3670 5170; baseline -0.003 -22"><span class='ocrx_word' id='word_1_873' title='bbox 2088 5113 2164 5164; x_wconf 79' lang='grc' dir='ltr'><strong>ην</strong></span> <span class='ocrx_word' id='word_1_874' title='bbox 2197 5113 2266 5147; x_wconf 78' lang='grc' dir='ltr'><strong>εν</strong></span> <span class='ocrx_word' id='word_1_875' title='bbox 2294 5113 2330 5162; x_wconf 89' lang='grc' dir='ltr'>η</span> <span class='ocrx_word' id='word_1_876' title='bbox 2378 5113 2469 5158; x_wconf 68' lang='lat' dir='ltr'><strong>tr;</strong></span> <span class='ocrx_word' id='word_1_877' title='bbox 2525 5113 2568 5146; x_wconf 83' lang='grc' dir='ltr'><strong>ιι</strong></span> <span class='ocrx_word' id='word_1_878' title='bbox 2599 5113 2949 5162; x_wconf 77' lang='grc' dir='ltr'><strong>ευερμαινετο</strong></span> <span class='ocrx_word' id='word_1_879' title='bbox 2977 5113 3041 5162; x_wconf 78' lang='grc' dir='ltr'>τῃ</span> <span class='ocrx_word' id='word_1_880' title='bbox 3079 5113 3244 5163; x_wconf 58' lang='lat' dir='ltr'><strong>marg,</strong></span> <span class='ocrx_word' id='word_1_881' title='bbox 3284 5113 3385 5145; x_wconf 77' lang='grc' dir='ltr'><strong>και</strong></span> <span class='ocrx_word' id='word_1_882' title='bbox 3419 5113 3531 5145; x_wconf 55' lang='grc' dir='ltr'><strong>ουκ</strong></span> <span class='ocrx_word' id='word_1_883' title='bbox 3556 5113 3670 5170; x_wconf 37' lang='lat' dir='ltr'><strong>au:</strong></span> 
     </span>
     <span class='ocr_line' id='line_1_118' title="bbox 2087 5113 3670 5231; baseline -0.003 -15"><span class='ocrx_word' id='word_1_884' title='bbox 2087 5165 2187 5228; x_wconf 64' lang='grc' dir='ltr'><strong>λει,</strong></span> <span class='ocrx_word' id='word_1_885' title='bbox 2215 5113 2472 5217; x_wconf 57' lang='grc' dir='ltr'><strong>κατέιτόο</strong></span> <span class='ocrx_word' id='word_1_886' title='bbox 2520 5161 2856 5231; x_wconf 60' lang='lat' dir='ltr'><strong>pr/(£008.</strong></span> <span class='ocrx_word' id='word_1_887' title='bbox 2892 5163 2988 5216; x_wconf 80' lang='grc' dir='ltr'><strong>καὶ</strong></span> <span class='ocrx_word' id='word_1_888' title='bbox 3033 5163 3118 5230; x_wconf 80' lang='grc' dir='ltr'><strong>μὴ</strong></span> <span class='ocrx_word' id='word_1_889' title='bbox 3166 5163 3576 5230; x_wconf 70' lang='grc' dir='ltr'><strong>ἁμαρτάνετε.</strong></span> <span class='ocrx_word' id='word_1_890' title='bbox 3607 5162 3670 5211; x_wconf 71' lang='lat' dir='ltr'><strong>T2</strong></span> 
     </span>
    </p>
   </div>
   <div class='ocr_carea' id='block_1_117' title="bbox 2437 5231 3671 5304">
    <p class='ocr_par' dir='ltr' id='par_1_117' title="bbox 2437 5231 3671 5304">
     <span class='ocr_line' id='line_1_119' title="bbox 2437 5231 3671 5304; baseline -0.002 -19"><span class='ocrx_word' id='word_1_891' title='bbox 2437 5234 2471 5302; x_wconf 85' lang='grc' dir='ltr'>ὴ</span> <span class='ocrx_word' id='word_1_892' title='bbox 2526 5236 2716 5304; x_wconf 59' lang='grc' dir='ltr'>παθεῖν</span> <span class='ocrx_word' id='word_1_893' title='bbox 2764 5234 2868 5304; x_wconf 76' lang='grc' dir='ltr'>ὑπὸ</span> <span class='ocrx_word' id='word_1_894' title='bbox 2908 5233 3093 5304; x_wconf 54' lang='grc' dir='ltr'><strong>ὀργῆς,</strong></span> <span class='ocrx_word' id='word_1_895' title='bbox 3154 5235 3425 5301; x_wconf 68' lang='grc' dir='ltr'><strong>κρείσπην</strong></span> <span class='ocrx_word' id='word_1_896' title='bbox 3481 5237 3515 5304; x_wconf 68' lang='grc' dir='ltr'><strong>ἦ</strong></span> <span class='ocrx_word' id='word_1_897' title='bbox 3555 5231 3671 5304; x_wconf 58' lang='lat'><strong>23‘&quot;</strong></span> 
     </span>
    </p>
   </div>
   <div class='ocr_carea' id='block_1_118' title="bbox 2417 5301 3666 5372">
    <p class='ocr_par' dir='ltr' id='par_1_118' title="bbox 2417 5301 3666 5372">
     <span class='ocr_line' id='line_1_120' title="bbox 2417 5301 3666 5372; baseline -0.003 -17"><span class='ocrx_word' id='word_1_898' title='bbox 2417 5301 2820 5372; x_wconf 26' lang='grc' dir='ltr'><strong>ὲίὲπιλογισμῷ</strong></span> <span class='ocrx_word' id='word_1_899' title='bbox 2852 5301 2962 5364; x_wconf 64' lang='grc' dir='ltr'>τοῖς</span> <span class='ocrx_word' id='word_1_900' title='bbox 2993 5301 3167 5369; x_wconf 78' lang='grc' dir='ltr'><strong>ἁγίοις</strong></span> <span class='ocrx_word' id='word_1_901' title='bbox 3216 5304 3373 5355; x_wconf 70' lang='grc' dir='ltr'>ἐπὶν</span> <span class='ocrx_word' id='word_1_902' title='bbox 3425 5301 3666 5371; x_wconf 47' lang='lat' dir='ltr'><strong>agnas.</strong></span> 
     </span>
    </p>
   </div>
   <div class='ocr_carea' id='block_1_119' title="bbox 2141 5373 3664 5441">
    <p class='ocr_par' dir='ltr' id='par_1_119' title="bbox 2141 5373 3664 5441">
     <span class='ocr_line' id='line_1_121' title="bbox 2141 5373 3664 5441; baseline -0.002 -15"><span class='ocrx_word' id='word_1_903' title='bbox 2141 5385 2157 5426; x_wconf 88' lang='lat' dir='ltr'><strong>t</strong></span> <span class='ocrx_word' id='word_1_904' title='bbox 2196 5375 2396 5435; x_wconf 87' lang='lat' dir='ltr'><strong>divina,</strong></span> <span class='ocrx_word' id='word_1_905' title='bbox 2436 5373 2632 5438; x_wconf 82' lang='lat' dir='ltr'><strong>inquit,</strong></span> <span class='ocrx_word' id='word_1_906' title='bbox 2662 5374 2866 5441; x_wconf 86' lang='lat' dir='ltr'><strong>eloquia</strong></span> <span class='ocrx_word' id='word_1_907' title='bbox 2920 5376 3179 5441; x_wconf 83' lang='lat' dir='ltr'><strong>meditans</strong></span> <span class='ocrx_word' id='word_1_908' title='bbox 3217 5375 3664 5432; x_wconf 63' lang='lat' dir='ltr'><strong>curdatum,</strong></span> 
     </span>
    </p>
   </div>
   <div class='ocr_carea' id='block_1_120' title="bbox 2087 5440 3662 5510">
    <p class='ocr_par' dir='ltr' id='par_1_120' title="bbox 2087 5440 3662 5510">
     <span class='ocr_line' id='line_1_122' title="bbox 2087 5440 3662 5510; baseline -0.002 -15"><span class='ocrx_word' id='word_1_909' title='bbox 2087 5455 2140 5496; x_wconf 89' lang='lat' dir='ltr'><strong>ut</strong></span> <span class='ocrx_word' id='word_1_910' title='bbox 2191 5445 2406 5510; x_wconf 82' lang='lat' dir='ltr'><strong>quando</strong></span> <span class='ocrx_word' id='word_1_911' title='bbox 2461 5441 2714 5510; x_wconf 82' lang='lat' dir='ltr'><strong>Cleophas</strong></span> <span class='ocrx_word' id='word_1_912' title='bbox 2757 5440 3221 5494; x_wconf 79' lang='lat' dir='ltr'><strong>dicebat:Nouue</strong></span> <span class='ocrx_word' id='word_1_913' title='bbox 3275 5458 3379 5495; x_wconf 86' lang='lat' dir='ltr'><strong>cor</strong></span> <span class='ocrx_word' id='word_1_914' title='bbox 3421 5455 3662 5496; x_wconf 57' lang='lat' dir='ltr'><strong>traximus</strong></span> 
     </span>
    </p>
   </div>
   <div class='ocr_carea' id='block_1_121' title="bbox 2084 5510 3660 5568">
    <p class='ocr_par' dir='ltr' id='par_1_121' title="bbox 2084 5510 3660 5568">
     <span class='ocr_line' id='line_1_123' title="bbox 2084 5510 3660 5568; baseline -0.005 -2"><span class='ocrx_word' id='word_1_915' title='bbox 2084 5515 2281 5566; x_wconf 86' lang='lat' dir='ltr'><strong>ardens</strong></span> <span class='ocrx_word' id='word_1_916' title='bbox 2307 5521 2422 5565; x_wconf 85' lang='lat' dir='ltr'><strong>erat</strong></span> <span class='ocrx_word' id='word_1_917' title='bbox 2471 5515 2521 5565; x_wconf 88' lang='lat' dir='ltr'><strong>itt</strong></span> <span class='ocrx_word' id='word_1_918' title='bbox 2555 5513 2741 5566; x_wconf 87' lang='lat' dir='ltr'><strong>nobis?</strong></span> <span class='ocrx_word' id='word_1_919' title='bbox 2775 5510 2863 5566; x_wconf 83' lang='lat' dir='ltr'><strong>Vel</strong></span> <span class='ocrx_word' id='word_1_920' title='bbox 2889 5511 3284 5564; x_wconf 82' lang='lat' dir='ltr'><strong>concalescebat</strong></span> <span class='ocrx_word' id='word_1_921' title='bbox 3333 5530 3588 5568; x_wconf 68' lang='lat' dir='ltr'><strong>narrare.</strong></span> <span class='ocrx_word' id='word_1_922' title='bbox 3619 5527 3660 5560; x_wconf 65' lang='grc' dir='ltr'><strong>εί</strong></span> 
     </span>
    </p>
   </div>
   <div class='ocr_carea' id='block_1_122' title="bbox 2082 5582 3664 5652">
    <p class='ocr_par' dir='ltr' id='par_1_122' title="bbox 2082 5582 3664 5652">
     <span class='ocr_line' id='line_1_124' title="bbox 2082 5582 3664 5652; baseline -0.003 -18"><span class='ocrx_word' id='word_1_923' title='bbox 2082 5600 2184 5636; x_wconf 86' lang='lat' dir='ltr'><strong>non</strong></span> <span class='ocrx_word' id='word_1_924' title='bbox 2218 5583 2548 5652; x_wconf 63' lang='lat' dir='ltr'><strong>loquebatur,</strong></span> <span class='ocrx_word' id='word_1_925' title='bbox 2588 5582 2746 5648; x_wconf 73' lang='lat' dir='ltr'><strong>juxta</strong></span> <span class='ocrx_word' id='word_1_926' title='bbox 2779 5583 2908 5634; x_wconf 89' lang='lat' dir='ltr'><strong>illud</strong></span> <span class='ocrx_word' id='word_1_927' title='bbox 2939 5597 2956 5634; x_wconf 92' lang='lat'><em>:</em></span> <span class='ocrx_word' id='word_1_928' title='bbox 2985 5583 3316 5648; x_wconf 84' lang='lat' dir='ltr'><strong>lrascintini,</strong></span> <span class='ocrx_word' id='word_1_929' title='bbox 3373 5597 3436 5638; x_wconf 84' lang='lat' dir='ltr'><strong>et</strong></span> <span class='ocrx_word' id='word_1_930' title='bbox 3497 5585 3664 5636; x_wconf 64' lang='lat' dir='ltr'><strong>mliu-</strong></span> 
     </span>
    </p>
   </div>
   <div class='ocr_carea' id='block_1_123' title="bbox 2077 5651 3659 5721">
    <p class='ocr_par' dir='ltr' id='par_1_123' title="bbox 2077 5651 3659 5721">
     <span class='ocr_line' id='line_1_125' title="bbox 2077 5651 3659 5721; baseline -0.001 -17"><span class='ocrx_word' id='word_1_931' title='bbox 2077 5651 2328 5719; x_wconf 77' lang='lat' dir='ltr'><strong>pcccarc.</strong></span> <span class='ocrx_word' id='word_1_932' title='bbox 2372 5651 2510 5704; x_wconf 84' lang='lat' dir='ltr'><strong>Nam</strong></span> <span class='ocrx_word' id='word_1_933' title='bbox 2541 5664 2594 5705; x_wconf 87' lang='lat' dir='ltr'><strong>ut</strong></span> <span class='ocrx_word' id='word_1_934' title='bbox 2630 5654 2761 5706; x_wconf 87' lang='lat' dir='ltr'><strong>nihil</strong></span> <span class='ocrx_word' id='word_1_935' title='bbox 2792 5653 2855 5703; x_wconf 81' lang='lat' dir='ltr'><strong>ab</strong></span> <span class='ocrx_word' id='word_1_936' title='bbox 2885 5652 2966 5702; x_wconf 84' lang='lat' dir='ltr'><strong>ira</strong></span> <span class='ocrx_word' id='word_1_937' title='bbox 2987 5654 3292 5718; x_wconf 83' lang='lat' dir='ltr'><strong>patiamur,</strong></span> <span class='ocrx_word' id='word_1_938' title='bbox 3321 5672 3493 5721; x_wconf 76' lang='lat' dir='ltr'><strong>supra</strong></span> <span class='ocrx_word' id='word_1_939' title='bbox 3527 5655 3659 5702; x_wconf 60' lang='lat' dir='ltr'><strong>eius</strong></span> 
     </span>
    </p>
   </div>
   <div class='ocr_carea' id='block_1_124' title="bbox 2074 5723 3656 5790">
    <p class='ocr_par' dir='ltr' id='par_1_124' title="bbox 2074 5723 3656 5790">
     <span class='ocr_line' id='line_1_126' title="bbox 2074 5723 3656 5790; baseline 0.001 -18"><span class='ocrx_word' id='word_1_940' title='bbox 2074 5733 2281 5774; x_wconf 81' lang='lat' dir='ltr'><strong>nostras</strong></span> <span class='ocrx_word' id='word_1_941' title='bbox 2313 5733 2426 5776; x_wconf 86' lang='lat' dir='ltr'><strong>est:</strong></span> <span class='ocrx_word' id='word_1_942' title='bbox 2463 5723 2882 5776; x_wconf 82' lang='lat' dir='ltr'><strong>consideratione</strong></span> <span class='ocrx_word' id='word_1_943' title='bbox 2909 5732 3084 5774; x_wconf 84' lang='lat' dir='ltr'><strong>autent</strong></span> <span class='ocrx_word' id='word_1_944' title='bbox 3135 5723 3288 5777; x_wconf 87' lang='lat' dir='ltr'><strong>illam</strong></span> <span class='ocrx_word' id='word_1_945' title='bbox 3328 5726 3656 5790; x_wconf 62' lang='lat' dir='ltr'><strong>suppriqu</strong></span> 
     </span>
    </p>
   </div>
   <div class='ocr_carea' id='block_1_125' title="bbox 2068 5792 2642 5859">
    <p class='ocr_par' dir='ltr' id='par_1_125' title="bbox 2068 5792 2642 5859">
     <span class='ocr_line' id='line_1_127' title="bbox 2068 5792 2642 5859; baseline -0.002 -14"><span class='ocrx_word' id='word_1_946' title='bbox 2068 5793 2308 5859; x_wconf 67' lang='lat' dir='ltr'><strong>possibile</strong></span> <span class='ocrx_word' id='word_1_947' title='bbox 2329 5801 2403 5846; x_wconf 78' lang='lat' dir='ltr'><strong>est</strong></span> <span class='ocrx_word' id='word_1_948' title='bbox 2428 5792 2642 5846; x_wconf 67' lang='lat' dir='ltr'><strong>sanctis.</strong></span> 
     </span>
    </p>
   </div>
  </div>
