3808 6514
156 392 272 446 l'dl'l

785 381 1096 438 SELECTA
1127 378 1190 434 IN
1220 374 1558 434 PSALMOS.
1600 405 1667 414 —
1702 370 1936 427 HOMIL.
1980 374 1995 425 Ι
2045 373 2112 428 l'N
2145 376 2340 433 PSAL.
2376 376 2660 434 XXXVIII.

3247 385 3389 443 15ης

158 511 300 563 etiam
330 507 471 577 quod
509 505 561 560 iu
586 505 810 563 Actibus
838 506 1201 581 apostolorum
1234 501 1550 563 refertur”,
1579 512 1699 553 cum
1731 498 1778 556 Α
1808 512 1937 553 cens
1959 499 2003 532 ι’
2038 515 2052 553 :
2083 500 2279 556 Deinde
2302 502 2427 572 ﬁnis
2457 520 2574 558 cum
2605 503 2887 558 tradiderit
2938 520 3155 576 regnum
3189 505 3298 563 Deo
3335 527 3377 564 ει

153 602 269 657 dicit
305 602 431 671 quia
463 601 591 656 visae
620 609 746 655 sunt
784 602 864 657 eis
909 601 1096 656 divisa:
1144 599 1343 668 linguae
1375 596 1702 666 sicutignis,

153 705 202 749 et
225 696 535 769 consedisse
556 710 719 764 super
752 693 1047 761 apostolos,
1086 707 1182 761 pro
1212 707 1276 747 eo
1314 690 1525 745 scilicet
1560 688 1703 758 quod

155 790 413 861 Evangelii
450 790 671 845 verbum
713 789 1057 857 prmdicaluri
1103 797 1157 843 et
1204 786 1346 857 ignei
1377 786 1583 858 vigoris
1610 785 1707 839 de-

154 882 325 937 berent
356 884 528 952 gratia
578 882 849 945 roborari,
888 890 945 933 ut
977 882 1284 935 auditorum
1326 880 1521 934 animae
1552 877 1707 932 ﬂam-

151 989 277 1027 mam
324 989 422 1042 per
457 974 723 1027 sermonis
765 973 1043 1026 traducem
1093 980 1389 1026 sumerent.
1428 970 1534 1027 Sed
1566 969 1707 1025 unde

153 1063 272 1118 mihi
297 1065 393 1117 hoc
425 1073 481 1117 nt
509 1063 703 1132 lingure
736 1064 875 1134 ignis
906 1064 1165 1118 veniatin
1196 1078 1291 1118 cor
1315 1079 1515 1131 meum,
1554 1074 1609 1118 et
1637 1063 1707 1119 de

148 1152 314 1225 lingua
360 1153 515 1222 ignea
560 1168 662 1222 ego
694 1169 911 1222 quoque
958 1154 1228 1222 proferant
1276 1169 1611 1219 sermonem,
1648 1163 1707 1208 ut

145 1259 204 1300 ex
237 1261 313 1300 me
344 1245 497 1300 velox
528 1246 873 1300 sermonibus
919 1247 1053 1300 meis
1096 1248 1429 1300 accendatur
1468 1247 1607 1316 ignis
1650 1247 1702 1302 in

148 1338 390 1393 cordibus
432 1339 761 1403 auditorum,
801 1338 969 1411 694
998 1350 1052 1393 et
1085 1351 1277 1407 arguat
1301 1356 1423 1394 cum
1452 1342 1542 1409 qui
1576 1356 1705 1411 pec—

142 1431 295 1494 cavit,
330 1439 385 1484 et
428 1429 693 1485 efﬁciatur
742 1432 790 1485 ei
845 1447 1026 1487 sermo
1066 1447 1219 1488 meus
1267 1435 1611 1503 supplicium,
1649 1445 1705 1489 ut

141 1524 355 1577 adustus
382 1532 436 1577 et
478 1523 843 1579 influnmatns
882 1527 1227 1583 sermonibus
1272 1530 1407 1585 meis
1438 1532 1620 1585 veniat
1650 1531 1701 1584 in

142 1616 532 1684 paenitentiam,
568 1632 689 1685 quae
734 1618 967 1673 salutem
1027 1621 1277 1675 stabilem
1325 1632 1584 1690 operatur
1635 1638 1699 1677 ex

142 1708 349 1762 trislitia
397 1723 517 1777 quae
560 1710 857 1763 secundum
911 1713 1078 1765 Deum
1117 1720 1218 1775 est,
1255 1728 1417 1783 quam
1452 1727 1516 1766 ex
1551 1713 1702 1767 verbi

143 1798 229 1854 Dei
275 1800 646 1869 increpatione
704 1804 979 1871 suscepit?
1013 1805 1189 1872 Atque
1239 1805 1446 1859 utinam
1498 1804 1701 1872 possim

141 1893 209 1946 ita
248 1894 543 1947 accendere
571 1910 787 1949 omnem
821 1896 1056 1949 animam
1107 1897 1442 1963 auditorum,
1484 1910 1541 1952 ut
1583 1898 1705 1966 qui-

137 1998 341 2052 cunque
380 1986 480 2039 sibi
514 1986 767 2040 conscius
791 1998 894 2051 est,
924 2004 1028 2041 non
1065 1988 1244 2043 ferens
1289 1989 1459 2044 nostri
1502 2005 1707 2044 sermo-

140 2079 219 2130 nis
248 2078 577 2138 inccndium.
622 2079 714 2132 sed
742 2080 1000 2135 omnibus
1037 2081 1177 2136 intra
1211 2096 1269 2137 se
1300 2083 1603 2139 visceribus
1627 2084 1706 2138 in-

139 2170 462 2233 flammatus,
494 2172 737 2227 Velocius
776 2184 1124 2230 consumeret
1174 2174 1403 2229 latentes
1442 2175 1706 2230 intrinse-

132 2279 229 2317 cus
257 2263 509 2318 VlllOllllll
555 2268 787 2322 sordes:
820 2278 878 2321 ut
920 2266 1279 2337 poSteaquam
1333 2268 1706 2324 interemisset

130 2371 288 2411 nume
325 2360 588 2429 quidquid
633 2361 816 2415 carnis
856 2371 913 2415 et
966 2361 1211 2417 materiae
1261 2362 1553 2418 crassioris
1584 2378 1709 2432 pro-

131 2452 308 2517 prium
342 2464 427 2506 est
476 2466 528 2507 et
569 2456 827 2521 amicum,
859 2469 987 2510 tunc
1016 2455 1130 2525 jam
1158 2456 1299 2528 ignis
1328 2457 1432 2513 iste
1462 2457 1617 2513 ﬁeret
1649 2457 1702 2512 in

127 2558 199 2597 co
235 2544 323 2597 lux
351 2556 405 2597 ct
438 2546 658 2601 lucerna
691 2547 889 2601 ardens
916 2561 931 2600 :
962 2564 1081 2616 qua:
1117 2563 1221 2602 nou
1249 2549 1350 2603 sub
1381 2549 1584 2616 modio,
1610 2551 1707 2603 sed

127 2652 292 2704 super
334 2641 720 2693 candelabrum
772 2643 902 2709 poni
958 2643 1198 2706 deberet,
1261 2651 1318 2694 ut
1376 2642 1710 2696 illuminaret

126 2743 320 2784 ornnes
373 2731 462 2798 qui
517 2733 569 2784 in
631 2733 791 2786 domo
838 2734 1044 2787 sunt”.
1078 2731 1137 2787 Si
1200 2747 1329 2803 ergo
1368 2734 1618 2788 accendit
1652 2745 1707 2789 te

127 2837 309 2876 sermo
371 2825 605 2887 auditus,
654 2832 711 2879 et
754 2826 1078 2881 intellexisti
1127 2828 1256 2895 quid
1304 2827 1440 2880 dixit
1472 2828 1707 2897 Aposto-

124 2916 214 2971 lus
238 2916 280 2947 “
316 2934 330 2972 :
366 2917 437 2971 Et
466 2920 582 2988 quis
635 2927 711 2972 est
732 2920 821 2989 qui
862 2938 942 2974 me
975 2921 1225 2990 thi/icet,
1252 2925 1352 2977 nisi
1382 2925 1474 2994 qui
1505 2926 1706 2979 contri-

124 3019 302 3062 statur
341 3026 404 3064 ρας
449 3012 567 3065 me?
606 3013 872 3078 Quoniam
912 3013 1074 3068 verba
1130 3015 1296 3083 ipsius
1339 3025 1499 3071 erant
1539 3017 1703 3087 ignis,

120 3108 181 3152 et
216 3099 501 3156 laetabatur
540 3103 829 3171 Apostolus
865 3104 1043 3159 sicubi
1091 3105 1309 3160 videbat
1342 3106 1577 3176 aliquem
1609 3124 1704 3163 au-

1810 590 1983 647 Patri.
2021 594 2102 647 Ad
2142 609 2302 663 quem
2354 597 2519 649 linem
2551 597 2739 666 utique
2792 596 3151 651 festinandum
3185 609 3291 664 est,
3328 610 3378 653 ut

1807 684 1877 738 sit
1912 700 2090 754 operae
2147 688 2380 756 pretium
2426 690 2529 744 hoc
2579 691 2753 762 ipsum
2798 692 2943 762 quod
2986 705 3016 744 a
3064 692 3172 747 Deo
3211 694 3380 747 creati

1806 793 2016 835 sumus.
2051 780 2118 834 Et
2176 796 2386 849 rursus,
2438 784 2579 839 sicut
2628 787 2876 856 corporis
2906 788 3079 841 nostri
3118 804 3381 858 compago

1807 886 1976 940 parva
2007 874 2256 944 quaedam
2282 888 2336 930 et
2362 878 2555 947 exigua
2605 878 2672 933 ab
2718 878 2872 934 initio
2912 881 3229 947 nativitatis,
3259 896 3384 936 conn

1806 965 1985 1021 festim
2036 975 2214 1023 tamen
2264 979 2421 1040 urget
2463 980 2519 1025 et
2555 971 2726 1027 tendit
2761 973 2829 1027 ad
2881 974 3042 1028 finem
3091 974 3381 1043 quemdam

1808 1059 2151 1125 proceritatis
2200 1076 2311 1116 suae
2360 1077 2458 1132 per
2502 1064 2676 1117 aetatis
2723 1075 3030 1134 augmenta,
3062 1074 3113 1121 et
3162 1066 3380 1131 iterum,

1808 1151 1947 1205 sicut
1982 1153 2164 1208 anima
2210 1164 2393 1209 nostra
2426 1156 2725 1211 secundum
2753 1156 2857 1212 hoc
2888 1160 3034 1228 quod
3070 1160 3122 1214 in
3153 1175 3383 1229 corpore

1811 1242 1914 1297 hoc
1946 1244 2114 1315 degit,
2138 1244 2366 1300 festinat
2400 1246 2574 1316 primo
2600 1246 2870 1318 loquelam
2915 1250 3158 1321 recipere
3185 1251 3383 1307 balbu-

1811 1334 2059 1398 tientem,
2116 1337 2357 1392 secundo
2398 1322 2591 1393 deinde
2636 1338 2949 1407 clariorem,
3005 1350 3115 1395 tum
3163 1343 3381 1398 demum

1809 1426 1877 1479 ad
1907 1427 2330 1494 disputationem
2362 1428 2656 1497 perfectam
2684 1439 2847 1501 atque
2878 1432 3144 1501 integram
3185 1449 3382 1502 perve-

1811 1518 1967 1572 nire:
2000 1520 2101 1574 hoc
2132 1520 2292 1576 modo
2315 1523 2480 1577 etiam
2523 1524 2699 1577 omnis
2743 1525 2855 1579 vita
2900 1537 3085 1581 nostra
3123 1527 3385 1584 imbuitur

1808 1610 2027 1679 quidem
2055 1627 2199 1669 nunc
2225 1612 2372 1669 velut
2392 1614 2700 1672 balbutiens
2727 1616 2865 1673 inter
2894 1617 3146 1675 homines
3173 1620 3227 1675 in
3272 1630 3385 1677 ter-

1810 1706 1925 1758 ris:
1963 1718 2373 1763 consummatur
2416 1724 2545 1765 vero
2580 1719 2634 1764 et
2656 1713 2731 1767 ad
2755 1726 3021 1769 summum
3058 1715 3304 1785 pervenit
3331 1715 3384 1770 in

1809 1797 2123 1854 caelestibus
2146 1802 2286 1870 apud
2323 1801 2514 1858 Deum.
2550 1803 2711 1874 Cupit
2731 1820 2865 1875 ergo
2890 1808 3155 1878 propheta
3189 1808 3297 1864 ista
3319 1810 3386 1863 de

1811 1907 1974 1949 causa
2009 1908 2301 1966 agnoscere
2347 1895 2512 1951 finem
2547 1912 2703 1952 suum
2739 1909 2962 1969 propter
3012 1915 3175 1971 quem
3206 1901 3384 1957 factus

1810 1998 1923 2053 est,
1977 1999 2037 2044 ut
2088 1990 2302 2047 intuens
2347 1993 2505 2048 finem
2540 2002 2595 2049 et
2644 1993 2759 2050 dies
2801 2009 2928 2051 suos
2962 1995 3301 2066 perspiciens
3332 2003 3387 2050 et

1811 2082 2168 2140 considerans
2197 2084 2611 2155 perfectionem,
2648 2087 2834 2143 videat
2862 2097 3125 2157 quantum
3162 2088 3263 2144 sibi
3292 2089 3385 2143 de-

1812 2185 1897 2232 est
1949 2179 2015 2232 ad
2068 2178 2215 2232 illum
2269 2180 2430 2236 finem
2469 2196 2579 2251 quo
2612 2182 2806 2238 tendit.
2835 2181 2999 2239 Verbi
3027 2183 3224 2254 gratia,
3252 2192 3312 2239 ut
3338 2185 3383 2240 si

1811 2283 2081 2337 ponamus
2102 2271 2337 2341 aliquem
2371 2274 2605 2329 artificio
2637 2276 2920 2341 traditum,
2951 2283 3007 2331 et
3030 2277 3174 2332 hunc
3205 2277 3387 2332 dicere

1812 2362 1878 2415 ad
1913 2361 2232 2432 magistrum
2258 2362 2592 2426 suum,Volo
2622 2365 2763 2419 scire
2793 2381 2915 2436 quae
2942 2366 3015 2421 sit
3051 2366 3187 2421 artis
3221 2364 3385 2435 hujus

1811 2452 2092 2520 perfectio,
2123 2462 2179 2510 et
2221 2470 2383 2513 nosse
2411 2457 2505 2526 qui
2544 2457 2615 2512 sit
2643 2459 2798 2513 faber
2828 2457 3101 2529 perfectus
3133 2459 3216 2514 vel
3243 2468 3390 2514 stru—

1811 2555 1970 2600 clor:
2005 2556 2209 2603 etcum
2247 2548 2350 2605 hoc
2382 2550 2660 2615 didicerit,
2699 2551 2946 2620 requirat
2972 2560 3239 2621 quantum
3280 2551 3385 2605 sibi

1811 2637 1962 2691 deest
2002 2638 2069 2691 ab
2114 2638 2205 2692 illa
2252 2638 2612 2707 perfectione,
2660 2639 2745 2695 vel
2786 2648 3051 2709 quantum
3096 2638 3389 2708 profecerit

1808 2727 1865 2782 in
1907 2729 2043 2784 artis
2085 2728 2396 2798 disciplina,
2432 2740 2490 2785 ut
2535 2747 2662 2786 cum
2695 2740 2987 2801 utrumque
3044 2731 3386 2803 cognoverit,

1808 2818 1948 2873 sciat
1981 2818 2108 2888 quid
2145 2819 2364 2887 habeat,
2401 2832 2455 2876 et
2494 2822 2626 2891 quid
2670 2822 2988 2892 perfectioni
3037 2822 3175 2877 desit
3218 2835 3390 2892 agno-

1808 2921 1957 2978 scat;
2010 2913 2083 2969 ita
2131 2914 2296 2968 etiam
2341 2924 2396 2969 ct
2452 2931 2596 2970 nunc
2627 2917 2892 2985 propheta
2938 2925 3123 2970 orata
3159 2914 3272 2969 Deo
3299 2913 3389 2969 di-

1809 3019 1961 3059 scere
2009 3014 2066 3060 ut
2112 3006 2418 3061 innotescat
2462 3007 2564 3061 sibi
2609 3006 2755 3073 finis,
2791 3018 2847 3063 et
2880 3023 3141 3064 numerus
3170 3008 3387 3065 dierum

1809 3114 2030 3153 suorum
2065 3100 2157 3169 qui
2204 3099 2294 3153 sit.
2333 3098 2387 3153 ln
2420 3115 2525 3168 quo
2550 3116 2657 3154 non
2689 3110 2774 3155 est
2813 3101 3113 3168 putandum
3142 3101 3286 3169 quod
3317 3100 3397 3155 de

121 3193 243 3248 «lito
288 3210 542 3250 sermone
581 3212 680 3251 suo
729 3199 1108 3253 contristatum
1138 3213 1192 3256 et
1223 3212 1605 3272 compunctum
1635 3219 1701 3258 ex

1812 3189 2076 3259 corporali
2122 3200 2367 3260 tempore
2419 3202 2475 3247 et
2530 3193 2689 3248 annis
2734 3193 2895 3264 hujus
2931 3195 3056 3249 vitae
3108 3193 3384 3263 loquatur,

122 3288 216 3343 his
252 3304 371 3358 qua:
414 3290 682 3357 audierat,
728 3292 969 3361 qundam
1012 3295 1361 3350 conscientiae
1414 3312 1528 3350 sua:
1582 3297 1704 3366 igne

117 3397 451 3439 succensum
475 3402 542 3440 ex
576 3387 953 3441 recordatione
994 3388 1202 3451 delicti,
1234 3399 1524 3457 propterea
1555 3390 1705 3444 dice-

118 3478 219 3531 bat
247 3491 262 3530 :
291 3473 360 3530 Et
396 3479 512 3547 quis
541 3488 617 3532 est
645 3479 735 3546 qui
764 3495 844 3533 me
877 3480 1133 3549 la'tiﬁcel,
1162 3482 1265 3534 nisi
1293 3482 1385 3550 qni
1418 3484 1708 3537 contrista—

116 3579 213 3625 tur
244 3585 310 3623 ea:
359 3570 477 3624 me?
508 3571 584 3624 ita
617 3586 746 3641 ergo
787 3581 841 3627 et
876 3587 974 3627 nos
1020 3573 1383 3644 satisagamus
1409 3587 1467 3628 ut
1506 3576 1560 3629 in
1593 3591 1707 3631 me-

116 3665 483 3720 ditationibus
534 3668 734 3720 nostris
779 3668 1114 3722 accendatur
1158 3668 1323 3739 ignis,
1348 3670 1438 3739 qui
1469 3685 1567 3724 nos
1597 3671 1708 3739 pri-

114 3774 213 3812 tno
248 3767 464 3822 exurat,
503 3768 558 3813 et
596 3761 974 3815 recordatione
1010 3770 1065 3815 et
1112 3762 1449 3816 conscientia
1501 3777 1701 3833 pecca-

115 3863 329 3919 torum,
367 3865 554 3917 postea
586 3867 714 3907 vero
737 3864 1073 3924 expurgatos
1100 3854 1213 3922 jam
1257 3854 1405 3911 vitiis
1437 3854 1706 3910 illuminet

108 3958 172 3999 et
206 3947 466 4001 illustret.

190 4039 249 4093 8.
293 4037 524 4092 Locutus
577 4032 716 4105 sum,
758 4038 952 4108 inquit,
987 4041 1041 4093 in
1082 4040 1266 4110 lingua
1306 4045 1443 4093 mea‘.
1472 4036 1609 4104 Quid
1637 4038 1709 4091 lo-

104 4142 287 4187 cutus
339 4134 410 4188 sit
464 4135 515 4187 in
560 4134 744 4203 lingua
781 4149 905 4198 sua,
952 4134 1370 4188 consideremus
1418 4148 1433 4185 :
1487 4132 1709 4188 videtur

103 4222 269 4277 ettim
306 4222 438 4277 mihi
472 4238 566 4292 per
596 4224 710 4278 lnec
742 4223 1034 4295 mysticum
1068 4222 1273 4293 aliquid
1311 4222 1578 4277 indicare.
1620 4222 1709 4274 Ait

103 4331 256 4386 ergo
288 4333 303 4370 :
330 4314 532 4371 Notum
575 4316 662 4385 [ac
709 4317 861 4383 mihi,
918 4316 1166 4380 Domine,
1220 4315 1382 4384 ﬁnem
1432 4330 1628 4379 meum,
1659 4322 1708 4367 et

102 4423 405 4461 numerum
454 4406 658 4461 dierum
696 4422 927 4461 meorum
980 4408 1097 4478 quis
1150 4416 1245 4470 est,
1288 4413 1345 4458 ut
1376 4405 1541 4459 sciam
1582 4403 1709 4474 quid

98 4500 257 4554 desit
288 4500 440 4554 mihi.
484 4500 566 4561 Si,
616 4499 811 4569 inquit,
850 4509 1036 4553 nutum
1082 4499 1280 4553 feceris
1324 4497 1486 4551 finem
1527 4512 1704 4551 meum

100 4589 283 4656 mihi,
315 4601 371 4644 et
400 4600 638 4659 quantus
687 4590 761 4645 sit
804 4604 1064 4643 numerus
1087 4589 1296 4643 dierum
1330 4602 1578 4642 meorum
1612 4601 1707 4641 no-

96 4694 235 4740 lum
267 4683 468 4739 feceris
498 4685 649 4748 mihi,
686 4692 882 4754 potero
911 4698 1008 4751 per
1035 4683 1147 4736 hzec
1174 4683 1339 4736 etiam
1374 4681 1508 4736 illud
1532 4697 1704 4753 agno-

88 4791 298 4842 scere,
337 4777 467 4845 quid
522 4776 663 4831 desit
702 4776 855 4830 mihi.
911 4778 1017 4829 Aut
1063 4774 1203 4829 forte
1250 4789 1346 4845 per
1385 4774 1501 4830 haec
1541 4775 1706 4829 etiam

94 4870 259 4925 illud
299 4870 572 4923 videbitur
606 4868 859 4932 iudicari,
892 4868 1021 4937 quia
1062 4868 1206 4922 sicut
1250 4868 1428 4923 omnis
1461 4867 1595 4922 artis
1623 4876 1712 4922 est

87 4957 329 5027 aliquis
366 4958 510 5021 finis,
537 4957 689 5013 verbi
725 4958 897 5027 gratia
932 4956 1254 5011 structionis
1293 4957 1438 5020 finis,
1480 4958 1700 5012 domum

87 5046 334 5110 facere,
365 5046 639 5117 naupagii,
672 5062 864 5101 navem
902 5057 1220 5101 construere
1249 5062 1371 5116 qua:
1405 5050 1578 5117 possit
1604 5049 1707 5104 flu-

84 5150 245 5202 ctus
278 5141 452 5194 maris
480 5154 739 5210 superare
768 5148 823 5195 et
862 5139 1008 5193 ferre
1038 5138 1272 5208 impetus
1297 5148 1607 5205 ventorum,
1653 5150 1710 5196 et

86 5229 557 5300 uniuscujusque
602 5231 738 5284 artis
775 5239 857 5285 est
896 5231 1097 5300 aliquis
1142 5230 1265 5285 talis
1297 5230 1441 5296 finis,
1476 5240 1703 5301 propter

82 5338 290 5395 quem
336 5338 425 5378 ars
472 5324 583 5391 ipsa
642 5323 856 5377 videtur
901 5333 1113 5393 reperta
1143 5339 1163 5379 :.
1190 5324 1263 5377 ita
1317 5323 1564 5379 fortassis
1622 5332 1709 5379 est

80 5419 252 5473 vita
291 5424 496 5472 nostra:
529 5415 614 5469 vel
651 5415 816 5470 totius
847 5416 1028 5469 tnuudi
1055 5414 1178 5469 finis
1209 5415 1451 5484 quidam,
1487 5426 1710 5487 propter

86 5529 296 5586 quem
335 5524 603 5581 geruntur
636 5512 817 5567 omnia
850 5525 969 5579 quae
994 5519 1257 5581 geruntur
1284 5511 1335 5564 in
1356 5511 1464 5565 vita
1500 5522 1708 5577 nostra,

96 5606 206 5660 vel
241 5615 475 5676 propter
505 5619 665 5673 quem
700 5605 929 5658 mundus
962 5603 1076 5671 ipse
1096 5602 1181 5657 vel
1210 5603 1492 5658 institutus
1519 5612 1601 5658 est
1628 5604 1712 5659 vel

84 5706 378 5761 constat.
406 5696 573 5768 Cujus
630 5695 750 5750 finis
795 5695 958 5751 etiam
1003 5694 1295 5763 Apostolus
1336 5694 1586 5751 meminit
1634 5694 1713 5749 di-

186 5882 241 5913 ”
276 5883 400 5937 Aet.
437 5897 491 5936 tl.
570 5881 614 5912 ⁸ο
641 5880 809 5936 Matth
856 5897 907 5947 v,
941 5881 1022 5934 l3.
1104 5882 1141 5911 ἰ
1178 5877 1217 5932 ll
1251 5880 1377 5938 Cor.
1406 5898 1464 5950 tt,
1497 5878 1549 5933 ἓ.

1629 5882 1672 5913 δ’
1706 5886 1743 5941 ll
1773 5885 1898 5940 Cor.
1931 5894 2017 5946 xv,
2052 5877 2140 5935 2L

1810 3286 1903 3338 sed
1930 3298 2145 3339 omnem
2178 3300 2464 3339 numerum
2491 3284 2701 3341 dierum
2743 3288 2889 3342 seire
2923 3286 3060 3352 vult,
3092 3286 3183 3356 qui
3223 3285 3395 3340 fuerit

1810 3375 1864 3430 in
1895 3377 2071 3446 prima
2112 3377 2249 3441 vita,
2280 3378 2369 3447 qui
2414 3377 2581 3435 fuerit
2624 3381 2679 3434 in
2727 3382 2965 3437 secundo
3008 3381 3268 3443 incolatu,
3296 3378 3407 3448 qui~

1812 3470 1864 3523 in
1897 3471 2076 3526 tertio.
2122 3470 2352 3525 Multum
2383 3471 2547 3536 enim,
2593 3470 2857 3541 inquit",
2896 3472 3071 3525 incola
3128 3472 3233 3541 fuit
3270 3472 3389 3523 ani-

1810 3580 1895 3617 ma
1923 3580 2059 3618 mea.
2086 3564 2245 3620 Velut
2270 3564 2314 3624 si
2348 3564 2588 3620 dicerent
2615 3564 2686 3618 illi
2715 3565 2806 3634 qui
2833 3566 3089 3620 exierunt
3119 3581 3183 3619 cx
3214 3564 3405 3635 [Egyr

1810 3665 1902 3725 pto
1928 3676 1942 3711 :
1970 3654 2171 3712 Notum
2217 3658 2302 3727 [ac
2332 3658 2484 3722 mihi,
2521 3659 2762 3726 Dontine,
2797 3658 2953 3726 ﬁnem
2991 3675 3161 3711 meum
3176 3658 3241 3722 “,
3267 3672 3403 3727 quin

1810 3759 1893 3805 est
1929 3759 2075 3803 terra
2117 3750 2261 3805 bona
2292 3760 2345 3803 et
2378 3759 2525 3804 terra
2564 3758 2777 3815 sancta,
2806 3759 2853 3803 et
2884 3764 3155 3803 numerum
3184 3747 3407 3801 dierunr

1810 3857 2047 3895 meorum
2078 3841 2131 3896 in
2167 3842 2362 3912 quibus
2398 3840 2635 3904 ambulo,
2675 3847 2733 3893 ut
2759 3840 2924 3894 sciam
2956 3839 3087 3909 quid
3128 3838 3406 3891 desitmi»

1809 3933 1885 3998 hi,
1911 3943 2175 4001 quantum
2221 3942 2390 3988 restat
2420 3947 2703 4002 usquequo
2730 3932 3042 4000 perveniam
3089 3930 3156 3984 ad
3186 3936 3389 3984 terram

1811 4035 2055 4079 sanctam
2084 4022 2565 4093 repromissionis:
2596 4023 2671 4076 ita
2719 4030 2773 4076 et
2824 4022 2910 4076 hic
2951 4021 3065 4074 vult
3098 4035 3259 4075 nosse
3288 4034 3405 4074 nu-

1813 4133 2021 4173 merum
2058 4117 2275 4172 dierum
2324 4117 2377 4170 in
2416 4115 2615 4185 quibus
2649 4114 2752 4169 iter
2777 4114 2908 4184 agit.
2944 4111 3216 4166 Habemus
3243 4110 3387 4166 enim

1813 4212 1928 4266 dies
1965 4210 2233 4280 quosdam
2263 4209 2480 4279 quidem
2515 4207 2568 4262 in
2612 4208 2718 4262 hoc
2752 4205 2974 4270 mundo,
3003 4204 3264 4274 quosdam
3299 4218 3394 4257 au-

1814 4311 1921 4357 tem
1957 4312 2013 4358 et
2034 4312 2191 4358 extra
2222 4303 2368 4358 hunc
2404 4303 2688 4356 mundum.
2714 4298 2896 4353 Alium
2925 4296 3071 4352 enim
3093 4295 3223 4350 facit
3247 4295 3405 4349 dienr

1813 4394 1945 4450 solis
1971 4394 2080 4450 iste
2112 4410 2315 4450 cursus
2336 4394 2506 4449 nostri
2541 4392 2706 4462 hujus
2737 4390 2862 4447 caeli
2909 4388 3099 4457 spatiis
3131 4386 3393 4441 termina-

1816 4496 1922 4553 tus,
1954 4486 2124 4540 alium
2160 4486 2324 4541 habet
2362 4486 2501 4539 diem
2530 4483 2620 4538 ille
2641 4482 2732 4551 qui
2767 4481 2831 4534 ad
2860 4479 3085 4534 secundi
3116 4478 3238 4534 coeli
3266 4492 3393 4547 per-

1821 4578 2006 4632 venire
2049 4589 2291 4633 meretur
2341 4591 2653 4630 ascensum.
2688 4574 2864 4629 Multo
2914 4573 3058 4627 enim
3104 4570 3391 4625 clariorem

1818 4670 1959 4725 diem
1985 4669 2249 4725 ducitille
2276 4668 2371 4737 qui
2396 4683 2565 4737 usque
2589 4667 2656 4721 ad
2690 4667 2909 4721 tertium
2938 4664 3135 4719 caelum
3166 4661 3251 4717 vel
3276 4663 3393 4731 rapi

1819 4764 1903 4819 vel
1926 4764 2213 4833 pervenire
2246 4763 2507 4834 potuerit,
2540 4761 2627 4817 ubi
2659 4777 2765 4817 non
2799 4760 2971 4817 solum
3013 4758 3285 4819 ineffabile
3312 4757 3397 4810 lu-

1820 4873 1942 4914 men
1985 4858 2246 4923 inveniet,
2282 4871 2473 4911 verum
2513 4856 2678 4911 etiam
2717 4854 2882 4910 verba
2921 4868 3039 4923 quae
3080 4851 3290 4908 homini
3320 4851 3396 4903 lo-

1818 4949 1911 5020 qui
1953 4963 2058 5003 nou
2103 4948 2283 5011 liceat,
2312 4948 2514 5002 audiet.
2553 4945 2687 5000 Novi
2730 4953 2785 5001 et
2815 4943 2951 5000 alios
2987 4944 3123 5009 dies,
3162 4955 3394 5012 quorum

1820 5056 2111 5097 numerum
2150 5040 2399 5095 fortassis
2430 5039 2691 5109 propheta
2740 5037 2936 5093 merito
2975 5034 3226 5105 requirit.
3256 5031 3409 5087 Nam

1819 5138 1959 5191 sicut
2009 5137 2061 5191 in
2096 5136 2198 5189 hoc
2242 5134 2380 5189 crelo
2420 5134 2499 5188 sol
2532 5145 2752 5188 exortus
2795 5142 2850 5188 et
2881 5129 3193 5184 universum
3238 5141 3396 5180 mun-

1821 5234 1948 5285 dum
1996 5230 2274 5284 illustrans
2318 5228 2461 5282 diem
2504 5226 2684 5282 facit:
2718 5226 2793 5280 ita
2838 5232 2897 5279 et
2937 5224 2987 5277 in
3034 5221 3200 5276 corde
3237 5220 3393 5289 justi,

1819 5325 1961 5394 quod
1998 5336 2094 5391 pro
2123 5320 2427 5375 constantia
2459 5328 2513 5374 et
2546 5317 2802 5372 firmitate
2844 5317 2937 5371 Dei
2990 5314 3396 5368 firmamentum

1821 5417 2018 5470 merito
2061 5413 2387 5485 appellatur,
2424 5411 2472 5467 si
2508 5412 2789 5466 exoriatur
2837 5408 2915 5462 sol
2968 5405 3193 5475 iustitiae
3233 5404 3396 5460 Jesus

1818 5506 2075 5561 Christus
2118 5504 2380 5559 Dominus
2410 5512 2617 5566 noster,
2652 5510 2705 5555 et
2741 5499 3004 5553 illuminet
3036 5512 3157 5551 eutn
3194 5494 3397 5549 lumine

1818 5600 2063 5654 scientiae
2100 5606 2153 5652 et
2193 5597 2461 5660 veritatis,
2491 5597 2632 5649 diem
2671 5593 2803 5647 facit
2847 5591 2897 5646 in
2948 5591 3113 5645 corde
3144 5590 3303 5659 ejus:
3339 5598 3397 5645 ct

1820 5702 2029 5762 quanto
2076 5691 2415 5755 frequentius
2472 5688 2718 5744 exoritur
2777 5696 2832 5741 et
2892 5684 3183 5752 illuminat,
3247 5694 3394 5739 tanto

2220 5879 2262 5910 ’⁸³
2286 5875 2425 5933 Psal.
2459 5890 2604 5941 cxtx,
2635 5874 2686 5927 6.
2768 5874 2807 5905 ’δ”
2842 5870 2980 5926 ιεδίιι.
3014 5885 3247 5937 xxxvm,
3275 5868 3338 5923 5.
