3808 6500
442 319 465 372 Ι
481 317 578 372 ζ99

1833 308 1921 364 EX
1954 305 2254 365 ORIGENE

3565 303 3668 360 H30

437 433 694 504 majorem
725 434 825 488 sibi
861 433 1047 487 talium
1081 432 1290 487 dierum
1331 445 1612 485 numerum
1644 431 1995 501 computabit.
2031 434 2079 491 Α
2108 430 2281 498 ipsum
2333 431 2473 498 quod
2528 427 2683 495 dixit,
2729 428 2854 498 quia
2903 429 3204 485 substantia
3257 444 3380 481 mea
3446 436 3664 495 tanquam

437 527 609 594 Digne
648 541 778 596 ergo
823 525 1074 580 conscius
1105 524 1208 578 sibi
1241 523 1500 592 propheta
1535 523 1601 577 de
1635 521 2004 590 hujuscemodi

436 615 835 670 illuminationc
862 615 1025 670 dicit:
1054 612 1254 667 Notum
1292 614 1377 681 [ac
1399 615 1548 674 milii,
1577 612 1816 677 Domine,
1845 612 2003 680 ﬁnem

436 723 631 771 meum,
681 716 730 760 et
787 723 1062 759 numerum
1122 705 1326 758 dierum
1382 720 1613 758 meorum
1665 705 1781 773 quis
1819 715 1915 769 est,
1947 713 2002 757 ut

422 798 594 852 sciant
619 798 748 868 quid
775 798 909 851 desit
936 798 1088 850 mihi.

504 889 559 944 9.
599 890 662 943 Et
715 888 1070 942 additzEcce
1128 896 1320 941 veteres
1381 889 1605 953 posuisti
1663 890 1773 944 dies
1837 906 2000 944 meos.

433 979 490 1033 In
548 980 737 1036 Graeco
791 980 1064 1040 scribitur,
1125 979 1467 1045 παλαιστάς,
1523 981 1668 1049 quod
1734 981 2004 1050 significat

435 1087 749 1126 mensuram
785 1082 1018 1140 quatuor
1051 1072 1365 1138 digitorum.
1429 1072 1622 1127 Veiens
1678 1087 1810 1142 ergo
1839 1074 2002 1144 695

433 1167 628 1220 docere
680 1177 778 1216 nos
836 1163 926 1232 qui
982 1163 1094 1233 jam
1129 1164 1179 1217 in
1235 1164 1339 1218 hac
1383 1165 1494 1219 vita
1532 1164 1722 1219 breves
1769 1176 1822 1220 et
1875 1183 2004 1236 per-

432 1271 636 1327 paucos
662 1256 909 1312 ducimus
938 1257 1070 1322 dies,
1102 1258 1240 1314 dixit
1267 1261 1410 1315 hunc
1442 1261 1771 1315 versiculum
1804 1263 1868 1316 de
1895 1277 2001 1332 quo

433 1365 596 1419 supra
625 1351 883 1404 diximus.
932 1348 1012 1404 Ex
1058 1367 1164 1421 quo
1195 1353 1520 1423 intelligitur
1563 1352 1689 1422 quia
1729 1353 1899 1422 possit
1947 1363 2004 1410 et

435 1442 575 1498 alius
601 1443 807 1507 dicere,
839 1443 963 1512 quia
981 1443 1104 1497 Dies
1133 1458 1280 1498 meos
1304 1444 1534 1513 posuisti
1561 1457 1724 1497 unum
1753 1445 1998 1515 digitum,

433 1531 584 1586 velut
633 1546 975 1602 consequens
1026 1535 1092 1587 de
1125 1535 1380 1604 temporis
1422 1534 1720 1599 brevitate,
1763 1545 1819 1590 et
1866 1536 2003 1590 alius

432 1623 572 1676 duos
601 1622 798 1691 digitos
821 1621 902 1676 vel
935 1631 1064 1679 tres.
1098 1625 1291 1688 Quer
1323 1636 1501 1680 autem
1534 1627 1578 1681 si
1611 1636 1788 1696 potest
1810 1626 2002 1696 aliquis

428 1711 712 1766 hominum
755 1713 938 1767 dicere
970 1715 1094 1782 quia
1126 1715 1249 1770 Dies
1277 1718 1380 1771 mei
1430 1721 1612 1772 decem
1663 1719 1812 1786 digiti
1852 1731 1999 1786 sunt,

2108 519 2329 573 nihilum
2372 528 2492 572 ante
2521 526 2571 571 te
2600 527 2706 582 est,
2737 518 2946 572 addidit
2989 529 3044 574 et
3092 519 3228 573 dicit
3265 536 3279 574 :
3329 515 3664 570 Verumtamen

2107 611 2350 664 universa
2375 611 2587 664 vanitas
2620 610 2788 664 omnis
2815 609 2970 664 homo
3012 612 3206 664 vivens.
3234 609 3532 676 Quomodo
3563 615 3665 662 acri-

2107 704 2189 772 pis
2222 704 2436 757 vivens?
2469 702 2736 772 siquidem
2769 717 2952 756 veram
2983 704 3147 757 vitam
3186 705 3501 756 vanitatem
3548 714 3663 768 puta-

2106 810 2246 858 mus,
2293 803 2350 847 ut
2392 795 2521 864 quid
2577 794 2933 849 laboramus?
2981 793 3087 849 Sed
3133 795 3260 848 vide
3317 809 3392 847 ne
3429 794 3663 850 fortehot

2105 891 2248 960 quod
2294 891 2446 957 dicit,
2492 893 2671 945 omnis
2719 891 2952 954 vivens,
3003 891 3070 944 de
3119 892 3224 944 hac
3271 888 3540 957 praesenti
3590 891 3662 942 vita

2107 985 2482 1052 accipiendum
2522 983 2615 1048 sit,
2645 983 2784 1037 sicut
2813 983 3077 1052 scriptum
3105 993 3219 1044 est,
3271 991 3332 1036 et
3365 981 3662 1033 testimoniis

2106 1075 2599 1144 couiprobabiinus.
2639 1074 2833 1130 Omnia
2865 1075 3010 1129 enim
3045 1090 3166 1144 qua:
3198 1075 3250 1126 in
3284 1075 3392 1126 hac
3428 1071 3544 1122 vita
3575 1086 3662 1124 sunt

2106 1167 2245 1235 apud
2275 1165 2546 1229 homines,
2599 1181 2735 1218 vana
2783 1175 2927 1228 sunt,
2977 1165 3190 1220 etiamsi
3239 1163 3465 1234 Moyses
3512 1162 3564 1215 in
3597 1162 3663 1217 hac

2106 1251 2211 1309 viia
2244 1257 2334 1319 sit,
2364 1267 2414 1310 et
2443 1257 2556 1324 ipse
2582 1258 2726 1310 enim
2759 1273 2824 1312 ex
2848 1268 3002 1326 parte
3027 1257 3335 1324 cognoscit,
3364 1265 3423 1308 et
3451 1269 3518 1306 ex
3550 1267 3666 1321 parte

2105 1349 2409 1416 prophetat,
2442 1358 2495 1402 el
2523 1362 2618 1417 per
2640 1348 2922 1417 speculum
2959 1358 3013 1402 et
3059 1349 3114 1401 in
3170 1351 3479 1415 aenigmate
3528 1347 3660 1409 videt,

2104 1450 2157 1493 et
2193 1441 2436 1494 umbram
2465 1439 2586 1501 scit,
2631 1454 2695 1494 ac
2732 1439 2930 1511 ﬁguras
2983 1441 3235 1502 docetur,
3293 1448 3348 1492 et
3400 1437 3658 1488 veritatem

2105 1533 2337 1585 nondum
2367 1531 2532 1596 videt,
2555 1540 2611 1585 et
2640 1531 2762 1585 ideo
2800 1540 2882 1585 est
2918 1531 3134 1602 quidem
3170 1530 3388 1593 vivens,
3420 1529 3518 1580 sed
3552 1530 3662 1579 van;-

2107 1630 2188 1676 tas
2210 1631 2290 1676 est
2321 1622 2426 1676 vita
2460 1623 2599 1691 ejus.
2628 1620 2695 1676 Et
2740 1620 2822 1675 vis
2868 1622 3055 1675 videre
3109 1621 3237 1690 quia
3296 1620 3524 1672 vanitas
3566 1619 3661 1672 est?

2105 1713 2233 1768 Cant
2282 1716 2482 1768 venerit
2531 1713 2673 1779 quod
2703 1712 2991 1782 perfectum
3027 1721 3126 1775 est,
3182 1713 3541 1766 destruantur
3589 1712 3658 1763 ista

431 1811 528 1857 aut
558 1803 768 1872 viginti,
826 1811 919 1856 aut
946 1781 1107 1858 etiam
1139 1805 1394 1875 amplius.
1428 1807 1494 1862 Et
1527 1808 1656 1878 quia
1704 1781 1819 1865 loca
1863 1781 1998 1866 diﬂi;
2038 1781 2073 1838 Β
2105 1821 2216 1874 quin
2238 1821 2305 1858 ea;
2333 1816 2482 1874 parte
2503 1815 2624 1858 sunt
2657 1805 2721 1856 ⁸⁷.
2759 1803 2932 1858 Omne
2969 1812 3150 1858 autem
3188 1803 3339 1872 quod
3382 1803 3660 1855 destruit"

432 1895 553 1950 cilia
588 1895 938 1962 incurrimus,
968 1897 1126 1952 velim
1156 1901 1436 1969 requirere
1463 1902 1637 1957 sicubi
1669 1903 1722 1956 in
1755 1902 1999 1974 Scriptu-

429 1989 508 2044 ris
563 1989 672 2045 tale
703 1989 906 2060 aliquid
939 1990 1265 2060 invenimus,
1315 2009 1380 2047 ex
1430 2010 1538 2063 quo
1584 1997 1755 2064 possit
1798 1997 1994 2066 aperiri

431 2081 642 2151 planius
674 2081 726 2136 id
751 2084 890 2152 quod
916 2084 1130 2138 videtur
1159 2084 1468 2141 obscurum.
1499 2086 1554 2141 ln
1585 2087 1718 2142 lsaia
1738 2089 1994 2158 scriptum

433 2174 689 2229 recordor
715 2174 762 2210 ’⁸⁵
796 2191 810 2228 :
843 2174 973 2240 Quis
995 2180 1205 2231 metitus
1235 2187 1338 2242 est,
1376 2179 1574 2248 inquit,
1597 2196 1758 2234 manu
1782 2197 1994 2249 aquam,

427 2275 474 2317 et
504 2267 686 2320 uelum
708 2267 903 2334 palmo,
927 2280 972 2321 et
1003 2286 1205 2324 onmem
1230 2281 1422 2325 terram
1446 2272 1643 2340 pugillo
1660 2273 1686 2325 7
1707 2271 1780 2325 Ex
1804 2274 1996 2341 quibus

429 2357 740 2412 consideret
781 2359 1024 2429 quisquis
1079 2361 1170 2415 ille
1200 2370 1284 2415 est
1335 2362 1652 2429 prudentior
1688 2362 1993 2415 auditoru-u

426 2461 522 2514 per
542 2450 750 2519 singula
783 2451 898 2505 loca
930 2450 1265 2507 diﬂ'erentias
1298 2469 1694 2517 mensurarum,
1728 2455 1998 2524 quomodo

427 2552 616 2593 eorum
649 2541 864 2609 quidem
892 2543 982 2610 qui
1015 2543 1216 2598 caelum
1257 2553 1532 2598 merentur
1564 2545 1841 2614 appellari,
1871 2561 1998 2614 pars

426 2629 549 2683 vita:
581 2646 699 2698 qua:
742 2632 981 2688 cmlestis
1023 2644 1125 2697 est,
1159 2635 1338 2702 palmo
1388 2634 1479 2688 Dei
1536 2636 1713 2689 metiri
1771 2635 1994 2701 dicitur,

425 2721 732 2789 quicunque
779 2723 866 2777 ille
913 2733 996 2778 cst
1032 2726 1122 2779 Dei
1157 2726 1362 2795 palmus
1396 2744 1410 2781 :
1444 2737 1498 2780 et
1526 2743 1712 2782 eorum
1761 2745 1993 2799 quorum

426 2810 534 2862 vita
570 2812 746 2866 adhuc
791 2820 1002 2867 terrena
1049 2825 1167 2878 est,
1229 2817 1429 2886 pugillo
1473 2818 1564 2872 Dei
1611 2821 1718 2873 vita
1749 2821 1991 2876 metitur.

427 2900 532 2954 Sed
578 2903 763 2972 pugilli
813 2905 980 2960 divini
1029 2905 1386 2962 differentiam
1432 2925 1574 2965 nunc
1608 2912 1907 2980 requirere,
1942 2921 1995 2966 et

425 3005 669 3054 nostrum
706 3013 1007 3054 sermonem
1053 3010 1108 3054 et
1161 3002 1403 3055 auditum
1451 3012 1690 3058 vestrum
1743 3003 1992 3060 fortassis

423 3089 672 3144 excedat.
710 3087 1093 3144 Verumtamen
1119 3091 1254 3144 sicut
1301 3092 1371 3144 ibi
1412 3100 1572 3146 malm
1605 3110 1798 3163 aquam
1828 3097 1989 3150 meti-

423 3187 512 3236 tus
534 3188 639 3244 est,
681 3180 857 3248 palmo
887 3181 1104 3245 coelum,
1132 3193 1186 3236 et
1208 3198 1422 3238 omnem
1455 3195 1654 3240 terram
1689 3188 1910 3257 pugillo,
1937 3203 1991 3244 ct

427 3273 686 3340 appendit
717 3275 1005 3329 montcsin
1041 3283 1271 3340 statera,
1309 3285 1364 3331 et
1401 3277 1570 3332 colles
1608 3278 1661 3331 in
1699 3279 1870 3350 jugo;
1917 3281 1988 3334 ita

426 3367 588 3426 etiam
624 3367 711 3422 hic
749 3368 1047 3421 secundum
1081 3369 1324 3423 eamdem
1361 3373 1810 3439 consequentiam
1841 3389 1991 3429 men-

426 3471 551 3516 sura
599 3458 701 3518 ista
754 3467 811 3511 et
861 3458 1206 3528 intelligenda
1253 3469 1354 3525 est,
1393 3461 1649 3530 quoniam
1702 3463 1834 3517 nihil
1882 3463 1992 3516 Deo

422 3547 542 3601 sine
572 3563 822 3604 mensura
850 3560 952 3614 est,
985 3552 1119 3606 nihil
1152 3553 1270 3608 sine
1304 3555 1561 3624 pondere,
1589 3555 1686 3609 sed
1727 3555 1905 3609 omnia
1940 3557 1987 3608 ei

422 3637 478 3690 in
525 3652 750 3694 numero
786 3650 1038 3695 constant
1079 3651 1132 3698 et
1169 3659 1441 3698 mensura.
1493 3645 1568 3700 Ita
1607 3661 1825 3716 quoque
1861 3663 1990 3717 pro-

424 3729 600 3794 pheta:
634 3729 740 3784 vita
773 3740 825 3782 et
854 3743 1133 3788 numerata
1165 3744 1220 3788 et
1259 3735 1502 3790 dimetita
1547 3736 1655 3792 Deo
1689 3748 1770 3792 est
1793 3778 1809 3804 ,
1859 3740 1987 3792 dum

424 3820 774 3887 providentiae
802 3822 918 3888 ejus
943 3826 1239 3882 rationibus
1271 3829 1495 3895 regitur.

496 3913 582 3968 10.
623 3915 781 3970 Addit
810 3915 971 3968 etiam
1010 3918 1060 3971 in
1093 3923 1522 3987 sequentibus'et
1546 3923 1709 3978 dicit:
1736 3922 1989 3978 Subslan-

421 4004 498 4057 tia
527 4021 640 4059 mea
669 4017 916 4078 tanquam
950 4010 1172 4064 nihilum
1201 4020 1324 4066 ante
1353 4020 1402 4066 te
1422 4024 1518 4067 est.
1551 4014 1664 4069 Nisi
1691 4016 1989 4070 addidisset

422 4105 550 4150 ante
585 4107 656 4161 te,
689 4100 843 4155 valde
876 4103 1259 4168 contristabar,
1286 4119 1384 4173 pro
1423 4119 1488 4159 eo
1523 4108 1666 4176 quod
1696 4109 1983 4162 humanam

421 4187 780 4248 substantiam
827 4194 958 4247 nihil
1008 4209 1130 4249 esse
1179 4197 1430 4253 dixisset.
1478 4198 1631 4254 Nunc
1684 4217 1810 4255 vero
1861 4204 1984 4270 llttiu

419 4280 557 4339 dixit
593 4291 716 4339 ante
746 4293 819 4350 te,
847 4284 996 4340 velut
1036 4287 1246 4341 diceret
1279 4289 1345 4341 ad
1375 4293 1834 4358 comparationem
1865 4295 1988 4362 qui--

419 4374 540 4430 dem
579 4375 661 4428 vel
695 4376 1010 4444 angelorum
1054 4378 1139 4432 Vel
1193 4379 1526 4448 reliquarum
1582 4390 1980 4449 creaturarum,

2101 1902 2310 1955 vanitas
2335 1914 2437 1956 est.
2461 1901 2528 1956 Et
2552 1902 2595 1956 si
2633 1901 2899 1972 quidquid
2925 1917 2992 1956 ex
3036 1911 3195 1971 parte
3230 1911 3323 1954 est
3359 1900 3657 1962 destrninu,

2098 1992 2141 2045 si
2165 1993 2442 2061 propheta:
2473 2007 2538 2046 ex
2570 2003 2722 2062 parte
2750 2001 3106 2060 cognoscunt,
3154 2002 3306 2046 recte
3336 1993 3510 2046 etiam
3543 1994 3656 2060 ipso-

2103 2100 2216 2137 rum
2273 2084 2380 2137 vila
2432 2085 2648 2139 vanitas
2699 2083 3041 2152 appellatur;
3090 2083 3467 2137 destruuntur
3506 2095 3656 2139 autem

2099 2177 2371 2238 inferiora.
2405 2193 2528 2232 cum
2567 2178 2811 2230 venerint
2844 2191 2906 2230 ea
2969 2192 3090 2244 qua:
3153 2175 3390 2230 meliora
3449 2187 3572 2230 sunt
3617 2190 3655 2228 rt

2097 2270 2360 2338 perfecta,
2387 2280 2440 2324 et
2469 2285 2564 2338 per
2590 2269 2694 2324 hoc
2721 2284 2855 2322 vana
2885 2283 3005 2323 esse
3037 2278 3375 2335 arguuntur,
3406 2283 3509 2337 per
3537 2275 3654 2335 qia-il

2097 2368 2349 2430 tanquam
2391 2375 2456 2414 ex
2487 2369 2644 2429 parte
2680 2369 2734 2415 et
2762 2358 3075 2428 imperfecta
3123 2361 3516 2414 destruuntur.
3548 2357 3654 2412 Citi-

2094 2469 2245 2506 νει-δα
2286 2467 2416 2521 ergo
2459 2453 2683 2519 vanitas,
2712 2453 2879 2504 omnis
2922 2451 3078 2504 homo
3102 2453 3301 2506 vivens.
3335 2451 3480 2518 Quia
3503 2461 3656 2504 autem

2095 2541 2161 2595 de
2191 2542 2292 2595 hac
2327 2541 2437 2594 vita
2485 2541 2790 2610 accipiatur
2835 2541 2936 2594 ista
2979 2541 3280 2605 sententia,
3315 2541 3449 2594 audi
3501 2541 3654 2594 Eccle-

2095 2632 2314 2686 siastem
2342 2640 2728 2700 protestantem
2751 2641 2806 2686 et
2837 2633 3101 2687 dicentem
3126 2634 3202 2683 “z
3229 2630 3476 2684 Laudari
3506 2650 3656 2686 eam

2091 2722 2180 2791 qui
2213 2723 2402 2775 mortui
2432 2732 2554 2776 sunt
2601 2739 2757 2786 super
2778 2739 2954 2775 omnes
2997 2726 3090 2796 qui
3127 2723 3331 2783 virtmt,
3386 2724 3655 2790 ᾳιίςωιηει

2094 2813 2196 2881 ipsi
2228 2814 2409 2868 uiuunt
2459 2830 2622 2882 usque
2653 2802 2829 2878 made,
2869 2823 2916 2866 et
2959 2814 3123 2866 bonus
3155 2829 3318 2881 super
3366 2816 3496 2866 istos
3547 2820 3654 2866 dm

2091 2906 2180 2976 qui
2215 2905 2445 2958 nondum
2488 2917 2643 2958 natus
2683 2915 2778 2958 est.
2831 2903 3039 2958 Laudat
3076 2919 3207 2974 ergo
3245 2918 3497 2960 mortuos
3531 2909 3654 2974 plus-

2092 3010 2253 3062 quam
2284 2995 2455 3058 vivos,
2488 2998 2615 3064 quia
2644 2996 2718 3048 illi
2745 2995 2846 3048 hoc
2873 2993 3064 3046 saltem
3099 2995 3239 3048 lucri
3267 2996 3498 3058 habent,
3529 2997 3652 3063 quod

2094 3087 2163 3142 de
2194 3087 2426 3141 vinculis
2463 3089 2622 3155 hujus
2665 3092 2907 3158 i-orporis
2947 3091 3165 3145 liberati
3205 3099 3358 3153 sunt,
3408 3103 3507 3141 nec
3538 3088 3654 3140 ultra

2094 3193 2258 3232 carne
2287 3194 2350 3233 ac
2389 3177 2617 3248 pellibus
2648 3180 2817 3233 induti
2852 3189 2997 3246 sunt,
3031 3194 3128 3234 nec
3159 3179 3384 3234 ossibus
3406 3192 3471 3230 ac
3494 3179 3656 3230 nervis

2091 3269 2278 3325 inserti
2312 3280 2457 3337 sunt,
2487 3285 2585 3325 nec
2612 3270 2748 3324 ultra
2784 3271 3068 3338 suhjarent
3110 3270 3435 3324 necessitati
3482 3283 3651 3338 carpo

2095 3363 2187 3416 ris.
2241 3362 2298 3415 Si
2350 3377 2481 3431 ergo
2517 3361 2826 3416 intellexisti
2863 3362 3019 3430 quale
3058 3363 3128 3415 sit
3160 3364 3357 3416 vivere
3409 3365 3463 3414 in
3509 3377 3652 3415 carne

2091 3454 2302 3512 etiamsi
2347 3453 2554 3523 Moyses
2583 3455 2658 3508 sit
2697 3454 2838 3523 quis,
2873 3454 2950 3504 vel
2985 3455 3238 3521 quisquis
3278 3454 3371 3508 ille
3402 3465 3485 3508 est
3512 3495 3526 3516 ,
3559 3470 3654 3506 no-

2091 3543 2223 3599 lesta
2265 3546 2313 3599 ei
2371 3553 2453 3600 est
2496 3546 2595 3599 ista
2644 3546 2774 3600 vita.
2838 3543 2952 3600 Non
3014 3547 3158 3599 enim
3224 3561 3258 3598 a
3320 3548 3654 3612 corruptione

2095 3637 2403 3703 resolvitur,
2443 3652 2560 3706 qua:
2620 3637 2833 3692 mortali
2889 3652 3120 3708 corpore
3177 3648 3514 3705 terrenoque
3559 3641 3652 3691 cir-

2091 3729 2398 3786 cumdatur.
2462 3728 2595 3783 Vide
2644 3743 2774 3798 ergo
2828 3728 2954 3798 quia
3011 3732 3264 3784 universa
3323 3733 3543 3783 vanitas
3583 3743 3653 3783 est

2089 3819 2266 3873 omnis
2319 3819 2484 3880 homo
2530 3819 2737 3886 vivens,
2790 3829 3198 3877 contemnamus
3257 3835 3464 3874 vanam
3513 3821 3651 3873 istam

2088 3919 2278 3972 vitam,
2315 3917 2368 3962 et
2395 3908 2713 3963 festinemus
2758 3910 2826 3963 ad
2870 3920 3114 3964 sanctam
3158 3912 3322 3963 vitam
3360 3919 3417 3965 et
3459 3912 3652 3964 beatas:

2088 4018 2150 4058 ac
2186 4016 2391 4062 veram,
2427 4012 2481 4055 et
2529 4003 2580 4056 in
2625 4002 2766 4056 illam
2815 4005 2997 4056 animo
3048 4013 3102 4056 et
3154 4015 3352 4058 mente
3389 4005 3655 4057 tenebatis

2087 4096 2232 4147 animi
2265 4094 2505 4147 vanitate
2533 4095 2799 4150 discussa.
2829 4093 2942 4149 Nec
2968 4095 3215 4150 dicamus
3256 4096 3474 4150 dulcem
3507 4099 3649 4150 istam

2089 4187 2285 4250 lucem,
2322 4200 2428 4256 qua
2461 4201 2604 4238 nunc
2633 4186 2856 4240 utimur.
2891 4187 3004 4240 lloe
3038 4187 3180 4240 enim
3217 4187 3296 4239 illi
3335 4189 3544 4250 dicunt,
3569 4193 3650 4254 ειηι

2085 4279 2426 4332 dulcedinem
2473 4293 2613 4331 verae
2665 4276 2803 4332 lucis
2864 4278 3133 4348 ignorant,
3176 4281 3270 4332 sed
3305 4295 3381 4333 ue
3427 4283 3648 4347 auspicia

2085 4373 2302 4439 quidem
2361 4370 2469 4424 veri
2537 4369 2756 4427 luminis
2817 4371 2922 4424 ulla
2985 4381 3295 4431 senserunt.
3335 4387 3442 4426 nec
3484 4374 3654 4425 scisset

416 4479 522 4517 non
555 4473 639 4518 est
665 4466 900 4536 abjecta,
933 4485 1034 4524 nec
1066 4470 1286 4526 minima
1324 4470 1625 4526 substantia
1661 4487 1795 4526 mea.
1825 4473 1980 4527 Deni-
2013 4475 2058 4533 ι)
2087 4462 2391 4529 θιιιιειίοθιιι
2423 4463 2588 4514 Vnam
2635 4461 2957 4530 ερθτθιιάιδιιι
2988 4477 3106 4516 esse
3155 4463 3378 4524 διιίιηπν
3426 4479 3546 4514 "Im
3589 4477 3649 4513 ει

416 4567 520 4620 que
556 4562 608 4606 et
631 4555 674 4608 si
705 4555 842 4612 bene
860 4560 1150 4628 egerimus,
1191 4569 1245 4615 et
1272 4564 1524 4616 mandata
1555 4561 1766 4616 Domini
1797 4579 1982 4620 serva-

417 4644 696 4711 verimus,
744 4650 811 4701 ad
865 4653 1198 4712 consortium
1273 4654 1567 4710 invitamur
1625 4657 1980 4726 angelicum:

418 4731 608 4798 Erunt,
639 4734 810 4805 inquit
851 4739 914 4804 ιθ,
946 4741 1076 4794 sicut
1111 4743 1282 4812 angeli
1312 4745 1408 4795 Dei
1439 4745 1493 4796 in
1531 4745 1674 4799 caelo.
1705 4745 1788 4800 A-d
1833 4761 1983 4802 cotu-

418 4826 748 4895 parationem
778 4829 871 4882 Dei
900 4849 1026 4886 vero
1053 4833 1212 4887 etiam
1257 4834 1298 4888 si
1347 4835 1538 4890 Petrus
1566 4836 1688 4899 sint.
1725 4839 1986 4896 adversus

416 4932 577 4987 quem
603 4927 774 4987 portae
802 4919 957 4976 inferi
989 4937 1096 4974 non
1128 4923 1516 4990 praevalebunt,
1545 4926 1842 4984 substantia
1865 4943 2015 4985 mea.

416 5020 543 5064 ante
591 5026 715 5064 eum
759 5012 893 5066 nihil
936 5022 1038 5065 cst.
1070 5015 1135 5067 Et
1168 5016 1300 5069 satis
1329 5018 1546 5086 proprio
1595 5021 1857 5077 vocabulo
1885 5036 1986 5075 na-

419 5109 552 5162 turae
584 5115 715 5154 usus
745 5109 846 5154 est.
877 5101 1021 5155 Nihil
1067 5103 1211 5156 enim
1257 5114 1338 5158 est
1368 5122 1526 5160 omne
1547 5146 1561 5171 ,
1593 5109 1838 5176 quamvis
1871 5126 1986 5164 ma-

416 5209 579 5263 guum
616 5192 703 5256 sit,
734 5193 992 5262 quidquid
1021 5209 1088 5246 ex
1111 5193 1280 5249 nihilo
1310 5205 1410 5260 est,
1443 5199 1587 5254 solus
1618 5201 1761 5254 enim
1789 5211 1871 5255 est
1900 5202 1989 5256 ille

415 5283 504 5349 qui
547 5292 650 5347 est,
683 5292 739 5337 et
767 5285 857 5352 qui
890 5300 1104 5353 semper
1130 5294 1233 5338 est.
1265 5285 1458 5342 Nostra
1486 5299 1664 5344 autem
1689 5293 1990 5347 substantia

421 5383 673 5440 tanquam
712 5376 847 5429 nihil
876 5386 957 5430 est
990 5385 1116 5431 ante
1150 5392 1276 5430 eum
1313 5394 1326 5430 :
1356 5381 1554 5452 quippe
1581 5382 1704 5451 quia
1734 5384 1801 5438 ab
1830 5399 1895 5439 co
1923 5402 1989 5440 ex

418 5464 587 5516 nihilo
610 5477 887 5535 procreata
918 5478 1019 5522 est.

493 5556 579 5610 il.
637 5559 696 5610 ln
751 5561 1102 5627 sequentibus
1161 5576 1292 5615 vero
1354 5563 1497 5616 velut
1543 5564 1838 5632 explanaus
1887 5567 1993 5622 hoc

497 5722 540 5752 ’⁸⁸
576 5724 674 5777 lsa.
711 5741 794 5791 xc,
828 5726 910 5779 12.
1003 5726 1046 5758 ὀδ
1079 5727 1264 5783 Matth.
1299 5744 1428 5798 XXII,
1459 5732 1546 5786 '50.

1636 5735 1677 5763 ⁸⁷
1708 5735 1726 5787 l
1757 5735 1880 5791 Cor.
1915 5755 2031 5806 xm,
2061 5749 2142 5803 ιο,

2089 4557 2327 4610 vanitate
2367 4557 2490 4609 vitae
2534 4553 2692 4622 hujus
2749 4557 3043 4610 evaserint.
3096 4555 3247 4610 Unde
3297 4567 3357 4609 et
3411 4571 3509 4608 nos
3563 4556 3648 4622 qui

2089 4650 2206 4702 lucc
2233 4648 2526 4710 credimus,
2562 4647 2674 4716 jam
2724 4659 2903 4703 mente
2933 4660 2985 4702 et
3015 4648 3119 4703 ﬁde
3147 4650 3545 4704 transferantur
3587 4651 3647 4699 ad

2083 4741 2303 4808 caelum,
2354 4750 2409 4795 et
2462 4741 2513 4794 in
2573 4741 2734 4795 terris
2787 4742 3133 4798 ambulantes
3178 4742 3648 4796 conversatione-sn

2085 4835 2379 4890 habeamus
2410 4834 2460 4888 in
2490 4833 2666 4897 cmlis,
2693 4844 2749 4886 ut
2780 4834 2851 4887 ibi
2881 4835 2951 4886 sit
2975 4834 3260 4889 thesaurus
3296 4843 3525 4892 noster,
3563 4835 3644 4881 alii

2075 4937 2154 4981 est
2180 4936 2234 4980 et
2255 4941 2350 4980 cor
2383 4935 2663 4990 nostrum,
2697 4933 2752 4977 et
2790 4935 2850 4978 ut
2885 4939 3108 4993 regnum
3136 4923 3360 4979 eteieste
3396 4925 3648 4990 conss-qui.

2077 5034 2403 5082 mereamur,
2425 5033 2520 5086 per
2541 5016 2722 5071 Jesum
2749 5014 3025 5071 Christum
3058 5015 3344 5070 Dominum
3379 5024 3644 5068 nostrum.

2076 5113 2283 5172 cuiest
2316 5111 2491 5183 gloria
2527 5120 2582 5165 et
2624 5121 2865 5182 potestas
2915 5120 2972 5163 et
3019 5110 3310 5179 imperium
3353 5107 3409 5161 in
3452 5111 3648 5162 sunt:

2081 5204 2422 5262 smulonun.
2452 5203 2645 5258 Amen.

2675 5313 2951 5370 HOMILIA
2987 5313 3028 5368 ll

2079 5407 2158 5460 De
2211 5411 2389 5465 eodem
2438 5409 2658 5473 psalmo,
2699 5410 2764 5461 ab
2815 5408 2907 5460 illa
2938 5416 3081 5475 parte
3108 5421 3129 5458 :
3158 5423 3175 5455 ι
3202 5402 3562 5457 Verumtame-
3589 5401 3644 5451 il

2445 5481 2672 5547 imagine
2719 5481 3004 5546 pertransit
3052 5476 3227 5529 horno.
3273 5492 3291 5527 ι

2145 5569 2463 5640 Quanquam
2533 5570 2590 5622 in
2660 5570 2886 5641 imagine
2941 5568 3169 5624 ambulet
3231 5567 3404 5623 homo.
3465 5563 3644 5630 tota.

2219 5749 2263 5781 ⁸⁸
2302 5748 2478 5805 Ecclc.
2520 5764 2590 5813 tv,
2632 5748 2687 5802 2.
