3808 6520
64 330 172 388 MOI

676 324 987 382 SELEC'I‘A
1017 324 1085 381 IN
1113 323 1451 382 PSALMOS.
1494 354 1565 364 —
1602 322 1835 379 IIOMIL.
1872 324 1893 378 I
1924 325 1990 379 IN
2021 324 2216 381 PSAL.
2254 323 2539 384 XXXVIII.

3141 316 3160 367 I
3174 318 3275 372 402

62 444 335 504 necessario
375 441 603 523 alicujus
642 452 728 498 est
754 443 951 514 imago.
1012 441 1149 499 Nam
1205 452 1260 500 et
1308 442 1590 513 Scriptura
1616 448 1665 505 Α
1699 451 1899 510 torum,
1931 456 2091 512 quam
2118 445 2183 499 ad
2220 443 2449 500 nihilum
2482 445 2692 517 rediget
2743 445 2885 501 Deus
2944 445 2996 501 in
3047 447 3271 503 civitate

58 547 213 597 sancta
237 552 353 592 cum
386 537 680 608 imaginem
730 538 999 604 nominat,
1050 536 1322 593 interdum
1372 537 1588 607 quidem

58 632 217 689 deﬁnit
254 642 304 686 et
348 630 479 685 dicit
510 630 677 701 696
731 630 886 698 cujus
941 631 1013 686 sit
1063 631 1263 702 imago,
1320 631 1589 686 interdum

56 734 211 779 autem
266 723 469 792 absque
521 722 627 775 ulla
687 721 1009 777 deﬁnitione
1064 723 1217 793 ponit
1275 713 1589 795 imaginem.

58 818 263 888 Denique
290 818 353 872 de
383 816 670 872 Salvatore
700 832 828 872 cum
860 818 992 874 dicit
1028 818 1119 889 qui
1146 826 1223 873 est
1262 818 1458 889 imago,
1485 834 1591 873 non

54 909 184 965 siluit
210 908 357 977 cujus
377 908 558 978 imago
587 915 753 973 esset,
792 909 887 965 sed
922 908 1131 964 addidit
1157 908 1343 965 dicens
1369 909 1415 941 “
1446 927 1459 963 :
1488 908 1594 974 Qui

50 1010 117 1054 est
146 999 303 1064 imago
337 997 430 1052 Dei
475 997 758 1053 invisibilis
782 998 1159 1069 primogenitus
1186 998 1355 1052 omnis
1386 1009 1596 1052 creatu-

48 1107 130 1146 ηε.
166 1090 222 1143 Et
250 1106 458 1144 rursum
495 1105 621 1145 cum
651 1090 808 1145 docet
839 1105 937 1145 nos
967 1091 1033 1146 de
1080 1090 1313 1147 diversis
1339 1090 1597 1160 imagini-

47 1182 156 1247 bus,
185 1182 375 1251 etquia
422 1181 619 1252 singuli
647 1179 851 1251 quique
876 1182 1115 1252 aliquam
1146 1181 1438 1249 imaginem
1466 1196 1595 1251 por-

45 1282 167 1339 teut,
203 1274 328 1328 dicit
354 1275 399 1305 '°
432 1291 447 1329 :
484 1264 633 1329 Sicut
674 1275 995 1345 portavimus
1058 1274 1338 1343 imaginem
1379 1275 1574 1329 terreni

42 1370 108 1419 ita
155 1376 410 1434 portemus
453 1366 734 1437 imaginem
789 1364 1033 1421 cwlestis.
1073 1366 1208 1422 Cum
1268 1364 1596 1435 adjectione,

42 1457 117 1511 vel
143 1458 353 1523 terreni,
386 1458 468 1513 vel
503 1458 743 1513 caelestis
778 1458 1067 1528 imaginem
1108 1460 1428 1517 nominavit.
1457 1458 1597 1514 Alibi

40 1560 207 1603 autem
256 1550 460 1619 absque
489 1551 596 1604 ulla
643 1550 965 1607 deﬁnitione
1014 1551 1166 1617 dicit,
1217 1551 1357 1607 sicut
1397 1560 1453 1607 et
1498 1551 1601 1605 hoc

38 1643 150 1697 loco
170 1642 278 1697 ait:
306 1642 619 1713 Quanquam
656 1646 711 1700 in
746 1646 978 1715 imagine
1004 1644 1236 1698 ambulet
1276 1646 1452 1699 homo.
1492 1642 1599 1699 Sed

34 1738 85 1788 in
114 1732 342 1804 imagine
370 1734 568 1803 cujus?
595 1736 706 1802 Dei,
737 1751 803 1790 an
836 1737 1075 1808 imagine
1100 1736 1326 1803 terreni,
1360 1751 1428 1791 an
1462 1737 1598 1791 ima-

31 1827 152 1897 gine
173 1825 451 1881 cmlestis?
480 1826 765 1895 Quomodo
785 1830 959 1885 sciam
985 1830 1039 1884 in
1068 1829 1169 1886 hoc
1194 1830 1321 1899 quid
1346 1838 1428 1884 est
1453 1830 1593 1898 quod
1629 1809 1671 1864 Β

31 1920 223 1970 docere
246 1931 340 1972 nos
367 1919 479 1973 vult
516 1919 799 1991 Scriptura
831 1921 1040 1989 divina,
1087 1938 1208 1993 quae
1251 1923 1455 1993 absque
1486 1921 1593 1977 ulla

30 2006 323 2075 adjectione
352 2010 425 2064 ait
458 2025 473 2063 :
500 2009 814 2083 Quanquam
842 2015 896 2069 in
926 2015 1154 2086 imagine
1182 2014 1391 2085 (nescio
1416 2015 1591 2086 cujus)

24 2098 253 2153 ambulet
287 2100 485 2155 homo?
516 2100 583 2155 Et
606 2102 650 2157 si
678 2103 896 2171 quidem
925 2104 1178 2174 dejustis
1209 2104 1340 2161 solis
1364 2104 1592 2171 diceret,

24 2189 143 2241 sine
164 2189 327 2245 dubio
354 2191 600 2257 dixisset,
626 2192 947 2265 Quanquam
980 2196 1033 2248 iu
1078 2198 1313 2268 imagine
1355 2197 1596 2254 caelestis

20 2279 265 2335 ambulet
287 2281 468 2339 homo.
500 2284 608 2338 A‘ut
637 2285 680 2339 si
703 2285 770 2340 de
795 2288 1178 2355 peccatoribus
1210 2297 1420 2343 tantum
1448 2289 1599 2345 dice-

21 2378 124 2435 ret,
194 2371 422 2428 dixisset
479 2383 649 2439 certe,
704 2380 763 2431 In
830 2378 1068 2449 imagine
1112 2380 1312 2435 terreni
1358 2381 1599 2436 ambulet

15 2462 207 2516 homo.
265 2464 465 2519 Verum
513 2466 767 2535 quoniam
827 2471 1155 2539 generaliter
1211 2472 1282 2525 de
1328 2474 1600 2529 universis

15 2553 351 2627 mortalibus
402 2557 807 2625 pronuntiatur,
858 2576 1087 2629 quorum
1152 2564 1243 2617 alii
1308 2565 1598 2634 imaginem

13 2647 265 2703 caelestis
302 2658 539 2717 portant,
572 2652 886 2721 quicunque
924 2655 1220 2710 secundum
1276 2655 1448 2728 legem
1502 2659 1597 2714 Dei

13 2738 236 2807 vivunt,
263 2740 354 2794 alii
384 2746 585 2797 terreni
632 2744 921 2815 imaginem
951 2756 1192 2816 portant,
1233 2750 1323 2818 qui
1360 2752 1597 2806 carnali-

13 2836 95 2883 ter
127 2829 360 2889 vivunt:
390 2842 677 2901 propterea
708 2836 1017 2889 necessario
1050 2837 1268 2891 reticuit
1309 2839 1598 2908 specialem

13 2923 283 2993 imaginis
333 2923 787 2995 designationem,
834 2938 890 2981 et
937 2930 1247 2998 generalem
1278 2932 1598 2987 sententiam

13 3015 75 3069 de
100 3014 374 3069 omnibus
401 3015 712 3073 hominibus
759 3019 1010 3087 protulit,
1062 3022 1185 3090 quia
1232 3024 1412 3077 omnis
1438 3024 1602 3078 homo

13 3105 59 3158 in
112 3105 367 3176 imagine
417 3108 676 3162 ambulet.
732 3109 904 3163 Tuum
951 3121 1034 3165 est
1070 3112 1179 3179 jam
1230 3114 1499 3170 discutere
1548 3127 1601 3170 et

13 3198 321 3267 exquirere
364 3215 429 3255 ex
479 3200 905 3271 uniuscujusque
950 3205 1058 3260 ﬁde
1112 3216 1169 3260 ct
1194 3208 1490 3276 operibus,
1549 3222 1604 3266 et

15 3290 451 3345 :onversatione
484 3302 538 3347 ct
569 3295 783 3349 actibus
805 3335 820 3359 ,
847 3310 915 3349 ex
948 3296 1374 3366 cogitationibus
1400 3314 1457 3356 et
1487 3318 1605 3357 ver-

16 3384 107 3446 )IS,
145 3393 208 3438 ct
250 3384 615 3440 considerare
646 3398 825 3441 utrmn
864 3388 916 3441 in
949 3388 1186 3456 imagine
1220 3390 1463 3446 cmlestis
1493 3407 1611 3449 am—

15 3476 174 3545 »ulet,
213 3492 300 3530 an
333 3477 385 3530 in
415 3477 649 3549 imagine
684 3481 906 3534 terreni.
949 3479 1005 3535 Si
1039 3483 1349 3537 misericors
1383 3498 1443 3538 es
1469 3484 1611 3539 sicut

16 3570 168 3624 Mter
201 3579 345 3624 tuus
375 3569 622 3625 caelestis
645 3570 959 3627 misericors
982 3581 1087 3637 est,
1124 3576 1242 3627 sine
1274 3576 1439 3629 dubio
1472 3576 1524 3629 in
1558 3586 1611 3629 te

17 3663 184 3717 ’atris
216 3662 478 3717 caelestis
502 3662 681 3734 imago
711 3672 813 3718 est.
840 3664 896 3718 Si
926 3680 1033 3720 non
1071 3663 1248 3721 solum
1282 3666 1476 3722 amicis
1503 3668 1612 3722 tuis

17 3754 321 3821 tenel'acis,
355 3756 449 3809 sed
488 3755 653 3810 etiam
686 3755 923 3811 inimicis
968 3756 1151 3813 reddis
1182 3760 1323 3813 b0ua
1357 3774 1455 3828 pro
1490 3775 1611 3812 tua-

18 3850 79 3914 is,
116 3849 284 3903 sicut
319 3845 485 3901 Pater
511 3847 748 3903 caelestis
777 3847 936 3901 solem
964 3864 1117 3901 suum
1144 3849 1274 3903 oriri
1299 3848 1426 3918 facit
1456 3866 1614 3919 super

24 3955 167 3993 onos
209 3948 268 3993 et
318 3938 493 3992 malos
518 3977 533 4003 ,
571 3946 617 3991 et
663 3936 795 4005 pluit
824 3953 979 4005 super
1000 3940 1177 4006 justas
1206 3946 1253 3991 et
1283 3938 1510 4006 injustas
1542 3938 1611 4001 ⁸¹,

26 4049 189 4103 uago
227 4033 294 4087 in
336 4042 392 4086 te
420 4031 658 4087 caelestis
686 4039 787 4085 est.
832 4029 900 4085 Et
943 4030 992 4083 si
1042 4032 1095 4084 iu
1134 4031 1389 4085 omnibus
1431 4030 1611 4100 perle-

20 4139 115 4183 tus
186 4143 283 4193 es,
354 4125 499 4180 sicut
547 4123 707 4179 Pater
750 4133 872 4179 tuus
924 4124 1168 4179 caelestis
1199 4124 1472 4193 perlectus
1509 4134 1611 4186 est,

22 4237 184 4292 uago
222 4220 291 4274 in
328 4229 385 4274 te
412 4217 652 4274 etelestis
694 4225 798 4272 est.
850 4216 919 4271 Et
948 4231 1162 4272 rursum
1195 4216 1241 4271 si
1270 4231 1460 4271 nones
1494 4216 1613 4270 imi-

21 4324 138 4368 utor
178 4312 414 4369 Christi
436 4326 539 4366 nec
575 4310 802 4377 apostoli
854 4308 1029 4373 Pauli,
1059 4307 1152 4378 qui
1184 4308 1319 4363 dicit
1344 4309 1390 4341 "
1422 4325 1438 4364 :
1477 4307 1613 4361 Imi-

21 4421 201 4463 ztorss
230 4406 354 4461 mei
377 4414 563 4471 estote,
596 4406 731 4459 sicut
759 4420 853 4474 ego
883 4404 1103 4469 Christi,
1139 4403 1235 4457 sed
1274 4402 1519 4456 imitator
1556 4418 1617 4457 es

1692 550 1823 599 sua;
1858 537 1911 591 id
1946 547 2049 604 est,
2086 538 2130 591 si
2161 526 2284 608 quis
2304 539 2501 594 exierit
2529 540 2597 594 de
2631 539 2733 594 hoc
2770 538 2990 605 mundo,
3013 548 3069 594 et
3088 539 3271 593 tulerit

1693 642 1878 683 secum
1915 628 2204 699 imaginem
2238 630 2458 697 terreni,
2488 639 2709 701 propter
2730 629 3101 699 hujuscemodi
3138 632 3274 685 ima-

1693 722 1876 792 ginem
1914 722 1966 777 in
2001 721 2224 777 civitate
2256 722 2344 777 illa
2363 722 2459 779 Dei
2484 724 2551 779 ad
2588 723 2814 779 nihilum
2848 724 3141 794 redigetur,
3175 738 3275 779 nec

1695 820 2061 883 consequetur
2084 823 2297 884 partem
2329 814 2471 870 inter
2499 815 2646 871 cives
2680 815 2920 871 caelestis
2956 815 3101 870 illius
3135 816 3274 870 civi-

1696 907 1847 973 tatis,
1875 905 1967 975 qui
1999 906 2240 961 ctelestis
2263 901 2521 976 imaginis
2569 922 2675 962 non
2724 916 2971 977 reportat
3019 908 3273 978 insignia.

1764 996 1823 1053 2.
1867 996 1977 1054 Sed
2004 1006 2059 1053 et
2089 996 2235 1052 aliud
2261 1005 2669 1053 sacramentum
2709 998 2841 1052 mihi
2870 998 3085 1053 videtur
3108 999 3278 1052 conti-

1697 1102 1831 1143 nere
1880 1088 1982 1144 iste
2033 1087 2356 1153 versiculus,
2411 1089 2556 1158 quod
2614 1087 2775 1157 hujus
2815 1089 3033 1158 quidem
3086 1087 3275 1142 mundi

1696 1182 1808 1235 vita
1838 1190 1893 1234 et
1912 1181 2257 1236 conversatio
2283 1178 2605 1251 imaginaria
2629 1179 2874 1250 quadam
2902 1182 2974 1235 sit
2996 1190 3050 1235 et
3076 1180 3276 1249 imago.

1698 1274 1881 1330 futura
1906 1284 2089 1331 autem
2117 1289 2224 1330 non
2256 1274 2325 1328 sit
2365 1273 2713 1344 imaginaria,
2764 1274 2858 1329 sed
2889 1289 3046 1339 vera;
3090 1284 3144 1328 et
3177 1273 3280 1327 hoc

1699 1376 1782 1424 est
1805 1367 1949 1436 quod
1979 1366 2200 1432 dicitur,
2232 1368 2360 1437 quia
2387 1368 2677 1439 imaginem
2708 1366 2870 1422 habet
2906 1367 3279 1435 unusquisque

1698 1459 1941 1527 virtutis,
1970 1472 2079 1514 non
2115 1468 2293 1514 tamen
2330 1460 2552 1531 preprie
2577 1467 2632 1515 et
2663 1458 2876 1514 sincere
2908 1458 3041 1511 vivit
3078 1458 3133 1511 in
3164 1458 3280 1527 ipsa

1700 1551 1929 1606 virtute.
1984 1548 2116 1604 Tale
2172 1560 2350 1604 autem
2384 1550 2528 1620 quod
2572 1550 2851 1605 dicimus:
2888 1548 3165 1618 Sapientia
3221 1557 3279 1601 et

1700 1644 1926 1700 scientia
1952 1657 2076 1714 pars
2102 1651 2187 1699 est
2219 1658 2418 1715 magna
2454 1645 2757 1709 virtutum;
2807 1643 2902 1698 sed
2941 1642 2996 1695 in
3025 1640 3281 1710 prmsmtli

1700 1739 1816 1792 vlta
1844 1738 1889 1793 si
1926 1736 2051 1806 quis
2082 1743 2238 1806 putat
2264 1748 2326 1792 se
2354 1737 2711 1806 cognovisse,
2750 1736 2987 1791 nondum
3029 1733 3284 1805 cognovit

1695 1830 1837 1887 sicut
1862 1838 2077 1900 oportet
2116 1829 2257 1886 scire
2282 1869 2299 1897 ,
2347 1833 2438 1901 qui
2488 1829 2632 1885 enim
2671 1828 2971 1898 cognoscit,
3015 1828 3070 1881 in
3109 1826 3280 1895 a‘ttig-

1698 1934 1841 1979 mate
1866 1922 2166 1993 cognoscit.
2216 1922 2357 1992 Ergo
2393 1922 2447 1977 in
2477 1921 2718 1992 imagine
2741 1923 2987 1977 scientiae
3028 1918 3279 1974 ambula»

1697 2032 1819 2070 mus
1853 2024 1908 2071 et
1946 2030 2052 2070 non
2101 2015 2153 2069 in
2211 2015 2326 2085 ipsa
2357 2014 2626 2078 scicntia,
2674 2028 2772 2083 per
2814 2027 2975 2082 quam
3028 2010 3167 2064 facie
3212 2009 3282 2064 ad

1697 2105 1893 2162 faciem
1941 2107 2320 2175 cognoscitur.
2382 2106 2457 2160 Ita
2521 2105 2874 2161 nihilominus
2940 2112 2995 2157 et
3058 2102 3111 2155 in
3168 2102 3283 2168 ipsa

1696 2197 1977 2269 sapientia:
2003 2197 2279 2268 imagine,
2322 2204 2379 2251 et
2425 2196 2667 2252 nondum
2728 2195 2781 2250 in
2844 2195 2959 2264 ipsa
3018 2193 3283 2262 sapientia

1699 2290 2061 2353 ambulamus,
2117 2292 2245 2360 quia
2295 2289 2537 2346 nondum
2582 2287 2822 2344 revelata
2863 2286 3004 2341 facie
3058 2284 3281 2355 gloriam

1700 2383 1915 2439 Domini
1967 2382 2339 2454 speculamur.
2384 2382 2586 2438 Eadem
2635 2381 2812 2436 audeo
2839 2378 3139 2449 dejustitia
3189 2376 3285 2431 Dei

1700 2479 1905 2541 dicere,
1960 2476 2102 2546 quod
2150 2476 2202 2530 in
2258 2474 2495 2545 imagine
2539 2473 2763 2543 iustitiae
2818 2470 3179 2534 ambulamus,
3232 2476 3289 2522 et

1705 2571 1941 2624 nondum
1980 2570 2033 2623 in
2068 2568 2154 2622 illa
2187 2566 2408 2636 justitia
2462 2580 2585 2637 quae
2632 2574 2719 2620 est
2770 2562 2911 2618 faeie
2970 2563 3037 2616 ad
3091 2562 3287 2616 faciem

1702 2662 2023 2717 incedimus.
2074 2660 2259 2730 Neque
2310 2660 2455 2714 enim
2525 2672 2724 2728 capere
2780 2657 2982 2728 poterit
3044 2658 3285 2710 humana

1704 2762 1902 2806 natura
1931 2752 2161 2821 pellibus
2185 2761 2240 2805 et
2273 2764 2440 2804 carne
2468 2749 2668 2804 vestita
2689 2788 2705 2815 ,
2748 2748 2963 2803 ossibus
3002 2756 3058 2802 et
3108 2746 3290 2801 nervis

1705 2847 1930 2908 inserta,
1960 2847 2156 2899 nudam
2200 2844 2372 2912 ipsam
2399 2841 2632 2912 iustitia:
2674 2841 3057 2909 sinceramque
3088 2838 3289 2894 verita-

1707 2948 1810 2993 tem
1845 2938 1986 2992 l‘erre
2017 2945 2071 2991 et
2095 2937 2332 2991 tolerare
2365 2936 2666 2989 secundum
2696 2943 2906 2988 naturae
2949 2947 3063 2986 sua:
3092 2940 3288 3001 poten-

1705 3032 1833 3083 tiam
1898 3045 1961 3085 ac
2020 3030 2296 3082 virtutem.
2358 3026 2414 3081 Si
2454 3026 2673 3094 quidem
2738 3026 2854 3096 ipse
2908 3024 3155 3079 Christus
3206 3031 3292 3077 est

1709 3130 1897 3174 natura
1943 3121 2205 3173 virtutum
2242 3136 2255 3171 :
2289 3117 2406 3185 ipse
2437 3116 2580 3169 enim
2604 3095 2817 3182 iustitia
2840 3154 2856 3179 ,
2905 3130 3025 3184 qua:
3051 3116 3290 3168 humano

1706 3214 1895 3285 generi
1926 3229 2030 3267 non
2061 3213 2114 3266 in
2140 3208 2530 3280 plenitudinem
2562 3207 2867 3277 splendoris
2895 3208 3136 3270 advenit,
3161 3208 3288 3276 quia

1706 3306 1863 3362 .lesus
1909 3305 2161 3359 Christus
2196 3303 2435 3371 seipsutn
2491 3300 2793 3354 exinanivit
2829 3297 3003 3353 forma
3058 3300 3189 3362 Dei,
3230 3306 3292 3351 ut

1708 3398 1935 3454 formam
1967 3396 2111 3453 servi
2138 3396 2432 3463 acciperet.
2484 3391 2549 3445 Et
2590 3391 2635 3445 si
2666 3390 2884 3459 quidem
2930 3390 2996 3444 de
3040 3390 3171 3443 solis
3197 3388 3293 3442 Ju—

1710 3490 1839 3544 daeis
1863 3503 2044 3543 sermo
2072 3487 2368 3556 Scriptura:
2399 3486 2744 3556 loqueretur,
2777 3483 3003 3538 dixisset
3030 3481 3289 3546 forsitan,

1710 3582 2102 3651 Quanquamin
2136 3581 2326 3635 umbra
2374 3579 2616 3633 ambulet
2672 3578 2834 3632 homo
2870 3594 2883 3630 ε
2915 3576 3008 3631 sed
3050 3575 3200 3644 quia,
3236 3582 3295 3626 ut

1712 3673 1971 3738 arbitror,
2012 3674 2077 3726 de
2129 3669 2450 3725 melioribus
2500 3684 2681 3724 sermo
2716 3668 2775 3721 ﬁt
2813 3680 2977 3737 quam
3014 3673 3170 3720 erant
3218 3663 3293 3718 illi

1712 3764 1802 3833 qui
1846 3764 2146 3819 secundum
2199 3763 2449 3815 umbram
2503 3760 2637 3831 legis
2670 3760 2958 3827 vivebant,
3008 3767 3293 3827 propterea

1714 3856 1974 3925 scriptum
2003 3862 2111 3916 est,
2145 3852 2463 3923 Quanquam
2491 3852 2546 3905 in
2578 3851 2805 3920 imagine
2840 3849 3067 3902 ambulet
3116 3848 3292 3900 homo.

1716 3946 1869 4013 Quod
1905 3945 2106 3999 clarius
2153 3945 2219 3996 ad
2254 3943 2585 3997 intellectum
2627 3944 2809 3997 veniet
2853 3957 2919 3995 ex
2947 3939 3295 3996 sermonibus

1716 4037 1942 4108 apostoli
1970 4036 2146 4100 Pauli,
2172 4039 2264 4105 qui
2293 4046 2403 4090 tres
2428 4037 2694 4104 quasdam
2715 4034 2921 4103 species
2947 4030 3295 4101 preprietatis

1716 4128 1966 4197 designat
2010 4127 2064 4180 in
2114 4126 2227 4195 lege
2250 4165 2266 4191 ,
2326 4125 2572 4179 umbraut
2609 4126 2796 4178 dicens
2827 4132 2883 4178 et
2920 4122 3209 4191 imaginem
3243 4127 3297 4175 et

1716 4220 2027 4282 veritatem,
2063 4216 2139 4269 ait
2166 4230 2400 4283 namque
2430 4213 2477 4245 “
2513 4232 2526 4268 :
2558 4213 2811 4267 Umbram
2830 4214 2967 4267 enim
2995 4210 3189 4263 habens
3213 4211 3298 4261 lea:

1719 4311 1971 4363 bonorum
2014 4306 2344 4374 futurorum,
2398 4319 2503 4358 non
2551 4305 2719 4373 ipsum
2768 4303 3050 4372 imaginem
3098 4314 3297 4362 rerum,

1717 4418 1808 4472 per
1826 4399 2062 4470 singulos
2101 4413 2267 4451 annos
2294 4396 2480 4450 iisdem
2522 4396 2649 4465 ipsis
2684 4396 2867 4448 hostiis
2905 4408 3035 4460 quas
3070 4390 3299 4459 offerunt

24 4516 237 4569 aerum
288 4496 507 4554 diaboli
557 4496 649 4566 qui
693 4495 961 4551 homicida
994 4494 1094 4547 fuit
1135 4495 1203 4549 ab
1252 4495 1407 4548 initio
1440 4512 1453 4548 :
1482 4503 1537 4549 et
1571 4493 1615 4547 si
1650 4505 1693 4560 ι)
1725 4493 2097 4556 indesinenter,
2122 4503 2393 4559 nunquam
2427 4496 2597 4554 potest
2633 4486 2935 4538 accedentes
2971 4485 3146 4551 facere
3183 4496 3301 4547 per-

29 4609 225 4650 rrena
288 4590 508 4660 sapias,
548 4599 601 4643 et
644 4596 861 4641 terrena
908 4587 1171 4655 loquaris,
1227 4594 1283 4639 et
1327 4586 1612 4639 thesaurus

34 4704 111 4743 us
150 4696 224 4743 et.
275 4698 389 4739 cor
439 4691 590 4737 tuum
627 4682 680 4735 in
727 4688 872 4734 terra
906 4679 996 4746 sit,
1064 4679 1263 4733 terreni
1324 4677 1613 4746 imaginem

23 4790 211 4835 irtas.
260 4778 484 4833 Verum
520 4773 652 4845 quia
682 4771 734 4826 in
784 4771 869 4825 bis
898 4771 1030 4827 locis
1065 4770 1270 4825 inventi
1306 4785 1529 4836 sumus,
1558 4769 1614 4823 in

25 4873 197 4927 tibus
258 4871 346 4925 de
405 4865 639 4937 imagine
670 4879 852 4920 sermo
878 4873 1181 4918 commotus
1208 4872 1289 4919 est
1320 4903 1334 4927 ,
1365 4877 1616 4917 necessa-

28 4983 118 5022 tm
158 4966 427 5021 videtur
456 4962 617 5016 etiam
662 4958 854 5029 psalmi
885 4955 1031 5010 illius
1063 4954 1389 5011 versiculum
1420 4954 1472 5009 in
1504 4969 1618 5009 me-

25 5075 130 5113 um
170 5057 548 5128 producere,
596 5054 652 5107 in
688 5066 799 5122 quo
846 5052 913 5107 de
949 5050 1327 5121 peccatoribus
1359 5049 1621 5118 scriptum

27 5163 42 5209 t
83 5154 145 5185 ⁸³
175 5166 197 5206 :
234 5149 516 5215 Domine,
545 5148 601 5201 in
617 5147 832 5201 civitate
853 5156 945 5199 tua
980 5145 1258 5214 imaginem
1282 5145 1518 5213 ipsorum
1554 5143 1621 5195 ad

27 5246 237 5299 hilum
268 5240 518 5310 redigas.
553 5238 776 5293 Constat
799 5252 929 5310 ergo
959 5237 1088 5309 quia
1112 5244 1462 5307 peccatorum
1490 5235 1624 5289 ima-

28 5352 176 5393 tem
222 5336 297 5390 in
341 5333 568 5390 civitate
619 5346 717 5386 sua
774 5330 917 5386 Deus
966 5332 1034 5386 ad
1084 5330 1319 5385 nihilum
1376 5327 1619 5398 redigit:

29 5441 293 5487 stomm
370 5436 553 5483 autem
613 5425 904 5497 imaginem
953 5426 1071 5481 sine
1130 5424 1293 5479 dubio
1346 5431 1527 5479 tuetur
1570 5429 1626 5477 et

29 5533 202 5580 rvat.
252 5520 417 5577 Haec
446 5528 529 5576 est
553 5533 685 5590 ergo
716 5521 896 5591 imago
925 5518 1165 5585 terreni,
1198 5518 1251 5574 id
1299 5526 1383 5573 est
1430 5529 1625 5587 pecca-

1721 4588 1905 4656 {ectos.
1924 4585 2066 4656 Ergo
2093 4584 2178 4638 lex
2206 4583 2454 4636 umbram
2478 4578 2643 4633 habet
2672 4576 2977 4630 futurorum
3009 4577 3298 4639 bonorum,

1723 4695 1829 4733 non
1861 4678 2033 4746 ipsum
2067 4674 2365 4744 imaginem
2412 4684 2616 4735 rerum,
2665 4667 2953 4723 ostendens
2986 4665 3105 4719 sine
3138 4665 3301 4718 dubio

1723 4770 1885 4825 aliam
1913 4783 2035 4824 esse
2064 4765 2359 4836 imaginem
2408 4776 2589 4816 rerum
2643 4775 2805 4829 quam
2853 4758 2996 4812 illam
3025 4771 3143 4820 qua:
3170 4753 3301 4825 legis

1724 4864 1916 4916 umbra
1947 4859 2289 4929 designatur.
2348 4854 2416 4908 Et
2473 4854 2517 4907 si
2581 4852 2705 4922 quis
2768 4857 2947 4921 potest
2995 4848 3303 4902 describere

1724 4952 2128 5010 observantiam
2164 4949 2312 5004 illam
2340 4946 2556 5003 Judaici
2587 4945 2792 5010 cultus,
2828 4943 3137 4999 consideret
3168 4951 3305 4995 tem-

1728 5049 1872 5118 plum
1903 5046 2034 5100 illud
2063 5059 2168 5097 non
2204 5041 2466 5096 habuisse
2497 5039 2788 5109 imaginem
2828 5050 3033 5101 rerum,
3059 5036 3150 5089 sed
3184 5049 3303 5085 um-

1728 5142 1880 5195 bram
1911 5156 1925 5193 :
1956 5139 2134 5192 videat
2173 5150 2391 5205 quoque
2422 5133 2598 5187 altare
2633 5130 2880 5184 umbram
2920 5143 3040 5183 esse
3066 5168 3082 5194 ,
3125 5127 3304 5179 videat

1726 5244 1780 5287 et
1822 5233 2002 5287 hircos
2054 5240 2109 5285 et
2147 5229 2351 5283 vitulos
2389 5227 2481 5297 qui
2511 5225 2855 5279 adducuntur
2905 5222 2970 5274 ad
3030 5218 3303 5272 victimam

1731 5327 1978 5382 umbram
2041 5338 2163 5379 esse
2219 5324 2307 5377 illa
2365 5320 2569 5383 omnia,
2627 5315 2923 5372 secundum
2986 5312 3115 5366 illud
3161 5310 3309 5379 quod

1730 5419 1994 5488 scriptum
2027 5423 2111 5472 est
2136 5415 2184 5447 ⁸⁵
2217 5429 2231 5466 :
2262 5412 2464 5468 Umbra
2510 5411 2657 5466 enim
2688 5417 2764 5463 est
2800 5407 2905 5461 vita
2943 5415 3124 5457 nostra
3154 5416 3311 5469 super

1730 5525 1947 5569 terram.
1986 5510 2045 5567 Si
2084 5511 2209 5581 quis
2243 5524 2372 5565 vero
2397 5507 2631 5563 transire
2655 5502 2893 5573 potuerit
2938 5498 3008 5553 ab
3042 5497 3143 5563 hac
3186 5509 3309 5549 um-

31 5738 77 5769 ιο
128 5730 494 5809 ϐορρξελι,
528 5725 615 5809 I5.
691 5725 736 5757 '°
768 5723 941 5809 lgor.
983 5737 1075 5793 xv,
1117 5722 1218 5809 49._
1281 5722 1325 5755 ⁵¹
1364 5719 1556 5777 Matth.

1715 5722 1783 5781 l5.
1863 5720 1909 5755 "
1943 5720 1963 5775 l
2001 5719 2127 5778 Cor.
2173 5732 2249 5784 XI,
2286 5716 2339 5773 I.
2416 5713 2461 5747 ⁸³
2498 5710 2642 5766 Psal.
2678 5721 2849 5774 usu,
2886 5704 2977 5761 20.
3059 5691 3106 5725 “
3141 5695 3308 5755 IIebr.

57 5810 126 5863 ι,
235 5800 300 5833 ⁵⁸
340 5798 366 5851 ι
406 5796 575 5851 l‘aral.
614 5811 761 5864 xxix,
806 5796 888 5850 I5.
