3808 6492
533 365 556 420 ε
577 365 671 421 ίθό

1919 354 2004 408 EX
2043 351 2343 410 ORIGENE
3642 360 3710 417 ll":

532 483 653 550 bra,
681 481 860 538 veniat
909 480 974 534 ad
1023 477 1312 548 imaginem
1366 493 1544 533 rerum
1591 487 1646 533 et
1695 475 1875 532 videat
1909 477 2186 535 adven-A
2217 474 2365 544 ipsos
2410 472 2643 543 probare
2699 474 2750 530 iu
2805 474 2895 528 illo
2947 490 3115 545 opere
3171 485 3229 530 et
3281 473 3338 528 in
3403 471 3501 526 illo
3551 487 3713 546 sane...

537 587 648 629 ttnn
699 573 862 644 697
908 572 1107 627 Christi
1156 573 1208 626 itt
1248 586 1413 626 carne
1457 571 1698 636 factum,
1745 573 1927 626 videat
1987 586 2109 627 eum

534 667 865 736 pontificem,
885 663 1084 718 oll'eren
1097 674 1200 718 tem
1219 665 1437 734 quidem
1459 673 1514 719 et
1545 680 1687 719 nunc
1713 663 1858 720 Patri
1883 666 2112 731 hostias,

534 766 590 810 et
617 755 962 826 postmodum
996 754 1302 810 oblaturum
1335 770 1348 808 :
1386 765 1441 808 et
1487 754 1752 825 intelligat
1791 755 1905 810 bmc
1931 756 2112 810 omnia

535 847 798 916 imagines
847 862 967 901 esse
1010 846 1334 916 spiritalium
1380 862 1598 908 rerum,
1636 856 1690 900 et
1739 846 2115 914 corporalibus

534 938 726 993 oﬂiciis
744 937 984 993 caelestia
1001 938 1268 1005 designari
1283 975 1292 988 .
1307 936 1486 1008 imago
1502 952 1629 1007 ergo
1649 937 1843 990 dicitur
1858 930 1958 991 hoc
1975 939 2115 1007 quod

535 1031 792 1101 recipitur
809 1031 873 1086 ad
899 1047 1153 1101 praesens,
1171 1040 1224 1086 et
1246 1031 1440 1085 intueri
1459 1041 1637 1100 potest
1657 1032 1887 1085 hmnana
1903 1039 2111 1085 natura.

539 1122 594 1176 Si
629 1133 781 1193 potes
813 1133 992 1177 mente
1024 1133 1076 1177 et
1104 1123 1286 1177 animo
1309 1132 1599 1190 penetrare
1635 1122 1824 1188 caelos,
1863 1132 1920 1178 et
1964 1123 2116 1192 sequi

537 1210 719 1266 Jesum
755 1213 846 1282 qui
882 1212 1183 1282 penetravit
1209 1211 1398 1279 cmlos,
1433 1221 1486 1267 et
1511 1212 1720 1266 assistit
1755 1227 1898 1267 nunc
1946 1212 2116 1266 vultui

540 1303 633 1357 Dei
659 1319 756 1374 pro
773 1306 946 1367 nobis,
966 1305 1036 1359 ibi
1065 1307 1306 1360 invenies
1326 1305 1413 1359 illa
1443 1306 1580 1360 bona
1609 1321 1843 1375 quorum
1869 1308 2116 1361 umbram

538 1397 725 1451 habuit
756 1397 862 1463 lex,
884 1410 937 1452 et
970 1398 1259 1468 imaginem
1292 1397 1541 1452 Christus
1569 1400 1805 1453 ostendit
1841 1398 1892 1452 in
1927 1414 2116 1464 carne,

537 1502 657 1555 qua!
687 1499 991 1558 praeparata
1034 1498 1165 1542 sunt
1206 1489 1401 1554 beatis,
1439 1505 1559 1558 qua:
1598 1505 1695 1545 nec
1726 1491 1922 1546 oculus
1967 1492 2116 1556 vidit,

539 1595 638 1634 nec
683 1581 834 1635 auris
879 1581 1119 1644 audivit,
1165 1595 1266 1634 nec
1311 1580 1363 1634 in
1415 1596 1513 1636 cor
1556 1582 1795 1639 hominis
1847 1585 2117 1638 ascendit.

539 1673 672 1740 Quae
703 1690 826 1729 cum
853 1675 1056 1730 videris
1085 1675 1355 1744 intelliges
1385 1675 1512 1746 quia
1544 1677 1634 1746 qui
1673 1677 1727 1732 in
1769 1678 1899 1748 ipsis
1926 1678 2118 1732 ambu-

541 1766 638 1832 lat,
667 1775 723 1821 et
758 1768 809 1820 in
845 1767 1059 1821 illorum
1095 1768 1368 1824 desiderio
1403 1779 1459 1825 et
1495 1770 1793 1840 cupiditate
1824 1770 2116 1840 perdurat,

541 1858 647 1913 iste
675 1859 861 1912 nonin
896 1860 1151 1930 imagine,
1184 1860 1276 1915 sed
1327 1861 1380 1915 in
1416 1862 1528 1931 ipsa
1561 1862 1672 1930 jam
1705 1863 1946 1917 ambulat
1973 1865 2117 1917 vet-i-

542 1958 674 2005 tate.
709 1948 1086 2006 Verumtamen
1126 1953 1180 2005 in
1223 1954 1451 2024 imagine
1477 1954 1710 2009 ambulat
1739 1957 1914 2013 homo.
1941 1956 2117 2026 Repe-

544 2053 721 2099 tamus
747 2057 878 2114 ergo
913 2060 1222 2102 sermonem
1255 2048 1405 2102 illum
1436 2065 1596 2118 quem
1635 2051 1774 2104 dixit
1797 2051 2119 2120 Apostolus,

541 2135 594 2189 in
625 2151 732 2205 quo
760 2139 1046 2205 generales
1081 2145 1218 2195 duas
1276 2142 1541 2212 imagines
1579 2142 1912 2213 designavit,
1957 2160 2120 2200 unam

539 2229 759 2297 quidem
793 2239 1088 2296 terrenam,
1127 2235 1288 2290 aliam
1326 2249 1456 2288 vero
1481 2234 1785 2300 cu-lestem,
1815 2245 1869 2290 et
1898 2251 2120 2308 campa-

539 2338 722 2378 remus
747 2325 814 2379 ad
851 2326 973 2391 hoc,
994 2325 1311 2399 Quanquam
1334 2329 1387 2382 in
1417 2329 1646 2396 imagine
1671 2326 1906 2382 ambulat
1929 2328 2119 2392 homo;

536 2425 590 2470 et
643 2416 749 2472 hoc
804 2419 948 2486 quod
1007 2420 1340 2490 generaliter
1393 2421 1598 2474 dictum
1633 2431 1750 2482 est,
1809 2420 1863 2473 in
1923 2419 2121 2474 nmltas

538 2509 750 2578 species
773 2511 1096 2574 dividamus.
1131 2520 1190 2566 ut
1220 2528 1342 2566 cum
1375 2511 1638 2566 dividitur
1667 2525 1848 2566 sermo
1885 2525 1981 2580 per
2005 2509 2123 2565 sin~

535 2602 658 2672 gula
717 2612 882 2671 atque
934 2603 1259 2670 discutitur,
1299 2605 1564 2660 clarescat
1600 2604 1746 2673 quod
1796 2603 2124 2657 intrinsecus

539 2693 691 2750 latet.
722 2695 835 2750 Hoc
871 2709 951 2750 est
973 2707 1154 2752 autem
1193 2699 1337 2767 quod
1361 2697 1594 2752 dicimus
1627 2696 1855 2752 :Omnis
1883 2703 2124 2765 potestas

539 2785 782 2850 inimica,
819 2797 874 2840 et
899 2802 1236 2856 unaquaeque
1271 2788 1442 2841 virtus
1480 2787 1662 2842 divina
1703 2803 1826 2856 qua:
1860 2786 2122 2840 auxilium

536 2887 762 2947 praestat
796 2879 882 2934 his
903 2881 994 2949 qui
1029 2881 1260 2935 salutem
1295 2881 1554 2950 consequi
1587 2881 1815 2949 cupiunt
1843 2894 1858 2934 :
1897 2878 2124 2948 singula:

539 2972 731 3025 harum
751 2972 1014 3042 imagines
1033 2974 1294 3042 quasdam
1315 2974 1628 3041 exprimunt
1653 2973 1702 3026 in
1730 2970 1906 3024 anima
1934 2986 2122 3026 eorum

538 3065 630 3131 qui
667 3079 726 3118 se
758 3067 825 3119 ad
859 3065 1264 3133 receptaculum
1305 3081 1492 3118 earum
1527 3065 1763 3119 diversis
1810 3064 2004 3120 studiis
2031 3080 2126 3119 ex-

540 3157 747 3212 hibent.
774 3155 936 3211 Verbi
968 3158 1166 3227 gratia,
1199 3159 1341 3211 sicut
1375 3159 1624 3226 superius
1647 3157 1907 3224 diximus,
1931 3175 2124 3215 omnes
2153 3173 2194 3229 ο

536 3251 755 3318 quidem
805 3250 1082 3314 homines,
1125 3260 1217 3302 aut
1265 3250 1526 3310 caelestis.
1562 3260 1655 3303 attt
1690 3252 1889 3305 terreni
1926 3251 2118 3321 imagi-

540 3360 663 3396 nem
688 3355 993 3412 portamus,
1027 3346 1120 3398 scd
1149 3353 1206 3398 et
1238 3344 1290 3397 in
1326 3344 1410 3398 his
1436 3344 1567 3414 ipsis
1599 3343 1766 3399 tnnlta
1805 3344 2115 3399 diversitas.

538 3431 736 3501 Utputa
783 3435 962 3490 omnis
1016 3444 1274 3504 peccator
1326 3444 1506 3505 portat
1542 3435 1832 3504 imaginem
1894 3436 2119 3498 terreni,

535 3528 630 3581 sed
670 3543 776 3580 non
808 3527 986 3580 omnis
1021 3526 1274 3582 similiter
1310 3546 1323 3582 :
1359 3541 1465 3580 non
1499 3542 1654 3595 atque
1682 3527 1972 3597 imaginem
2008 3536 2120 3582 ter-

541 3621 656 3673 reni
693 3629 876 3688 portat
933 3620 1206 3675 homicida
1257 3630 1312 3674 et
1371 3619 1628 3682 mendax,
1667 3628 1763 3674 aut
1809 3619 2025 3674 adulter
2062 3629 2119 3676 et

539 3713 924 3776 eouviciosus,
991 3723 1086 3768 aut
1149 3729 1437 3781 puerorum
1505 3721 1798 3782 corruptor
1861 3723 1915 3769 et
1983 3713 2109 3777 fur,

536 3807 786 3873 quamvis
847 3821 1038 3860 omnes
1100 3805 1187 3859 isti
1250 3806 1448 3860 terreni
1515 3805 1808 3874 imaginem
1865 3815 2120 3875 portent,

541 3899 638 3953 sed
675 3899 840 3953 multa
872 3909 953 3953 est
989 3899 1132 3952 inter
1166 3900 1314 3968 ipsos
1338 3897 1644 3953 differentia
1674 3913 1773 3966 pro
1803 3897 2122 3952 diversitate

539 3991 768 4056 peccati.
820 3989 1133 4042 Secundum
1171 3989 1266 4041 has
1293 4002 1425 4057 ergo
1471 3987 1817 4041 diversitates
1867 3986 2122 4057 imaginis

540 4081 766 4146 terreni,
822 4079 1190 4155 contemplare
1236 4081 1401 4134 etiam
1439 4079 1812 4134 diversitatem
1865 4077 2122 4147 imaginis

538 4173 802 4234 caelestis,
845 4180 900 4226 et
942 4170 1156 4226 intuere
1195 4171 1423 4224 Pattlum
1474 4181 1780 4238 portantem
1828 4171 2120 4241 imaginem

536 4263 797 4330 cmlestis,
824 4272 880 4317 et
906 4263 1274 4318 Timotheum.
1304 4263 1368 4317 Et
1397 4263 1564 4332 quid?
1599 4273 1854 4330 putamus
1881 4264 2010 4333 quia
2037 4264 2116 4320 si-

538 4354 741 4409 tniliter
770 4354 908 4407 utin
949 4352 1136 4418 Paulo,
1167 4353 1241 4406 ita
1283 4361 1339 4407 et
1380 4353 1430 4404 in
1471 4351 1756 4407 Timotheo
1789 4361 1909 4408 erat
1939 4353 2119 4425 imago
2167 4341 2176 4348 ’

534 4447 812 4502 t-(elestis?
841 4447 982 4500 Nihil
1030 4445 1294 4517 amplius,
1341 4444 1474 4499 nihil
1519 4445 1833 4514 prtcclarius
1874 4446 2114 4501 habebat

2217 577 2400 619 utrum
2430 566 2692 631 caelestis,
2731 583 2800 622 an
2839 579 3057 623 terrena
3097 569 3284 638 imago
3329 567 3391 620 in
3417 566 3587 618 anim:
3614 586 3710 628 nam,

2218 659 2550 728 depingitur.
2599 659 2704 713 Sed
2747 670 2802 714 et
2834 659 2965 715 illud
3012 660 3320 714 admonere
3349 673 3454 710 vos
3496 657 3715 721 inutilem

2218 751 2506 816 videbitur,
2542 753 2686 822 quod
2722 753 2880 807 multi
2909 753 2960 807 in
2991 752 3098 808 hoc
3126 755 3338 808 mundo
3371 763 3591 824 propter
3609 756 3716 828 imp.

2219 858 2317 898 nes
2351 843 2616 900 malorum
2653 859 2862 916 regum,
2890 845 2999 900 imo
3029 848 3214 915 potius
3245 856 3604 916 tyrannorum
3619 855 3719 915 μήθ.

2223 947 2370 1000 runt,
2401 952 2499 1006 pro
2525 937 2628 991 hoc
2647 938 3024 992 tantummodo
3046 938 3190 1007 quod
3223 937 3545 1007 tyrannica:
3565 943 3656 1006 apud
3671 960 3717 998 ει

2223 1028 2486 1098 imagines
2510 1030 2862 1098 deprehensae
2883 1039 3030 1095 sunt,
3063 1039 3119 1083 et
3159 1031 3267 1086 hoc
3287 1030 3480 1085 solum
3513 1030 3585 1084 eis
3600 1034 3721 1091 uilla}:

2221 1120 2288 1174 ad
2320 1119 2547 1176 crimen.
2582 1120 2966 1176 Perscrutetnr
2995 1137 3128 1190 ergo
3157 1139 3309 1176 nunc
3339 1136 3406 1176 se
3444 1128 3720 1195 oausam

2223 1222 2488 1280 vestrum,
2515 1223 2569 1269 et
2593 1215 2778 1269 cordis
2804 1214 2885 1269 sui
2917 1229 3118 1268 arcana
3154 1222 3486 1272 recenseat.
3507 1226 3569 1266 ac
3587 1215 3724 1285 diligu-

2225 1315 2304 1359 ter
2340 1305 2581 1375 inquirat
2611 1320 2746 1376 quas
2787 1305 2861 1360 ibi
2909 1307 3177 1377 imagines
3217 1313 3411 1371 gerat.
3463 1302 3528 1357 Si
3574 1304 3725 1360 iorem

2227 1397 2393 1452 fueris
2447 1397 2649 1452 habere
2703 1399 2772 1451 ibi
2839 1397 3040 1452 formas
3128 1396 3340 1452 diaboli
3412 1405 3474 1450 et
3528 1395 3725 1467 imagines

2225 1490 2461 1556 Satanaa,
2493 1493 2636 1560 quod
2671 1491 2767 1545 tibi
2804 1492 2908 1545 erit
2939 1492 3064 1545 vitae
3095 1491 3409 1560 refugium,
3438 1487 3564 1558 quis
3591 1492 3729 1545 miser-.-

2225 1585 2370 1638 bitur
2397 1583 2496 1648 tui,
2518 1598 2640 1638 cum
2679 1582 2746 1638 de
2791 1581 2982 1636 intimo
3013 1582 3264 1636 conclavi
3296 1581 3501 1636 cordis
3533 1580 3595 1631 ti
3618 1592 3729 1650 tym-

2224 1676 2342 1730 nica
2383 1675 2560 1744 imago
2592 1675 2940 1744 proferetur?
2971 1675 3066 1732 Sin
3103 1686 3290 1729 autem
3340 1674 3430 1728 vis
3460 1681 3524 1727 ut
3555 1687 3628 1740 per
3659 1691 3730 1741 spc-

2223 1768 2334 1822 eies
2363 1769 2457 1824 tibi
2495 1768 2804 1838 lntjusmodi
2858 1769 3125 1840 imagines
3174 1767 3498 1837 designent.
3531 1767 3644 1819 audi.
3672 1768 3732 1828 tn,

2224 1862 2402 1932 imago
2464 1863 2750 1932 tyrannica
2803 1870 2912 1929 est,
2963 1861 3220 1926 avaritia,
3272 1859 3492 1923 dolus,
3546 1863 3735 1926 superba.

2223 1961 2422 2018 tumor,
2459 1953 2644 2025 gloriae
2702 1953 3016 2017 saeculares,
3071 1955 3317 2015 invidiae,
3371 1953 3734 2016 ebrieutcs,co~

2225 2049 2606 2112 messationes,
2640 2057 2694 2101 et
2723 2047 2806 2102 his
2829 2048 3049 2102 similia.
3077 2047 3227 2112 Quas
3249 2046 3298 2100 si
3332 2062 3447 2100 non
3485 2045 3630 2099 citius
3650 2061 3740 2112 aa}:-

2222 2138 2364 2193 ceris
2392 2139 2460 2193 de
2489 2138 2650 2194 domo
2684 2147 2801 2201 tua,
2832 2139 2875 2193 si
2904 2153 3008 2192 non
3033 2137 3354 2192 detraxeris
3389 2147 3452 2190 et
3491 2137 3737 2189 abnéﬂ’t:l

2223 2230 2472 2287 sensibus
2510 2229 2614 2285 tuis
2636 2243 2855 2285 omnem
2884 2231 3064 2285 fucum
3097 2229 3356 2297 pessima:
3385 2229 3556 2295 hnjtts
3578 2229 3741 2296 pictura,

2223 2333 2278 2378 et
2312 2338 2474 2378 omne
2513 2321 2830 2394 figmentum
2882 2323 3138 2377 venenati
3199 2321 3416 2376 coloris
3473 2321 3738 2374 absterseri.

2226 2415 2354 2486 ipsa:
2393 2423 2446 2471 te
2483 2415 2746 2484 imagines
2787 2416 2965 2484 perire
3013 2415 3238 2469 facient.
3288 2411 3426 2466 Haec
3463 2416 3536 2467 de
3569 2426 3623 2466 eo
3657 2419 3744 2480 qui

2225 2509 2490 2578 scriptum
2519 2519 2603 2564 est
2633 2524 2648 2560 :
2687 2508 2752 2562 In
2781 2509 3009 2578 imagine
3038 2507 3280 2560 ambulat
3315 2509 3506 2560 homo.

2299 2648 2354 2704 3.
2389 2647 2652 2717 Sequitur
2682 2663 2697 2700 :
2731 2646 3078 2702 Thesaurizat
3109 2657 3155 2700 et
3182 2647 3401 2717 ignorat
3434 2649 3526 2699 cui
3549 2661 3748 2714 congrege

2227 2759 2309 2795 ea.
2333 2741 2634 2812 Oportebat
2657 2742 2805 2797 enim
2843 2741 3044 2810 requiri
3075 2755 3198 2810 qua:
3226 2753 3360 2794 sunt
3402 2756 3530 2808 qua:
3560 2739 3745 2793 them?-

2228 2845 2425 2888 zautur
2455 2845 2511 2889 et
2547 2835 2869 2905 ignorantur
2901 2835 2989 2888 cui
3020 2845 3465 2904 congregemur.
3485 2843 3536 2886 et
3561 2849 3748 2900 quassa

2226 2941 2348 2994 qua:
2366 2939 2766 2996 congregantur
2791 2937 2845 2982 et
2877 2942 2983 2982 non
3010 2927 3338 2997 ignorantur
3359 2928 3453 2980 cui
3484 2940 3744 2992 permaneat.

2229 3019 2523 3088 Sequitur:
2562 3018 2628 3072 Et
2665 3035 2802 3074 nunc
2847 3035 2966 3088 qua:
2998 3030 3076 3072 est
3107 3019 3440 3084 exspectatio
3473 3017 3615 3071 mea?
3639 3035 3750 3067 seu

2230 3111 2538 3167 Dentium?
2587 3111 2741 3166 Sicut
2773 3113 3038 3181 sapientia
3089 3121 3274 3166 nostra
3311 3111 3573 3166 Christus
3608 3120 3687 3162 est.
3719 3123 3749 3158 et

2223 3205 2434 3274 jnstitia
2459 3204 2714 3260 Christus
2739 3215 2842 3270 est,
2860 3205 3162 3260 secundum
3183 3204 3332 3274 quod
3355 3204 3621 3269 scriptum
3639 3201 3740 3252 δι’

2230 3296 2334 3363 Qui
2369 3297 2544 3366 factus
2585 3308 2660 3350 est
2701 3299 2960 3360 sapientia
2999 3298 3147 3352 nobis
3176 3313 3208 3350 a
3255 3295 3397 3360 Deo,
3442 3306 3490 3348 et
3518 3294 3696 3364 jussis
3731 3317 3750 3338 ο.

2227 3389 2585 3455 sanctiﬁcatio
2611 3399 2660 3444 et
2698 3391 3016 3454 redemptio;
3044 3390 3116 3444 ita
3157 3397 3211 3444 et
3239 3389 3604 3457 exspectatio,
3637 3387 3680 3439 id
3709 3403 3758 3436 ts.

2230 3481 2495 3550 patientia
2541 3490 2726 3536 nostra
2775 3481 3027 3536 Christus
3073 3488 3178 3534 est.
3210 3477 3515 3547 Propterea
3549 3492 3644 3530 non
3683 3481 3756 3542 3‘s

2229 3575 2399 3628 rietur
2430 3574 2649 3644 sapiens
2683 3576 2738 3629 in
2772 3573 3064 3644 sapientia,
3097 3587 3198 3627 nec
3225 3571 3394 3626 fortis
3423 3571 3478 3623 in
3502 3569 3760 3622 {ortinam

2227 3678 2343 3730 sua,
2370 3665 2494 3734 quia
2530 3665 2710 3719 omnia
2739 3665 3007 3720 habemus
3034 3663 3090 3718 in
3144 3662 3396 3719 Christo.
3427 3663 3490 3716 Et
3522 3677 3653 3714 nunc
3673 3676 3738 3726 et;

2226 3772 2347 3825 qua:
2397 3767 2478 3812 est
2506 3759 2861 3828 exspectatio,
2903 3756 2954 3812 id
3011 3767 3096 3814 est
3138 3758 3417 3827 patientia
3455 3754 3606 3809 tua!

2227 3864 2348 3903 nus.
2392 3847 2457 3901 Et
2490 3851 2788 3904 substantia
2821 3867 2934 3906 mea
2969 3867 3000 3904 a
3035 3860 3085 3905 ts
3111 3863 3210 3906 est.
3251 3849 3308 3904 Si
3342 3848 3523 3904 habeo
3568 3847 3762 3900 suasu.-

2230 3943 2360 3996 tiatn
2393 3943 2706 3997 divitiarum
2749 3942 3100 4012 spiritalium,
3149 3959 3180 3998 a
3235 3944 3346 3998 Deo
3384 3953 3488 3997 est.
3523 3940 3766 4008 Imperii

2225 4035 2370 4090 enim
2409 4036 2548 4090 Deus
2573 4037 2624 4088 in
2644 4036 2836 4104 faciem
2865 4038 3104 4094 hominis
3128 4037 3376 4107 spiritum
3402 4036 3540 4101 rita,
3568 4045 3616 4088 ει
3637 4035 3762 4100 feriat

2225 4134 2304 4179 est
2319 4125 2471 4180 homo
2500 4127 2553 4182 in
2593 4128 2830 4182 animam
2861 4129 3028 4182 vivam
3050 4127 3117 4182 ".

2297 4261 2352 4317 4.
2383 4261 2461 4314 Ab
2489 4261 2730 4316 omnibus
2764 4259 3130 4330 iniquitatibus
3160 4259 3287 4313 meis
3312 4259 3454 4326 eripe
3478 4274 3582 4312 me.
3611 4255 3764 4310 Nec.»

2227 4355 2371 4408 sario
2419 4352 2630 4406 addidit
2679 4353 2744 4404 ab
2799 4351 3067 4414 omnibus,
3101 4365 3199 4418 pro
3249 4349 3464 4404 scilicet
3512 4345 3662 4401 nulla
3701 4362 3768 4397 an

2231 4455 2408 4500 teneat
2436 4455 2488 4500 et
2517 4447 2858 4514 constringat
2894 4444 3174 4515 iniquitas.
3204 4441 3312 4497 Sed
3337 4440 3618 4512 quomodo

538 4538 716 4606 imago
744 4535 894 4590 Pauli
933 4548 1129 4607 praeter
1153 4536 1448 4605 imaginem
1487 4533 1791 4590 Timothei?
1822 4535 1932 4607 Ego
1960 4537 2110 4592 arbi-
2151 4519 2198 4578 ί)
2231 4535 2300 4590 ab
2336 4535 2723 4606 iniquitatibus
2757 4534 2980 4604 eripiat,
3019 4533 3451 4589 consideremus.
3515 4529 3580 4584 Si
3633 4543 3766 4598 par

539 4639 653 4682 tror
668 4630 792 4700 quia
811 4630 1106 4685 secundum
1125 4630 1224 4683 hoc
1240 4628 1382 4700 quod
1406 4630 1746 4700 praecedebat
1764 4631 1885 4684 vitae
1903 4631 2118 4694 merito,

537 4723 687 4776 vet-bi
722 4722 984 4792 potentia,
1009 4723 1455 4794 magnanimitate
1497 4723 1762 4793 propositi
1796 4723 1993 4779 Paulus
2024 4724 2120 4780 Ti-

539 4817 841 4880 motheum,
875 4818 946 4869 ita
983 4826 1037 4869 et
1067 4817 1118 4870 in
1157 4817 1246 4870 illo
1285 4815 1456 4883 major
1482 4832 1547 4871 ac
1572 4815 1908 4887 splendidior
1954 4817 2120 4872 reful-

536 4905 699 4977 gebat
723 4907 902 4976 imago
934 4905 1193 4972 caelestis,
1222 4907 1440 4976 qualem
1473 4907 1528 4962 in
1575 4907 1667 4962 illo
1701 4907 1938 4963 faciebat
1978 4909 2114 4963 ima-

535 4999 716 5066 ginem
744 4996 1020 5062 Cbristus,
1055 5013 1177 5051 cum
1218 5000 1270 5052 in
1295 5015 1361 5053 eo
1385 4999 1701 5069 loqueretur
1733 5017 1747 5054 :
1782 5009 1838 5054 et
1869 5000 2030 5054 aliam
2059 5011 2113 5056 et

537 5089 719 5160 longe,
760 5100 812 5143 ut
848 5106 948 5159 ego
992 5091 1252 5152 arbitror.
1311 5090 1628 5148 inferiorem
1679 5093 1732 5146 in
1763 5092 1854 5146 illo
1882 5091 2114 5148 faciebat

539 5185 834 5252 imaginem
859 5184 948 5251 qui
984 5184 1200 5238 dicebat
1225 5186 1271 5217 “
1301 5203 1314 5239 :
1347 5183 1414 5237 Et
1442 5185 1576 5239 dixit
1598 5187 1816 5256 angelus
1832 5187 2115 5258 quiloque-

536 5276 696 5328 batur
735 5276 788 5328 iu
821 5292 918 5339 me,
945 5277 1099 5330 etsic
1131 5292 1226 5346 per
1263 5276 1471 5344 singula
1515 5277 1677 5332 etiam
1711 5280 1854 5348 apud
1884 5283 2112 5349 teipsmn

537 5369 844 5436 requirens,
877 5371 1252 5425 diversitatem
1287 5371 1528 5430 invenies
1576 5373 1830 5442 imaginis
1865 5373 1981 5428 sive
2008 5383 2114 5428 ter-

536 5471 681 5513 rena:
707 5459 756 5512 itt
783 5461 1178 5528 peccatoribus,
1201 5463 1315 5516 sive
1349 5462 1588 5518 caelestis
1618 5463 1669 5516 in
1697 5466 1919 5518 sanctis.
1939 5463 2113 5519 Omne

493 5592 506 5596 -
534 5563 663 5620 ergo
697 5552 842 5620 quod
878 5554 1058 5622 agitur
1094 5571 1121 5607 a
1168 5555 1323 5610 nobis
1364 5570 1463 5624 per
1521 5555 1760 5625 singulas
1812 5557 1974 5611 horas
2024 5555 2110 5609 vel

536 5651 832 5708 momenta,
856 5645 1147 5718 imaginem
1175 5647 1414 5718 aliquam
1443 5646 1714 5702 deformat
1745 5663 1759 5701 :
1789 5658 1844 5704 et
1867 5649 1988 5704 ideo
2014 5663 2110 5719 per

534 5733 744 5802 singula
774 5739 1004 5792 scrutari
1037 5739 1296 5795 debemus
1323 5753 1479 5797 actus
1514 5749 1752 5805 nostros,
1782 5751 1835 5797 et
1874 5751 2110 5797 nosmet-

609 5831 654 5861 “
683 5831 849 5888 Zath.
882 5851 919 5902 I,
962 5836 1048 5889 Η.
1122 5839 1163 5870 ⁸⁷
1198 5836 1216 5890 ι
1251 5841 1373 5893 Cos.
1401 5859 1437 5907 t,
1470 5841 1558 5894 30.
1637 5841 1682 5872 ⁸⁸
1712 5841 1848 5898 Gen.
1879 5856 1936 5906 tt,
1973 5841 2021 5893 7.

2229 4637 2408 4684 tentes
2441 4643 2542 4699 pro
2578 4629 2738 4684 malis
2766 4629 2935 4699 gestis
2956 4638 3342 4684 convertamur
3363 4629 3429 4682 ad
3464 4627 3660 4686 Dea.
3681 4641 3764 4676 ω·

2228 4721 2436 4792 eipiens
2481 4736 2512 4776 a
2555 4722 2708 4777 nobis
2739 4721 2884 4778 Deus
2919 4722 3330 4777 conversionem
3364 4729 3632 4780 nostram,
3655 4717 3768 4770 sbs-

2225 4812 2488 4869 lntionetn
2527 4813 2878 4883 iniquitatum
2915 4815 3082 4869 donat
3136 4813 3429 4869 secundum
3486 4823 3752 4864 oscus-nl

2225 4906 2620 4962 conversionis.
2649 4905 2746 4962 Cui
2777 4905 2921 4961 enim
2954 4905 3075 4976 plus
3104 4905 3415 4966 remittitur,
3439 4902 3560 4972 plus
3587 4901 3742 4965 ﬂag.

2223 5008 2276 5054 et
2305 5010 2590 5069 propterea
2620 4999 2822 5052 dicitur
2843 5000 2888 5031 "
2913 5000 3038 5068 quia
3060 4999 3270 5053 mulieri
3291 4998 3368 5052 illi
3387 4999 3554 5049 multa
3579 5011 3760 5049 ω

2223 5100 2366 5154 sunt,
2402 5091 2525 5162 quia
2559 5091 2742 5146 dilexit
2775 5093 3020 5146 multum.
3066 5091 3171 5145 Pro
3198 5106 3440 5144 mensura
3463 5104 3604 5158 ergo
3623 5103 3768 5155 βη-

2227 5186 2432 5252 tentias,
2475 5185 2814 5240 remissionis
2847 5186 3124 5256 quantitas
3166 5185 3506 5239 moderatur:
3552 5197 3629 5234 ne
3671 5195 3764 5231 Ir:-

2221 5280 2485 5349 metipsos
2533 5278 2880 5343 seducamus,
2921 5287 3178 5349 putantes
3210 5276 3372 5330 nullis
3400 5277 3506 5330 haec
3565 5273 3762 5342 regis

2223 5371 2384 5427 nullis
2405 5371 2710 5441 dispensari
2732 5370 2979 5439 judiciis.
3002 5369 3170 5441 698
3194 5368 3333 5423 Puto
3356 5367 3490 5421 enim
3523 5371 3756 5434 quo“:
3793 5385 3801 5441 ι

2217 5480 2408 5520 omnes
2427 5466 2668 5533 justitias
2687 5463 3010 5535 impleverit,
3047 5464 3137 5517 ille
3161 5478 3347 5517 omnes
3376 5461 3556 5514 abluas
3588 5460 3758 5522 ista»

2221 5569 2383 5625 tates,
2408 5559 2501 5627 qui
2529 5574 2660 5614 vero
2690 5571 2916 5627 paucas,
2946 5555 3031 5611 vel
3060 5566 3267 5624 partem
3303 5555 3521 5623 aliquam
3550 5551 3750 5618 jus-asa:

2217 5657 2474 5718 operatus
2506 5657 2610 5713 est,
2639 5657 2844 5718 partem
2878 5646 3113 5718 aliquam
3149 5647 3473 5715 iniquitatum
3500 5642 3722 5696 τρωθῇ·

2219 5743 2308 5812 qui
2333 5757 2462 5796 vero
2498 5742 2794 5812 perfectam
2837 5756 2936 5812 pro
2967 5741 3218 5798 omnibus
3251 5739 3398 5795 malis
3425 5747 3474 5792 et
3506 5735 3746 5804 ints-gas

2103 5843 2144 5874 ⁵⁹
2175 5842 2212 5896 l.
2239 5863 2300 5899 ac.
2341 5858 2434 5910 vtt,
2471 5841 2550 5894 i7.
