3808 6508
96 375 211 433 1405

696 374 1005 431 SELECTA
1042 375 1106 430 IN
1147 374 1486 430 PSALMOS.
1524 403 1589 411 —-
1627 370 1861 431 HOMIL.
1902 374 1918 428 I
1960 372 2028 428 IN
2057 373 2252 429 PSAL.
2286 370 2570 427 XXXVIII.

3153 371 3290 426 1406

90 490 432 562 ptenitentiam
461 490 710 560 gesserit,
754 493 827 545 ita
859 500 917 546 ut
947 507 1140 561 purum
1182 507 1278 546 cor
1307 489 1622 558 jatnoﬂerat
1649 492 1694 546 A
1719 488 2171 544 etconsistentem
2196 490 2480 543 adversum
2512 503 2609 542 nos
2636 495 2972 555 pet-calorem
2996 487 3245 542 describit
3273 507 3287 542 :

92 589 199 647 lleo,
226 582 317 636 iste
345 582 507 636 simul
541 598 760 636 omnem
796 584 970 637 labem
1001 583 1151 636 diluit
1171 591 1517 652 peccatorum
1544 583 1621 637 :si

86 690 196 730 vero
216 689 273 729 ex
296 685 447 741 parte
479 674 747 742 βαιιιὶιιιίι,
768 687 819 727 et
844 692 905 729 ex
935 687 1084 742 parte
1102 676 1211 741 jam
1241 677 1437 729 meruit
1461 676 1621 729 abso-

86 766 333 819 lntioaem.
354 765 475 819 lla-tr
495 782 626 836 ergo
644 768 824 820 sciens
843 769 1123 835 propheta,
1141 778 1192 820 et
1214 768 1342 836 quia
1361 771 1620 835 quosdam

80 858 270 925 quidem
300 859 459 926 eripit
503 860 642 913 Deus
676 862 743 912 ab
773 860 1026 915 omnibus
1060 860 1437 929 iniquitatibus
1465 862 1580 915 suis
1605 901 1619 924 ,

78 951 309 1017 quosdam
365 948 433 1001 ab
470 949 744 1017 aliquibus
791 949 1168 1018 iniquitatibus
1220 950 1445 1014 liberat,
1494 963 1621 1021 puto

75 1040 201 1109 quod
230 1048 505 1109 propterea
560 1042 840 1096 conlidens
873 1042 1051 1110 egisse
1100 1057 1159 1097 se
1187 1059 1249 1095 ea
1284 1045 1480 1112 quibus
1536 1044 1622 1097 di-

73 1145 220 1199 gnum
249 1141 389 1186 esset
435 1135 500 1186 ab
534 1134 785 1187 omnibus
841 1133 1224 1201 iniquitatibus
1274 1136 1433 1203 eripi,
1489 1135 1620 1189 dicit

72 1222 312 1278 audacter
361 1224 425 1278 ad
479 1224 760 1277 Dominum
793 1241 807 1279 :
842 1225 917 1276 Ab
968 1227 1207 1279 omnibus
1254 1227 1621 1296 iniquitatibus

67 1322 182 1375 meis
203 1320 334 1388 eripe
362 1334 460 1371 me.

131 1410 555 1480 5..0pprobrium
579 1408 851 1475 insipienti
892 1409 1081 1462 dedisti
1109 1424 1208 1461 me.
1246 1406 1427 1461 Donec
1453 1407 1622 1461 liabe-

63 1520 176 1560 mus
209 1512 447 1571 peccata,
484 1516 710 1556 necesse
742 1510 827 1556 est
869 1516 966 1553 nos
1012 1499 1331 1569 exprobrari
1369 1501 1435 1551 ab
1482 1499 1617 1555 insi-

59 1595 234 1663 piente
265 1602 316 1646 et
348 1602 662 1646 accusiitore
693 1603 879 1646 nostro
906 1592 1122 1646 diabolo
1147 1608 1161 1643 :
1186 1600 1239 1645 et
1263 1591 1306 1643 si
1337 1591 1622 1644 invenian-

60 1696 142 1737 tur
178 1695 393 1754 peccata
431 1693 611 1737 nostra
647 1702 748 1737 nou
786 1699 907 1739 esse
938 1683 1111 1737 deleta
1137 1724 1151 1747 ,
1193 1683 1285 1737 sed
1327 1682 1527 1750 scripta
1564 1682 1616 1735 in

58 1776 212 1831 nobis
244 1775 382 1845 stylo
409 1775 631 1836 diaboli,
664 1790 759 1842 per
785 1775 898 1828 haec
928 1774 1041 1843 ipsa
1074 1788 1195 1843 qua:
1224 1774 1493 1843 gessimus
1527 1788 1621 1825 ex—

1720 586 1774 632 et
1810 578 1935 645 quia
1983 578 2086 632 hoc
2140 579 2313 643 ipsum
2360 579 2560 632 indicet
2610 577 2806 631 fecisse
2840 578 3040 641 Deum,
3078 579 3129 633 id
3164 593 3285 642 est,

1720 670 1861 739 quod
1896 670 2141 723 exercitii
2179 670 2347 722 nostri
2383 685 2545 722 causa
2584 679 2635 723 ct
2667 670 2941 741 proiectus
2975 671 3114 725 Deus
3143 669 3287 725 fecc~

1726 761 1793 813 rit
1841 761 1941 814 ista
1984 760 2309 814 certamina.
2348 760 2471 813 lleo
2510 776 2639 828 ergo
2675 777 2883 814 mcinor
2910 778 3035 827 ero,
3066 763 3191 831 quia
3228 772 3283 816 tu

1721 848 1892 903 fecisti
1919 863 2120 918 agones
2151 850 2283 902 istos
2318 859 2368 900 et
2401 861 2450 900 ιιι
2486 848 2638 901 nobis
2662 849 2772 901 lucc
2793 848 3051 902 exercitia
3078 849 3290 918 patien-

1722 943 1805 995 tia:
1830 943 2160 1012 praeparasti.
2183 943 2313 997 tium
2332 942 2473 993 enim
2499 943 2564 994 ad
2590 942 2923 994 iracundiam
2950 951 3290 1010 provocarat,

1721 1049 1841 1088 CIIIII
1865 1035 2123 1107 conviciis
2163 1035 2472 1098 lacesseret,
2508 1048 2572 1086 ne
2600 1033 2872 1101 patientia:
2917 1034 3086 1087 lineas
3115 1048 3279 1088 excev-

1721 1125 1927 1192 derem,
1951 1134 2005 1180 et
2027 1126 2245 1179 verbum
2265 1125 2479 1193 aliquod
2497 1124 2637 1193 quod
2672 1124 2767 1177 tibi
2791 1139 2893 1178 non
2923 1124 3133 1194 placeat
3157 1139 3280 1193 pro—

1722 1213 1919 1271 ferrem
1960 1216 2024 1271 de
2061 1216 2220 1271 labiis
2267 1217 2434 1281 meis,
2479 1216 2715 1268 obmutui
2759 1225 2807 1268 et
2860 1231 2960 1268 non
3002 1217 3186 1284 aperui
3232 1234 3287 1269 os
3324 1268 3327 1271 λ

1721 1324 1910 1361 meum.
1984 1305 2040 1359 Si
2107 1319 2239 1360 vero
2293 1309 2523 1376 amplius
2563 1307 2763 1377 aliquid
2806 1308 3101 1361 secundum
3136 1307 3287 1361 Pauli

1720 1406 1924 1452 statuta
1944 1395 2539 1468 “valueroproﬂigare,
2555 1412 2663 1454 non
2693 1397 2866 1452 solum
2913 1400 3284 1453 obmutescam

1722 1494 1776 1538 et
1807 1501 1911 1539 non
1958 1487 2195 1553 aperiam
2245 1501 2306 1540 os
2344 1501 2551 1551 meum,
2589 1488 2682 1541 sed
2721 1497 2775 1541 et
2816 1503 2937 1542 cum
2967 1488 3285 1554 maledicor,

1722 1576 2037 1631 benedicatn
2071 1588 2120 1631 et
2154 1578 2552 1645 blasphematus
2580 1580 2916 1647 deprecabor

1793 1668 1845 1722 7.
1886 1668 2075 1721 Amore
2104 1686 2133 1720 a
2172 1686 2250 1720 me
2276 1670 2461 1736 plagas
2489 1682 2631 1732 tuas,
2664 1688 2695 1723 a
2742 1672 3052 1735 fortitudine
3100 1688 3289 1725 manus

1722 1770 1827 1812 tute
1869 1775 1960 1827 ego
1990 1758 2174 1841 deieci.
2211 1760 2362 1823 Quod
2396 1758 2569 1812 Latini
2608 1762 2934 1829 interpretes
2980 1762 3161 1833 plagas
3205 1765 3290 1819 di-

54 1867 333 1935 probrabit
372 1883 469 1919 nos
516 1866 793 1920 inimicus.
836 1866 987 1919 Sicut
1035 1865 1177 1918 enim
1222 1867 1357 1919 bona
1391 1879 1616 1931 qumque

1728 1863 1941 1913 xerunt,
1992 1851 2043 1904 in
2078 1832 2285 1904 Grieris
2319 1851 2598 1904 codicibus
2632 1851 2840 1918 ﬂagella
2880 1854 3143 1923 scriptum
3184 1866 3288 1923 est,

52 1959 253 2025 scripta
290 1957 548 2010 dicuntur
595 1972 699 2008 nun
761 1966 1089 2019 atramento,
1136 1957 1228 2009 sed
1279 1957 1470 2023 spiritu
1524 1954 1616 2009 Dei

52 2050 181 2114 vivi,
226 2050 296 2103 ita
342 2049 479 2101 tnala
510 2064 735 2117 quaque
766 2049 1190 2102 conscribuntur
1222 2056 1526 2100 atramento
1565 2056 1620 2100 et

49 2142 258 2196 calamo
288 2142 508 2194 diaboli.
540 2142 767 2210 Propter
798 2142 942 2211 quod
988 2140 1246 2193 Dominus
1275 2151 1327 2193 et
1368 2139 1620 2193 Salvator

46 2239 237 2283 noster
285 2229 480 2283 delevit
530 2230 955 2297 chirographum
1008 2239 1353 2298 peccatorum
1407 2241 1619 2283 nostro-

44 2331 191 2378 rum,
250 2317 388 2384 quod
438 2327 556 2370 erat
594 2320 878 2372 adversum
912 2334 1011 2371 nos
1051 2318 1266 2372 diabolo
1294 2319 1621 2389 astipulante

34 2406 435 2474 conscriptum,
466 2408 609 2462 sicut
648 2417 702 2460 et
733 2420 861 2463 ante
893 2409 1218 2477 pnedixerat
1252 2426 1348 2479 per
1388 2413 1619 2480 prophe-

31 2504 147 2549 tam
186 2497 461 2552 dicentem
487 2498 533 2529 ⁶⁰
563 2516 575 2551 :
605 2499 737 2552 Ecce
770 2500 914 2553 deleo
940 2502 1073 2554 sicut
1098 2502 1281 2554 nubem
1314 2504 1619 2568 iniquitates

24 2596 178 2654 tuas,
208 2597 258 2642 et
286 2591 420 2643 sicut
451 2590 692 2644 nebulam
731 2603 944 2660 peccata
990 2601 1103 2655 tua,
1145 2603 1192 2646 et
1234 2593 1369 2646 ultra
1398 2612 1499 2649 non
1532 2613 1618 2648 ero

26 2696 263 2735 memor.
304 2680 375 2736 Ut
414 2696 545 2751 ergo
594 2697 698 2735 non
745 2683 1136 2752 exprobremur
1193 2686 1260 2737 ab
1310 2686 1617 2754 insipiente,

26 2778 421 2825 convertemus
450 2787 547 2825 nos
577 2774 644 2825 ab
676 2773 927 2827 omnibus
966 2773 1348 2841 iniquitatibus
1389 2777 1615 2839 nostris,

24 2877 95 2915 ne
137 2861 550 2930 reprehendens
594 2867 646 2916 in
689 2864 843 2917 nobis
885 2866 1119 2919 maculas
1155 2876 1524 2934 peccatorum,
1558 2869 1609 2922 id

21 2962 106 3004 cst
156 2966 276 3005 sua:
326 2953 617 3008 voluntatis
674 2954 926 3022 insignia,
977 2957 1269 3024 exprobret
1314 2966 1370 3012 et
1422 2959 1612 3013 dicat:

18 3046 165 3099 Ecce
200 3044 295 3100 hic
344 3044 685 3101 Christianus
737 3048 1041 3112 dicebatur,
1086 3059 1141 3101 et
1190 3050 1344 3119 signo
1402 3051 1621 3107 Christi

16 3139 358 3208 signabatur
380 3138 432 3192 in
467 3138 664 3206 fronte,
700 3156 848 3195 meas
873 3151 1050 3196 autem
1077 3144 1387 3199 voluntates
1409 3156 1462 3199 et
1492 3161 1610 3199 mea
1643 3169 1683 3227 ρ

11 3230 407 3299 chirographa
453 3232 679 3301 gerebat
728 3234 780 3286 in
815 3235 996 3289 corde.
1041 3234 1183 3290 Ecce
1224 3236 1325 3290 iste
1353 3237 1444 3305 qui
1482 3238 1610 3291 mihi

9 3331 64 3377 et
96 3324 375 3391 operibus
401 3325 536 3378 meis
568 3326 904 3378 renuntiavit
938 3326 988 3379 in
1016 3326 1304 3396 baptismo,
1335 3330 1468 3384 meis
1503 3346 1615 3384 rur-

9 3427 132 3465 sum
199 3412 473 3476 operibus
514 3428 571 3467 se
616 3415 842 3468 inseruit
888 3416 1130 3485 meisque
1174 3417 1382 3483 legibus
1414 3425 1612 3487 paruit.

10 3500 283 3556 Liberali
325 3518 460 3570 ergo
496 3505 563 3558 ab
588 3507 839 3560 omnibus
867 3506 1268 3576 iniquitatibus,
1296 3510 1609 3567 studeamus

9 3608 73 3647 ne
111 3594 168 3647 in
211 3595 305 3647 die
334 3594 524 3662 jndicii
560 3597 929 3665 hujuscemodi
967 3600 1276 3669 opprobriis
1310 3601 1612 3672 insipientis

9 3685 219 3739 diaboli
259 3689 710 3743 succumbamns.

72 3778 130 3832 6.
170 3778 448 3833 Obmutui
472 3791 519 3834 et
545 3799 648 3835 non
677 3784 861 3851 aperui
890 3800 946 3837 os
977 3801 1146 3839 meum
1166 3826 1182 3851 ,
1208 3789 1335 3858 quia
1364 3799 1420 3840 tu
1442 3805 1494 3843 es
1518 3790 1609 3859 qui

9 3869 205 3948 ’ecisti.
245 3870 377 3925 Jam
406 3881 460 3927 et
500 3872 601 3927 hoc
643 3874 894 3942 superius
932 3877 1304 3945 exposuimus,
1341 3894 1461 3933 cum
1498 3892 1609 3934 tra-

10 3969 302 4015 'taremus
336 3962 486 4014 illntn
525 3964 850 4019 versiculum
913 3968 1000 4035 qui
1039 3970 1113 4021 ait
1146 3986 1158 4020 :
1196 3968 1332 4022 Dum
1369 3972 1606 4026 consistit

9 4062 270 4106 teccator
314 4055 597 4107 adversum
624 4072 725 4120 me,
754 4056 988 4112 obmutui
1007 4069 1055 4113 et
1079 4059 1387 4115 humiliatus
1410 4079 1526 4116 sum
1558 4075 1607 4117 et

10 4144 182 4199 iluia
216 4146 402 4199 bonis.
432 4145 640 4200 Bomnn
681 4157 764 4202 est
797 4150 941 4204 enim
970 4166 1034 4204 eo
1081 4162 1324 4221 tempore
1358 4168 1481 4208 cum
1508 4160 1604 4211 ad-

16 4253 228 4290 ersum
274 4253 403 4301 nos,
434 4239 970 4311 velderogationtnn,
1005 4244 1086 4297 vel
1109 4228 1501 4313 conviciorum,
1524 4251 1604 4302 νυι

10 4330 357 4384 ινυϋτοτυιη
398 4331 501 4384 tela
531 4333 827 4400 jacinnlnr,
879 4351 975 4389 nos
1005 4336 1167 4403 hujus
1201 4340 1453 4395 versiculi
1492 4359 1604 4396 me-

12 4422 259 4484 iinissc,
292 4420 393 4489 qni
429 4421 505 4474 ait
534 4439 548 4472 :
589 4423 836 4477 Obmutui
869 4435 917 4478 et
961 4443 1063 4479 non
1095 4431 1277 4496 aperui
1311 4447 1366 4485 os
1393 4449 1562 4486 nteant
1584 4476 1599 4501 ,

1723 1955 1777 1996 nt
1803 1945 1872 1998 sit
1898 1962 1909 1997 :
1938 1944 2126 1996 Amove
2151 1962 2181 1998 a
2207 1962 2286 1997 me
2308 1944 2518 2013 flagella
2549 1954 2664 1996 tua.
2690 1944 2841 2009 Quod
2868 1946 3082 1998 videtur
3104 1945 3293 2012 utique.

1722 2039 1902 2090 dicere
1963 2039 2168 2106 positus
2207 2040 2362 2106 quasi
2426 2039 2476 2090 in
2532 2038 2875 2107 correptione
2916 2035 3289 2107 ﬂugellorum,

1721 2146 1841 2183 cum
1882 2128 2021 2182 sicut
2050 2130 2209 2182 homo
2244 2144 2339 2196 pro
2368 2129 2605 2198 peccatis
2635 2129 2957 2196 corripitur,
3004 2129 3084 2182 vel
3110 2128 3294 2197 ﬂagel-

1725 2222 1865 2276 latur
1892 2232 1951 2275 ut
2004 2222 2347 2276 emendetur.
2383 2222 2537 2276 Sicut
2567 2231 2622 2274 et
2654 2221 2782 2274 illud
2817 2237 2844 2274 a
2874 2222 3290 2291 quamplurimis

1724 2316 2045 2386 intelligitur
2076 2316 2217 2384 quod
2245 2315 2509 2384 scriptum
2528 2327 2612 2370 est
2633 2317 2707 2371 ":
2730 2316 2865 2377 Fili,
2884 2312 2991 2367 noli
3030 2315 3293 2367 tmdiarea

1719 2408 2000 2477 disciplina
2039 2407 2159 2472 Dei,
2185 2423 2346 2478 neque
2384 2407 2600 2475 deﬁcias
2630 2425 2745 2461 cum
2773 2408 2836 2460 ab
2882 2423 2943 2461 eo
2977 2406 3288 2475 increparis.

1724 2500 1893 2564 Quem
1926 2501 2062 2553 enim
2104 2499 2279 2569 diligit
2336 2499 2502 2563 Deus,
2557 2500 2802 2568 corripit,
2844 2498 3076 2568 flagellat
3118 2506 3292 2550 autem

1720 2607 1924 2646 omnem
1955 2591 2125 2661 filium
2167 2606 2319 2660 quem
2367 2591 2571 2658 recipit.
2632 2590 2688 2646 Si
2735 2589 2951 2661 quando
2998 2604 3127 2657 ergo
3170 2590 3294 2657 quis

1723 2684 2100 2753 hujuscemodi
2135 2682 2577 2751 correptionibus
2609 2682 2946 2751 increpatur,
2983 2690 3293 2749 competen-

1723 2787 1805 2830 ter
1845 2774 2028 2830 dicere
2074 2773 2295 2828 videtur
2328 2794 2339 2828 :
2375 2773 2569 2828 Amove
2617 2790 2647 2826 a
2692 2788 2776 2826 me
2829 2769 3048 2841 ﬂagella
3096 2780 3212 2825 tua.
3248 2769 3292 2823 Α

1719 2868 2038 2937 fortitudine
2072 2883 2262 2921 manus
2286 2876 2393 2921 tute
2430 2883 2523 2938 ego
2554 2865 2742 2935 defeci.
2770 2863 2874 2919 Sed
2910 2863 3041 2919 illud
3071 2876 3292 2931 compe-

1721 2971 1896 3014 tenter
1934 2961 2148 3016 videtnr
2177 2961 2350 3032 aptari
2402 2959 2545 3028 quod
2576 2958 2837 3025 scriptum
2873 2966 2954 3010 cst
2988 2975 3003 3011 :
3030 2955 3096 3009 In
3123 2955 3291 3008 incre-

1719 3055 2019 3123 pationibus
2064 3064 2279 3123 propter
2325 3052 2659 3121 iniquitatem
2698 3049 3003 3117 corripuisti
3039 3047 3122 3101 vel
3167 3062 3291 3100 eru-

1719 3146 1844 3199 disti
1884 3146 2167 3199 hominem.
2199 3145 2302 3198 Sed
2346 3143 2470 3196 novi
2511 3154 2611 3210 ego
2644 3149 2697 3192 et
2744 3139 2846 3192 alia
2907 3138 3119 3207 ﬂagella
3171 3136 3287 3207 (70)

1718 3238 1912 3307 quibus
1935 3237 2305 3292 vehementius
2327 3234 2653 3296 cruciamur,
2681 3233 2767 3287 illa
2795 3233 3006 3286 scilicet
3044 3245 3162 3299 qua:
3189 3244 3286 3298 per

1718 3329 2038 3399 prophetam
2083 3327 2345 3382 describit
2388 3328 2650 3395 sapientia
2704 3325 3043 3398 (prophetam
3086 3322 3287 3376 etenim

1716 3435 1837 3475 eum
1865 3419 2007 3490 ϐίου)
2038 3419 2083 3450 ⁸³
2116 3435 2128 3473 :
2165 3418 2296 3485 Quis
2331 3418 2478 3471 dabit
2519 3418 2570 3470 in
2594 3418 2821 3487 cogitatu
2846 3432 2958 3469 meo
2979 3415 3213 3484 ﬂagella,
3240 3424 3287 3466 et

1716 3514 1770 3565 in
1796 3515 1952 3567 corde
1972 3528 2083 3566 meo
2109 3513 2488 3581 correptionem
2525 3510 2818 3580 sapientite,
2853 3519 2905 3562 ut
2937 3505 3281 3577 ignoratioui-

1716 3606 1810 3659 bus
1839 3606 1969 3659 meis
1998 3622 2113 3673 qua:
2140 3604 2244 3674 feci
2283 3620 2389 3657 non
2427 3612 2699 3672 parcatur,
2725 3610 2773 3655 et
2799 3608 3014 3670 peccata
3046 3615 3159 3650 mea
3180 3613 3286 3650 non

1713 3696 2135 3765 prwtereantur?
2170 3693 2331 3750 Vides
2382 3696 2652 3764 quomodo
2708 3704 2827 3748 orat
2881 3690 3140 3760 ﬂagellari
3191 3701 3287 3743 cor

1712 3805 1865 3844 suum
1898 3806 1997 3859 pro
2033 3779 2273 3858 peccatis
2312 3788 2449 3855 suis,
2498 3798 2552 3843 et
2595 3786 2875 3843 verberari
2929 3782 3288 3853 cogitationes

1713 3879 1886 3935 Suas?
1917 3878 1972 3933 Si
1994 3879 2210 3946 quando
2232 3891 2358 3946 ergo
2388 3878 2539 3931 vides
2572 3876 2913 3946 temetipsum
2941 3882 3061 3943 post
3092 3885 3287 3942 pecca-

1714 3985 1823 4026 tum
1851 3972 2010 4041 aﬂligi
2040 3982 2093 4024 et
2125 3971 2359 4028 cruciari
2396 3970 2449 4023 in
2488 3970 2671 4035 corde,
2702 3978 2757 4023 et
2785 3982 2815 4021 a
2866 3965 3101 4037 propriis
3137 3964 3286 4032 cogi-

1715 4052 2019 4121 tatidnibus
2052 4066 2297 4118 accusari
2342 4077 2356 4115 :
2399 4063 2442 4117 si
2484 4063 2700 4132 quando
2750 4060 2925 4114 notari
2962 4070 3012 4112 te
3049 4058 3202 4110 vides
3254 4072 3284 4108 a

1709 4158 2041 4214 conscientia
2084 4166 2193 4222 tua,
2225 4165 2279 4209 et
2309 4154 2426 4223 ejus
2459 4153 2775 4207 verberibus
2804 4150 3084 4218 ﬂagellari,
3131 4162 3283 4218 spem

1711 4252 1804 4303 tibi
1830 4248 2224 4304 emendationis
2257 4262 2320 4301 ac
2344 4246 2534 4300 salutis
2562 4258 2847 4313 praesume.
2869 4241 3112 4297 Vit-inior
3130 4254 3285 4293 nam-

1708 4358 1815 4410 que
1857 4342 1951 4397 tibi
2000 4339 2384 4397 conversionis
2422 4347 2504 4392 cst
2539 4337 2652 4402 via,
2695 4351 2858 4407 quam
2903 4333 3007 4388 illis
3040 4332 3131 4399 qui
3184 4344 3286 4384 nec

1709 4450 1970 4503 peccasse
2020 4449 2077 4488 se
2124 4433 2343 4502 quidem
2396 4431 2661 4491 sentiunt,
2698 4444 2797 4482 nec
2845 4427 2897 4479 in
2932 4422 3142 4476 delictis
3171 4419 3285 4475 suis

9 4514 109 4565 uia
148 4522 216 4565 tu
250 4529 315 4566 es
349 4515 444 4580 qui
481 4513 672 4582 fecisti.
717 4514 828 4570 Iloc
860 4532 991 4571 sane
1026 4519 1410 4587 requirendum
1456 4525 1580 4580 vide
1636 4506 1678 4559 ί)
1713 4525 2127 4587 contristantur,
2149 4538 2248 4577 nec
2268 4521 2477 4591 ﬂagella
2510 4516 2857 4573 conscientia:
2881 4516 3180 4584 patiuntur.
3201 4508 3283 4563 Tn

10 4619 89 4667 tr,
120 4603 285 4672 quid
323 4611 409 4655 est
439 4605 579 4673 quod
616 4605 751 4659 dixit
786 4624 798 4658 :
844 4604 921 4658 Tu
946 4623 998 4659 es
1037 4609 1127 4674 qui
1152 4609 1342 4675 fecisti,
1387 4629 1487 4667 nec
1523 4624 1605 4667 ta-

10 4709 100 4750 len
148 4695 435 4765 adiunxit
462 4697 587 4764 quid
628 4697 836 4755 fecerit.
862 4697 967 4752 Sed
996 4701 1128 4753 ordo
1151 4700 1267 4769 ipse
1298 4717 1396 4756 nos
1428 4707 1602 4774 docet,

14 4790 265 4841 Ioniam
310 4788 530 4856 quidem
564 4787 961 4859 velntagonem
999 4792 1282 4859 quemdam
1329 4792 1467 4849 inter
1503 4813 1603 4852 nos

679 4906 719 4937 ⁸¹
746 4906 789 4960 ll
824 4908 948 4963 Cor.
986 4926 1064 4964 tv.
1140 4910 1183 4943 ⁶’
1212 4910 1376 4967 Hebr.
1407 4931 1506 4982 xtl,
1543 4920 1597 4975 5.

25 4999 345 5072 (70)ASed
377 5000 491 5072 navi
520 5015 611 5072 ego
635 5011 680 5053 et
699 5001 805 5072 alia
834 5003 1069 5072 flagella,
1102 5014 1205 5059 etc.
1238 5006 1439 5062 Catena
1492 5011 1594 5064 Da-

9 5069 443 5146 elis’Barlrari
480 5086 494 5122 :
529 5069 626 5146 βέῃ
657 5080 703 5124 et
729 5071 881 5146 aliud
913 5069 1245 5146 flagellorum
1300 5094 1485 5146 genus,
1533 5082 1597 5134 de

19 5143 166 5215 ibus
198 5141 455 5215 quidam
501 5140 633 5215 dicit
665 5155 685 5193 :
720 5141 851 5215 Quis
885 5140 1041 5215 dabit
1073 5142 1126 5196 in
1184 5140 1425 5215 cogitatu
1473 5140 1599 5205 tneo

16 5213 225 5288 gena,
258 5219 331 5261 ct
366 5210 423 5288 in.
446 5209 599 5288 labiis
631 5213 767 5264 meis
796 5212 1030 5280 sigillum
1073 5209 1394 5281 astutorum,
1429 5230 1487 5273 ut
1532 5236 1598 5277 ne

54 5280 620 5353 igumautiis_meis
675 5290 917 5347 parcant,
947 5291 1001 5335 et
1050 5294 1271 5353 peccata
1322 5280 1436 5340 mea
1493 5307 1597 5345 non

14 5346 420 5425 rdantﬁmc?
454 5346 587 5425 Petit
621 5346 759 5403 enim
814 5354 866 5403 iu
917 5346 1144 5419 peccatis
1191 5356 1453 5425 ﬂagellari
1510 5377 1601 5412 car

10 5438 151 5473 um.
209 5418 469 5487 Beatum
497 5420 633 5471 enim
664 5430 735 5472 est
768 5431 881 5487 post
919 5418 1145 5487 peccata
1191 5418 1226 5477 a
1267 5418 1599 5482 conscientia

9 5509 40 5543 τι
83 5488 374 5565 corripi.
407 5486 554 5565 Petit
579 5486 899 5565 veroptngas
932 5486 1186 5558 amoveri,
1221 5504 1331 5548 tum
1353 5513 1469 5565 qua:
1511 5516 1603 5564 per

10 5561 350 5612 Nationes
393 5560 618 5611 exterius
646 5562 982 5624 adhibentur,
1022 5572 1132 5615 tum
1163 5567 1324 5617 etiam
1363 5560 1602 5621 interio-

10 5650 15 5678 ;
49 5646 275 5703 :_nc_rm
311 5643 486 5703 supra
517 5631 730 5703 modum
764 5631 919 5703 afﬂigi
943 5633 1184 5703 interitus
1219 5635 1435 5703 quidam
1480 5650 1552 5691 est
1582 5656 1600 5691 .'

9 5700 95 5773 ad
126 5701 392 5773 timens
426 5696 1032 5773 ApostolusdilritNe
1075 5696 1240 5757 forte'
1268 5708 1357 5773 qui
1417 5708 1601 5767 huius-

9 5771 98 5823 idi
149 5777 296 5831 est,
335 5766 728 5822 abundantiori
757 5771 975 5824 tristitia
1009 5766 1364 5829 absorbeatur
1389 5794 1415 5829 a
1438 5780 1598 5831 Sata-

9 5884 23 5895 .
70 5841 354 5895 Catena
392 5835 635 5894 (ΣοΓιΙυιιί
675 5858 687 5895 :
722 5840 872 5893 Ἔστι
909 5843 1000 5895 καὶ
1054 5842 1177 5897 ἄλλο
1218 5840 1355 5911 εἶδος
1410 5847 1599 5919 μαστε-

38 4906 93 4937 “
127 4904 286 4961 lsai-
335 4921 483 4973 κων,
509 4907 601 4959 22.

1710 4616 1878 4688 699
1904 4632 2034 4684 ergo
2060 4616 2106 4671 si
2137 4615 2338 4669 videris
2379 4624 2429 4668 te
2457 4609 2715 4682 ﬂagellari
2758 4619 2812 4663 et
2845 4605 3082 4661 cruciari
3118 4604 3169 4657 in
3197 4618 3285 4657 ρος

1712 4710 2065 4780 gitationibns
2098 4709 2226 4768 tuis,
2261 4716 2314 4762 et
2361 4721 2511 4775 spem
2548 4702 2740 4759 salutis
2784 4701 2848 4754 de
2900 4697 3146 4768 proximo
3194 4706 3281 4748 at-

1716 4803 1959 4867 tendens,
1990 4800 2161 4855 dicito
2196 4799 2259 4853 de
2294 4797 2374 4851 bis
2414 4796 2505 4867 qui
2552 4802 2911 4866 peccaverunt
2938 4788 3153 4861 quidem
3208 4788 3283 4842 si-

1674 4922 1717 4953 ⁸³
1740 4920 1907 4976 Eccli.
1934 4933 2082 4981 χχιιι,
2112 4915 2163 4969 2.

1700 5031 1831 5085 γων,
1874 5016 2004 5084 περὶ
2040 5014 2114 5085 div
2154 5027 2318 5080 φησι’
2361 5008 2455 5085 Ἰξίῌς
2487 5005 2663 5085 (ξώσξι
2690 4999 2789 5085 ἐπὶ
2820 4996 2924 5084 to]?
2956 4993 3281 5085 diaglqtltgr

1849 5065 1966 5152 μοῦ
2001 5065 2333 5150 μάστὶαιῖαω
2373 5065 2660 5152 ΔίἒεὶςψοῦΔν
2701 5065 3133 5152 ἀπειστῆἰιαιρὰᾔ
3183 5065 3282 5152 ait):

1849 5129 2168 5221 ᾘάστῖγας,
2197 5129 2329 5210 ’τᾶξ
2395 5165 2451 5198 τε
2512 5143 2707 5221 {ﬁatfiat
2780 5129 3141 5221 ξιιτιιέειμένας1
3192 5129 3280 5181 διὰ

1704 5201 2054 5285 ἐτέὶρὶάῇῶνζ
2242 5201 2341 5280 τάξ
2381 5201 2618 5285 ἔσῳοεῖιη
2643 5210 2859 5285 Τᾲγᾲρ
2897 5201 3035 5285 ὑπὲρ
3068 5201 3279 5285 ,μέτρω

2389 5267 2533 5335 itaita
2573 5267 3036 5356 τὸνςηᾼίτέστολφιὲ,

1708 5342 2211 5431 έπερισσοτέῥᾳ
2241 5342 2407 5431 libari
2430 5345 2756 5431 uittataqofi.
2785 5342 3126 5431 stici-“allia

1710 5414 1812 5486 cies
1848 5414 2227 5501 Plagarumztie
2250 5414 2435 5494 quibus
2458 5424 2530 5474 ai!
2561 5436 2579 5473 ε
2611 5419 2741 5495 θυῖε
2767 5414 2915 5501 dim“
2939 5414 3112 5501 ""399.

1712 5483 1897 5572 plagas
1924 5483 1963 5551 ’ἴ
1986 5483 2144 5550 Ρειὲί
2167 5483 2286 5565 ergo
2318 5512 2363 5572 a_
2387 5508 2441 5546 se
2486 5483 2713 5572 (φιρυέιηὶ
2734 5564 2743 5572 Δ
2768 5483 3279 5572 play-as“

1709 5556 2030 5627 extr’insecus
2058 5583 2148 5633 per
2178 5556 2489 5620 teiitationes
2516 5560 2837 5633 inferantur.
2864 5566 3029 5631 quam
3063 5556 3277 5633 interro:

1709 5615 2425 5703 stipra‘iiiatlum
2467 5615 2684 5703 tt'i_s_litia
2740 5615 3275 5703 anici'dpern‘iciolstutu

1708 5693 2106 5765 estisecuudm'u
2134 5707 2437 5774 Apostolum
2468 5714 2484 5751 .'
2530 5697 2606 5750 Ne
2631 5693 3009 5748 abundantiori
3053 5693 3272 5739 tristitia

1710 5782 2085 5837 absorbeatur.
