3808 6518
70 318 182 376 “09

944 313 1250 370 SELECTA
1283 313 1349 369 IN
1385 311 1718 369 PSALMOS.
1754 346 1823 357 —
1857 315 2054 371 PSAL.
2091 316 2329 370 XXXIX.

3124 320 3261 377 1420

62 442 256 493 deantur
279 442 331 490 et
382 431 700 503 composita,
729 431 854 485 licet
890 434 1159 501 exquisita
1195 434 1425 505 quadam
1469 444 1585 489 arte
1613 440 1658 495 Α
1693 432 1832 501 apud
1857 440 1927 496 te,
1967 434 2140 490 incola
2175 445 2353 488 tamen
2384 446 2503 487 sum
2548 439 2603 487 et
2630 433 2947 504 peregrinus
2979 434 3117 504 apud
3162 444 3211 489 te
3248 451 3261 491 :

62 533 252 597 digesta.
293 524 495 592 Quanta
540 533 826 579 texuerunt
860 524 933 578 illi
972 526 1165 580 divites
1196 528 1287 595 qui
1327 537 1451 580 ante
1491 542 1588 581 nos

61 624 259 683 luerunt,
283 617 371 686 qui
405 618 620 673 divitias
650 620 817 673 variis
852 619 1059 673 artibus
1096 628 1149 673 et
1188 619 1395 674 callidis
1437 618 1587 673 adin-

59 710 359 767 ventionibus
385 713 806 782 congregabant,
830 713 920 783 qui
959 714 1328 783 magistratus,
1366 714 1456 782 qui
1490 714 1590 768 ho-

58 816 211 867 nores,
241 802 324 869 qui
351 801 665 857 consulatus
685 803 1224 859 diversa‘ambitione
1250 805 1587 873 quaerebant.

56 894 132 948 isti
152 906 320 947 omnes
354 892 488 947 telas
514 907 727 948 araneae
752 902 1064 949 texuerunt.
1105 893 1235 948 Tam
1258 894 1402 948 enim
1430 909 1587 959 vana,

54 997 147 1038 tam
172 982 342 1037 frivola
371 1000 531 1053 quam
561 994 646 1039 est
689 1000 901 1041 araneae
946 985 1204 1049 textrina,
1232 985 1449 1038 luerunt
1472 999 1589 1038 om-

52 1075 127 1127 nia
146 1089 253 1143 qua:
281 1074 559 1143 gerebant,
593 1084 647 1127 et
672 1083 954 1142 propterea
984 1074 1267 1129 tabefactaa
1293 1083 1419 1127 sunt
1447 1075 1584 1128 sicut

51 1177 235 1218 aranea:
274 1166 467 1219 anima:
518 1180 727 1220 eorum.
771 1165 1137 1220 Verumtamen
1178 1166 1381 1218 vanitas
1421 1167 1589 1218 omnis

47 1256 203 1309 homo.
231 1253 342 1309 Jam
372 1255 476 1310 hoc
507 1257 559 1309 in
590 1257 961 1324 superioribus
989 1255 1423 1324 cxplanavimus.

110 1344 188 1399 ll).
219 1343 425 1399 Exaudi
464 1348 755 1411 orationem
784 1362 976 1407 meam,
1008 1345 1166 1410 Deus,
1190 1356 1235 1399 et
1259 1348 1591 1414 ;deprecatio-

43 1454 147 1491 nem
178 1450 357 1499 meam,
396 1440 610 1490 auribus
645 1441 849 1505 percipe
887 1439 1149 1506 lacrymas
1189 1454 1347 1491 meas.
1371 1437 1589 1506 Oportet

44 1529 221 1581 iterum
250 1537 302 1581 et
330 1543 451 1582 cum
480 1528 948 1598 lacrymisoll‘erre
974 1529 1273 1584 orationem
1296 1529 1422 1593 Deo,
1450 1540 1498 1583 ct
1525 1545 1590 1583 ex

41 1620 229 1674 intimis
250 1620 667 1689 penetrabilibus
687 1622 737 1672 in
769 1634 981 1688 precem
1003 1619 1212 1674 Domini
1239 1621 1587 1681 commoveri,

37 1720 92 1762 ut
123 1724 269 1764 mens
307 1711 535 1765 credens
568 1710 634 1765 de
657 1710 864 1778 judicio
899 1709 1104 1774 futuro,
1152 1709 1586 1764 recordationem

1689 525 1814 593 quia
1850 534 1905 580 et
1943 540 2130 581 omnes
2153 537 2334 594 patres
2366 525 2467 579 mei
2522 525 2712 580 incola:
2758 526 2975 580 luerunt
3020 534 3074 580 et
3108 541 3264 595 pere-

1689 616 1828 685 grini
1864 619 2003 685 apud
2037 627 2088 672 te
2116 635 2129 671 :
2161 629 2217 672 et
2258 619 2534 674 Abraham
2560 631 2881 687 peregrinus
2906 627 2989 672 est
3017 620 3156 687 apud
3187 628 3258 679 te.

1690 708 1814 777 quia
1849 722 1956 761 non
1989 718 2108 762 erat
2152 723 2385 776 semper,
2420 710 2514 764 sed
2547 718 2677 763 tunc
2703 723 2822 763 esse
2849 708 3016 778 erepit
3047 710 3260 779 quandc

1693 810 1747 854 tu
1785 799 2025 864 voluisti,
2059 808 2112 854 et
2138 800 2286 854 Isaac
2314 809 2367 855 et
2392 800 2560 855 Jacob
2600 815 2654 856 et
2678 815 2867 855 omnes
2891 799 3044 868 justi.

1760 890 1847 944 12.
1875 889 2095 943 Remitte
2117 890 2246 942 mihi
2274 898 2328 943 ut
2348 890 2629 959 refrigerer
2654 891 2954 959 priusquam
2976 891 3182 957 abeam,
3212 898 3264 945 ίιι

1690 980 1914 1047 amplius
1948 996 2049 1033 non
2081 997 2191 1044 ero,
2227 979 2477 1050 quoniam
2518 980 2690 1036 incola
2720 996 2873 1036 sum:
2906 983 3078 1038 donec
3120 985 3261 1051 apud

1692 1082 1742 1127 te
1773 1088 1913 1133 sum,
1945 1072 2128 1125 tandiu
2159 1087 2307 1135 smn;
2341 1073 2385 1126 si
2419 1081 2599 1125 autem
2626 1086 2655 1124 a
2704 1081 2754 1125 te
2797 1073 3003 1134 exiero,
3053 1072 3260 1140 perdidi

1689 1162 1851 1216 etiam
1889 1163 1992 1218 hoc
2034 1162 2213 1231 ipsum
2261 1162 2403 1232 quod
2438 1177 2579 1227 sum,
2611 1172 2668 1217 et
2713 1178 2814 1217 ero
2863 1172 3115 1232 tanquam
3170 1165 3260 1233 qui

1692 1271 1795 1309 non
1824 1271 1964 1309 sum.
1985 1255 2226 1323 Denique
2252 1264 2532 1325 propterea
2561 1256 2626 1309 de
2644 1257 3019 1324 peccatoribus
3046 1258 3258 1311 dicit":

1692 1346 1757 1399 Et
1788 1357 1937 1400 erunt
1973 1356 2223 1416 tanquam
2271 1350 2361 1415 qui
2414 1364 2515 1400 non
2566 1356 2705 1401 sunt.
2747 1347 2808 1400 Et
2852 1348 2979 1403 alibi
3012 1349 3059 1379 ⁷⁸
3097 1368 3110 1403 :
3154 1350 3262 1413 Qui

1691 1440 1887 1491 vacarit
1908 1455 1967 1492 ea
1994 1454 2110 1503 qua:
2156 1454 2258 1491 non
2300 1450 2441 1496 sunt.
2484 1438 2709 1492 Remitte
2736 1441 2863 1492 mihi
2897 1451 2951 1493 ut
2986 1441 3263 1511 refrigerer

1689 1531 1995 1599 priusquam
2030 1531 2233 1593 obeam,
2280 1541 2327 1584 et
2377 1530 2601 1598 amplius
2648 1548 2749 1584 non
2805 1549 2913 1585 ero.
2968 1534 3260 1587 Sciendum

1694 1632 1872 1675 tamen
1906 1633 1989 1676 est
2019 1622 2161 1690 quod
2188 1623 2238 1675 in
2273 1621 2425 1676 nobis
2450 1632 2552 1685 est,
2588 1623 2700 1676 sive
2734 1632 2784 1676 ut
2821 1626 2993 1678 simus
3049 1626 3164 1679 sive
3203 1633 3264 1679 ut

1693 1730 1798 1769 non
1834 1715 2022 1769 simus.
2051 1716 2229 1769 Donec
2259 1717 2421 1770 etiam
2447 1718 2788 1771 adhaeretnus
2822 1717 2928 1772 Deo
2955 1727 3009 1773 et
3034 1719 3263 1773 inhaere-

35 1801 336 1855 delictorum
371 1816 587 1856 suorum
632 1816 735 1856 non
769 1802 973 1870 absque
1018 1802 1272 1871 lacrymis
1299 1809 1354 1852 et
1388 1800 1589 1853 lamﬂn-
1624 1804 1667 1864 Β
1698 1822 1816 1860 ntus
1841 1807 1887 1861 ei
1922 1806 2014 1875 qui
2063 1822 2190 1861 vere
2228 1817 2333 1870 est,
2361 1808 2525 1861 etiam
2556 1824 2657 1862 nos
2683 1825 2889 1864 smnus.
2937 1808 3031 1863 Sin
3078 1820 3258 1864 autem

34 1893 226 1944 latione
244 1900 541 1945 recenseat.
562 1892 695 1959 Quis
716 1893 986 1948 resolutus
1006 1892 1059 1947 in
1078 1891 1345 1961 lacrymas
1363 1891 1496 1944 dicit
1521 1892 1586 1945 ad

27 1979 305 2031 Dominum
349 1978 392 2006 ⁷³
431 1995 442 2028 :
482 1976 702 2045 Eﬂ'undo
746 1978 800 2029 in
846 1989 1117 2046 conspectu
1162 1988 1250 2031 tuo
1298 1981 1585 2032 orationem

25 2071 233 2124 meam?
275 2070 497 2121 Auribus
530 2086 650 2139 ergo
693 2072 897 2137 percipe
940 2071 1201 2139 lacrymas
1239 2088 1415 2136 meas,
1446 2081 1493 2124 et
1525 2087 1587 2124 ne

20 2163 196 2227 sileas,
229 2162 419 2232 inquit,
452 2179 483 2214 a
516 2178 615 2225 me,
644 2163 693 2216 id
723 2172 825 2223 est,
854 2178 938 2216 me
964 2172 1153 2217 orante
1182 2176 1252 2216 ne
1279 2163 1454 2218 sileas.
1482 2165 1587 2218 Sed

18 2256 185 2323 quid?
216 2257 401 2309 Adhuc
436 2256 687 2323 loquente
716 2270 799 2307 me
824 2256 926 2313 dic,
968 2254 1105 2307 Ecce
1134 2254 1348 2308 adsum.

86 2341 176 2395 il.
220 2340 356 2406 Quia
392 2341 563 2396 incola
602 2360 694 2413 ego
728 2362 843 2398 sum
886 2347 1027 2415 apud
1061 2357 1146 2411 te,
1190 2356 1239 2402 et
1284 2364 1587 2417 peregrinus

9 2430 145 2483 sicut
180 2448 358 2486 omnes
380 2445 552 2499 patres
578 2438 696 2489 mei.
723 2435 859 2501 Quia
888 2439 1203 2507 peregrinus
1224 2454 1367 2503 sum,
1392 2453 1586 2493 neces-

9 2524 158 2576 sario
192 2525 355 2578 etiam
383 2535 438 2579 et
477 2526 650 2581 incola
685 2542 827 2591 sum,
857 2544 962 2583 non
1001 2531 1145 2583 enim
1175 2544 1291 2583 sum
1335 2530 1479 2584 sicut
1511 2539 1587 2585 tu.

9 2613 84 2667 Tu
113 2617 268 2669 enim
295 2628 530 2672 :eternus
555 2632 613 2672 es
640 2619 806 2685 solus,
826 2630 879 2674 et
908 2636 1005 2675 nos
1032 2631 1290 2688 quantum
1317 2621 1592 2678 invenitur

7 2704 287 2760 habemus
319 2708 553 2764 initium.
589 2708 699 2778 Ego
729 2718 905 2765 autem
941 2712 985 2765 si
1018 2713 1211 2781 dignus
1238 2713 1444 2768 elliciar
1466 2729 1590 2771 esse

564 2912 854 2966 ΨΑΛΜΟΣ
893 2913 1017 2967 AG'.

81 3000 374 3071 Ἆνήγαγέ
396 3020 472 3072 με
498 3003 568 3056 ἐκ
614 3004 845 3060 λάκκου
871 3010 1297 3076 ταλαιπωρίας,
1348 3027 1400 3063 κ.
1436 3028 1510 3064 τ..
1532 3012 1579 3065 ὲ.

8 3094 224 3157 λάκκος
259 3095 632 3167 ταλαιπωρίας
660 3097 767 3167 (75)
796 3100 961 3151 κακία
992 3101 1085 3152 καὶ
1115 3101 1371 3169 ἀγνωσία.
1408 3118 1426 3152 ι
1474 3103 1584 3155 Καὶ

5 3186 251 3258 ἔστησεν
279 3190 368 3241 ἐπὶ
395 3190 600 3260 πέτραν
637 3192 762 3253 τοὺς
806 3192 974 3255 πόδας
1017 3210 1135 3261 μου.
1171 3212 1189 3244 ι
1242 3194 1422 3263 Πέτρα
1467 3194 1582 3245 ἐστὶ

5 3276 186 3340 πίστις
216 3278 511 3349 Χριστοῦ.ι
537 3281 643 3332 Καὶ
664 3280 955 3334 κατεύθυνε
987 3284 1053 3334 τὰ
1079 3283 1388 3352 διαδήματα
1411 3301 1511 3352 μου
1530 3300 1575 3333 ο»

5 3369 72 3419 aa
102 3369 210 3436 τῆς
249 3370 562 3439 πρακτικῆς
594 3371 687 3422 καὶ
732 3371 836 3423 τῶν
864 3372 1128 3442 ἀληθινῶν
1175 3373 1474 3443 δογμάτων.

53 3459 176 3511 Καὶ
215 3459 515 3512 ἐνέϐαλεν
535 3462 622 3525 είς
668 3461 734 3514 τὸ
763 3463 956 3530 στόμα
988 3480 1103 3531 μου
1145 3457 1309 3532 ᾆσμα
1352 3464 1582 3529 καινὸν,

5 3566 34 3600 :.
68 3564 123 3601 τ.
143 3549 196 3603 ὲ.
224 3549 394 3602 Μετὰ
408 3551 508 3620 τὴν
532 3550 801 3605 ἀπάθειαν
832 3553 940 3623 (74)
967 3554 1164 3625 ᾄδομεν
1194 3552 1345 3627 ᾆσμα
1378 3556 1582 3620 καινὸν,

6 3641 483 3707 ,νακαινισθέντος
514 3644 604 3697 τοῦ
636 3645 783 3699 οἴκου
812 3646 991 3716 ἡμῶν.

52 3733 314 3785 Θυσίαν
342 3732 441 3786 καὶ
473 3733 823 3803 προσφορὰν
848 3737 959 3789 οὐκ
990 3734 1327 3804 ἠθέλησας,
1354 3754 1407 3789 κ.
1438 3754 1487 3790 τ.
1535 3737 1582 3791 ἑ.

5 3821 236 3884 ὀύτους
274 3824 404 3886 τοὺς
427 3824 668 3892 στοίχους
696 3824 908 3897 (75)ιὲκ
939 3823 1228 3893 προσώπου
1272 3822 1365 3877 τοῦ
1401 3823 1583 3892 Σωτῆ-

6 3928 70 3973 ος
108 3912 388 3983 εἰρῆσθαι
421 3915 453 3983 ἡ
484 3915 617 3985 πρὸς
659 3914 937 3984 Ἐϐραίους
966 3916 1128 3984 φησὶν
1158 3911 1465 3984 Ἐπιστολὴ,
1492 3915 1584 3967 καὶ

5 4002 206 4055 ἴδωσιν
248 4003 510 4075 ἀφορμὴν
544 4003 661 4056 ὅλον
682 4004 773 4057 τὸν
805 4003 1017 4074 ψαλμὸν
1065 4005 1140 4068 ὡς
1183 4006 1246 4057 ὲκ
1292 4004 1581 4075 προσώπου

5 4111 147 4145 υτου
176 4110 361 4146 νοειν.

47 4185 505 4252 Ὀλοκαύτωμα
534 4183 794 4252 καὶπερὶ
838 4184 1127 4253 ἁμαρτίας
1169 4185 1281 4237 οὐκ
1325 4183 1578 4251 ᾔτησας,

5 4314 13 4325 .
57 4292 114 4327 τ.
160 4278 217 4329 ὲ.
262 4274 725 4345 Ὀλοκαυτώματα
775 4276 1007 4345 αἰσθητὰ
1055 4276 1117 4327 οὐ
1155 4274 1308 4345 ζητεῖ
1367 4275 1395 4327 ὀ
1449 4274 1581 4337 Θεός

6 4364 112 4435 6)·
131 4388 153 4418 ‹
177 4367 273 4421 Θυ
284 4364 380 4419 σία
400 4365 510 4435 γὰρ
547 4365 626 4435 τῷ
664 4360 784 4434 Θεῷ
812 4363 1027 4435 πνεῦμα
1051 4360 1530 4435 συντετριμμένον.
1548 4379 1567 4412 s

40 4450 155 4504 Ἐν
210 4450 511 4518 κεφαλίδι
567 4452 811 4516 βιϐλίου
858 4451 1175 4521 γέγραπται
1222 4452 1353 4518 περὶ
1406 4450 1573 4518 ἐμοῦ,

36 4559 96 4595 τ.
144 4543 207 4597 ἐ.
266 4542 555 4610 Κεφαλίδα
590 4544 793 4612 βιϐλίου
823 4544 932 4613 (77)
982 4545 1159 4595 πᾶσαν
1197 4542 1293 4613 τὴν
1348 4543 1574 4613 νομικὴν

5 4652 103 4702 γει
147 4635 441 4706 Γραφήν·
476 4636 647 4688 πᾶσαι
670 4636 778 4706 γὰρ
816 4638 893 4699 είς
927 4635 984 4687 ἒν
1019 4634 1430 4703 κεφαλαιοῦνται
1478 4635 1575 4702 τὴν

5 4730 309 4803 θόρῤησιν
342 4729 443 4799 τὴν
465 4732 592 4801 περὶ
629 4728 883 4801 Χριστοῦ.

10 4822 147 4875 Τοῦ
205 4818 479 4887 ποιῆσαι
526 4820 592 4873 τὸ
642 4818 869 4888 θέλημά
917 4834 1054 4883 σου,
1093 4836 1147 4871 κ.
1180 4835 1231 4870 τ.
1268 4820 1315 4872 ὲ.
1352 4816 1576 4888 Θὲλημα

5 4931 93 4982 γει
146 4914 295 4985 (-78)
325 4911 423 4966 τοῦ
472 4912 681 4982 Πατρὸς
710 4911 831 4965 καθ’
859 4912 887 4963 ὂ
914 4906 1014 4982 ἦρε
1056 4910 1153 4979 τὴν
1178 4910 1452 4979 ἁμαρτίαν
1481 4908 1573 4961 τοῦ

5 5024 198 5077 τμου.
251 5023 275 5055 ι
322 5004 400 5057 Οὐ
434 5004 542 5075 γὰρ
566 5001 747 5075 ἦλθον,
799 5005 953 5073 φησὶ,
1001 5001 1223 5072 ποιῆσαι
1270 5001 1330 5053 τὸ
1358 5000 1573 5071 Θέλημα

1694 1898 2116 1952 abscesserimus
2140 1901 2207 1952 ab
2230 1914 2294 1953 eo
2312 1909 2365 1952 et
2389 1917 2491 1953 non
2517 1901 2902 1955 adhwserimus
2926 1902 3034 1955 Deo
3054 1912 3256 1967 nostro,

1696 1989 1824 2043 vitio
1872 1991 1925 2043 in
1970 1993 2300 2044 contrarium
2362 1992 2679 2047 decidimus.
2716 1993 2831 2046 Non
2864 2009 2995 2063 ergo
3030 2010 3123 2062 per
3159 1994 3261 2049 hoc

1694 2081 2068 2135 substantialis
2126 2084 2322 2134 anima:
2359 2083 2675 2151 designatur
2712 2085 2982 2148 interitus,
3010 2088 3102 2139 sed
3154 2103 3257 2138 non

1692 2187 1812 2227 esse
1862 2174 2059 2228 dicitur
2098 2189 2221 2228 cum
2272 2176 2418 2230 ineo
2452 2194 2555 2231 non
2604 2191 2883 2243 pt'rtttanet
2912 2178 3003 2245 qui
3054 2194 3179 2231 vere
3208 2186 3263 2230 et
3308 2231 3317 2239 ,

1693 2280 1904 2334 semper
1936 2275 2040 2327 est,
2068 2281 2133 2320 ex
2177 2282 2283 2335 quo
2308 2269 2420 2337 ipse
2451 2283 2553 2324 est.
2582 2269 2870 2337 l’i-Opterea
2906 2286 3033 2338 ergo
3059 2279 3113 2323 et
3144 2284 3261 2323 ser-

1694 2370 1781 2409 mo
1802 2371 1901 2411 nos
1924 2358 2268 2427 prephetieus
2293 2359 2610 2412 adhortatur
2646 2362 2831 2413 dicens
2860 2360 2902 2390 ⁷⁷
2941 2374 2954 2408 :
2992 2358 3115 2411 Post
3153 2358 3261 2411 Do-

1693 2449 1888 2501 minum
1920 2447 2087 2503 Deum
2121 2460 2356 2504 nostrum
2398 2452 2609 2513 ibimus,
2646 2460 2693 2506 et
2722 2453 2822 2519 ipsi
2853 2451 3260 2505 adltwrebimus.

1694 2539 1798 2592 Sed
1837 2549 1891 2593 et
1918 2556 2016 2595 nos
2048 2542 2144 2609 ipsi
2175 2542 2464 2600 dicamus:
2496 2544 2725 2598 Adhwsit
2760 2544 2936 2596 anima
2988 2559 3103 2595 mea
3146 2550 3261 2608 post

1695 2638 1762 2691 te,
1803 2629 1857 2681 in
1907 2629 2125 2685 Christo
2154 2631 2279 2686 Jesn
2325 2635 2551 2687 Domino
2591 2644 2808 2699 nostro,
2846 2632 2931 2687 cui
2960 2640 3043 2686 est
3087 2633 3262 2687 honor

1695 2726 1751 2771 et
1791 2717 1962 2787 gloria
1998 2719 2051 2773 in
2086 2721 2282 2775 saecula
2316 2723 2660 2777 szeculorutn.
2690 2725 2880 2777 Amen.

2177 2918 2498 2976 PSALSIUS
2531 2912 2776 2973 XXXIX.

1759 3008 1923 3063 Vens.
1953 3009 2005 3063 5.
2052 3008 2250 3062 Eduxit
2293 3025 2372 3061 me
2401 3011 2464 3061 de
2502 3008 2619 3062 lacu
2657 3011 2903 3073 miserita,
2939 3018 3045 3063 etc.
3085 3009 3259 3063 Lacus

1688 3098 1923 3152 miseria:
1954 3105 2038 3151 est
2064 3098 2269 3152 malitia
2297 3100 2699 3167 ctignorantia.
2733 3115 2753 3148 ι
2788 3097 2854 3152 Ει
2876 3099 3069 3151 statuit
3099 3113 3260 3165 super

1687 3200 1893 3259 petram
1928 3190 2089 3258 pedes
2122 3204 2288 3243 meos.
2328 3208 2346 3241 ι
2406 3190 2562 3243 Petra
2597 3199 2680 3242 est
2711 3188 2844 3243 lides
2880 3188 3101 3243 Christi.
3138 3205 3159 3238 ι
3194 3188 3261 3243 Et

1686 3277 1886 3332 direxit
1923 3292 2143 3347 gressus
2186 3291 2356 3342 meos,
2392 3296 2412 3330 ι
2458 3278 2669 3331 actibus
2700 3286 2752 3331 et
2795 3277 2938 3332 veris
2970 3278 3256 3348 dogmatis.

1763 3455 1927 3509 Vens.
1964 3453 2104 3508 4.Et
2140 3454 2356 3508 immisit
2389 3454 2443 3507 in
2471 3470 2527 3507 os
2553 3470 2720 3507 meum
2753 3456 3011 3508 canticum
3048 3470 3255 3518 norum,

1686 3556 1789 3601 etc.
1840 3546 2135 3614 Postquam
2182 3545 2249 3600 ab
2280 3546 2429 3600 omni
2464 3544 2657 3600 affectu
2691 3545 2847 3599 liberi
2890 3544 3018 3600 facti
3049 3559 3257 3611 sumus,

1686 3636 1935 3690 cauimus
1962 3636 2231 3690 canticum
2272 3650 2498 3699 novum,
2540 3644 2796 3689 renovata
2847 3634 3005 3687 domo
3049 3644 3254 3687 nostra.

1757 3727 1917 3782 Vens.
1956 3727 2009 3779 7.
2052 3724 2382 3794 Sacriﬁcium
2424 3734 2473 3778 et
2519 3724 2831 3779 oblationem
2864 3724 3104 3789 noluisti,
3149 3735 3253 3777 etc.

1686 3819 1858 3873 Hosce
1898 3816 2201 3871 versiculos
2238 3833 2301 3872 es
2346 3831 2578 3886 persona
2609 3815 2909 3871 Salvatoris
2940 3816 3112 3869 dictos
3135 3830 3258 3870 esse

1689 3907 1855 3961 tradit
1896 3906 2133 3975 Epistola
2172 3908 2237 3961 ad
2286 3906 2562 3971 llebrazos,
2591 3914 2645 3959 et
2679 3904 2882 3974 praebet
2915 3905 3254 3958 occasionem

1684 4007 1853 4052 totum
1902 3998 2044 4052 hunc
2086 3998 2351 4066 psalmum
2392 4014 2456 4053 ex
2500 3998 2742 4068 ejusdem
2790 4010 3018 4066 persona
3059 3995 3256 4049 intelli-

1682 4090 1861 4162 gelidi.

1753 4180 2136 4247 Holocaustum
2168 4192 2217 4235 et
2264 4197 2358 4250 pro
2412 4190 2622 4247 peccato
2655 4195 2759 4233 non
2812 4177 3113 4247 postulasti,
3143 4190 3252 4232 etc.

1680 4271 2008 4327 llolocausta
2054 4272 2331 4327 sensibilia
2362 4288 2465 4326 non
2507 4271 2744 4340 postulat
2786 4271 2969 4333 Deus;
3010 4288 3027 4319 ι
3075 4270 3253 4323 Sacri-

1678 4363 1859 4418 ficium
1896 4365 2039 4419 enim
2071 4365 2178 4417 Deo
2208 4364 2432 4433 spiritus
2464 4361 2875 4418 contribulatus.
2910 4379 2929 4412 ι

1747 4455 1910 4509 Vnus.
1942 4454 1996 4508 8.
2042 4454 2108 4508 In
2140 4456 2312 4522 capite
2342 4455 2461 4507 libri
2509 4455 2767 4521 scriptum
2789 4459 2865 4504 est
2905 4450 2968 4502 de
2998 4465 3099 4511 me,
3137 4460 3246 4503 etc.

1678 4546 1853 4617 Caput
1881 4548 2005 4601 libri
2034 4559 2191 4603 vocat
2216 4562 2431 4601 omnem
2471 4546 2810 4614 Scripturam
2843 4542 3088 4610 legalem.
3117 4542 3247 4595 Om-

1679 4654 1776 4694 nes
1802 4641 1944 4695 enim
1986 4640 2283 4710 Scriptura:
2335 4638 2489 4708 quasi
2542 4638 2593 4691 in
2649 4634 3027 4704 compendium
3076 4637 3247 4704 quod-

1678 4729 1802 4785 dam
1836 4732 2086 4799 rcdigunt
2116 4731 2520 4801 praedictionem
2545 4728 2609 4781 de
2636 4726 2873 4780 Christo.

1751 4822 1906 4890 70],
1954 4821 2113 4875 Vens.
2145 4820 2198 4876 9.
2235 4820 2302 4873 Ut
2336 4819 2561 4886 {acerem
2586 4814 2900 4870 voluntatem
2932 4822 3094 4877 tuam,
3134 4824 3239 4869 ele.

1679 4910 2026 4965 Voluntatem
2062 4909 2237 4963 Patris
2284 4907 2561 4974 intelligit,
2596 4909 2887 4962 secundum
2928 4920 3086 4973 quam
3123 4905 3241 4957 tulit

1676 5011 1956 5071 peccatum
1992 5002 2197 5055 mundi.
2232 5018 2251 5051 ι
2286 4997 2400 5053 Non
2432 5001 2575 5053 enim
2598 4997 2745 5064 veni,
2768 4997 2944 5065 inquit
2972 4994 3038 5060 ⁷⁸,
3062 4992 3241 5046 facere

5 5121 50 5153 "
89 5120 287 5176 Psal.
333 5134 476 5182 CXLI,
500 5119 553 5173 3.
630 5121 675 5151 ⁷⁸
713 5120 850 5173 Abd.
887 5119 972 5172 16.
1049 5120 1095 5150 ⁷⁸
1128 5118 1281 5173 Rom.
1316 5134 1390 5183 tv,
1422 5118 1507 5171 t7.

1701 5118 1790 5175 sal.
1829 5135 1963 5186 an,
1984 5121 2038 5175 9.
2113 5118 2159 5152 ⁷⁸
2187 5117 2337 5173 Joan.
2378 5132 2430 5184 v,
2455 5116 2545 5174 50.

5 5230 162 5300 ιύεροι
204 5228 451 5299 χρόνον,
476 5228 553 5300 είς
584 5229 854 5299 ἁμαρτίας
878 5227 1178 5292 ἐξώλισθεν.
1225 5228 1564 5281 Assimilatur

6 5298 162 5354 'néw
192 5298 445 5363 propter
485 5298 820 5366 fragilitatem
845 5301 1096 5366 quidquid
1129 5310 1367 5365 peccator
1414 5301 1561 5357 terit.

5 5370 330 5424 mturnvis
359 5378 528 5437 tenue,
558 5371 882 5437 quantumvis
914 5369 1111 5421 varium
1131 5369 1368 5432 exsistat,
1414 5367 1563 5433 juxta

15 5443 56 5492 d
102 5441 325 5491 Isaia:
358 5450 372 5487 :
405 5436 562 5491 Telas
588 5452 800 5491 aranea:
830 5448 1039 5490 texunt.
1077 5437 1361 5505 Increpans
1402 5439 1565 5505 igitur

6 5528 23 5563 t
72 5511 197 5579 qui
234 5508 503 5579 docebat,
542 5508 612 5557 ait
636 5524 659 5579 7:
694 5506 891 5575 Plagas
918 5518 962 5559 et
1007 5523 1216 5579 manum
1246 5518 1389 5558 luant
1422 5522 1562 5558 mtu-

5 5583 42 5641 ἓ,
87 5577 156 5633 ἐι
195 5577 498 5630 tabescere
545 5578 712 5643 feciin
753 5578 981 5629 animam
1040 5577 1174 5644 ejus,
1224 5593 1376 5644 quam
1430 5586 1565 5628 atte-

16 5652 107 5702 «ςιί
150 5650 234 5701 ob
271 5646 569 5698 utilitatem
598 5645 709 5713 ejus
745 5648 1029 5711 propriam.
1062 5642 1202 5697 Νηηι
1230 5642 1437 5714 quando
1473 5647 1561 5698 de-

6 5724 45 5775 's
98 5719 468 5789 fruebatur,
501 5716 553 5767 in
584 5726 849 5782 peccatum
874 5715 1206 5783 impingebat.

1764 5230 1830 5283 75

1764 5301 1829 5354 74

1764 5371 1829 5424 75

1738 5433 1851 5511 (76)
1890 5433 2373 5511 Ὀλοκαὺτώματα
2406 5433 2659 5503 αἰσθητὰ
2694 5437 2764 5488 οὑ
2799 5433 2954 5500 ζητεῖ
2981 5434 3013 5484 ὀ
3069 5433 3232 5495 Θεός,

1871 5230 2106 5295 Λάκκος
2122 5230 2647 5295 ταλαιπο.ιρίας,αῐο.
2661 5226 2839 5282 Codex
2856 5222 3144 5279 Coisliuian
3154 5234 3236 5274 us.

1881 5302 2041 5353 Μετὰ
2070 5300 2182 5367 τὴν
2203 5298 2492 5353 ἀπάθειαν
2510 5340 2522 5362 ,
2556 5309 2658 5350 etc.
2685 5298 2846 5367 ldcnt.

1877 5360 2137 5436 Τοῦτο-οξ
2155 5370 2295 5435 τοὺς
2315 5360 2618 5436 στοίχους,
2634 5376 2738 5420 etc.
2755 5366 2953 5436 catena
2972 5360 3233 5436 Corderii.

1833 5229 1850 5439 ξ

1673 5519 1778 5565 etc.
1805 5510 1984 5564 Codex
2011 5510 2391 5566 Cuislinianus.

1741 5579 1851 5647 (77)
1882 5578 2186 5647 Κεφαλίὸα
2204 5579 2471 5641 βιϐλίου,
2504 5584 2623 5647 etc.
2652 5572 2853 5627 Catena
2888 5569 3157 5625 (Zorderii.

1741 5581 1827 5647 (77
1882 5579 2186 5647 Κεφαλίδα
2204 5579 2471 5641 βιϐλίου,
2515 5584 2623 5628 etc.
2652 5579 2853 5627 Catena
2888 5579 3071 5625 (lorttet

1738 5579 1851 5720 (78)
1878 5650 2115 5718 Θέλημα
2147 5648 2330 5716 λέγει,
2365 5656 2470 5702 etc.
2501 5646 2720 5697 Eadem.
3068 5682 3071 5685 .
