3944 6386
181 236 303 290 HIS

1189 231 1495 287 Sil-LECTA
1534 232 1597 285 IN
1640 230 1973 287 PSALMOS.
2016 264 2085 276 --
2119 232 2311 287 PSAL.
2356 231 2447 286 XL

3284 235 3421 292 HM

176 352 397 416 ενδεεῖς,
455 349 487 420 ἢ
556 350 793 404 συνιέναι
854 351 943 403 τῖον
1005 352 1266 416 ἑκουσίως
1329 352 1736 424 πτωχεύσαντα.

1849 366 1968 417 nos,
2006 352 2089 407 vel
2118 362 2176 407 ut
2207 355 2577 425 intelligamus
2610 368 2731 409 cum
2764 353 2857 424 qui
2904 353 3263 411 Voluntariam
3299 372 3418 412 am-

236 535 445 601 Κύριος
478 530 785 600 ,ϐοηθῆσαι
817 528 976 597 αὐτῷ
1002 532 1099 585 ἐπὶ
1135 534 1352 600 κλίνης
1378 533 1601 601 ὀδύνης
1631 534 1738 586 αὑ-

170 623 289 688 τοῦ,
311 642 362 676 κ.
398 642 448 677 τ.
474 621 716 695 ὲ.⁴Κλξνη
739 624 929 697 ὀδύνης
962 624 1072 695 (84)
1101 625 1162 677 τὸ
1194 624 1353 695 σῶμά
1377 627 1490 678 ἐστι
1521 627 1617 696 τῆς
1645 643 1739 679 τα-

168 715 485 780 πεινώσεως.
511 735 528 767 ι
569 717 735 787 Ὅλην
766 718 864 789 τὴν
890 716 1076 787 κοίτην
1106 716 1270 771 αὑτοῦ
1298 716 1562 788 έστρεψας
1586 719 1643 771 ὲν
1671 720 1736 790 τῇ

166 810 439 883 ἀρρωστίᾳ
465 808 648 863 αὑτοῦ.
691 830 710 862 ι
748 810 891 881 Πρὺς
924 808 990 862 τὰ
1018 810 1226 879 ἀμείνω
1260 810 1735 881 μετενεχθήσεται,

167 904 311 973 φησὶ,
345 903 439 956 καὶ
471 902 771 975 μεταϐολὴν
800 903 910 967 ἔξει
938 903 1075 975 πρὸς
1092 902 1413 973 εὐρωστίαν.
1444 903 1604 967 Ἕθος
1630 904 1738 975 γὰρ

164 998 227 1066 τῇ
264 996 451 1067 Γραφῇ
483 995 581 1067 τὴν
623 994 858 1067 στροφὴν
886 994 1007 1047 ἀντὶ
1040 995 1137 1064 τῆς
1173 994 1474 1067 μεταϐολῆς
1510 996 1734 1059 τιθέναι,

167 1088 238 1152 ὡς
291 1089 368 1142 τό·
421 1107 440 1140 ι
491 1087 798 1159 Ἔστρεψας
841 1088 933 1141 τὸν
989 1087 1217 1141 κοπετόν
1277 1104 1379 1158 μου
1432 1089 1513 1151 είς
1563 1088 1736 1160 χαρὰν

168 1178 303 1249 ἐμοί.
336 1196 355 1231 ι

238 1273 297 1323 Οἱ
321 1270 524 1339 ἐχθροί
539 1286 659 1338 μου
685 1264 863 1321 εἶπαν
888 1266 1042 1321 κακά
1070 1286 1194 1337 μοι,
1237 1284 1293 1321 κ.
1326 1285 1376 1322 τ.
1402 1269 1447 1321 ἐ.
1480 1269 1543 1323 Oi
1572 1269 1738 1339 ἀόρα-

165 1379 243 1414 τοι
281 1361 388 1425 (8⁸5)
423 1359 517 1413 τοῦ
561 1360 813 1431 Σωτῆρος
850 1358 1007 1431 ήμῶν
1045 1360 1227 1431 ἐχθροὶ
1260 1360 1532 1432 ἠθέλησαν
1573 1362 1735 1415 αὐτὸν

165 1444 471 1516 ἀποθανεῖν,
521 1452 597 1515 ὡς
626 1453 713 1505 ἵνα
747 1453 977 1507 σϐέσωσι
1020 1453 1118 1524 τὴν
1163 1453 1320 1518 δόξαν
1347 1454 1443 1507 τοῦ
1476 1456 1736 1527 ὀνόματος

165 1544 341 1598 αὑτοῦ·
368 1542 502 1597 ἀλλὰ
533 1542 670 1614 πρὸς
691 1542 769 1612 τῷ
792 1543 865 1613 μὴ
902 1542 1195 1596 ἀπολέσθαι
1228 1546 1322 1598 καὶ
1348 1544 1553 1616 κάμψει
1580 1547 1637 1598 ὲν
1659 1544 1737 1615 τῷ

162 1637 379 1707 ὀνόματι
421 1635 595 1704 Ἰησοῦ
627 1636 734 1688 πᾶν
763 1635 913 1703 γόνυ,
945 1634 1039 1689 καὶ
1067 1638 1219 1690 πᾶσα
1243 1636 1462 1705 γλῶσσα
1483 1636 1735 1709 ἐξομολο-

1845 430 2040 513 plexos
2068 452 2151 497 est
2181 454 2578 513 paupertatem.

1918 535 2085 589 Vens.
2116 534 2169 588 4.
2218 535 2472 590 Dominus
2521 553 2667 606 apem
2710 536 2845 606 [erat
2889 537 2970 590 itii
3024 553 3183 607 super
3227 537 3421 593 lectum

1845 627 2045 681 doloris
2071 627 2212 696 ejus,
2242 636 2353 682 etc.
2384 627 2581 684 Lectus
2619 630 2822 685 doloris
2858 646 3056 700 corpus
3090 640 3173 687 est
3197 632 3421 687 humili-

1847 720 1996 775 tatis.
2038 739 2055 772 ι
2090 720 2415 776 Universum
2451 731 2684 777 Stratum
2724 722 2843 792 ejus
2880 725 3108 779 versasti
3161 725 3213 779 in
3264 725 3420 779 inllr-

1848 811 2033 864 mitate
2062 811 2198 879 ejus.
2233 829 2252 862 ι
2298 810 2379 864 Ad
2430 812 2649 866 meliora
2699 812 3078 881 transferetur,
3132 815 3421 885 inquit,et

1846 903 2197 958 mutationem
2219 904 2441 958 habebit
2471 905 2537 957 ad
2570 905 2883 959 sanitatem.
2913 905 3063 962 Solet
3091 909 3235 962 enim
3265 907 3417 963 Scri-

1846 1004 2002 1064 ptura
2028 996 2441 1052 conversionem
2480 1011 2578 1066 pro
2612 998 2912 1052 mutatione
2950 1015 3171 1068 ponere,
3210 1010 3267 1054 nt
3293 1017 3417 1055 cum

1844 1088 1974 1143 dicit
1997 1089 2043 1122 "
2073 1109 2086 1145 :
2128 1109 2145 1141 ι
2180 1089 2507 1147 Convertisti
2551 1090 2829 1160 planctum
2863 1106 3040 1145 meum
3068 1092 3118 1146 in
3159 1094 3412 1165 gaudium

1844 1183 1995 1237 mihi.
2030 1202 2048 1235 ι

1920 1277 2082 1332 Vens.
2126 1277 2180 1331 6.
2228 1276 2446 1331 Inimici
2483 1280 2584 1332 mei
2628 1278 2878 1332 dixerunt
2921 1277 3063 1331 mala
3101 1280 3263 1344 mihi,
3307 1291 3412 1334 etc.

1844 1370 2147 1424 lnvisiliiles
2181 1368 2486 1425 Salvatoris
2509 1373 2680 1424 nostri
2707 1371 2918 1425 inimici
2956 1372 3205 1425 volebant
3242 1372 3414 1440 ipsum

1846 1461 2115 1525 occidere,
2147 1470 2203 1514 ut
2232 1461 2460 1531 gloriam
2507 1461 2745 1515 nominis
2785 1463 2900 1531 ejns
2950 1462 3357 1532 exstinguerent
3387 1480 3401 1523 ;

1844 1567 2058 1618 verum,
2084 1554 2276 1607 nedum
2309 1553 2601 1617 interierit,
2645 1554 2696 1607 in
2737 1556 2954 1608 nmnine
2980 1554 3141 1607 etiam
3168 1551 3294 1607 Jesn
3326 1552 3421 1607 ﬂc-

1843 1653 2027 1698 ctetur
2090 1659 2249 1699 omne
2304 1660 2467 1715 genu,
2502 1655 2557 1699 et
2615 1645 2794 1699 omnis
2847 1645 3026 1716 lingua
3067 1644 3419 1700 conﬁtebitur

161 1731 405 1801 γήσεται.
458 1731 649 1793 Εἶποις
674 1728 731 1782 δὲ
762 1728 924 1783 αὐτὸν
973 1731 1067 1783 καὶ
1098 1730 1239 1803 ὑπὲρ
1277 1729 1386 1785 τῶν
1433 1730 1601 1784 αὑτοῦ
1636 1748 1736 1802 μα-

1846 1734 1912 1789 ei.
1980 1734 2171 1788 Dicere
2235 1750 2452 1805 quoque
2525 1738 2697 1804 possis
2746 1736 2919 1802 ipsum
2991 1750 3088 1804 pro
3143 1736 3420 1805 discipulis

162 1822 335 1894 θητῶν
376 1822 703 1895 ποιήσασθαι
741 1824 839 1894 τὴν
869 1822 1053 1893 εὐχὴν,
1085 1822 1178 1888 οὓς
1211 1824 1402 1896 ὥσπερ
1435 1824 1613 1895 ψυχὴν
1641 1824 1740 1876 αὑ-

158 1914 254 1967 τοῦ
306 1916 673 1986 τυγχάνοντας
719 1915 947 1985 νοσῆσαι
999 1918 1115 1969 κατ’
1148 1919 1355 1970 ἐκεῖνον
1410 1916 1608 1987 συνέϐη
1645 1916 1737 1969 τὸν

160 2007 347 2078 καιρὸν
403 2008 498 2060 καὶ
546 2008 948 2080 ἡμαρτηκέναι,
981 2010 1069 2063 ὅτε
1115 2010 1313 2074 πάντες
1353 2010 1738 2075 καταλιπόντες

158 2100 317 2152 αὑτὸν
345 2099 566 2170 ᾤχοντο,
602 2101 809 2173 Πέτρος
832 2102 889 2155 δὲ
925 2104 1018 2158 καὶ
1050 2103 1231 2174 τρίτον
1261 2103 1558 2173 ἠρνήσατο.

228 2193 333 2246 Καὶ
369 2196 421 2246 εί
450 2196 863 2261 εἰσεπορεύετο
896 2194 1003 2250 τοῦ
1046 2195 1213 2257 ἰδεῖν,
1257 2195 1458 2264 μάτην
1506 2195 1734 2260 ἐλάλει,

153 2302 213 2337 κ.
248 2303 297 2338 τ.
332 2287 378 2338 ὲ.
406 2287 468 2339 Ui
494 2287 714 2354 ἀφανεῖς
745 2287 853 2357 (86)
882 2289 977 2341 καὶ
991 2287 1254 2359 ὁρώμενοι
1285 2288 1466 2360 ἐχθροὶ
1498 2287 1737 2360 Χριστοῦ

154 2374 382 2429 θάνατον
412 2374 559 2446 αὐτῷ
604 2376 1029 2440 κατεσκεύαζον.
1075 2378 1134 2430 '0
1167 2375 1224 2429 δὲ
1284 2377 1484 2440 Ἰούδας
1518 2378 1736 2429 εἰσεπο-

156 2465 345 2538 ρεύετο
380 2468 478 2537 μὲν
509 2467 603 2520 τοῦ
654 2467 779 2520 ἰδεῖν
807 2467 874 2520 τὰ
918 2468 1197 2539 γινόμενα,
1243 2468 1337 2521 καὶ
1384 2469 1653 2539 λεγόμενα
1680 2471 1738 2521 ἐν

152 2558 512 2629 παραϐολαῖς,
558 2559 737 2612 ἐλάλει
776 2558 832 2612 δὲ
885 2560 1079 2631 μάτην,
1123 2559 1216 2614 an
1251 2560 1325 2631 μὴ
1358 2559 1552 2631 χωρῶν
1599 2560 1738 2614 αὑτά

152 2654 365 2725 νοῆσαι,
390 2652 478 2705 διὰ
514 2653 612 2723 τὴν
638 2651 1055 2720 τυφλώττουσαν
1084 2651 1246 2706 αὑτὸν
1275 2653 1495 2706 κακίαν.
1533 2653 1737 2724 Ἀρμό-

150 2745 236 2810 ζει
256 2746 311 2799 δὲ
343 2746 403 2799 τὸ
430 2745 593 2817 ῥητὸν
613 2746 706 2798 καὶ
730 2746 861 2798 πᾶσι
882 2747 996 2807 τοῖς
1024 2744 1313 2817 ἀπόρρητα
1334 2744 1735 2816 ἐπαγγελλομέο

149 2855 265 2901 νοις
290 2840 402 2900 τοῖς
456 2836 802 2908 ὲτεροδόξοις.
839 2837 908 2888 Ἦ
940 2836 1044 2901 ἔξω
1079 2836 1171 2889 τοῦ
1204 2837 1458 2908 Σωτῆρος
1496 2836 1590 2889 καὶ
1641 2837 1738 2907 τῆς

148 2928 263 2981 τῶν
290 2926 603 2981 ἀποστόλων
647 2926 1031 2991 καταστάσεως
1071 2926 1174 2998 ἤδη
1224 2927 1517 2998 γενόμενος
1560 2927 1736 2998 μάτην

146 3020 349 3083 ἐλάλει,
391 3019 711 3073 διδάσκαλον
758 3016 1182 3089 προσαγορεύων
1219 3017 1313 3070 τὸν
1355 3016 1580 3089 Κύριον,
1635 3016 1734 3086 τῆς

146 3074 379 3185 καρδίας
408 3109 572 3167 αὐτοῦ
601 3074 831 3181 ἀνομίας
872 3074 1302 3180 συναγαγούσης.
1336 3074 1504 3173 Οὗτος
1534 3074 1590 3163 δέ
1640 3074 1733 3163 κάλ
1761 3074 1803 3131 C

145 3205 603 3276 ἐκπορευόμενος,
645 3203 921 3256 τουτέστιν
954 3202 1057 3269 ἔξω
1092 3203 1193 3272 τῆς
1231 3201 1405 3273 Ἰησοῦ
1438 3201 1735 3273 μαθητείας

143 3295 455 3366 γινόμενος,
487 3294 666 3348 ἐλάλει
708 3294 800 3347 ἐπὶ
828 3293 888 3345 τὸ
926 3293 1059 3347 αὐτὸ
1088 3295 1199 3355 τοῖς
1228 3293 1543 3363 Φαρισαίοις
1592 3292 1731 3346 κατὰ

140 3385 247 3440 τοῦ
295 3386 566 3456 Σωτῆρος,
622 3384 717 3438 καὶ
765 3383 939 3453 λάθρα
996 3383 1093 3454 τὴν
1141 3383 1427 3453 προδοσίαν
1470 3382 1729 3438 ἐκινοῦτο.

160 3478 319 3534 Ἀλλά
349 3478 442 3533 καὶ
480 3477 575 3531 τοῦ
623 3475 836 3549 πονηρὰ
871 3474 1331 3545 διαλογιζομένου,
1365 3474 1579 3529 καὶτοῦ
1614 3478 1735 3528 ἐπι-

141 3570 399 3634 νοοῦντος
423 3569 490 3623 τὰ
518 3567 819 3640 αἱρετικάή
846 3567 1041 3637 καρδία
1062 3567 1280 3635 συνάγει
1310 3568 1537 3637 ἀνομίαν
1562 3564 1729 3635 αὐτῷ·

148 3661 305 3720 ὅστις
357 3657 463 3713 κᾶν
531 3657 674 3728 λάϐῃ
700 3698 714 3721 ,
774 3658 1130 3729 ἐκπορεύεται
1158 3658 1283 3723 ἔξω.
1346 3659 1482 3728 Περὶ
1547 3651 1623 3712 ὧν
1656 3656 1733 3710 εἶ’-

145 3768 335 3825 ρηταιο
372 3769 391 3802 ι
436 3750 560 3813 Τοῖς
604 3749 664 3802 δὲ
713 3749 817 3816 ἐξω
861 3753 918 3805 ὲν
957 3751 1310 3823 παραϐολαῖς·
1343 3770 1361 3803 ι
1388 3750 1501 3817 καὶ,
1539 3768 1557 3802 ι
1593 3750 1732 3814 Τοὺς

139 3844 350 3912 ἔξωθεν
379 3845 407 3896 ὁ
427 3841 558 3907 Θεὸς
592 3841 785 3914 κρίνει.
823 3862 841 3893 ι

218 3936 318 4003 Μὴ
351 3937 384 3988 ό
409 3932 772 4003 κοιμώμενος
803 3931 937 3999 οὐχὶ
968 3932 1301 4001 προσθήσει
1326 3933 1430 3986 τοῦ
1470 3931 1732 4000 ἀναστῆ-

132 4040 274 4093 ναι;
301 4044 355 4081 κ.
387 4042 441 4079 τ.
472 4026 521 4077 ἑ.
564 4022 900 4092 Ἀναγκαίως
932 4023 1042 4095 (87)
1076 4023 1220 4092 λέγει
1247 4027 1313 4096 τῇ
1346 4026 1601 4096 κοιμήσει
1632 4027 1731 4097 τὴν

132 4118 447 4173 ἀνάστασιν
484 4116 732 4169 ἕπεσθαι.
796 4116 858 4168 Ἡ
917 4115 974 4169 δὲ
1016 4115 1267 4187 κοίμησίς
1312 4118 1459 4170 ἐστιν
1514 4120 1542 4171 ὁ
1570 4116 1732 4171 θάνα-

130 4225 260 4271 τος.
338 4206 671 4276 Ἀναγκαίως
735 4204 811 4276 τῷ
864 4204 1078 4277 θανάτῳ
1143 4206 1499 4279 ἀκολουθήσει
1556 4210 1652 4263 καὶ
1696 4210 1729 4279 ἠ

131 4300 465 4364 ἀνάστασις.

218 4394 305 4447 Σὺ
336 4392 423 4457 δὲ,
450 4392 644 4461 Κύριε,
684 4390 948 4458 ἐλέησόν
961 4406 1057 4459 με,
1090 4407 1145 4445 κ.
1169 4407 1220 4445 τ.
1249 4391 1295 4443 ὲ.
1329 4390 1431 4444 Τὸν
1450 4391 1596 4445 ἔλεον
1614 4392 1725 4463 (88)
1761 4412 1807 4471 ι)

131 4485 243 4540 καὶ
271 4485 370 4556 τὴν
399 4484 693 4538 ἀνάστασιν
717 4483 815 4552 οὐχ
844 4482 1041 4553 ἐαυτῷ,
1072 4482 1183 4535 ἀλλ’
1211 4484 1342 4553 ἡμῖν
1380 4485 1538 4537 αἰτεῖ.
1572 4485 1727 4537 Ἐστι

126 4579 199 4634 δὲ
221 4577 285 4631 τὸ
316 4578 434 4647 μὲν,
482 4596 498 4628 ι
530 4576 832 4645 άνάστησόν
867 4592 954 4645 με,
993 4594 1011 4626 ι
1044 4574 1546 4648 ἀνθρωποπρεπῶς·
1579 4577 1639 4629 τὸ
1669 4576 1726 4630 δὲ

134 4690 156 4723 ι
204 4667 574 4723 ἀνταποδώσω
598 4667 804 4731 αὐτοῖς,
845 4686 862 4718 ›
887 4665 1087 4737 δηλαδὴ
1108 4669 1221 4730 τοῖς
1246 4667 1480 4737 ἐχθροῖς,
1509 4668 1728 4744 θεν-ρε-

125 4759 285 4825 πῶς.
331 4759 631 4830 Ἑπιχαίρει
668 4757 725 4811 δὲ
777 4759 889 4821 τοῖς
927 4755 1257 4827 ἡττωμένοις
1285 4759 1314 4810 ὁ
1349 4757 1559 4830 ἐχθρός.
1592 4757 1725 4814 Εἶτα

1841 1838 2032 1891 orare,
2090 1840 2244 1893 quos.
2293 1840 2415 1880 cum
2463 1827 2615 1895 quasi
2666 1826 2843 1880 anima
2883 1824 2998 1890 eius
3046 1836 3249 1891 essent,
3290 1839 3422 1881 cono

1846 1918 1961 1986 tigit
2011 1917 2103 1971 illo
2154 1927 2396 1988 tempore
2446 1927 2738 1986 :egrntasse
2788 1927 2844 1973 et
2877 1930 3159 1986 peccasse,
3204 1923 3420 1987 quando

1840 2022 2030 2061 omnes
2072 2007 2187 2076 ipso
2216 2008 2408 2062 relicto
2440 2006 2713 2077 fugerunt,
2768 2018 2822 2062 et
2868 2007 3060 2061 Petrus
3115 2007 3282 2061 etiam
3339 2016 3421 2062 ter

1843 2098 1990 2151 illum
2018 2098 2257 2166 negavit.

1913 2190 2080 2244 Vsus.
2107 2189 2159 2241 7.
2190 2188 2256 2242 Et
2284 2191 2330 2243 si
2353 2191 2749 2261 ingrediebatur
2773 2204 2826 2244 ut
2846 2193 3062 2254 videret,
3083 2209 3217 2246 varia
3246 2191 3420 2261 laqueo

1840 2280 2018 2345 batur,
2048 2290 2157 2336 etc.
2185 2280 2395 2335 Occulti
2425 2291 2480 2337 et
2509 2281 2780 2337 manifesti
2806 2282 3011 2338 inimici
3041 2284 3241 2340 Chriz‘.‘
3268 2302 3419 2339 mor-

1842 2378 1949 2424 tem
1991 2370 2040 2424 ei
2094 2370 2569 2426 machinabantur.
2623 2370 2792 2428 Judas
2848 2389 2975 2428 vero
3016 2374 3420 2445 ingrediebatur

1840 2460 2083 2529 quidem,
2116 2471 2177 2515 ut
2200 2463 2411 2518 videret
2431 2479 2494 2518 ea
2545 2480 2665 2535 qua:
2702 2467 2903 2522 ﬁebant
2931 2450 2987 2523 et
3012 2467 3334 2523 dicebantur
3365 2469 3418 2522 in

1841 2552 2150 2621 parabolis;
2193 2553 2519 2624 loquebatur
2548 2566 2730 2612 autem
2756 2574 2912 2624 vane,
2949 2560 3147 2629 quippe
3186 2559 3278 2628 qui
3310 2574 3418 2613 non

1841 2644 2058 2700 valebat
2109 2645 2211 2700 ista
2266 2650 2733 2716 comprehendere
2788 2662 3009 2722 pr0pter
3052 2660 3419 2707 excaecanteni

1842 2737 2016 2807 ipsum
2061 2739 2350 2793 malitiam.
2387 2740 2648 2810 Congruit
2691 2745 2855 2797 etiam
2891 2744 3094 2798 dictum
3130 2743 3263 2799 illud
3302 2760 3422 2798 om-

1841 2826 2020 2892 nibus,
2046 2829 2138 2896 qui
2169 2844 2371 2884 arcana
2410 2833 2682 2897 nuntiant,
2712 2832 3085 2889 heterodoxis.
3117 2832 3211 2889 Vel
3236 2850 3360 2889 cum
3389 2850 3417 2887 a

1841 2915 2123 2973 Saivatore
2158 2928 2212 2973 et
2244 2922 2614 2989 apostolorum
2650 2926 3064 2979 conversatiOne
3092 2925 3208 2996 jam
3246 2927 3418 2981 desci-

1840 3011 2049 3075 visset,
2103 3026 2241 3066 vane
2291 3012 2631 3082 loquebatur,
2691 3030 3081 3087 praeceptorem
3126 3018 3414 3073 Dominum

1836 3105 2137 3175 appellans,
2162 3106 2290 3159 dum
2325 3122 2422 3162 eor
2459 3107 2604 3164 illitis
2640 3109 2981 3176 iniquitatem
3036 3121 3415 3181 congregaret.

1836 3196 1936 3252 llic
1971 3200 2097 3252 item
2136 3198 2445 3269 egrediens,
2494 3201 2545 3254 id
2586 3210 2670 3254 est
2724 3218 2752 3253 a
2800 3198 2926 3256 .lesn
2980 3203 3261 3273 disciplina
3319 3207 3414 3259 dc-

1835 3290 2101 3356 sciscens,
2130 3292 2455 3362 loquebatur
2480 3291 2601 3347 inid
2621 3294 2793 3359 ipsum
2832 3293 3125 3350 Pliarismis
3153 3297 3417 3352 adversus

1837 3380 2201 3451 Salvatorem,
2230 3396 2283 3441 et
2330 3385 2470 3441 clam
2524 3385 2775 3439 movebat
2818 3387 3203 3455 proditionem.
3240 3389 3412 3456 Quin-

1834 3474 1997 3527 etiam
2040 3490 2136 3529 cor
2165 3491 2330 3546 prava
2380 3476 2671 3546 cogitantis
2713 3488 2770 3532 et
2816 3477 3071 3534 haeretica
3119 3482 3410 3538 commini-

1835 3566 2038 3620 scentis
2086 3579 2383 3639 congregat
2433 3569 2779 3637 iniquitatem
2845 3570 2984 3635 sibi,
3041 3571 3155 3639 qui,
3194 3575 3410 3642 quando

1834 3661 2128 3729 acceperit,
2165 3661 2312 3718 foras
2334 3665 2637 3733 egreditur.
2673 3662 2745 3717 De
2774 3665 2973 3733 quibus
2998 3667 3201 3721 dictmu
3227 3680 3310 3722 est
3328 3669 3407 3725 “’7

1839 3768 1858 3800 ι
1893 3751 1962 3805 lis
1992 3754 2080 3821 qui
2115 3752 2248 3808 foris
2281 3766 2408 3808 sunt
2433 3756 2485 3808 in
2519 3758 2825 3825 parabolis;
2868 3777 2887 3811 ι
2924 3767 2980 3813 et
3006 3758 3052 3789 “
3085 3775 3099 3813 :
3129 3776 3149 3811 ι
3183 3758 3289 3813 Eos
3320 3760 3412 3829 qni

1835 3841 1968 3897 foris
1999 3854 2149 3909 sunt,
2195 3844 2336 3899 Deus
2359 3846 2592 3916 judicat.
2632 3868 2651 3902 ι

1906 3936 2068 3991 Vsus.
2093 3937 2146 3992 9.
2174 3936 2431 4009 Nunquid
2448 3941 2767 4009 quidarmit,
2794 3960 2895 3997 non
2922 3944 3135 4008 adiicret
3160 3953 3211 3997 ut
3238 3961 3414 3999 resur-

1832 4026 1960 4097 gat?
1996 4038 2103 4084 etc.
2164 4030 2306 4085 Dicit
2365 4035 2823 4090 resurrectionem
2876 4037 3235 4090 necessariam
3291 4053 3412 4092 esse

1833 4118 2179 4174 dormitionis
2228 4124 2530 4193 sequelam.
2588 4125 2854 4179 Dormitio
2889 4139 3067 4180 autem
3102 4137 3184 4182 est
3240 4145 3406 4184 mors.

1834 4207 2060 4266 Mortem
2092 4216 2399 4269 necessario
2428 4228 2688 4285 sequetur
2713 4219 3064 4272 resurrectio.

1901 4381 2061 4451 703
2092 4384 2255 4438 Vens.
2292 4385 2374 4439 ll.
2403 4384 2477 4437 Tu
2509 4398 2708 4449 autem,
2743 4387 2978 4449 Domine,
3015 4389 3256 4442 miserere
3279 4394 3401 4449 mei,

1830 4484 1933 4530 etc.
1967 4473 2393 4531 Misericordiatn
2418 4488 2474 4531 et
2511 4478 2963 4533 resurrectionem
3002 4494 3107 4533 non
3148 4481 3250 4535 sibi
3277 4483 3402 4551 ip~i,

1826 4564 1921 4618 sed
1962 4566 2118 4620 nobis
2149 4569 2302 4643 petit.
2348 4568 2446 4622 Est
2471 4578 2650 4624 autem
2694 4570 2846 4634 illud,
2874 4587 2893 4621 ι
2928 4571 3192 4627 resuscita
3234 4588 3340 4639 me,
3380 4595 3399 4626 ι

1827 4657 2063 4712 humano
2103 4675 2255 4714 more
2278 4659 2515 4724 dietum;
2542 4659 2681 4714 istud
2709 4659 2837 4715 vero
2862 4677 2882 4713 ι
2925 4663 3219 4718 retribuam
3254 4664 3355 4730 eis,
3382 4685 3399 4716 ι

1833 4766 2028 4819 nempe
2063 4752 2320 4818 inimicis,
2351 4752 2557 4806 divino.
2602 4751 2815 4808 Gaudet
2842 4762 3024 4808 autem
3057 4755 3310 4813 inimicus
3338 4762 3405 4813 de

122 4854 308 4910 πάλιν
350 4851 833 4925 ἀνθρωπινώτερον
858 4848 983 4921 ἔφη’
1017 4869 1034 4901 ι
1082 4850 1169 4902 Ἐν
1202 4849 1377 4921 τούτῳ
1406 4850 1600 4919 ἔγνων,
1639 4854 1721 4906 ὅτι

1846 4842 2156 4897 idversariis
2184 4844 2472 4913 superatis.
2510 4843 2712 4899 Deinde
2733 4859 2924 4900 rursus
2957 4846 3199 4902 lmmano
3253 4864 3404 4903 more

115 4945 441 5019 τεθέληκάς
461 4961 549 5017 με,
587 4962 606 4997 ι
635 4942 691 4997 έν
718 4959 777 4996 τε
790 4941 867 5013 τῷ
891 4940 1107 5012 ἐλεῆσαι
1129 4942 1222 4994 καὶ
1248 4937 1733 5012 ἀναστῆσαι.Τουτο

111 5043 293 5095 ἐστιν
344 5038 656 5108 ἠγάπησας·
689 5035 748 5087 ὲν
773 5033 966 5106 ἀγάπῃ
992 5035 1100 5106 γάρ
1132 5035 1239 5087 πᾶν
1268 5032 1512 5104 θελητὸν.
1556 5032 1720 5103 Ἑμοῦ

108 5135 190 5188 δὲ
234 5132 570 5193 ἀναστάντος
607 5129 667 5181 οὐ
702 5128 776 5199 μὴ
818 5129 1052 5197 ὲπιχαρῇ
1096 5129 1124 5180 ὁ
1169 5127 1266 5197 τῆς
1306 5126 1722 5199 ἀνθρωπότητος

108 5224 333 5296 ἐχθρὸς
378 5224 407 5276 ὁ
449 5221 712 5287 διάϐολος,
751 5224 780 5273 ὁ
810 5221 902 5273 τὸν
925 5220 1154 5275 θάνατον
1190 5219 1255 5272 δι’
1287 5220 1558 5290 ἁμαρτίας
1583 5222 1721 5273 ἐπα-

206 5384 257 5416 ”
286 5383 432 5439 Ps‘al.
475 5380 743 5448 xxtx,12.
820 5381 865 5414 ⁸³
891 5380 1056 5436 Marc.
1085 5396 1157 5445 Iv,
1199 5381 1286 5434 ll.
1363 5378 1409 5410 ⁸⁵
1435 5377 1450 5432 1
1477 5378 1602 5433 Cor.
1635 5394 1686 5444 ν,
1724 5376 1785 5431 l5

209 5547 329 5618 (84)
359 5545 552 5618 Κλίνη
588 5542 835 5611 ὀδύνης,
862 5555 971 5618 et_c.
1002 5541 1189 5618 Codex
1219 5541 1609 5618 Coislinianns.

211 5613 332 5681 (85')
366 5619 430 5669 οι
457 5616 717 5682 ἀόρατοι,
746 5628 852 5669 etc.
883 5613 1084 5668 Catena
1118 5614 1385 5667 (Lordcrii.

205 5688 329 5762 (86)
354 5690 419 5741 Ol
445 5685 715 5753 ἀέαιοεῖς,
741 5698 844 5739 ctc.
874 5684 1095 5739 Eadem.

1824 4932 1961 4986 dixit
1994 4948 2007 4984 ;
2056 4950 2075 4983 ι
2099 4930 2156 4987 ln
2185 4934 2287 4988 hoc
2317 4934 2571 5003 c0gnovi,
2607 4934 2865 5003 quoniam
2903 4937 3121 4991 voluisti
3152 4953 3256 5004 me,
3296 4957 3316 4990 ›
3350 4939 3401 4994 id

1823 5034 1909 5080 est
1939 5024 2253 5081 miserando
2285 5036 2341 5082 et
2365 5028 2766 5083 resuscitando.
2814 5027 2927 5085 lloc
2952 5040 3059 5092 est,
3104 5028 3344 5083 dilexisti
3382 5048 3397 5084 :

1824 5130 1951 5170 nam
1989 5118 2042 5172 in
2082 5119 2373 5174 dilectione
2396 5131 2482 5176 est
2500 5136 2662 5177 omne
2692 5121 3073 5177 desiderabile.
3110 5119 3192 5174 Me
3218 5130 3397 5175 autem

1827 5221 2145 5280 resurgente
2186 5228 2288 5265 non
2322 5213 2580 5282 gaudebit
2610 5214 2969 5269 humanitatis
3004 5212 3258 5268 inimicus
3286 5211 3403 5267 dia-

1898 5529 2007 5602 (87)
2060 5529 2429 5602 Ἇναγκιιίως,
2460 5537 2578 5602 etc;
2603 5520 3197 5602 Coder‘Cni‘sliniatuts.

1896 5594 2008 5675 (88)
2052 5603 2159 5654 Τὸν
2175 5594 2504 5666 ἔλεον,ειε.
2541 5596 2743 5651 Catena
2772 5594 3037 5648 Cordem.
