3944 6386
553 289 691 345 “15
1977 295 2069 350 EX
2103 295 2117 347 l

2231 293 2404 350 BENE
3677 298 3704 349 4
3727 297 3802 351 ιιι

551 407 730 472 holus,
765 405 857 478 qui
905 419 1138 464 mortem
1185 425 1282 482 per
1309 421 1589 482 peccatum
1623 412 1823 467 intulit.
1860 412 1952 468 Vel
1981 413 2117 467 forte

2231 409 2429 480 γαγών.
2467 411 2536 464 Ἢ
2577 411 2715 482 τάχα
2761 413 2853 466 καὶ
2902 414 3187 479 Ἰουδαίους
3225 415 3546 470 αἰνίττεται.
3590 415 3706 471 Καὶ
3744 422 3802 483 τὲ,

552 499 715 554 etiam
743 499 958 555 Iudaeos
1005 501 1201 559 innuit.
1236 503 1368 561 Illud
1399 517 1603 572 autem,
1637 528 1654 559 ι
1695 517 1914 578 propter
1958 507 2117 561 inno-

2235 520 2254 554 s
2295 505 2428 576 ἐμοῦ
2477 506 2536 559 δὲ
2567 501 2655 556 διὰ
2676 504 2774 574 τὴν
2803 505 3062 566 ἀκακίαν,
3099 507 3255 578 »ἤτοι
3275 507 3567 578 ἀμίαντον,
3606 509 3801 578 ἀνθρω-

553 591 810 655 centiam,
845 611 864 642 ι
898 608 995 647 seu
1040 595 1402 668 integritatem
1422 640 1436 664 ,
1466 599 1704 653 humano
1734 615 1884 654 more
1915 598 2117 654 dictum

2231 598 2526 668 πινώτερον
2569 596 2802 669 εἴρηται.
2866 595 3300 670 Ἐὁεσαιώθημεν
3345 598 3400 652 δὲ
3467 601 3525 651 ὲν
3572 601 3800 671 Χριστῷ.

550 689 652 734 est.
704 681 872 737 Porro
920 687 1222 741 conlirmati
1270 705 1458 749 sumus
1503 692 1556 744 in
1601 691 1836 756 Christo,
1875 692 2033 761 idque
2065 690 2117 744 iu

2231 691 2325 745 καὶ
2369 690 2524 743 τοῦτο
2583 689 2811 743 ἐνώπιον
2862 687 2957 741 τοῦ
3005 689 3216 758 [ἰατρὸς
3247 689 3545 760 γενόμενον
3599 692 3682 753 εἰς
3733 690 3804 742 air:

551 783 847 843 conspectu
878 775 1052 830 Patris
1078 780 1277 834 factum
1304 791 1388 834 est
1415 782 1468 835 in
1500 792 1784 836 aeternum.
2232 787 2422 841 aitva

2142 911 2206 922 φ-

1087 996 1408 1052 ΡεΑιιιυε
1449 997 1584 1050 XLI.

631 1085 790 1144 Vens.
815 1091 868 1144 5.
890 1089 1064 1145 Sitivit
1083 1091 1260 1143 anima
1278 1106 1394 1142 mea
1415 1091 1481 1142 ad
1510 1092 1692 1155 Deum,
1719 1099 1824 1144 etc.
1848 1089 1930 1143 Ad
1955 1087 2123 1142 Deum

554 1180 748 1233 sitiunt
789 1180 841 1234 hi
883 1181 977 1250 qui
1026 1181 1078 1232 in
1131 1179 1428 1248 Evangelio
1489 1190 1709 1248 propter
1762 1179 1906 1234 sitim
1969 1194 2122 1233 suam

553 1270 700 1325 beati
733 1270 1118 1341 praedicantur.
1163 1268 1279 1323 Non
1341 1270 1497 1335 dixit,
1545 1269 1731 1325 Sitivit
1779 1270 1958 1324 anima
2004 1284 2122 1324 mea

553 1363 760 1425 Deum;
823 1377 928 1416 non
983 1361 1126 1415 enim
1177 1361 1344 1414 Deum
1400 1360 1532 1414 hibil
1593 1359 1813 1424 anima;
1865 1362 1960 1414 sed
1995 1379 2015 1412 ι
2052 1361 2121 1415 ad

555 1454 759 1518 Deum;
792 1471 810 1504 ι
843 1466 1063 1507 sanctus
1099 1453 1241 1506 enim
1290 1452 1407 1506 sitit
1447 1466 1510 1505 ea
1544 1466 1668 1521 quae.
1696 1450 1762 1504 ad
1783 1451 1975 1516 Deum,
1991 1465 2119 1519 spe-

551 1556 735 1611 ctant;
764 1547 901 1600 sicut
927 1553 1178 1615 peccator
1216 1560 1322 1599 nou
1355 1560 1416 1600 ea
1447 1560 1565 1614 qua:
1585 1545 1651 1598 ad
1683 1543 1850 1598 Deum
1882 1543 1976 1597 sed
2001 1557 2121 1611 qua:

551 1637 618 1691 ad
663 1639 990 1693 mundanam
1030 1638 1349 1699 vitam.‘vel
1387 1637 1452 1691 ad
1504 1635 1776 1690 diabolum
1822 1634 2116 1704 pertinent.

551 1731 692 1796 Quin
724 1741 778 1784 et
803 1729 1052 1784 Salvator
1088 1730 1328 1783 substitit
1349 1737 1406 1782 et
1447 1727 1766 1782 exclamavit
1803 1727 1990 1781 dicens
2018 1725 2065 1757 ⁸³
2103 1742 2115 1777 :

2786 984 3077 1038 ΨΑΛΜΟΣ
3102 985 3242 1040 MA'.

2311 1083 2632 1150 Ἐδίψνησεν
2653 1080 2690 1147 ἡ
2719 1076 2889 1146 ψυχή
2917 1095 3036 1146 μου
3060 1078 3208 1144 πρὸς
3233 1075 3399 1141 Θεὸν,
3433 1094 3489 1128 κ.
3519 1093 3577 1130 τ.
3607 1077 3655 1128 ὲ.
3677 1077 3799 1146 Πρὸς

2227 1177 2317 1229 τὸν
2346 1175 2477 1228 Θεὸν
2507 1173 2616 1243 (89)
2644 1169 2870 1238 διψῶσιν
2909 1170 2956 1220 οἱ
2995 1169 3054 1220 ἐν
3104 1167 3182 1237 τῷ
3231 1167 3555 1237 Εὐαγγελίῳ
3589 1170 3689 1220 ἐπὶ
3745 1169 3801 1236 τιξ-

2228 1270 2386 1340 διψᾷν
2419 1266 2864 1340 μακαριζόμενον..
2901 1261 3013 1315 Οὐκ
3051 1257 3221 1314 εἶπεν·
3269 1262 3562 1331 Ἐδίιξρησεν
3603 1265 3634 1331 ἡ
3674 1261 3801 1330 ψυχή

2232 1377 2333 1431 μου
2350 1360 2439 1412 τὸν
2468 1356 2622 1420 Θεὸν,
2651 1356 2710 1408 οὐ
2737 1352 2847 1425 γὰρ
2875 1351 3006 1404 Θεὸν
3031 1351 3172 1404 πίνει
3201 1353 3234 1421 ἡ
3268 1349 3435 1422 ψυχὴ,
3467 1353 3615 1406 ἀλλά
3633 1373 3652 1402 ι
3685 1351 3803 1421 πρὸς

2221 1450 2312 1504 τὸν
2327 1451 2482 1506 Θεόν.
2508 1447 2626 1500 »Τὰ
2645 1449 2756 1516 γὰρ
2774 1445 2908 1516 πρὸς
2939 1443 3072 1497 Θεὸν
3106 1447 3134 1498 ὁ
3167 1445 3319 1512 ἅγιος
3354 1443 3511 1514 διψᾷ,
3547 1443 3746 1513 ὥσπερ
3785 1445 3802 1495 ἐ

2223 1539 2542 1610 ἁμαρτωλὸς
2571 1537 2636 1590 τὰ
2667 1535 2740 1608 μὴ
2765 1535 2900 1607 πρὸς
2931 1535 3083 1597 Θεὸν,
3112 1534 3245 1588 ἀλλὰ
3270 1537 3335 1588 τὰ
3359 1535 3502 1605 πρὸς
3537 1535 3803 1604 κοσμικὴν

2223 1631 2389 1702 ζωὴν,
2419 1631 2452 1703 ἢ
2484 1630 2552 1683 τὰ
2573 1630 2707 1702 πρὸς
2738 1629 3000 1682 διάϐολον.
3041 1630 3149 1680 Καὶ
3177 1630 3206 1679 ὁ
3234 1627 3424 1700 Σωτὴρ
3463 1627 3526 1680 δὲ
3569 1630 3800 1697 εἰσ·τὴκεῖ

2223 1724 2319 1776 καὶ
2348 1721 2542 1794 ἔκραζε
2591 1723 2782 1790 λέγων·
2846 1740 2865 1772 ι
2906 1721 3029 1775 Ἐάν
3078 1737 3161 1784 τις
3202 1720 3349 1790 διψᾷ,
3384 1719 3645 1790 ἐρχέσθω
3682 1719 3802 1788 πρὸς

555 1841 575 1872 ι
617 1821 672 1875 Si
708 1822 830 1890 quis
864 1821 1012 1886 sitit,
1051 1821 1232 1874 veniat
1265 1822 1331 1874 ad
1373 1835 1490 1886 me,
1536 1827 1593 1874 et
1640 1819 1806 1872 bibat.
1840 1837 1860 1870 ι
1899 1818 1961 1871 Et
1991 1818 2115 1886 quia

2231 1831 2313 1884 με,
2334 1813 2427 1867 καὶ
2461 1813 2680 1868 πινέτω.
2721 1830 2742 1864 s
2774 1811 2882 1865 Καὶ
2915 1812 2996 1864 ὅτι
3033 1812 3180 1881 μόνοι
3207 1811 3256 1862 οἱ
3285 1812 3431 1878 ἅγιοι
3469 1809 3806 1880 deﬁceret

549 1915 650 1968 soli
677 1914 848 1969 sancti
875 1915 1213 1984 apparebunt
1236 1922 1362 1968 ante
1394 1913 1586 1968 faciem
1617 1912 1742 1975 Dei,
1773 1911 1866 1980 qui
1908 1910 2054 1964 illam
2088 1925 2116 1962 a

549 2007 925 2074 peccatoribus
967 2007 1184 2062 avortit.
1229 2006 1322 2062 Vel
1351 2021 1474 2061 cum
1498 2007 1640 2060 Deus
1672 2002 2116 2073 providentialem

549 2114 702 2153 suam
733 2100 986 2153 virtutem
1029 2114 1057 2152 a
1101 2099 1299 2169 popqu
1327 2098 1632 2160 avertisset,
1662 2099 1825 2150 vitam
1858 2097 1995 2150 banc
2028 2098 2120 2150 de-

547 2190 874 2261 plorabant;
907 2191 1015 2246 Deo
1051 2203 1229 2246 autem
1277 2189 1528 2246 volebant
1557 2189 1802 2244 obviare.
1851 2187 2116 2243 Caeterum

547 2283 650 2337 hoc
669 2282 941 2346 dicebant,
968 2298 1090 2338 cum
1133 2283 1202 2336 ab
1243 2283 1396 2337 omni
1423 2281 1629 2336 macula
1675 2280 1877 2350 expiati
1927 2288 2116 2342 erant;

546 2379 636 2444 qui
673 2376 817 2430 enim
849 2386 1244 2445 coitspurcatus
1270 2384 1374 2441 est,
1412 2375 1458 2430 is
1483 2374 1620 2428 dicit
1643 2373 1690 2407 ⁸⁸
1719 2389 1735 2427 :
1769 2390 1789 2424 ι
1817 2372 2018 2426 Averte
2040 2369 2120 2423 fa-

541 2467 686 2522 cit-tn
723 2481 866 2521 tuam
895 2484 924 2520 a
960 2469 1196 2538 peccatis
1225 2467 1380 2522 meis.
1422 2486 1441 2520 ι

619 2562 893 2632 Ejusdem.
945 2562 1002 2616 Si
1047 2561 1241 2615 faciem
1288 2559 1382 2614 Dei
1426 2558 1600 2629 angeli
1647 2558 1833 2612 vident
1881 2571 2115 2626 semper,

547 2654 772 2722 angelus
799 2655 990 2722 utique
1017 2651 1355 2722 concupiscit
1385 2649 1505 2704 fieri
1535 2649 1700 2703 David
1727 2658 1784 2703 et
1819 2648 2000 2702 videre
2034 2646 2120 2700 fa-

547 2745 684 2799 ciem
713 2744 832 2798 Dei.

622 2923 791 2979 Vens.
831 2924 886 2978 ι.
924 2923 1158 2978 Fusrunt
1196 2924 1328 2977 mihi
1377 2922 1626 2994 lucryma
1655 2937 1804 2986 ιιιεω,
1834 2931 1943 2977 etc.
1969 2919 2117 2988 Quo—

548 3033 668 3071 rum
721 3017 974 3087 lacryune
1021 3031 1188 3086 panes
1232 3026 1384 3083 unt,
1438 3015 1582 3070 beati
1614 3015 1705 3084 qui
1760 3013 1892 3070 ﬁent
1935 3014 2116 3069 modo.

546 3107 782 3165 Perfecti
813 3109 910 3161 viri
942 3118 1026 3162 est
1056 3111 1156 3162 hoc
1182 3122 1337 3176 posse
1355 3107 1536 3162 dicere
1561 3122 1576 3159 :
1601 3106 1860 3176 quoniam
1885 3105 1977 3175 qui
2011 3105 2116 3159 im-

546 3203 824 3274 perfectus
863 3209 972 3263 est,
1019 3202 1064 3255 is
1107 3199 1176 3254 ob
1221 3208 1479 3253 externas
1522 3211 1608 3253 res
1650 3197 2030 3263 conturbatur,
2065 3203 2122 3252 et

546 3295 782 3346 animam
819 3303 976 3346 extra
1005 3306 1063 3345 se
1088 3289 1268 3353 habet,
1300 3288 1561 3344 deformis
1585 3297 1642 3342 et
1667 3288 2027 3357 reprehensus
2050 3288 2119 3344 ab

547 3387 828 3449 omnibus,
865 3386 989 3438 dum
1016 3380 1198 3436 verbis
1229 3380 1464 3434 animam
1497 3378 1752 3434 denudat.
1789 3379 1839 3434 is
1861 3393 1990 3434 vero
2027 3379 2118 3448 qui

547 3483 773 3532 sanctus
804 3484 909 3538 est,
941 3490 970 3526 a
992 3474 1152 3527 rebus
1169 3470 1535 3527 exterioribus
1556 3469 1794 3524 animum
1824 3486 1979 3525 suum
2009 3471 2120 3526 col-

554 3567 694 3635 ligit.
726 3565 829 3632 Qui
865 3577 1048 3620 autem
1097 3580 1162 3619 ex
1205 3562 1402 3618 aﬂ'ectu
1443 3562 1806 3634 lacrymatur,
1849 3562 2120 3633 lacrymas

546 3675 676 3715 snas
714 3663 886 3715 instar
909 3661 1066 3728 panis
1103 3657 1481 3724 tnanducahit;
1515 3671 1620 3710 non
1651 3656 1824 3710 solum
1857 3656 1908 3709 iu
1961 3658 2120 3710 rebus

548 3751 843 3820 prosperis,
891 3765 1026 3818 quas
1060 3749 1202 3804 diem
1253 3756 1434 3814 vocat,
1492 3746 1591 3802 sed
1634 3749 1798 3803 etiam
1851 3748 2116 3813 adversis,

546 3860 680 3912 quas
707 3853 917 3896 noctem
953 3843 1215 3896 nominat.

617 3933 781 4005 794
821 3934 1091 4003 Ejusdem.
1125 3932 1268 3987 Nihil
1299 3932 1519 4002 perinde
1562 3933 1733 3987 nutrit
1763 3947 1827 3987 ac
1871 3930 2120 4001 planctus

547 4025 640 4080 ille
671 4029 762 4094 qui
798 4027 969 4079 nutrit
999 4027 1261 4080 animam.
1295 4025 1446 4082 Beati
1471 4025 1562 4096 qui
1608 4026 1741 4080 flent
1767 4027 1947 4090 modo,
1985 4040 2119 4096 quo~

547 4119 690 4172 niam
720 4115 990 4170 ridebunt.

622 4209 758 4262 Dum
783 4208 982 4261 dicitur
1022 4207 1149 4260 mihi
1187 4206 1419 4276 quotidie
1445 4220 1463 4256 :
1495 4203 1597 4259 σω
1646 4215 1720 4259 est
1767 4204 1902 4258 Deus
1943 4216 2062 4258 tuus
2093 4206 2120 4258 .9

545 4313 653 4357 etc.
701 4301 879 4366 Deus,
915 4312 1186 4370 quatenus
1231 4299 1410 4369 opifex
1434 4339 1449 4363 ,
1491 4308 1573 4352 est
1605 4299 1656 4354 iu
1709 4300 1958 4354 omnibus
1997 4315 2117 4370 quae

543 4395 689 4452 facta
719 4405 878 4459 sunt;
912 4402 1180 4462 quatenus
1219 4393 1392 4446 virtus
1414 4402 1468 4447 et
1497 4393 1759 4463 sapientia
1792 4432 1809 4458 ,
1852 4394 1906 4446 in
1942 4394 2118 4447 omni-

2218 1905 2300 1976 τῷ
2318 1903 2594 1975 προσώπῳ
2614 1903 2706 1956 τοῦ
2724 1902 2879 1967 Θεοῦ,
2909 1903 3305 1974 ἀποτρέποντος
3325 1903 3456 1955 αὐτο
3490 1904 3606 1955 ἀπὸ
3643 1905 3790 1974 ἁμαρ

2217 1998 2424 2052 τωλῶν.
2445 1996 2510 2050 Ἦ
2541 1999 2615 2062 ὡς
2633 1996 3068 2069 ἀποστρέψαντος
3100 1995 3190 2050 τοῦ
3207 1997 3338 2050 Θεοῦ
3369 1997 3466 2066 τὴν
3504 1999 3802 2066 stomun?)

2219 2090 2384 2143 αὑτοῦ
2400 2090 2624 2160 δύναμιν
2651 2089 2758 2142 ἀπὸ
2787 2088 2881 2142 τοῦ
2904 2088 3056 2150 λαοῦ,
3084 2089 3423 2160 ἀπεθρήνουν
3437 2089 3544 2160 τὴν
3577 2089 3802 2142 ἐνταῦθα

2220 2183 2386 2254 ζωήν·
2421 2183 2557 2254 πρὸς
2585 2182 2744 2235 αὑτὸν
2775 2181 2832 2234 δὲ
2867 2183 3138 2252 καταντᾷν
3171 2173 3460 2251 ἠϐούλοντο
3497 2181 3590 2232 τὸν
3661 2181 3802 2234 Θεὸν.

2219 2273 2392 2326 Τοῦτο
2431 2272 2489 2325 δὲ
2516 2272 2698 2340 ἔλεγον
2721 2273 2918 2336 παντὸς
2953 2272 3144 2342 μώμου
3177 2271 3612 2341 κεκαθαρμένον
3653 2275 3682 2324 ὀ
3707 2275 3802 2342 γὰρ

2219 2366 2608 2438 ὲσπιλωμένος,
2632 2386 2650 2418 ι
2692 2366 3078 2436 Ἀπόστρεψον,
3111 2367 3262 2437 φησι,
3290 2367 3350 2418 τὸ
3382 2367 3690 2437 πρόσωπόν
3722 2383 3802 2418 σου

2219 2459 2329 2513 ἀπὸ
2356 2457 2462 2511 τῶν
2495 2459 2779 2530 ἁμαρτιῶν
2818 2474 2942 2528 μου.
2971 2479 2990 2510 ι
3030 2493 3038 2502 υ

2296 2550 2406 2605 Τοῦ
2463 2551 2669 2604 αὐτοῦ.
2716 2550 2780 2602 Εἰ
2839 2549 2899 2602 τὸ
2954 2549 3240 2621 πρόσωπον
3283 2547 3392 2620 (90)
3425 2548 3526 2600 τοῦ
3583 2547 3722 2602 Θεοῦ
3761 2551 3800 2602 ul

2218 2642 2439 2715 ἄγγελοι
2481 2643 2737 2714 βλέπουσι
2789 2642 2878 2696 διὰ
2911 2643 3126 2705 παντὸς,
3165 2641 3392 2710 ἄγγελος
3447 2641 3566 2712 ἀρα
3623 2640 3800 2692 ἐπιθυ-

2222 2741 2315 2811 μεῖ
2347 2739 2596 2808 γενέσθαι
2639 2740 2669 2792 ὁ
2715 2737 2876 2791 Δαυῒδ
2919 2738 3014 2790 καὶ
3044 2735 3259 2807 βλέπειν
3289 2734 3349 2786 τὸ
3383 2734 3691 2804 πρόσωπον
3719 2732 3800 2786 τοῦ

2218 2831 2374 2888 Θεοῦ.

2302 2924 2582 2996 Ἐτενήθη
2619 2926 2692 2980 τὰ
2732 2923 2964 2993 δάκρυά
2987 2941 3104 2993 μου
3144 2922 3292 2992 ἐμοὶ,
3329 2940 3366 2976 κ
3411 2940 3465 2976 τ.
3499 2923 3550 2976 ἑ.
3599 2916 3704 2976 Ὧν
3745 2922 3798 2974 τὸ

2218 3017 2430 3090 δάκρυα
2471 3018 2580 3086 t9!)
2613 3018 2794 3088 ἄρτος,
2833 3017 3090 3088 μακάριοι
3139 3018 3190 3068 οἱ
3231 3015 3515 3078 κλαίοντες
3555 3015 3678 3069 νῦν.
3707 3016 3799 3067 Τε-

2219 3112 2364 3166 λείου
2415 3111 2532 3166 tot).
2559 3111 2620 3164 τὸ
2663 3110 2919 3164 δύνασθαι
2951 3109 3110 3163 τοῦτο
3153 3109 3348 3177 λέγειν·
3383 3109 3512 3161 ἐπεὶ
3549 3112 3580 3162 ό
3613 3108 3796 3177 ἀτελὴς

2220 3204 2550 3277 ταράσσεται
2580 3204 2686 3257 ὑπὸ
2712 3203 2820 3256 τῶν
2853 3201 3070 3266 ἔξωθεν,
3098 3204 3189 3254 καὶ
3217 3201 3320 3265 ἔξω
3352 3203 3452 3270 τὴν
3477 3201 3684 3254 ἑαυτοῦ
3716 3202 3797 3270 ψυ-

2220 3297 2320 3369 χὴν
2359 3297 2491 3368 ἔχει,
2522 3299 2786 3368 ἀσχήμων
2815 3297 2909 3349 καὶ
2941 3296 3293 3366 ἐλεγχόμενος
3327 3295 3484 3366 παρὰ
3518 3297 3685 3358 πᾶσι,
3725 3293 3797 3347 διὰ

2220 3390 2327 3443 τῶν
2349 3389 2524 3458 λόγων
2551 3389 2879 3460 ἀπογυμνῶν
2907 3390 3006 3460 τὴν
3028 3389 3227 3460 ψυχήν.
3277 3389 3334 3441 '0
3364 3388 3420 3441 δὲ
3456 3388 3624 3456 ἅγιος
3661 3387 3796 3442 συνὰ

2220 3497 2307 3551 γει
2329 3482 2437 3534 ἀπὸ
2451 3480 2558 3534 τῶν
2584 3481 2718 3552 πρὸς
2746 3481 2817 3534 τὰ
2834 3481 2938 3547 ἔξω
2960 3479 3056 3551 τὴν
3078 3481 3253 3552 ψυχὴν
3275 3479 3497 3534 ἑαυτοῦ.
3537 3481 3602 3532 '0
3623 3480 3682 3532 δὲ
3705 3478 3795 3532 ἀπὺ

2219 3571 2512 3636 διαθέσεως
2551 3572 2800 3643 δακρύων
2839 3572 2910 3624 τὰ
2953 3572 3165 3643 δάκρυα
3212 3570 3378 3642 αὑτοῦ
3419 3573 3600 3641 ἄρτου
3652 3571 3794 3638 δίκην

2219 3663 2576 3734 τραφήσεται·
2605 3663 2702 3715 οὐκ
2745 3664 2802 3716 ὲν
2845 3665 2956 3726 τοῖς
2993 3663 3260 3726 ἀνετικοῖς
3289 3662 3474 3731 μόνον,
3521 3662 3560 3715 ἃ.
3595 3662 3792 3732 ἡμέραν

2219 3753 2392 3817 καλεῖ,
2422 3753 2557 3806 ἀλλὰ
2603 3755 2697 3807 καὶ
2739 3757 2796 3808 ὲν
2818 3757 2931 3818 τοῖς
2956 3757 3376 3826 περιστατικοῖς,
3409 3753 3450 3806 ἃ.
3479 3754 3659 3807 νύκτα
3685 3756 3791 3808 ὼε-

2223 3847 2403 3918 μάζει.

2297 3940 2406 3994 Τοῦ
2434 3940 2638 3995 αὐτοῦ.
2680 3940 3101 4012 Τροφιμώτατός
3139 3943 3254 3994 ἐστι
3289 3941 3399 4010 (92)
3445 3941 3727 4012 κλαυθμὸς
3765 3943 3789 3992 ti

2217 4034 2431 4106 τρέφων
2462 4033 2558 4106 τὴν
2589 4035 2785 4106 ψυχήν.
2819 4034 3096 4104 Μακάριοι
3138 4037 3188 4088 οἱ
3238 4036 3518 4098 κλαίοντες
3553 4035 3674 4101 νῦν,
3715 4037 3788 4089 ὅτι

2217 4125 2556 4193 γελάσονται.

2299 4219 2396 4271 Ἐν
2447 4217 2527 4283 τῷ
2577 4219 2860 4287 λέγεσθαί
2901 4237 3001 4288 μοι
3057 4222 3187 4274 καθ’
3223 4219 3492 4288 ἑκάστην
3545 4224 3784 4292 ἡμέρη-ι

2216 4311 2342 4365 Ποῦ
2371 4312 2542 4366 ἔστιν
2574 4315 2606 4364 ὁ
2640 4312 2782 4376 Θεός
2813 4327 2952 4382 σου;
2986 4330 3038 4365 κ.
3091 4331 3141 4368 τ.
3184 4315 3230 4366 ὲ.
3284 4315 3343 4366 '0
3374 4313 3508 4376 Θεὸς
3556 4316 3659 4384 μὲν
3685 4315 3786 4385 (95)

2217 4403 2293 4467 ὡς
2328 4405 2654 4477 δημιουργός
2687 4405 2836 4458 ἔστιν
2877 4408 2936 4459 ἐν
2970 4409 3102 4460 πᾶσι
3133 4409 3244 4471 τοῖς
3278 4407 3586 4474 γεγονόσιν·
3621 4408 3695 4471 Lb;
3736 4409 3786 4460 δὲ

545 4489 652 4543 bus
683 4487 890 4542 sanctis
935 4486 1314 4555 potestatibus.
1360 4485 1416 4540 Si
1455 4499 1584 4540 vero
1615 4486 1778 4539 etiam
1820 4487 2114 4540 secundum

2231 4497 2388 4568 αρετὴ
2421 4498 2512 4550 καὶ
2555 4499 2716 4568 σοφία
2766 4501 2822 4552 ὲν
2865 4501 3066 4561 πάσαις
3103 4501 3220 4561 ταῖς
3253 4499 3433 4568 ἁγίαις
3473 4501 3782 4570 δυνάμεσιν·

561 4589 884 4650 potestatem
922 4579 1218 4649 accipiatur
1246 4578 1423 4632 virtus.
1447 4587 1501 4633 et
1528 4578 1819 4647 sapientia,
1841 4588 1926 4632 est
1952 4579 2115 4632 etiam

551 4669 607 4722 in
643 4669 972 4724 adversariis
1017 4670 1412 4738 potestatibus;
1454 4669 1498 4725 si
1539 4685 1671 4725 vero
1706 4670 1977 4724 interdum
2009 4670 2118 4724 vir-

556 4768 694 4824 tute,
720 4760 993 4816 interdum
1031 4770 1210 4816 autem
1247 4760 1508 4826 efficaci,
1538 4761 1699 4817 etiam
1727 4759 1781 4814 in
1810 4761 2116 4815 hominibus

543 4862 630 4908 est
665 4853 845 4907 Deus:
877 4850 1190 4923 angelorum
1233 4863 1316 4908 est
1362 4853 1509 4908 enim
1559 4867 1774 4922 semper
1817 4853 2114 4907 secundum

545 4943 714 4999 Deum
743 4947 993 5014 operari;
1030 4946 1357 5009 daemonum,
1387 4958 1690 5014 nunquam;
1727 4943 2004 4998 hominum
2029 4943 2114 4996 in-

545 5039 756 5092 terdum
781 5048 948 5104 recte,
977 5039 1246 5094 interdum
1279 5054 1383 5094 non
1407 5046 1556 5093 recte
1587 5035 1827 5108 operari.
1872 5034 2113 5090 Dicenti-

543 5131 647 5186 hus
690 5143 931 5198 autem,t
953 5129 1050 5187 Ubi
1089 5141 1176 5184 est
1218 5130 1403 5185 Deus?
1433 5149 1452 5182 ι
1480 5129 1684 5199 optime
1726 5127 1850 5198 quis
1883 5139 2112 5197 respouo

545 5224 688 5279 derit
718 5226 988 5294 :I‘bique,
1013 5235 1375 5296 praeterquam
1405 5223 1458 5277 in
1500 5233 1681 5278 vestra
1713 5221 1912 5275 anima.

606 5317 766 5372 Vsus.
783 5316 837 5371 5.
862 5315 1124 5382 Quoniam
1142 5315 1374 5370 transibo
1392 5315 1626 5385 inlatum
1641 5310 1986 5377 tabernaculi,
2000 5322 2107 5367 etc.

572 5451 622 5484 ⁸⁵
653 5451 807 5506 Joan.
836 5467 930 5513 VII.
963 5455 1050 5506 57.
1127 5453 1172 5484 ⁸⁸
1198 5452 1340 5510 Psal.
1375 5471 1426 5519 1.,
1457 5455 1543 5507 Η.

613 5569 725 5638 (89)
755 5573 908 5638 Πρὸς
928 5571 1036 5626 τὸν
1068 5574 1235 5635 Geor,
1260 5585 1368 5629 etc.
1398 5573 1604 5629 Catena
1631 5572 1903 5629 Corderii.

612 5642 725 5710 (90)
748 5643 818 5710 ξὲὶ
847 5643 911 5694 to
947 5645 1289 5710 πρόσωπον,
1309 5656 1413 5699 etc.
1445 5645 1668 5700 Scheda‘.
1689 5642 1897 5702 Grabii.

613 5705 724 5780 (91)
757 5705 865 5765 Ὧν
897 5712 968 5766 τὰ
985 5705 1239 5782 δάκρυα,
1268 5705 1370 5772 etc.
1399 5717 1598 5773 Catena
1623 5713 1887 5771 Curderii.

2221 4589 2268 4640 εἰ
2293 4587 2348 4640 δὲ
2377 4589 2470 4642 καὶ
2497 4589 2634 4642 κατὰ
2653 4589 2880 4660 δύναμιν
2907 4590 3232 4661 λαμϐάνοιτο
3257 4593 3286 4662 ὴ
3321 4591 3489 4661 ἀρετὴ
3521 4593 3621 4644 κει)⁸
3644 4594 3678 4661 ἠ
3713 4607 3785 4643 σοι

2215 4679 2333 4750 φία,
2375 4682 2465 4734 καὶ
2501 4682 2558 4733 ἐν
2598 4685 2716 4746 ταῖς
2751 4685 3149 4754 ἀντικειμέναις
3187 4683 3500 4753 δυνάμεσιν·
3549 4685 3676 4737 εἰδὲ

2217 4772 2316 4842 μὲν
2344 4772 2590 4842 δυνάμει,
2614 4776 2688 4846 πὴ
2721 4775 2776 4828 δὲ
2797 4777 3066 4848 ἐνεργείᾳ,
3095 4779 3187 4830 καὶ
3214 4780 3271 4830 ἐν
3304 4776 3618 4848 ἀνθρώποις
3645 4781 3780 4831 ἐστὶν

2213 4863 2242 4913 ὁ
2273 4861 2428 4927 Θεός·
2449 4864 2510 4917 τὸ
2541 4865 2651 4938 γὰρ
2676 4866 2762 4918 ἀεὶ
2792 4868 3032 4937 ἐνεργεῖν
3053 4869 3190 4923 κατὰ
3215 4869 3348 4922 Θεὸν
3377 4869 3627 4938 ἀγγέλων
3649 4871 3776 4922 ἐστί·

2212 4950 2273 5004 τὸ
2298 4951 2356 5004 δὲ
2389 4954 2654 5024 μηδέποτε
2677 4957 2962 5027 δαιμόνωνο
2990 4960 3052 5012 τδ
3073 4964 3129 5017 δὲ
3156 4961 3282 5012 ποτε
3313 4961 3410 5031 μὲν
3430 4961 3631 5024 καλῶς,
3657 4961 3778 5014 ποτὲ

2209 5039 2266 5094 δὲ
2294 5043 2392 5096 οὐκ
2423 5044 2616 5115 ὀρθῶς,
2651 5048 2949 5119 ἀνθρώπων
3037 5051 3168 5104 στίν.
3219 5050 3466 5119 solum;
3505 5052 3568 5104 δέ
3596 5069 3681 5116 τις
3719 5052 3778 5104 ἂν

2210 5132 2562 5206 ἀποκρίναιτο
2587 5138 2668 5196 τὸ.
2715 5158 2733 5190 ι
2772 5139 2881 5193 Ποῦ
2907 5141 3054 5195 ἔστιν
3076 5143 3104 5194 ὁ
3134 5141 3294 5207 Θεός;
3325 5157 3344 5191 s
3369 5140 3472 5209 ὅτι,
3498 5141 3778 5214 Πανταῖοῦ

2218 5223 2474 5297 πλὴν-τῆς
2498 5229 2766 5302 ὑμετέρας
2787 5232 2984 5302 ψυχῆς.

2291 5317 2407 5370 Ὅτι
2437 5318 2813 5391 διελεύσομαι
2853 5324 2922 5377 ἐν
2974 5326 3132 5388 τόπῳ
3165 5323 3422 5394 σκηνῆς,
3448 5342 3500 5378 κ.
3539 5342 3590 5378 τ.
3624 5326 3676 5380 ἐ.
3718 5323 3776 5376 Ἥ

2441 5574 2878 5648 Τροφιμώτςιτός
2896 5575 3047 5648 ἐστι,
3071 5584 3175 5626 etc.
3207 5570 3664 5631 Schedafirahii.

2282 5645 2394 5718 (95)
2438 5647 2491 5698 '0
2519 5647 2661 5712 Θεὸς
2679 5645 2815 5714 μέν,
2849 5657 2954 5701 etc.
2998 5646 3216 5700 Eadem.
