3944 6386
262 247 399 305 ιμ’

1246 243 1559 303 SELECTA
1596 244 1666 301 IN
1696 239 2038 301 PSALHOS.
2079 271 2147 283 —
2175 242 2367 301 PSAL.
2408 242 2546 301 XLI.

3385 244 3524 315 ms

261 363 363 435 μὲν
388 361 529 415 κατὰ
574 361 781 417 Μωσέα
828 359 949 433 (94)
982 361 1039 414 ἐν
1080 360 1272 434 Ἐξόδῳ
1321 362 1492 434 σκηνὴ
1537 361 1727 427 τύπος,
1769 352 1852 413 οῖ-

1966 356 2224 414 Existimo
2284 358 2690 417 tabernaculum
2752 356 2950 430 Moysis
3008 356 3061 413 in
3116 356 3305 414 Exodo
3364 358 3526 431 hujus

262 472 385 526 μαι,
426 454 629 525 ταύτης
660 451 747 526 ἦν·
791 455 820 508 ὁ
857 455 1000 509 κατὰ
1033 455 1354 525 Σολομῶντα
1382 456 1508 519 ναὸς
1536 454 1705 519 τύπος
1746 454 1840 507 τοῦ

1968 461 2131 518 ypum
2182 447 2383 517 fuisse;
2439 450 2696 520 templum
2742 464 2872 506 vero
2925 448 3237 507 Salomonis
3296 449 3526 521 llguram

260 547 514 618 ἀληθινοῦ
542 547 693 600 οἴκου
722 546 815 600 τοῦ
843 547 999 601 Θεοῦ.
1033 549 1174 611 Ὅτι,
1206 549 1391 619 φησιν,
1423 548 1504 601 έτι
1529 547 1840 620 προκύπτω,

260 643 356 696 καὶ
388 639 541 694 οὕπω
562 640 764 704 τέλειός
800 642 934 710 είμι.
966 638 1243 710 Σύμϐολον
1276 639 1332 692 δὲ
1353 640 1450 710 τῆς
1486 640 1767 712 προκοπῆς
1810 640 1842 709 ἡ

263 732 461 802 σκηνὴ,
485 729 817 800 θαυμαστῶς
840 729 995 801 φέρει
1013 730 1104 782 ἐπὶ
1126 730 1216 783 τὸν
1230 725 1376 782 οἷκον
1396 730 1555 782 αὐτοῦ
1576 729 1669 783 τοῦ
1686 727 1842 790 Θεοῦ,

259 824 511 879 τουτέστι
557 822 654 893 τὴν
702 822 1035 892 τελειότητα,
1080 821 1203 875 καθ’
1249 824 1315 893 ἢν
1362 823 1501 875 οἰκεῖ
1531 822 1629 893 μὲν
1662 820 1845 875 ἐνθαό

259 917 413 980 Θεὸς.
458 915 523 969 υἱ
550 914 606 968 δέ
629 914 1017 985 πνευματικῶς
1042 914 1390 987 ἑορτάζοντες
1430 914 1651 984 ἠχοῦσιν
1673 913 1843 982 ἀγαλ-

258 1006 518 1079 λιώμενοι
540 1008 636 1061 καὶ
671 1006 1170 1079 ἐξομολογούμενοι.
1202 1008 1269 1060 Ἢ
1300 1005 1456 1059 τοῦτό
1483 1023 1633 1077 φησν
1672 1007 1848 1077 Παρε-

266 1097 547 1170 μυθούμην
594 1097 687 1150 ἐπὶ
717 1097 994 1161 τοιαύταις
1039 1097 1274 1168 ἐμαυτὸν
1309 1097 1541 1162 ἐλπίσιν,
1576 1116 1595 1147 ι
1624 1098 1745 1150 Ἵνα
1772 1096 1845 1161 τί,

263 1190 461 1260 λέγων,
498 1191 796 1263 περίλυπος
828 1188 899 1257 εἴ,
926 1194 958 1263 ἡ
982 1191 1127 1262 ψυχή
1164 1208 1297 1262 μου;
1329 1210 1346 1243 ›
1371 1190 1720 1263 Προσεδδκων
1739 1190 1849 1261 γὰρ

263 1285 339 1349 ὼς
390 1284 689 1350 διαδέξεταί
722 1304 789 1357 με
823 1287 883 1339 τὸ
937 1287 1207 1359 μακάριον
1247 1286 1419 1349 τέλος,
1477 1287 1511 1356 ἡ
1561 1285 1848 1357 θαυμαστὴ

264 1379 438 1450 σκηνὴ
475 1380 567 1432 τοῦ
601 1380 758 1443 Θεοῦ,
795 1380 891 1434 καὶ
923 1364 961 1433 ὁ.
984 1381 1249 1434 ἐνδοτάτω
1281 1376 1429 1444 οἶκος
1458 1378 1645 1443 αὑτοῦ,
1676 1380 1755 1441 είς
1793 1378 1851 1432 ὃν

262 1469 313 1520 οἱ
341 1467 486 1535 ἅγιοι
509 1468 613 1521 ὑπὸ
630 1469 939 1543 αγγελικῶν
973 1470 1254 1541 δυνάμεων
1278 1469 1559 1541 αίρόμενοι
1591 1468 1853 1541 είσαχθήο

1950 536 2117 595 fuisse
2140 555 2281 595 verae
2303 544 2493 597 domus
2510 542 2625 597 Dei.
2651 542 2944 611 Quoniam,
2971 542 3167 612 inquit,
3196 542 3371 598 adhuc
3398 557 3524 612 pro-

1949 634 2092 697 licio,
2119 642 2173 688 et
2198 634 2432 689 nondum
2453 635 2726 703 perlectus
2756 650 2894 691 sum.
2915 634 3047 691 Cum
3069 645 3248 690 autem
3270 633 3523 691 taberna-

1949 724 2126 778 culum
2146 735 2287 781 esset
2300 725 2600 795 symbolum
2619 726 2919 797 profectus,
2936 726 3331 783 admirabiliter
3354 728 3525 784 tendit

1955 818 2021 870 ad
2067 818 2289 873 domum
2343 818 2461 882 Dei,
2495 820 2545 873 id
2591 829 2672 875 est
2703 820 3090 888 perfectionem
3113 862 3129 889 ,
3163 821 3215 875 in
3250 835 3353 891 qua
3388 821 3529 877 Deus

1951 908 2171 964 habitat
2207 924 2273 965 ac
2316 922 2711 969 commoratur.
2757 914 2925 970 Porro
2969 914 3060 984 qui
3099 912 3415 983 spiritalitcr
3446 916 3528 969 l'e-

1958 1014 2105 1057 stum
2143 1002 2446 1070 celebrant,
2472 1004 2841 1061 vociferantur
2882 1006 3224 1064 exsultantes
3267 1015 3323 1065 et
3355 1006 3529 1063 conli-

1953 1103 2147 1152 tentes.
2186 1096 2283 1153 Vel
2312 1098 2415 1155 hoc
2437 1098 2552 1154 ait:
2588 1093 2962 1169 Memetipsum
2985 1100 3289 1165 istiusmodi
3329 1100 3531 1171 spebus

1952 1188 2295 1253 consolabar,
2323 1188 2510 1245 dicens
2536 1206 2549 1243 :
2576 1208 2593 1242 ι
2620 1190 2800 1257 Quare
2829 1191 2999 1246 tristis
3021 1206 3101 1259 es,
3123 1192 3302 1247 anima
3331 1192 3485 1248 mea?
3509 1212 3526 1245 ι

1955 1277 2274 1350 Exspectavi
2294 1282 2437 1336 enim
2461 1292 2518 1335 ut
2538 1296 2622 1336 me
2657 1282 2894 1352 excipiat
2916 1283 3103 1340 beatus
3128 1285 3274 1353 linis,
3300 1286 3536 1342 admira-

1954 1370 2064 1426 bile
2120 1371 2530 1428 tabernaculum
2568 1373 2685 1439 Dci,
2715 1383 2771 1430 et
2809 1374 3035 1433 interior
3062 1377 3255 1435 domus
3280 1378 3420 1449 ejus,
3477 1381 3532 1436 in

1956 1477 2120 1533 quam
2156 1465 2331 1521 sancti
2362 1465 2431 1521 ab
2460 1467 2722 1537 angelicis
2744 1468 3037 1525 virtutibus
3063 1469 3259 1527 elevati
3288 1471 3535 1529 introdu-

266 1577 467 1613 σονται.
490 1561 553 1613 Εἰ
576 1560 633 1613 δὲ
669 1580 685 1612 ι
718 1562 860 1634 χαρὰ
892 1561 1100 1632 γίνεται
1140 1565 1197 1615 έν
1222 1564 1335 1627 τοῖς
1363 1562 1615 1635 οὐρανοῖς
1651 1562 1746 1616 ἐπὶ
1769 1561 1852 1615 ἑνὶ

1966 1564 2181 1612 centur.
2216 1555 2373 1624 Quod
2406 1558 2455 1614 si
2483 1572 2617 1616 vero
2653 1578 2671 1611 ι
2701 1561 2961 1631 gaudium
3009 1561 3083 1617 sit
3131 1561 3187 1618 in
3214 1562 3353 1621 coelo
3373 1562 3537 1633 super

263 1650 572 1722 ἁμαρτωλῷ
618 1652 986 1722 μετανοοῦντι,
1030 1671 1048 1705 ι
1092 1652 1209 1717 πῶς
1244 1653 1345 1706 οὐκ
1390 1653 1639 1717 εἰκότως,
1671 1651 1853 1724 ψυχῆς

268 1739 404 1763 ..-Α
439 1740 747 1763 -,,,,,,,,,-ι..-.
775 1743 851 1763 ,ε,
881 1740 944 1763 ,ι
978 1741 1103 1763 ειη-..
1137 1741 1202 1763 ,ι
1226 1743 1243 1763 ι
1300 1743 1520 1763 -,,-,--.-_
1558 1742 1814 1763 _._------1

1966 1662 2067 1703 uno
2084 1660 2369 1718 peccatore
2393 1651 2769 1720 penitentiam
2795 1660 2992 1721 agente
3010 1654 3077 1723 '7;
3098 1672 3117 1708 ι
3150 1670 3250 1712 cur
3281 1670 3390 1712 non
3422 1671 3538 1712 me-

1966 1738 2059 1763 ..1...
2113 1740 2233 1763 -l.._.
2262 1750 2381 1763 ---Α
2420 1741 2617 1763 Ι---.-...
2654 1743 2826 1763 -_!_--_
2873 1743 2921 1763 2-
2958 1754 3133 1763 -__-.-
3173 1745 3253 1763 9n-
3301 1745 3529 1763 -A-I--.'_

266 1739 407 1809 μετὰ
438 1740 747 1810 γυμνασίαν
772 1743 851 1805 εἰς
877 1740 946 1795 τὰ
976 1741 1107 1810 am
1134 1741 1202 1795 τὰ
1222 1743 1524 1815 ἐπουράνια
1553 1742 1850 1814 εἰσαγομέ-

1966 1738 2082 1808 rito,
2108 1740 2236 1796 dum
2262 1750 2384 1809 post
2418 1741 2620 1798 luctam
2652 1743 2833 1800 anima
2873 1743 2926 1799 in
2953 1754 3141 1813 sancta
3173 1745 3261 1801 illa
3293 1745 3538 1803 coelestia

262 1845 381 1899 νης,
416 1830 599 1901 φωνὴν
633 1829 877 1902 εὔφημον
900 1830 1150 1900 γίνεσθαι
1183 1832 1420 1903 πλήθους
1453 1834 1853 1906 πανηγυριζόν-

1966 1831 2333 1897 ηηιτοάιιείιυγ,
2354 1849 2456 1890 vox
2479 1832 2571 1889 liat
2596 1833 2919 1901 exsultantis
2944 1845 2999 1892 et
3017 1836 3215 1894 festum
3245 1838 3535 1894 celebran-

263 1939 371 1977 των
399 1925 489 1977 ἐπὶ
515 1926 582 1996 τῇ
610 1922 703 1977 τοῦ
736 1924 1045 1996 σωζομένου
1080 1926 1352 1999 σωτηρίᾳ;
1395 1927 1593 1991 Ὠςνέπ’
1629 1927 1854 2001 ἀληθέσι

1966 1925 2025 1978 lis
2055 1923 2438 1991 multitudinis,
2461 1937 2684 1997 prapter
2712 1927 2945 1987 salutem
2971 1927 3091 1998 ejus
3125 1930 3219 2001 qui
3260 1930 3537 1986 salvatur?

263 2016 544 2083 δέτούτοις
570 2019 897 2092 εὐχαριστεῖ.
938 2038 957 2071 ι
986 2020 1109 2074 Ἵνα
1143 2019 1196 2073 τί
1230 2020 1563 2093 περίλυπος;
1600 2040 1620 2073 ι
1654 2019 1753 2075 καὶ
1784 2020 1855 2075 τὰ

1966 2016 2059 2071 Pro
2087 2016 2171 2072 bis
2202 2017 2386 2087 igitur,
2407 2030 2466 2073 ut
2496 2021 2643 2076 veris
2674 2021 2852 2087 bouis,
2887 2022 3094 2093 gratias
3124 2022 3258 2091 agit.
3293 2041 3313 2075 ι
3354 2023 3539 2091 Quare

266 2107 414 2179 ἑξῆς.
438 2110 814 2183 Δυπουμένοις
849 2106 942 2164 οὖν
967 2112 1176 2176 ἑαυτοῖς
1216 2111 1390 2177 οὕτως
1431 2112 1855 2184 ἐπιπλήττωμεν

266 2200 364 2256 καὶ
409 2204 953 2276 συνταρασσομένοις.
990 2205 1122 2258 Ὅτε
1160 2206 1428 2279 σωτήριον
1461 2208 1490 2259 ὁ
1528 2205 1663 2270 Θεὸς
1698 2204 1856 2277 ἡμῶν

266 2290 360 2344 τοῦ
390 2292 682 2365 προσώπου
704 2293 861 2366 ἡμῶν
890 2297 1059 2361 ἐστιν,
1098 2313 1118 2348 ι
1153 2296 1661 2369 ἀνακεκαλυμμένῳ
1690 2314 1858 2369 προσ-

268 2384 402 2457 ώπῳ
440 2384 537 2458 τὴν
569 2387 729 2455 δόξαν
754 2388 961 2458 Κυρίου
1012 2368 1522 2462 κατοπτριζόμενοι,
1555 2390 1653 2465 τὴν
1686 2368 1858 2463 αύτὴν

270 2479 452 2532 εἰκόνα
484 2480 1004 2552 μεταμορφούμεθα.
1049 2500 1068 2533 ι
1298 2496 1301 2499 ‘

336 2573 440 2629 Διὰ
466 2574 643 2629 τοῦτο
674 2575 1103 2646 μνησθήσομαι
1129 2591 1246 2632 σου
1269 2576 1340 2631 ἐκ
1371 2576 1486 2647 γῆς
1541 2576 1857 2646 Ἰορδάνου,

268 2665 367 2719 καὶ
393 2665 730 2735 Ἑρμωνιεὶμ
760 2666 876 2720 ἀπὸ
895 2665 1070 2735 ὄρους
1080 2668 1321 2737 μικροῦ,
1344 2686 1399 2723 κ.
1420 2686 1471 2721 τ.
1489 2669 1535 2722 ἐ.
1568 2667 1858 2741 Ἰορδάνης,

269 2757 570 2822 κατάϐασις
604 2757 735 2830 (95)*
768 2758 1127 2831 Ἑρμωνιεὶμ,
1154 2760 1615 2833 ἀναθεματισμός.
1645 2761 1862 2816 Ἔοικεν

269 2850 557 2921 ἀσχάλλειν
588 2853 684 2905 καὶ
725 2851 1014 2906 ὀδυνᾶσθαι
1058 2853 1189 2924 παρ’
1213 2853 1413 2925 ἐαυτῷ,
1444 2853 1862 2927 ἀναμιμνησκό-

272 2957 435 3011 μενος
461 2939 554 2994 τοῦ
577 2941 668 2993 ἐπὶ
686 2940 780 2993 τοῦ
822 2941 997 3012 Ἰησοῦ
1022 2940 1116 2995 τοῦ
1151 2941 1312 3014 Ναυῆ
1345 2943 1630 3013 γεγονότος
1657 2943 1865 3016 θαύμα-

268 3049 360 3097 τος
404 3034 463 3086 ἐν
509 3032 589 3105 τῷ
633 3032 895 3105 Ἰορδάνῃ,
935 3034 1023 3087 ὅτε
1074 3034 1300 3107 διῃρέθη
1334 3036 1395 3089 τὸ
1430 3035 1574 3109 ὕδωρ
1605 3038 1766 3110 ἄχρις
1801 3032 1863 3094 οὗ
1891 3075 1933 3134 c

269 3128 451 3198 διῆλθε
505 3128 598 3183 τὸν
636 3126 879 3199 ποταμὸν
908 3127 937 3181 ὁ
963 3126 1115 3193 λαός·
1145 3129 1242 3182 καὶ⁸
1280 3126 1373 3182 τοῦ
1413 3128 1555 3185 κατὰ
1593 3129 1653 3182 τὸ
1687 3148 1861 3204 παρα-

268 3220 523 3291 κείμενον
550 3218 886 3290 βραχύτατον
919 3217 1066 3291 ὄρος,
1093 3218 1178 3272 ὃτι
1210 3216 1287 3291 μὴ
1309 3218 1409 3289 τῆς
1446 3218 1618 3291 αὐτῆς
1653 3220 1749 3275 καὶ
1770 3216 1859 3277 οὗ-

267 3330 363 3378 τος
411 3312 670 3384 τυγχάνει
716 3311 971 3383 προνοίας
1024 3312 1217 3377 ὁποίας
1257 3315 1533 3379 κάκεῖνος.
1592 3316 1747 3387 Τάχα
1802 3316 1858 3371 δὲ

271 3408 367 3463 καὶ
400 3405 656 3479 ἡθοποιία
682 3405 765 3471 τίς
789 3409 905 3460 ἐστι
931 3406 1029 3479 τῆς
1057 3405 1238 3479 ψυχῆς
1271 3406 1407 3479 πρὸς
1426 3407 1590 3462 αὐτὸν
1620 3408 1861 3491 διαλεγο-

274 3500 466 3572 μένης.

354 3592 606 3665 Ἡμέρας
643 3591 969 3648 ἐντελεῖται
1019 3593 1237 3663 Κύριος
1268 3592 1333 3649 τὸ
1362 3593 1560 3664 ἕλεος,
1603 3596 1701 3651 καὶ
1750 3613 1859 3652 νυ-

272 3687 414 3756 κτὸς
444 3686 728 3757 δηλώσει,
758 3706 813 3742 κ.
841 3705 893 3743 τ.
926 3688 973 3741 ἐ.
1020 3688 1295 3759 Ῥαψάκου
1335 3688 1444 3761 (96)
1475 3691 1605 3744 ποτέ
1640 3690 1859 3763 πολιορ-

1958 2105 2128 2160 tristis
2154 2106 2252 2161 es?
2273 2126 2291 2160 ι
2317 2118 2430 2163 etc.
2448 2107 2540 2164 Sic
2557 2110 2723 2181 igitur
2742 2112 3107 2182 nosmetipsos
3129 2112 3315 2170 tristes
3335 2123 3389 2171 et
3407 2130 3540 2169 con-

1958 2199 2206 2255 turbatos
2231 2198 2593 2270 increpemus.
2618 2202 2895 2269 Quoniam
2916 2202 3058 2260 Deus
3077 2212 3261 2261 noster
3292 2214 3375 2262 est
3402 2206 3540 2261 salu-

1957 2300 2073 2347 tare
2104 2290 2282 2347 vultus
2311 2292 2505 2361 nostri,
2541 2295 2759 2365 quando
2792 2312 2813 2347 ι
2854 2295 3094 2353 revelata
3136 2295 3279 2354 facie
3306 2296 3538 2368 gloriam

1959 2380 2169 2437 Domini
2188 2383 2558 2453 speculantes,
2586 2387 2639 2441 in
2667 2388 2915 2445 eamdem
2948 2390 3238 2462 imaginem
3275 2393 3538 2451 transfor-

1959 2476 2173 2528 mam'ur
2202 2475 2268 2529 ⁸⁸.
2304 2494 2323 2527 ο

2033 2564 2197 2621 Vens.
2231 2568 2283 2621 7.
2321 2567 2609 2639 Propterea
2632 2588 2831 2628 memor
2858 2589 2947 2629 ero
2971 2574 3051 2630 tui
3088 2575 3154 2631 de
3180 2585 3322 2631 terra
3344 2576 3545 2634 Iorda-

1959 2658 2041 2712 πίε
2064 2668 2117 2713 et
2138 2658 2483 2725 .Hermoniim
2528 2680 2561 2717 α
2593 2672 2769 2721 monte
2819 2664 3063 2733 modico,
3108 2677 3213 2722 etc.
3250 2667 3543 2738 Jordauis,

1962 2750 2295 2819 descensus;
2331 2752 2694 2821 Hermoniim,
2737 2758 3048 2813 anathema.
3099 2758 3231 2815 Dum
3264 2762 3317 2817 iu
3346 2776 3549 2835 memo-

1964 2842 2100 2897 riam
2149 2854 2373 2900 revocat
2412 2845 2735 2902 miraculum
2788 2848 2932 2917 quod
2978 2850 3078 2905 sub
3113 2848 3240 2907 .lcsu
3282 2851 3428 2907 Nave
3462 2851 3548 2907 l'a-

1966 2944 2114 2992 ctum
2144 2946 2227 2993 est
2252 2938 2305 2992 in
2338 2935 2595 3005 Jordane,
2629 2940 2854 3010 quando
2889 2941 3063 2998 divisa
3096 2952 3180 3000 est
3205 2960 3348 3015 aqua
3373 2945 3549 3003 donec

1968 3027 2192 3084 ﬂuvium
2229 3030 2540 3088 transiisset
2578 3030 2833 3101 populus,
2870 3042 2924 3088 et
2960 3032 3091 3089 illud
3123 3038 3268 3105 quod
3310 3037 3381 3092 ad
3423 3053 3547 3108 pro-

1967 3123 2174 3177 ximum
2207 3130 2448 3178 montem
2486 3122 2742 3194 contigit,
2772 3123 2994 3181 videtur
3024 3127 3253 3183 tristitia
3279 3137 3335 3186 et
3358 3128 3549 3187 dolore

1966 3214 2125 3283 allici,
2166 3216 2310 3286 quod
2349 3214 2453 3286 ipsi
2483 3230 2589 3271 non
2629 3218 2821 3273 eadem
2853 3233 2974 3289 quae
3011 3219 3088 3276 illi
3122 3221 3321 3293 popqu
3359 3223 3546 3280 obtin-

1966 3317 2058 3378 gat
2103 3308 2468 3378 providentia.
2507 3308 2784 3367 Fortassis
2828 3314 2995 3370 etiam
3032 3315 3282 3387 quaedam
3336 3330 3549 3376 morum

1965 3400 2375 3475 atl'ectnumque
2410 3406 2695 3476 expressio
2719 3415 2804 3465 est
2840 3408 3039 3466 anima:
3075 3423 3199 3465 cum
3242 3409 3361 3481 ipso
3383 3409 3555 3468 collo-

1964 3496 2201 3564 quentis.

2038 3587 2198 3659 705
2213 3587 2376 3645 Vsus.
2396 3590 2451 3649 8.
2471 3590 2538 3647 In
2572 3592 2659 3648 die
2687 3592 2959 3649 mandabit
2978 3592 3237 3652 Dominus
3253 3596 3554 3653 misericor-

1966 3681 2135 3747 diam,
2157 3691 2203 3735 et
2224 3692 2372 3738 nocte
2394 3684 2776 3755 manifestabit,
2796 3696 2901 3741 etc.
2921 3685 3167 3745 Rabsace
3180 3688 3309 3744 olim
3329 3688 3555 3746 Jerusa-

273 3780 499 3845 κοῦντος
527 3780 630 3851 τὴν
666 3780 1045 3853 Ἰερουσαλὴμ,
1079 3782 1173 3836 καὶ
1216 3782 1309 3836 τὸν
1354 3782 1465 3836 τῶν
1505 3782 1642 3837 ὅλων
1672 3782 1749 3849 ὡς
1783 3783 1860 3857 μὴ

1969 3775 2072 3830 lem
2101 3776 2405 3841 obsidente,
2437 3788 2490 3834 et
2519 3778 2898 3835 universorum
2926 3779 3092 3836 Deum
3115 3783 3273 3852 quasi
3304 3784 3426 3841 illos
3452 3785 3557 3841 sal-

271 3872 570 3946 δυνάμενον
622 3873 820 3937 αὐτοὺς
872 3872 1045 3927 σῶσαι
1085 3873 1532 3945 βλασφημοῦντος
1571 3874 1724 3941 Θεὸν,
1762 3876 1862 3948 μιᾷ

1967 3881 2096 3923 vare
2122 3881 2227 3925 non
2244 3875 2428 3939 posset
2457 3868 2889 3941 blaspbemante,
2925 3888 3028 3930 una
3047 3874 3196 3944 plaga
3213 3882 3374 3930 noctu
3391 3872 3564 3927 inter-

274 3965 457 4040 πληγῇ
509 3968 567 4020 ἐν
596 3967 753 4021 νυκτὶ
796 3973 913 4041 ρπε⁹
946 3967 1184 4039 χιλιάδες
1220 3967 1567 4041 ἀνῃρέθησαν
1598 3968 1709 4023 τῶν
1763 3970 1861 4025 σὺν

1966 3959 2145 4016 ierunt
2180 3967 2400 4017 centum
2457 3963 2735 4034 octoginta
2758 3964 3000 4035 quinque
3024 3966 3190 4022 millia
3211 3968 3557 4039 Assyriorum

276 4056 427 4128 αὐτῷ
458 4056 627 4111 ὄντων
669 4058 993 4129 Ἀσσυρίων.
1021 4056 1130 4111 Τοῦ
1163 4057 1300 4112 Θεοῦ
1330 4058 1509 4113 τοίνυν
1531 4061 1597 4132 τῇ
1631 4058 1738 4131 πρδ
1766 4078 1861 4114 νυ-

1967 4052 2059 4117 qui
2081 4067 2205 4107 cum
2225 4052 2340 4123 ipso
2368 4062 2546 4109 erant.
2559 4054 2692 4111 Cum
2727 4057 2895 4128 igitur
2913 4060 3003 4115 die
3028 4074 3149 4130 qua:
3171 4069 3385 4116 noctem
3419 4061 3560 4117 hanc

277 4148 406 4213 κτδς
438 4148 622 4222 ἡμέρᾳ
648 4148 725 4220 τῷ
768 4148 987 4222 Ἐζεκίᾳ
1015 4151 1434 4223 προειρηκότοςο
1464 4169 1482 4203 t
1506 4151 1862 4223 ’Υπερασπιῶ

1967 4144 2265 4215 ρταεοοεείι,
2286 4145 2425 4201 Deus
2459 4146 2703 4202 Ezechiae
2735 4150 3075 4218 pnndixisset
3112 4150 3158 4182 "
3193 4169 3248 4205 τι
3274 4152 3557 4223 Protegam

276 4240 376 4311 τῆς
406 4239 614 4305 πόλεως
644 4240 848 4312 ταύτης
877 4240 944 4294 δι’
978 4241 1079 4312 ἐμὲ
1109 4244 1203 4297 καὶ
1246 4242 1334 4297 διὰ
1375 4242 1539 4297 Δαυῖδ
1572 4243 1664 4297 τὸν
1696 4242 1863 4299 παῖδά

1969 4236 2161 4292 urbem
2194 4237 2337 4294 banc
2379 4250 2605 4310 propter
2630 4255 2745 4308 me,
2772 4251 2827 4296 et
2863 4252 3086 4312 propter
3128 4242 3296 4299 David
3338 4259 3556 4301 servum

281 4347 414 4403 μουο
453 4350 472 4384 ι
495 4331 583 4385 διὰ
612 4331 673 4385 τὸ
706 4334 764 4387 ἐν
791 4332 974 4407 ἡμέρᾳ
1013 4335 1112 4405 μὲν
1141 4335 1394 4404 γενέσθαι
1420 4335 1522 4408 τὴν
1547 4336 1860 4406 ὑπόσχεσιν,

1970 4346 2185 4396 meum,
2221 4350 2241 4385 ι
2269 4334 2395 4403 quia
2433 4334 2487 4388 in
2509 4334 2597 4388 die
2623 4334 2911 4403 promissio
2960 4333 3100 4388 facta
3147 4343 3252 4400 est,
3289 4343 3346 4389 et
3396 4346 3559 4392 noctu

281 4425 341 4489 ἐν
374 4425 530 4479 νυκτὶ
557 4424 613 4479 δέ
640 4424 701 4479 τὸ
730 4425 913 4497 ἔργον,
958 4428 1091 4499 φησὶ
1126 4428 1210 4494 τὸ,
1239 4449 1257 4480 ι
1292 4428 1536 4500 Ἡμέρας
1571 4430 1862 4485 ἐντελεῖται

1969 4425 2281 4495 adimpleta,
2313 4425 2430 4479 ait:
2476 4442 2495 4476 ι
2533 4422 2591 4477 ln
2620 4425 2707 4479 die
2754 4423 3033 4479 mandabit
3077 4424 3360 4494 Dominus,
3397 4444 3416 4480 ι
3448 4437 3557 4483 etc.

283 4515 507 4589 Κύριος,
540 4539 560 4574 ι
615 4522 712 4574 καὶ
747 4521 816 4575 τὰ
856 4521 1001 4593 ἑξῆς.
1048 4522 1122 4575 Τὸ
1147 4522 1225 4584 δὲ,
1271 4540 1290 4573 t
1322 4522 1607 4594 Προσευχὴ
1638 4522 1715 4593 τῷ
1744 4522 1866 4594 Θεῷ

281 4606 384 4678 τῆς
412 4608 557 4682 ζωῆς
588 4628 686 4682 μου
708 4651 722 4675 ,
751 4630 770 4663 ι
818 4613 902 4666 ὅτι
943 4611 1116 4677 οὕτως
1161 4613 1312 4666 οὐδὲν
1349 4615 1662 4687 εὑρίσκεται
1703 4617 1867 4688 μέσον

281 4698 377 4753 τοῦ
405 4718 464 4754 τε
490 4702 582 4757 σοῦ
613 4705 1032 4777 προστάγματος
1061 4705 1155 4759 καὶ
1187 4706 1287 4778 τῆς
1318 4707 1457 4779 ἐμῆς
1481 4707 1865 4775 ἀπολαύσεως·

281 4793 398 4847 ἀλλ’
436 4794 620 4861 εὐθὺς,
654 4800 838 4872 φησιν,
871 4800 1183 4873 εὑρίσκεται
1210 4802 1266 4853 ἐν
1293 4800 1417 4871 ἐμοὶ
1444 4801 1765 4873 εὐχαριστία
1790 4802 1869 4876 τῷ

282 4884 402 4958 Θεῷ
440 4888 872 4965 ἀναπεμπομένη
910 4893 989 4964 τῷ
1019 4892 1116 4965 τὴν
1154 4892 1300 4963 ζωήν
1352 4908 1443 4963 μοι
1490 4895 1866 4967 χαρισαμένῳ.

285 4974 396 5029 Καὶ
421 4980 634 5046 νυκτὸς,
666 4986 821 5055 φησὶ,
856 4985 949 5039 καὶ
976 4986 1189 5059 ἡμέρας
1219 4984 1373 5057 παρὰ
1403 4986 1496 5040 σοῦ
1528 4989 1869 5060 χορηγούμεο

1973 4517 2066 4572 Ait
2089 4527 2267 4573 autem
2298 4533 2312 4569 :
2343 4536 2364 4568 ι
2396 4516 2586 4572 Oratio
2620 4516 2731 4571 Deo
2764 4517 2888 4572 vitae
2922 4532 3074 4585 mete,
3118 4535 3137 4569 ι
3167 4520 3424 4588 quoniam
3456 4521 3561 4577 hoc

1974 4610 2136 4665 modo
2168 4610 2301 4666 nihil
2328 4609 2562 4666 medium
2589 4609 2862 4665 invenitur
2890 4611 3031 4666 inter
3057 4621 3390 4683 praeceptum
3412 4626 3560 4669 tuum

1976 4709 2031 4755 et
2076 4715 2255 4757 meam
2313 4700 2785 4771 tranquillitatem,
2812 4701 2907 4757 sed
2945 4704 3151 4769 statim,
3183 4704 3379 4774 inquit,
3407 4705 3561 4759 inve-

1977 4793 2127 4849 nitur
2149 4793 2203 4849 in
2244 4810 2332 4850 me
2381 4794 2680 4865 gratiarum
2717 4795 2862 4849 actio
2892 4795 3002 4851 Deo
3043 4797 3169 4853 vitae
3199 4812 3350 4854 mete.
3383 4797 3450 4852 Et
3473 4798 3561 4853 die

1980 4900 2044 4942 ac
2068 4896 2251 4953 nocte,
2269 4888 2466 4957 inquit,
2492 4901 2810 4944 concessam
2837 4902 2867 4943 a
2898 4896 2951 4945 te
2980 4889 3407 4946 misericordiam
3425 4880 3563 4944 scite

1980 4995 2119 5037 cano
2148 4991 2204 5037 et
2239 4980 2478 5039 celebro.

284 5084 375 5122 νον
402 5068 493 5122 τὸν
534 5069 680 5123 ἔλεον
706 5078 1087 5151 ἐπισταμένως
1257 5080 1352 5135 καὶ
1375 5079 1549 5151 ὑμνῶ.

363 5161 477 5215 Τοῦ
524 5163 735 5219 αὐτοῦ.
780 5167 861 5219 Τὰ
912 5169 1011 5239 μὲν
1069 5171 1252 5241 ἀγαθὰ
1294 5170 1405 5243 (97)
1451 5170 1545 5225 τοῦ
1588 5169 1865 5241 μέλλοντος

2055 5168 2330 5239 Ejusdem.
2363 5169 2508 5227 Bona
2550 5170 2719 5228 futuri
2764 5170 2947 5228 saeculi
2982 5182 3105 5226 esse
3139 5169 3320 5235 docet,
3342 5167 3471 5222 dum
3499 5163 3563 5222 il-

288 5253 484 5319 αἰῶνος
512 5249 651 5310 εἶναι
691 5256 957 5326 διδάσκει,
990 5260 1181 5315 τοῦτον
1228 5281 1246 5315 ι
1269 5261 1484 5334 ἡμέραν
1508 5281 1527 5314 ι
1562 5261 1762 5327 καλῶν,
1792 5265 1865 5329 είς

1983 5262 2072 5318 lud
2109 5282 2128 5315 ι
2172 5264 2315 5322 diem
2353 5284 2375 5320 ι
2419 5275 2605 5338 vocat,
2636 5267 2694 5324 in
2731 5281 2862 5340 quo,
2893 5264 3092 5337 inquit,
3133 5262 3278 5320 Deus
3310 5262 3563 5335 promisit

349 5388 394 5423 ⁸⁷
423 5388 561 5448 Luc.
585 5406 669 5447 xv.
708 5392 762 5450 7.
838 5391 885 5425 ⁸⁸
910 5391 930 5448 Ι
958 5391 1088 5452 Cor.
1120 5410 1207 5460 tu,
1234 5394 1321 5452 18.
1396 5394 1442 5427 ⁸⁸
1484 5393 1547 5450 Ν
1580 5394 1714 5465 Reg.
1741 5410 1857 5462 ιιι,
1886 5395 1977 5454 54.

362 5509 487 5583 (94)
530 5509 599 5583 -Ἠ
622 5509 915 5583 μὲνκατὰ
970 5512 1214 5583 Μωσέα,
1254 5521 1363 5571 etc.
1410 5513 1618 5569 Catena
1687 5514 1962 5571 Corderii.

364 5580 481 5649 (95)
529 5580 826 5651 Ἰορδάνης
870 5582 1200 5651 κατάϐασις
1228 5624 1244 5650 ,
1294 5595 1404 5641 etc.
1465 5584 1694 5642 Sciteda:
1756 5584 1970 5644 Grabii.

363 5650 476 5723 (96)
521 5650 849 5723 Ῥαψάκου,
873 5665 979 5708 etc.
1015 5650 1249 5708 Etedein.

364 5712 479 5797 (97)
517 5722 595 5781 Τὰ
612 5712 733 5795 iter
758 5712 972 5795 ἀγαθά,
1005 5732 1111 5779 etc.
1159 5726 1369 5783 Catena
1399 5724 1668 5784 Corderii.

610 5819 886 5883 Panos.
918 5818 1035 5883 Gn.
1074 5819 1216 5883 XII.
3182 5810 3259 5871 1ιὸ
