3808 6482
449 329 586 388 1419

1848 309 1939 363 EX
1975 305 2279 363 URIGEM‘.

3522 291 3626 346 ιιιι

445 441 877 515 misericordiam
917 454 1070 498 suam
1106 438 1170 494 ad
1216 435 1483 501 laetitiam,
1524 430 1776 502 quoniam
1806 442 1915 484 nox
1951 435 2006 482 et

2121 423 2163 477 iv
2189 417 2540 493 ἐπήγγελται,
2570 416 2754 488 φησὶν,
2777 417 2804 469 ό
2830 414 2961 479 Θεὸς
2986 415 3074 467 τόν
3106 412 3256 466 έλεον
3288 408 3448 464 αὑτοῦ
3479 408 3540 469 είς
3562 410 3627 460 εὑ-

446 543 682 598 tcnebraa
710 547 838 595 sunt
876 529 1290 592 communicatio
1325 540 1447 580 cum
1493 526 1599 580 Deo
1637 535 1734 591 per
1756 521 2007 591 hymnos,

446 647 502 695 et
532 631 806 691 contentio
841 644 935 699 per
964 639 1168 699 preces.

521 727 684 782 Vens.
724 723 812 778 10.
846 722 1030 775 Dicam
1069 716 1178 770 Deo
1204 729 1221 768 :
1247 711 1526 780 Susceptor
1556 720 1700 762 meus
1727 721 1800 760 es.
1834 701 2010 770 Quare

445 820 638 876 oblitus
679 833 733 872 es
768 814 918 868 mei?
952 811 1021 866 Et
1069 824 1235 880 quare
1271 804 1617 858 contristalus
1657 797 1840 854 incedo
1883 795 2011 848 dum

443 909 621 981 amigit
642 921 724 962 me
747 902 988 958 inimicus
1012 902 1036 956 ?
1063 907 1168 954 etc.
1185 895 1301 953 Non
1327 895 1457 964 petit
1479 900 1536 947 ut
1561 891 1628 946 ab
1651 885 1884 944 inimicis
1903 897 2008 939 non

445 973 732 1071 adligatum
750 997 845 1050 sed
881 1007 946 1047 ne
991 989 1281 1046 tribulatus
1325 985 1692 1042 contristetur.
1726 977 1841 1033 Hoc
1864 973 2010 1031 enim

445 1063 980 1162 congruit'atbletae,
1014 1082 1106 1152 qui
1145 1081 1310 1136 etiam
1353 1077 1406 1133 in
1433 1077 1592 1132 rebus
1632 1067 1874 1128 adversis
1903 1063 2009 1122 sibi

443 1189 758 1262 complacet.
791 1185 847 1240 ln
890 1180 1134 1252 sequenti
1166 1186 1346 1234 autem
1395 1172 1603 1245 psalmo
1646 1182 1771 1226 cum
1799 1177 2010 1236 praepo-

441 1254 919 1347 nitillud,rQuare
955 1288 1044 1329 me
1068 1268 1311 1343 repulisti
1335 1266 1359 1323 ‘l
1381 1285 1400 1319 ι
1431 1263 1518 1322 his
1550 1259 1808 1347 verbiszr
1831 1254 2010 1347 Quare

443 1373 622 1430 tristis
659 1343 896 1427 incedo?
929 1385 950 1420 ι
1002 1363 1215 1419 videtur
1241 1357 1506 1420 indicare,
1536 1351 1681 1407 illius
1721 1346 1812 1419 qui
1839 1360 1870 1401 a
1897 1343 2011 1399 Deo

442 1463 714 1536 repulsam
736 1473 932 1533 passus
957 1465 1061 1521 est,
1091 1449 1372 1526 proprium
1398 1456 1520 1502 esse
1550 1455 1655 1496 non
1691 1437 1760 1494 ab
1791 1433 2010 1492 inimico

444 1523 714 1620 tribulari,
739 1523 834 1609 sed
860 1551 914 1607 in
952 1523 1243 1604 aﬂlictione
1271 1534 1604 1599 contristari.
1646 1530 1939 1590 Caeterum,
1961 1523 2008 1580 si

441 1616 709 1706 Christus
732 1646 787 1701 in
829 1639 1075 1714 sequenti
1106 1635 1316 1708 psalmo
1336 1632 1440 1687 ista
1465 1627 1621 1693 dixit,
1650 1622 1834 1694 utique
1857 1616 2008 1675 simi-

442 1744 512 1798 lia
545 1741 599 1797 in
622 1737 814 1810 spiritu
843 1709 981 1792 (Ιὶιιίι
1015 1732 1069 1788 in
1100 1730 1215 1784 hmc
1238 1726 1406 1781 verba
1438 1737 1454 1776 :
1491 1739 1511 1774 ι
1542 1719 1624 1775 Tu
1646 1731 1776 1772 vero
1807 1709 2012 1782 repuli-

441 1835 536 1900 sti,
565 1843 622 1889 et
653 1800 994 1900 idespexisti,
1035 1819 1293 1880 distulisti
1325 1815 1601 1874 Christum
1651 1819 1826 1864 tuum.
1873 1822 1893 1858 ι
1939 1800 2006 1857 Et

444 1925 615 1983 tristis
641 1892 840 1980 incedit
878 1919 1060 1975 dicens
1087 1932 1145 1974 ει
1176 1911 1375 1974 Tristis
1401 1915 1484 1965 est
1511 1903 1688 1960 anima
1709 1913 1883 1956 mea»
1908 1892 2008 1950 Vel

440 2014 858 2072 subdubitanter
898 2007 1149 2064 Christus
1177 2002 1332 2066 dicit,
1367 1996 1524 2070 quasi
1560 1991 1832 2064 quidpiam
1859 1983 2007 2055 ejus-

440 2107 584 2164 modi
614 2104 760 2160 dicat
794 2118 808 2154 :
851 2098 993 2169 Quid
1023 2096 1243 2167 dignum
1282 2103 1462 2162 opera:
1508 2086 1722 2156 agitur,
1753 2093 1876 2136 cum
1910 2089 2008 2146 ego

439 2197 711 2270 repulsam
760 2207 956 2265 passus
995 2204 1094 2261 pro
1131 2185 1310 2244 salute
1359 2181 1661 2251 hominum,
1689 2190 1719 2230 a
1743 2180 1796 2229 te
1839 2169 2009 2226 tristis

440 2287 652 2354 .ncedo,
681 2283 949 2355 amigente
969 2291 1055 2335 me
1082 2273 1298 2332 inimico
1341 2272 1366 2326 ‘2

511 2344 672 2432 Vsus.
700 2344 961 2431 lliDum
985 2365 1166 2424 dicun’t
1192 2364 1319 2419 mihi
1345 2376 1438 2433 per
1464 2355 1699 2428 singulos
1729 2352 1839 2406 dies
1868 2363 1887 2404 :
1910 2344 2010 2401 Ubi

441 2485 513 2529 εει
550 2469 687 2524 Deus
729 2476 848 2522 tuus
873 2465 896 2519 ί
919 2463 1079 2520 Forte
1119 2470 1364 2515 sanctum
1416 2450 1634 2508 tristitia
1665 2443 1831 2501 allicit
1878 2439 2007 2495 illud

443 2582 463 2617 ι
501 2563 592 2618 ubi
638 2578 657 2614 ι
693 2561 759 2617 de
807 2560 916 2614 Deo
967 2556 1169 2611 dictum
1201 2567 1216 2604 :
1249 2547 1389 2619 quod
1429 2546 1605 2600 locum
1649 2537 1873 2616 indicat.
1902 2532 2009 2587 Ex-

439 2665 627 2710 trema:
656 2662 835 2708 autem
869 2648 1098 2705 inscitia:
1121 2653 1204 2701 est
1237 2643 1404 2698 Deum
1431 2639 1486 2694 in
1509 2637 1629 2691 loco
1661 2643 1782 2687 esse
1809 2625 2006 2682 existi-

438 2761 609 2802 mare.
635 2745 767 2800 Nam
799 2744 1036 2814 pondere
1065 2735 1310 2796 subsistit
1330 2733 1512 2794 locus;
1540 2723 1796 2800 ponderis
1826 2729 2006 2776 autem

437 2851 630 2909 expers
656 2845 738 2893 est
771 2837 935 2892 Deus.

856 3019 1021 3096 706
1064 3011 1386 3073 PSALMUS
1421 3007 1586 3066 xui.

506 3120 671 3178 Vens.
690 3121 740 3176 l.
760 3119 955 3175 Judica
979 3129 1082 3179 me,
1106 3110 1325 3177 Deus,et
1345 3105 1582 3160 discerne
1603 3113 1817 3156 causam
1839 3110 2006 3151 meam

435 3217 498 3272 de
542 3222 690 3287 gente
739 3226 841 3265 non
894 3213 1098 3266 sancta,
1125 3210 1232 3256 etc.
1265 3196 1516 3253 Christus
1559 3190 1724 3247 etiam
1770 3184 2005 3259 iudicari

432 3278 672 3380 postulat
699 3322 727 3358 a
758 3304 888 3368 Deo,
920 3303 988 3352 ad
1013 3309 1174 3366 quem
1213 3301 1342 3362 puto
1371 3288 1578 3343 dictum
1610 3281 1741 3339 illud
1768 3298 1782 3336 :
1815 3297 1836 3332 ι
1871 3278 2004 3334 Vin-

432 3372 526 3458 ces
569 3412 692 3455 cum
721 3392 1007 3468 iudicaris.
1043 3407 1062 3442 ι
1097 3385 1149 3441 Is
1183 3384 1273 3455 qui
1304 3380 1408 3436 sibi
1445 3380 1585 3434 bene
1611 3372 1863 3431 conscius
1899 3377 2003 3434 est,

431 3501 486 3549 et
509 3499 694 3548 certus
723 3503 780 3545 se
819 3484 1069 3554 iniuriam
1106 3491 1322 3550 passum
1354 3472 1646 3527 vindictam
1676 3466 1898 3521 minime
1923 3461 2004 3516 in-

430 3584 639 3647 tulisse,
680 3581 773 3637 sed
811 3570 1025 3634 dedisse
1063 3572 1240 3628 locum
1269 3567 1385 3630 iraa,
1415 3566 1530 3619 haec
1557 3562 1738 3618 dicere
1761 3555 1960 3628 poterit
1987 3570 2001 3606 :

435 3687 457 3723 ι
491 3669 566 3726 De
586 3645 745 3740 gente
775 3669 880 3722 non
911 3671 1124 3724 sancta,
1160 3676 1181 3711 ι
1209 3669 1316 3712 etc.
1349 3653 1501 3721 Quod
1540 3651 1586 3708 si
1616 3648 1868 3705 Salvator
1905 3645 2008 3699 hoc

431 3763 585 3830 dicit,
619 3775 752 3832 gens
786 3773 892 3814 non
931 3767 1118 3813 sancta
1147 3761 1274 3810 sunt
1317 3748 1528 3815 Judaei;
1561 3745 1606 3802 si
1637 3758 1769 3800 vero
1813 3740 1897 3797 vir
1917 3741 2006 3812 ju-

428 3869 570 3923 stus,
593 3859 660 3913 de
680 3853 1005 3912 adversariis
1027 3849 1387 3922 potestatibus
1412 3845 1466 3900 id
1496 3843 1650 3900 dicit.
1669 3839 1891 3896 Liberat
1909 3851 2007 3891 au-

429 3957 542 4006 tem
575 3949 715 4004 Deus
739 3960 768 4000 a
798 3945 913 4001 viro
955 3943 1142 4013 iniquo
1181 3948 1237 3995 et
1269 3937 1476 4001 doloso,
1505 3932 1720 4006 quando
1750 3928 1874 4000 quis
1896 3941 2002 3981 non

431 4039 644 4096 laeditur
674 4038 742 4093 ab
767 4037 866 4092 eis.
891 4034 1022 4090 Illud
1043 4073 1059 4101 ,
1097 4032 1218 4087 «Ah
1245 4029 1463 4086 homine
1505 4026 1693 4095 iniquo
1722 4031 1775 4078 et
1815 4019 2004 4076 doloso

429 4143 564 4186 erue
587 4143 695 4193 me,
728 4145 746 4180 ι
791 4126 990 4182 dicitur
1035 4123 1103 4179 de
1139 4120 1380 4190 quolibet
1416 4117 1754 4173 adulterante
1780 4109 2004 4168 verbum

430 4221 551 4289 Dei,
575 4229 629 4276 et
652 4220 771 4275 viro
799 4218 982 4288 iniquo
1013 4215 1106 4286 qui
1138 4213 1298 4269 (idem
1327 4210 1565 4268 simulat.

501 4313 661 4369 Vens.
702 4311 757 4368 '5.
800 4309 996 4365 Emitte
1039 4308 1205 4362 lucem
1248 4314 1394 4358 tuam
1423 4312 1472 4357 et
1497 4301 1767 4356 ueritatem
1811 4308 2000 4352 tuam:
2038 4276 2050 4286 ’

2111 511 2407 584 φροσύνην,
2434 510 2517 564 ὅτι
2541 508 2637 573 νὺξ
2664 508 2756 560 καὶ
2787 507 2975 570 σκότος
3012 507 3045 574 ἡ
3080 505 3147 558 δι’
3176 505 3360 575 ῦμνων
3390 499 3508 572 πρὸς
3533 498 3629 552 Θειιο

2109 603 2312 676 ὁμιλία,
2344 603 2436 656 καὶ
2458 603 2491 672 ἡ
2514 601 2580 654 δι’
2610 599 2781 668 εὐχῶν
2813 598 3094 660 ἀπότασις.

2183 695 2322 763 Ἐρῶ
2350 692 2430 760 τῷ
2462 691 2610 757 Θεῷ·
2648 690 3041 756 Ἀντιλήπτωρ
3064 704 3182 757 μου
3228 680 3316 752 εἴ,
3358 683 3452 737 διὰ
3477 683 3523 734 τί
3545 698 3631 750 μην

2108 786 2440 850 ἐπε.1ἀθου;
2471 785 2534 840 Τί
2559 785 2662 839 ἵνα
2687 779 3126 850 σκυθρωπάζων
3158 779 3477 845 πορεύομαι
3496 775 3553 827 ἐγ
3575 771 3634 836 τῷ

2109 877 2405 932 ἐκθλίϐειν
2439 875 2548 929 τὸν
2580 873 2798 943 ἐχθρόν
2825 885 2975 942 μου;
3014 887 3068 924 κ.
3099 886 3152 924 τ.
3190 871 3238 921 ἑ.
3274 869 3350 921 03
3383 867 3444 918 τὸ
3469 866 3532 934 μὴ
3553 863 3632 915 bid-

2111 964 2419 1038 6εσθαι(98)
2434 963 2575 1030 ἀξιοῖ
2587 961 2692 1016 ὑπὸ
2708 957 3070 1034 ὲχθροῦ,ἀλλὰ
3099 955 3415 1027 θλιϐόμενος
3450 952 3515 1023 μὴ
3542 969 3633 1004 σκυ-

2110 1056 2439 1132 θρωπάζειν.
2464 1056 2636 1110 Τοῦτο
2661 1055 2770 1126 γὰρ
2800 1052 3006 1123 ἀθλητῇ
3033 1048 3477 1122 εὐαρεστουμένῳ
3503 1046 3578 1097 καὶ
3597 1046 3637 1094 ἐν

2107 1155 2223 1218 τοῖς
2268 1151 2670 1225 περιστατικοῖς
2705 1144 2956 1222 ἁρμόζει.
2995 1144 3082 1197 Ἐν
3118 1142 3175 1196 δὲ
3213 1140 3291 1211 τῷ
3332 1139 3456 1210 ἑξῆς

2111 1243 2434 1314 προτάσσων
2446 1239 2530 1303 τὸ,
2556 1259 2574 1291 ι
2589 1240 2706 1292 ’Ἱνα
2728 1235 2782 1290 τί
2804 1233 3011 1290 ἀπώσω
3033 1249 3098 1304 με
3123 1249 3176 1297 ;›
3197 1229 3290 1284 τοῦ
3300 1231 3464 1290 ..Ἵνα
3476 1227 3521 1279 τί
3538 1244 3641 1278 σκα-

2109 1333 2410 1408 θρωπάζων
2441 1329 2774 1402 πορεύομαι;
2801 1346 2819 1379 ι
2872 1327 3047 1380 ἔοικεν
3077 1323 3390 1394 ἐμφαίνειν,
3425 1321 3498 1373 ὅτι
3522 1321 3642 1372 ἀω-

2111 1426 2327 1489 σθέντος
2356 1423 2464 1479 ἀπὸ
2502 1421 2638 1476 Θεοῦ
2672 1419 2802 1473 ἴδιον
2832 1417 2893 1473 οὐ
2928 1416 2992 1469 τὸ
3021 1414 3113 1468 ὑπ’
3143 1412 3344 1485 ἐχθροῦ
3389 1409 3644 1470 θλίϐεσθαι,

2108 1519 2244 1573 ἀλλά
2275 1517 2338 1571 τὸ
2367 1512 2781 1587 σκυθρωπάζειν
2808 1514 2868 1567 ὲν
2892 1509 2970 1581 τῷ
3003 1507 3302 1562 θλίϐεσθαι.
3343 1505 3407 1560 Ei

2106 1610 2339 1682 Χριστὸς
2371 1609 2522 1677 λέγοι
2561 1606 2625 1660 τὸ
2658 1607 2716 1660 ὲν
2761 1602 2841 1676 τῷ
2891 1603 3020 1674 ἑξῆς
3068 1599 3307 1672 ψαλμῷ,
3338 1597 3493 1668 ὅμοια
3529 1594 3650 1664 αὐτῷ

2109 1702 2255 1774 λέγει
2288 1702 2344 1756 ὲν
2375 1698 2641 1771 πνεύματι
2669 1696 2843 1761 οὕτως
2865 1714 2879 1728 ·
2914 1716 2932 1749 ι
2956 1697 3028 1749 Σὺ
3063 1694 3122 1749 δὲ
3159 1691 3374 1747 ἀπώσω
3413 1690 3498 1742 καὶ
3527 1688 3650 1752 ἐξου-

2038 1768 2082 1829 B
2109 1768 2367 1857 δένωσας,
2402 1768 2664 1845 ἀνεδάλου
2703 1787 2796 1841 τὸν
2821 1785 3055 1859 Χριστόν
3088 1803 3204 1840 σου.
3235 1803 3253 1835 ι
3293 1783 3407 1836 Καὶ
3443 1780 3652 1849 eam-0w-

2113 1886 2300 1952 πάζων
2329 1882 2620 1956 πορεύεται
2655 1881 2862 1950 λέγων·
2901 1899 2920 1932 ι
2952 1877 3257 1948 Περίλυπός
3298 1876 3449 1927 ἐστιν
3474 1873 3508 1943 η

2116 1996 2240 2052 μου.
2277 1997 2296 2030 ι
2343 1978 2415 2031 Ἢ
2461 1973 2882 2048 ὲπαπορητικῶς
2912 1971 3143 2044 Χριστὸς
3172 1969 3350 2037 λέγει,
3395 1965 3554 2019 οἱονεὶ
3573 1981 3658 2015 τοι-

2112 2069 2267 2123 οῦτον
2323 2065 2634 2139 ἐμφαίνωνο
2670 2065 2735 2118 Τί
2773 2061 2994 2118 ἀνύεται
3026 2060 3175 2126 ἀξιον
3205 2056 3306 2111 τοῦ
3327 2097 3343 2120 ,
3374 2053 3658 2109 ἀπωσθέπι

2115 2179 2184 2232 με
2208 2160 2346 2232 ὑπὲρ
2378 2157 2650 2229 σωτηρίας
2675 2153 3007 2228 ἀνθρώπων,
3059 2151 3169 2204 ἀπὸ
3216 2146 3316 2200 σοῦ
3369 2145 3660 2216 σκυθρωπὴ·

2109 2255 2269 2320 ζοντα
2296 2250 2640 2324 πορεύεσθαι,
2676 2245 3012 2307 ὲκθλίϐοντος
3041 2239 3236 2314 ἐχθροῦ
3260 2257 3275 2304 ;

2164 2345 2267 2398 Ἐν
2292 2341 2372 2408 τῷ
2396 2340 2597 2410 λέγειν
2619 2338 2839 2403 αὐτούς
2863 2352 2966 2405 μοι
2995 2332 3120 2388 καθ’
3148 2331 3427 2396 ἑκάστην
3450 2326 3661 2397 ἡμέραν

2107 2435 2236 2490 Ποῦ
2266 2433 2438 2489 ἐστιν
2469 2436 2502 2488 ὁ
2532 2434 2677 2498 Θεός
2705 2444 2821 2484 σου
2841 2445 2860 2492 ;
2877 2446 2932 2484 κ.
2953 2444 3002 2480 τ.
3036 2427 3084 2478 ὲ.
3102 2424 3259 2493 Τάχα
3281 2421 3376 2474 τὸν
3407 2423 3554 2487 ἆγιον
3581 2420 3667 2487 (99⁷)

2108 2527 2268 2582 λυπεῖ
2315 2527 2414 2592 τὸ,
2458 2545 2477 2578 ι
2505 2523 2636 2588 ποῦ,
2664 2542 2683 2574 ι
2721 2523 2812 2575 ἐπὶ
2851 2519 2984 2573 Θεοῦ
3025 2517 3358 2588 λεγόμενον,
3393 2515 3530 2584 ὅπερ
3577 2513 3669 2563 ἐπὶ

2108 2621 2275 2674 τόπου
2309 2617 2660 2690 σημαντικόν.
2717 2615 2830 2685 Τῆς
2882 2613 3115 2684 ἐσχάτης
3170 2612 3228 2664 δὲ
3268 2611 3499 2678 ἀγνοίας
3535 2609 3589 2660 τῦ
3628 2611 3672 2659 ἐν

2109 2713 2262 2784 τόπῳ
2287 2710 2523 2781 νομίζειν
2552 2705 2692 2762 εἶναι
2737 2708 2826 2761 τὸν
2857 2706 3010 2760 Θεόν·
3042 2705 3192 2774 δγκῳ
3224 2702 3341 2773 γάρ
3374 2703 3674 2768 συνυφίστα-

2114 2821 2205 2859 ται
2228 2803 2410 2867 τόπος·
2438 2802 2601 2871 ὖγκου
2627 2801 2682 2855 δὲ
2718 2801 2779 2854 τὸ
2804 2800 2956 2852 Θεῖον
2987 2797 3296 2867 ἐλεύθερον.

2677 2984 2966 3040 ΨΑΛΜΟΣ
3001 2983 3136 3038 MB’.

2175 3081 2396 3155 Κρῖνόν
2419 3098 2518 3154 με,
2549 3084 2581 3136 ό
2613 3080 2778 3146 Θεὸς,
2801 3079 2898 3132 καί
2936 3077 3194 3131 δικασον
3220 3073 3345 3142 τὴν
3371 3071 3558 3138 δίκην
3583 3089 3681 3140 μετ’

2105 3177 2173 3243 ἐξ
2207 3178 2423 3242 ἔθνους
2473 3175 2586 3242 οὐχ
2629 3172 2840 3234 ὁσίου,
2872 3187 2926 3224 κ.
2961 3187 3010 3222 τ.
3043 3170 3088 3221 ὲ.
3124 3168 3235 3222 Καὶ
3279 3169 3310 3220 ό
3354 3165 3596 3237 Χριστὸς
3625 3163 3685 3228 εί)

2105 3268 2356 3341 κριθῆναι
2400 3264 2541 3332 ἀξιοῖ
2568 3264 2675 3318 ἀπὸ
2717 3261 2887 3315 Θεοῦ·
2947 3260 3082 3332 πρὸς
3133 3259 3193 3312 ὃν
3224 3253 3390 3329 οἶμαι
3429 3257 3517 3317 τὸν
3554 3275 3571 3306 ε
3607 3255 3688 3306 χι,

2106 3362 2294 3432 κήσεις
2325 3359 2384 3412 ὲν
2430 3356 2508 3428 τῷ
2556 3353 2838 3428 κρίνεσθαί
2872 3369 2954 3406 σε.
2983 3371 3000 3402 ι
3045 3353 3101 3405 Ὀ
3130 3351 3216 3419 ἐφ’
3257 3348 3451 3418 ἑαυτῷ
3493 3345 3690 3417 θαρρἐ

2107 3453 2200 3507 καὶ
2229 3447 2595 3520 πεπεισμένος
2623 3443 2952 3517 ἠδικημένος
3007 3441 3285 3513 μηδέποτε
3336 3439 3544 3492 ἑαυτὸν
3571 3438 3674 3490 ἑκξι

2107 3544 2360 3617 κηκὲναι,
2395 3542 2532 3598 ἀλλὰ
2567 3540 2731 3593 τόπον
2757 3541 2824 3608 τῇ
2852 3538 2991 3608 ὀργῇ
3026 3535 3354 3595 δεδωκέναι,
3379 3531 3564 3586 ταῦτα
3581 3533 3693 3600 ἐρεῖ·

2113 3658 2131 3691 ι
2173 3635 2265 3702 Ἐξ
2295 3636 2482 3699 ἔθνους
2513 3634 2611 3702 οὐχ
2635 3630 2805 3693 ὁσίου,
2847 3648 2865 3681 ›
2903 3629 2997 3682 καὶ
3023 3627 3090 3681 τὰ
3118 3625 3272 3697 ἑξῆς.
3301 3626 3370 3678 Ei
3407 3626 3514 3695 μὲν
3542 3625 3572 3674 ὅ
3602 3623 3698 3673 Sn-

2104 3733 2209 3806 τὴρ
2245 3733 2414 3801 λέγει,
2441 3729 2589 3793 ἔθνος
2617 3729 2717 3797 οὐχ
2745 3728 2889 3780 ὅσιον
2943 3722 3205 3776 Ἰουδαῖοιο
3240 3723 3291 3774 εί
3321 3721 3385 3772 δὲ
3415 3722 3448 3772 ὁ
3479 3719 3697 3776 δίκαιός,

2107 3825 2234 3898 περὶ
2262 3821 2650 3892 ἀντικειμένων
2681 3819 2828 3886 λέγει
2847 3815 3151 3884 δυνάμεων.
3187 3811 3424 3865 Ῥύεται
3448 3811 3511 3863 δὲ
3533 3813 3563 3863 ό
3586 3810 3702 3870 Θεξ

2108 3919 2214 3973 ἀπὸ
2243 3915 2435 3988 ἀνδρὸς
2477 3913 2660 3967 ἀδίκου
2697 3910 2791 3964 καὶ
2823 3907 3016 3970 δολίου,
3054 3906 3144 3958 ὅτε
3174 3905 3239 3957 οὐ
3280 3903 3600 3972 βλάπτεταὶ
3633 3917 3701 3958 τις

2107 4011 2197 4064 ὑπ’
2234 4005 2433 4060 αὐτῶν.
2464 4003 2559 4066 Τὸ,
2605 4020 2622 4054 ι
2667 3999 2798 4053 Ἀπὸ
2835 3995 3124 4068 ἀνθρώπου
3161 3991 3361 4045 ἀδίκου
3407 3991 3512 4042 καὶ
3543 3988 3700 4040 esse.

2109 4099 2268 4175 ῥῦσαί
2302 4114 2391 4170 με,
2418 4114 2436 4147 ι
2474 4095 2604 4164 περὶ
2666 4091 2896 4144 ἑκάστου
2948 4085 3227 4146 δολοῦντος
3271 4082 3373 4135 τὸν
3407 4081 3579 4149 λόγον
3623 4075 3702 4129 τεςί

2108 4173 2266 4256 Θεοῦ,
2307 4192 2398 4245 καὶ
2437 4188 2621 4242 ἀδίκου
2654 4178 3116 4255 προσποιουμένου
3144 4176 3216 4229 τὰ
3241 4175 3348 4244 τῆς
3385 4173 3654 4231 πίστεως.

2192 4282 2658 4350 Ἐξαπόστειλον
2707 4276 2773 4329 τὸ
2816 4272 2939 4342 φῶς
2968 4286 3084 4325 σου
3118 4268 3220 4321 καὶ
3260 4266 3389 4333 τὴν
3415 4261 3706 4329 ἀλήθειά

429 4407 542 4475 ipsa
568 4422 646 4460 me
665 4405 766 4460 ded
773 4411 996 4458 uxeruut
1020 4410 1068 4454 et
1087 4398 1421 4454 adduxerunt
1438 4399 1494 4449 in
1513 4403 1738 4448 montem
1764 4399 2003 4445 sanctum

2121 4395 2244 4435 σου·
2281 4373 2434 4431 αὐτὰ
2463 4359 2562 4442 μΐ
2577 4365 2903 4438 ὼδήγησαν
2931 4363 3025 4418 καί
3053 4361 3287 4429 ἤγαγέν
3329 4376 3414 4428 με
3445 4359 3550 4421 είς
3585 4355 3707 4421 ἔμας

2121 4473 2138 4475 »Α
2228 4473 2234 4475 λ
2601 4465 2612 4475 .
2703 4463 2714 4475 .
2823 4459 2834 4475 .
2911 4473 2923 4475 Α
3290 4468 3411 4475 ,⁸η
3487 4467 3525 4475 __
3583 4463 3613 4475 ,
3669 4447 3686 4472 ,

431 4507 579 4552 tuum
622 4506 672 4552 et
721 4497 775 4550 in
812 4490 1152 4549 tabernacula
1200 4499 1314 4554 tua,
1375 4495 1482 4542 etc.
1515 4503 1534 4538 ι
1572 4483 1686 4555 Ego
1737 4497 1856 4538 sum
1905 4480 1994 4535 lux

429 4588 637 4652 mundi,
678 4606 698 4640 ›
730 4586 903 4655 inquit
927 4583 1176 4639 Salvator
1212 4580 1279 4636 ”.
1311 4578 1377 4634 Et
1399 4590 1638 4638 rursum,
1678 4590 1700 4626 ι
1739 4573 1849 4644 Ego
1878 4586 1997 4628 sum

428 4679 650 4736 veritas.
678 4698 697 4731 ι
717 4678 829 4733 lloc
851 4677 970 4732 loco
993 4672 1343 4744 Septuaginta
1372 4669 1695 4738 interpretes
1718 4671 2000 4721 mutarunt

429 4781 644 4843 tempus
673 4780 727 4826 et
765 4779 1022 4840 tanquam
1054 4767 1194 4822 facta
1221 4765 1478 4820 dixerunt
1501 4762 1703 4816 futura.
1733 4757 1838 4812 Alii
1869 4769 1998 4811 vero

429 4865 673 4938 apertius
694 4865 942 4920 dixerunt
969 4877 1014 4915 ει
1038 4859 1230 4914 Emitte
1251 4859 1423 4914 lucem
1453 4866 1600 4911 tuam
1630 4861 1686 4910 et
1716 4852 1998 4906 veritatem

427 4968 734 5028 tuam,quae
756 4969 855 5011 nos
875 4956 1213 5010 adducentet
1240 4951 1510 5007 deducent
1534 4949 1586 5003 in
1613 4955 1850 5002 montem
1876 4959 2000 5000 san-

428 5061 572 5107 ctum
588 5060 738 5106 tuum
755 5059 809 5105 et
832 5048 883 5102 in
905 5045 1249 5104 tabernacula
1270 5054 1408 5099 tua.)
1430 5037 1800 5097 Tabernacula
1819 5045 1999 5090 autem

430 5140 686 5211 templum
711 5138 946 5202 vocavit,
977 5132 1214 5192 montem
1253 5147 1383 5188 vero
1409 5133 1539 5189 dicit
1567 5130 1720 5196 Sion,
1747 5130 1811 5183 ad
1839 5141 1998 5196 quem

425 5231 685 5288 accedere
721 5227 957 5300 postulat
1007 5225 1201 5282 divinae
1266 5236 1486 5292 compos
1534 5219 1750 5275 laetitiae.
1798 5215 1998 5272 Lucem

425 5335 482 5380 et
529 5321 1066 5392 veritatem,justum
1091 5315 1453 5373 ctsalutarem
1509 5312 1800 5368 adventum
1846 5306 1998 5370 dicit,

498 5481 545 5516 ”
571 5480 727 5538 Joan.
751 5494 872 5548 vui,
907 5479 996 5555 l2.
1071 5479 1115 5512 ⁹¹
1159 5478 1290 5534 ibid.
1323 5491 1434 5542 xw,
1466 5473 1518 5530 6.

503 5641 616 5712 (98)
655 5642 737 5712 Οὐ
772 5638 835 5694 τὸ
869 5639 954 5710 μὴ
985 5638 1313 5712 θλίϐεσθαι,
1336 5644 1453 5712 etc.
1485 5630 1708 5712 Eadem.

644 5711 812 5797 frixit
839 5697 952 5765 τὶ)νῖ
974 5711 1162 5783 ἅγιον,
1189 5697 1308 5766 εις(
1332 5705 1560 5762 Schedze
1588 5697 1798 5764 Grabii,
1825 5705 1878 5756 et
1903 5710 1998 5755 co-

430 5782 531 5839 dex
565 5782 944 5837 Coislinianus.

2103 4473 2276 4544 ἅγιόν
2317 4483 2467 4532 σου,
2519 4465 2618 4517 καί
2663 4463 2755 4527 εὶς
2775 4459 2847 4514 τὰ
2883 4452 3247 4526 σκηνώματά
3283 4468 3435 4514 σου,
3487 4467 3549 4502 κ.
3583 4463 3630 4497 τ.
3666 4447 3705 4495 ἐ.

2110 4583 2129 4616 ι
2152 4538 2306 4630 *Ἐγώ
2344 4560 2458 4628 εἰμι
2485 4555 2545 4609 τὸ
2581 4553 2695 4624 φῶς
2724 4549 2799 4622 (2)
2821 4547 2914 4602 τοῦ
2940 4546 3168 4615 κόσμου,
3185 4563 3202 4593 ι
3228 4541 3406 4610 φησὶν
3431 4540 3470 4590 ὁ
3496 4538 3706 4598 Σωτήρ·

2107 4656 2204 4712 καὶ
2238 4625 2658 4717 ⁷πάλι-ν’(Ἑγιί)
2702 4647 2816 4715 είμι
2859 4643 2892 4712 ἡ
2944 4637 3190 4709 ἀλήθεια.
3220 4654 3239 4686 ›
3286 4631 3582 4688 Ἐνταῦθα

2106 4747 2297 4820 χρόνον
2335 4741 2628 4814 ὲνήλλαξαν
2660 4739 2709 4790 oi
2751 4731 3150 4803 Ἐὅδομήκοντα
3172 4767 3187 4790 ,
3223 4727 3322 4780 καὶ
3365 4724 3448 4786 ὡς
3482 4732 3715 4790 γεγενη-

2110 4816 2247 4912 μένα
2281 4837 2536 4908 είρήκασι
2575 4831 2643 4886 τὰ
2677 4828 2928 4899 ἐσόμενα.
2963 4825 3024 4878 Oi
3064 4822 3122 4875 δὲ
3154 4820 3312 4875 ἄλλοι
3363 4816 3713 4885 inﬁxam-

2105 4905 2422 5002 είρήκασινλ
2463 4944 2482 4977 ‹
2519 4919 2861 4976 Ἀπόστειλον
2904 4916 2967 4969 τὸ
3011 4911 3126 4985 φῶς
3170 4931 3265 4967 σου
3307 4911 3409 4966 καὶ
3446 4909 3566 4979 τὴν
3596 4905 3694 4966 ἀῦέ

2107 4999 2260 5075 θε-ιάν
2297 5036 2412 5083 σου,
2438 5016 2598 5071 ἆτινα
2634 5012 2892 5086 ὁδηγήσει
2921 5009 3015 5061 καὶ
3051 5005 3170 5072 ἄξει
3192 5005 3348 5077 ἡμᾶς
3375 5006 3469 5064 εἰς
3503 5003 3578 5052 τὸ
3605 4999 3712 5064 ξρειι

2103 5112 2165 5166 τὸ
2197 5111 2351 5180 ἆγιόν
2381 5127 2474 5162 σου
2496 5108 2589 5161 καὶ
2612 5107 2692 5170 εἰς
2714 5105 2786 5158 τά
2813 5098 3148 5175 σκηνώματά
3171 5115 3287 5151 σου.
3305 5116 3325 5145 ι
3356 5092 3716 5160 Σκηνώματι

2105 5207 2164 5261 δὲ
2195 5206 2286 5260 τὸν
2314 5204 2441 5258 ναὸν
2467 5198 2939 5273 προσηγόρευσεν·
2981 5195 3106 5265 ὅρος
3129 5191 3186 5244 δὲ
3209 5189 3363 5252 λέγει
3400 5183 3524 5252 τὴν
3563 5180 3719 5241 Σιὼν.

2105 5305 2185 5367 είς
2227 5301 2256 5355 δ
2303 5296 2615 5355 ἐπανελθεῖν
2667 5292 2809 5358 ἀξιοῖ
2849 5288 2997 5352 θείας
3031 5281 3209 5353 τυχὼν
3235 5278 3342 5348 τῆς
3383 5274 3722 5347 εὖμενεὶες.

2179 5623 2255 5691 (l)
2271 5623 2380 5675 Kat
2404 5620 2439 5691 ό
2451 5615 2726 5691 Χριστός,
2752 5615 2858 5691 etc.
2879 5605 3050 5691 Calen
3059 5593 3364 5691 δέρρει-ἥ

2179 5662 2883 5764 ‘(éi‘ifﬁfé'zﬂi'eeg
2935 5683 3044 5732 etc.
3082 5667 3319 5725 Scheda:
3372 5662 3630 5723 Gabii.
3684 5662 3730 5708 Il

2110 5763 2313 5820 Catena
2347 5756 2596 5815 Barbari.
