3808 6510
153 317 259 373 lli!

148 437 247 503 Φῶς
275 439 321 493 δὲ
363 441 455 493 καὶ
483 440 737 512 ἀλήθειαν
763 440 865 513 τὴν
892 443 1107 498 δικαίαν
1134 446 1228 500 καὶ
1268 446 1528 516 σωτήριον
1565 446 1686 496 ὲπι-
1717 446 1764 503 Α

148 529 336 600 φάνειαν
369 531 535 599 λέγει,
578 532 763 604 ὥσπερ
789 534 979 597 σκότος
1011 536 1109 599 τὰς
1148 536 1450 609 συμφοράς.

209 621 302 677 Τοῦ
332 625 539 677 αὐτοῦ.
574 625 647 677 Τὸ
674 625 1141 698 ἐξαπεσταλμένον
1173 629 1246 698 (5)
1271 628 1362 680 ἐπὶ
1392 629 1491 699 τὴν
1517 626 1688 699 Ἰησοῦ

146 714 290 786 ψδχὴν
335 715 451 785 φῶς
504 717 637 770 Θεοῦ
661 758 676 783 ,
731 720 826 771 καὶ
870 719 1097 790 ἀλήθεια
1138 720 1303 773 αὐτοῦ
1331 723 1358 773 ὁ
1384 723 1693 791 Μονογενής

145 808 284 863 ἐστιν.
323 809 442 863 Ὅτι
474 809 580 882 γὰρ
609 809 803 881 ἔχομεν
835 811 1093 883 ἀρχιερέα
1127 813 1297 884 μέγαν
1335 814 1540 884 Ἰησοῦν
1568 816 1695 885 Χρι-

147 898 252 953 στὸν
272 899 357 953 τὸν
389 900 516 953 Υἱὸν
544 900 638 954 τοῦ
678 899 812 955 Θεοῦ
844 902 1208 972 ἐνδεδυμένον,
1239 903 1465 974 δηλώσει
1503 905 1601 975 μὲν
1632 905 1691 958 τὸ

144 988 481 1053 ὲξαποσταλὲν
509 990 596 1042 ἐπ’
617 988 779 1043 αὐτὸν
810 989 924 1060 φώς
951 991 1043 1044 τοῦ
1069 991 1223 1045 Θεοῦ·
1244 992 1503 1064 ἀλήθειαν
1544 994 1691 1055 δὲ,οὑ

141 1080 306 1148 τύπον,
335 1082 637 1155 διδάσκειή
686 1084 1023 1155 προκειμένη
1064 1084 1226 1149 λέξις.
1271 1086 1485 1153 ’Ἀτινα,
1525 1086 1691 1139 αὐτὸν

141 1175 486 1246 ὀδηγήσαντα,
533 1177 736 1247 ἤγαγον
772 1178 852 1240 εἰς
890 1176 965 1239 τὸ,
984 1177 1351 1249 πνευματικὸν
1397 1178 1550 1247 ἆγιον
1598 1179 1692 1232 τοῦ

146 1265 258 1321 θεοῦ
282 1266 419 1340 ὅρος,
454 1270 548 1323 καὶ
575 1271 655 1332 εἰς
683 1269 751 1322 τὰ
781 1268 1011 1340 ἀληθινὰ
1042 1269 1370 1341 σκηνώματα
1398 1271 1585 1333 αὐτοῦ,
1607 1271 1695 1324 ίνα

139 1348 208 1422 ὡς
222 1358 497 1432 ἀρχιερεὺς
522 1359 740 1432 εἰσέλθῃ
762 1360 898 1431 πρὸς
924 1359 984 1412 τὸ
1014 1358 1397 1433 θυσιαστήριον
1413 1362 1506 1415 τοῦ
1534 1361 1688 1416 Θεοῦ.

140 1450 275 1521 Τάχα
297 1451 351 1505 δὲ
388 1469 406 1503 ι
438 1451 561 1525 ὅρος
592 1452 744 1522 ἆγιον
772 1472 790 1504 ι
832 1450 926 1505 τοῦ
967 1452 1101 1506 Θεοῦ
1134 1456 1168 1525 ἡ
1190 1453 1335 1508 οἰκία
1361 1455 1455 1508 τοῦ
1481 1456 1695 1527 Πατρός

138 1545 262 1599 ἐστι’
295 1564 313 1597 ι
338 1545 671 1618 σκηνώματα
696 1567 714 1600 ι
739 1545 797 1599 δὲ
830 1544 993 1601 αὑτοῦ
1027 1547 1083 1600 αἱ
1119 1546 1311 1601 πολλαὶ
1339 1548 1397 1603 ὲν
1429 1549 1564 1621 αὐτῇ
1601 1565 1695 1619 μο-

138 1637 235 1693 ναί.
266 1639 331 1692 Ἢ
371 1658 391 1692 ι
427 1638 498 1693 τὰ
545 1638 900 1712 σκηνώματα,
933 1659 951 1692 ι
999 1640 1164 1694 αὑτοῦ
1217 1640 1423 1696 αίώνιοι
1478 1640 1690 1713 σκηναί.

137 1732 383 1805 Ζητήσεις
426 1734 483 1787 δὲ
516 1734 744 1806 πότερον
776 1737 825 1790 εί
856 1738 914 1791 ὲν
942 1735 1019 1808 τῷ
1044 1735 1187 1806 ἁγίῳ
1218 1734 1332 1807 ὅρει
1376 1735 1444 1789 τὰ
1481 1735 1692 1807 σκηνώ-

138 1826 274 1897 ματά
318 1826 458 1891 ἐστι,
501 1827 597 1880 καὶ
633 1828 754 1881 τίνα
783 1827 983 1882 ταῦτα⁶
1018 1830 1067 1881 εί
1101 1827 1169 1882 τὰ
1208 1827 1343 1898 πρὸς
1396 1826 1556 1881 αὐτὸν
1603 1826 1693 1880 τὸν

134 1915 256 1971 Θεὸν
281 1917 636 1988 εὐφραίνοντα
681 1919 782 1991 τὴν
825 1919 1052 1991 νεότητα
1083 1920 1267 1974 αὐτοῦ.
1317 1920 1390 1973 Οὐ
1432 1920 1542 1993 γὰρ
1582 1916 1693 1992 εἷχε

134 2008 472 2080 παλαιότητα.
511 2012 619 2064 Καὶ
652 2012 744 2075 τὸ,
780 2031 798 2064 ι
840 2012 1220 2084 Ἐνδυσάμενοι
1262 2013 1317 2066 δὲ
1346 2014 1437 2067 τὸν
1482 2014 1598 2066 νέον
1623 2055 1637 2078 ,
1671 2033 1688 2065 ι

131 2097 214 2153 διὰ
246 2099 444 2171 ταύτην
472 2100 570 2171 τὴν
599 2099 826 2168 νεότητα
871 2099 1105 2172 εἴρηται.
1149 2101 1260 2155 Καὶ
1287 2101 1393 2153 τῶν
1440 2098 1696 2153 τοιούτων

130 2190 260 2245 νέων
289 2192 433 2247 ἐστὶν
466 2196 497 2263 ή
540 2194 719 2266 ἑορτή.

200 2282 309 2338 Τοῦ
347 2285 555 2339 αὐτοῦ.
583 2284 927 2359 Ὄροςνᾶγιόν
953 2284 1028 2357 (4)
1057 2285 1171 2338 ἐστι
1211 2282 1344 2338 Θεοῦ
1369 2285 1398 2335 ὁ
1442 2282 1693 2356 Χριστός·

132 2376 455 2449 σκηνώματα
489 2379 545 2431 δὲ
581 2378 769 2444 αὐτοῦ,
805 2381 860 2432 αἱ
896 2379 1048 2447 ἅγιαι
1076 2379 1416 2449 δυνάμειςὲν
1453 2371 1540 2439 αἷς
1570 2393 1700 2429 κατ-

130 2475 277 2526 οικεῖ.

198 2565 350 2634 Πρὸς
380 2565 489 2620 τὸν
518 2568 666 2621 Θεὸν
694 2568 1098 2637 εὐφραίνοντα
1133 2565 1248 2633 τὴν
1279 2563 1531 2632 ’νεότητά
1554 2582 1695 2634 μου,

126 2658 642 2729 ἐξομολογήσομαί
662 2676 759 2714 σοι
782 2660 852 2713 ἐν
866 2659 1095 2728 κιθάρᾳ,
1116 2662 1148 2711 ό
1166 2658 1330 2722 Θεὸς,
1350 2660 1382 2710 ὀ
1401 2656 1544 2721 Θεός
1556 2673 1696 2723 μου,

124 2768 178 2805 κ.
211 2769 257 2805 τ.
288 2752 333 2805 ἐ.
372 2753 483 2805 Καὶ
514 2753 572 2804 ἐν
600 2752 675 2823 τῷ
704 2752 781 2823 (5)
816 2750 1161 2823 ὀγδοηκοστῷ
1210 2748 1377 2821 τρίτῳ
1417 2747 1554 2819 πρὸς
1600 2746 1699 2819 τὴν

121 2846 296 2917 ψυχήν
328 2863 492 2916 φησιν
513 2862 524 2874 ·
552 2865 571 2897 ι
596 2845 1132 2916 Ἀνακαινισθήσεται
1156 2843 1232 2906 ὡς
1254 2840 1413 2895 ἀετοῦ
1446 2843 1479 2912 ή
1509 2841 1697 2912 νεότης

124 2953 235 2991 σου.
261 2956 278 2988 ι
311 2936 496 2991 Ταῦτα
525 2924 899 3008 διηγηματικὰ
920 2936 1054 3007 πρὸς
1081 2936 1225 3007 ἡμᾶς
1248 2933 1336 2987 διὰ
1360 2934 1542 3004 μέσου.
1566 2928 1698 2986 Εἶτα

121 3031 281 3084 πάλιν
310 3030 443 3103 πρὸς
473 3032 603 3085 Θεὸν
637 3033 745 3085 ἀπὸ
776 3031 870 3084 τοῦ
894 3070 907 3095 ,
935 3050 953 3082 ι
995 3028 1491 3100 Ἐξομολογήσομαί
1524 3045 1607 3080 σοι
1638 3029 1699 3081 ὲν

120 3123 342 3195 κιθάρᾳο
379 3147 398 3177 ι
436 3126 647 3197 μήποτε
676 3124 753 3196 τῷ
773 3123 1100 3197 ἀρμοσθέντι
1132 3121 1236 3176 ὑπὸ
1263 3121 1357 3176 τοῦ
1393 3121 1700 3193 πνεύματος
1726 3137 1769 3193 c

122 3215 355 3289 σώματι.

193 3312 495 3364 Ἕλπισον
523 3308 621 3363 ἐπὶ
659 3308 768 3364 τὸν
799 3309 975 3372 Θεὸν,
1037 3308 1125 3362 ὅτι
1180 3303 1697 3375 ἐξομολογήσομαι

115 3402 299 3468 αὐτῷ,
335 3402 633 3471 σωτήριον
666 3402 773 3456 τοῦ
803 3399 1129 3469 προσώπου
1152 3418 1272 3469 μου
1318 3401 1351 3453 ό
1385 3400 1529 3463 Θεός
1555 3414 1696 3466 μου,

114 3512 172 3548 κ.
205 3512 257 3547 τ.
292 3496 338 3549 ἐ,
394 3494 458 3547 Ἦ
493 3494 639 3564 ψυχὴ
673 3494 841 3546 δεῖται
859 3492 937 3563 (6)
968 3492 1325 3563 ὑπομνήσεως
1360 3490 1478 3561 τῆς,
1509 3506 1528 3539 ι
1564 3488 1689 3541 Ἔλι-

114 3606 279 3642 πισον
306 3588 399 3642 ἐπὶ
426 3588 517 3642 τὸν
544 3588 694 3642 Θεόν.
712 3607 729 3639 ι
747 3588 1016 3659 Σωτήριον
1043 3586 1099 3640 δὲ
1126 3584 1223 3639 τοῦ
1252 3583 1545 3657 προσώπου
1574 3583 1704 3636 ἁνα-

1726 1796 1768 1851 Β

111 3679 561 3751 κεκαλυμμένου,
608 3680 702 3733 καὶ
736 3679 836 3751 τὴν
881 3678 1037 3743 δόξαν
1067 3678 1274 3749 Κυρίου
1324 3676 1705 3747 κατοπτρίζειν

110 3773 261 3827 κατὰ
290 3773 391 3846 τὴν
424 3771 591 3844 αὐτὴν
616 3811 631 3835 ,
666 3772 943 3825 τουτέστιν
980 3772 1241 3834 ὡσαύτως
1269 3770 1516 3840 ἔχουσαν,
1542 3785 1708 3840 μετα-

113 3864 504 3938 μορφουμένου
535 3864 735 3928 παντὸς
756 3904 770 3927 ,
802 3864 896 3917 καὶ
927 3864 1161 3935 μάλιστα
1192 3863 1285 3916 τοῦ
1327 3861 1502 3933 Ἰησοῦ
1536 3865 1701 3915 ἐστιν.

681 4050 973 4105 ΨΑΛΜΟΣ
1009 4050 1139 4104 M1".

196 4142 253 4196 '0
276 4142 526 4209 Θεὸς,ἐν
545 4141 669 4208 τοῖς
696 4142 848 4196 ὠσὶν
868 4141 1035 4211 ἡμῶν
1061 4142 1425 4211 ἠκούσαμεν
1441 4143 1507 4195 Ol
1524 4142 1702 4195 πατέ-

81 4253 213 4305 ρες
240 4235 414 4305 ἡμῶν
427 4234 791 4305 ἀνήγγειλαν
811 4234 977 4304 ἡμῖν,
998 4253 1051 4287 κ.
1067 4251 1117 4287 τ.
1135 4236 1181 4287 ὲ.
1201 4235 1295 4288 Ἐκ
1312 4233 1605 4307 προσώπου
1625 4235 1701 4307 (7)

88 4324 221 4378 τῶν
251 4326 313 4377 ὲν
343 4329 409 4397 τῇ
441 4326 708 4396 διασπορᾷ
744 4325 773 4376 ὁ
815 4325 1053 4396 ψαλμὸς,
1085 4326 1116 4397 ἢ
1155 4328 1220 4379 ἐκ
1256 4325 1551 4397 προσώπου
1589 4326 1701 4381 τῶν

1061 320 1369 379 SELECTA
1404 321 1468 377 IN
1503 319 1843 378 PSALMOS.
1884 352 1954 362 —
1986 323 2177 380 PSAL.
2211 324 2394 382 XLIII.

3107 350 3115 362 ι
3219 332 3362 388 1422

1792 446 2242 512 quemadmodum
2271 448 2616 505 tenebrarum
2645 450 2864 505 nomine
2895 451 3238 509 calamitates
3261 468 3359 524 ap-

1791 534 2026 604 pellavit.

1862 625 2137 695 Ejusdem.
2171 627 2284 683 Lux
2332 631 2425 686 Dei
2453 641 2506 686 et
2553 634 2751 690 veritas
2795 635 2963 705 ipsius
2990 634 3043 691 in
3076 632 3205 694 Iesu
3239 640 3359 696 ani-

1792 731 1932 770 mam
1974 719 2191 783 emissa,
2213 728 2293 774 est
2327 719 2665 791 Unigcnitus.
2690 722 2797 781 Nos
2820 727 2965 781 enim
3000 728 3199 784 habere
3225 745 3363 801 pon-

1792 807 1990 865 tiﬁcem
2038 825 2291 881 magnum
2344 809 2526 868 Iesum
2565 815 2841 873 Christum
2886 819 2978 889 qui
3019 821 3237 879 indutus
3277 834 3362 878 est

1796 899 1985 956 Filium
2039 901 2152 962 Dei,
2195 902 2489 958 declaravit
2538 905 2630 961 lux
2685 909 2902 978 quidem
2950 911 3045 967 Dei
3090 914 3145 969 in
3182 915 3359 984 ipsum

1794 992 2032 1057 emissa;
2067 992 2353 1048 veritatem
2385 1007 2536 1062 vero,
2578 1012 2684 1052 non
2720 1006 2903 1070 typum
2939 1016 3081 1071 esse,
3121 1020 3362 1075 praesens

1795 1082 1960 1137 dictio
1986 1085 2195 1139 edocet.
2224 1081 2347 1139 llam
2375 1100 2495 1140 cum
2533 1087 2705 1157 ipsum
2735 1090 3085 1160 deducerent,
3124 1097 3365 1152 adduxe-

1793 1183 1919 1231 runt
1940 1191 2062 1231 eum
2104 1176 2156 1232 in
2200 1178 2498 1248 Spiritalem
2536 1190 2769 1237 montem
2802 1183 2894 1239 Dei
2924 1196 3195 1253 sanctum,
3225 1198 3278 1245 et
3310 1192 3363 1244 in

1792 1283 1921 1324 vera
1949 1270 2297 1326 tabernacula
2331 1271 2521 1342 ipsius,
2548 1285 2606 1329 ut
2631 1289 2728 1331 ceu
2750 1277 2991 1346 pontifex
3018 1281 3268 1336 introiret
3295 1284 3362 1336 ad

1792 1361 1968 1416 altare
1987 1362 2102 1417 Dei.
2122 1362 2394 1419 Fortassis
2407 1374 2618 1420 autem:
2645 1382 2830 1423 mons:
2850 1368 2941 1424 Dei
2966 1386 2987 1422 ι
3006 1381 3224 1428 sanctus
3244 1391 3265 1426 ι
3283 1384 3368 1429 eSt

1793 1451 1985 1507 domus
1998 1451 2213 1519 Patris;
2240 1470 2261 1504 ι
2289 1454 2628 1512 tabernacula
2653 1474 2672 1507 ι
2696 1471 2824 1513 vero
2838 1458 3221 1529 ipsius,tnultae
3245 1476 3367 1532 qua:

1795 1542 1849 1599 in
1867 1543 1980 1613 ipsa
1996 1554 2123 1599 sunt
2140 1545 2466 1601 mansiones.
2487 1547 2582 1603 Vel
2599 1552 2974 1607 «tabernacula
2994 1570 3016 1606 ι
3033 1552 3221 1623 ipsius,
3238 1560 3368 1608 sunt

1794 1644 1998 1690 aeterna
2055 1637 2315 1692 tentoria.
2371 1637 2542 1694 Porro
2584 1654 2795 1710 queres
2843 1652 3025 1699 utrum
3078 1643 3135 1699 in
3181 1651 3368 1699 monte

1796 1734 1985 1780 sancto
2022 1727 2370 1783 tabernacula
2426 1728 2557 1796 sint,
2592 1738 2646 1784 et
2673 1730 2854 1799 qualia
2877 1732 2988 1788 sint.
3024 1747 3132 1789 :an
3158 1747 3225 1789 ea
3246 1747 3367 1803 qua

1796 1816 1936 1883 apud
1980 1814 2154 1886 ipsum
2193 1816 2360 1871 Deum
2401 1818 2680 1874 laetiﬁcant
2719 1818 3054 1888 iuventutem
3082 1824 3219 1895 ejus.
3245 1821 3365 1881 Non

1797 1906 1939 1960 enim
1970 1907 2159 1963 habuit
2185 1918 2542 1964 senectutem.
2573 1910 2712 1978 Quin
2746 1921 2801 1967 et
2834 1913 2962 1970 illud
2989 1916 3054 1979 θ’,
3089 1932 3110 1967 ι
3138 1916 3366 1972 lnduen-

1800 2004 1881 2050 tes
1912 2010 2128 2062 novum,
2166 2015 2187 2049 ι
2214 2008 2437 2068 propter
2471 1999 2615 2076 hanc
2635 1999 2974 2066 juventutem
3022 2001 3226 2058 dictum
3259 2009 3365 2060 est.

1798 2087 1865 2142 Et
1897 2088 2201 2144 istiusmodi
2225 2087 2483 2159 juvenum
2517 2099 2601 2146 est
2628 2090 2912 2148 festivitas.

1874 2271 2147 2341 Ejusdem.
2180 2273 2336 2331 Mons
2375 2272 2471 2330 Dei
2504 2284 2724 2330 sanctus
2761 2284 2843 2331 est
2872 2275 3119 2332 Christus
3146 2294 3162 2344 ;
3189 2278 3372 2333 taber-

1800 2364 1991 2419 nacula
2045 2373 2223 2421 autem
2271 2365 2421 2434 ejus,
2457 2377 2655 2422 sanctae
2702 2367 2955 2434 virtutes,
2986 2371 3039 2425 in
3064 2369 3259 2439 quibus
3288 2371 3374 2425 in-

1800 2457 2029 2514 habitat.
2986 2469 3003 2475 ’
3118 2523 3124 2528 ,

1871 2550 2030 2620 707
2063 2549 2223 2607 Vens.
2246 2552 2299 2605 4.
2339 2553 2423 2607 Ad
2460 2551 2625 2607 Deum
2659 2551 2750 2625 qui
2791 2554 3026 2623 laeti/ica:
3057 2555 3373 2618 iuventutem

1802 2656 1989 2708 meam,
2018 2643 2304 2710 conﬁtebor
2332 2643 2425 2696 tibi
2467 2645 2523 2697 in
2572 2643 2800 2710 cithara,
2852 2646 2993 2701 Deus
3023 2645 3162 2701 Deus
3190 2664 3333 2702 meus
3354 2687 3370 2712 ,

1799 2741 1907 2787 etc.
1938 2732 2110 2786 Etiam
2143 2734 2195 2787 in
2218 2735 2552 2804 octogesimo
2584 2735 2742 2792 tertio
2767 2736 2976 2805 psalmo
2995 2738 3069 2792 ait
3089 2738 3168 2791 ”:
3211 2756 3231 2790 ι
3267 2739 3371 2793 Ilc-

1799 2825 2088 2880 novabitur
2114 2834 2175 2879 ut
2208 2825 2402 2895 aquilae
2428 2826 2682 2897 juventus
2721 2835 2834 2883 tua.
2887 2848 2905 2880 ι
2941 2829 3066 2885 Ilaec
3100 2831 3374 2886 mediante

1800 2917 2045 2988 exemplo
2067 2917 2250 2985 aliquo
2282 2919 2437 2973 nobis
2476 2919 2835 2987 explicantur.
2865 2921 3065 2977 Deinde
3086 2937 3276 2979 rursus
3305 2924 3374 2980 ad

1802 3008 1967 3065 Deum
2004 3010 2242 3080 loquitur
2280 3012 2349 3064 ab
2388 3010 2472 3064 his
2521 3010 2701 3065 verbis
2736 3027 2750 3064 :
2781 3029 2800 3061 ι
2844 3010 3153 3073 Conlitebor
3176 3014 3273 3069 tibi
3317 3014 3372 3069 in

1800 3104 2036 3170 cithara,
2077 3123 2097 3156 ι
2143 3104 2281 3158 forte
2325 3116 2563 3173 corpore
2610 3104 2754 3169 quod
2802 3119 2833 3158 a
2888 3105 3081 3176 spiritu
3130 3114 3373 3177 aptatum

1801 3204 1909 3254 est.

1877 3288 2043 3346 Vens.
2085 3289 2138 3344 5.
2180 3289 2347 3360 Spera
2371 3292 2424 3344 in
2452 3290 2581 3355 Deo,
2611 3292 2859 3360 quoniam
2889 3289 3062 3343 adhuc
3087 3288 3373 3358 conﬁtebor

1805 3383 1885 3437 illi
1916 3401 1934 3437 :
1961 3382 2195 3437 salutare
2223 3384 2393 3437 vultus
2414 3383 2515 3437 mei
2539 3383 2678 3437 Deus
2702 3398 2867 3446 meus,
2894 3390 2997 3435 etc.
3025 3381 3219 3435 Anima
3242 3395 3379 3451 opus

1809 3479 1969 3533 habet
1996 3479 2097 3533 hac
2121 3476 2561 3541 commonitione,
2586 3496 2603 3528 ι
2625 3474 2793 3545 Spera
2826 3475 2877 3529 in
2907 3473 3036 3529 Deo.
3068 3492 3088 3528 ι
3125 3473 3379 3529 Salutarc

1800 3581 1979 3627 autem
2002 3571 2184 3627 vultus
2222 3569 2463 3637 revelati,
2497 3578 2552 3625 et
2581 3554 2807 3640 gloriam
2846 3566 3060 3623 Domini
3114 3574 3279 3638 prout
3322 3566 3375 3620 in

1802 3682 1861 3722 se
1890 3676 1994 3736 est,
2038 3668 2141 3722 hoc
2170 3675 2255 3722 est
2280 3665 2468 3720 eodem
2501 3665 2660 3720 modo
2691 3679 2749 3720 se
2774 3663 3062 3719 habentem
3087 3701 3104 3729 ,
3130 3673 3377 3727 cernere,

1803 3771 1885 3815 est
1910 3758 2149 3827 cujusvis
2182 3756 2579 3824 transformati,
2602 3766 2658 3814 et
2686 3757 2919 3813 maxime
2944 3755 3094 3812 Jesu.

2320 4031 2639 4090 PSALMUS
2672 4010 2854 4088 XLlll.

1883 4136 2039 4190 Vens.
2079 4132 2134 4187 2.
2162 4131 2325 4197 Deus,
2352 4128 2566 4182 auribus
2592 4126 2786 4181 nostris
2822 4125 3120 4181 audivimus
3147 4140 3167 4180 :
3192 4122 3383 4180 Patres

1807 4230 1972 4284 nostri
2011 4226 2461 4281 annuntiaverunt
2505 4221 2674 4287 nobis,
2704 4228 2813 4276 etc.
2845 4220 3089 4274 Psaltnus
3120 4218 3210 4274 hic
3251 4233 3385 4286 pro-

1805 4321 2086 4375 nuntiatus
2112 4324 2196 4372 est
2233 4329 2300 4370 ex
2344 4327 2572 4384 persona
2604 4326 2792 4366 eorum
2824 4312 2914 4380 qui
2953 4309 3170 4366 fuerunt
3208 4309 3265 4363 in
3298 4310 3383 4363 di-

86 4418 220 4473 ἀπὸ
254 4395 599 4485 τῶνηὲθνῶν,
628 4395 821 4481 οἵτινες
854 4395 1202 4483 ἐπίστευσαν,
1232 4395 1481 4490 ὲξ-ἀκοῆς
1522 4436 1691 4490 παρα-

1814 4412 2116 4484 spersione;
2138 4408 2219 4463 vel
2247 4421 2313 4462 ex
2340 4419 2570 4475 persona
2596 4402 2833 4473 gentium
2864 4416 2983 4469 qum
3014 4395 3383 4463 crediderunt,

89 4510 377 4574 λαϐόντες
398 4508 486 4564 τὸν
512 4510 667 4578 λόγον
697 4510 807 4563 ἀπὸ
833 4510 927 4563 τοῦ
968 4510 1203 4583 Ἰσραὴλ,
1234 4506 1279 4579 ᾧ
1308 4510 1461 4582 ὤφθη
1491 4513 1519 4565 ὁ
1547 4509 1699 4573 Θεός.

89 4601 182 4653 Τὸ
234 4602 295 4654 δὲ
335 4603 460 4673 ἑξῆς
496 4600 583 4654 διὰ
619 4600 712 4665 τὸ,
743 4620 760 4651 ι
799 4600 1177 4673 Ἐπερώτησον
1199 4602 1292 4655 τὸν
1340 4602 1552 4671 πατέρα
1586 4618 1702 4664 σου,

83 4695 206 4749 καὶ
244 4696 541 4766 ἀναγγελεῖ
571 4712 670 4748 σοι.
706 4715 724 4747 ι
766 4695 912 4767 Πλὴν
941 4694 1101 4758 εἴτις
1131 4695 1483 4763 ἀναγγέλλει,
1521 4694 1706 4764 πατήρ

82 4786 286 4840 ἐστιν.

188 4969 261 5024 Ἠ
290 4970 425 5039 χείρ
452 4984 571 5026 σου
598 4972 744 5041 ἔθνη
771 4970 1203 5039 ὲξωλόθρευσε,
1235 4986 1288 5024 κ.
1322 4986 1373 5024 τ.
1398 4969 1445 5023 ὲ.
1484 4968 1701 5023 Κακίαν

80 5060 208 5132 μὲν
247 5061 329 5130 (8)
364 5064 458 5116 καὶ
488 5064 761 5132 ἀγνωσίαν
804 5060 1145 5135 ἐξολοθρεύει
1202 5062 1369 5127 Θεὸς,
1408 5060 1608 5133 ἀρετὴν
1645 5060 1704 5113 δὲ

72 5153 202 5207 καὶ
241 5151 450 5219 γνῶσιν
478 5154 859 5225 καταφυτεύει.
897 5175 915 5207 ι
946 5156 1104 5208 Πᾶσα
1144 5154 1253 5227 γὰρ
1288 5152 1481 5223 φυτεία
1508 5154 1576 5224 ἣν
1603 5153 1704 5207 οὐκ

70 5243 418 5314 ἐφύτευσεν
449 5247 477 5297 ὁ
505 5245 657 5312 Θεὸς,
690 5246 1138 5320 ὲκριζωθήσεται.
1168 5265 1187 5297 ›
1228 5245 1396 5316 Ἔθνη
1427 5244 1577 5313 λέγει
1602 5244 1704 5308 τὰς

72 5335 284 5390 πέντε
300 5334 638 5407 σατραπείας
649 5337 745 5399 τὰς
758 5340 815 5391 ὲν
838 5336 1191 5408 Παλαιστίνῃ,
1210 5333 1525 5402 Γεθθαίους,
1542 5333 1704 5399 ’Δζω-

1808 4523 1875 4563 ex
1928 4504 2113 4562 auditu
2162 4514 2471 4558 sermonem
2505 4496 2871 4567 percipientes
2920 4496 2990 4548 ab
3044 4493 3262 4560 lsraele,
3295 4493 3383 4547 cui

1809 4600 1951 4655 Deus
1982 4601 2328 4668 apparuerat.
2358 4590 2510 4656 Quod
2548 4601 2728 4644 autem
2780 4586 3048 4656 sequitur,
3075 4585 3276 4640 dictum
3303 4594 3386 4640 est

1809 4699 2031 4762 propter
2069 4686 2197 4741 illud
2232 4702 2246 4742 :
2278 4702 2297 4735 ι
2333 4683 2607 4751 Interroga
2651 4687 2863 4750 patrem
2905 4685 3136 4744 tuum,et
3170 4691 3385 4731 annun—

1809 4781 1967 4836 tiabit
2009 4776 2126 4834 tibi.
2184 4794 2203 4828 ι
2236 4774 2553 4843 Quanquam
2597 4771 2725 4826 etsi
2768 4770 2891 4841 quis
2941 4768 3252 4834 annuntiat,
3294 4784 3389 4839 pa-

1811 4883 1895 4928 ter
1927 4879 2029 4925 εει.

1882 4961 2046 5016 Vens.
2081 4960 2137 5015 5.
2177 4958 2372 5012 Manus
2424 4964 2519 5024 tua
2551 4961 2726 5024 gentes
2758 4950 3095 5022 disperdidit,
3141 4956 3251 5005 etc.
3294 4948 3388 5003 Vi-

1812 5053 1943 5107 tium
1975 5060 2030 5107 et
2071 5048 2432 5120 ignorantiam
2459 5044 2723 5115 disperdit
2751 5043 2932 5109 Deus;
2959 5043 3216 5097 virtutem
3256 5055 3389 5095 vero

1808 5153 1866 5201 et
1886 5142 2166 5200 scientiam
2197 5139 2428 5211 plantat.
2456 5155 2476 5189 ι
2506 5135 2694 5192 Omnis
2741 5136 2885 5190 enim
2932 5131 3194 5203 plantatio
3223 5143 3387 5200 quam

1810 5252 1916 5293 non
1962 5234 2227 5305 plantavit
2257 5234 2417 5299 Deus,
2439 5228 2806 5288 eradicabitur
2833 5226 2901 5281 ’⁸.
2939 5244 2959 5278 ι
2997 5225 3251 5281 Gentium
3290 5238 3394 5279 no-

1808 5329 1960 5387 mine
2013 5327 2265 5400 intelligit
2310 5326 2552 5399 quinque
2591 5321 2901 5397 provincias
2934 5318 3255 5399 Palaestinae,
3282 5318 3390 5375 Ge-

216 5477 271 5511 ”
306 5476 729 5545 Coloss.tn,IO.
801 5478 847 5510 ⁵³
874 5477 1016 5535 Psal.
1042 5494 1137 5543 cn,
1170 5478 1225 5533 5.
1301 5475 1555 5532 “Matth.
1583 5490 1676 5541 xv,
1715 5473 1805 5530 I5.

168 5594 272 5662 (5)
305 5593 376 5646 Τὸ
394 5593 943 5665 ἐξαπεσταλμένον,
973 5603 1076 5650 etc.
1119 5595 1322 5650 Catena
1344 5591 1615 5650 Corderii.

208 5666 273 5731 4)
313 5665 483 5731 ’Ὄρος
515 5665 705 5734 ἅγιον,
736 5664 843 5720 etc.
874 5664 1053 5720 Codex
1085 5665 1478 5721 Coislinianus.

208 5666 273 5731 4)
313 5665 483 5731 ’Ὄρος
515 5665 705 5734 ἅγιον,
736 5676 843 5720 etc.
874 5665 1053 5720 Codex
1085 5665 1313 5721 Coislini

203 5736 273 5805 5)
316 5735 424 5793 Kal
456 5736 527 5789 ἐν
550 5734 648 5800 τῷ,
689 5745 793 5791 etc.
821 5734 1019 5790 Catena
1044 5736 1314 5804 Corderii.

171 5665 270 5879 i6)
326 5804 399 5862 Ἠ
433 5805 604 5877 ψυχὴ
637 5804 840 5873 δεῖται,
864 5816 971 5863 etc.
1008 5806 1235 5866 Eadem.

202 5796 270 5877 65
326 5804 399 5862 Ἠ
433 5796 610 5877 ψυχῆ
637 5796 840 5873 δεῖται,
864 5816 971 5863 etc.
1008 5796 1235 5866 Eadem.

1886 5587 1965 5660 (7)
2005 5586 2106 5641 Ἐκ
2140 5584 2489 5660 προσώπου,
2517 5578 2869 5660 gagatem:
2898 5567 3146 5630 Corderii
3171 5572 3227 5623 et
3245 5566 3386 5623 Bar-

1816 5647 1959 5724 bari,’
1993 5672 2095 5712 nec
2130 5647 2236 5711 non
2268 5653 2481 5709 schedae
2512 5647 2722 5706 Crabii.

1885 5715 1959 5801 (8)
1982 5733 2226 5801 Κακίαν
2250 5728 2386 5796 μέν,
2428 5737 2534 5801 etc.
2566 5727 2767 5801 Catena
2797 5722 3059 5801 _Barbari,
3092 5729 3146 5777 et
3174 5715 3386 5779 schedzn

1814 5794 2014 5871 Grilliii,
2054 5794 2360 5874 partimque
2392 5796 2563 5863 codex
2589 5794 2968 5854 Coisllnianus.

3394 5640 3403 5673 ί
