3808 6524
139 406 251 462 1425

1022 400 1332 459 SELECTA
1369 399 1438 456 IN
1474 394 1813 459 PSALMOS.
1856 433 1924 444 —
1963 400 2153 458 PSAL.
2195 399 2379 457 XLIII.

3181 391 3206 446 I
3217 392 3317 449 «126

182 513 403 578 Ἕὸωκας
445 515 599 586 ἡμᾶς
651 526 729 585 ὡς
775 521 1038 588 πρόϐατα
1067 521 1378 591 βρώσεως,
1420 540 1475 576 κ.
1512 540 1560 576 τ.
1595 523 1640 576 ἐ.

1823 520 1985 576 Vens.
2017 520 2100 574 12.
2132 519 2333 574 Dedisti
2361 531 2462 574 ἠοι
2501 526 2749 588 tanquam
2779 530 2894 571 oua
2917 528 3177 580 escarum,
3208 523 3315 581 c‘tc.

120 603 180 656 Οὐ
205 603 292 672 γὰρ
316 603 485 658 πάντα
513 605 710 678 (16)τά
728 609 976 681 πρόϐατα
1004 610 1260 685 βρώσεώς
1286 615 1440 667 εἰσιν.
1491 613 1684 666 Ἐπεὶ-ι

116 697 162 749 δὲ
186 695 361 761 ἔδωκας
387 698 534 769 ἡμᾶς
568 699 644 765 ὼς
681 702 926 775 πρόϐατα
960 703 1246 776 βρώσεως,
1285 724 1304 757 ι
1329 707 1386 760 ἐν
1407 705 1486 776 τῷ
1545 706 1645 760 ἐπ-

109 784 360 852 αναστῆναι
373 787 690 860 ἀνθρώπους
704 793 802 861 ἐφ’
835 795 1005 865 ἡμᾶς,
1039 796 1149 867 ἄρα
1183 796 1491 862 ζῶντας-ἂν
1517 811 1646 849 κατ-

110 877 240 932 ἐπιον
270 879 422 949 ἡμᾶς.
453 897 475 934 ι
519 879 839 936 Ἁπωθεῖται
883 884 942 938 δὲ
970 887 999 938 ὁ
1030 885 1162 950 Θεὸς
1201 887 1296 957 ἀφ’
1343 886 1535 939 ἐαυτοῦ
1581 887 1642 939 οὐ
1672 909 1682 930 τ

109 969 304 1028 πάντοτε
348 970 415 1024 δι’
455 973 750 1047 ἁμαρτίας,
779 976 914 1032 ἀλλά
945 978 1038 1033 καὶ
1066 978 1134 1038 δι’
1177 978 1342 1043 ἄλλας
1394 979 1461 1043 ἃς
1506 975 1646 1034 οἶδεν

104 1061 275 1126 αἰτίας.
305 1064 372 1116 Οὐ
403 1065 510 1129 πᾶς
535 1065 593 1118 δὲ
626 1069 706 1131 είς
729 1069 800 1122 τά
824 1069 1000 1124 ὀπίσω
1032 1071 1510 1144 ἀποστρεφόμενος
1542 1073 1645 1143 ψει.
1669 1115 1684 1122 -

104 1152 230 1217 me;
266 1154 544 1224 ὑφίσταται
575 1158 754 1223 τοῦτο,
799 1161 914 1214 ἀλλ’
941 1163 994 1215 ei
1023 1181 1107 1228 τις
1141 1164 1328 1234 φυγὼν
1361 1165 1432 1218 τά
1478 1165 1643 1230 κακὰ,

102 1247 222 1317 πρὸς
245 1248 372 1304 αὐτά
411 1251 572 1306 πάλιν
616 1243 973 1326 ὑποστρέφειν
1003 1256 1191 1311 ἐθέλοι.
1225 1257 1288 1312 Εἰ
1321 1259 1379 1312 δέ
1403 1277 1508 1324 τις,
1545 1260 1644 1332 τὴν

101 1335 220 1392 Σιὼν
245 1339 592 1412 καταλείψας,
646 1345 890 1398 τουτέστι
946 1345 1050 1419 τὴν
1088 1347 1324 1420 ἀρετὴν,
1375 1349 1680 1418 ἐπείγοιτο.

101 1426 220 1497 πρὸς
243 1429 330 1500 τὴν
360 1431 554 1488 κακίαν
571 1474 586 1504 ,_
615 1434 932 1509 Βαϐυλῷνα,
955 1438 1294 1510 καλουμένην
1318 1479 1333 1504 ,
1381 1439 1676 1512 ἀποστρε-,

96 1517 300 1589 φάμενος
322 1525 398 1587 είς
424 1524 494 1578 τά
521 1526 715 1592 ὀπίσω,
749 1530 1020 1602 μακάριον
1045 1531 1363 1602 ἀναδέχεται
1389 1533 1640 1604 πρᾶγμα.

93 1612 150 1664 Oi
174 1612 223 1665 δὲ
247 1613 330 1669 νῦν
359 1615 608 1686 λέγοντες
627 1660 641 1682 ,
674 1621 796 1676 ἐπεὶ
824 1623 975 1693 παρά
1004 1626 1116 1687 τοῖς
1150 1624 1366 1696 ἐχθροῖς
1413 1625 1641 1694 γεγόνα-

94 1721 169 1759 σιν
192 1707 636 1779 ἀποστραφέντες,
659 1715 736 1778 εἰς
765 1715 831 1769 τὰ
856 1715 1028 1769 ὀπίσω
1056 1715 1270 1786 ψεκτῶς
1296 1717 1638 1789 περιέπεσον.

165 1795 386 1852 Ὰπέδου
414 1800 522 1872 τὸν
551 1805 706 1872 λαόν
737 1820 853 1858 σου
878 1804 1025 1874 datst:
1050 1803 1247 1874 τιμῆς,
1265 1822 1320 1861 κ.
1354 1823 1404 1859 τ.
1433 1805 1478 1858 ἐ.
1509 1803 1644 1869 Ταῖς

1746 612 1880 668 Νι»η’
1905 613 2048 667 enim
2099 627 2288 667 omnes
2330 627 2460 668 oves
2491 608 2843 666 comestionis
2877 616 3021 664 sunt.
3048 605 3348 674 Quoniam,

1747 720 1872 758 vero
1901 704 2097 757 dedisti
2134 719 2230 757 nos
2267 713 2518 773 tauquam
2565 716 2693 758 oves
2730 698 3101 764 comestionis,
3141 715 3161 750 ι
3193 711 3315 751 cum

1746 806 2098 865 exsurgerent
2143 795 2390 850 homines
2425 795 2477 848 in
2501 809 2637 860 .nos,
2683 794 2823 848 forte
2863 788 3315 859 vivos;deglutis-

1747 897 1869 940 seut
1897 887 2081 940 nos".
2112 906 2130 938 ι
2158 885 2389 954 Repellit
2412 895 2596 939 autem
2630 886 2770 941 Deus
2798 899 2826 941 a
2858 897 2938 951 se,
2965 897 3069 937 non
3100 895 3315 951 semper

1749 991 1967 1048 propter
1999 987 2243 1048 peccata,
2267 980 2364 1032 sed
2386 979 2552 1032 etiam
2583 978 2654 1032 ob
2684 977 2819 1033 alias
2847 991 2986 1046 quas
3009 973 3158 1040 novit
3189 986 3318 1038 cau-

1746 1086 1855 1125 sas.
1885 1069 1996 1126 Non
2020 1072 2198 1127 omnis
2229 1085 2356 1126 vero
2397 1071 2488 1140 qui
2522 1077 2669 1125 retro
2706 1069 3063 1134 convertitur,
3089 1063 3348 1137 ignomi-,

1747 1167 1900 1220 niose
1941 1165 2046 1220 hoc
2087 1165 2338 1228 sustinet,
2375 1163 2468 1218 sed
2492 1163 2538 1218 si
2570 1161 2716 1231 quis,»
2755 1176 2884 1218 cum.
2911 1161 3050 1232 mala
3097 1159 3316 1230 fugerit,

1749 1257 1814 1308 ad
1848 1255 2036 1309 eadem
2071 1269 2264 1310 rursus
2291 1253 2491 1308 reverti
2527 1252 2676 1308 velit.
2710 1251 2768 1306 Si
2797 1252 2920 1322 quis
2951 1263 3110 1315 vero.
3132 1250 3342 1315 relicta.

1748 1345 1901 1410 Sion,
1935 1346 2038 1402 hoc
2067 1354 2170 1413 est,
2215 1345 2435 1412 virtute,
2480 1344 2772 1400 contendat
2812 1343 2878 1396 ad
2916 1343 3136 1404 malum.
3174 1340 3317 1412 quod

1746 1436 1982 1508 Babylon
2010 1447 2370 1508 nuncupatur,
2411 1445 2558 1494 retro
2588 1452 2648 1492 se
2687 1435 3074 1498 convertenda,
3106 1434 3320 1488 beatam

1749 1545 1861 1584 rem
1907 1528 2242 1598 aggreditur.
2275 1529 2377 1596 Qui
2423 1538 2606 1586 autem
2641 1543 2792 1584 nunc.
2828 1525 3151 1596 loquuntur,
3183 1538 3318 1594 quo-

1747 1619 1894 1674 niam
1921 1619 2086 1690 709
2099 1623 2246 1691 apud
2277 1620 2524 1675 inimicos
2563 1617 2811 1676 conversi
2843 1627 2994 1683 sunt,
3021 1625 3320 1680 retrorsum
3345 1664 3349 1672 .

1746 1712 2142 1766 contumeliose
2175 1711 2510 1765 ceciderunt.

1822 1803 1983 1859 Vens.
2027 1801 2114 1856 15.
2170 1800 2462 1858 Vendidisti
2493 1802 2742 1869 populum
2773 1807 2922 1854 tuum
2969 1799 3080 1853 sine
3123 1796 3319 1867 pretio,

87 1886 187 1959 γὰρ
217 1888 500 1961 ἁμαρτίαις
528 1892 637 1963 (17)
669 1895 1012 1967 ἐπράθημεν,
1041 1895 1132 1966 ἀφ’
1174 1889 1250 1951 ὧν
1298 1897 1474 1968 ἡμᾶς.
1511 1898 1642 1968 Χρι-

1762 1903 1853 1950 :tc.
1902 1891 2151 1949 Peccatis
2190 1893 2334 1948 enim
2389 1892 2592 1948 venditi
2643 1907 2856 1958 smnus,
2903 1906 2933 1946 a
2983 1891 3180 1962 quibus
3221 1903 3321 1944 nos

83 1978 200 2042 στὺς
229 1979 568 2053 ἐξηγόρασεν.

153 2074 314 2128 Ἕθου
346 2075 500 2145 ἡμᾶς
527 2078 760 2146 ᾰνειδος
779 2079 902 2148 τοῖς
920 2083 1186 2152 γείτοσιν
1205 2080 1395 2152 ἡμῶν,
1430 2098 1484 2137 κ.
1516 2100 1567 2136 τ.
1594 2084 1638 2137 ἐ.

80 2165 142 2215 Ol
170 2167 468 2233 γειτνιῶντα
505 2170 614 2242 (18)
649 2172 896 2243 δόγματα
923 2173 1156 2244 ἔχοντες,
1189 2175 1427 2244 γείτονες
1449 2192 1463 2206 ο
1499 2177 1546 2230 οξ
1583 2175 1642 2229 δέ

75 2257 217 2312 ἄλλοι
246 2260 442 2331 κύκλῳ.
483 2281 502 2314 ι
540 2264 702 2317 Ἔθου
752 2267 898 2336 ἡμᾶς
936 2269 1017 2327 είς
1053 2266 1374 2340 παραϐολὴν
1427 2271 1484 2322 ἐν
1524 2273 1639 2334 τοῖς

69 2347 292 2416 ἔθνεσιν,
349 2355 454 2426 (οε
507 2356 615 2428 γὰρ
647 2357 754 2410 ἀπὸ
803 2357 912 2412 τῶν
953 2358 1143 2430 ἐθνῶν,
1182 2361 1258 2431 ὡς
1329 2362 1682 2436 παραϐολὴν’“

68 2439 248 2510 ἔχουσι
270 2443 358 2497 τὸν
400 2442 633 2518 Ἰσραὴλ,
660 2448 754 2501 καὶ
783 2447 858 2516 ὡς
883 2450 942 2502 ἐν
994 2451 1278 2523 παραϐολῇ
1333 2452 1486 2507 λύσιν
1549 2454 1642 2524 ζη-

67 2532 221 2586 τοῦσι
249 2537 372 2607 περὶ
411 2536 520 2590 τῶν
573 2539 693 2592 κατ’
726 2540 999 2612 αὐτούς’)
1061 2544 1154 2598 καὶ
1209 2546 1422 2618 κίνησιν
1475 2565 1642 2616 κεφα-

65 2622 188 2691 λῆς,
222 2643 240 2677 t
288 2627 529 2681 τουτέστι
576 2629 838 2700 Χριστοῦ.
899 2633 1125 2688 Ἐκεῖνοι
1179 2637 1467 2706 γεγόνασιν
1525 2656 1544 2690 ι
1583 2641 1641 2693 ἐν

59 2719 177 2780 τοῖς
201 2718 376 2782 λαοῖς.Δ
402 2739 428 2771 ιι
564 2763 568 2770 .
769 2769 774 2777 ,
891 2769 901 2775 ,
1187 2780 1192 2786 Ι

131 2809 240 2862 Καὶ
283 2811 322 2879 ἡ
366 2813 627 2882 αἰσχύνη
680 2815 788 2869 τοῦ
838 2816 1164 2884 προσώπου
1205 2826 1323 2888 μου
1365 2821 1640 2891 ἐκάλυψέ

49 2915 150 2967 με,
184 2917 236 2952 κ.
277 2919 326 2956 τ.
362 2903 410 2957 ἑ.
465 2905 724 2970 Ἑαυτοὺς
779 2908 878 2977 μὲν
922 2908 1032 2979 (19)
1084 2911 1450 2983 αἰσχυνόμεθα
1498 2914 1640 2967 κατά

53 2991 295 3048 διάνοιαν
355 2997 792 3069 ἁμαρτάνοντεςο
850 3001 977 3066 τοὺς
1017 3002 1074 3055 δὲ
1136 3003 1455 3076 ἀνθρώπους
1518 3009 1638 3061 κατ’

51 3083 142 3136 ἐνέ
152 3101 243 3154 ργε
253 3091 335 3140 ιάν
371 3087 476 3160 πλη
487 3089 835 3161 μμελοῦντες.

1679 2018 1684 2022 ι
1747 1984 2006 2042 Christus
2025 1985 2310 2043 redemit..
2389 2039 2398 2045 .

1817 2077 1984 2132 Vens.
2017 2077 2104 2133 14.
2137 2074 2384 2132 Posuisti
2402 2092 2495 2133 nos
2531 2075 2868 2146 opprobrium
2892 2075 3075 2133 vicinis
3102 2073 3318 2140 nostris,

1745 2177 1858 2225 etc.
1889 2169 1992 2236 Qui
2035 2167 2215 2223 aiiinia
2262 2168 2512 2240 dogmata
2560 2167 2781 2235 habent,
2841 2167 3001 2224 vicini
3047 2173 3196 2233 sunt,
3228 2164 3320 2220 aIii

1747 2274 1878 2315 vero
1899 2259 1956 2315 in
1980 2259 2242 2317 circuitu.
2279 2276 2300 2312 ι
2335 2258 2566 2315 Posuisti
2603 2273 2700 2320 nos
2727 2258 2782 2313 in
2809 2257 3228 2319 similitudinem
3262 2256 3317 2311 in

1744 2351 1996 2422 gentibus
2045 2349 2257 2422 (gentes
2311 2350 2457 2405 enim
2524 2347 2675 2404 velut
2735 2346 3050 2417 parabolam
3100 2354 3322 2411 censent

1745 2441 2019 2506 Israelem,
2052 2449 2106 2496 et
2139 2437 2666 2510 velutinparabola
2703 2438 3030 2492 solutionem
3069 2443 3321 2507 quaerunt

1746 2549 1927 2587 rerum
1978 2529 2222 2602 suarum)
2271 2541 2329 2587 et
2381 2528 3109 2599 cotnm0tiouem.capitis,_-t
3148 2527 3320 2592 idest

1743 2624 1970 2679 Christi.
1998 2623 2104 2694 Ipsi
2137 2622 2269 2678 facti
2301 2629 2428 2681 sunt
2462 2639 2480 2674 ι
2513 2621 2567 2676 in
2599 2621 2834 2694 populis.
2867 2638 2886 2673 ι

1818 2807 1980 2870 Yt-zns.
2026 2806 2115 2867 16.
2155 2805 2224 2862 Et
2251 2805 2504 2876 confusio
2536 2804 2697 2874 [aciei
2729 2820 2856 2872 mea:
2900 2804 3170 2871 coaperuit
3216 2817 3320 2869 me,

1743 2908 1853 2954 etc.
1881 2899 1990 2954 Nos
2030 2901 2177 2970 ipsos
2200 2897 2610 2964 confundimus,
2637 2911 2758 2950 cum
2787 2906 2970 2952 mente
2997 2909 3320 2967 peccamus;

1743 2994 1993 3050 homines
2018 3008 2148 3050 vero
2179 3007 2302 3048 cum
2338 2992 2595 3062 operibus
2623 2989 3009 3060 delinquimus.

129 3178 272 3232 Ἀπὸ
300 3179 506 3249 φωνῆς
531 3137 949 3251 ⁸ὀνειδίζοντος
977 3184 1078 3240 καί
1120 3190 1633 3258 καταλαλοῦντος,

1815 3177 1980 3233 Vens.
2042 3177 2131 3234 I7.
2193 3178 2234 3232 A
2286 3194 2406 3234 uoce
2451 3177 2818 3247 exprobrantis
2868 3184 2916 3236 et
2961 3175 3321 3242 obloaurutis,

47 3285 110 3324 κ.
144 3287 195 3324 τ.
231 3271 278 3325 ἐ.
312 3271 483 3326 Τοῦτο
519 3273 736 3331 λεκτέον
758 3275 870 3348 (20)
901 3277 1039 3347 πρὸς
1096 3280 1223 3346 τοὺς
1271 3284 1330 3336 ἐν
1379 3283 1638 3356 διωγμοῖς

1762 3282 1852 3329 :tc.
1905 3271 2018 3328 Hoc
2050 3272 2338 3327 dicendum
2365 3280 2451 3327 est
2484 3270 2551 3326 ad
2584 3285 2679 3326 eos
2707 3270 2800 3339 qui
2835 3271 2888 3326 in
2921 3268 3321 3341 persecutioni-

44 3359 482 3433 ὑπομείναντας.
1540 3435 1541 3438 η

123 3455 238 3508 Καὶ
280 3459 393 3512 οὐκ
446 3457 825 3531 ἠδικήσαμεν
858 3464 928 3518 ἐν
960 3465 1221 3535 Διαθήκῃ
1263 3482 1401 3534 σου,
1431 3485 1556 3524 κ.τ.
1588 3471 1634 3523 ὲ.

52 3542 121 3598 ’0
147 3544 486 3618 ἁμαρτάνων
520 3550 630 3622 (21)
656 3553 831 3618 εἰδὼς,
865 3554 1040 3608 ἀδικεῖ
1087 3559 1146 3611 ἐν
1177 3559 1420 3634 Διαθήκῃ
1473 3561 1631 3615 Θεοῦ.

41 3653 70 3686 σ
106 3637 220 3691 Καὶ
261 3640 363 3693 οὐκ
396 3641 603 3715 ἀπέστη
655 3645 734 3710 εἰς
767 3646 837 3700 τὰ
867 3648 1100 3720 ὀπίσωή
1137 3651 1335 3723 καρδία
1387 3653 1564 3724 ἡμῶν,
1613 3674 1631 3705 ι

29 3729 124 3792 ὡς
155 3731 258 3801 τῆς
286 3732 412 3786 Λὼτ
432 3737 707 3803 γυναικὸς,
743 3737 895 3810 ἢτοῦ
923 3737 1175 3807 βαλόντος
1209 3743 1308 3815 τὴν
1353 3748 1511 3815 χεῖρα
1548 3747 1635 3800 ἐπ’

27 3821 306 3894 ἄροτρον,
342 3825 375 3896 ἢ
415 3827 613 3898 μᾶλλον
648 3830 853 3886 τούτων
879 3834 1076 3899 οἵτινες
1121 3836 1473 3908 ἐστράφησαν
1516 3841 1638 3903 ταῖς

27 3915 307 3987 καρδίαις
340 3921 418 3982 εἰς
441 3920 731 3988 Αἴγυπτον.

120 4007 239 4061 Τοῦ
279 4009 487 4065 αὑτοῦ.
535 4013 735 4067 Ἀδικεῖ
764 4015 863 4088 τὴν
897 4016 1172 4091 Διαθήκην
1211 4019 1325 4093 (22)
1365 4021 1459 4075 τοῦ
1500 4021 1634 4075 Θεοῦ

1741 3365 1841 3420 bus
1857 3363 2273 3420 sustinuerunt.

1812 3458 1977 3513 Vens.
2010 3456 2098 3512 18.
2124 3455 2189 3508 Et
2218 3456 2390 3525 inique
2415 3469 2516 3508 non
2544 3453 2742 3524 egimus
2772 3451 2828 3506 in
2848 3449 3176 3517 Testamento
3203 3457 3320 3516 tuo,

1738 3560 1846 3607 etc.
1879 3548 1929 3604 Is
1954 3549 2045 3616 qui
2077 3558 2266 3618 peccat
2295 3547 2496 3611 sciens,
2532 3546 2717 3616 inique
2743 3544 2855 3614 agit
2879 3543 2933 3597 in
2963 3543 3318 3598 Testamento

1741 3641 1856 3696 Dei.
1912 3659 1930 3692 ι
1983 3641 2049 3694 Et
2098 3655 2203 3694 non
2254 3637 2478 3695 recessit
2521 3645 2667 3692 retro
2713 3643 3133 3697 cor'nostrum,
3180 3650 3200 3684 ι
3259 3640 3318 3686 ιιι

1741 3733 1925 3788 uxoris
1969 3732 2092 3798 Lot,
2127 3729 2211 3786 vel
2258 3728 2380 3800 ejus
2430 3728 2523 3798 qui
2563 3728 2788 3784 miserat
2834 3740 3052 3784 manum
3090 3725 3157 3780 ad
3186 3736 3316 3786 ara-

1741 3836 1908 3891 trum,
1941 3825 2024 3881 vel
2057 3824 2246 3896 potius
2277 3822 2495 3879 ilIorum
2530 3821 2624 3892 qui
2653 3818 2859 3878 reversi
2896 3827 3021 3876 sunt
3063 3815 3320 3872 cordibus

1740 3920 1855 3976 suis
1882 3920 1934 3974 in
1974 3917 2292 3990 Egyptum.

1809 4012 2088 4083 Ejusdem.
2130 4009 2320 4080 Inique
2342 4007 2458 4078 agit
2488 4005 2542 4060 in
2570 4003 2926 4062 Testamento
2962 4001 3076 4068 Dei,
3111 3997 3204 4070 qui
3233 4011 3321 4052 se-

1741 4106 1977 4162 cundum
2010 4103 2146 4158 illud
2181 4117 2289 4157 non
2317 4102 2471 4156 vivit.
2506 4098 2826 4162 Contrario,
2874 4094 3072 4164 inquit,
3112 4105 3176 4148 ac
3215 4103 3321 4146 cte-

1742 4197 1844 4254 teri
1871 4197 2030 4253 modo
2073 4210 2174 4252 nos
2204 4195 2472 4250 venimus.
2515 4191 2592 4247 Illi
2635 4191 2782 4248 enim
2810 4188 2978 4245 etiam
3025 4195 3317 4255 antequam

1739 4291 1846 4347 ulla
1874 4290 2015 4346 mala
2041 4288 2443 4359 experirentur,
2480 4287 2729 4343 subversi
2773 4294 2899 4342 sunt
2938 4300 2954 4355 ς
3001 4296 3101 4344 nos
3134 4287 3316 4334 autem

17 4100 153 4161 πᾶς
189 4101 219 4152 ὁ
246 4100 328 4171 μὴ
371 4100 479 4164 ζῶν
522 4107 639 4158 κατ’
671 4108 861 4180 αὐτήν.
906 4111 1277 4178 Ἀπεναντίας,
1322 4114 1483 4185 φησὶ,
1524 4117 1638 4178 τοῖς

15 4191 229 4256 ἄλλοις
256 4193 422 4265 ἡμεῖς
447 4196 700 4269 ἤλθομεν.
746 4199 971 4255 Ἐκεῖνοι
1002 4205 1100 4273 μὲν
1131 4204 1239 4277 γὰρ
1272 4207 1366 4260 καὶ
1396 4207 1503 4280 πρὸ
1527 4208 1637 4261 τῶν

13 4284 237 4338 δεινῶν
271 4287 744 4362 ὑπεσκελίσθησαν
766 4309 780 4323 ο
815 4295 975 4365 ἡμεῖς
1001 4296 1058 4349 δὲ
1090 4299 1185 4352 καὶ
1220 4298 1360 4370 μετὰ
1390 4299 1460 4354 τὰ
1488 4301 1637 4356 δεινά

13 4374 388 4448 Ξπὴκαμεν,
417 4380 813 4454 ἀπερίτρεπτον
836 4387 935 4459 τὴν
956 4387 1180 4460 γνώμην
1217 4390 1452 4462 ἔχοντες.
1487 4392 1552 4448 Τί
1580 4395 1636 4448 δέ

1762 4384 1908 4439 :tiam
1933 4389 2057 4454 post
2087 4380 2224 4436 mala
2257 4381 2509 4436 stetimus
2537 4386 2591 4434 et
2622 4378 2674 4431 in
2705 4385 2851 4431 recta
2887 4371 3156 4430 sententia
3195 4383 3321 4438 pcr-

13 4470 214 4533 ἐστιν,
250 4488 272 4520 ι
305 4470 423 4524 Οὐκ
447 4472 785 4545 ἠδικήσαμεν
815 4479 872 4531 ἐν
892 4457 971 4550 -τῇ
1006 4457 1409 4556 Διαθηκῃησους
1444 4485 1641 4538 »Τουτ-

1762 4475 2000 4529 ίιὶιίιηυει.
2028 4472 2168 4540 Quid
2197 4481 2380 4527 autem
2407 4476 2489 4526 est
2519 4485 2534 4524 :
2589 4485 2608 4519 ι
2644 4467 2836 4536 Inique
2881 4478 2986 4524 non
3029 4462 3239 4533 egimus
3262 4457 3318 4520 in

13 4571 207 4625 :attv,
291 4563 396 4615 οὐκ
429 4564 764 4638 ἠδικήσαμεν
799 4571 927 4642 περὶ
949 4571 1123 4629 ταῦτα
1143 4573 1178 4629 ἂ
1209 4555 1629 4650 ἐπιστεύθημεν,

1762 4568 2090 4648 l‘estamento
2120 4567 2249 4623 tuo?
2285 4586 2302 4619 ι
2342 4565 2452 4619 Iloc
2475 4571 2581 4626 est,
2630 4575 2736 4616 non
2771 4559 2955 4629 inique
2980 4557 3214 4613 fecimus
3261 4555 3318 4610 in

13 4652 141 4704 ὶλλ’
193 4653 552 4727 ὲφυλάξαμεν
584 4659 720 4729 μετά
753 4661 1054 4732 ἀκριϐείας.
1488 4647 1520 4650 Π

1763 4662 1808 4720 is
1845 4675 1966 4730 quae
2011 4659 2168 4715 nobis
2210 4657 2413 4713 credita
2452 4664 2598 4723 sunt,
2646 4654 2741 4710 sed
2771 4667 2836 4709 ea
2864 4666 2988 4708 cum
3014 4649 3166 4707 omni
3195 4647 3319 4707 dili-

1741 4755 1922 4825 gentia
1958 4752 2317 4808 servavimus.

1817 4858 1976 4914 Vnns.
2012 4858 2107 4914 20.
2150 4857 2412 4922 Quoniam
2444 4854 2741 4909 Itumilt‘asti
2791 4871 2884 4909 nos
2927 4855 2983 4908 in
3030 4851 3145 4906 loco
3187 4849 3319 4920 ami-

1741 4953 1958 5020 ctionis,
1993 4961 2042 5007 et
2071 4952 2336 5020 cooperuit
2375 4966 2470 5005 nos
2522 4952 2705 5005 umbra
2757 4951 2960 5011 mortis.
2993 4957 3102 5002 etc.
3140 4944 3312 4998 Locus

1742 5044 2049 5100 aIIIictionis
2077 5051 2162 5099 est
2193 5044 2488 5098 humanum
2519 5060 2738 5114 corpus,
2782 5056 2836 5099 et
2873 5043 2998 5097 huic
3041 5037 3318 5110 proximus

1744 5136 1997 5190 mundus.
2037 5134 2092 5188 In
2134 5133 2307 5188 aliena
2349 5141 2514 5196 terra,
2556 5135 2752 5204 inquit,
2801 5148 2901 5188 nos
2933 5146 3055 5188 esse
3101 5127 3316 5182 fecisti:

1743 5227 1888 5297 quod
1925 5225 2204 5296 proprium
2242 5225 2444 5281 cultttm
2485 5226 2752 5296 perlicere
2785 5240 2891 5280 non
2937 5219 3316 5293 permittebat.

86 4838 235 4890 Ὅτι
268 4837 684 4909 ἐταπείνωσας
740 4843 898 4913 ἡμᾶς
948 4845 1020 4900 ἐν
1074 4850 1232 4916 τόπῳ
1288 4851 1630 4922 κακώσεως,

13 4929 111 4982 ίαὶ
154 4928 571 5001 ἐπεκάλυψεν
597 4935 755 5004 ἡμᾶς
787 4939 928 4993 σκιὰ
956 4939 1214 4994 θανάτου
1235 4982 1249 5006 ,
1288 4960 1341 4997 κ.
1371 4961 1420 4997 τ.
1447 4946 1493 4998 ἐ.
1536 4947 1634 4999 Τό-

13 5041 116 5086 τος
151 5022 477 5090 κακώσεως
506 5027 614 5098 (‘25)
643 5030 702 5082 τὸ
738 5030 1076 5103 ἀνθρώπινόν
1104 5033 1218 5087 ἐστι
1249 5035 1409 5106 σῶμα
1429 5078 1442 5100 ,
1474 5041 1565 5092 καὶ
1608 5043 1636 5094 ὁ

13 5115 226 5167 ’θύτου
269 5118 546 5188 συγγενὴς
567 5120 787 5191 κόσμος.
837 5123 924 5176 Ἐν
958 5124 1244 5198 ἀλλοτρίᾳ,
1275 5131 1456 5199 φησὶν,
1489 5133 1636 5205 ἡμᾶς

14 5205 167 5262 {vat
195 5209 528 5283 πεποίηκας
559 5229 571 5242 ·
602 5214 739 5286 ὅπερ
785 5216 887 5270 οῦκ
924 5217 1013 5274 εῐα
1067 5219 1165 5284 τὰς
1216 5220 1467 5293 λατρείας
1515 5226 1638 5279 ἐπι-

19 5299 356 5354 ελεῖσθαι.

65 5393 129 5425 ³⁷
171 5391 351 5446 Psal.
393 5397 656 5463 cxx1tt,3.

57 5484 125 5629 ξι
147 5484 213 5554 6)
259 5488 380 5568 Οὺ⁸
404 5487 515 5557 γὰρ
550 5489 767 5557 πάντα,
799 5501 904 5551 etc.
936 5496 1137 5552 Catena
1170 5498 1436 5560 Corderii.

94 5556 133 5611 1
152 5555 216 5629 7)
263 5560 410 5629 Tgtg
433 5560 540 5629 γὰρ
564 5561 894 5629 ἁμαρτίαις,
926 5577 1031 5622 etc.
1053 5570 1237 5626 Codex
1251 5573 1436 5629 Coislit

94 5556 137 5644 1
152 5556 540 5644 7)ΨΤ¹αῖς“ιγτᾲρ
564 5556 894 5644 ἀμαρτίαις,
926 5577 1031 5644 etc.
1053 5570 1237 5644 Codex
1251 5556 1632 5644 Coislinianus,

13 5645 40 5682 ε
54 5626 260 5681 netia:
297 5626 492 5684 Grabii
511 5626 582 5685 ὀι
601 5626 816 5688 ’ϐειίεηςι
848 5626 1097 5695 Barbari.

61 5696 214 5770 αξ)
255 5701 331 5770 Οἱ
367 5701 731 5770 γειτνιῶντα,
765 5705 967 5762 Catena
998 5709 1263 5766 Corderii.

54 5765 244 5854 .(I9_)7
273 5765 567 5854 ξξαυτοὺς
591 5853 595 5854 ί
615 5765 733 5854 μέν
759 5816 774 5843 ,
827 5787 931 5854 etc.
988 5765 1170 5854 Codeit
1208 5765 1584 5842 Coislinianus
1616 5827 1631 5854 ,

13 5840 260 5892 :ltcdm
275 5839 343 5892 ’ϐ
358 5841 515 5906 raltii,
550 5839 840 5901 et'Catetta
877 5847 1125 5904 Barbari.

53 5906 213 5982 (ΞΟ)
266 5909 461 5967 Τοῦτο
497 5914 766 5986 λεκτέον,
810 5928 917 5977 etc.
961 5920 1191 5980 Schedae
1227 5922 1433 5990 Grabii.
1462 5928 1633 5984 codex

1744 5503 2116 5560 Coislinianus
2137 5512 2192 5560 et
2219 5504 2423 5560 Catena
2451 5503 2704 5559 Barbari.
3179 5549 3182 5553 .

1816 5576 1929 5648 (21)
1972 5577 2025 5648 Ὁ
2061 5574 2436 5648 ἁμαρτάνων,
2483 5583 2593 5630 etc.
2641 5574 2841 5628 Catena
2877 5565 3145 5636 Corderii,
3192 5577 3320 5636 par-

1744 5646 1951 5718 timque
1980 5646 2182 5718 Gateua
2214 5646 2464 5718 Barbari.
2531 5714 2542 5718 _
2868 5713 2897 5718 _
2941 5713 2952 5718 _
3029 5711 3041 5718 _
3101 5677 3170 5718 -η

1813 5705 1925 5787 (2'2)
1967 5716 2178 5772 Ἀδικεῖ
2219 5717 2337 5787 τὴν
2370 5714 2686 5784 Διαθήκην,
2722 5723 2828 5771 etc.
2865 5711 3093 5770 Scltedte
3130 5705 3318 5767 Grabii

1740 5797 1796 5843 et
1827 5788 2027 5843 Catena
2060 5788 2308 5842 Barbari.

1818 5858 1930 5928 (25)
1967 5859 2155 5924 Τόπος
2197 5858 2531 5922 κακώσεως,
2546 5864 2678 5928 _etc.
2713 5856 2896 5913 Codex
2925 5851 3314 5914 Coisliuianus.

1739 5926 1956 5987 schedae
1984 5929 2171 5986 Grabii
2205 5940 2260 5984 et
2310 5930 2516 5985 Catena
2541 5926 2788 5984 Barbari.
