3944 6386
476 330 611 386 1427

1876 323 1970 376 El
2006 323 2308 379 ORICENE

3585 323 3724 379 M28

541 439 819 514 Ejusdem.
855 438 1006 498 Mens
1027 439 1337 511 c00peritur
1363 438 1551 494 umbra
1579 436 1796 504 mortis,
1823 437 2036 508 quando

2216 437 2328 494 Τοῦ
2352 436 2559 492 αὐτοῦ.
2597 435 2656 490 '0
2687 431 2809 502 νοῦς
2837 435 3265 492 ἐπικαλύπτεται
3294 435 3407 508 (24)
3433 439 3570 510 σκιᾷ
3622 440 3720 494 ϐα-

474 549 583 592 uou
611 535 778 590 videt.
809 533 908 590 Vel
933 547 1134 604 corpus
1157 529 1479 588 humilitatis
1502 539 1588 588 est
1605 530 1795 586 umbra
1825 530 2036 598 mortis,

473 628 578 684 sub
601 625 756 697 cujus
781 625 971 680 umbra
1005 623 1271 680 nascitur.

544 715 709 772 Vsus.
761 713 852 769 21.
907 712 971 770 Si
1023 713 1373 783 expendimus
1453 727 1644 766 manus
1703 718 1912 767 nostras
1970 712 2039 765 ad

474 807 647 864 Deum
685 806 939 872 alienum,
971 811 1079 860 etc.
1115 803 1173 860 Si
1204 803 1328 873 quis
1361 816 1472 858 non
1521 810 1605 856 est
1649 800 1880 857 scientia
1919 800 2043 855 sub-

475 899 766 967 stantialis,
795 898 880 954 vel
915 898 1056 953 hanc
1096 913 1201 954 non
1246 897 1412 953 habet
1457 896 1514 952 in
1555 895 1755 965 seipso,
1785 894 1925 949 Deus
1957 901 2041 949 est

474 993 704 1050 alienus.

543 1086 712 1144 Vsus.
745 1084 837 1141 22.
875 1083 1139 1151 Quoniam
1184 1092 1394 1154 propter
1428 1090 1476 1137 te
1509 1080 1892 1148 mortiﬁcamur
1927 1085 2040 1132 tota

473 1178 582 1246 die,
607 1179 860 1234 (estimati
889 1192 1071 1232 sumus
1106 1177 1244 1230 sicut
1267 1190 1385 1231 oues
1413 1173 1714 1239 occisionis,
1749 1180 1860 1228 etc.
1898 1171 2039 1226 Pau-

473 1271 560 1327 lus
592 1271 670 1328 ait
699 1270 746 1304 ⁸⁸
781 1289 797 1325 :
839 1287 859 1324 ι
883 1267 1136 1336 Quotidie
1159 1267 1365 1324 morior
1393 1280 1490 1337 per
1517 1273 1757 1322 vestram
1784 1263 2037 1334 gloriam,

471 1366 639 1438 710
679 1378 840 1436 quam
875 1360 1050 1419 habeo
1093 1361 1148 1416 in
1193 1359 1415 1417 Christo
1455 1356 1606 1414 Jesu.
1644 1375 1665 1412 ι
1710 1356 1822 1414 Cur
1857 1365 2038 1412 autem

474 1460 576 1524 ait,
606 1476 626 1511 ι
655 1466 877 1528 propter
903 1455 997 1510 te?
1028 1473 1050 1510 ι
1081 1452 1350 1522 Quoniam
1373 1451 1429 1508 in
1454 1450 1613 1508 nobis
1631 1457 1752 1506 erat
1782 1449 2040 1505 deserere

471 1557 530 1604 et
551 1547 862 1618 relinquere
903 1543 1079 1617 patria
1129 1541 1403 1608 instituta,
1450 1549 1508 1597 et
1553 1553 1675 1596 esse
1707 1537 1908 1602 securi,
1943 1537 2040 1594 sed

472 1637 763 1694 maluimus
797 1634 937 1693 adici
963 1634 1127 1690 malis
1160 1640 1218 1690 et
1254 1640 1538 1703 paternam
1578 1629 1896 1702 religionem
1922 1642 2039 1684 ser-

471 1745 627 1796 vare,
650 1743 812 1798 quam
837 1741 969 1798 pace
988 1725 1098 1783 frui
1117 1734 1173 1784 et
1202 1739 1232 1781 a
1257 1723 1450 1796 patriis
1471 1722 1742 1780 institutis
1758 1722 2033 1779 excidere.

2141 530 2322 595 νάτου,
2353 531 2444 585 ὅτε
2463 530 2524 583 ού
2555 528 2758 600 βλέπει.
2785 527 2854 584 Ἢ
2885 529 2949 584 τὸ
2990 528 3151 600 σῶμα
3188 527 3290 600 τῆς
3337 527 3724 595 ταπεινώσεως

2142 622 2272 677 σκιά
2292 620 2684 688 ἐστισθανὰτου,
2715 614 2779 675 οὗ
2806 620 2874 691 τῇ
2901 619 3031 690 σκιᾷ
3061 622 3334 688 γεννᾶται.

2209 715 2280 768 Et
2300 710 2734 782 διεπετάσαμεν
2761 709 2964 781 χεῖρας
2989 709 3162 779 ἡμῶν
3186 711 3338 780 πρὸς
3361 711 3516 768 Θεὸν
3531 712 3722 767 ἀλλό-

2139 819 2322 872 τριον,
2345 820 2398 857 κ.
2427 819 2478 858 τ.
2510 803 2560 857 ἐ.
2594 803 2663 858 Et
2707 819 2792 866 τις
2838 802 2940 855 οὐκ
2978 801 3095 856 ἐστι
3127 800 3241 872 (25)
3293 802 3497 870 γνιῖισις
3531 801 3724 856 οὐσιῶ-

2138 894 2256 966 δης,
2289 895 2324 965 ῆ
2360 892 2563 964 ταύτην
2592 892 2692 964 τὴν
2727 892 2929 962 γνῶσιν
2956 892 3056 947 οὐκ
3090 891 3203 962 ἔχει
3245 894 3306 948 ἐν
3342 892 3564 964 ἐαυτῷ,
3590 890 3724 954 Θεός

2139 992 2288 1043 ἐστιν
2315 987 2614 1059 ἀλλότριος.

2211 1083 2332 1136 Ὅτι
2360 1081 2539 1136 ἕνεκα
2565 1094 2683 1138 σου
2704 1081 3112 1153 θανατούμεθα
3139 1078 3292 1147 ὅλην
3322 1077 3440 1146 τὴν
3462 1077 3722 1147 ἡμέραν,

2138 1175 2536 1244 ἐλογίσθημεν
2583 1173 2667 1241 ὡς
2713 1167 2978 1243 πρόϐατα
3016 1170 3255 1244 σφαγῆς
3273 1210 3290 1237 ,
3337 1188 3393 1224 κ.
3439 1187 3489 1224 τ.
3541 1170 3594 1224 ἐ.
3661 1168 3723 1223 '0

2139 1265 2350 1330 Παῦλός
2393 1282 2527 1336 φησι
2568 1263 2712 1337 (26)·
2764 1283 2784 1318 ι
2847 1265 2986 1320 Καθ’
3018 1264 3232 1337 ἡμέραν
3263 1260 3620 1333 ἀποθνήσκω,
3655 1260 3723 1328 νὴ

2137 1359 2236 1432 τὴν
2258 1358 2530 1432 ὑμετέραν
2547 1358 2839 1432 καύχησιν,
2869 1359 2938 1433 ἢν
2966 1358 3074 1430 έχω
3091 1359 3151 1412 ἐν
3180 1356 3402 1429 Χριστῷ
3446 1354 3651 1427 Ἰησοῦ.
3695 1374 3718 1408 s

2137 1451 2237 1504 Διὰ
2256 1451 2311 1503 τί
2340 1451 2598 1523 δέφησιν,
2640 1468 2661 1504 ι
2689 1451 2855 1507 ἕνεκά
2881 1467 3019 1518 sou;
3060 1467 3080 1504 ι
3123 1449 3247 1504 Ὀτι
3279 1447 3410 1519 ἐξῆν
3437 1448 3576 1519 ἡμῖν
3621 1465 3726 1518 με·

2136 1541 2470 1607 τατάξασθαι
2491 1544 2584 1597 καὶ
2615 1544 2832 1614 ἀφεῖναι
2855 1543 2957 1615 τὴν
2985 1541 3244 1615 πατρῴαν
3274 1541 3557 1597 πολιτείαν
3577 1580 3593 1604 ,
3621 1541 3726 1595 καὶ

2138 1630 2274 1689 εἶναι
2299 1637 2357 1689 ἐν
2400 1635 2700 1706 ἀσφαλείᾳ·
2729 1634 2844 1690 ἀλλ’
2895 1633 3200 1706 αἱρούμεθα
3249 1635 3478 1705 πάσχειν
3529 1631 3726 1696 κακῶς

2141 1727 2341 1799 μᾶλλον
2366 1728 2458 1781 καὶ
2489 1726 2558 1780 τὰ
2589 1725 2818 1799 πατρῷα
2855 1726 3164 1797 φυλάττειν,
3210 1725 3246 1798 ἢ
3292 1726 3518 1798 εἰρήνης
3576 1725 3724 1778 ἀπο-

471 1795 938 1894 Οροιυεε-ρτοιῖιιω
974 1826 1062 1876 est
1105 1795 1368 1874 admirari
1415 1815 1508 1873 Dei
1563 1816 1845 1882 virtutem,
1895 1827 2036 1886 quo-

2156 1819 2320 1876 ίαύειν
2342 1821 2437 1874 καὶ
2463 1819 2574 1874 τῶν
2607 1817 2873 1892 πατρῴων
2906 1820 3179 1875 ἐκπεσεῖν.
3201 1817 3384 1884 ’Δξιον
3433 1815 3726 1885 ἐκπλαγῆ-

471 1914 620 1971 niam
642 1913 718 1970 ita
744 1920 1088 1983 comparatos
1116 1909 1365 1966 homines
1393 1908 1536 1964 sicut
1571 1921 1704 1964 oves
1747 1906 2039 1964 occisionis

471 2003 726 2068 servavit,
778 2009 834 2058 et
878 1998 1121 2071 quotidie
1160 1999 1457 2057 morientes
1508 2012 1622 2055 non
1678 1997 1929 2070 permisit
1982 1998 2037 2053 in

469 2101 704 2149 mortem
727 2091 984 2148 incidere.

537 2181 706 2240 Vsus.
756 2182 850 2238 25.
900 2181 1164 2254 Exsurge,
1217 2197 1380 2254 quare
1423 2180 1713 2248 obdormis,
1769 2178 2040 2234 Domine?

470 2276 736 2332 Dormivit
757 2276 1046 2347 aliquando
1070 2275 1230 2332 .lesus
1256 2277 1311 2332 in
1343 2276 1592 2332 navicula
1618 2274 2034 2346 discipulorum,

467 2370 567 2424 sed
599 2368 976 2424 vehementius
1006 2368 1252 2423 irruente
1281 2377 1451 2423 vento
1487 2365 1739 2436 discipuli
1773 2381 1895 2421 eum
1942 2381 2040 2420 ex-

469 2461 709 2514 citarunt
749 2473 766 2512 :
813 2459 1011 2528 quibus
1076 2457 1370 2526 docemur,
1423 2466 1482 2512 ut
1535 2467 1727 2513 exorta
1775 2458 1831 2512 in
1882 2457 2038 2513 nobis

470 2551 590 2617 iraa,
637 2549 723 2605 vel
761 2549 1060 2618 iniustitiae,
1096 2549 1180 2604 vel
1212 2548 1370 2620 gulzc,
1401 2548 1486 2604 vel
1531 2547 1797 2618 superbia:
1829 2558 2039 2618 tempe-

468 2638 638 2711 state,
699 2644 1001 2701 excitemus
1046 2642 1410 2708 charitatem,
1453 2643 1746 2714 justitiam,
1809 2645 2037 2699 castita-

469 2745 603 2803 tem,
647 2735 1084 2806 temperantiam,
1137 2732 1528 2801 humilitatem,
1593 2733 1903 2802 scientiam,
1951 2749 2041 2811 sa-

470 2825 755 2896 pientiam.

537 2917 708 2975 VIus.
746 2918 839 2977 26.
879 2916 1142 2991 Exsurge,
1173 2919 1412 2987 Domine,
1443 2920 1639 2990 adjuva
1689 2935 1830 2987 nos;
1858 2928 1908 2975 et
1951 2935 2036 2975 re—

466 3010 608 3066 dime
636 3026 730 3066 nos
760 3019 974 3081 propter
1015 3027 1203 3068 nomen
1235 3021 1408 3079 tuum,
1447 3021 1556 3069 etc.
1603 3012 1731 3068 Haec
1769 3013 1877 3068 dici
1908 3026 2036 3084 pos-

468 3110 596 3158 sunt
621 3102 690 3158 ad
717 3101 1052 3159 Salvatorem
1093 3104 1148 3160 in
1188 3106 1352 3162 corde
1401 3113 1566 3160 terra:
1605 3112 2034 3162 commorantem
2063 3136 2109 3196 ο

467 3200 714 3264 tempore
737 3192 1004 3264 passionis
1031 3211 1046 3248 :
1077 3195 1170 3264 qui
1198 3209 1323 3251 cum
1353 3195 1591 3250 animam
1630 3209 1786 3251 suam
1829 3196 2038 3252 dederit

465 3283 898 3358 redemptionem
928 3302 1027 3360 pro
1051 3287 1254 3356 multis,
1285 3288 1414 3346 facit
1453 3289 1570 3347 haec
1604 3302 1705 3360 pro
1736 3287 1906 3362 gloria
1937 3305 2037 3346 no-

976 3559 1296 3618 PSALMUS
1335 3560 1518 3618 XLIV.

534 3647 699 3708 Vni.
719 3649 778 3707 2.
814 3649 1089 3710 Eructaoit
1119 3671 1210 3710 cor
1231 3671 1406 3711 meum
1431 3655 1642 3710 uerbum
1667 3655 1882 3723 bonum,
1913 3656 2035 3710 dico

2138 1929 2228 1968 ναι
2259 1911 2354 1966 τοῦ
2378 1910 2513 1965 Θεοῦ
2547 1909 2648 1983 σὴν
2671 1911 2846 1980 ίσχὺν,
2882 1909 2964 1964 ὃτι
2993 1911 3122 1974 τοὺς
3141 1909 3284 1964 οὕτω
3319 1909 3726 1981 προκειμένους

2136 2005 2213 2070 ὡς
2229 2004 2478 2076 πρόὸατα
2504 2005 2718 2076 σφαγῆς
2744 2005 3054 2077 διετήρησε,
3083 2003 3178 2058 καὶ
3203 2001 3324 2057 καθ’
3340 1999 3562 2073 ἡμέραν
3583 2003 3724 2055 ἀτω-

2139 2097 2470 2170 θνήσκοντας
2504 2099 2605 2152 ούκ
2635 2098 2844 2167 ἀφῆκεν
2875 2096 3138 2168 ἐμπεσεῖν
3165 2097 3244 2158 είς
3278 2092 3534 2148 θάνατον.

2223 2190 2603 2262 Ἐξεγέρθητι,
2629 2191 2731 2244 ἵνα
2749 2191 2811 2244 ’τί
2837 2186 3299 2256 ὐπνοῒς,Κύριε;
3329 2203 3455 2241 κ.τ.
3490 2185 3540 2240 ὲ.
3559 2185 3724 2240 Ἐκά-

2139 2280 2291 2336 θευδέ
2315 2299 2446 2335 ποτε
2477 2282 2590 2353 (27)
2618 2283 2676 2336 ἐν
2699 2282 2777 2354 τῷ
2806 2281 2974 2353 πλοίῳ
3003 2279 3111 2335 τῶν
3139 2276 3719 2351 μαθητῶνόΧριστὺς,

2137 2375 2271 2430 ἀλλὰ
2299 2376 2587 2444 γενομένου
2618 2373 2885 2446 χειμῶνος
2926 2373 3212 2444 ἐξὴγειραν
3252 2369 3416 2424 αὐτὸν
3441 2370 3493 2422 oi
3541 2367 3724 2439 μαθη-

2136 2466 2265 2518 ταί’
2331 2463 2635 2528 δεικνύντος
2689 2461 2782 2518 τοῦ
2811 2463 2990 2532 λόγου,
3027 2460 3290 2533 χειμῶνος
3331 2456 3620 2527 λογισμῶν
3661 2458 3722 2509 ἐν

2137 2554 2282 2629 ψυχῇ
2315 2556 2604 2627 γενομένου
2632 2555 2804 2627 ὀργῆς
2835 2554 2868 2626 ἢ
2897 2553 3130 2616 ἀδικίας,
3165 2551 3198 2622 ἢ
3241 2547 3718 2620 γαστριμαργίας,

2138 2648 2172 2720 ἦ
2237 2649 2640 2721 ὑπερηφανίας,
2685 2646 2989 2712 ἐξυπνίζειν
3044 2643 3286 2712 ἀγάπην,
3340 2639 3720 2708 δικαιοσύνην,

2141 2741 2513 2814 σωφροσύνην,
2553 2740 2900 2813 ἐγκράτειαν,
2935 2735 3456 2807 ταπεινοφροσύνην,
3493 2732 3716 2804 γνῶσιν,

2139 2833 2352 2903 σοφίαν.

2220 2923 2489 2988 Ἀνάστα,
2516 2925 2713 2995 Κύριε,
2739 2921 3055 2990 βοήθησον
3095 2919 3254 2989 ἡμῖν,
3285 2917 3382 2971 καὶ
3410 2916 3723 2984 λύτρωσαι

2139 3014 2296 3087 ἡμᾶς
2321 3016 2528 3071 ἕνεκεν
2548 3017 2651 3071 τοῦ
2681 3015 2976 3085 ὀνόματός
3001 3026 3140 3076 σου,
3193 3028 3249 3064 κ.
3278 3027 3327 3064 τ.
3386 3010 3434 3062 ὲ.
3493 3008 3724 3076 Λέγοιεν

2137 3107 2363 3162 τοιαῦτα
2389 3107 2502 3179 (28)
2537 3107 2672 3178 πρὸς
2699 3106 2794 3159 τὸν
2825 3103 3052 3174 Σωτῆρα
3077 3103 3135 3156 ἐν
3160 3104 3226 3172 τῇ
3257 3100 3461 3172 καρδίᾳ
3491 3099 3595 3169 τῆς
3619 3097 3724 3167 τῆς

2143 3200 2486 3272 διατρίϐοντα
2513 3197 2656 3254 κατὰ
2681 3198 2773 3252 τὸν
2810 3196 2904 3251 τοῦ
2949 3195 3156 3259 πάθους
3205 3193 3428 3264 καιρόν
3486 3191 3570 3255 ὃς,
3624 3191 3726 3262 τὴν

2143 3291 2318 3362 ψυχὴν
2350 3288 2514 3344 αὐτοῦ
2549 3288 2742 3359 λύτρον
2766 3286 2941 3350 διδοὺς
2972 3285 3093 3340 ἀντὶ
3112 3282 3345 3350 πολλῶν,
3371 3284 3522 3337 πυιεί
3545 3279 3730 3336 ταῦτα.

2145 3383 2286 3454 ὑπὲρ
2316 3383 2412 3453 τῆς
2433 3381 2588 3452 δόξης
2612 3377 2707 3433 τοῦ
2738 3379 2998 3450 ὀνόματος
3037 3373 3222 3431 αὑτοῦ.

2704 3557 2996 3615 ΨΔΛΜΟΣ
3019 3557 3149 3612 MA’.

2227 3652 2618 3723 Ἐξιιρεύξατο
2648 3653 2688 3720 ἡ
2711 3650 2926 3719 καρδία
2949 3665 3067 3719 μου
3093 3649 3279 3717 λόγον
3308 3644 3542 3714 ἀγαθὸν
3564 3685 3582 3709 ,
3621 3643 3726 3698 λέ-

462 3757 558 3813 ego
579 3758 738 3814 opera
755 3761 871 3802 mea
896 3748 1027 3817 regi.
1049 3746 1257 3819 Lingua
1282 3763 1400 3804 mea
1421 3748 1659 3804 calamus
1685 3750 1873 3805 scribae
1903 3749 2036 3806 velo-

2156 3767 2223 3820 rw
2247 3747 2362 3816 ἐγὼ
2387 3745 2458 3800 τὰ
2478 3743 2623 3814 ἔργα
2654 3759 2774 3812 μου
2793 3739 2875 3807 τῷ
2900 3737 3164 3806 βασιλεῖ.
3200 3737 3264 3793 Ἡ
3305 3731 3564 3805 γλῶσσά
3601 3748 3724 3802 μου

462 3835 596 3890 citer
607 3835 911 3905 scribentis,
931 3847 1040 3896 etc.
1070 3857 1090 3891 ι
1110 3838 1392 3897 Eructavit
1413 3859 1432 3894 ι
1455 3841 1634 3911 posuit
1650 3857 1748 3912 pro
1771 3858 1792 3894 ι
1809 3842 1982 3898 dixit:
2010 3861 2030 3894 ι

2156 3840 2411 3910 κάλαμος
2439 3834 2820 3908 γραμματέως
2842 3831 3182 3902 ὀξυτράςοου
3201 3869 3217 3895 ,
3245 3846 3300 3882 κ.
3327 3845 3380 3882 τ.
3407 3826 3458 3881 ἐ.
3642 3824 3722 3888 δέ,

464 3941 573 3981 non
598 3928 742 3997 quod
770 3928 944 3986 tilium
973 3931 1370 3988 eructationem
1403 3942 1582 4002 vocet,
1611 3911 1709 3990 sed
1737 3932 1884 3990 illam
1915 3948 2036 4005 quae

2156 3929 2547 4003 ιἘξηρεύξατο
2578 3926 2712 3999 (29),
2744 3944 2761 3979 I
2792 3925 2912 3980 ἀντὶ
2939 3922 3034 3977 τοῦ
3075 3941 3094 3974 ι
3133 3919 3432 3990 ἐφθέγξατο
3469 3935 3491 3973 ι
3527 3911 3719 3971 εἶπεν

462 4017 531 4074 de
565 4017 683 4088 ipso
718 4019 800 4086 ﬁt,
831 4022 1252 4078 enarrationem.
1295 4024 1535 4081 Persona
1557 4039 1690 4082 vero
1716 4040 1838 4097 quae
1861 4007 2036 4096 loqui-

2156 4026 2238 4095 ιύχ
2267 4023 2352 4076 ἵνα
2378 4019 2470 4075 τὸν
2499 4018 2615 4072 υίδν
2644 4017 2846 4089 ἐρυγὴν
2873 4013 3026 4088 εἴπῃ,
3055 4011 3192 4067 ἀλλὰ
3229 4011 3328 4083 τὴν
3368 4008 3498 4081 περὶ
3548 4007 3720 4063 αὐτοῦ

463 4117 553 4166 tur
585 4109 758 4180 possit
782 4125 904 4169 esse
942 4112 1151 4169 David:
1183 4130 1311 4170 nam
1349 4115 1394 4170 sl
1435 4125 1592 4186 pater
1640 4116 1754 4174 tilio
1792 4117 1897 4174 hoc
1937 4133 2036 4174 an-

2156 4118 2408 4189 ῑιήγησιν.
2445 4111 2518 4166 Τὸ
2543 4109 2701 4178 λέγον
2732 4107 2791 4162 δὲ
2830 4105 3118 4178 πρόσωπον
3147 4102 3234 4174 εἴη
3265 4101 3331 4159 ἂν
3358 4101 3388 4154 ὁ
3421 4100 3619 4156 Att-218'
3668 4102 3724 4155 εί

463 4201 762 4270 nuntiaret,
804 4203 1138 4274 reperiretur
1184 4205 1327 4263 illius
1376 4206 1656 4276 ignorans,
1691 4215 1746 4264 et
1779 4208 2036 4278 operibus

2156 4205 2248 4278 γὰρ
2269 4205 2348 4277 τῷ
2375 4201 2476 4274 υίῷ
2499 4202 2528 4255 ὁ
2547 4200 2729 4272 πατὴρ
2746 4195 3098 4269 ἀπήγγειλεν,
3127 4193 3484 4266 εὑρεθήσεται
3501 4191 3720 4263 ἀγνοῶν

459 4293 752 4363 posterior.

2156 4302 2170 4354 l
2203 4299 2338 4364 υίὸς,
2374 4298 2470 4351 καὶ
2493 4293 2603 4350 τῶν
2633 4291 2809 4367 ἐργων
2841 4289 3317 4362 μεταγενέστερος.

531 4385 811 4458 Ejusdem.
853 4389 1090 4447 Verbum
1121 4391 1321 4448 bonum
1344 4402 1448 4460 est,
1482 4393 1627 4464 quod
1656 4392 1753 4450 Dei
1777 4393 2033 4451 virtutem

2214 4391 2326 4447 Τοῦ
2358 4385 2563 4444 αὑτοῦ.
2591 4385 2762 4453 Λόγος
2801 4380 3007 4450 ἀγαθός
3024 4380 3172 4435 ἐστιν
3195 4377 3308 4450 (50)
3341 4379 3370 4432 ὁ
3423 4375 3630 4448 ἀρετὴν
3678 4374 3718 4446 ἢ

460 4487 556 4534 aut
581 4480 868 4537 scientiam
896 4482 1192 4554 signiﬁcat.

529 4569 808 4644 Ejusdem.
858 4573 1116 4633 Calamus
1157 4576 1354 4634 scribae
1405 4577 1670 4636 velociter
1717 4578 2036 4647 scribentis,

460 4671 546 4714 est
571 4659 752 4732 lingua
782 4662 1073 4733 cujuslibet
1106 4669 1197 4738 qui
1229 4669 1365 4726 dicit
1397 4685 1563 4742 opera
1589 4684 1686 4725 sua
1718 4670 1858 4740 regi.
1894 4668 2029 4724 Nam

457 4750 598 4808 bene
625 4753 728 4810 sibi
753 4758 1007 4814 conscius
1037 4760 1259 4830 prepria
1303 4773 1452 4822 recte
1482 4770 1634 4832 gesta
1676 4760 2030 4832 promulgat;

458 4844 550 4912 qui
597 4851 782 4901 autem
831 4847 970 4903 male
1012 4849 1118 4904 sibi
1161 4852 1416 4909 conscius
1446 4860 1551 4919 est,
1584 4851 1632 4910 is
1659 4851 1807 4909 lenta
1845 4853 2031 4923 lingua

458 4937 574 5008 regi
600 4952 765 5008 opera
798 4955 892 4997 sua
924 4943 1078 4998 dicit.

535 5030 698 5088 Vsus.
745 5031 802 5091 5.
853 5034 1130 5104 Speciosus
1187 5037 1361 5106 fama
1407 5053 1519 5107 pra:
1564 5037 1692 5107 ﬁliis
1732 5039 2026 5104 hominum,

457 5134 568 5178 etc.
603 5123 687 5180 Ex
717 5140 955 5195 persona
981 5127 1264 5196 propheta:
1292 5128 1410 5186 haec
1432 5129 1711 5197 dicuntur,
1741 5127 1897 5201 cujus
1925 5127 2030 5184 lin-

527 5215 576 5247 "
602 5215 624 5270 Ι
653 5215 780 5272 Cor.
811 5232 896 5282 xv,
927 5216 1018 5272 51.

458 5309 642 5431 desilit)
681 5308 738 5362 ὀ
779 5309 928 5378 νοῦς
965 5309 1460 5378 ἐπικαλύπτεται,
1505 5319 1612 5369 etc.
1661 5309 1866 5366 Catena
1898 5308 2037 5366 Cor-

496 5391 619 5432 el'II.

530 5448 644 5522 (2-5)
678 5449 755 5504 Et
775 5469 864 5522 τις
902 5453 1015 5506 οὐκ
1065 5451 1198 5506 ἐστι
1226 5494 1239 5519 ,
1293 5460 1401 5506 etc.
1433 5450 1615 5508 Codex
1643 5449 2032 5516 Coislinianns,

455 5527 512 5571 et
543 5518 748 5575 Catena
789 5521 1037 5577 Barbari.

529 5589 643 5658 (26)
691 5591 762 5662 f0
802 5592 1043 5658 Παῦλος
1079 5606 1232 5662 φησι
1257 5633 1272 5660 ,
1320 5601 1429 5649 etc.
1477 5589 1705 5648 Schcdaz
1747 5589 1934 5648 Grabii
1975 5598 2029 5646 et

453 5659 661 5732 (ἰωμένῳ
680 5659 863 5732 βλημα
874 5665 938 5716 ri.

465 5728 468 5732 ’
525 5727 646 5854 (271)
679 5729 992 5813 Ἐκάβευδέ
1020 5745 1184 5802 ποτε,
1220 5742 1330 5792 etc.
1381 5732 1611 5792 Schedaa
1638 5732 1822 5791 Grabii
1849 5741 1904 5792 et
1924 5730 2027 5790 Ca-

456 5811 580 5854 tcna
649 5801 856 5858 arban.

513 5815 580 5854 na
608 5813 856 5858 uaruan.

1911 5865 1983 5883 ‘a—_.

2137 4487 2338 4558 γνῶσιν
2369 4481 2651 4556 σημαίνων
2674 4476 2830 4542 Θεοῦ.

2211 4578 2326 4636 Τοῦ
2375 4572 2582 4632 αὑτοῦ.
2620 4571 2882 4642 Κάλαμπ
2927 4562 3297 4639 γραμματέως
3321 4561 3436 4634 (51)
3480 4559 3719 4632 ὀξυγρὸ-

2140 4690 2242 4744 φου
2277 4673 2310 4742 ἠ
2342 4665 2564 4737 γλῶσσὰ
2595 4664 2710 4717 ἐστι
2741 4659 2941 4723 παντὸς
2980 4657 3227 4727 λέγοντος
3263 4653 3332 4709 τὰ
3366 4653 3504 4726 ἔργα
3549 4649 3715 4705 αὑτοῦ

2138 4763 2218 4835 τῷ
2235 4759 2462 4833 βασιλεῖ.
2486 4753 2871 4824 Εὐσυνείδητος
2887 4751 2996 4823 γὰρ
3025 4750 3092 4803 τὰ
3123 4749 3232 4805 ἴδια
3253 4745 3590 4816 ἀπαγγέλλει
3623 4745 3717 4798 ἀν-

2141 4851 2387 4924 δραγαθή
2397 4865 2543 4920 ματα
2561 4863 2577 4878 ·
2611 4848 2639 4900 ό
2661 4845 2717 4899 δὲ
2743 4842 2812 4896 τὰ
2841 4840 3060 4895 ἐναντία
3104 4838 3281 4910 ἐαυτῷ
3306 4835 3586 4903 συνειδὼς,
3629 4835 3713 4888 R-

2140 4960 2254 5012 γων
2275 4941 2344 4995 τὰ
2373 4940 2509 5012 ἔργα
2535 4934 2696 4991 αὐτοῦ
2725 4932 2804 5004 τῷ
2837 4931 3066 5003 βασιλεῖ,
3097 4929 3532 5002 βραδύγλωσσος.

2217 5031 2446 5102 Ὡραῖος
2465 5027 2672 5082 κάλλει
2685 5023 2844 5092 παρὰ
2863 5022 3005 5088 τοὺς
3033 5020 3201 5086 υἱοὺς
3227 5016 3346 5072 τῶν
3361 5015 3709 5084 ἁνθμὺπων,

2135 5144 2190 5181 κ.
2215 5143 2265 5180 τ.
2289 5124 2336 5178 έ.
2385 5121 2480 5176 Ἐκ
2521 5117 2617 5172 τοῦ
2660 5113 3000 5188 προφητικοῦ
3051 5109 3342 5185 προσώπου
3374 5107 3486 5179 (52)
3542 5106 3713 5162 ταῦτα

2213 5306 2330 5377 (28)
2360 5303 2607 5377 Λέγοιεν
2633 5303 2898 5377 τοιαῦτα,
2920 5309 3032 5377 etc.
3064 5299 3266 5354 Catena
3299 5292 3567 5377 Corderii.

2137 5449 2170 5504 ἀ
2363 5363 2586 5442 Τὸ’δὲ,
2661 5363 3052 5444 Ἐξηρεύξατο
3083 5409 3099 5437 ,
3157 5380 3264 5424 etc.
3323 5369 3527 5422 Catena
3576 5363 3712 5420 Cor-

2179 5464 2297 5503 erit.
3435 5502 3449 5504 ξ

2179 5464 2297 5503 81⁵11.

2209 5517 2320 5590 (50)
2348 5519 2540 5588 Λόγος
2562 5518 2785 5587 ἀγαθός
2813 5518 3006 5581 ἐστιν,
3039 5521 3148 5567 etc.
3183 5507 3362 5566 Codex
3419 5502 3706 5562 Coislinia-

2137 5589 2240 5644 nus
2278 5599 2330 5642 et
2364 5589 2570 5644 Catena
2609 5590 2861 5643 Barbari.
2945 5653 2954 5655 Α
3220 5648 3253 5655 _
3445 5645 3478 5655 ..
3565 5644 3579 5655 .
3645 5642 3681 5655 ..

2207 5661 2320 5731 (51)
2346 5659 2625 5731 Κάλαμος
2654 5653 3057 5731 πραμματέέυς,
3089 5658 3197 5731 etc.
3212 5648 3418 5731 Catena
3439 5644 3705 5731 (Σο-ζύφέ

2135 5801 2175 5859 C
2204 5713 2319 5799 (52)
2348 5713 2458 5784 Ἕκ
2479 5713 2585 5786 z‘os
2598 5713 2976 5800 ἓτροξοῇἱικοῦ
3004 5713 3350 5792 προσώπου,
3370 5730 3477 5776 etc.
3510 5713 3705 5775 Eidem

2179 5813 2358 5856 ateua.

2179 5813 2358 5856 ateua.
