3808 6524
191 348 211 403 l
223 346 314 404 £29

1125 345 1433 406 SELEC'IA
1472 348 1537 405 IN
1571 346 1910 406 PSALMOS.
1944 378 2014 391 —-
2050 347 2249 406 PSAL.
2286 346 2447 406 XLIV

3273 346 3409 405 “30

189 460 412 528 λέγεται,
447 451 509 514 οὗ
543 458 759 527 γλῶσσα
809 459 1047 531 κάλαμος
1083 456 1151 531 ἦν
1204 460 1571 532 γραμματέως
1624 460 1734 527 egu-

1851 474 1951 530 gua
1971 470 2089 517 erat
2106 459 2352 517 calamus
2377 458 2571 517 scribae
2592 456 2853 515 velociter
2869 457 3175 517 scribentis.
3205 458 3406 518 Diﬂusa

189 555 409 625 γράφου.
446 548 702 623 Ἐξεχύθη
731 552 787 606 δὲ
826 553 984 626 χάρις
1020 555 1076 607 ἐν
1113 557 1223 617 τοῖς
1262 554 1460 625 χείλεσι
1492 552 1583 606 τοῦ
1649 569 1738 624 μι-

191 642 345 714 μητοῦ
379 641 472 697 τοῦ
504 642 763 714 Χριστοῦ,
793 644 884 698 καὶ
912 642 1073 698 αὑτοῦ
1101 644 1193 697 τοῦ
1214 644 1467 715 Χριστοῦ,
1491 643 1551 697 οὐ
1583 643 1741 714 μόνον

184 736 263 790 διὰ
292 737 417 801 τοὺς·
473 735 665 806 λόγους
704 737 801 806 τῆς
843 737 1061 808 χάριτος
1113 738 1236 799 τοὺς
1284 735 1741 807 ἐκπορευομένους

184 828 263 883 διὰ
287 829 556 899 στόματος
588 828 774 896 αὑτοῦ,
827 827 965 885 ἀλλά
1016 827 1105 881 διὰ
1142 826 1239 897 τὴν
1286 826 1443 899 χάριν
1484 827 1585 897 τῆς
1632 826 1741 880 τῶν

183 920 455 991 ἁμαρτιῶν
486 919 756 989 ἀφέσεως,
776 920 1022 988 λέγοντος
1048 917 1213 973 αὑτοῦ
1232 934 1244 949 ·
1283 937 1301 972 ι
1327 917 1623 987 Ἀφέωνταί
1659 933 1741 971 σοι

181 1015 233 1068 αἱ
264 1011 523 1084 ἁμαρτίαι
553 1030 666 1066 σου.
704 1032 722 1065 ι

251 1104 357 1159 Τοῦ
388 1103 590 1159 αὑτοῦ.
621 1105 731 1175 Τὴν
765 1104 954 1173 σοφίαν
987 1102 1095 1174 (55)
1116 1103 1213 1175 τὴν
1247 1102 1619 1174 πνευματικὴν
1648 1103 1741 1158 καὶ

181 1195 327 1264 λόγον
349 1194 439 1249 τοῦ
465 1194 596 1249 Θεοῦ
646 1196 924 1266 συγκρίνει
988 1194 1148 1266 σοφίᾳ
1202 1196 1436 1267 κοσμικῇ
1470 1196 1563 1250 καὶ
1598 1194 1740 1265 λόγῳ

179 1288 509 1359 ἀνθρωπίνῳ.

245 1378 562 1448 Περίζωσαι
601 1377 714 1446 τὴν
761 1378 1059 1447 ῥομφαίαν
1095 1393 1211 1433 σου
1252 1377 1349 1432 ἐπὶ
1383 1378 1489 1432 τὸν
1544 1378 1741 1448 μηρόν

178 1486 307 1537 σου,
338 1469 580 1535 δυνατὲ,
611 1487 665 1523 κ.
700 1487 749 1523 τ.
776 1472 821 1522 ἑ.
842 1469 988 1541 Αὓτη
1027 1470 1058 1540 ἡ
1089 1469 1331 1541 ῥομφαία
1364 1469 1475 1540 (34)
1516 1471 1739 1541 χωρίζει

174 1563 343 1634 ψυχὴν
373 1562 591 1627 κακίας,
623 1564 714 1616 καὶ
739 1562 865 1617 νοῦν
894 1564 1187 1632 ἀγνωσίας,
1217 1562 1308 1615 τὸν
1324 1561 1611 1633 λεγόμενον
1637 1580 1740 1617 πα-

172 1656 313 1711 λαιὸν
344 1655 629 1727 ἄνθρωπον
675 1654 1091 1726 διαφθείρουσα,
1132 1657 1226 1710 καὶ
1272 1654 1497 1710 ποιοῦσα
1554 1655 1737 1711 καινὸν

172 1750 227 1801 ἐν
256 1747 476 1820 Χριστῷ
508 1750 628 1802 κατ’
659 1748 842 1802 εἰκόνα
866 1746 961 1801 τοῦ
995 1747 1301 1810 κτίσαντος.

1842 559 1924 605 est
1949 560 2130 606 autem
2171 553 2344 621 gratia
2388 552 2441 608 in
2487 552 2646 609 labiis
2680 551 2794 619 ejus
2839 549 2931 620 qui
2976 550 3222 616 imitatur
3247 551 3406 608 Chri-

1841 652 2003 711 stum,
2035 654 2089 699 et
2130 644 2411 713 ipsiusmet
2438 643 2664 707 Christi,
2692 657 2800 699 non
2827 642 3002 699 solum
3040 653 3262 714 propter
3288 660 3407 702 ser-

1842 749 2028 790 mones
2076 735 2265 805 gratiae
2309 736 2403 805 qui
2445 737 2815 806 procedebant
2854 736 2923 791 de
2978 751 3073 792 ore
3122 737 3260 809 ejus,
3312 737 3405 794 sed

1845 828 2008 885 etiam
2064 836 2287 897 propter
2351 829 2579 898 gratiam
2625 829 2925 886 dimittendi
2984 837 3226 900 peccata,
3279 828 3405 886 dum

1841 920 1973 977 dicit
2001 921 2043 952 ³⁸
2079 934 2094 973 :
2138 936 2157 973 ι
2194 918 2553 975 Dimittuntur
2589 922 2683 978 tibi
2721 932 2941 995 peccata
2982 932 3090 979 tua.
3125 938 3185 997 ι,

1911 1103 2068 1173 Ὶιι
2093 1100 2364 1171 Ejusdem.
2396 1099 2724 1173 Sapientiam
2767 1105 3063 1174 spiritalem
3099 1115 3154 1163 et
3180 1110 3402 1165 verbum

1839 1194 1933 1251 Dei
1960 1204 2235 1267 comparat
2274 1210 2395 1252 cum
2428 1197 2692 1266 sapientia
2732 1200 2997 1255 mundana
3027 1209 3081 1258 et
3114 1202 3275 1258 verbo
3300 1204 3404 1259 hu-

1840 1301 2017 1342 mano.

1907 1376 2073 1434 Vens.
2115 1378 2170 1436 4.
2210 1379 2491 1451 Accingere
2512 1379 2690 1450 gladio
2721 1391 2810 1437 tuo
2840 1398 2997 1452 super
3037 1385 3208 1454 femur
3231 1395 3401 1450 tuum.

1837 1480 2039 1539 potens,
2070 1480 2177 1528 etc.
2222 1469 2323 1527 Hic
2364 1472 2575 1542 gladius
2610 1474 2847 1528 animam
2876 1486 3147 1544 separata
3177 1476 3401 1542 malitia,

1837 1570 1889 1616 et
1925 1571 2161 1619 mentem
2194 1563 2261 1618 ab
2287 1563 2605 1633 ignorantia,
2635 1580 2757 1620 eum
2779 1566 2866 1635 qui
2894 1576 3047 1622 vetus
3073 1567 3289 1633 dicitur,
3309 1568 3406 1623 ho-

1839 1651 2040 1708 minem
2073 1653 2374 1718 destruens,
2405 1665 2457 1710 et
2501 1656 2704 1714 faciens
2738 1672 2934 1714 novum
2966 1659 3020 1714 in
3059 1657 3277 1714 Christo
3315 1673 3405 1714 se-

1836 1742 2071 1798 cundum
2110 1744 2397 1817 imaginem
2429 1748 2713 1804 creatoris.

243 1814 351 1896 ut.
385 1814 591 1895 αῦτοῦ.
617 1841 841 1911 Μήποτε
892 1857 909 1891 ι
942 1840 971 1891 ό
1023 1839 1195 1910 μηρὸς
1240 1839 1353 1909 (35)
1394 1859 1412 1892 ›
1472 1838 1734 1909 σύμϐολόν

1908 1831 2185 1902 Ejusdem.
2214 1814 2470 1895 Fortasse
2498 1856 2516 1890 ι
2556 1838 2733 1894 femur
2774 1858 2792 1892 ι
2836 1838 3137 1911 symbolum
3171 1852 3253 1899 est
3274 1843 3408 1898 nati-

170 1933 281 1986 ἐστι
316 1931 597 1999 γενέσεως.
624 1928 797 1983 Οίονεὶ
820 1923 910 1983 οὖν
932 1925 992 1982 τὸ
1008 1927 1296 1998 λεγόμενον
1327 1927 1561 1982 τοιοῦτόν
1585 1930 1729 1982 ἐστι’

168 2021 405 2091 Σύναψον
434 2024 499 2093 τῇ
533 2020 742 2090 γενέσει
786 2037 877 2073 σου
909 2020 971 2073 τὸ
1002 2020 1275 2090 αἱρετικὸν
1300 2020 1407 2073 τῶν
1439 2019 1730 2090 πολεμίων.

168 2115 273 2168 Καὶ
303 2112 471 2183 σαφὲς
509 2114 605 2184 μὲν
629 2113 661 2183 ὴ
686 2113 896 2181 γένεσις
943 2112 1120 2183 Ἰησοῦ
1144 2111 1294 2180 ξίιρος
1329 2112 1543 2179 ἐγένετο
1594 2112 1733 2165 κατά

166 2204 269 2259 τῶν
299 2204 507 2277 ἐχθρῶν
539 2204 724 2261 αὑτοῦ.
756 2206 826 2261 ’Ἠ
850 2207 878 2259 ό
905 2206 961 2259 ἐν
983 2205 1173 2276 ἁγνείᾳ
1203 2204 1317 2275 βίου
1368 2205 1543 2274 λόγος,
1583 2206 1735 2260 ἀναιο

167 2297 271 2369 ρῶν
308 2297 376 2351 τά
408 2297 578 2369 πάθη,
612 2294 947 2369 περιζῶσθαι
973 2296 1247 2369 ῥομφαίαν
1268 2296 1482 2365 λέγεται
1519 2298 1609 2351 ἐπὶ
1644 2297 1734 2350 τὸν

167 2391 336 2463 μηρὸν
381 2391 565 2446 αὐτοῦ.
606 2392 826 2464 Πρῶτος
877 2393 934 2447 δέ
992 2391 1197 2464 Ἰησοῦς
1254 2392 1414 2447 τοῦτο
1457 2393 1733 2463 ἐποίησεν,

163 2484 286 2537 ἐπεὶ
303 2484 452 2539 οὐδὲν
491 2485 770 2556 ἀνειμένον
800 2487 894 2539 καὶ
953 2484 1309 2556 ἐκλελυμένον
1372 2488 1429 2538 ἐν
1493 2484 1730 2556 Χριστῷ.

162 2574 318 2629 Κατὰ
348 2573 506 2629 τοῦτο
530 2577 740 2647 νοήσεις
768 2575 872 2649 τὸ,ι
903 2574 1154 2633 ἔντεινον.
1187 2594 1206 2627 ι
1244 2577 1354 2629 Kal
1381 2576 1471 2629 τὸν
1498 2577 1594 2645 μὲν
1622 2576 1734 2629 Σω-

160 2666 303 2735 τῆρα
334 2666 426 2718 καὶ
482 2667 607 2731 τοὺς
660 2667 845 2734 ἁγίους
902 2666 1067 2721 αὐτοῦ
1116 2668 1150 2725 ἡ
1191 2666 1337 2731 δεξιά
1383 2666 1546 2721 αὐτοῦ
1606 2666 1731 2736 ὁδη-

158 2775 267 2826 γει.

233 2850 479 2904 Ἕνεκεν
500 2850 785 2918 ἀληθείας
814 2849 909 2904 καὶ
931 2851 1262 2919 πραότητος
1297 2849 1395 2904 καί
1427 2849 1729 2904 δικαιοσύο

153 2956 292 3006 γης,
325 2956 378 2995 κ.
401 2958 453 2995 τ.
483 2942 525 2994 ὲ.
564 2942 626 2994 Οί
656 2941 873 3011 ἀληθεῖς
892 2941 1023 3011 (56),
1059 2943 1154 2995 καὶ
1176 2943 1390 3012 πραεῖς,
1418 2940 1511 2994 καὶ
1535 2940 1730 2995 δίκαιοι

156 3033 530 3100 βασιλεύονται
571 3034 674 3087 ὑπὸ
707 3034 798 3088 τοῦ
836 3034 1092 3105 Χριστοῦ.
1152 3054 1169 3086 ι
1226 3035 1335 3088 Καὶ
1376 3035 1628 3106 ὁδηγήσει
1670 3052 1729 3087 σε

1836 1927 2033 1983 vitatis.
2054 1927 2206 1995 Quod
2225 1944 2357 2000 ergo
2384 1930 2536 1996 dicit,
2561 1931 2713 2001 quasi
2738 1931 2998 2000 ejusmodi
3021 1945 3102 1990 est
3134 1952 3149 1990 :
3173 1934 3407 1989 Accam-

1835 2018 1995 2074 moda
2047 2020 2315 2077 nativitati
2380 2032 2484 2078 tua:
2527 2023 2633 2078 vim
2681 2024 2970 2093 quamdam
3021 2025 3247 2082 tollendi
3302 2026 3407 2082 ini-

1836 2109 2022 2165 micos.
2077 2109 2288 2165 Etenim
2347 2112 2606 2171 nativitas
2665 2113 2795 2169 Jesu
2857 2114 3174 2172 manifestus
3223 2116 3407 2183 utique

1836 2200 2044 2270 gladius
2074 2205 2285 2259 exstitit
2338 2191 2599 2261 adversus
2649 2205 2897 2263 inimicos
2939 2205 3077 2277 ejus.
3109 2205 3209 2262 Vel
3258 2217 3406 2264 casta

1838 2294 2047 2350 vivendi
2090 2296 2247 2360 ratio,
2294 2311 2413 2365 quae
2458 2296 2631 2354 malos
2676 2296 2905 2354 allectus
2940 2314 2972 2355 e
3022 2298 3201 2356 medio
3245 2299 3407 2356 tollit.

1835 2382 2071 2452 gladium
2115 2386 2396 2457 accingere
2429 2386 2627 2442 dicitur
2665 2402 2829 2459 super
2873 2388 3050 2446 femur
3080 2406 3258 2447 suum.
3289 2389 3408 2446 Pri-

1838 2490 1956 2529 mus
1983 2485 2159 2532 autem
2197 2478 2298 2534 hoc
2330 2478 2462 2535 fecit
2491 2479 2668 2545 Jesus,
2709 2480 2965 2550 quoniam
2999 2480 3131 2537 nihil
3158 2481 3214 2536 in
3247 2482 3408 2539 Chri-

1835 2578 1920 2623 sto
1950 2566 2050 2622 fuit
2096 2569 2379 2623 remissum
2415 2580 2507 2624 aut
2558 2572 2903 2626 dissolutum.
2952 2572 3260 2629 Secundum
3304 2573 3408 2630 hoc

1834 2656 2102 2727 intelliges
2155 2658 2284 2712 illud
2314 2678 2332 2711 ι
2382 2659 2652 2715 intendes.
2684 2678 2702 2712 ι
2751 2662 3016 2717 Cmterum
3066 2660 3407 2719 Salvatorem

1835 2759 1897 2803 ac
1927 2760 2148 2805 sanctos
2173 2750 2291 2820 ejus
2315 2751 2535 2807 dextera
2573 2752 2741 2821 ipsius
2777 2754 3015 2810 deducit.

1908 2842 2065 2897 Vens.
2113 2842 2167 2897 5.
2209 2840 2440 2913 Propter
2490 2847 2753 2900 veritatem
2778 2887 2792 2914 ,
2828 2858 2875 2902 et
2908 2848 3361 2903 mansuetudinem
3386 2889 3403 2914 ,

1830 2943 1878 2988 et
1900 2932 2188 3003 justitiam,
2220 2945 2325 2991 etc.
2376 2934 2605 2992 Veraces
2627 2980 2642 3006 ,
2674 2939 2833 2995 mites
2876 2949 2932 2994 et
2965 2939 3097 3010 justi
3142 2952 3407 3011 reguntur

1831 3038 1860 3078 a
1892 3024 2129 3081 Christo.
2168 3042 2185 3076 ι
2218 3025 2284 3081 Ει
2309 3025 2532 3080 deducet
2560 3036 2612 3082 te
2638 3028 2955 3084 mirabiliter
2994 3032 3214 3087 dextera
3254 3039 3399 3089 tua.s

154 3126 486 3196 θαυμαστῶς
518 3128 723 3199 ἠδεξιά
746 3147 860 3185 σου.
900 3147 918 3182 s
948 3128 1107 3194 Δεξιά
1135 3128 1230 3182 τοῦ
1269 3127 1401 3183 Θεοῦ
1431 3130 1575 3182 ἐστιν
1611 3130 1640 3183 ό
1673 3130 1729 3181 ἐν

1847 3115 2061 3173 Dextera
2096 3116 2187 3173 Dei
2216 3127 2300 3173 est
2324 3116 2468 3174 Deus
2498 3117 2728 3175 Verbum
2765 3122 2906 3192 quod
2941 3121 2995 3177 in
3040 3124 3155 3191 ipso
3189 3133 3293 3180 est.

151 3217 304 3288 αὐτῷ
335 3218 467 3282 Θεὸς
489 3220 679 3289 Λόγος.

233 3308 311 3362 Τὰ
331 3308 492 3377 ,βέλη
529 3325 646 3365 σου
694 3310 1057 3381 ἠκονημένα,
1100 3312 1341 3368 δυνατέ·
1395 3314 1534 3368 .Zaol
1588 3315 1735 3369 ὑπο-

151 3400 313 3450 κάτω
344 3412 461 3452 σου
492 3400 836 3467 πεσοῦνται,
868 3402 937 3455 ἐν
960 3401 1171 3469 καρδίᾳ
1208 3403 1325 3457 τῶν
1360 3402 1587 3472 ἐχθρῶν
1626 3406 1733 3460 τοῦ

144 3489 478 3557 βασιλέως,
507 3509 559 3546 κ.
596 3509 646 3546 τ.
680 3494 725 3545 ἐ.
753 3492 891 3563 Βέλη
930 3492 1165 3565 Χριστοῦ
1201 3493 1313 3564 (57)
1349 3496 1405 3550 αἱ
1435 3497 1735 3567 πρακτικαὶ

149 3579 371 3652 ἀρεταὶ,
405 3582 501 3637 καὶ
531 3585 596 3653 τῇ
630 3584 726 3653 μὲν
749 3583 1060 3655 δικαιοσύνῃ
1094 3584 1300 3650 τοξεύει
1328 3585 1418 3640 τὸν
1440 3586 1642 3651 ἄδικον,
1667 3590 1731 3657 τῇ

149 3672 210 3727 δὲ
244 3675 504 3745 φρονήσει
533 3675 625 3729 τὸν
670 3677 897 3748 ἄφρονα,
950 3677 1041 3730 τὸν
1081 3676 1252 3731 δειλὸν
1275 3680 1339 3749 τῇ
1374 3679 1628 3751 ἀνδρείᾳ,
1667 3683 1733 3751 τῇ

150 3764 453 3837 ἐγκρατείᾳ
486 3767 577 3821 τὸν
610 3767 929 3834 ἀκόλαστον,
953 3771 1019 3839 τῇ
1042 3768 1395 3841 μακροθυμίᾳ
1447 3770 1538 3825 τὸν
1580 3772 1733 3844 ὀργί-

146 3856 269 3921 λον,
293 3858 387 3912 καὶ
414 3862 480 3930 τῇ
515 3860 694 3913 πίστει
716 3860 805 3914 τὸν
836 3859 1080 3915 ἀπιστον.
1118 3862 1399 3933 Πέμπεται
1424 3863 1481 3918 δὲ
1504 3864 1609 3936 πρὸ
1629 3864 1733 3918 τῶν

143 3948 333 4003 ἄλλων
358 3948 420 4003 τὸ
442 3950 594 4019 βέλος
622 3950 723 4021 τῆς
756 3951 1009 4019 πίστεως.
1026 3955 1116 4009 Δεῖ
1147 3954 1254 4027 γάρ
1280 3954 1497 4026 πρῶτον
1522 3956 1735 4010 πιστεῦ·

144 4058 245 4095 σαι
269 4040 354 4095 ὅτι
384 4042 503 4097 ἐστὶ
535 4042 687 4107 Θεός.

229 4154 343 4211 Τοῦ
372 4157 579 4213 αὑτοῦ.
615 4157 723 4212 Τοῦ
760 4158 959 4224 ἱκανῶς
995 4160 1387 4232 πρεσϐεύοντος
1426 4162 1536 4234 (58)
1591 4163 1731 4237 ὑπὲρ

138 4246 431 4318 ἀληθείας,
481 4247 574 4300 καὶ
614 4246 855 4313 δυνατῶς
882 4250 943 4303 τὸ
974 4249 1166 4319 ψεῦδος
1223 4252 1629 4324 καθαιροῦντος,
1666 4256 1734 4309 τὰ

133 4338 351 4409 λογικά
375 4341 633 4412 ὴκόνηται
668 4341 819 4412 βέλη.
857 4343 968 4397 Kal
1001 4346 1049 4397 οί
1078 4345 1334 4400 ὑποκάτω
1360 4345 1455 4401 τοῦ
1492 4347 1729 4420 Χριστοῦ

1904 3303 2066 3359 Vens.
2106 3302 2158 3360 6.
2190 3303 2428 3375 Sagitta:
2463 3314 2566 3360 tute
2614 3315 2806 3372 acutw,
2834 3315 3014 3373 potens
3040 3323 3061 3372 ;
3102 3305 3281 3375 populi
3308 3305 3403 3361 sub

1832 3406 1881 3451 te
1911 3397 2131 3463 cadent,
2163 3399 2216 3453 in
2256 3400 2414 3453 corde
2459 3398 2789 3452 inimicorum
2841 3399 3009 3467 regis,
3044 3409 3149 3455 etc.
3183 3398 3403 3468 Sagitta:

1832 3488 2031 3543 Christi
2056 3498 2179 3546 sunt
2200 3490 2435 3545 actrices
2466 3490 2715 3555 virtutes,
2748 3501 2801 3543 et
2835 3489 3043 3560 justitia
3076 3489 3293 3559 quidem
3326 3490 3403 3543 fe-

1834 3579 1905 3635 rit
1930 3578 2209 3648 injustum,
2249 3581 2532 3648 prudentia
2587 3580 2956 3651 insipientem,
2991 3579 3309 3637 fortitudine
3344 3580 3404 3634 ti-

1833 3674 2056 3739 midum,
2088 3675 2442 3745 temperantia
2494 3674 2966 3744 intemperantem,
3001 3674 3261 3745 patientia
3294 3677 3406 3729 irae

1834 3760 2110 3834 cundum,
2152 3768 2256 3823 ﬁde
2307 3764 2667 3824 iucredulum.
2718 3766 2996 3822 Emittitur
3052 3776 3231 3822 autem
3276 3775 3404 3821 ante

1834 3874 2020 3917 omnes
2068 3860 2190 3916 ﬁdei
2225 3860 2443 3932 sagitta.
2478 3858 2699 3932 Oportet
2733 3860 2878 3919 enim
2915 3858 3152 3932 primum
3183 3858 3404 3917 credere

1832 3954 1974 4023 quod
2001 3953 2142 4010 Deus
2169 3961 2271 4011 est.

1908 4159 2180 4230 Ejusdem.
2211 4157 2342 4229 Ejus
2373 4159 2465 4229 qui
2512 4159 2839 4215 sufﬁcienter
2888 4174 2983 4230 pro
3013 4159 3238 4214 veritate
3275 4169 3405 4214 con-

1833 4250 2100 4317 cionatur,
2122 4262 2177 4308 et
2217 4261 2463 4322 potenter
2495 4254 2772 4323 redarguit
2803 4252 3126 4316 falsitatem,
3164 4251 3400 4305 rationa-

1831 4345 1968 4401 biles
2004 4353 2246 4401 exacutte
2268 4352 2396 4401 sunt
2421 4348 2651 4416 sagittae.
2681 4346 2747 4400 Et
2783 4346 2872 4413 qui
2922 4343 3021 4399 sub
3045 4342 3261 4396 Christo
3307 4354 3404 4395 ca-

129 4430 444 4495 πίπτοντες
470 4431 527 4485 ἐν
550 4435 613 4503 τῇ
645 4434 841 4504 καρδίᾳ
892 4434 984 4487 καὶ
1015 4436 1129 4499 τοῖς
1174 4437 1437 4507 νοήμασίν
1471 4440 1575 4491 είσι
1621 4438 1730 4491 τῶν

1847 4436 1988 4503 lunt,
2026 4437 2079 4494 hi
2102 4438 2155 4492 in
2181 4438 2344 4492 corde
2376 4445 2432 4491 et
2470 4436 2883 4506 cogitationibus
2908 4445 3035 4490 sunt
3056 4432 3402 4488 inimicorum

124 4520 364 4594 ἐχθρῶν
407 4524 503 4578 τοῦ
545 4502 892 4595 Χριστοῦξὸς
936 4527 1050 4580 ἐστι
1105 4502 1375 4597 βασιλεύς.
1427 4529 1621 4598 Σαφῶς
1672 4530 1728 4582 δὲ

1847 4526 2056 4592 Christi,
2094 4528 2186 4597 qui
2208 4536 2292 4584 est
2314 4542 2426 4583 rex.
2462 4502 2747 4583 Manifeste
2775 4535 2955 4580 autem
2980 4524 3228 4580 Christus
3260 4522 3402 4577 Deus

118 4613 280 4680 Θεὸς
316 4615 345 4668 ὁ
376 4614 631 4687 Χριστός.
683 4616 795 4672 Καὶ
823 4618 965 4689 τάχα
996 4623 1108 4678 εστι
1159 4624 1331 4676 ποιεῖν
1360 4622 1727 4689 δικαιοσύνην,

120 4706 236 4763 καὶ
275 4706 576 4778 ἀπέχεσθαι
624 4708 853 4781 ἀνομίας
891 4709 1041 4791 φόξῳ
1070 4711 1228 4777 Θεοῦ,
1266 4712 1360 4767 καὶ
1385 4714 1451 4767 οὐ
1501 4718 1564 4785 τῇ
1596 4716 1729 4786 πρὸς

118 4801 281 4857 Θεὸν
317 4800 469 4873 παρά
499 4801 560 4855 τὸ
586 4800 793 4857 δίκαιον
841 4803 1054 4876 ἀγάπῃ,
1098 4805 1221 4859 οὐδὲ
1276 4804 1352 4875 τῷ
1403 4808 1580 4877 μισεῖν
1630 4806 1728 4879 τὴν

136 4896 236 4946 ’.νο
250 4892 404 4962 μίαν.
441 4893 579 4947 Ἀλλ’
610 4895 669 4947 οὑ
695 4893 935 4960 τοιοῦτος
963 4897 991 4949 ὁ
1018 4897 1271 4967 Χριστός.

229 5006 469 5073 Ῥάϐδος
484 5009 807 5076 εὐθύτητος
832 5008 872 5078 ἡ
892 5010 1109 5077 ῥάϐδος
1136 5009 1245 5079 τῆς
1260 5013 1580 5080 βασιλείας
1590 5030 1725 5081 σου,

126 5116 195 5153 κ.
230 5115 285 5152 τ.
325 5100 372 5152 ἐ.
417 5099 482 5154 Ἥ
515 5101 708 5172 ῥάϐδος
746 5101 982 5172 Χριστοῦ
1007 5102 1114 5173 (39)
1236 5105 1434 5175 χρῆται
1485 5106 1725 5171 κολάζων

119 5191 279 5257 τοὺς
310 5190 758 5263 ἁμαρτάνοντας,
791 5192 984 5266 ῥάϐδος
1014 5195 1303 5267 εὐθύτητος
1348 5197 1601 5270 εἴρηται,
1640 5200 1726 5253 εὑ-

212 5355 265 5389 ⁹⁹
293 5354 481 5412 Matth.
510 5372 588 5425 ιι,
616 5356 670 5412 5.

212 5494 337 5567 (55)
369 5496 489 5565 Τὴν
512 5498 759 5567 σοφίαν,
794 5507 899 5556 etc.
930 5498 1108 5556 Codex
1145 5499 1515 5559 Coislinianus
1540 5510 1593 5559 et
1635 5517 1727 5559 ca-

104 5578 277 5623 tena
316 5566 561 5622 Barbari.

214 5635 341 5775 £34)
368 5638 529 5705 Αὕτη
561 5640 599 5705 ἡ
619 5637 907 5709 ῥομφαία,
940 5648 1046 5695 etc.
1084 5638 1311 5696 Scltedat
1340 5640 1547 5698 Grabii.

239 5707 337 5772 55)
362 5708 605 5775 Μήποτε
640 5711 671 5762 ό
687 5711 899 5775 μηρός,
932 5722 1034 5766 etc.
1065 5711 1266 5767 Catena
1294 5714 1547 5771 Cordcrii.

239 5707 337 5779 55)
362 5708 605 5777 Μήποτε
640 5711 671 5762 ό
687 5707 899 5779 μηρός,
932 5722 1034 5766 etc.
1065 5711 1266 5767 Catena
1294 5714 1558 5771 Cordcrii.

216 5776 336 5849 (56)
368 5781 428 5835 Oi
454 5776 718 5851 ἀληθεῖς,
750 5776 863 5837 etc.
882 5780 1103 5838 Schcdae
1124 5780 1333 5839 Grabii.

1836 4629 1938 4676 est.
1966 4619 2032 4675 Et
2056 4619 2286 4675 fortasse
2309 4621 2478 4689 possit
2510 4619 2633 4690 quis
2662 4618 2844 4673 facere
2871 4616 3134 4687 justitiam
3159 4624 3215 4670 et
3238 4613 3407 4669 absti-

1836 4728 1966 4769 nere
1990 4712 2057 4768 ab
2103 4712 2390 4782 iniquitate
2442 4713 2633 4767 timore
2674 4710 2794 4779 Dei,
2826 4719 2881 4766 et
2923 4724 3029 4763 non
3074 4722 3260 4763 amore
3314 4708 3405 4763 Ι)ιεί

1835 4819 2057 4882 propter
2084 4810 2375 4881 justitiam,
2403 4824 2578 4881 neque
2605 4809 2730 4865 odio
2771 4807 3101 4877 iniquitatis.
3133 4804 3241 4861 Sed
3298 4819 3405 4860 non

1834 4902 2138 4961 istiusmodi
2167 4902 2440 4959 Christus.

1907 5018 2071 5073 Vens.
2115 5015 2167 5069 7.
2223 5011 2387 5084 Virga
2434 5014 2733 5068 directionis
2778 5013 2923 5082 uirga
2972 5010 3116 5079 regni
3154 5010 3266 5071 tui,
3299 5014 3402 5062 etc.

1837 5111 1997 5180 Virga
2018 5122 2120 5178 qua
2144 5107 2395 5164 Christus
2429 5107 2598 5162 utitur
2630 5115 2687 5160 ut
2713 5106 2897 5176 puniat
2918 5111 3232 5175 peccatores
3260 5100 3402 5168 virga

1837 5199 2152 5259 directionis
2192 5197 2518 5269 appellatur,
2556 5196 2793 5266 dirigens
2821 5205 2876 5253 et
2908 5198 2976 5250 ab
3002 5191 3151 5250 omni
3190 5203 3404 5262 perver-

1901 5499 2014 5569 (37)
2049 5497 2205 5568 Βέλη
2232 5496 2509 5566 Χριστοῦ,
2543 5503 2651 5551 etc.
2688 5492 2903 5550 Eadem
2933 5488 3147 5547 schedae
3175 5498 3228 5546 et
3251 5498 3401 5546 cate-

2188 5637 2404 5707 ῑκανῶς
2430 5634 2887 5706 πρεσϐεύοντος,
2922 5638 3029 5687 etc.
3059 5628 3263 5687 Catena
3280 5628 3387 5686 Cor

1832 5715 2018 5850 dcis?)
2054 5781 2125 5837 Ἠ
2141 5778 2360 5852 ῥάϐδος
2392 5773 2667 5848 Χριστοῦ,
2691 5784 2794 5832 etc.
2820 5775 3019 5832 Eadem
3038 5774 3263 5832 Catena.
