3808 6512
165 372 275 433 ιιιι
315 451 318 455 ,

1089 368 1396 428 SELECTA
1429 367 1493 424 IN
1521 366 1852 425 PSALMOS.
1882 394 1953 410 --
1981 366 2168 422 PSAL.
2202 368 2362 423 XLV.

3224 370 3359 426 1454

163 484 580 559 καταῳεῦγὼμεν.
629 487 693 541 Εἰ
749 485 977 558 δυνάμει
1027 486 1057 539 ὁ
1099 484 1391 555 δυνάμενος
1448 483 1686 543 δύναται,

1796 482 2022 553 giamus.
2054 483 2209 550 Quod
2239 485 2283 539 si
2316 492 2511 554 potens
2542 483 2741 539 virtute
2766 492 2959 554 potens
2979 492 3081 549 est,
3106 483 3249 539 Deus
3272 499 3361 538 au-

161 582 270 645 Θεδς
292 583 343 636 δὲ
361 581 467 634 τῶν
490 581 663 651 ἁγίων
691 582 724 652 ἡ
754 580 982 652 δύναμις
999 620 1014 643 ,
1039 578 1158 649 Θεῷ
1186 580 1215 631 ὁ
1245 578 1397 647 ἆγιος
1449 575 1687 629 δύναται.

170 674 302 729 Ἀλλὰ
327 676 417 729 καὶ
451 674 641 747 βοηθὸς
658 677 716 728 ὲν
745 674 984 745 θλίψεσιν
1019 674 1047 726 ὁ
1086 671 1238 735 Θεὸς,
1288 670 1375 723 ἵνα
1417 670 1475 722 ὲν
1506 669 1692 731 αὐταῖς

160 764 529 838 καυχησώμεθα
562 766 921 838 ὑπομένοντες
944 762 1133 828 αὐτάς.
1164 762 1485 832 Ἐπίστησον
1513 759 1568 813 δὲ
1608 758 1690 822 τὸ,

159 860 368 914 «Πολλαὶ
408 862 462 913 αἱ
515 858 721 929 θλίψεις
773 858 882 912 τῶν
939 856 1196 910 δικαίων·
1235 873 1253 907 ι
1311 853 1492 926 ἐτέραι
1538 846 1692 904 οὖσαι

155 952 287 1024 παρὰ
301 951 395 1017 τὰς
431 951 701 1023 μάστιγας
722 951 829 1004 τῶν
857 946 1214 1021 ἁμαρτωλῶν.
1237 946 1348 998 Καὶ
1375 944 1462 998 διὰ
1490 942 1550 997 τὸ
1581 960 1695 996 στε-

151 1047 235 1117 νὴν
256 1046 338 1101 καὶ
364 1045 725 1117 τεθλιμμένην
756 1040 893 1096 εἶναι
922 1043 1021 1113 τὴν
1068 1040 1186 1094 ὁδὸν
1234 1039 1334 1108 τὴν
1376 1037 1691 1105 ἀπάγουσαν

150 1143 222 1205 είς
250 1139 399 1212 ζωὴν,
434 1141 501 1211 ἥν
533 1138 701 1207 ὀλίγοι
726 1138 1068 1207 εὑρίσκουσι·
1110 1132 1315 1203 μήποτε
1348 1130 1691 1201 εὑρίσκουσιν

152 1236 202 1288 αἱ
224 1232 409 1302 θλίψεις
431 1233 559 1297 τοὺς
584 1232 844 1294 δικαίους.
883 1246 901 1281 ι
940 1226 1039 1281 Διὰ
1078 1224 1237 1280 τοῦτο
1269 1224 1329 1277 οὐ
1382 1221 1690 1294 φοϐηθησό-

153 1325 292 1397 μεθα,
327 1344 345 1377 ι
379 1325 473 1379 καὶ
503 1322 646 1395 ἑξῆς.
681 1324 769 1375 Ἐν
800 1323 866 1393 τῇ
894 1319 1173 1393 συντελείᾳ
1206 1318 1255 1371 οἱ
1284 1316 1382 1389 μὲν
1430 1316 1693 1385 ἁμαρτω-

142 1420 220 1472 λοὶ
244 1419 380 1482 ὄντες
409 1418 478 1488 γῆ
507 1415 958 1488 ταραχθήσονται,
987 1414 1034 1465 οί
1072 1413 1129 1467 δὲ
1174 1413 1337 1480 ἅγιοι,
1372 1408 1494 1480 δρη,
1530 1422 1692 1477 μετα-

141 1512 435 1583 τεθήσονται
460 1512 557 1583 τὴν
608 1510 893 1581 μετάθεσιν
920 1508 1014 1562 τοῦ
1058 1505 1243 1576 Ἑνώχ.
1298 1500 1689 1559 Μετατέθειται

137 1604 299 1658 δὲκαὶ
345 1605 515 1677 δρος,ὁ
551 1594 763 1674 Ἰσραὴλ
791 1600 880 1655 διὰ
920 1598 1160 1672 τὰνέθνη.
1216 1596 1348 1651 Ἀπὸ
1388 1592 1567 1649 κοινοῦ
1605 1592 1687 1659 τὸ,

141 1714 160 1747 ι
199 1698 251 1749 ὲν
273 1698 332 1767 τῇ
361 1695 710 1767 κραταιότητι
734 1695 917 1758 αὑτοῦ,
958 1713 975 1745 ι
1017 1694 1083 1746 ἵν’
1172 1706 1197 1723 ·⁷
1232 1708 1250 1742 ι
1283 1690 1379 1742 Διὰ
1410 1685 1569 1741 τοῦτο
1625 1684 1683 1737 οὐ

1798 587 1906 630 tem
1932 588 2240 631 sanctorum
2272 578 2441 632 virtus
2468 587 2568 643 est,
2605 578 2786 647 utique
2816 592 2913 646 per
2948 578 3117 631 Deum
3146 582 3364 631 sanctus

1797 676 1986 735 potens
2013 677 2114 720 est.
2147 668 2286 732 Quin
2316 678 2367 721 et
2398 669 2611 735 adjutor
2642 669 2782 721 Deus
2819 668 2872 719 in
2907 665 3364 727 tribulationibus,

1794 763 1852 809 ut
1905 755 1957 809 in
2018 753 2149 822 ipsis
2202 750 2500 820 gloriemur
2562 764 2659 805 eas
2716 748 3067 804 sustinentes.
3120 744 3359 801 Adverte

1792 849 1956 902 etiam
1991 847 2057 901 ad
2089 844 2216 899 illud
2249 844 2304 898 ίι
2342 862 2360 894 ι
2397 841 2582 896 Multa:
2613 839 2987 895 tribulationes
3009 837 3354 907 justorum;s

1792 955 1911 1011 qua:
1946 940 2171 994 diversae
2209 944 2335 990 sunt
2374 950 2402 987 a
2440 932 2664 1003 ﬂagellis
2710 941 3080 1001 peccatorum.
3134 928 3201 983 Et
3236 927 3363 997 quia

1792 1040 2018 1102 angusta
2048 1039 2103 1086 et
2135 1038 2284 1083 arcta
2316 1035 2401 1086 est,
2428 1026 2510 1079 via
2541 1040 2661 1095 qua:
2694 1025 2844 1079 ducit
2873 1028 2939 1079 ad
2976 1026 3166 1087 vitam,
3200 1035 3363 1089 quam

1793 1124 1949 1194 pauci
2006 1121 2363 1191 reperiunt’;
2398 1119 2519 1172 vide
2557 1132 2624 1173 ne
2669 1117 2809 1171 forte
2852 1119 3034 1186 justos
3084 1116 3364 1171 inveniant

1795 1214 2175 1275 tribulationes
2232 1231 2251 1264 ι
2283 1212 2575 1282 Propterea
2605 1225 2713 1264 non
2740 1211 3073 1276 timebimus,
3108 1228 3128 1264 ι
3160 1218 3269 1264 etc.
3301 1206 3362 1260 In

1791 1308 2259 1364 consummatione
2301 1307 2506 1372 saeculi,
2566 1315 2882 1376 peccatores
2937 1304 3178 1374 quidem,
3236 1316 3360 1356 cum

1792 1410 1938 1455 terra
1969 1400 2082 1455 sint
2106 1440 2120 1464 ,
2155 1400 2663 1466 conturbabuntur;
2711 1397 2882 1453 sancti
2910 1410 3058 1460 vero,
3099 1409 3222 1449 cum
3252 1393 3363 1448 sint

1791 1502 2027 1561 montes,
2059 1492 2461 1549 transferentur
2491 1491 2841 1546 translatione
2863 1488 3072 1544 Euoch.
3105 1484 3363 1540 Transla-

1791 1596 1877 1642 tus
1902 1586 2067 1642 etiam
2109 1585 2209 1641 fuit
2247 1601 2403 1640 mons
2437 1583 2602 1639 Israel
2648 1592 2870 1653 pr0pter
2899 1589 3106 1651 gentes.
3142 1577 3361 1649 Subauc

1789 1677 2041 1733 diendum
2078 1672 2230 1739 illud,
2262 1692 2281 1726 ι
2307 1674 2358 1728 in
2400 1673 2711 1728 fortitudine
2740 1671 2877 1741 ejus,
2899 1690 2917 1723 ι
2946 1681 3004 1725 ιιι
3029 1684 3220 1748 sensus
3247 1669 3357 1723 sit:

137 1786 560 1858 φοϐηθησόμεθα,
610 1788 667 1838 ὲν
716 1784 795 1856 τῷ
849 1784 1219 1856 ταράσσεσθαι
1266 1781 1368 1851 τὴν
1416 1779 1541 1849 γῆν,
1593 1774 1686 1830 καὶ

1796 1792 1814 1826 ι
1842 1772 2137 1840 Propterea
2185 1786 2291 1825 non
2328 1770 2636 1824 timebimus
2668 1770 2791 1824 dum
2834 1768 3138 1823 turbabitur
3180 1775 3356 1831 terra,

134 1875 493 1946 μετατίθεσθαι
521 1874 589 1928 τὰ
617 1875 715 1947 ὅρη
753 1895 773 1927 ο
803 1876 860 1928 ὲν
878 1877 944 1947 τῇ
981 1874 1331 1946 κραταιότητι
1355 1868 1540 1923 αὐτοῦ.

202 1967 301 2021 Τοῦ
327 1967 530 2022 αὐτοῦ.
567 1967 860 2036 Φεύγοντες
888 1968 987 2039 τὴν
1018 1965 1275 2037 πορνείαν
1309 1962 1441 2034 (47),
1471 1962 1536 2031 τῇ
1581 1976 1685 2012 σω·-

126 2059 353 2133 φροσύνῃ
375 2059 779 2130 προσφύγομεν,
806 2056 900 2112 καὶ
938 2058 1075 2113 κατὰ
1110 2058 1206 2127 τῆς
1245 2049 1685 2125 γαστριμαργίας

129 2150 431 2220 μαχόμενοι,
477 2151 615 2221 μετὰ
636 2152 736 2222 τῆς
772 2149 1100 2222 ἐγκρατείας
1135 2145 1437 2220 μαχόμεθα.
1475 2145 1538 2197 El
1573 2140 1684 2212 γὰρ

122 2242 527 2313 προσφεύγομεν
555 2282 569 2307 ,
628 2241 917 2313 καταφυγὴ
964 2240 1322 2312 ὀνομάζεται·
1360 2240 1409 2291 εί
1464 2237 1523 2290 δὲ
1587 2241 1682 2296 σὺν

117 2335 252 2406 αὐτῇ
286 2333 649 2406 πολεμοῦμεν,
679 2335 925 2404 δύναμις.
1240 2398 1245 2403 ι
1356 2398 1361 2399 ν

187 2424 287 2478 Διὰ
312 2425 485 2479 τοῦτο
515 2426 586 2479 οὐ
630 2424 1085 2493 φοϐηθησόμεθα
1144 2422 1213 2475 ἐν
1250 2420 1330 2487 τῷ
1385 2420 1683 2491 ταράσσεφ

113 2520 252 2572 σθαι
276 2516 387 2584 τὴν
414 2514 550 2586 γῆν,
584 2533 638 2568 κ.
670 2533 719 2567 τ.
747 2516 793 2567 ὲ.
832 2514 1119 2576 Θαλάσσας
1159 2513 1252 2566 καὶ
1294 2512 1395 2583 ὅρη
1428 2513 1539 2582 (48)
1586 2512 1682 2567 νῦν

112 2608 301 2676 φύσεις
349 2606 493 2674 λέγει
540 2605 760 2674 λογικὰς
807 2604 1113 2675 ὑψουμένας
1164 2604 1257 2656 καὶ
1315 2604 1683 2675 ἐπαιρομένας

106 2697 253 2753 κατὰ
277 2698 374 2768 τῆς
396 2697 647 2764 γνώσεως
672 2697 764 2751 τοῦ
794 2696 950 2750 Θεοῦ.

186 2788 296 2844 Τοῦ
326 2782 592 2858 ποταμοῦ
638 2790 709 2843 τὰ
765 2788 1073 2857 ὁρμήματα
1125 2788 1519 2856 εὐφραίνουσι
1568 2786 1681 2855 τὴν

99 2882 289 2938 ,πόλιν
317 2882 424 2935 τοῦ
453 2881 620 2944 Θεοῦ,
644 2898 698 2934 κ.
727 2897 777 2933 τ.
811 2880 858 2934 ὲ.
887 2878 992 2932 Τοῦ
1019 2878 1258 2949 ποταμοῦ
1286 2879 1395 2949 (49)
1429 2878 1496 2931 τὰ
1517 2880 1683 2950 ὁρμή-

99 2974 545 3046 ματανκατὰτὰς
571 2974 858 3045 διαιρέσεις
887 2973 995 3026 τῶν
1033 2972 1382 3043 χαρισμάτων
1438 2972 1532 3024 καὶ
1580 2971 1681 3034 τὰς

94 3067 393 3139 διαιρέσεις
442 3067 549 3121 τῶν
590 3067 891 3121 διακονιῶν.
952 3066 1235 3136 Βοηθεῖται
1298 3067 1331 3136 ἡ
1383 3063 1677 3128 πόλιςτοῦ

1716 1837 1758 1892 Β
1788 1875 1843 1922 et
1880 1837 2280 1917 transferentur
2316 1871 2528 1916 montes
2560 1880 2579 1914 ›
2617 1861 2670 1914 in
2707 1860 3021 1915 fortitudine
3051 1857 3188 1926 ejus.

1859 1953 2137 2024 Ejusdem.
2170 1952 2304 2007 Cum
2351 1952 2615 2007 luxuriam
2651 1951 2907 2022 fugimus,
2944 1952 3011 2005 ad
3052 1960 3360 2020 temperan-

1787 2047 1915 2102 tiam
1945 2047 2309 2127 confugimus,
2338 2058 2392 2125 et
2425 2057 2725 2116 pugnantes
2751 2046 3010 2100 adversus
3045 2044 3357 2108 luxuriam,

1787 2154 1909 2194 cum
1940 2139 2296 2209 temperantia
2338 2153 2664 2209 pugnamus.
2712 2138 2768 2193 Si
2801 2138 2945 2192 enim
2976 2136 3317 2205 confugimus
3340 2175 3357 2200 .

1788 2232 2055 2303 refugium
2093 2232 2447 2298 nominatur;
2483 2231 2527 2286 si
2553 2246 2684 2287 vero
2714 2246 2837 2287 cum
2866 2232 2981 2302 ipsa
3014 2244 3315 2301 pugnamus
3339 2268 3356 2295 ,

1784 2328 1977 2381 virtus.
3031 2397 3035 2402 ι

1863 2418 2025 2475 Vsus.
2056 2418 2109 2474 '5.
2138 2418 2428 2487 Propterea
2458 2435 2564 2473 non
2602 2418 2898 2472 timebimus
2919 2459 2935 2485 ,
2965 2418 3091 2471 dum
3120 2417 3358 2471 turbabi-

1787 2520 1872 2563 tur
1908 2519 2072 2573 terra,
2120 2518 2226 2564 etc.
2264 2509 2494 2562 Marium
2533 2518 2587 2563 et
2621 2510 2882 2563 montium
2918 2510 3136 2564 nomine
3170 2510 3272 2563 hoc
3304 2507 3357 2561 in

1784 2603 1906 2658 loco
1958 2612 2183 2657 naturas
2234 2602 2490 2672 intelligit
2546 2604 2758 2656 ratione
2794 2601 3046 2671 prmditas
3080 2616 3199 2672 quae
3237 2616 3359 2656 sese

1784 2694 2012 2750 efferunt
2044 2704 2098 2748 et
2123 2694 2389 2749 extollunt
2419 2697 2685 2748 adversus
2716 2695 2998 2749 scientiam
3029 2693 3143 2750 Dei.

1788 2824 1791 2829 ι
1857 2787 2031 2842 νεηε..
2049 2785 2101 2839 5.
2134 2784 2400 2843 Fluminis
2431 2786 2652 2853 impetus
2684 2785 2921 2854 lwtiﬁcat
2951 2787 3207 2840 civitatem
3239 2786 3358 2852 Dei,

1782 2886 1885 2934 etc.
1944 2896 1964 2930 ι
2000 2878 2265 2932 Fluminis
2316 2878 2551 2948 impetus
2597 2896 2615 2930 ι
2670 2886 2795 2932 sunt
2845 2877 3000 2945 juxta
3060 2878 3359 2934 divisiones

1783 2971 2079 3042 gratiarum
2107 3015 2120 3037 ,
2168 2980 2225 3026 et
2259 2970 2670 3026 distributiones
2705 2970 3152 3025 ministeriorum.
3190 2970 3359 3039 Adju—

1784 3073 1941 3133 vatur
1970 3065 2164 3120 civitas
2196 3063 2313 3128 Dei,
2339 3064 2805 3133 appropinquante
2835 3064 2942 3119 die.
2971 3063 3244 3130 Scriptum
3274 3069 3359 3116 est

93 3161 262 3225 Θεοῦ,
289 3159 613 3230 ὲγγιζούσης
647 3159 878 3231 ἡμέρας.
905 3159 1179 3230 Γράφεται
1199 3157 1255 3210 δὲ
1286 3159 1401 3222 καὶ,
1420 3174 1437 3207 ι
1474 3156 1679 3229 Βοηθή-

1796 3157 1942 3211 :tiam
1983 3157 2041 3211 ἰ
2095 3174 2115 3207 ι
2149 3154 2444 3224 Adjuvabit
2490 3170 2611 3209 eam
2646 3154 2794 3209 vultu
2848 3171 2966 3210 suo.
3001 3175 3018 3208 ι
3077 3155 3355 3224 Siquidem

90 3271 181 3308 σει
215 3252 389 3323 αὐτῆς
417 3252 495 3323 τῷ
526 3252 836 3324 προσώπῳ·
870 3272 889 3304 s
921 3250 1209 3324 σώζειγὰρ
1244 3251 1411 3321 αὐτῆς
1437 3251 1498 3304 τὸ
1544 3252 1676 3306 κάλ-

84 3347 185 3407 λος
220 3344 489 3414 ἄτρωτον,
520 3343 683 3414 ἡνίκα
713 3339 867 3413 παρὰ
899 3340 1007 3394 τῶν
1041 3339 1432 3411 ἀντικειμένων
1472 3341 1679 3414 ταράσ-

82 3452 275 3489 σεται.
388 3480 396 3485 .
1478 3476 1481 3479 .

165 3525 290 3581 Τοῦ
318 3525 524 3580 αὑτοῦ.
566 3523 729 3587 Πόλις
759 3522 893 3577 Θεοῦ
942 3523 1055 3594 (50)
1098 3524 1215 3593 ἤτοι
1262 3523 1296 3594 ή
1360 3523 1676 3595 Ἐκκλησία,

73 3619 233 3691 αῦτη
266 3622 299 3691 ἡ
338 3617 528 3688 λογικὴ
550 3617 694 3687 ψυχή
718 3632 731 3646 ·
767 3616 1014 3687 ποταμοῦ
1044 3615 1099 3668 δὲ
1124 3615 1440 3687 ὁρμήματα,
1463 3616 1533 3669 τὰ
1583 3614 1677 3669 τοῦ

70 3711 238 3766 Πνεύ
252 3727 421 3781 ματος
447 3710 780 3781 χαρίσματα.

165 3803 638 3872 Ἐταράχθησαν
668 3803 833 3868 ἔθνη,
863 3802 1114 3854 έκλιναν
1146 3798 1477 3866 βασιλεῖαι,
1525 3817 1580 3853 κ.
1623 3816 1676 3853 τ.

62 3899 115 3951 ὲ.
142 3897 253 3949 Ἐν
276 3898 344 3966 τῇ
366 3893 602 3965 Χριστοῦ
633 3891 895 3963 ἐπιδημίᾳ
919 3891 1029 3961 (51)
1052 3890 1268 3944 έκλιναν
1301 3893 1356 3944 αἱ
1391 3891 1675 3961 βασιλεῖαι.

66 4012 87 4043 ι
130 3991 371 4044 Ἔδωκε
396 3986 577 4057 φωνὴν
603 3985 765 4038 αὑτοῦ
813 3986 839 4036 ὁ
875 3982 1128 4053 Χριστὸς,
1162 3984 1425 4055 ἐσαλεύθη
1455 3986 1489 4055 ὴ
1510 3985 1582 4056 γῆ
1602 4002 1615 4015 ·
1653 4004 1671 4037 ι

50 4082 198 4136 ἀντὶ
253 4078 375 4143 τοῦ,
403 4079 450 4132 οἱ
476 4078 567 4130 ἐπὶ
602 4075 702 4145 τῆς
742 4075 866 4145 γῆς,
899 4074 1008 4128 τῶν
1044 4073 1316 4145 πανταχοῦ
1343 4074 1678 4147 Ἐκκλησιῶν

45 4189 167 4230 συν
176 4192 193 4227 ι
203 4190 325 4226 στα
334 4171 507 4242 μένων
516 4207 529 4222 .

136 4262 284 4320 Τοῦ
310 4260 518 4315 αὑτοῦ.
554 4257 678 4312 Ἐὰν
697 4256 903 4329 ἀκούσῃ
930 4258 1111 4328 φωνῆς
1147 4256 1256 4328 (52)
1291 4257 1498 4329 Κυρίου
1529 4256 1676 4329 ψυχὴ

34 4359 228 4428 λογικ
251 4358 310 4426 ὴ,
344 4353 650 4418 σαλεύεται,
701 4351 1098 4423 μεταϐαίνουσα
1154 4351 1263 4403 ἀπὸ
1310 4349 1508 4414 κακίας
1538 4350 1675 4421 πρὸς

1783 3248 2009 3302 ἱιιςιξεοιιι
2042 3256 2225 3304 servat
2253 3246 2369 3315 ejus
2401 3245 2883 3316 pulchritudinem,
2916 3248 3133 3318 quando
3159 3247 3229 3301 al)
3265 3246 3358 3301 ad-

1780 3341 2038 3397 versariis
2089 3342 2365 3397 turbatur.

1850 3520 2125 3594 Ejusdem.
2159 3521 2370 3585 Civitas
2399 3521 2518 3590 Dei,
2549 3533 2642 3578 aut
2675 3523 2939 3590 Ecclesia,
2982 3524 3095 3593 ipsa
3121 3533 3203 3578 est
3237 3523 3356 3577 ani-

1781 3632 1867 3672 ma
1905 3617 2227 3686 rationalis;
2272 3617 2512 3674 fluminis
2563 3633 2694 3673 vero
2726 3618 2956 3684 impetus
3006 3624 3126 3671 sunt
3181 3615 3355 3671 sancti

1780 3707 2016 3778 Spiritus
2059 3710 2222 3764 dona.

1850 3799 2015 3856 Vens.
2051 3802 2104 3857 7.
2137 3800 2482 3857 Conturbator
2520 3811 2643 3857 sunt
2683 3814 2860 3873 gentes
2885 3844 2900 3869 ,
2938 3802 3197 3857 inclinata
3235 3809 3354 3855 sunt

1780 3910 1975 3963 regna,
2008 3903 2111 3949 etc.
2161 3894 2218 3948 In
2268 3894 2468 3951 Christi
2509 3896 2745 3949 adventu
2796 3895 3052 3949 inclinata
3093 3904 3222 3949 sunt
3270 3908 3357 3949 re-

1779 4001 1903 4056 gna.
1945 4004 1963 4038 ι
1994 3985 2155 4040 Dedit
2196 4002 2382 4042 vocem
2431 4003 2583 4042 suam
2635 3988 2921 4051 Christus,
2972 3996 3237 4042 commota
3272 3996 3355 4042 est

1780 4088 1947 4143 terra,
1974 4096 1993 4129 ι
2031 4077 2083 4132 id
2112 4088 2199 4133 est
2230 4080 2539 4149 terrigenae,
2570 4094 2689 4135 cum
2728 4079 2922 4148 ubique
2954 4089 3219 4134 terrarum
3253 4083 3358 4136 Ec-

1777 4168 1956 4223 clesia:
1982 4170 2297 4224 constitutae
2329 4180 2474 4225 sunt.

1850 4256 2125 4326 Ejusdem.
2161 4258 2218 4313 Si
2250 4260 2431 4313 anima
2464 4259 2750 4314 rationalis
2783 4260 3017 4315 audierit
3043 4274 3229 4314 vocem
3260 4260 3357 4315 Do-

1778 4349 1933 4414 mini,
1966 4350 2425 4418 commovebitur,
2452 4352 2728 4406 transiens
2752 4365 2782 4404 a
2814 4351 2943 4405 vitio
2975 4351 3042 4404 ad
3078 4351 3352 4414 virtutem,

35 4450 318 4524 ἀρετὴν,
366 4448 461 4500 καὶ
512 4445 618 4499 ἀπὸ
668 4444 941 4512 ἀγνωσίας
996 4444 1075 4507 εἰς
1121 4442 1319 4511 γνῶσιν
1358 4442 1513 4495 Θεοῦ.
1564 4442 1675 4513 Τῆς

1796 4441 1845 4496 ιι)
1883 4441 2188 4511 ignorantia
2224 4443 2291 4495 ad
2324 4443 2687 4512 cognitionem
2728 4443 2843 4497 Dei.
2882 4443 3006 4510 Ubi,
3034 4442 3228 4512 inquit,
3269 4442 3355 4496 di-

40 4543 256 4605 Θείας,
299 4538 462 4610 φησὶ,
501 4535 751 4607 βοηθείας
785 4534 1158 4603 ἐπιφανείσης,
1193 4533 1341 4588 νῶτα
1379 4532 1674 4586 δεδώκασιν

1796 4535 1964 4588 riuum
2004 4535 2268 4589 auxilium
2303 4532 2469 4605 714
2502 4535 2776 4603 apparuit,
2822 4542 2967 4605 terga
3002 4536 3199 4591 dedere
3251 4535 3356 4589 ini-

30 4641 92 4691 οἱ
134 4634 446 4703 πολέμιοι,
474 4630 568 4684 καὶ
623 4630 679 4682 αἱ
726 4628 987 4681 τάναντία
1039 4627 1205 4679 πάλαι
1240 4626 1535 4696 φρονοῦσαι
1583 4626 1679 4696 βα-

1798 4626 1930 4693 nici,
1964 4635 2018 4682 et
2050 4628 2398 4683 adversantia
2442 4628 2568 4682 olim
2610 4642 2775 4696 regna
2819 4628 3002 4681 divino
3029 4637 3083 4681 et
3128 4627 3355 4682 salutari

29 4729 281 4783 σιλεῖοιι
315 4723 614 4777 ὑπέκλιναν
674 4721 763 4774 τὸν
796 4719 999 4789 αὐχένα
1054 4719 1134 4790 τῷ
1192 4718 1322 4790 θείῳ
1381 4717 1528 4789 ζυγῷ
1584 4718 1677 4770 καὶ

1796 4734 1897 4790 ugo
1946 4719 2187 4774 cervices
2218 4719 2553 4774 inclinarunt
2588 4738 2601 4774 :
2650 4734 2773 4773 nam
2808 4719 2951 4774 Deus
2987 4719 3219 4774 veritate
3243 4759 3259 4783 .
3300 4731 3358 4775 ct

25 4817 386 4889 σωτηρίῳ·
418 4817 483 4885 τῇ
531 4813 641 4884 γὰρ
673 4811 900 4883 ἀληθεία
952 4811 1045 4864 καὶ
1090 4813 1156 4881 τῇ
1189 4810 1299 4863 τῶν
1335 4809 1677 4881 πραγμάτων

1796 4810 1955 4865 'erum
1980 4813 2313 4876 testimonio,
2339 4821 2392 4866 et
2417 4812 2805 4867 miraculorum
2833 4812 3072 4867 efﬁcacia
3100 4822 3353 4882 tanquam

18 4906 373 4982 μαρτυρίᾳ
436 4905 531 4958 καὶ
593 4906 713 4967 ταῖς
784 4902 1151 4965 παντοδαπαῖς
1211 4900 1676 4971 θαυματουργίαις

1796 4915 1908 4957 roce
1963 4904 2197 4971 quadam
2248 4917 2377 4958 usus
2426 4918 2579 4959 suam
2620 4904 2933 4961 hominibus
2978 4904 3355 4961 celsitudinem

17 4998 157 5055 οἷον
235 4998 408 5067 φωνῇ
440 5013 544 5051 τινι
578 4994 919 5066 χρησάμενος
951 4994 979 5046 ὁ
1006 4992 1138 5056 Θεὸς
1160 5032 1175 5057 ,
1203 4992 1263 5045 τὸ
1308 4994 1503 5046 οἰκεῖον
1542 4991 1672 5062 ὕψος
1779 4994 2036 5048 ostendit.
2972 4990 2981 4993 ’

17 5095 158 5156 τοῖς
206 5088 542 5159 ἀνθρώποις
569 5085 867 5150 ὑπέδειξεν.

114 5177 565 5247 Ἁνταναιρῶν
589 5177 891 5248 πολέμους
909 5176 1088 5246 μέχρι
1116 5174 1233 5229 τῶν
1271 5175 1542 5242 περάτων
1562 5174 1670 5243 τῆς

1853 5174 2013 5228 Vens.
2057 5173 2144 5226 10.
2187 5174 2444 5242 Auferens
2481 5173 2615 5229 bella
2655 5192 2818 5244 usque
2861 5176 2930 5229 ad
2958 5175 3118 5240 ﬁnem
3168 5184 3359 5240 terra,

17 5279 190 5352 Γῆς,
213 5273 426 5340 τόξον
462 5271 782 5340 συντρίψει
815 5270 912 5323 καὶ
956 5268 1294 5338 συγκλείσει
1324 5267 1538 5331 ὅπλον,
1573 5267 1669 5320 καὶ

1796 5284 1960 5321 trcum
1989 5277 2216 5321 conteret
2242 5275 2291 5321 et
2328 5267 2620 5338 confringet
2658 5284 2830 5336 arma,
2870 5276 2917 5323 ct
2950 5277 3100 5323 scuta
3143 5270 3362 5323 cambu-

95 5399 125 5433 ⁸
186 5392 375 5451 Psal.
420 5406 616 5456 χχχιιι,
641 5389 735 5445 20.
813 5389 834 5420 ⁸
871 5387 1061 5444 Matth.
1104 5403 1204 5452 vn,
1235 5388 1326 5445 14.
1400 5388 1422 5419 ³
1446 5386 1593 5443 Psal.
1628 5402 1686 5442 ιι

1796 5388 1836 5442 5.

95 5488 643 5565 (47)_¢8t}rorteg
667 5483 780 5565 τὴν
808 5484 1113 5552 πορνείαν,
1142 5493 1247 5539 etc.
1281 5482 1504 5540 Schedae
1529 5482 1670 5540 Gra-

1796 5484 2027 5565 artari.-

17 5555 467 5627 tii‘el'Catena
500 5556 747 5627 Barbari.
794 5624 815 5627 __
1080 5622 1110 5627 _
1152 5624 1163 5627 _
1238 5624 1252 5627 _
1338 5622 1367 5627 ᾖ

1796 5626 1801 5627 ί
1851 5555 1964 5627 (51)
2006 5555 2110 5611 Ἐν
2138 5555 2212 5627 τῇ
2233 5555 2491 5627 Χριστοῦ
2524 5555 2826 5627 ἐπιδημίᾳ,
2854 5566 2963 5614 etc.
2988 5558 3194 5615 Catena
3224 5556 3358 5614 Cor-

88 5628 257 5705 (4g)
293 5626 631 5705 Θαλασσας
656 5625 754 5705 καὶ
783 5624 1047 5705 ὄρηκίειο.
1078 5622 1303 5705 Schedze
1328 5622 1542 5693 Grabii,
1576 5638 1667 5681 co-

1796 5622 1934 5705 leni.-

1843 5694 1954 5767 (52)
1983 5695 2127 5769 Ἐὰν
2159 5698 2396 5769 ἀκούσῃ
2425 5694 2648 5768 φωνῆς,
2687 5709 2791 5756 etc.
2821 5697 3044 5757 Schedd:
3081 5698 3271 5758 Grahii
3304 5713 3361 5761 et

1773 5766 1978 5823 Catena
2021 5768 2262 5825 Barbari.

17 5694 127 5760 te}
170 5694 585 5755 Cbislinianns
608 5704 660 5748 et
690 5695 892 5749 Catena
923 5694 1169 5748 Barbari.

84 5771 259 5837 (49)
316 5766 427 5821 Τοῦ
454 5763 739 5837 ποταμοῦ,
767 5763 968 5837 Catena
990 5765 1259 5837 Gorderii.

81 5834 257 5914 (50)
304 5839 493 5905 Πόλις
523 5835 690 5906 Θεοῦ,
732 5843 837 5892 etc.
872 5834 1094 5892 Scheda:
1132 5834 1319 5891 Grabii
1361 5842 1416 5892 et
1459 5834 1665 5892 Catena
