3944 6386
474 312 611 370 1555

1884 312 1978 367 EX
2017 311 2315 370 OlllGENE

3597 315 3725 371 1456

473 438 549 486 ret
579 429 712 498 igni,
747 436 855 488 etc.
884 429 1071 487 Potest
1102 429 1243 487 istud
1263 471 1278 498 ,
1316 449 1335 482 ι
1367 429 1624 487 auferens
1655 431 1794 488 bella
1819 472 1834 497 ,
1865 450 1885 486 ι
1921 432 2047 497 dici,

2164 435 2403 504 θυρεοὺς
2461 432 2830 489 κατακαύσει
2877 431 2947 486 ἐν
3000 432 3164 502 πυρὶ,
3214 450 3267 486 κ.
3305 450 3356 488 τ.
3393 432 3443 487 ἑ.
3501 432 3725 488 Atinam

474 524 730 601 quoniam
771 533 1061 580 cessarunt
1100 525 1204 580 sub
1241 523 1503 580 Romanis
1533 525 1704 592 bella,
1745 541 1865 598 quae
1898 530 2047 596 prius

475 615 694 670 fuerant
721 615 980 671 continua
1008 659 1023 684 ,
1055 615 1181 671 dum
1223 619 1324 672 sub
1353 634 1516 672 unum
1548 619 1833 690 imperium
1865 622 2045 690 priora

479 707 646 761 multa
673 721 836 772 regna
865 716 988 777 post
1012 708 1347 765 nativitatem
1373 710 1674 766 Salvatoris
1699 712 2045 780 redegerunt.

475 797 641 854 Facta
663 809 746 855 est
768 799 915 856 enim
951 819 970 853 ι
1000 800 1169 873 gloria
1193 802 1244 856 in
1272 801 1549 858 altissimis
1579 805 1706 870 Deo,
1738 811 1793 858 et
1823 805 1874 858 in
1904 815 2044 861 terra

477 905 614 962 pax,
647 893 698 946 in
737 892 1045 949 hominibus
1077 894 1217 949 bona
1245 894 1489 950 voluntas
1514 896 1555 951 ⁸.
1595 914 1614 948 ι
1650 896 1912 952 Dominus
1938 899 2041 966 igi-

427 1055 431 1058 λ
477 992 568 1039 tur
597 982 755 1040 Jesus
782 987 964 1054 posuit
999 986 1053 1041 in
1101 995 1242 1042 terra
1273 989 1512 1058 prodigia
1533 1028 1548 1054 ,
1593 990 1849 1046 auferens
1877 1006 2048 1062 usque

477 1078 544 1132 ad
577 1078 710 1136 ﬁnes
739 1089 896 1139 terrae
925 1081 1090 1149 bella,
1125 1097 1246 1152 quae
1275 1084 1537 1152 gerebant
1570 1085 1838 1142 homines.
1884 1086 2048 1142 Aufe-

476 1171 648 1226 rendo
676 1182 855 1229 autem
904 1173 1064 1238 bella,
1099 1176 1358 1230 contrivit
1392 1192 1601 1242 arcum,
1634 1194 1699 1233 ex
1732 1194 1840 1249 quo
1879 1180 2046 1248 ignita

477 1264 678 1320 diaboli
718 1267 822 1321 tela
853 1269 1276 1335 emittebantur;
1323 1281 1377 1325 et
1420 1269 1686 1342 confregit
1715 1287 1866 1326 arma
1907 1273 2047 1342 ejus,

426 1389 437 1414 ς
475 1364 530 1408 et
556 1365 705 1410 scuta
756 1358 1074 1412 combussit.
1121 1357 1251 1413 lllud
1284 1370 1466 1414 autem
1521 1380 1538 1412 ι
1569 1362 1855 1417 exaltabor
1881 1381 1901 1415 ι
1956 1364 2046 1418 Dei

479 1461 584 1500 vox
621 1455 704 1503 est
757 1449 989 1504 dicentis
1038 1450 1178 1518 haec,
1226 1460 1509 1522 postquam
1552 1454 1863 1512 sustulisset
1913 1456 2049 1512 bella

476 1551 650 1606 usque
683 1541 751 1593 ad
785 1539 919 1597 lines
946 1550 1126 1612 terrae,
1156 1553 1212 1599 et
1246 1544 1601 1602 contrivisset
1629 1562 1850 1616 arcum,
1879 1557 1934 1604 et
1963 1564 2050 1605 ar-

476 1643 564 1683 ma
595 1629 977 1704 confregisset.

546 1905 825 1977 Ejusdem.
867 1910 1063 1978 Arcus,
1104 1928 1407 1982 armorum,
1441 1926 1498 1971 et
1524 1915 1663 1971 scuti
1695 1918 1916 1988 nomine
1949 1917 2052 1974 hoc

475 1997 682 2056 inloco
729 2004 1024 2073 pessimum
1084 2006 1334 2062 habitum
1367 2016 1421 2064 et
1461 2024 1657 2081 pravas
1696 2012 2054 2082 cogitationes

475 2092 749 2163 intelligit.

549 2185 714 2248 Vens.
746 2188 832 2244 Η.
873 2189 1074 2246 Vacate
1099 2203 1146 2247 et
1169 2194 1334 2250 ridete
1353 2197 1601 2267 quoniam
1624 2213 1715 2268 ego
1742 2214 1858 2252 sum
1891 2197 2048 2263 Deus,

472 2287 581 2338 etc.
614 2279 738 2339 Otio
759 2299 896 2356 opus
929 2295 1013 2342 est
1045 2288 1111 2343 ad
1143 2291 1578 2360 cognoscendum
1612 2291 1924 2348 Dominum.

983 2563 1303 2622 PSALMUS
1337 2566 1518 2622 XLVI.

544 2650 714 2711 Vens.
761 2655 816 2709 2.
855 2655 1049 2712 Omnes
1095 2667 1307 2728 gentes,
1353 2659 1592 2728 plaudite
1637 2660 1898 2723 manibus,
1940 2671 2048 2719 etc.

473 2743 642 2810 Quasi
689 2759 878 2802 vocem
935 2749 1189 2804 emittant
1241 2749 1627 2805 exsultationis
1677 2751 1744 2806 ab
1802 2755 2055 2822 operibus

474 2836 634 2893 bonis
661 2850 852 2895 manus
894 2848 1115 2896 nostrae.
1154 2840 1361 2897 Etenim
1401 2841 1728 2912 jubilantes,
1761 2855 1816 2901 et
1842 2847 2054 2916 quidvis

477 2927 623 2983 aliud
650 2940 889 2999 agentes,
922 2933 1006 2989 vel
1045 2933 1153 2990 Deo
1189 2935 1416 2991 facimus
1442 2977 1458 3002 ,
1493 2939 1714 3007 quando
1757 2942 2054 2995 secundum

480 3021 651 3080 Deum
692 3033 774 3080 est
797 3066 813 3093 ,
845 3027 929 3082 vel
962 3027 1199 3094 diabolo,
1235 3030 1452 3098 quando
1489 3030 1688 3084 malum
1738 3047 2051 3102 operemur.

2151 531 2213 582 τὸ
2247 531 2382 601 (55),
2429 549 2448 583 ι
2501 527 2843 600 ἀνταναιρῶν
2890 526 3180 597 πολέμους,
3206 545 3225 578 ι
3282 526 3561 595 λέγεσθαι,
3613 528 3727 580 ἐπεὶ

2153 617 2456 671 ἐπαύσαντο
2507 616 2613 671 ὑπὸ
2681 615 2967 686 Ῥωμαίων
3024 617 3074 668 οί
3135 615 3401 688 πρότερον
3488 619 3726 687 συνεχεῖς

2152 711 2424 782 γινόμενοι
2466 710 2710 782 πόλεμοι,
2740 711 2844 763 ὑπὸ
2873 710 3005 779 μίαν
3055 710 3398 780 ποιησάντων
3455 709 3726 780 βασιλείαν

2152 799 2250 863 τὰς
2284 800 2548 871 πρότερον
2579 798 2781 863 πολλὰς
2817 800 2954 870 μετὰ
2986 799 3084 870 τὴν
3099 801 3309 868 γενέσιν
3335 800 3432 854 τοῦ
3457 801 3723 871 Σωτῆρος.

2155 892 2348 960 Γέγονε
2383 891 2491 964 γὰρ
2530 910 2547 943 ι
2576 891 2701 956 δόξα
2727 891 2785 944 ὲν
2816 890 3058 960 ὑψίστοις
3083 889 3220 961 Θεῷ,
3266 892 3360 945 καὶ
3382 891 3476 944 ἐπὶ
3495 891 3606 961 γῆς
3659 894 3726 944 εί-

2158 985 2316 1056 ρήνη,
2341 985 2398 1036 ὲν
2429 983 2735 1056 ἀνθρώποις
2768 983 3005 1036 εὐδοκία.
3049 1003 3068 1034 ι
3132 984 3188 1037 Ὀ
3249 985 3452 1054 Κύριος
3485 980 3584 1038 οὖν
3633 985 3726 1054 ’1η-

2157 1077 2281 1141 σοῦς
2311 1077 2459 1130 ἔθετο
2490 1078 2556 1133 τὰ
2581 1077 2676 1131 ἐπὶ
2699 1077 2798 1148 γῆς
2825 1077 3049 1147 τέρατα,
3081 1076 3418 1148 ἀνταναιρῶν
3460 1078 3591 1138 τοὺς
3633 1075 3727 1139 ἕως

2152 1171 2262 1224 τῶν
2287 1172 2536 1242 περάτων
2567 1171 2667 1242 τῆς
2695 1171 2800 1241 γῆς
2830 1171 3119 1242 πολέμους,
3149 1169 3241 1233 οὓς
3271 1169 3643 1240 ἐπολεμοῦντο
3683 1173 3727 1222 οἱ

2155 1262 2451 1335 ἄνθρωποι.
2500 1263 2864 1332 Ἀνταναιρῶν
2898 1263 2955 1316 δὲ
2986 1264 3114 1325 τοὺς
3141 1262 3410 1332 πολέμους
3443 1260 3725 1331 συνέτριψε

2153 1352 2214 1406 τὸ
2244 1352 2522 1422 τόξον,ὰφ’
2553 1348 2614 1407 οὗ
2645 1354 2953 1425 ἐπέμποντο
2983 1353 3049 1407 τὰ
3076 1353 3445 1424 πεπυρωμένα
3477 1353 3610 1423 βέλη
3639 1353 3726 1406 τοῦ

2155 1444 2422 1510 διαϐόλου,
2452 1445 2544 1498 καὶ
2596 1445 2892 1499 συνέκλασε
2935 1445 2996 1498 τὸ
3032 1445 3192 1498 ὅπλον
3218 1444 3406 1508 αὑτοῦ,
3460 1445 3558 1498 καὶ
3612 1447 3729 1508 τὼς

2157 1537 2381 1608 θυρεοὺς
2425 1536 2754 1591 κατέκαυσε.
2819 1537 2893 1591 Τὸ
2947 1537 3003 1590 δὲ
3056 1557 3074 1588 ι
3110 1537 3469 1608 ὑψωθήσομαι
3523 1557 3544 1588 ι
3604 1537 3731 1590 Θεοῦ

2156 1628 2308 1700 φωνὴ
2344 1627 2594 1697 λέγοντος
2631 1628 2821 1692 ταῦτα,
2857 1629 2994 1699 μετὰ
3021 1629 3084 1681 τὸ
3124 1628 3584 1700 ἁνταναιρεθῆναι
3612 1630 3733 1694 τοὺς

2156 1720 2260 1785 ἕως
2282 1720 2391 1774 τῶν
2415 1722 2668 1794 περάτων
2694 1721 2794 1792 τῆς
2826 1723 2930 1793 γῆς
2966 1721 3257 1793 πολέμους,
3293 1723 3389 1776 καὶ
3445 1721 3732 1793 συντριδῆ·

2087 1813 2130 1868 Β
2159 1833 2245 1869 ναι
2271 1814 2444 1881 τόξον,
2476 1817 2570 1870 καὶ
2605 1815 3010 1885 συγκλασθῆναι
3039 1815 3221 1870 ὅπλον.

2235 1908 2343 1962 Τοῦ
2369 1908 2575 1962 αὐτοῦ.
2606 1907 2770 1973 Τόξον
2803 1908 2897 1962 νῦν
2925 1907 3035 1978 (54)
3067 1910 3160 1960 καὶ
3193 1906 3354 1960 ὅπλον
3395 1905 3492 1960 καὶ
3527 1904 3734 1977 θυρεὸν,

2157 2002 2494 2056 κατάστασιν
2547 2003 2825 2074 χειρίστην
2883 2002 3018 2073 φησὶ
3069 2001 3164 2055 καὶ
3225 1999 3523 2071 λογισμοὺς
3573 2016 3734 2071 πονη-

2197 2111 2308 2148 ους.

2197 2111 2223 2148 ο
2295 2133 2308 2146 .

2161 2112 2194 2166 ρ
2227 2111 2600 2256 ιἐξιοαῖάσιιτις,
2646 2186 2744 2241 καί
2798 2187 3004 2256 γνῶτε,
3032 2185 3120 2240 ὅτι
3171 2186 3286 2256 ἐγώ
3329 2188 3446 2254 ειμι
3491 2189 3526 2240 ὀ
3577 2187 3736 2252 Θεός.

2159 2297 2214 2335 κ.
2244 2299 2293 2335 τ.
2321 2283 2368 2335 ὲ.
2430 2281 2631 2353 Σχολῆς
2659 2280 2818 2352 χρεία
2845 2279 2958 2350 (55)
2987 2277 3123 2350 πρὸς
3164 2278 3224 2331 τὸ
3265 2277 3471 2346 γνῶναι
3513 2277 3608 2331 τὸν
3635 2279 3743 2330 Κυ-

2159 2391 2294 2446 ριον.

2708 2560 3000 2614 ΨΑΑΜΟΣ
3046 2560 3199 2628 Ma".

2231 2657 2433 2712 Πάντα
2472 2656 2542 2709 τὰ
2583 2654 2749 2722 ἔθνη,
2793 2653 3123 2722 κροτήσατε
3184 2651 3387 2721 χεᾷιας
3419 2691 3435 2715 ,
3483 2667 3537 2702 κ.
3595 2665 3650 2701 τ.
3699 2649 3747 2704 ἑ.

2161 2751 2337 2804 Οἱονεὶ
2365 2746 2544 2818 φωνὴν
2580 2745 2689 2818 (56)
2725 2745 3031 2814 ἀφιέτωσαν
3075 2734 3445 2814 ἀγαλλιάσεως
3499 2741 3610 2796 ἀπὸ
3640 2739 3748 2794 τῶν

2163 2841 2342 2896 καλῶν
2373 2840 2550 2912 ἕργων
2582 2840 2638 2890 αί
2667 2841 2847 2909 χεῖρες
2870 2836 3046 2908 ἡμῶν.
3081 2835 3188 2890 Καὶ
3221 2836 3330 2907 γὰρ
3360 2833 3746 2900 ἀλαλάζοντες,

2163 2929 2259 2984 καὶ
2285 2928 2380 2980 ὅτι
2408 2928 2525 2980 ποτ’
2552 2922 2645 2979 οὖν
2674 2927 3024 2997 πράττοντες,
3050 2927 3167 2997 ἤτοι
3185 2925 3262 2996 τῷ
3299 2925 3422 2996 Θεῷ
3459 2925 3746 2995 ποιοῦμεν,

2163 3023 2289 3078 ὅταν
2321 3020 2465 3074 κατὰ
2496 3021 2628 3073 Θεὸν
2651 3015 2705 3092 ᾗ,
2734 3020 2766 3090 ἢ
2795 3018 2872 3090 τῷ
2897 3020 3129 3088 διαϐόλῳ
3151 3060 3164 3080 ,
3189 3019 3314 3072 ὅταν
3361 3019 3568 3072 κακίαν
3599 3017 3753 3087 ἐνερ-

477 3112 574 3168 Sic
622 3123 800 3170 autem
834 3117 1000 3172 etiam
1033 3117 1146 3174 Deo
1179 3119 1457 3188 psallimus
1487 3161 1502 3185 ,
1549 3131 1604 3176 et
1650 3123 1761 3192 regi
1805 3123 2052 3188 Christo,

2164 3114 2390 3187 γοῦμεν.
2430 3113 2587 3168 Οὕτω
2609 3113 2668 3166 δὲ
2691 3113 2786 3167 καὶ
2816 3112 2894 3184 τῷ
2919 3111 3038 3182 Θεῷ
3083 3111 3377 3182 ψάλλομεν,
3408 3113 3511 3164 καὶ
3539 3110 3620 3180 τῷ
3660 3109 3751 3178 βα-

476 3205 852 3262 subaudiendo
885 3209 938 3263 in
988 3223 1119 3264 voce
1149 3209 1568 3278 exsultationis;
1619 3223 1681 3268 ut
1727 3229 1920 3271 sensus
1950 3217 2053 3270 sit:

475 3295 724 3354 Plaudite
776 3301 1026 3358 manibus
1062 3303 1172 3359 Deo
1208 3304 1260 3358 in
1311 3320 1449 3361 voce
1499 3307 1896 3364 cxsultationis.
1941 3308 2057 3366 Vox

477 3391 594 3448 [nec
636 3395 812 3451 omnis
839 3410 960 3452 esse
991 3398 1162 3467 possit
1190 3400 1489 3454 secundum
1530 3400 1740 3467 Deum,
1785 3418 1944 3474 quam
1974 3418 2058 3459 se-

481 3480 671 3549 quitur
692 3484 988 3539 exsultatio
1013 3501 1026 3550 ;
1055 3488 1327 3542 contraria
1356 3503 1486 3545 vero
1507 3497 1594 3546 est
1616 3490 1860 3560 ejulalio.
1881 3493 2059 3564 Atque

477 3574 605 3630 olim
637 3576 858 3647 quidem
894 3593 997 3633 non
1030 3591 1150 3635 erat
1199 3580 1462 3638 Dominus
1493 3599 1655 3653 super
1695 3600 1912 3642 omnem
1949 3597 2061 3643 ter-

477 3685 626 3734 ram,
657 3680 711 3725 et
740 3671 990 3727 excelsus
1017 3682 1135 3727 erat
1171 3673 1390 3741 paucis,
1431 3684 1485 3728 et
1515 3675 1776 3730 terribilis
1810 3676 1934 3745 piis,
1967 3678 2057 3749 qui

477 3776 647 3832 parvo
671 3773 832 3817 erant
867 3779 1127 3830 numero;
1157 3773 1212 3819 et
1241 3780 1332 3820 rex
1373 3780 1478 3821 non
1512 3765 1717 3831 multis,
1747 3776 1802 3822 et
1832 3782 2060 3837 magnus

477 3854 614 3908 viris
649 3856 790 3911 raris
813 3899 826 3923 ,
869 3857 1047 3928 qualis
1087 3869 1206 3913 erat
1260 3875 1492 3928 magnus
1525 3859 1711 3926 Isaac,
1743 3869 1798 3915 et
1832 3875 2061 3932 magnus

479 3941 727 4015 Moyses;
760 3961 902 4002 nunc
931 3958 1114 4004 autem
1143 3949 1310 4006 multo
1343 3951 1590 4021 pluribus
1620 3953 1735 4007 haec
1759 3951 1941 4006 omnia
1973 3967 2060 4008 ex-

481 4035 664 4090 sistit:
699 4037 810 4092 imo
854 4039 1018 4094 etiam
1052 4043 1276 4098 omnino
1312 4045 1417 4098 erit
1461 4045 1642 4100 omnia
1681 4045 1733 4098 in
1784 4045 2058 4101 omnibus.

2168 3209 2307 3263 σιλεῖ
2333 3204 2575 3278 Χριστῷ,
2604 3204 2712 3259 ἀπὸ
2745 3203 2923 3258 κοινοῦ
2954 3204 3013 3256 τὸ
3054 3205 3112 3256 ὲν
3138 3205 3287 3273 φωνῇ
3337 3201 3748 3270 ἀγαλλιάσεως·

2165 3303 2232 3356 ἵν’
2333 3301 2394 3354 τό
2417 3317 2431 3330 ·
2460 3301 2776 3371 Κροτήσατε
2812 3300 3001 3368 χεῖρας
3039 3296 3115 3367 τῷ
3148 3295 3267 3367 Θεῷ
3303 3299 3359 3348 ὲν
3393 3297 3551 3366 φωνῇ
3579 3293 3751 3362 ἀγαλ-

2165 3395 2414 3457 λιάσεως.
2447 3388 2601 3446 Εἶναι
2631 3391 2852 3445 δύναται
2885 3393 3034 3444 πᾶσα
3065 3393 3097 3460 ἡ
3125 3389 3263 3443 κατὰ
3294 3387 3450 3450 Θεὸν,
3561 3387 3753 3442 ἕπεται

2166 3488 2226 3540 τὸ
2253 3485 2515 3558 ἀγαλλιᾷν
2537 3503 2550 3516 ο
2583 3488 2616 3558 ἡ
2641 3486 2687 3538 δ’
2709 3485 2928 3538 ἐναντία
2954 3482 3250 3554 κλαυθμός.
3295 3481 3408 3536 Kal.
3441 3481 3621 3536 πάλαι
3651 3479 3754 3551 μὴν

2165 3579 2372 3652 Κύριος
2403 3575 2470 3650 ἦν
2494 3579 2593 3632 οὐκ
2620 3578 2714 3632 ἐπὶ
2743 3579 2923 3632 πᾶσαν
2953 3574 3050 3646 τὴν
3074 3575 3198 3645 γῆν,
3223 3575 3318 3629 καὶ
3365 3573 3599 3643 ὕψιστος
3643 3573 3753 3627 ὀλί-

2165 3690 2304 3744 γοις,
2335 3679 2428 3726 καὶ
2457 3671 2687 3744 φοϐερὸς
2707 3670 2990 3725 εὐλαϐέσιν
3015 3667 3422 3738 εὐαριθμήτοις,
3456 3669 3555 3719 καὶ
3613 3666 3755 3736 βασι-

2167 3764 2294 3828 λεὺς
2317 3765 2378 3818 οὑ
2416 3764 2648 3829 πολλοῖς,
2710 3764 2803 3817 καὶ
2853 3762 3026 3832 μέγας
3056 3760 3324 3823 σπανίοις,
3375 3759 3563 3822 ὁποῖος
3599 3753 3672 3829 ἢν
3725 3759 3754 3808 ό

2171 3858 2344 3930 μέγας
2381 3857 2568 3912 Ἰσαὰκ
2607 3857 2700 3910 καὶ
2741 3859 2770 3910 ὁ
2803 3857 2974 3927 μέγας
3026 3855 3261 3924 Μωσῆς·
3305 3852 3423 3906 νυνὶ
3477 3851 3536 3904 δὲ
3575 3849 3754 3921 πολλῷ

2169 3951 2378 4004 πλείοσι
2395 3949 2571 4003 ταῦτα
2594 3948 2772 4003 πάντα
2793 3947 2939 4002 ἐστίν
2957 3963 2970 3976 ·
3009 3946 3159 3999 ἔσται
3184 3945 3240 3998 δὲ
3266 3944 3360 3997 καὶ
3394 3941 3547 4006 απαξ
3571 3941 3756 4003 ἁπλῶς

2167 4046 2344 4100 πάντα
2367 4046 2424 4100 ὲν
2452 4046 2605 4098 πᾶσι.
2637 4043 2912 4116 Πρότερον
2940 4041 3039 4113 μὲν
3069 4040 3163 4094 ἐπὶ
3201 4039 3290 4093 τὸν
3329 4037 3552 4110 Ἰσραὴλ
3599 4036 3757 4106 μόνον

478 4124 642 4182 Prius
668 4129 887 4199 quidem
935 4131 988 4184 in
1025 4131 1143 4187 solo
1193 4134 1388 4190 lsraele
1416 4145 1535 4190 erat
1571 4152 1825 4207 magnum
1861 4151 2052 4206 nomen

2166 4131 2235 4208 ἦν
2273 4135 2416 4208 μέγα
2453 4135 2514 4188 τὸ
2535 4135 2705 4206 ὄνομα
2727 4132 2892 4188 αὐτοῦ
2911 4149 2924 4164 ·
2950 4131 3058 4185 ἀπὸ
3083 4131 3140 4184 δὲ
3169 4130 3269 4199 τῆς
3286 4127 3528 4200 Χριστοῦ
3563 4145 3758 4198 παρω-

475 4220 638 4293 ejus;
690 4224 759 4279 ab
791 4225 1025 4281 adventu
1066 4236 1246 4281 autem
1295 4225 1498 4283 Christi
1527 4243 1759 4296 magnus
1787 4238 1870 4284 est
1898 4244 2052 4299 super

2170 4231 2290 4294 σίας
2325 4229 2497 4301 μέγας
2523 4230 2670 4284 ἐστὶν
2699 4228 2792 4281 ἐπὶ
2821 4229 3000 4282 πᾶσαν
3039 4227 3138 4296 τὴν
3171 4225 3290 4296 γῆν.
3338 4223 3612 4286 Βασιλεὺς
3654 4221 3756 4291 γὲρ

475 4332 694 4374 omnem
727 4328 950 4374 terram.
997 4317 1152 4376 Nune
1186 4321 1330 4377 enim
1361 4322 1505 4379 Deus
1548 4337 1638 4378 rex
1683 4334 1766 4379 est
1793 4325 2052 4380 universae

2169 4321 2264 4377 νῦν
2297 4321 2479 4394 πάσης
2508 4321 2606 4394 τῆς
2640 4321 2744 4392 γῆς
2782 4321 2810 4374 ὁ
2849 4318 3002 4384 Θεὸς,
3034 4319 3123 4371 ὅτε
3151 4313 3501 4369 ἐϐασίλευσεν
3551 4315 3585 4365 ὁ
3629 4311 3756 4373 Θεὸς

477 4420 662 4479 terra,
693 4425 757 4468 ex
790 4427 899 4483 quo
933 4415 1178 4485 regnavit
1205 4414 1349 4471 Deus
1373 4431 1536 4486 super
1567 4427 1778 4486 gentes.

2170 4416 2264 4470 ἐπὶ
2288 4415 2358 4470 τὰ
2388 4415 2538 4487 ἔθνη.

547 4503 710 4576 715
757 4478 1032 4569 Eiusdem:
1067 4505 1257 4561 Solent
1293 4478 1542 4564 homines
1567 4478 1628 4563 in
1662 4506 1915 4564 victoriis
1941 4521 2052 4562 ma-

2239 4508 2351 4565 Τοῦ
2387 4478 2596 4562 αὑτοῦ.
2641 4506 2769 4560 Ἐπὶ
2798 4507 2920 4570 ταῖς
2964 4503 3146 4567 νίκαις
3180 4501 3292 4574 (57)
3348 4499 3672 4571 πεφύκασιν
3707 4497 3756 4551 οἱ

479 4601 640 4656 nibus
673 4600 949 4671 plaudere.
979 4600 1310 4656 Plaudamus
1335 4601 1504 4671 igitur
1534 4610 1590 4656 et
1618 4616 1715 4656 nos
1743 4601 1794 4656 in
1825 4600 2052 4656 victoria

2164 4603 2442 4674 ἄνθρωποι
2488 4601 2587 4665 τὰς
2627 4603 2816 4672 χεῖρας
2850 4601 3082 4671 κροτεῖν.
3124 4593 3422 4667 Τοιγαροῦν
3475 4595 3759 4664 κροτήοω-

481 4693 632 4749 illius
664 4695 757 4763 qui
785 4694 925 4749 dixit
959 4694 981 4726 ⁸
1011 4712 1026 4749 :
1064 4713 1084 4747 ι
1115 4693 1412 4762 Confidite,
1449 4711 1549 4766 ego
1577 4696 1684 4750 vici
1711 4695 1994 4751 mundum.
2032 4714 2052 4749 ι

2167 4712 2266 4768 μεν
2301 4696 2397 4749 καὶ
2439 4696 2599 4767 ἡμεῖς
2640 4694 2734 4746 ἐπὶ
2778 4695 2843 4764 τῇ
2894 4692 3018 4763 νίκῃ
3062 4689 3158 4744 τοῦ
3207 4689 3486 4752 εἰπόντος·
3541 4705 3563 4738 ι
3609 4685 3752 4757 Θαρ-

478 4783 740 4840 Jubilatio
793 4793 880 4840 est
942 4785 1226 4840 victoriale
1279 4786 1578 4840 canticum.
1638 4786 1894 4856 Prmcipit
1924 4801 2052 4859 ergo

2164 4791 2328 4853 σεῖτε,
2360 4787 2472 4858 ἐγὼ
2499 4788 2762 4858 νενίκηκα
2793 4787 2883 4840 τὸν
2911 4784 3134 4855 κόσμον.
3161 4802 3180 4836 ι
3229 4779 3574 4851 Ἀλαλαγμός
3609 4780 3752 4832 ἐστιν

478 4887 539 4933 ut
597 4885 790 4950 gentes
847 4879 1084 4951 jubilent
1128 4881 1182 4937 iu
1234 4881 1674 4939 adversariarum
1723 4891 2052 4952 potestatum

2169 4881 2436 4945 ὲπινίκιος
2495 4879 2627 4952 ᾠδή.
2694 4875 3134 4950 Παρακελεύεται
3179 4869 3272 4928 οὖν
3327 4871 3623 4934 ἀλαλάζειν
3682 4871 3754 4922 τὰ

481 4971 655 5044 lapsu.

2171 4974 2298 5046 ἔθνη
2349 4972 2443 5026 ἐπὶ
2485 4975 2550 5044 τῇ
2605 4970 2959 5026 καταπτώσει
3005 4970 3112 5024 τῶν
3144 4963 3541 5035 ἀντικειμένων
3598 4961 3754 5016 δυνὰο

426 5131 440 5142 .
2174 5083 2340 5138 μεων.

436 5147 442 5174 θ
550 5158 718 5216 Vsus.
755 5161 808 5217 4.
841 5161 1078 5234 Subjecit
1129 5167 1350 5235 populos
1382 5166 1553 5232 nobis,
1605 5174 1712 5222 etc.
1753 5183 1772 5216 ι
1815 5161 2052 5234 Subjecil

2253 5159 2530 5226 Ὑπέταξε
2587 5158 2778 5226 λαοὺς
2849 5155 3022 5226 ἡμῖν,
3083 5172 3138 5207 κ.
3193 5169 3244 5205 τ.
3306 5151 3353 5204 ὲ.
3410 5168 3429 5201 ι
3482 5145 3756 5211 Ὑπέταξε

479 5253 727 5323 populos.
759 5275 778 5310 ι
811 5256 1030 5316 lsraelis
1059 5261 1338 5330 mysteriis
1369 5260 1694 5315 instructos.
1721 5257 1848 5313 Haec
1879 5267 2052 5311 autem

2171 5252 2332 5318 λαοὺς
2365 5253 2500 5325 (58),
2529 5272 2548 5306 ι
2589 5253 2717 5316 τοὺς
2753 5247 3228 5323 μαθητευομένους
3264 5245 3376 5307 τοῖς
3404 5241 3498 5295 τοῦ
3536 5239 3778 5311 Ἰσραὴλ

480 5341 668 5400 dicent
703 5349 930 5418 apostoli
967 5353 1036 5408 de
1064 5351 1344 5420 discipulis
1373 5353 1509 5416 suis,
1535 5351 1626 5422 qui
1661 5349 1880 5422 plurimi
1909 5355 2052 5404 sunt.

2174 5332 2514 5420 μυστηρίοις.
2545 5345 2731 5403 Ταῦτα
2763 5344 2822 5399 δὲ
2861 5345 2911 5397 οἱ
2947 5339 3235 5397 ἀπόστολοι
3271 5336 3487 5409 ἐροῦσιν
3513 5335 3608 5390 ἐπὶ
3635 5336 3758 5396 τοῖς

545 5449 571 5484 ⁸
603 5450 736 5504 Luc.
773 5464 833 5512 tt,
867 5447 956 5502 14.
1033 5449 1053 5481 ⁸
1089 5447 1243 5503 Joan.
1279 5463 1367 5505 xvt
1393 5491 1407 5517 ,
1453 5446 1541 5504 35.

579 5541 647 5595 55
697 5542 950 5596 Δύναται
969 5541 1057 5608 τό,
1091 5551 1196 5600 etc.
1231 5543 1432 5599 Catena
1462 5542 1730 5599 Corderii.

554 5541 669 5675 ίδι)
702 5613 890 5675 Τόξον
913 5612 1048 5675 νῦν,
1073 5626 1178 5672 etc.
1205 5614 1386 5672 Codex
1420 5613 1730 5671 Coisliniani

581 5612 669 5683 54)
702 5613 890 5677 Τόξον
913 5612 1048 5676 νῦν,
1073 5626 1178 5672 etc.
1205 5614 1386 5672 Codex
1420 5613 1784 5671 Coislinianus
1803 5656 1818 5683 ,
1851 5614 2065 5672 schedae

487 5680 675 5736 Grabli
707 5693 762 5736 et
784 5683 985 5737 Catena
1013 5683 1262 5742 Barbari.

564 5751 676 5824 (55)
701 5753 940 5824 Σχολῆς
968 5755 1160 5826 χρεία,
1196 5769 1300 5815 etc.
1332 5757 1496 5814 iidem
1529 5756 1760 5814 codices.

2249 5536 2362 5610 (56)
2391 5536 2582 5610 Οιονεὶ
2605 5532 2834 5610 φωνήν,
2860 5541 2968 5586 etc.
2996 5531 3198 5610 Catena
3234 5527 3543 5610 Corderii."

2246 5597 2360 5680 (57)
2407 5609 2534 5680 Ἐπί
2556 5597 2683 5680 τάᾉῖς
2713 5597 2930 5680 νίκαις,
2961 5597 3565 5680 etc.‘Scheda:nGrabi_i..

2246 5669 2360 5754 (58)
2401 5669 2678 5746 Ὑπέταξὲ
2707 5669 2916 5746 λαούς,
2941 5688 3043 5731 etc.
3072 5670 3276 5728 Catena
3310 5669 3574 5727 Corderii.
