3808 6486
184 340 296 399 1437

1082 337 1389 395 SELECTA
1425 336 1494 392 IN
1527 332 1871 390 PSALHOS.
1914 366 1985 376 —
2026 336 2219 393 PSAL.
2260 335 2470 393 XLVII.

3256 334 3390 391 1‘38

183 460 641 537 μαθητευομένοις,
680 454 800 515 οὖσι
852 459 1083 524 πολλοῖς.
1129 462 1303 524 Αὐτὸς
1354 461 1410 515 δὲ
1453 461 1482 513 6
1511 458 1710 531 Κύριος

1844 472 1936 527 pse
1965 465 2143 515 autem
2173 462 2433 515 Dominus
2466 466 2677 524 noster,
2700 472 2825 514 cum
2860 472 2964 513 non
3003 458 3266 513 sciremus
3292 473 3390 512 no-

180 552 329 626 ήμῶν,
362 552 433 623 μὴ
490 551 870 621 ἐπισταμένων
919 554 1133 615 ἐαυτθίς
1166 550 1487 618 ἐκλέξασθαι
1516 550 1543 602 6
1590 549 1719 619 κλη-

182 643 538 718 ρονομήσομεν,
574 642 854 709 ἐξελέξατο
890 644 1022 714 ἡμῖν
1056 643 1248 714 μερίδα
1284 644 1351 715 ἢν
1378 641 1719 714 κληρονομή-

179 753 338 811 σομεν,
365 737 485 809 ήτις
516 735 634 789 ἐστὶ
676 734 770 789 τοῦ
812 734 1006 789 Ἰακὼϐ
1040 735 1290 807 καλλονή,
1327 736 1393 807 ἦν
1436 736 1721 805 ἠγάπησεν

173 831 199 883 ὀ
226 828 429 900 Κύριος.

240 922 335 976 Τοῦ
372 922 579 976 αὐτοῦ.
624 921 862 975 Ἔδωκεν
894 922 1027 992 ἡμῖν
1057 920 1166 991 (59)
1206 920 1454 987 ἐξουσίαν
1488 919 1579 974 τοῦ
1612 935 1719 972 πα-

172 1013 271 1066 τεῖν
293 1012 469 1066 ἐπάνω
494 1013 669 1083 ὄφεων
704 1012 799 1065 καὶ
831 1012 1128 1083 σκορπίων,
1163 1014 1257 1066 καὶ
1285 1013 1379 1065 ἐπὶ
1413 1014 1591 1066 πᾶσαν
1621 1012 1720 1083 τὴν

171 1103 374 1176 δύναμιν
396 1103 490 1158 τοῦ
514 1104 732 1176 ἐχθροῦ.

244 1195 425 1264 Ἀνέϐη
467 1197 501 1250 ὁ
554 1196 698 1263 Θεὸς
745 1194 816 1249 ἐν
845 1196 1194 1266 ἀλαλαγμῷ,
1246 1213 1303 1252 κ.
1330 1213 1383 1248 τ.
1436 1196 1482 1252 ἐ.
1511 1194 1720 1265 Ὠσπερ

167 1286 401 1359 ὸΚύριος
435 1287 544 1359 (60)
578 1285 859 1341 ἐλεύσεται
910 1307 929 1340 ι
959 1290 1016 1342 ἐν
1050 1290 1200 1359 φωνῇ
1236 1286 1491 1357 ἀγγέλου,
1537 1287 1633 1341 κα)⁸
1664 1287 1721 1339 ὲν

90 1413 95 1417 «
170 1380 407 1449 σάλπιγγι
450 1378 584 1433 Θεοῦ
631 1380 998 1451 καταϐήσεται
1047 1382 1142 1434 ἀπ’
1191 1379 1443 1451 οὐρανοῦ,
1476 1397 1496 1431 ι
1547 1377 1720 1442 οὕτως

165 1471 313 1543 ἀνέϐη
354 1472 382 1524 ὁ
420 1470 553 1536 Θεὸς
595 1473 653 1525 ἐν
710 1472 1031 1544 ἀλαλαγμῷ.
1069 1473 1273 1544 Κύριος
1318 1472 1375 1526 δὲ
1414 1490 1433 1525 ι
1461 1460 1518 1525 ἐν
1567 1474 1716 1542 φωνῇ

166 1564 474 1633 σάλπιγγος,
507 1582 526 1616 ι
573 1564 670 1617 καὶ
720 1564 861 1635 τάχα
917 1564 1220 1635 ἀλαλαγμῷ
1279 1564 1496 1618 πάντων
1548 1563 1719 1619 ἐθνῶν

163 1656 525 1728 κροτησάντων
580 1660 797 1729 χεῖρας,
849 1657 1233 1725 ἀλαλαξάντων
1279 1657 1401 1729 Θεῷ
1455 1660 1513 1710 ἐν
1566 1658 1718 1728 φωνῇ

159 1747 535 1818 ἀγαλλιάσεως.
578 1749 799 1813 Τούτοις
840 1750 897 1803 δὲ
930 1752 1024 1806 καὶ
1078 1749 1387 1805 ἀναϐαίνειν
1424 1744 1579 1820 οἶμαι
1628 1749 1720 1803 τὸν

1820 551 1903 606 bis
1930 552 2135 620 eligere
2184 554 2579 621 bmreditatem,
2611 554 2775 624 elegit
2802 553 2957 608 nobis
2987 562 3196 620 partem
3226 566 3387 620 quam

1820 643 2136 697 haereditate
2184 646 2559 714 acciperemus
2588 685 2605 713 ,
2656 648 2865 702 scilicet
2915 646 3151 715 speciem
3196 644 3388 712 Jacob,

1820 748 1980 803 quam
2004 733 2192 789 dilexit
2220 734 2503 791 Dominus.

1893 918 2166 987 Ejusdem.
2212 919 2369 974 Dedit
2398 922 2553 975 nobis
2578 932 2904 991 potestatem
2941 921 3187 976 ealcandi
3231 932 3391 988 super

1820 1021 2097 1078 serpentes
2143 1020 2197 1064 et
2243 1013 2578 1081 scorpiones,
2615 1024 2669 1069 et
2700 1030 2864 1085 super
2895 1030 3111 1069 omnem
3137 1013 3388 1067 virtutem

1822 1117 2047 1156 InlllllCI.

1893 1194 2057 1249 Vens.
2089 1192 2140 1248 6.
2182 1195 2429 1249 Ascendit
2474 1195 2615 1249 Deus
2656 1198 2711 1249 in
2737 1195 2924 1265 iubilo,
2974 1204 3080 1250 etc.
3118 1195 3390 1262 Quemad-

1821 1288 2038 1340 modum
2073 1288 2331 1341 Dominus
2359 1289 2538 1342 vunict
2576 1308 2593 1340 ι
2630 1289 2685 1343 in
2711 1305 2841 1343 voce
2869 1289 3066 1357 angeli,
3095 1298 3149 1342 et
3180 1288 3231 1340 in
3264 1287 3390 1341 tuba

1821 1378 1916 1433 Dei
1953 1380 2244 1433 descendet
2284 1382 2348 1434 de
2388 1382 2525 1435 caelo
2562 1382 2629 1443 ος
2680 1401 2698 1433 ι
2736 1382 2806 1435 ita
2857 1381 3103 1435 ascendit
3148 1379 3291 1433 Deus
3339 1378 3390 1432 in

1815 1470 2008 1539 jubilo.
2060 1474 2322 1529 Dominus
2351 1485 2529 1530 autem
2570 1493 2589 1526 ι
2636 1476 2686 1530 in
2720 1490 2851 1529 voce
2883 1475 3027 1528 tubm
3081 1492 3100 1525 ι
3149 1483 3205 1526 et
3250 1472 3394 1528 forte

1814 1564 1987 1634 jubilo
2017 1567 2263 1619 omnium
2297 1568 2541 1637 gentium
2592 1567 2961 1636 plaudentium
2994 1564 3262 1627 manibus,
3308 1563 3396 1631 ju-

1824 1657 2111 1713 bilantium
2148 1657 2263 1714 Deo
2300 1660 2352 1712 in
2396 1674 2529 1714 voce
2561 1660 2963 1715 exsultationis.
2998 1659 3131 1714 Cum
3176 1659 3259 1713 his
3295 1674 3395 1712 au-

1823 1758 1928 1804 tem
1964 1750 2127 1805 etiam
2160 1752 2459 1806 ascendere
2500 1751 2666 1806 Deum
2714 1752 2974 1806 arbitror.
3021 1751 3076 1805 Si
3094 1766 3229 1805 .vero
3275 1750 3397 1819 quis

158 1840 296 1898 Θεόν.
345 1842 468 1895 Ἐάν
505 1841 563 1895 δέ
597 1859 682 1905 τις
731 1841 894 1897 αὐτὸν
934 1844 1055 1915 αἰνῇ
1106 1844 1164 1897 ἐν
1212 1844 1330 1915 ἤχῳ
1384 1842 1710 1912 σάλπιγγος,

1844 1855 1945 1895 tum
1988 1840 2291 1896 laudaverit
2327 1842 2380 1896 in
2413 1856 2546 1896 sono
2576 1844 2737 1908 tubae,
2783 1843 2946 1897 etiam
2984 1843 3096 1913 ipse
3138 1842 3397 1898 ascendet

154 1932 243 1987 καὶ
281 1932 439 1997 αὐτὸς
486 1932 819 2006 ἀναϐήσεται
864 1936 893 1989 6
924 1934 1231 1991 ἀναϐαίνων
1284 1936 1344 1989 ἐν
1389 1937 1541 2007 φωνῇ
1592 1934 1719 1989 σάλ-

153 2041 355 2093 πιγγος.

224 2112 459 2168 Ψάλατε
487 2113 568 2180 τῷ
620 2114 742 2182 Θεῷ
789 2115 980 2186 ἡμῶν,
1022 2134 1077 2170 κ.
1105 2133 1157 2170 τ.
1202 2119 1250 2175 ἐ.
1292 2117 1598 2191 Έκατέρως
1639 2116 1719 2189 τῷ

149 2203 261 2276 Θεῷ
290 2205 420 2276 (61),
451 2206 539 2260 διά
558 2207 640 2273 τὸ,
677 2226 695 2260 ι
726 2208 976 2279 βασιλεὺς
999 2211 1181 2282 πάσης
1205 2210 1305 2282 τῆς
1342 2212 1445 2283 γῆς
1471 2213 1499 2265 6
1524 2210 1673 2275 Θεός.
1693 2231 1712 2264 ι

148 2297 220 2351 Τὸ
252 2316 268 2349 ι
298 2298 527 2363 συνετῶς
548 2318 567 2352 ι
604 2300 718 2354 ῐσον
749 2300 846 2372 τῷ,
860 2300 1065 2370 ψάλατε
1101 2301 1179 2373 τῷ
1219 2302 1314 2373 νῷ.
1349 2304 1505 2356 Ἔστι
1533 2302 1588 2356 δὲ
1624 2302 1717 2356 καὶ

147 2391 537 2462 προτρεπτικὸν
585 2394 665 2457 εἰς
716 2394 937 2462 γνῶσιν.
988 2396 1099 2449 Καὶ
1157 2395 1505 2450 ἐϐασίλευσεν
1542 2397 1601 2449 ἐν
1648 2398 1713 2467 τῇ

146 2479 373 2551 Χριστοῦ
422 2485 714 2554 παρουσίᾳ.
766 2484 967 2555 Θρόνος
997 2487 1054 2540 δὲ
1088 2487 1242 2556 ἅγιος
1275 2488 1409 2541 Θεοῦ
1460 2492 1508 2543 οἱ
1564 2489 1720 2559 βασι-

145 2568 415 2643 λευόμενοι
442 2573 533 2626 ὑπ’
557 2575 744 2644 αὐτοῦ,
775 2573 856 2641 οἷς
885 2576 1155 2649 ἐνίδρυται
1186 2581 1214 2632 6
1244 2580 1395 2643 Θεός.

216 2663 325 2718 Τοῦ
354 2666 560 2719 αὐτοῦ.
615 2668 706 2737 Τῷ
753 2668 894 2721 κατά
923 2668 1052 2720 Θεὸν
1087 2668 1195 2739 (62)
1229 2669 1553 2738 εὐθυμοῦντί
1595 2671 1714 2723 ἐστι

138 2752 199 2808 τὸ
228 2754 466 2825 ψάλλειν,
495 2758 635 2812 κατὰ
663 2760 721 2811 τό
740 2776 752 2789 ·
798 2778 815 2810 ι
845 2759 1088 2830 Εὐθυμεῖ
1118 2776 1231 2824 τις;
1264 2760 1533 2829 ψαλλέτω.
1560 2781 1581 2815 ι

218 2934 270 2988 '0
300 2935 445 3003 Θεὸς
492 2937 744 3006 κάθηται
788 2938 888 2991 ἐπὶ
928 2940 1144 3007 θρόνου
1188 2940 1362 3010 ἁγίου
1410 2941 1618 3007 αὐτοῦ,
1653 2960 1709 2998 κ.

128 3045 186 3081 τ.
213 3025 261 3082 ι.
286 3027 484 3100 Θρόνος
522 3028 621 3100 μὲν
648 3028 784 3083 Θεοῦ
825 3033 853 3083 6
896 3030 1005 3102 (65)
1050 3031 1319 3102 Χριστός*
1370 3033 1607 3105 Χριστοῦ
1656 3034 1713 3089 δὲ

125 3119 167 3190 ἡ
201 3117 361 3188 φύσις
390 3122 422 3191 ἡ
455 3120 670 3193 λογική.

206 3211 518 3280 Ἄρχοντες
563 3212 729 3267 λαῶν
771 3212 1177 3283 συνήχθησαν
1205 3213 1356 3284 μετὰ
1400 3214 1509 3269 τοῦ
1564 3215 1714 3272 Θεοῦ

140 3301 409 3373 Ἀϐραὰμ,
434 3303 522 3358 ὅτι
552 3304 661 3359 τοῦ
701 3305 849 3359 Θεοῦ
874 3309 930 3360 οὶ
956 3307 1220 3375 κραταιοὶ
1260 3306 1371 3375 τῆς
1416 3307 1529 3378 γῆς
1565 3311 1717 3378 σφό-

121 3393 241 3462 δρα
281 3394 658 3469 ἐπήρθησαν,
703 3416 757 3453 κ.
804 3416 856 3452 τ.
908 3399 955 3452 ἐ.
994 3400 1149 3452 Ὅσοι
1206 3401 1531 3469 συνάγονται
1599 3402 1711 3473 (64)

125 3484 274 3555 μετά
321 3486 414 3539 τοῦ
472 3487 749 3559 Ἀϐραάμ,
795 3484 941 3543 οὗτοι
988 3489 1087 3560 τὴν
1134 3490 1335 3559 γνῶσιν
1388 3491 1571 3561 ἔχουσι
1618 3492 1714 3546 τοῦ

136 3575 413 3649 Ἀϐραάμ.
442 3577 516 3633 Τὸ
547 3579 604 3633 δὲ
640 3597 659 3632 ι
689 3580 1034 3652 συνήχθησαν
1058 3601 1077 3634 ι
1115 3583 1237 3635 ἀντὶ
1262 3581 1355 3635 τοῦ
1401 3602 1419 3635 ι
1449 3582 1715 3655 συναχθή-

118 3682 367 3722 σονται.»
411 3671 543 3724 Ἀπὸ
577 3671 687 3745 γάρ
716 3671 825 3727 τῶν
849 3675 1170 3743 γεγονότων,
1198 3676 1381 3746 φησὶν,
1411 3678 1460 3729 οἱ
1498 3678 1714 3732 πάντων

114 3759 237 3814 τῶν
284 3761 454 3817 ἐθνῶν
512 3767 775 3837 ἄρχοντες
838 3768 960 3839 ἅμα
1034 3771 1165 3840 ἡμῖν
1229 3770 1583 3841 συναχθέντες
1633 3774 1713 3838 είς

117 3851 409 3924 ὑμνῳδίαν
442 3856 575 3910 Θεὸν
605 3858 898 3915 αἱνέσουσι.

198 3941 316 3995 Τοῦ
353 3945 559 3999 αὐτοῦ.
604 3946 673 3999 Εἴ
697 3964 781 4012 τις
813 3948 932 4002 ἐστὶ
974 3948 1087 4022 (65)
1131 3954 1393 4024 κραταιὸς
1441 3954 1542 4026 τῆς
1585 3956 1708 4026 γῆς,

103 4034 215 4088 τοῦ
251 4035 387 4089 Θεοῦ
420 4039 567 4093 ἐστιν
596 4040 832 4105 ἐκεῖνος’
867 4045 897 4096 ὁ
938 4042 1048 4116 γὰρ
1086 4045 1319 4119 ἀσθενής
1359 4048 1568 4102 οὐδέπω
1614 4050 1712 4103 αὑ-

100 4126 213 4181 τοῦ
246 4129 385 4183 ἐστι.
423 4131 699 4202 Κραταιὸς
730 4133 788 4187 δὲ
818 4123 919 4207 τῇς
976 4137 1084 4208 γῇς
1113 4139 1142 4191 6
1185 4140 1327 4194 κατά
1356 4141 1452 4195 τοῦ
1503 4144 1710 4214 φρονή-

103 4236 295 4290 ματος
340 4221 441 4292 τῆς
479 4223 681 4294 σαρκὸς
717 4230 1213 4301 κεκραταιωμένος.
1252 4231 1374 4286 Τῶν
1416 4233 1474 4286 ἐν
1522 4236 1589 4305 τῇ
1637 4237 1706 4306 γῇ

89 4311 398 4382 κραταιῶν
439 4316 546 4369 είσί
601 4335 746 4384 τινες
808 4322 903 4376 τοῦ
937 4324 1096 4391 Θεοῦ,
1143 4328 1339 4392 οἵτινες
1382 4329 1480 4400 οὐχ
1518 4330 1709 4396 ἁπλῶς

82 4403 465 4547 ίΞειιτήρθησαν,
514 4408 651 4464 ἀλλά
701 4412 937 4486 σφόδρα·
983 4417 1043 4471 οὐ
1098 4418 1347 4490 μέντοιγε
1394 4422 1711 4496 ὑπερεπήρ·

130 4511 317 4547 πσανδ

130 4511 249 4563 ησα
260 4511 317 4549 νδ

686 4679 980 4735 ΨΑΛΜΟΣ
1017 4685 1146 4737 MZ'.

172 4764 393 4836 Μέγας
437 4771 683 4837 Κύριος,
740 4772 839 4825 καὶ
892 4776 1126 4842 αἰνετός
1180 4779 1437 4849 σφόδρα,
1484 4804 1539 4841 κ.
1574 4805 1623 4842 τ.
1656 4792 1701 4846 ἐ.

85 4856 299 4909 Ὀπου
334 4856 621 4950 θεωρεῖται
674 4860 786 4932 (66)
834 4865 867 4934 ἡ
928 4866 1285 4940 μεγαλειότης
1332 4874 1426 4927 τοῦ
1474 4878 1702 4950 Κυρίου,

76 4950 231 5045 gxfz
268 4948 510 5045 μάλιξςτςξ
547 4951 719 5045 μέγας
751 4955 845 5045 καὶ
876 4957 1085 5020 αἰνετός
1134 4959 1279 5014 ἐστιν
1321 4964 1349 5015 6
1393 4948 1596 5038 Κύριος
1639 4975 1703 5045 τῇ

72 5039 269 5094 πόλει
331 5040 425 5094 τοῦ
481 5042 616 5095 Θεοῦ
675 5044 781 5097 ὑπὸ
840 5046 947 5099 τῶν
1005 5048 1583 5125 πολιτογραφηθέντων
1648 5039 1706 5118 tu

70 5132 275 5204 αὐτῇ.
321 5132 446 5188 Ἐὰν
474 5134 582 5205 ἄρα
626 5139 691 5208 τῇ
740 5137 892 5192 πόλει
936 5140 1028 5194 τοῦ
1080 5142 1213 5196 Θεοῦ
1266 5146 1499 5217 μάλιστα
1532 5152 1705 5223 μέγας

157 5298 183 5330 ⁶
219 5296 266 5353 Ι.
305 5298 501 5357 Thess.
531 5315 585 5357 ιν
611 5341 626 5370 ,
658 5302 746 5359 15.
822 5305 845 5337 ⁷
890 5304 1079 5363 Jacob.
1119 5324 1200 5376 Ill,
1234 5311 1320 5366 15.

348 5442 609 5525 Ἔδωκεν
656 5445 803 5516 ἡμῖν
836 5488 850 5512 ,
892 5456 1023 5525 εἰσ.
1078 5449 1259 5525 Codex
1315 5452 1707 5525 Coislinianus,

62 5513 338 5571 schedae
368 5513 556 5570 Grabii
587 5526 639 5570 et
666 5513 858 5572 catena
892 5518 1139 5575 Barbari.

159 5581 303 5724 :60)
346 5583 568 5653 Ὠσπερ
604 5591 635 5640 o’
657 5589 894 5667 Κύριος,
921 5599 1027 5647 etc.
1051 5592 1251 5646 Catena
1308 5594 1577 5653 Corderii.

192 5651 306 5724 61)
352 5653 674 5724 Ἐκατέρως
700 5676 780 5722 τῳ
801 5658 942 5724 Θεῷ,
970 5671 1073 5717 etc.
1116 5661 1317 5719 Eadem
1349 5668 1573 5723 Catena.

352 5651 674 5734 Έίιατέρως
700 5651 780 5734 τῷ
801 5651 942 5725 Θεῷ,
970 5671 1073 5734 etc.
1116 5661 1317 5719 Eadem
1349 5651 1573 5723 Catena.

160 5722 306 5807 (ἓξὲξ
350 5722 619 5807 16min
648 5722 816 5807 Θεόν,
848 5722 953 5807 etc.
987 5733 1210 5807 Schedre
1241 5736 1451 5795 Crabii.

159 5793 306 5867 (63)
342 5797 564 5868 Θρόνος
588 5800 705 5871 μὲν
741 5793 912 5869 Θεοῦ,
948 5812 1066 5859 etc.
1093 5803 1273 5861 Codex
1309 5793 1697 5881 Coislinianus,

1820 1932 1910 2003 qui
1940 1932 2187 1989 ascendit
2214 1934 2267 1991 in
2300 1948 2435 1992 voce
2468 1935 2627 1991 tubae.

1889 2110 2055 2167 Vens.
2094 2112 2145 2168 7.
2187 2113 2409 2169 Psallite
2453 2114 2559 2169 Dea
2597 2125 2795 2179 nostra,
2823 2122 2929 2169 etc.
2961 2113 3204 2181 Utroque
3234 2111 3393 2166 modo

1820 2202 1953 2271 Deo,
1989 2207 2113 2276 quia
2146 2224 2164 2257 ι
2208 2222 2302 2261 rex
2330 2209 2600 2263 universae
2634 2219 2796 2263 terra:
2830 2210 2989 2264 Deus.
3028 2226 3047 2259 ι
3087 2206 3219 2260 Illud
3252 2222 3270 2255 ι
3305 2219 3394 2259 sa-

1820 2298 2053 2368 pienter,
2093 2316 2112 2349 »
2150 2297 2293 2352 idem
2326 2307 2411 2353 est
2438 2299 2740 2368 ac,psallite
2786 2310 2985 2354 mente.
3029 2297 3170 2365 Quin
3200 2306 3257 2352 et
3303 2311 3399 2351 ex-

1822 2389 2057 2445 hortatio
2083 2399 2165 2444 est
2197 2391 2263 2444 ad
2290 2390 2723 2463 intelligentiam.
2742 2394 2807 2449 Et
2841 2395 3087 2466 regnavit
3112 2395 3165 2449 in
3195 2393 3397 2450 Christi

1818 2486 2074 2538 adventu.
2106 2485 2274 2542 Sedes
2312 2496 2492 2541 autem
2522 2498 2715 2543 sancta
2761 2490 2853 2544 Dei
2887 2498 3015 2545 sunt
3046 2488 3081 2543 ii
3113 2488 3203 2558 qui
3230 2501 3399 2560 regno

1817 2575 1935 2643 ejus
1966 2577 2215 2643 subsunt,
2250 2577 2448 2647 quibus
2484 2578 2624 2632 Deus
2660 2580 2883 2635 insidet.

1889 2665 2169 2734 Ejusdem.
2208 2666 2339 2735 Ejus
2380 2678 2467 2722 est
2495 2669 2727 2737 psallere
2767 2671 2857 2738 qui
2900 2672 3195 2725 secundum
3226 2668 3396 2725 Deum

1815 2768 1971 2823 aequo
2019 2756 2203 2810 animo
2250 2765 2356 2823 est,
2403 2756 2560 2827 juxta
2603 2758 2778 2814 illud:
2818 2776 2837 2811 ι
2883 2758 3065 2828 Equo
3096 2758 3278 2815 animo
3316 2766 3400 2813 est

1814 2844 1981 2915 quis?
2012 2846 2207 2914 psallat
2237 2846 2280 2901 ⁷.
2321 2866 2341 2901 ι

1887 2934 2056 2992 Vens.
2086 2937 2139 2993 9.
2186 2938 2329 2992 Deus
2360 2938 2506 2994 sedet
2536 2956 2693 3009 super
2717 2943 2889 2995 sedem
2922 2952 3161 2995 sanctam
3202 2958 3356 2997 suam
3380 2982 3397 3004 ,

1814 3038 1922 3086 etc.
1957 3030 2209 3087 Thronus
2239 3031 2332 3086 Dei
2357 3032 2637 3099 Christus;
2670 3033 2871 3087 Christi
2902 3048 3053 3098 vero,
3092 3033 3395 3089 rationabi-

1817 3121 1883 3176 Hs
1920 3131 2141 3176 natura.

1890 3216 2057 3271 Vens.
2103 3216 2191 3270 10.
2241 3215 2518 3288 Principes
2561 3218 2879 3288 populorum
2924 3218 3228 3288 congregati
3274 3225 3397 3271 sunt

1820 3325 1940 3362 cum
1972 3308 2078 3363 Deo
2119 3310 2410 3374 Abraham,
2442 3311 2694 3379 quoniam
2730 3310 2827 3363 Dei
2873 3311 3035 3379 [artes
3065 3321 3218 3363 terra?
3245 3309 3397 3363 vehe-

1816 3411 2017 3454 menter
2036 3399 2223 3454 elevati
2248 3411 2394 3465 sunt,
2426 3411 2533 3455 etc.
2561 3399 2661 3465 Qui
2700 3415 2823 3454 cum
2869 3400 3141 3454 Abraham
3172 3412 3398 3467 congre-

1814 3493 1923 3562 gati
1974 3501 2121 3559 sunt,
2154 3492 2208 3546 hi
2256 3493 2621 3562 cognitionem
2668 3492 2944 3546 Abraham
3004 3490 3230 3545 habent.
3261 3488 3397 3545 lllud

1817 3594 2024 3649 autem,
2055 3601 2075 3635 ι
2110 3583 2429 3653 congregati
2454 3591 2602 3647 sunt,
2628 3600 2646 3633 ι
2668 3583 2871 3637 dictum
2900 3590 2982 3635 est
3004 3595 3101 3649 pro
3124 3597 3142 3631 ι
3173 3594 3399 3647 congre-

1816 3676 2107 3744 gabuntur.
2165 3691 2185 3724 ι
2231 3672 2311 3729 Ob
2348 3687 2412 3727 ea
2459 3673 2605 3725 enim
2657 3688 2777 3742 qum
2812 3671 2960 3725 facta
2992 3681 3141 3738 sunt,
3201 3668 3395 3741 inquit,

1814 3766 2091 3837 principes
2136 3764 2377 3820 oumium
2412 3763 2656 3833 gentium
2697 3779 2802 3817 una
2855 3763 3137 3817 nobiscum
3167 3774 3398 3830 congre-

1816 3858 1925 3930 gati
1961 3857 2251 3911 laudabunt
2289 3856 2480 3909 Deum.

1887 3949 2165 4020 Ejusdem.
2193 3948 2247 4003 Si
2279 3948 2403 4017 quis
2440 3948 2510 4002 sit
2543 3946 2700 4002 fortis
2735 3957 2917 4014 terrae,
2969 3946 3152 4017 utique
3190 3944 3283 4000 Dei
3316 3952 3398 3998 est

1815 4043 1953 4099 ille':
1991 4057 2115 4095 nam
2151 4041 2241 4110 qui
2284 4040 2575 4095 imbecillis
2622 4040 2862 4105 exsistit,
2902 4040 2949 4094 is
3005 4040 3248 4093 nondum
3282 4037 3399 4107 ejus

1813 4143 1917 4190 est.
1965 4132 2146 4189 Fortis
2205 4140 2384 4187 autem
2437 4142 2595 4187 terra:
2649 4142 2734 4187 est
2786 4133 2830 4187 is
2877 4131 2967 4201 qui
3027 4139 3214 4186 contra
3266 4145 3399 4198 pru-

1813 4225 2051 4281 dentiam
2118 4225 2302 4280 carnis
2361 4226 2652 4280 roboratus
2711 4233 2825 4278 est.
2903 4221 3156 4278 Nonnulli
3239 4231 3398 4275 terra:

1812 4320 1985 4377 fortes
2034 4327 2161 4374 sunt
2205 4317 2335 4383 Dei,
2375 4316 2467 4387 qui
2514 4316 2772 4370 nimirum
2808 4330 2915 4369 non
2960 4312 3191 4382 simplici
3238 4314 3400 4364 modo

1813 4414 2009 4472 elevati
2058 4422 2205 4479 sunt,
2235 4411 2331 4467 sed
2365 4410 2756 4474 vehementer;
2808 4422 2912 4461 non
2956 4415 3137 4460 tamen
3165 4414 3397 4474 supere-

1626 4571 1633 4577 δ
1739 4511 1783 4565 D
1813 4508 1997 4563 levati.

2205 4689 2372 4760 716
2413 4684 2739 4744 PSALMUS
2788 4681 2997 4739 XLVII.

1892 4788 2051 4843 Vens.
2086 4784 2143 4838 Β.
2202 4782 2431 4852 Magnus
2484 4779 2762 4844 Dominus,
2815 4787 2861 4831 et
2896 4772 3184 4828 laudabilis
3216 4770 3393 4837 nimis,

1815 4889 1922 4937 etc.
1952 4879 2051 4935 Ubi
2088 4876 2419 4943 conspicitur
2452 4874 2766 4943 magnitudo
2792 4870 3025 4929 Domini,
3056 4867 3128 4921 ibi
3161 4865 3397 4919 maxime

1816 4987 2043 5042 magnus
2071 4978 2125 5025 ct
2176 4967 2470 5022 laudabilis
2501 4965 2716 5020 exsistit
2752 4964 3013 5019 Dominus
3037 4959 3241 5015 civitati
3273 4957 3393 5021 Dei,

1815 5066 1979 5121 abiis
2013 5065 2103 5134 qui
2151 5064 2202 5116 iu
2250 5061 2397 5115 illam
2438 5059 2663 5127 ascripti
2712 5064 2857 5112 sunt.
2894 5056 3026 5110 Cum
3070 5052 3234 5122 igitur
3260 5049 3395 5103 civi-

1817 5158 1912 5214 tati
1961 5156 2053 5211 Dei
2090 5154 2324 5209 maxime
2358 5166 2586 5221 umgnus
2616 5160 2671 5204 et
2714 5148 3003 5205 laudabilis
3029 5144 3257 5201 exsistat
3288 5139 3396 5193 Do-

1816 5466 1867 5512 et
1894 5453 2106 5509 sche‘tlm
2133 5453 2172 5507 G
2185 5452 2341 5507 rubii.

1882 5526 1996 5593 (64)
2036 5526 2198 5578 Ὅσοι
2233 5523 2622 5596 συνάγονται,
2650 5529 2753 5577 etc.
2821 5518 3049 5575 Schedze
3100 5515 3289 5575 Grabii
3339 5524 3397 5575 et

1808 5596 2009 5652 Catena
2054 5596 2297 5649 Barbari.

2029 5666 2101 5719 El
2124 5667 2376 5736 τιςιέστί,
2401 5674 2507 5722 etc.
2541 5666 2746 5721 Catena
2788 5661 3035 5719 Corderil
3076 5668 3131 5715 et
3175 5660 3399 5719 scheda!

1807 5738 2208 5883 ὼῗέὲίῶπυ
2241 5806 2555 5877 θεωρεῖται,
2596 5816 2703 5864 etc.
2741 5806 2943 5861 Catena
2977 5802 3246 5863 Corderii-
