3808 6522
133 377 237 429 I-HI

1005 364 1315 424 SELECTA
1349 364 1417 420 IN
1457 309 1906 420 PSALMOSf—
1948 361 2147 418 PSAL.
2170 362 2400 420 XLVIII.

3189 361 3330 417 1442

127 491 285 546 Καιοὶ
332 489 612 560 νοήσαντες
653 490 748 556 τὴν
800 485 935 537 Σιων
992 483 1282 537 κυκλοῦσιν
1335 481 1524 552 αὐτὴν,
1561 480 1654 533 καὶ

1774 476 2086 560 lant-illam,
2108 485 2164 532 et
2185 477 2622 548 complectuntur
2652 477 2854 547 ipsan.;
2898 483 2954 533 et
2975 476 3332 533 ascendentes

125 581 576 655 περιλαμϐάνουσιν
627 580 826 649 αὐτὴν·
881 577 974 631 καὶ
1021 576 1320 638 ἀναϐάντες
1382 573 1474 626 ἐπὶ
1529 573 1654 635 τοὺς

124 678 330 748 πύργους
374 674 578 745 αὐτῆς,
628 674 936 743 διηγοῦνται
997 669 1200 724 ἄνωθεν
1263 669 1374 730 τοῖς
1433 664 1657 736 μηδέπω

121 768 388 841 δυνηθεῖσιν
430 768 695 842 ἀναϐῆναι
727 767 817 820 ἐπὶ
871 765 996 828 τοὺς
1043 762 1284 834 πύργους
1334 760 1524 830 αὐτῆς,
1565 757 1656 809 λέ-

122 879 307 932 γοντεςο
329 860 490 914 Θέσθε
532 860 628 923 τὰς
660 859 886 930 καρδίας
910 855 1087 926 ὑμῶν,
1113 855 1218 920 ἵνα,
1238 851 1533 920 κατανοῆτε
1561 853 1659 920 τὴν

121 957 316 1027 δύναμιν
361 953 546 1018 αὑτοῦ,
586 954 680 1005 καὶ
722 951 949 1012 ἕκαστος
987 948 1052 1000 δι’
1097 941 1171 1000 ὧν
1220 945 1450 1016 πράττει
1505 942 1657 996 πολι-

121 1024 371 1120 τευόμενος
418 1046 574 1111 ἀξίαν
610 1045 708 1116 τὴν
757 1045 973 1115 μνήμην
1007 1040 1146 1112 λάϐῃ
1196 1039 1294 1108 τῆς
1334 1036 1476 1091 κατὰ
1527 1024 1661 1089 διαιέ

125 1143 300 1214 ρέσεως
320 1141 411 1212 τῆς
443 1139 648 1202 πόλεως
700 1139 768 1190 Ἦ
803 1136 895 1189 καὶ
927 1134 1122 1198 οὓτως·
1153 1132 1259 1204 Τῆς
1293 1129 1519 1200 γνώμης
1559 1128 1658 1198 τῆς

121 1232 541 1306 ἐκκλησιαστικῆς
596 1227 956 1298 σκοπευτικῆς
1006 1225 1172 1296 οὔσης
1218 1225 1318 1295 τῆς
1368 1221 1656 1293 ἀληθείας,

119 1329 202 1382 καὶ
229 1328 306 1381 διὰ
329 1325 481 1378 τοῦτο
511 1322 650 1377 Σιὼν
685 1321 1047 1391 καλουμένης,
1091 1314 1451 1388 περιληπτέον
1493 1313 1660 1382 αὐτῆς

115 1423 167 1473 ὲν
197 1419 380 1490 διανοίᾳ
425 1417 491 1470 τὰ
520 1417 786 1487 δόγματα.
836 1408 1303 1483 Ἐπιστημονικῶς
1337 1407 1513 1460 τοίνυν
1561 1423 1661 1457 κα-

114 1513 440 1584 τανοήσαντες
487 1510 585 1580 τὴν
638 1507 841 1577 ταύτης
889 1503 1270 1567 διδασκαλίαν,
1311 1497 1662 1569 διαιρετικῶς

115 1605 319 1658 ἕκαστον
366 1599 664 1668 ἐξετάζετε.
702 1595 1039 1670 Βάρειςγὰρ
1078 1593 1244 1663 αὐτῆς
1279 1593 1349 1644 αἶ’
1385 1590 1504 1642 καθ’
1534 1588 1663 1640 ἕκα-

121 1715 232 1750 στον
275 1694 516 1765 θεωρίαι,
568 1694 625 1745 ὲν
673 1684 760 1754 αἷς
810 1690 949 1742 οἰκεῖ
992 1686 1092 1757 τῆς
1143 1683 1420 1744 εὐσεϐείας
1465 1679 1532 1733 τὰ
1581 1677 1664 1732 δό-

118 1806 306 1860 γματα.
339 1789 444 1841 Καὶ
480 1785 600 1839 ἐπεὶ
639 1787 672 1856 ἡ
707 1782 942 1855 προτέρα
973 1779 1153 1849 γενεὰ,
1182 1779 1215 1849 ἡ
1247 1777 1344 1848 τὴν
1383 1773 1536 1827 πόλιν
1571 1771 1663 1824 καὶ

1759 569 1876 640 ejus
1921 566 2124 634 turres,
2174 577 2401 624 narrant
2429 570 2661 639 desuper
2701 569 2770 624 iis
2807 568 2906 639 qui
2942 568 3170 625 necdum
3213 569 3332 640 ejus

1759 669 1938 716 turres
1992 670 2220 730 possunt
2270 661 2588 728 ascendere,
2622 662 2901 717 dicentes-2
2940 659 3135 720 Ponite
3161 663 3330 716 corda

1759 760 1962 821 vestra,
1992 762 2052 806 ut
2077 751 2400 823 intelligatis
2423 755 2680 808 virtutem
2709 754 2846 824 ejus,
2868 765 2924 812 et
2960 757 3330 826 unusquisque

1760 859 1856 913 per
1887 859 1948 899 ea
1975 858 2092 914 qua:
2126 844 2232 913 agit
2261 844 2565 911 institutus,
2599 847 2815 918 dignam
2837 847 3152 902 memoriam
3184 847 3323 903 obti«

1762 943 1889 989 neat
1913 934 1964 988 in
2001 935 2387 989 distributione
2413 935 2677 992 civitatis.
2709 938 2804 992 Vel
2835 939 2998 993 etiam
3043 939 3123 994 sic
3159 941 3329 996 :Cum

1759 1027 2006 1084 Ecclesia
2034 1029 2092 1083 in
2122 1029 2358 1083 veritate
2398 1031 2812 1101 contemplanda
2854 1042 3131 1099 versetur,
3154 1044 3210 1088 et
3252 1033 3305 1087 id

1760 1118 1912 1173 circo
1944 1116 2075 1173 Sion
2113 1127 2480 1188 nuncupetur,
2509 1121 2764 1188 dogmata
2803 1121 2920 1188 ejus
2968 1131 3150 1177 mente
3178 1138 3330 1178 com-

1762 1209 2040 1280 plectenda
2073 1221 2220 1265 sunt.
2265 1210 2416 1267 Scite
2448 1212 2617 1282 igitur
2647 1213 3098 1283 doctrinam‘ojus
3129 1230 3330 1284 expen-

1763 1303 1969 1367 dentes,
2004 1302 2258 1357 distincte
2305 1305 2512 1375 siugula
2559 1309 2902 1361 examinate.
2936 1307 3138 1362 Domus
3185 1307 3330 1361 enim

1758 1393 1879 1462 ejus
1916 1403 2042 1449 sunt
2071 1395 2297 1466 singula:
2329 1398 2838 1468 contemplationes,
2871 1400 2922 1452 in
2952 1401 3150 1468 quibus
3181 1414 3334 1454 com-

1764 1481 2049 1542 morantur
2073 1491 2324 1559 dogmata
2355 1491 2591 1560 pietatis.
2621 1491 2684 1545 Et
2709 1507 2830 1545 cum
2862 1491 3008 1561 prior
3034 1493 3333 1560 generatio,

1763 1597 1883 1652 quae
1915 1582 2192 1639 civitatem
2221 1591 2278 1638 et
2328 1585 2590 1638 virtutem
2643 1584 2759 1655 ejus
2790 1592 3095 1653 receperat,
3133 1583 3336 1654 iniqui-

1767 1676 1892 1729 tatis
1925 1676 2174 1730 conv‘iCta
2226 1675 2332 1742 sit;
2365 1675 2455 1730 ubi
2504 1675 2863 1745 exploratam
2892 1675 3194 1731 habueritis
3240 1691 3338 1747 po-

1768 1768 1990 1820 tentiam
2034 1766 2292 1832 civitatis,
2317 1775 2373 1821 et
2409 1766 2702 1822 diviseritis
2736 1769 2924 1822 domos
2963 1767 3102 1838 ejus,
3134 1782 3338 1834 cogno-

107 1883 199 1955 τὴν
236 1883 449 1952 δύναμιν
501 1878 669 1948 αὐτῆς
702 1872 1112 1948 παραλαϐοῦσα,
1144 1867 1354 1940 πονηρὰ
1398 1865 1494 1935 ὴλέ
1511 1862 1662 1934 γχθη,

1774 1859 1934 1912 scetis
1967 1859 2310 1913 vocationem
2342 1867 2679 1925 sanctorum,
2727 1874 2845 1928 quae
2875 1868 2958 1914 est
2979 1859 3146 1914 altera
3180 1874 3338 1928 gene-

107 1977 472 2047 ἐπιστήσαντες
517 1975 582 2044 τῇ
633 1970 854 2040 δυνάμει
886 1967 985 2037 τῆς
1023 1963 1250 2025 πόλεως,
1286 1959 1380 2012 καὶ
1415 1955 1662 2011 καταδιε-

106 2071 274 2136 λόντες
318 2071 414 2134 τὰς
462 2068 648 2140 βάρεις
698 2063 889 2133 αὐτῆς,
942 2058 1214 2131 γνώσεσθε
1259 2053 1327 2106 τὰ
1385 2050 1513 2121 περὶ

106 2164 333 2234 κλήσεως
359 2135 474 2214 τῶν⁷
503 2135 841 2228 ἁγίων,ςῆτις
887 2153 1034 2210 ἐστὶν
1085 2146 1248 2226 έτέρα
1297 2140 1459 2234 γενεὰ
1510 2135 1663 2208 παρὰ

103 2257 198 2327 τὴν
223 2255 481 2328 προτέραν
501 2271 513 2284 ⁸
551 2251 707 2324 εἴπερ
739 2250 830 2304 καὶ
854 2241 1202 2317 διηγήσεσθε,
1227 2239 1309 2291 ὅτι
1334 2230 1488 2298 οὗτός
1517 2235 1663 2285 ἐστιν

102 2348 130 2402 ὁ
159 2322 303 2410 Θεὸς,
336 2347 362 2399 ὁ
385 2322 470 2396 ⁷τὰ
501 2322 874 2416 προειρημένα
918 2331 1196 2408 παράδοξα
1227 2327 1480 2397 ποιήσας,
1523 2322 1662 2416 dmo-

103 2436 274 2492 ϐαλὼν
311 2437 404 2508 τὴν
443 2433 713 2506 προτέραν
765 2428 977 2500 γενεὰν,
1032 2423 1248 2486 αἰώνιος
1294 2421 1390 2483 ὢν,
1433 2417 1525 2471 καί
1575 2414 1662 2468 ἀεὶ

1767 1951 1910 2005 ratio
1962 1965 2124 2020 quam
2179 1952 2373 2022 prior,
2423 1952 2690 2022 siquidem
2728 1954 2895 2007 etiam
2945 1953 3337 2009 annuntiabilis

1769 2042 2026 2112 quoniam
2050 2043 2140 2098 hic
2173 2051 2254 2098 est
2289 2043 2454 2111 Deus,
2479 2030 2570 2112 qui
2614 2046 2866 2113 praedicta
2896 2043 3160 2098 mirabilia
3185 2045 3334 2108 fecit,

1769 2135 2022 2204 rejiciens
2055 2124 2290 2204 priurem
2324 2123 2753 2206 generationem,
2798 2131 2920 2190 cum
2953 2129 3039 2191 'sit
3081 2146 3336 2203 aeternus,

1769 2235 1825 2279 et
1861 2240 2074 2294 semper
2120 2225 2310 2279 eodem
2335 2227 2511 2280 modo
2551 2241 2610 2282 se
2655 2227 2880 2283 habeat.
2930 2227 2995 2282 Et
3028 2229 3144 2298 ipse
3186 2237 3340 2299 reget

1769 2331 1890 2379 nos,
1921 2317 2074 2385 juxta
2116 2316 2248 2371 illud
2297 2331 2309 2364 :
2363 2335 2382 2368 ι
2437 2316 2652 2372 Statuet
2701 2327 2756 2373 et
2801 2316 3022 2382 videbit,
3063 2329 3120 2374 et
3152 2328 3341 2390 pascet

1768 2424 1984 2479 gregem
2011 2425 2167 2463 suum
2201 2409 2253 2463 in
2288 2408 2605 2465 fortitudine
2642 2409 2898 2466 Dominus
2937 2412 2998 2463 ‘°.
3032 2427 3076 2475 i_
3169 2440 3178 2452 ι
3219 2445 3225 2455 ι
3333 2427 3340 2435 '

101 2530 347 2593 ὡσαύτως
377 2529 532 2600 ἔχων.
572 2527 682 2579 Καὶ
717 2523 877 2586 αὐτὸς
913 2521 1165 2591 ποιμανεῖ
1198 2516 1342 2588 ἡμᾶς
1387 2509 1528 2566 κατὰ
1564 2508 1624 2562 τό
1645 2525 1689 2558 ο(
1720 2505 1982 2577 Στήσεται
2030 2505 2124 2558 καὶ
2168 2504 2380 2576 ὄψεται,
2414 2506 2508 2561 καὶ
2542 2509 2798 2577 ποιμανεῖ
2845 2507 2913 2559 τὸ
2941 2500 3201 2578 ’ποίμνιον
3253 2506 3340 2562 αὐ-

98 2627 190 2679 τοῦ
217 2628 271 2680 ἐν
301 2626 438 2696 ἰσχύϊ
473 2622 696 2694 Κύριος.
726 2639 746 2673 ι

167 2722 269 2775 Καὶ
319 2719 736 2773 καταδιέλεσθε
765 2717 885 2794 ,τὰς
926 2712 1138 2779 βάρεις
1185 2705 1398 2773 αὐτῆς,
1433 2722 1488 2758 κ.
1518 2703 1660 2794 1.}:

93 2812 279 2865 Ταῦτα
323 2809 650 2881 πληροῦνται
695 2791 804 2876 (75)
839 2803 932 2856 ἐπὶ
978 2803 1086 2889 τῶγ
1136 2797 1392 2889 μαθητῶν
1445 2790 1663 2886 μεριζοι

93 2906 267 2974 μένων
296 2901 388 2972 τὴν
421 2900 765 2971 οἰκουμένην,
791 2897 882 2950 ἐπὶ
914 2885 992 2966 τῷ
1023 2883 1400 2965 διηγήσασθαι,
1427 2883 1508 2941 ὅτι
1532 2886 1666 2957 Χρι-

89 2999 216 3061 στός
248 2999 388 3049 ἐστιν
413 2997 441 3048 ὀ
467 2993 596 3058 Θεὸς
621 2995 654 3064 ἡ
665 2992 780 3064 μῶν
809 2991 838 3042 ὁ
871 2987 1177 3059 ποιμαίνων
1208 2985 1375 3055 ἡμᾶς.

639 3172 934 3229 ΨΑΛΜΟΣ
971 3170 1113 3224 MH'.
1695 3164 1738 3222 C

162 3277 265 3340 Εὶς
301 3272 368 3327 τὸ
397 3271 591 3336 τέλος,
628 3268 754 3334 τοῖς
785 3265 936 3331 υἱοῖς
969 3261 1122 3331 Κορὲ
1167 3259 1428 3330 ψαλμός.
1465 3253 1666 3311 Ἀκού-

77 3384 237 3424 σατε
291 3365 506 3428 ταῦτα,
549 3361 745 3415 πάντα
787 3358 857 3412 τὰ
912 3357 1090 3424 ἔθνη,
1144 3371 1198 3410 κ.
1242 3369 1292 3406 τ.
1339 3353 1384 3403 ὲ.
1433 3349 1667 3422 Δύναται

77 3459 169 3521 είς
209 3455 315 3527 (76)
353 3456 451 3526 τὴν
486 3453 716 3506 ἑκάστου
759 3451 913 3520 νίκην
947 3436 1153 3502 τῶν-ὲν
1181 3438 1276 3514 τῷ
1306 3436 1668 3514 ἀγωνίζεσθαι

76 3548 362 3604 νικώντων
395 3543 762 3616 ἀναφέρεσθαι
785 3543 819 3613 ἠ
850 3539 1151 3610 ἐπιγραφή.
1189 3537 1262 3590 Τὸ
1296 3536 1374 3600 δὲ,
1422 3553 1440 3586 t
1482 3533 1669 3587 Ἀκού-

77 3656 244 3703 σατε,
271 3657 288 3689 ι
327 3636 562 3708 Χριστοῦ
615 3635 796 3706 φωνὴ,
831 3633 1012 3686 πάντα
1044 3631 1111 3684 τά
1145 3628 1267 3682 ἐθντ
1326 3625 1666 3700 προσκαλουο·

75 3736 276 3805 μένου,
331 3732 424 3785 τοῦ
486 3731 725 3791 εἰπόντος
749 3744 763 3759 ·
816 3745 834 3777 t
863 3725 1025 3778 Δεῦτε
1079 3722 1216 3794 πρὸς
1251 3721 1339 3793 μὲ,
1377 3719 1575 3781 πάντες
1617 3719 1666 3770 οί

71 3825 411 3887 κοπιῶντες.
437 3842 455 3874 ι
495 3821 602 3874 Καὶ
633 3822 753 3874 ἐπεὶ
785 3817 893 3872 ἀπὸ
925 3816 1025 3885 τῆς
1062 3814 1264 3878 λέξεως
1295 3811 1403 3864 τῶν
1436 3808 1669 3882 Γραφῶν

63 3918 450 3988 οἰκοδομεῖται
480 3913 572 3968 καὶ¹
601 3909 964 3981 ἁπλούστερον
999 3907 1240 3976 γηγενής
1268 3921 1351 3980 τις
1377 3903 1471 3956 καὶ
1501 3901 1670 3971 πένης

61 4013 180 4075 ὢν,
210 4009 503 4080 ὠφελεῖται
535 4008 590 4061 δὲ
624 4005 822 4076 μᾶλλον
853 3995 950 4070 καλ
976 4004 1004 4054 ὁ
1035 3988 1330 4053 διαϐαίνειν
1371 3994 1670 4064 δυνάμενος

63 4104 179 4157 ἐπὶ
230 4103 301 4155 τὰ
355 4097 733 4170 πνευματικά,
770 4095 882 4158 υίὸς
933 4091 1222 4164 ἀνθρώπου
1274 4091 1368 4144 καὶ
1417 4087 1672 4150 πλούσιος

57 4197 402 4267 τυγχάνων,
442 4192 527 4246 διὰ
574 4191 730 4245 τοῦτο
776 4190 892 4261 ἅμα
931 4188 1026 4241 καὶ
1057 4185 1149 4239 ἐπὶ
1184 4183 1247 4238 τὸ
1274 4183 1407 4237 αὐτὸ
1440 4182 1669 4245 πάντας,

56 4293 157 4354 ὡς
199 4285 295 4340 ἐπὶ
325 4285 423 4357 τὴν
451 4284 710 4347 ἑστίασιν,
741 4281 838 4352 τὴν
870 4281 1131 4352 ἀκρόασιν
1163 4276 1335 4330 καλεῖ.
1378 4275 1442 4327 Ἡ
1475 4275 1568 4328 ἐπὶ
1612 4272 1673 4325 τὸ

54 4381 216 4437 αὐτὸ
268 4378 462 4449 κλῆσις
498 4373 746 4428 πλουσίου
789 4371 884 4426 καὶ
919 4371 1151 4441 πένητος
1182 4368 1274 4421 ἐπὶ
1319 4367 1542 4436 ἰσότητα
1576 4364 1672 4418 καὶ

50 4467 334 4536 ἀτυφίαν
388 4465 773 4536 προσκαλεῖται
836 4462 1002 4532 ἡμᾶς.
1062 4460 1222 4529 Τρεῖς
1295 4458 1352 4511 δὲ
1409 4454 1560 4509 εἶπεν
1616 4455 1674 4519 ἐξ

1845 2695 2014 2748 Vens.
2065 2691 2154 2747 Il.
2195 2686 2261 2746 Et
2305 2694 2608 2749 distribuite
2653 2695 2835 2749 domos
2889 2695 3025 2764 ejus,
3073 2702 3179 2751 etc.
3216 2693 3340 2749 [hec

1768 2789 2038 2858 completa
2079 2795 2206 2840 sunt
2249 2787 2300 2840 in
2355 2787 2661 2856 discipulis,
2695 2788 2788 2857 qui
2829 2788 2932 2843 sibi
2957 2789 3144 2843 orbem
3171 2796 3341 2844 terra-

1772 2895 1890 2935 rum
1932 2880 2231 2934 diviserunt
2259 2889 2318 2932 ut
2357 2889 2683 2936 enarrarenl
2705 2879 2987 2936 Christum
3019 2895 3139 2938 esse
3173 2879 3340 2936 Deum

1776 2982 2024 3028 nostrum
2052 2971 2144 3040 qui
2172 2971 2348 3041 pascit
2381 2987 2498 3027 nos.

2211 3149 2590 3209 "‘PSALMUS
2623 3150 2853 3207 XLVIII.

1848 3243 2167 3304 Vens/I32.
2200 3245 2268 3302 In
2308 3247 2489 3315 ﬁnem,
2519 3245 2647 3313 ﬁliis
2696 3243 2832 3298 Core
2853 3241 3110 3314 psalmus.
3150 3241 3344 3297 Audite

1768 3340 1914 3410 h'a'c,
1936 3357 2114 3396 omnes
2148 3352 2349 3410 gentes,
2374 3351 2478 3395 etc.
2515 3337 2700 3394 Potest
2733 3337 3017 3408 inscriptio
3053 3335 3243 3392 referri
3276 3334 3342 3389 ad

1769 3428 2062 3502 cujuslibet
2084 3433 2310 3487 victoris
2343 3433 2393 3484 in
2439 3430 2831 3485 certaminibus
2861 3425 3178 3483 victoriam.
3203 3423 3341 3481 Illud

1777 3536 1984 3592 autem,
2019 3544 2038 3575 ι
2080 3525 2297 3591 Audite,
2335 3543 2353 3576 ι
2387 3524 2584 3579 Christi
2629 3537 2730 3576 vox
2787 3531 2888 3586 est,
2937 3533 3126 3575 omnes
3154 3526 3345 3588 gentes

1771 3617 2058 3672 invitantis
2098 3631 2164 3673 ac
2187 3617 2462 3672 dicentis:
2497 3633 2516 3666 ¢
2554 3612 2748 3668 Venite
2781 3613 2851 3667 ad
2893 3625 3000 3679 me,
3035 3623 3224 3665 omnes
3252 3607 3344 3680 qui

1770 3707 2036 3766 laboratis
2067 3711 2133 3764 η.
2173 3729 2191 3762 ι
2227 3709 2292 3763 Et
2334 3707 2597 3779 “‘quoniam
2641 3707 2873 3763 lectione
2926 3705 3342 3775 Scripturarum

1770 3811 1937 3864 etiam
1960 3796 2262 3874 simplicius
2287 3802 2600 3857 instituitur
2633 3801 2678 3856 is
2701 3802 2791 3870 qui
2828 3800 3094 3868 terrigena
3125 3803 3179 3854 'et
3207 3813 3344 3870 pau-
3438 3791 3444 3796 ’

1767 3893 1871 3973 per
1902 3897 2137 3962 exsistit,
2164 3895 2286 3965 plus
2313 3910 2441 3950 vero
2472 3892 2604 3949 lucri
2641 3893 2784 3962 capit
2811 3891 2900 3961 qui
2932 3891 2998 3946 ad
3037 3891 3202 3960 718
3232 3890 3345 3959 spi-

1771 3993 1954 4047 ritalia
1987 3991 2130 4046 valet
2161 3989 2568 4052 transcendere,
2599 3985 2761 4041 ﬁlius"
2795 3981 3036 4040 hominis
3079 3999 3142 4038 ac
3168 3983 3342 4046 dives,

1774 4086 1978 4140 idcirco
2005 4081 2165 4138 simul
2214 4091 2269 4136 et
2306 4081 2359 4135 in
2393 4069 2783 4134 unu'm‘oinnes
2811 4078 2877 4132 ad
2913 4074 3347 4139 auscultandum,

1774 4192 1880 4231 nou
1917 4184 2274 4252 secus'atque
2325 4171 2393 4226 ad
2445 4170 2780 4234 convivium,
2840 4167 3058 4222 invitat.
3119 4165 3246 4242 Haec
3292 4164 3347 4219 in

1775 4285 1943 4323 unum
1977 4267 2160 4322 divitis
2189 4281 2251 4322 ac
2287 4264 2542 4336 pauperis
2589 4263 2859 4327 invitatio,
2886 4261 2953 4316 ad
2982 4259 3348 4329 aequalitatem

1775 4370 1829 4415 et
1858 4360 2030 4415 fastus
2071 4358 2464 4428 depositionem
2497 4369 2594 4411 nos
2625 4355 2969 4410 adhortatur.
3003 4351 3139 4406 Tres
3165 4359 3346 4404 autem

1777 4451 2063 4521 oppositas
2107 4449 2287 4518 posuit
2315 4449 2771 4513 combinationes,
2809 4454 2998 4514 gentes
3043 4449 3094 4517 et
3121 4441 3349 4511 terrige-

47 4526 338 4624 ἐναντίας
374 4526 656 4626 συζυγίας,
681 4555 805 4626 ἔθνη
837 4526 930 4607 καὶ
976 4526 1249 4623 γηγενεῖς,
1289 4550 1543 4603 πλούσιον
1579 4550 1662 4602 καλ

1779 4557 1899 4608 nas,
1931 4541 2153 4596 divitem
2179 4549 2232 4596 et
2259 4553 2576 4610 pauperem,
2609 4533 2797 4592 orbem
2826 4545 3094 4590 terrarum
3128 4527 3182 4588 et
3209 4531 3348 4587 liiios

46 4659 332 4728 πένητα,
367 4652 694 4722 οἰκουμένην
735 4649 827 4702 καὶ
870 4644 1019 4708 υἱοὺς
1055 4643 1376 4716 ἀνθρώπων.
1415 4643 1478 4695 Οἱ
1513 4641 1672 4694 ἀλλό-

45 4764 223 4819 τριοι
261 4747 366 4816 τῆς
401 4744 633 4805 πίστεως
665 4739 751 4792 διὰ
783 4738 890 4791 τῶν
933 4736 1104 4790 ἐθνῶν
1149 4735 1473 4807 ἐκλήθησαν.
1507 4735 1570 4786 Οἱ
1617 4735 1674 4816 ὲν

34 4841 132 4909 τῇ
214 4834 524 4907 Ἐκκλησία.
584 4832 720 4886 εἰσὶν
782 4831 830 4883 οἱ
890 4827 1268 4890 κατοικοῦντες
1327 4826 1424 4899 τὴν
1492 4812 1671 4880 obtes-

48 4927 279 5000 μένην.

149 4992 234 5072 Τό
307 5017 508 5085 στόμα
555 5033 675 5084 μου
729 5011 987 5077 λαλήσει
1040 5009 1287 5080 σοφίαν,
1337 5009 1438 5064 καὶ
1493 5011 1530 5079 ἡ
1567 4992 1672 5078 ys-

31 5119 225 5178 λέτη
245 5158 248 5161 .
270 5110 390 5180 τῆς
421 5108 666 5177 καρδίας
691 5125 808 5176 μου
841 5107 1116 5160 σύνεσιν.
1150 5103 1346 5156 Κλινῶ
1375 5104 1463 5168 εἰς
1499 5117 1677 5170 παρα-

27 5203 278 5272 ϐολὴν
312 5201 383 5256 τὸ
418 5197 523 5267 οὖς
551 5216 699 5270 μονυο
728 5197 948 5262 ἁνοίξω
971 5197 1040 5249 ἐν
1077 5195 1388 5264 ψαλτηρίῳ
1427 5193 1490 5247 τὸ
1530 5195 1674 5260 apd-

23 5294 284 5366 ϐλημά
325 5312 470 5364 μου,
505 5311 558 5347 κ.
586 5310 635 5345 τ.
665 5294 710 5345 ὲ.
757 5288 995 5360 Χριστοῦ
1030 5287 1090 5342 τὸ
1124 5288 1298 5359 στόμα
1331 5285 1442 5357 (77)
1481 5286 1675 5354 σοφίαν

21 5391 252 5446 λαλεῖ.
293 5383 536 5442 Εἱσὶδὲ
568 5385 745 5455 στόμα
795 5380 1031 5453 Χριστοῦ
1080 5383 1128 5434 οἱ
1164 5383 1258 5434 τὸν
1306 5379 1464 5448 λόγον
1514 5376 1677 5431 αὑτοῦ

21 5479 492 5543 διακονοῦντες,
527 5478 575 5531 οἱ
617 5475 673 5528 δὲ
723 5474 900 5528 λοιποὶ
949 5473 1009 5525 τὸ
1045 5471 1230 5524 λοιπὸν
1277 5466 1443 5522 αὑτοῦ
1497 5466 1679 5537 σῶμα.

21 5573 175 5628 Καὶ
257 5571 319 5625 εἰ
380 5570 498 5624 ἐστι
553 5567 748 5640 μελέτη
780 5564 1044 5632 σύνεσις,
1103 5563 1186 5626 τίς
1242 5557 1678 5634 ή-ὲπαγγελία;

107 5689 189 5725 ·¹⁰
237 5691 320 5746 Is.
365 5705 462 5754 XL,
497 5687 582 5744 II.
661 5685 703 5716 ¹¹
743 5682 931 5737 Matth.
966 5697 1045 5748 ιι,
1073 5679 1164 5738 28.

127 5787 273 5858 ('75-;
319 5785 526 5858 Ταῦτα
548 5781 938 5852 πληροῦνται,
977 5787 1085 5834 etc.
1124 5775 1328 5833 Catena
1371 5771 1596 5831 Barbari
1626 5778 1682 5826 et

21 5857 308 5920 schedm
336 5857 556 5914 Grabii.

1777 4633 2080 4688 hominum.
2133 4633 2172 4686 A
2233 4633 2337 4685 ﬁde
2377 4630 2538 4684 alieni
2593 4643 2692 4698 per
2741 4636 2934 4697 gentes
2971 4625 3143 4679 vocati
3197 4629 3345 4678 sunt.

1779 4727 1882 4793 Qui
1919 4727 1969 4780 in
2028 4725 2624 4788 Ecclesia-versantur,
2676 4719 2733 4774 hi
2759 4729 2886 4775 sunt
2913 4718 3006 4788 qui
3040 4715 3347 4772 inhabitant

1777 4824 1986 4878 orbem.

1857 4999 2018 5055 Vens.
2043 4997 2164 5072 αῖς.
2204 4994 2277 5050 Os
2310 5008 2479 5048 meum
2522 4986 3128 5071 loquetur-sapientiam,
3154 4992 3203 5037 et
3239 4997 3353 5035 me-

1781 5093 1971 5147 ditatio
1999 5067 2174 5145 cordis
2207 5090 2306 5142 mei
2344 5067 2704 5157 prudentiam.
2748 5081 3029 5138 Inclinabo
3055 5079 3109 5130 in
3126 5074 3352 5145 parabo-

1782 5189 1889 5242 lant
1933 5203 2115 5239 aurem
2146 5200 2310 5237 meam
2341 5199 2358 5234 :
2385 5169 2618 5250 aperi-am
2651 5179 2708 5232 in
2746 5174 2994 5246 psalterio
3042 5169 3353 5239 propositio-

1783 5296 1898 5332 nem
1931 5293 2135 5339 nteant,
2189 5270 2419 5330 etc.'Os
2467 5272 2672 5327 Christi
2724 5268 2966 5338 Io'quitur
3004 5259 3351 5331 sapientiam.

1779 5372 1918 5425 Sunt
1947 5377 2124 5422 autem
2157 5381 2220 5420 os
2267 5365 2467 5421 Christi
2497 5362 2588 5434 qui
2633 5371 2939 5417 sermonem
2971 5351 3090 5421 ejus
3115 5351 3354 5436 admini-

1776 5471 1953 5518 strant
1982 5501 1998 5523 ,
2049 5459 2228 5514 caeteri
2263 5468 2443 5513 autem
2484 5463 2612 5509 sunt
2659 5454 2928 5522 reliquam
2980 5439 3180 5517 cdrp'us
3206 5443 3352 5512 ejus.

1779 5555 1934 5624 Quod
1983 5554 2030 5610 si
2082 5553 2368 5608 meditatio
2399 5551 2470 5604 sit
2499 5546 2811 5618 prudentia,
2844 5556 3094 5614 quaenam
3113 5527 3230 5594 erit
3259 5551 3357 5591 an-

1858 5765 1970 5836 (76)
1994 5765 2248 5836 Δύναται
2284 5763 2392 5836 εἰς,
2421 5765 2529 5836 εις.
2557 5754 2762 5836 Catena
2782 5748 3054 5836 Eorderlt‘:

2289 5815 2610 5897 τὸ”στόμα,
2640 5831 2748 5881 etc.
2786 5820 2990 5886 Eadem
3022 5815 3248 5876 Catena.
