3944 6386
537 247 679 306 ηᾶὅ

1943 239 2034 294 ex
2061 219 2379 295 'omema

3650 245 3753 304 un

539 358 858 416 nuntiatio?
890 359 1119 427 Quando
1165 357 1660 414 meditatiocordis
1683 355 1970 427 prudentia
2003 362 2087 411 est

2220 352 2386 407 Ὅταν
2432 355 2466 424 ἡ
2532 352 2728 424 μελέτη
2783 352 2882 422 τῆς
2929 351 3154 425 καρδίας
3219 353 3434 420 σύνεσις
3489 357 3647 422 ἐστιν,
3680 364 3754 416 οὒκ

533 468 640 510 non
691 455 1045 526 egrediuntur
1081 453 1150 507 ab
1191 451 1488 506 intrinseco
1516 453 1700 508 cordis
1753 452 2110 523 cogitationes

2218 427 2529 513 ἐξέρχονται
2561 441 2762 495 ἔσωθεν
2796 441 2906 496 ἀπὸ
2935 443 3036 513 τῆς
3083 443 3310 516 καρδίας
3339 445 3662 519 διαλογισμοὶ
3684 469 3755 506 πο-

531 561 737 616 pravae,
770 561 947 617 neque
975 554 1100 601 sunt
1128 560 1248 614 qua:
1272 543 1558 613 inquinent
1598 545 1900 610 hominem,
1938 561 2091 616 neque

2215 533 2399 604 νηροὶ,
2442 532 2563 586 οὐδὲ
2601 533 2832 604 ὑπάρχει
2895 533 2964 586 τὰ
3010 534 3294 591 κοινοῦντα
3354 538 3444 592 τὸν
3495 540 3752 611 ἄνθρωπον,

532 639 696 694 datur
722 639 873 695 locus
909 639 1144 694 diabolo.
1183 638 1478 710 Perspicue
1513 648 1694 692 autem
1731 638 1985 694 Salvator
2009 654 2110 694 au.

527 747 620 790 res
646 745 776 786 suas
807 739 967 786 vocat
997 731 1292 802 prudentes
1319 731 1618 790 auditores.
1647 731 1798 787 Alius
1825 740 2004 786 autem
2033 733 2114 787 di-

530 824 694 893 xerit,
723 825 903 896 ipsum
945 823 1166 894 quidem
1195 823 1343 893 loqui
1383 823 1705 895 sapientiam
1736 824 1790 878 in
1819 822 1968 879 Novo
1995 824 2097 880 Te-

527 927 833 984 stamento;
865 917 1056 972 audire
1095 931 1227 996 vero
1261 916 1427 971 veluti
1472 915 1766 987 parabolas
1803 914 1973 971 Vetus
2006 915 2110 971 Te-

528 1019 882 1065 stamentum.
936 1009 1129 1081 Aperit
1165 1009 1416 1067 Christus
1466 1011 1898 1080 propositionem
1953 1025 2106 1065 suam

527 1117 648 1172 quae
668 1102 1006 1159 obscuritate
1024 1101 1264 1158 involuta
1295 1108 1439 1167 erat,
1464 1101 1682 1172 quando
1698 1100 1903 1169 reperit
1923 1109 2110 1170 aptum

526 1194 969 1260 instrumentum,
1008 1205 1062 1251 et
1101 1210 1197 1251 vas
1225 1193 1533 1259 electionis,
1568 1194 1716 1264 quod
1747 1201 1910 1250 vocat
1956 1193 2107 1264 psal-

528 1287 724 1344 terium
761 1306 776 1344 ε
817 1302 916 1357 per
966 1287 1067 1344 hoc
1096 1287 1240 1344 enim
1273 1287 1449 1357 aperit
1482 1295 1538 1340 et
1581 1285 1825 1355 explicat
1875 1300 1938 1340 ea
1987 1300 2108 1354 quae

525 1381 618 1445 iis,
652 1381 741 1450 qui
776 1379 912 1435 tales
946 1395 1053 1435 non
1092 1389 1241 1447 sunt,
1269 1378 1605 1435 obscuritate
1637 1383 1798 1432 erant
1821 1374 2103 1434 obvoluta.

523 1469 650 1526 Haec
676 1471 839 1526 etiam
870 1471 1099 1541 apostoli
1141 1472 1322 1526 dicere
1345 1469 1642 1540 potuerint.

591 1563 874 1634 Ejusdem.
905 1563 1007 1631 Qui
1062 1578 1219 1632 atquo
1247 1563 1430 1634 animo
1457 1571 1560 1627 est,
1588 1560 1812 1632 psallit;
1845 1574 1944 1631 per
1965 1555 2107 1628 psal-

523 1655 718 1709 terium
782 1664 963 1709 autem
1017 1653 1196 1724 aperit
1257 1653 1709 1724 propositionem.
1771 1651 1874 1706 Per
1932 1647 2101 1704 animi

2215 626 2333 678 οὐδὲ
2367 626 2566 680 δίδοται
2608 627 2771 691 τόπος
2803 625 2880 698 τῷ
2908 629 3166 700 διαϐόλῳ.
3210 632 3409 701 Σαφῶς
3451 633 3507 686 δὲ
3551 636 3578 688 ό
3608 637 3754 711 ἃυτὴρ

2213 711 2328 772 ὦτα
2371 718 2567 773 ἑαυτοῦ
2608 719 2756 788 λέγει
2796 723 2924 784 τοὺς
2982 724 3234 790 συνετοὺς
3273 725 3570 796 ἀκροατάς.
3605 729 3756 794 ’Ἄλλος

2211 809 2256 863 δ’
2291 810 2356 864 ἂν
2413 810 2591 876 εἴποι,
2641 812 2722 865 ὅτι
2775 811 2922 882 λέγει
2974 813 3071 884 μὲν
3131 815 3322 884 σοφίαν
3365 819 3424 870 ὲν
3477 821 3544 889 τῇ
3593 819 3755 894 Κοινῇ,

2212 899 2398 955 ἀκούει
2443 901 2500 956 δὲ
2547 903 2623 966 ὡς
2675 903 2991 976 παραϐολῆς
3040 907 3140 978 τῆς
3186 906 3448 972 Παλαιᾶς.
3511 910 3758 980 Ἀνοξγειὸ

2212 992 2448 1063 Χριστὸς
2481 993 2868 1065 κεκλεισμένον
2899 998 2957 1050 ὲν
2989 998 3227 1071 ἀσαφείᾳ
3264 1000 3323 1053 τὸ
3351 1001 3639 1073 πρόϐλημα
3663 1005 3758 1057 ἑαυ-

2209 1083 2327 1151 τοῦ,
2354 1085 2491 1140 ἐπὰν
2517 1086 2653 1161 ε’ύρῃ
2688 1090 3007 1161 ἐναρμόνιον
3031 1090 3280 1162 ὄργανον,
3309 1096 3402 1146 καὶ
3431 1095 3624 1160 σκεῦος
3649 1100 3760 1152 ἐκλο-

2210 1178 2335 1248 γῆς,
2371 1178 2400 1232 ὃ
2427 1178 2582 1233 καλεῖ
2617 1180 2914 1253 ψαλτήριον
2940 1199 2954 1212 ·
2987 1183 3074 1236 διὰ
3103 1184 3211 1257 γὰρ
3249 1185 3341 1238 τοῦ
3377 1187 3617 1242 τοιούτου
3646 1193 3759 1244 ἁνοξ.

2208 1287 2294 1340 γει
2328 1273 2420 1325 καὶ
2463 1271 2744 1343 σαφηνίζει
2774 1273 2842 1326 τὰ
2877 1277 2991 1338 τοῖς
3026 1275 3100 1347 μὴ
3137 1276 3400 1342 τοιούτοις
3437 1281 3759 1354 κεκλεισμένα

2209 1364 2274 1433 τῇ
2327 1363 2585 1436 ἀσαφείᾳ.
2640 1364 2823 1419 Ταῦτα
2875 1366 2933 1420 δὲ
2998 1367 3232 1424 δύναιντ’
3281 1373 3348 1425 ἂν
3393 1371 3578 1442 λέγειν
3621 1375 3758 1430 καὶώ

2207 1454 2520 1509 ἀπόστολοι.
2946 1513 2950 1516 ,

2204 1577 2210 1592 ι
2285 1548 2394 1603 Τοῦ
2430 1549 2635 1603 αὑτοῦ.
2678 1549 2736 1605 Ὀ
2766 1551 3018 1624 εὐθυμῶν
3061 1553 3174 1626 (78)
3222 1555 3443 1625 ψάλλει·
3483 1558 3571 1613 διὰ
3599 1560 3648 1613 δὲ
3685 1561 3758 1616 τοῦ

2207 1640 2508 1714 ψαλτηρίου
2549 1643 2756 1713 ἀνοίγει
2789 1645 2850 1698 τὸ
2883 1647 3198 1719 πρόϐλημα.
3231 1650 3328 1703 Διὰ
3376 1651 3484 1722 τῆς
3534 1653 3758 1724 εὐθυμίας

522 1745 970 1816 tranquillitatem
1006 1723 1285 1814 cognoscit
1317 1723 1767 1816 propositionem.
1798 1742 1980 1798 Animi
2005 1757 2091 1797 au-

2204 1731 2552 1801 διαγινώσκει
2605 1735 2666 1788 τὸ
2707 1735 3018 1808 πρόϐλημα.
3074 1739 3323 1810 Εὑϐυμία
3361 1741 3418 1796 δέ
3471 1745 3616 1798 ἐστιν
3646 1723 3759 1799 απὲ-

520 1843 630 1891 tem
661 1835 1028 1905 tranquillitas
1058 1843 1139 1891 est
1167 1850 1290 1890 cum
1317 1835 1496 1889 anima
1521 1832 1804 1889 rationalis
1839 1841 1990 1888 caret
2018 1831 2099 1886 af-

517 1927 771 1984 fectibus.

591 2018 755 2076 Vens.
785 2019 838 2074 6.
869 2020 978 2075 Cur
1004 2020 1190 2075 timebo
1213 2020 1268 2074 in
1303 2019 1386 2073 die
1414 2017 1604 2072 mala?
1628 2017 1880 2086 iniquitas
1909 2016 2091 2070 calca-

515 2113 600 2168 nei
643 2113 745 2166 mei
787 2113 1136 2167 circumdabit
1166 2128 1269 2177 me,
1293 2121 1399 2167 etc.
1425 2108 1540 2165 Non
1573 2108 1640 2163 de
1673 2123 1752 2174 se,
1780 2109 1874 2164 sed
1902 2109 1968 2162 de
2001 2107 2095 2162 Ju-

514 2205 669 2269 daeis,
703 2205 793 2274 qui
841 2205 1122 2277 iudicandi
1170 2213 1346 2270 erant,
1403 2216 1634 2271 quorum
1684 2199 1901 2274 plurimi
1967 2215 2096 2269 sup-

513 2297 694 2367 pliciis
719 2299 878 2369 digna
912 2300 1326 2363 commiserant,
1381 2297 1496 2351 haec
1536 2294 1684 2350 dicit.
1709 2292 1862 2360 Quod
1904 2293 1950 2347 si
1976 2308 2094 2363 qua:

511 2386 774 2458 loquitur,
807 2389 879 2444 sit
908 2404 1135 2459 persona
1163 2386 1366 2444 Christi
1392 2402 1406 2451 ;
1434 2385 1750 2440 calcaneum
1797 2382 1913 2453 ejus
1938 2384 2091 2439 inve-

511 2477 635 2531 nies
671 2492 794 2532 esse
823 2488 1126 2533 extremum
1163 2477 1432 2546 corporis,
1481 2486 1537 2530 et
1571 2485 1730 2531 terra:
1773 2477 2091 2532 viciniorem

511 2565 705 2622 Judam
739 2584 753 2621 :
787 2583 986 2640 corpus
1035 2571 1181 2624 enim
1232 2570 1444 2625 Domini
1495 2579 1621 2624 sunt
1672 2569 1923 2638 apostoli.
1975 2568 2091 2622 Non

513 2659 715 2714 timebo
765 2658 932 2729 igitur
974 2658 1127 2715 Judae
1171 2663 1537 2730 proditionem
1593 2670 1836 2731 tempore
1875 2661 2088 2725 crucis;

513 2750 772 2820 quoniam
823 2764 925 2805 nec
968 2749 1200 2820 quilibet
1245 2752 1377 2807 Adae
1435 2753 1856 2810 inobedientiam
1911 2750 2090 2805 timet.

508 2838 687 2910 (Hauc
716 2839 863 2897 enim
897 2854 1020 2897 esse
1049 2843 1294 2898 calcanei
1326 2845 1665 2915 iniquitatem
1700 2845 1931 2899 latenter
1958 2842 2092 2897 insi-

509 2938 738 2986 nuatum
769 2928 900 3002 est.)
925 2929 1118 2987 Nullus
1139 2933 1285 2987 enim
1317 2935 1388 2989 ob
1410 2934 1640 2990 alterius
1670 2935 1934 2990 malitiam
1962 2948 2086 2987 con-

506 3022 872 3082 demnabitur.
918 3022 1267 3096 lniquitatem
1292 3040 1426 3082 vero
1457 3027 1700 3083 calcanei
1738 3028 1868 3082 Adae
1903 3026 2089 3082 inobe-

506 3115 769 3173 aientiam
815 3116 1152 3188 appellavit,
1197 3119 1341 3192 quod
1376 3134 1604 3192 serpens
1657 3120 1710 3174 in
1759 3119 2085 3176 calcaneum

507 3205 633 3280 eius
656 3215 984 3278 potestatem
1013 3207 1236 3268 habeat.
1269 3210 1368 3269 Vel
1398 3213 1525 3283 quia
1559 3227 1664 3268 non
1695 3221 1856 3269 erant
1901 3212 2088 3268 istius-

505 3301 654 3358 modi
676 3303 930 3376 apostoli,
955 3318 1138 3378 neque
1166 3307 1434 3380 propheta
1467 3308 1559 3379 qui
1597 3309 1712 3364 haec
1744 3308 1898 3374 dicit,
1938 3315 1998 3363 ut
2019 3306 2086 3362 de

506 3392 628 3463 ipso
672 3396 1016 3465 pronuntiari
1053 3400 1296 3467 potuerit
1327 3415 1343 3456 :
1376 3417 1396 3452 ι
1432 3399 1728 3456 Peccatum
1773 3415 1887 3456 non
1931 3398 2082 3465 fecit,

505 3498 684 3554 neque
714 3485 965 3541 inventus
989 3495 1074 3542 est
1097 3488 1253 3545 dolus
1280 3490 1335 3545 in
1372 3503 1470 3546 ore
1499 3489 1618 3561 ejus
1635 3491 1702 3556 ¹²,
1734 3509 1754 3544 ι
1791 3489 2086 3547 verisimile

505 3584 592 3630 est
634 3586 913 3644 postrema
969 3593 1159 3634 eorum
1214 3590 1270 3636 et
1329 3580 1522 3637 ultima
1573 3596 1852 3652 peccasse.
1905 3582 2085 3650 Quare

405 3683 412 3690 ‘
508 3668 874 3744 Symmachus
921 3673 1087 3745 719
1149 3674 1498 3744 iniquitatem
1548 3677 1908 3746 vestigiorum
1967 3676 2087 3744 ejus

503 3763 777 3830 exposuit.
803 3762 937 3818 Nam
967 3779 1064 3818 ceu
1098 3764 1329 3835 vestigia
1354 3765 1590 3820 obscura
1623 3763 1935 3835 iniquitatis
1969 3763 2084 3820 sola

505 3853 560 3909 in
598 3856 730 3926 ipsis
777 3865 972 3923 erant;
1027 3857 1229 3913 idcirco
1255 3857 1352 3925 ait,
1377 3857 1492 3913 Non
1532 3857 1731 3912 timebo
1769 3857 1914 3912 diem
1937 3855 2086 3926 judi-

504 3945 600 4000 cii.
629 3945 955 4002 Calcaneum
980 3955 1160 4003 autem
1202 3947 1409 4005 Christi
1435 3956 1563 4005 sunt
1591 3962 1816 4019 quoque
1843 3945 2082 4003 fidelium

501 4036 748 4091 omnium
781 4037 1068 4106 postremi.

575 4127 850 4197 Ejusdem.
888 4127 1038 4182 Diem
1083 4127 1304 4192 malam,
1333 4127 1474 4184 diem
1499 4125 1694 4197 judicii
1728 4134 1936 4192 vocat;
1967 4125 2082 4184 cal-

502 4236 730 4278 caneum
761 4230 944 4277 autem
979 4221 1122 4276 viam
1155 4231 1212 4279 et
1251 4222 1444 4278 vitam.

2206 1822 2325 1877 θεια
2348 1823 2526 1896 ψυχῆς
2551 1825 2796 1898 λογικῆς.

2274 2001 2396 2056 Ἵνα
2429 2002 2486 2056 τί
2513 2005 2802 2075 φοϐοῦμαι
2843 2006 2912 2059 ἐν
2955 2007 3142 2076 ἡμέρᾳ
3182 2011 3418 2080 πονηρᾷ
3437 2030 3460 2076 ;
3509 2015 3549 2082 ἡ
3577 2014 3756 2085 ἀνομία

2200 2092 2307 2162 τῆς
2355 2096 2614 2164 πτέρνης
2645 2117 2764 2167 μου
2799 2098 3098 2154 κυκλώσει
3135 2119 3212 2170 με
3234 2146 3249 2169 ,
3279 2122 3332 2158 κ.
3369 2122 3421 2158 τ.
3460 2105 3508 2160 ἑ.
3550 2108 3621 2159 Οὐ
3657 2111 3756 2178 περὶ

2197 2188 2394 2243 ἑαυτοῦ
2427 2190 2569 2260 (79),
2603 2191 2738 2246 ἀλλὰ
2783 2192 2908 2264 περὶ
2944 2192 3052 2247 τῶν
3092 2195 3358 2250 Ἰουδαίων
3392 2197 3756 2270 εὐλαϐούμω

2199 2279 2631 2352 κριθησομένων,
2677 2277 2752 2339 ὧν
2798 2287 2849 2337 οἱ
2908 2285 3150 2339 πλεῖστοι
3200 2287 3326 2352 ἄξια
3381 2290 3656 2356 κολάσεως
3684 2311 3756 2344 πε-

2200 2373 2489 2444 ποιήκασι,
2527 2374 2701 2429 ταῦτά
2752 2394 2905 2449 φησι.
2958 2379 3067 2432 Καὶ
3112 2382 3160 2432 εἰ
3205 2381 3505 2451 πρόσωπον
3553 2384 3754 2455 Χριστοῦ

2196 2464 2257 2517 τὸ
2310 2465 2486 2534 λέγον,
2537 2468 2774 2540 πτέρναν
2835 2470 3000 2524 αὑτοῦ
3053 2470 3222 2544 εὕρῃς
3265 2474 3355 2528 τὸν
3408 2475 3637 2546 ἔσχατον
3680 2477 3754 2530 τοῦ

2199 2555 2468 2627 σώματος,
2524 2560 2617 2613 καὶ
2675 2564 2738 2632 τῇ
2787 2565 2857 2633 γῇ
2923 2562 3285 2636 πλησιάζοντα
3352 2567 3585 2621 Ἰούδαν·
3626 2568 3755 2639 σῶμα

2193 2649 2300 2723 γὰρ
2361 2652 2565 2722 Κυρίου
2613 2655 2662 2707 ol
2720 2655 3026 2712 ἀπόστολοι.
3076 2659 3148 2711 Ού
3203 2657 3482 2730 φοϐοῦμαι
3533 2655 3623 2716 οῦν
3675 2663 3754 2733 τὴν

2206 2743 2376 2798 Ἰούδα
2421 2745 2708 2816 προδοσίαν
2742 2750 2798 2801 ὲν
2858 2749 2936 2821 τῷ
2969 2750 3142 2822 καιρῷ
3197 2752 3293 2806 τοῦ
3340 2755 3611 2828 σταυροῦ·
3657 2757 3755 2810 ἐπεὶ

2195 2834 2332 2904 μηδὲ
2405 2835 2636 2900 ἕκαστος
2693 2836 2791 2908 τὴν
2851 2837 2945 2891 τοῦ
3009 2838 3179 2911 Ἀδὰμ
3246 2846 3542 2915 παρακοήν
3599 2844 3754 2912 φοϐεῖ-

2191 2945 2301 2982 ται.
2355 2927 2612 3001 (Ταύτην
2679 2929 2786 3001 γὰρ
2846 2931 3224 3003 ὑπῃνιξάμεοα
3275 2935 3521 3006 πτέρναν
3553 2937 3754 3008 ἀνομίας

2192 3015 2381 3091 εἶναι.)
2424 3019 2615 3085 Οὐδεὶς
2639 3020 2747 3094 γὰρ
2778 3022 2846 3077 δι’
2890 3022 3050 3077 ἄλλου
3091 3025 3290 3080 κακίαν
3333 3030 3750 3095 καταδικάζεται.

2205 3111 2462 3182 Ἀνομίαν
2489 3112 2549 3167 δὲ
2593 3113 2834 3186 πτέρνης
2886 3114 2986 3186 τὴν
3035 3118 3321 3190 παρακοὴν
3368 3117 3530 3176 εἶπεν
3575 3123 3752 3194 Ἄδαμ,

2189 3204 2267 3276 τῷ
2314 3205 2406 3258 τὸν
2443 3205 2568 3275 ὅφιν
2600 3207 2847 3274 ἐξουσίαν
2880 3208 3024 3280 ἔχειν
3061 3211 3201 3264 κατὰ
3243 3213 3348 3284 τῆς
3385 3215 3631 3287 πτέρνης
3669 3219 3750 3271 αὐ-

2189 3295 2306 3351 τοῦ.
2331 3299 2402 3352 Ἢ
2461 3299 2587 3353 ἐπεὶ
2636 3299 2711 3372 μὴ
2772 3299 3004 3356 τοιοῦτοι
3054 3299 3196 3376 ἦσαν
3242 3308 3291 3360 οἱ
3335 3308 3646 3373 ἀπόστολοι,
3677 3310 3754 3381 ἢὸ

2192 3389 2369 3447 ταῦτα
2399 3391 2574 3460 λέγων
2603 3395 2909 3466 προφήτης,
2940 3395 3083 3450 ὥστε
3118 3398 3373 3470 λεχθῆναι
3405 3403 3543 3474 περὶ
3580 3402 3751 3456 αὑτοῦ·

2201 3501 2222 3535 ι
2262 3484 2561 3558 Ἀμαρτίαν
2593 3486 2694 3540 οὐκ
2722 3485 3001 3559 ἐποίησεν,
3031 3490 3149 3544 οὐδὲ
3181 3491 3380 3564 εὑρέθη
3418 3493 3575 3561 δόλος
3611 3497 3665 3549 ἐν
3689 3493 3752 3564 τῷ

2195 3577 2424 3648 στόματι
2467 3578 2654 3646 αὐτοῦ,
2680 3599 2698 3633 ι
2743 3582 2890 3648 εἰκὸς
2945 3583 3104 3638 αὐτὸν
3151 3585 3536 3657 ἡμαρτηκέναι
3574 3587 3640 3642 τὰ
3681 3604 3753 3639 τεο

2189 3667 2412 3723 λευταῖα
2474 3671 2567 3724 καὶ
2619 3671 2843 3743 ἔσχατα.
2892 3675 3090 3746 Διόπερ
3132 3678 3159 3730 ό
3204 3676 3504 3749 Σύμμαχος
3548 3677 3750 3749 ἀνομίαν

2191 3762 2381 3832 ίχνέων
2436 3763 2601 3816 αὐτοῦ
2655 3765 2937 3831 ἐξέδωκεν.
2998 3767 3170 3820 Οἰονεὶ
3214 3768 3323 3841 γὰρ
3371 3772 3493 3840 ἴχνη
3554 3771 3751 3842 ἀμαυρὰ

2187 3853 2417 3923 ἀνομίας
2444 3849 2511 3926 ἦν
2533 3856 2716 3919 αὐτοῖς
2747 3856 2904 3927 μόνα,
2941 3858 3128 3930 διόπερ
3172 3860 3335 3930 φησίν
3353 3878 3368 3892 ·
3396 3863 3471 3915 Οὐ
3501 3862 3749 3931 φοϐοῦμαι

2187 3947 2285 4019 τὴν
2319 3948 2530 4020 ἡμέραν
2562 3949 2664 4020 τῆς
2684 3950 2960 4022 κρίσεως.
2999 3951 3212 4022 Πτέρνα
3241 3953 3297 4008 δὲ
3325 3955 3568 4026 Χριστοῦ
3599 3959 3685 4010 καὶ
3709 3957 3748 4007 at

2160 4105 2163 4108 _
2189 4041 2406 4094 πάντων
2438 4041 2646 4095 πιστῶν
2675 4041 2994 4114 κατώτεροι.

2265 4133 2376 4188 Τοῦ
2410 4132 2618 4188 αὑτοῦ.
2675 4134 2920 4207 Ἦμέραν
2958 4135 3202 4208 πονηρὰν
3245 4137 3378 4205 (80),
3417 4140 3519 4209 τὴν
3559 4140 3750 4212 ἡμέραν

2187 4225 2336 4296 λέγει
2377 4227 2476 4298 τῆς
2518 4227 2774 4298 κρίσεως·
2826 4229 2921 4284 καὶ
2967 4231 3207 4302 πτέρναν
3251 4231 3349 4303 τὴν
3388 4233 3508 4288 ὁδὸν
3547 4235 3639 4290 καὶ
3670 4235 3746 4286 τὸν

2190 4320 2324 4392 βίον.

577 4403 732 4459 Vsus.
758 4403 814 4459 7.
836 4403 942 4469 Qui
969 4403 1242 4472 conﬁdunt
1276 4404 1330 4457 in
1357 4403 1562 4468 virtute,
1593 4413 1698 4462 etc.
1723 4423 1741 4456 ι
1767 4403 1942 4462 Homo
1972 4423 2078 4463 non

2263 4417 2328 4468 Οἱ
2361 4413 2709 4482 πεποιθότες
2738 4414 2808 4468 ἐν
2839 4413 2916 4484 τῇ
2938 4415 3206 4486 δυνάμει,
3234 4434 3287 4470 κ.
3311 4434 3360 4470 τ.
3390 4419 3436 4472 έ.
3470 4435 3489 4469 ι
3521 4419 3745 4490 ’Δνθρω-

499 4495 652 4550 dabit
679 4494 789 4550 Deo
814 4496 1176 4564 placationem
1206 4495 1311 4561 sui,
1344 4505 1398 4552 et
1427 4497 1661 4568 pretium
1695 4498 2081 4570 redemptionis

2204 4525 2280 4572 to;
2305 4508 2366 4562 οὐ
2389 4505 2550 4560 δώσει
2581 4506 2693 4580 (81)
2726 4508 2804 4580 τῷ
2827 4508 2945 4581 Θεῷ
2981 4510 3244 4583 ὲξίλασμα
3282 4512 3501 4580 ἑαυτοῦ,
3542 4515 3636 4568 καὶ
3663 4514 3744 4581 τὴν

500 4587 695 4640 anima:
728 4600 872 4652 sum;
905 4603 926 4638 ι
962 4585 1122 4642 Jesus
1158 4587 1303 4643 enim
1345 4591 1697 4660 semetipsum
1728 4591 1948 4648 tradidit
1981 4607 2081 4664 pro

2204 4600 2341 4672 ἰμὴν
2399 4603 2501 4672 τῆς
2557 4600 2882 4674 λυτρώσεως
2913 4603 3031 4674 ’τῆς
3081 4603 3261 4676 ψυχῆς
3310 4606 3510 4661 αὑτοῦ·
3573 4626 3593 4660 ι
3659 4608 3745 4677 1n-

495 4676 775 4732 omnibus.

571 4766 732 4824 Vnus.
766 4772 836 4830 8.
858 4767 1053 4825 Frater
1082 4789 1189 4826 non
1225 4774 1475 4841 redimit,
1502 4774 1723 4830 redimet
1760 4776 1938 4846 homo,
1965 4787 2076 4835 etc.

497 4858 887 4932 lnterrogative
916 4861 1197 4934 legendum
1226 4883 1240 4920 :
1287 4884 1305 4917 ι
1333 4864 1583 4922 Redimct
1618 4867 1780 4924 homo
1801 4869 1851 4924 ἲ»

563 5036 729 5095 Vens.
762 5040 815 5097 9.
861 5039 930 5095 Et
973 5041 1224 5098 laboravit
1262 5045 1316 5099 in
1351 5047 1646 5113 naculum,
1681 5057 1788 5103 etc.
1835 5048 1936 5116 Qui
1980 5065 2076 5120 per

490 5146 708 5187 omnem
749 5144 962 5190 :etatem
1001 5150 1156 5190 suam
1207 5149 1262 5192 et
1291 5140 1455 5193 vitam
1493 5150 1820 5210 praesentem
1855 5141 2073 5197 labora-

490 5224 653 5292 verit,
685 5226 738 5280 in
765 5227 870 5283 ﬁne
895 5243 1081 5284 veram
1105 5229 1273 5284 vitam
1301 5231 1466 5298 vivet,
1491 5233 1712 5288 minime
1739 5234 1928 5290 videns
1952 5251 2076 5292 cor-

563 5319 609 5350 “
641 5319 836 5377 lPetr.
866 5337 928 5386 ιι,
963 5322 1056 5378 ‘22.

492 5417 767 5544 ϐἐιῖξέῆῗ
797 5421 1090 5490 εὐθυμῶν,
1123 5430 1228 5478 etc.
1279 5419 1509 5476 Schedte
1538 5421 1721 5480 Crabii
1759 5434 1814 5480 et
1861 5427 2066 5485 Catena

563 5559 676 5632 (79)
701 5563 783 5615 οὐ
817 5563 950 5632 περὶ
983 5562 1221 5626 ἑαυτοῦ,
1258 5572 1365 5618 etc.
1397 5565 1597 5620 Catena
1637 5567 1904 5624 Cordcrii.

493 5631 678 5756 nu(880)
730 5631 980 5703 Ἡμέραν
1044 5633 1338 5705 πονηράν,
1385 5646 1496 5719 etc.
1557 5636 1736 5694 Codex
1787 5638 2071 5696 Coislinia-

2176 5519 2204 5559 l'

2175 4693 2304 4758 σοῦς
2337 4691 2445 4765 γὰρ
2474 4693 2668 4746 ἑαυτὸν
2702 4694 3089 4766 παραδέδωκεν
3129 4697 3270 4768 ὑπὲρ
3300 4699 3541 4754 πάντων.

2258 4782 2537 4853 Ἀδελφός
2590 4785 2663 4838 οὺ
2705 4784 3057 4853 λυτροῦται,
3103 4787 3471 4856 λυτρώσεται
3533 4788 3740 4856 ἅνθρω-

2174 4890 2308 4942 πος,
2331 4892 2386 4930 κ.
2413 4892 2467 4928 τ.
2495 4875 2543 4928 ὲ.
2574 4874 3028 4946 Ἐπαπορητικῶς
3049 4876 3159 4948 (82)
3181 4877 3576 4946 ἀναγνωστέον·
3610 4894 3629 4931 ι
3651 4879 3741 4934 Δυ-

2179 4969 2448 5042 τρώσεται
2476 4969 2574 5024 ἄνθ
2581 4986 2763 5041 ρωπος
2782 4986 2797 5037 ;
2840 4989 2859 5022 ι

2255 5062 2364 5116 Καὶ
2395 5063 2728 5118 ἐκοπίασεν
2767 5067 2857 5131 εις
2895 5066 3004 5118 τὸν
3035 5063 3236 5128 αἰῶνα,
3289 5083 3345 5119 κ.
3388 5083 3436 5118 τ.
3471 5066 3515 5119 έ.
3568 5066 3627 5118 '0
3669 5063 3740 5132 ἐφ’

2180 5153 2300 5208 ὅλον
2326 5154 2436 5226 (85)
2463 5156 2553 5208 τὸν
2600 5155 2796 5210 ἑαυτοῦ
2837 5158 3012 5212 αίῶνα
3057 5159 3151 5211 καὶ
3191 5158 3289 5228 τὴν
3333 5158 3566 5212 ἐνταῦθα
3612 5159 3740 5225 ζωὴν

2183 5245 2431 5317 κάμνων,
2474 5249 2554 5311 είς
2582 5247 2734 5312 τέλος
2773 5247 2871 5320 τὴν
2902 5247 3159 5320 ἀληθινὴν
3202 5247 3425 5320 ζήσεται
3451 5246 3615 5319 ζωὴν,
3653 5248 3740 5300 οῦκ

2208 5430 2724 5514 ..(811Ἅνθρωπος
2773 5433 2846 5487 οὺ
2888 5429 3103 5497 δώσει,
3133 5441 3239 5487 etc.
3301 5430 3498 5486 Catena
3539 5431 3735 5486 Corde-

2209 5531 2361 5643 ”282)
2403 5572 2909 5641 Ἐπαπορητικῶς,
2944 5581 3050 5628 etc.
3083 5573 3261 5628 Codex
3297 5571 3674 5626 Coislinianus.

2253 5645 2366 5718 (85)
2409 5645 2462 5700 '0
2482 5647 2576 5716 ἐφ’
2601 5645 2768 5714 ὅλον,
2816 5655 2925 5702 etc.
2957 5645 3161 5701 Catena
3189 5643 3452 5701 Corderti.
