3808 6512
95 307 212 365 HIS

993 306 1300 364 SELECTA
1343 306 1408 361 IN
1450 306 1787 362 PSAIMOS.
1827 338 1892 348 --
1933 309 2125 364 PSAL.
2163 310 2395 367 XLVIII.

3173 312 3311 369 IMG

88 433 322 503 ὀψόμενος
368 430 731 501 καταφθοράν.
776 431 962 485 Ἠνίκα
1011 436 1075 490 ἂν
1120 433 1533 501 ἀποθνήσκωσιν
1582 432 1632 482 οἰ

1756 431 2065 501 -uptionem.
2101 433 2327 500 Quando
2356 433 2551 490 mortui
2585 431 2783 491 fuerint
2815 436 3109 508 sapientes,
3144 439 3308 496 etiam

89 525 239 594 σοφοὶ,
293 525 384 577 καὶ
435 524 528 579 ἐπὶ
584 524 644 576 τὸ
704 524 836 577 αὐτὸ
886 523 1076 593 ἄφρων
1132 524 1226 577 καὶ
1275 526 1431 587 ἄνους
1492 525 1629 577 ἀποε-

86 616 295 671 λοῦνται.

152 709 250 763 Τοῦ
295 707 501 762 αὑτοῦ.
556 708 613 762 '0
653 708 857 763 κοπιῶν
889 707 999 779 (81s)
1042 708 1129 762 διὰ
1166 708 1268 779 τῆς
1299 706 1630 779 πρακτικῆς,

81 793 284 865 ζήσεται
324 797 401 861 εἰς
442 797 593 861 τέλος
636 798 725 851 διὰ
772 799 870 868 τῆς
914 798 1186 867 γνώσεως.
1234 799 1637 870 Καθαψάμενος

83 888 180 941 τῶν
208 890 609 961 ἀμετανοήτων,
631 890 891 962 τρέπεται
920 893 1012 946 καὶ
1042 893 1134 947 ἐπὶ
1162 894 1287 957 τοὺς
1312 891 1634 964 μετανοοῦν-

83 999 190 1048 τας,
223 983 314 1036 καὶ
360 986 664 1055 παρηγορεῖ
707 985 798 1037 τὸν
842 985 1007 1037 κόπον
1051 984 1151 1055 τῆς
1194 984 1481 1055 μετανοίας
1515 986 1635 1048 ταῖς

84 1074 246 1128 ὲλπίσι
270 1074 361 1127 τοῦ
397 1076 695 1146 μέλλοντος.
738 1077 1047 1139 Ἐκοπίασε,
1072 1077 1255 1148 φησιν,
1274 1066 1515 1130 ἐνταῦθα
1546 1093 1637 1146 με·

83 1165 292 1229 τανοῶν,
333 1167 427 1219 καὶ
470 1166 530 1219 τὸ
575 1166 758 1219 λοιπὸν
807 1164 1030 1238 ζήσεται
1071 1168 1157 1221 διὰ
1200 1167 1418 1231 παντός.
1464 1166 1635 1220 T0610

83 1258 184 1328 γὰρ
212 1258 460 1328 σημαίνει
500 1258 561 1311 τὸ
611 1276 628 1310 ι
677 1260 757 1321 εἰς
787 1258 959 1323 τέλος.
1000 1279 1018 1310 ι
1059 1260 1211 1330 Ζωήν
1256 1260 1312 1313 δὲ
1352 1258 1500 1328 λέγει
1537 1260 1636 1331 τὴν

84 1350 273 1419 κυρίως
291 1350 387 1415 τὴν
412 1350 630 1403 ἄπονον.
673 1350 735 1403 Ἦ
764 1351 869 1421 γὰρ
893 1350 1125 1405 ἐνταῦθα
1163 1352 1632 1423 καταχρηστικῶς.

83 1442 235 1505 Τέλος
276 1442 333 1495 δὲ
374 1443 586 1512 νοήσεις
631 1442 722 1494 τὸν
771 1441 1027 1513 μέλλοντα
1068 1442 1261 1507 αἰῶνα,
1312 1444 1459 1507 ὅστις
1520 1444 1637 1497 ἐστὶ

80 1533 222 1595 τέλος
247 1532 339 1587 τοῦ
371 1533 654 1604 παρόντος.
704 1532 874 1585 Τοῦτο
928 1535 957 1585 ὁ
1007 1536 1104 1605 μὲν
1146 1535 1442 1607 Σύμμαχος
1496 1535 1637 1590 οὕτω

80 1627 253 1699 φησίν·
288 1647 306 1680 ι
361 1628 835 1699 Ἀναπαυσάμενος
872 1626 951 1696 τῷ
984 1625 1139 1681 αἰῶνι
1173 1628 1365 1700 τούτῳ,
1413 1628 1521 1693 ζῶν
1558 1631 1638 1693 εἰς

76 1722 239 1777 αἰῶνα
269 1719 576 1773 διατελέσειο
612 1739 629 1771 ι
665 1722 692 1773 ό
729 1720 785 1773 δὲ
827 1720 1073 1785 Ἀκύλας·
1100 1739 1118 1771 ι
1156 1721 1265 1775 Kal
1295 1720 1638 1775 ἀνεπαύσατο

1740 522 1901 578 simul
1934 523 2195 593 insipiens
2230 534 2283 579 et
2316 525 2511 581 stultus
2540 528 2813 595 peribunt.

1814 701 2092 770 Ejusdem.
2143 702 2243 769 Qui
2291 704 2498 773 agendo
2553 704 2801 773 laborat,
2856 707 2906 763 in
2962 708 3123 765 ﬁnem
3169 710 3314 767 vivet

1743 792 2180 862 contemplando.
2218 792 2505 865 Postquam
2542 799 2860 865 perstrinxit
2891 813 2985 853 eos
3018 801 3105 869 qui
3137 802 3315 871 paeni-

1744 885 1969 939 tentiam
1999 900 2104 939 non
2158 894 2369 953 agunt,
2400 889 2632 943 vertitur
2679 891 2843 945 etiam
2890 892 2955 946 ad
2992 894 3315 962 paenitentes
3400 948 3403 951 λ

1743 987 1797 1033 et
1837 978 2170 1046 paenitentiae
2205 977 2445 1033 laborem
2477 980 2680 1035 solatur
2712 996 2806 1052 spe
2849 982 3038 1039 futuri.
3068 984 3313 1041 Labora-

1741 1070 1838 1133 vit,
1873 1070 2073 1139 inquit,
2104 1070 2194 1127 hic
2224 1071 2598 1141 paenitentiam
2631 1074 2874 1143 agendo,
2901 1076 2968 1131 de
3000 1089 3197 1133 caetero
3226 1078 3315 1133 vi-

1743 1169 1831 1215 vet
1866 1160 2013 1215 omni
2050 1170 2313 1231 tempore.
2359 1161 2471 1218 lloc
2518 1163 2664 1217 enim
2707 1166 2977 1235 signiﬁcat
3012 1169 3172 1233 illud,
3213 1186 3232 1221 ι
3260 1169 3314 1223 in

1745 1250 1927 1307 tinem.
1954 1272 1972 1304 ι
2003 1253 2178 1308 Vitam
2210 1264 2389 1308 autem
2417 1262 2593 1319 vocat,
2619 1269 2738 1323 qua»
2760 1258 2980 1327 proprie
3007 1268 3091 1313 est
3112 1260 3314 1315 laboris
3387 1290 3391 1295 -

1744 1360 1960 1415 expers.
1994 1345 2124 1412 Quae
2153 1346 2295 1400 enim
2324 1346 2411 1402 hic
2445 1348 2664 1416 vivitur,
2699 1349 2920 1405 abusive
2950 1351 3056 1405 vita
3091 1353 3313 1408 dicitur.

1745 1437 1932 1492 Finem
1976 1439 2210 1507 accipies
2256 1454 2354 1509 pro
2394 1439 2579 1496 futuro
2608 1442 2844 1505 saeculo,
2879 1445 3022 1513 quod
3064 1454 3145 1501 est
3192 1445 3318 1501 ﬁnis

1746 1531 2047 1602 prmsenlis.
2076 1530 2191 1587 Hoc
2217 1531 2577 1603 Symmachus
2603 1535 2681 1589 sic
2714 1537 2905 1591 vertit:
2944 1553 2962 1588 ι
2997 1536 3129 1592 Cum
3162 1538 3317 1605 quie-

1746 1624 1887 1678 verit
1924 1623 2120 1681 sa’culo
2151 1625 2297 1690 huic,
2332 1628 2516 1683 vivens
2543 1640 2758 1697 semper
2796 1628 3033 1685 durabit.
3067 1648 3086 1681 ι
3122 1632 3316 1699 Aquila

1748 1729 1877 1770 vero
1904 1734 1916 1768 :
1958 1732 1977 1766 ι
2012 1716 2075 1770 Ει
2109 1718 2375 1787 requievit
2411 1718 2463 1773 in
2494 1719 2747 1773 szcculum
2770 1758 2785 1784 ,
2815 1728 2869 1774 et
2901 1718 3041 1774 vivet
3068 1721 3118 1774 in
3148 1721 3318 1775 victo.

76 1816 153 1877 εἰς
193 1814 279 1866 τὸν
312 1813 501 1877 αἰῶνα,
540 1813 635 1865 καὶ
672 1813 893 1883 ζήσεται
937 1815 1016 1876 εἰς
1057 1816 1221 1876 νῖκος.
1262 1832 1279 1864 ι
1324 1813 1384 1866 '0
1416 1812 1524 1884 γὰρ
1562 1815 1638 1866 ὲν-

1756 1805 1900 1859 'iam.
1934 1823 1952 1856 ι
1986 1806 2085 1871 Qui
2108 1807 2251 1861 enim
2283 1806 2373 1864 hic
2404 1806 2683 1863 molestam
2713 1817 2767 1864 et
2794 1808 3066 1867 laboribus
3096 1811 3315 1882 plenam

75 1906 242 1961 ταῦθα
272 1907 526 1959 ἐπίπονον
550 1906 887 1977 κτησάμενος
928 1906 1041 1976 βίον
1074 1908 1167 1959 καὶ
1207 1907 1461 1975 ἕγκοπον,
1488 1900 1642 1969 οὗτος

74 2000 168 2069 τῆς
211 1998 623 2069 ἐπηγγελμένης
668 1996 815 2068 ζωῆς
854 1998 993 2052 κατὰ
1025 1998 1115 2051 τὸν
1163 1998 1420 2069 μέλλοντα
1469 1998 1640 2052 αἰῶνα

71 2090 446 2163 ἀξιωθήσεται,
496 2090 597 2144 οὐκ
642 2090 905 2162 ὀψόμενος
948 2091 1319 2164 καταφθορὰν,
1371 2092 1534 2163 ήνίκα
1574 2091 1641 2146 ἂν

69 2184 477 2256 ἀποθνήσκωσιν
508 2186 556 2238 οἱ
596 2185 769 2254 σοφοί.

142 2278 258 2330 ’Ότι
289 2278 399 2331 οὐκ
428 2277 636 2346 ὄψεται
670 2277 1069 2347 καταφθορὰν,
1100 2277 1245 2331 ὅταν
1288 2276 1387 2346 ῖδῃ
1412 2277 1642 2347 σοφοὺς

68 2367 596 2435 ἀποθνήσκοντας,
662 2368 979 2423 ἐπιτοαυτὸ
1047 2372 1250 2439 ἄφρων
1298 2370 1397 2425 καί
1455 2370 1642 2437 ἄνους

66 2461 456 2525 ἀπολοῦνται,
486 2478 540 2515 κ.
571 2478 620 2515 τ.
652 2460 697 2514 έ.
740 2460 1010 2531 Ὀψόμεθα
1031 2463 1155 2525 τοὺς
1183 2463 1383 2531 σοφοὺς
1414 2461 1507 2515 τοῦ
1531 2462 1641 2533 (85)
1690 2454 1697 2462 ’

68 2554 273 2623 κόσμου
295 2552 484 2606 τούτου
516 2552 572 2605 έν
601 2552 679 2623 τῷ
707 2551 862 2606 αἰῶνι
892 2552 970 2622 τῷ
1004 2552 1249 2623 μέλλοντι
1281 2553 1642 2624 στερηθέντας

62 2644 169 2712 τῆς
200 2642 343 2715 ζωῆς
372 2645 470 2715 τῆς
494 2644 769 2715 εἰπούσης·
807 2663 825 2695 ι
871 2644 1009 2713 Ἐγώ
1038 2645 1151 2715 εἰμι
1183 2646 1215 2716 ή
1251 2644 1384 2715 ζωή.
1429 2664 1447 2697 ι
1487 2646 1643 2709 Τίνες

62 2736 121 2787 δὲ
152 2728 296 2789 οὗτοι
326 2735 376 2788 οἰ
408 2735 837 2806 ἀποθνήσκοντες
868 2736 1044 2803 σοφοὶ,
1069 2736 1101 2805 ἢ
1132 2737 1258 2806 περὶ
1278 2729 1354 2789 ὧν
1371 2736 1637 2789 λέλεκται·

70 2845 89 2877 s
139 2826 347 2880 Ἀπολῶ
378 2826 475 2899 τὴν
512 2826 701 2895 σοφίαν
728 2825 835 2878 τῶν
871 2826 1069 2893 σοφῶν,
1101 2844 1119 2876 ι
1152 2826 1244 2904 αφ’
1286 2820 1359 2879 ὧν
1405 2826 1642 2897 ἔκρυψεν

59 2920 93 2971 ό
121 2918 254 2983 Θεὸς
282 2916 352 2973 τὰ
383 2918 653 2991 μυστήρια
682 2916 717 2973 ἃ
745 2916 959 2989 νηπίοις
1001 2917 1352 2988 ἁπεκάλυψε;
1388 2918 1551 2987 Λέγει
1581 2919 1642 2973 δὲ

62 3010 265 3080 σοφοὺς
302 3011 427 3075 τοὺς
466 3012 805 3080 πανούργους
835 3007 979 3062 κατὰ
1020 3007 1102 3074 τὸ,
1136 3027 1153 3061 ι
1193 3009 1353 3079 Σοφοί
1404 3010 1508 3063 εἰσι
1547 3008 1641 3063 106

59 3100 449 3171 κακοποιῆσαι,
488 3120 508 3154 ι
544 3102 640 3155 καὶ
669 3102 794 3163 τοὺς
835 3099 1083 3172 μαθητὰς
1115 3101 1221 3155 τῶν
1254 3103 1530 3173 ἀρχόντων
1548 3102 1642 3156 106

54 3193 257 3257 αἰῶνος
288 3192 498 3247 τούτου’
528 3188 604 3247 ὧν
633 3191 723 3246 τὸν
755 3192 981 3245 θάνατον
1017 3194 1116 3246 οὐκ
1144 3193 1332 3263 ὗψεται
1366 3195 1394 3246 ὁ
1438 3194 1645 3266 λυτρω-
1670 3166 1712 3224 C

54 3288 179 3352 Θεὶς
208 3285 311 3340 ύπὲ
351 3285 443 3339 τοῦ
471 3286 861 3356 εύδοκήσαντος
903 3285 992 3339 διὰ
1026 3286 1127 3355 τῆς
1158 3286 1367 3357 μωρίας
1406 3286 1503 3339 τοῦ
1546 3304 1645 3358 κη-

56 3379 343 3451 ρύγματος
384 3377 556 3432 σῶσαι
599 3380 723 3441 τοὺς
766 3377 1139 3441 πιστεύοντας.
1197 3379 1254 3431 '0
1299 3378 1646 3450 πεπληροφο-

53 3473 301 3544 ρημένος
334 3472 459 3543 περὶ
486 3471 586 3541 τῆς
611 3470 909 3541 μελλούσης
949 3470 1204 3541 κρίσεως,
1235 3472 1364 3525 ὅταν
1399 3472 1484 3544 ἴδῃ
1520 3474 1646 3536 τοὺς

53 3562 265 3631 cognati;
290 3561 750 3631 ἀποθνήσκοντας,
779 3562 838 3613 οὑ
857 3562 1053 3634 νομίσῃ
1078 3560 1138 3613 τὸ
1166 3563 1447 3632 γινόμενον
1477 3581 1638 3616 κατα-

49 3654 275 3726 φθορὰν
306 3653 441 3725 ὁμοῦ
465 3654 643 3724 ψυχῆς
666 3671 727 3706 τε
759 3654 851 3707 καί⁸
882 3653 1150 3725 σώματος,
1184 3655 1259 3717 ὡς
1293 3656 1491 3709 ἐκεῖνοι
1516 3656 1648 3719 ζῶν-

42 3765 152 3811 τες
175 3747 271 3801 τὸν
296 3746 526 3803 θάνατον
553 3746 835 3816 ώρίξοντο,
866 3746 1003 3800 ἀλλὰ
1032 3747 1313 3818 μετοικίαν
1336 3749 1416 3811 εἰς
1443 3750 1645 3821 κόσμον

38 3842 143 3893 ἒτε
153 3857 269 3911 ρον.

129 3932 251 3985 Καὶ
280 3933 333 3985 οἱ
363 3930 535 4000 τάφοι
555 3930 752 3985 αὐτῶν
777 3931 953 3988 οἰκίαι
983 3932 1182 3987 αὐτῶν
1204 3936 1290 4001 εἰς
1310 3934 1416 3987 τὸν
1440 3934 1645 3999 αἰῶνα,

30 4044 105 4078 κ.
154 4042 209 4077 τ.
249 4025 295 4077 έ.
332 4042 351 4076 ι
400 4025 463 4076 υἰ
493 4028 605 4088 τοῖς
656 4025 848 4093 τάφοις
886 4025 993 4096 (86)
1036 4027 1443 4097 κεκονιαμένοις
1471 4028 1647 4097 ὅμοιοι

20 4116 329 4187 ’γέμοντες
359 4117 561 4170 ὀστέων
588 4117 822 4189 νεκρῶν,
867 4118 961 4171 καὶ
999 4118 1183 4190 πάσης
1219 4118 1580 4191 ἀκαθαρσίας,
1623 4138 1640 4170 ι

25 4209 301 4272 ’τούτους
341 4210 579 4263 αἰτιᾶται
619 4212 647 4263 ό
690 4209 903 4283 Σωτήρ·
937 4210 1031 4263 καὶ
1066 4212 1193 4273 τοὺς
1234 4210 1649 4281 οἰκοδομοῦντας

12 4303 360 4371 τάφους,εἰ
392 4301 486 4354 καὶ
520 4300 834 4372 προφητῶν·
870 4301 964 4354 καὶ
991 4302 1117 4363 τοὺς
1146 4302 1484 4372 κοσμοῦντας
1518 4319 1648 4373 μνη-

13 4398 215 4469 μεῖα,
252 4397 299 4447 εἰ
328 4395 422 4447 καὶ
449 4393 691 4446 δικαίων·
725 4394 823 4447 ούκ
859 4396 1144 4467 ἐπιτρέπει
1176 4394 1393 4467 μαθητῇ
1423 4396 1649 4449 θάπτειν

1742 1897 1923 1966 exegit
1971 1899 2140 1953 vitam
2170 1937 2185 1963 ,
2242 1899 2286 1953 is
2322 1900 2373 1953 in
2431 1900 2613 1952 futuro
2663 1900 2858 1955 saeculo
2889 1904 3151 1971 promissa
3205 1904 3317 1959 vita

1744 1988 1986 2054 fruetur,
2034 2005 2140 2045 nou
2172 1992 2391 2047 visurus
2423 1991 2725 2061 interitum,
2777 1995 2996 2065 quando
3043 1996 3319 2066 sapientes

1744 2082 2062 2136 morientur.

1819 2257 1983 2313 Vens.
2031 2260 2118 2316 II.
2161 2260 2424 2327 Quoniam
2472 2280 2576 2319 non
2616 2266 2811 2321 videbit
2850 2266 3151 2333 interitum,
3200 2285 3319 2323 cum

1743 2350 1928 2404 viderit
1956 2353 2220 2420 sapientes
2244 2356 2549 2421 morientes,
2578 2357 2739 2411 simul
2764 2357 3018 2427 insipiens
3048 2369 3094 2413 et
3126 2360 3319 2413 stultus

1744 2444 2009 2511 peribunt,
2043 2454 2152 2500 etc.
2198 2445 2513 2503 Videbimus
2558 2448 2834 2517 sapientes
2862 2452 3045 2505 mundi
3077 2451 3234 2519 hujus
3266 2452 3318 2505 in

1745 2535 1926 2593 futuro
1972 2540 2171 2594 saeculo
2214 2555 2276 2595 ea
2339 2541 2446 2596 vita
2482 2543 2724 2611 privatos
2778 2558 2898 2614 quae
2947 2544 3113 2598 dicit:
3157 2562 3175 2596 s
3208 2545 3319 2614 Ego

1744 2645 1862 2685 sum
1894 2632 2003 2685 vita
2036 2632 2099 2689 “.
2141 2650 2161 2685 ι
2216 2632 2323 2687 Sed
2369 2637 2592 2703 quinam
2636 2644 2761 2691 sunt
2803 2638 3075 2707 sapientes
3104 2637 3191 2691 isti
3230 2638 3321 2706 qui

1745 2722 2069 2788 moriuntur,
2101 2724 2206 2778 nisi
2239 2724 2313 2779 illi
2344 2725 2411 2780 de
2438 2727 2635 2794 quibus
2662 2729 2862 2783 dictum
2888 2738 3005 2785 est:
3045 2747 3064 2781 ι
3092 2730 3321 2783 Perdant

1742 2812 2063 2881 sapientiam
2108 2814 2436 2883 sapientium
2482 2817 2547 2881 ιδ,
2582 2836 2601 2870 ι
2642 2818 2839 2888 quibus
2872 2821 3167 2875 occultavit
3209 2835 3325 2893 ιιι]-

1743 2905 1909 2961 steria
1937 2920 2032 2961 sua
2064 2906 2240 2973 Deus,
2276 2924 2398 2977 qua:
2432 2909 2679 2980 parvulis
2712 2912 3008 2968 revelavit?
3036 2914 3324 2984 Sapientes

1744 3006 1924 3053 autem
1954 3007 2111 3054 vocat
2142 3000 2428 3072 malignos,
2458 3001 2611 3072 juxta
2639 3003 2799 3059 illud:
2834 3023 2853 3057 ι
2884 3006 3173 3077 Sapientes
3196 3017 3325 3065 sunt

1747 3098 1803 3143 ut
1848 3088 2197 3147 malefaciant
2238 3093 2301 3161 η,
2330 3113 2349 3146 ι
2389 3101 2445 3147 et
2492 3095 2783 3166 discipulos
2818 3098 3126 3169 principum
3163 3100 3324 3171 hujus

1743 3181 1924 3236 saeculi
1952 3224 1968 3251 ,
2003 3197 2233 3251 quorum
2268 3194 2498 3240 mortem
2535 3202 2640 3243 non
2679 3188 2889 3244 videbit
2912 3190 3223 3262 redemptus
3256 3192 3325 3245 ab

1743 3289 1807 3330 eo
1836 3277 1925 3330 cui
1950 3276 2335 3345 complacitum
2370 3288 2452 3332 est
2481 3294 2578 3349 per
2611 3279 2894 3336 stultitiam
2921 3283 3326 3350 praedicationis

1745 3384 1964 3424 scrvare
2004 3370 2310 3425 credentes.
2363 3370 2465 3437 Qui
2512 3373 2578 3426 de
2623 3371 2806 3428 futuro
2854 3373 3058 3442 judicio
3108 3374 3323 3444 plenam

1746 3458 1904 3513 habet
1932 3459 2119 3525 ﬁdem,
2154 3473 2277 3513 cum
2312 3448 2512 3515 viderit
2542 3465 2814 3532 sapientes
2846 3464 3141 3519 morientes
3169 3504 3184 3529 ,
3218 3480 3324 3519 non

1747 3551 1874 3605 illud
1906 3551 2182 3607 existimet
2222 3552 2501 3607 interitum
2543 3569 2665 3609 esse
2697 3555 2892 3609 anima:
2922 3556 3083 3611 simul
3118 3565 3328 3613 et-cor-

1746 3643 1893 3711 puris
1925 3683 1939 3707 ,
1974 3644 2426 3711 quemadmodum
2478 3645 2639 3715 720
2685 3648 2928 3702 viventes
2978 3647 3053 3703 illi
3093 3658 3323 3706 mortent

1746 3737 2088 3805 deﬁnierunt,
2121 3740 2216 3794 sed
2243 3739 2621 3810 migrationem
2653 3740 2707 3795 in
2737 3739 2901 3796 alium
2935 3744 3217 3799 mundum.

1820 3935 1982 3989 Vens.
2031 3934 2117 3990 12.
2160 3936 2229 3990 Et
2269 3938 2511 4004 sepulcra
2566 3955 2749 3994 eorum
2795 3943 2982 3995 domus
3022 3943 3234 3998 illorum
3274 3948 3329 4000 in

1749 4039 2026 4091 wternum,
2059 4039 2166 4083 etc.
2209 4047 2228 4080 ι
2253 4028 2353 4095 Qui
2391 4031 2599 4086 similes
2633 4040 2765 4087 sunt
2807 4033 3072 4104 sepulcris
3102 4036 3326 4091 dealba-

1753 4120 1841 4185 tis,
1877 4137 1996 4190 qua:
2036 4123 2191 4190 plena
2244 4132 2371 4178 sunt
2411 4124 2628 4180 ossibus
2674 4136 3012 4181 mortuorum
3045 4168 3060 4193 ,
3091 4139 3147 4183 et
3179 4131 3327 4184 omni

1750 4215 2007 4283 spurcitia
2040 4217 2104 4282 ³⁸,
2138 4236 2157 4268 ι
2198 4218 2294 4273 hos
2328 4217 2582 4272 Salvator
2618 4220 3007 4287 reprehendit;
3047 4223 3121 4275 uti
3152 4234 3206 4276 et
3235 4240 3331 4279 eos

1751 4307 1842 4376 qui
1887 4309 2158 4363 aediﬁcant
2212 4310 2457 4379 sepulcra
2488 4351 2502 4376 ,
2554 4312 2768 4366 etiamsi
2818 4314 3240 4381 prophetarum;
3274 4324 3332 4370 et

1751 4409 1948 4452 ornant
1974 4402 2575 4467 monumenta,etiamsi
2598 4401 2869 4469 justorutn
2897 4420 2910 4469 ;
2945 4418 3042 4456 nec
3067 4405 3332 4472 permittit

11 4486 281 4555 νεκρὸν,
330 4487 377 4537 εἰ
414 4487 507 4538 καὶ
553 4486 779 4557 πατρός.
835 4488 945 4541 Kal
993 4491 1050 4541 ὲν
1092 4487 1172 4559 τῷ
1224 4488 1438 4559 Ἡσαΐᾳ·
1497 4506 1515 4539 ι
1562 4489 1638 4552 Ti,

1756 4490 2020 4559 discipulo
2054 4493 2289 4562 sepelire
2345 4504 2640 4557 mortuum,
2679 4494 2894 4547 tametsi
2930 4506 3232 4561 parentem.
3264 4496 3332 4552 Et

11 4579 259 4651 φησιν,
297 4576 649 4649 ᾡκοδόμησας
680 4579 891 4649 σεαυτῷ
934 4580 1146 4651 μνῆμα,
1181 4581 1274 4633 καὶ
1302 4580 1644 4651 ὲλατόμησας

11 4668 281 4740 ςεαυτῷ
314 4673 608 4741 μνημεῖον;
658 4689 675 4722 ι
710 4671 821 4723 Kal
857 4673 905 4723 οἰ
948 4674 1005 4723 ὲν
1052 4674 1164 4735 τοῖς
1207 4673 1509 4743 μνημείοις,
1550 4673 1644 4726 ἐὰν

11 4768 343 4829 ὶκούσωσι
376 4766 475 4837 τῆς
514 4765 696 4835 φωνῆς
716 4765 809 4818 τοῦ
836 4765 967 4818 Υἱοῦ
993 4765 1086 4819 106
1112 4766 1421 4838 ἀνθρώπου,
1455 4766 1647 4837 ζήσου-

11 4880 165 4921 rw.
209 4862 339 4915 Ἐπὶ
385 4859 496 4914 τῶν
529 4860 700 4928 γαιῶν
745 4858 801 4911 δέ
842 4860 959 4913 ἐστι
996 4860 1064 4913 τὰ
1107 4860 1347 4930 ὀνόματα
1380 4860 1507 4914 άνου
1553 4860 1648 4913 καὶ

11 4964 53 5017 ἱ
62 4978 119 5031 φ
131 4974 319 5030 ρονος.

120 5048 256 5105 Τοῦ
289 5046 491 5101 αὐτοῦ.
534 5044 715 5115 Τάφος
742 5044 835 5099 v06
868 5044 977 5115 (87)
1010 5044 1317 5116 ἀκάθαρτος
1345 5044 1515 5115 ψυχή·
1546 5044 1645 5098 τά·

13 5160 153 5206 ;ος
200 5141 267 5194 δὲ
303 5138 481 5209 ψυχῆς
527 5138 705 5209 σῶμα.
761 5156 779 5188 s
844 5136 1273 5190 Ἐπεκαλέσαντο
1312 5136 1380 5188 τὰ
1410 5135 1647 5205 ὀνόματα

13 5233 247 5294 ιῦτῶν
280 5231 372 5285 tul
394 5229 504 5285 τῶν
527 5228 720 5298 γαιῶν.
769 5249 786 5280 ι
823 5230 935 5283 Οὐκ
976 5228 1083 5282 ἀπὸ
1111 5228 1319 5299 ἀρετῶν
1360 5227 1649 5299 ὀνομάζον-

16 5345 173 5390 as,
223 5323 343 5378 ἀλλ’
380 5324 489 5377 ἀπὸ
530 5323 731 5395 γηΐνων
765 5321 1127 5393 πραγμάτων.
1171 5320 1246 5373 Οὐ
1294 5320 1402 5392 γὰρ
1449 5320 1649 5373 δίκαιοι

114 5515 177 5549 τ’
207 5512 372 5570 Joan.
406 5528 519 5581 xrv,
548 5512 600 5567 6.
663 5512 706 5545 “
734 5511 897 5569 lCor.
930 5529 969 5578 t,
992 5512 1082 5571 19.
1152 5514 1195 5544 ¹⁸
1223 5512 1426 5568 Jcrem.
1454 5528 1527 5577 tv,
1552 5511 1638 5569 22.

1756 5510 1979 5564 ‘Mattlt.
2008 5525 2163 5574 χχιιι,
2190 5508 2280 5563 27.

108 5699 255 5775 (δῇ
292 5700 345 5775 ξΟ
368 5700 610 5775 κοπιῶν,
650 5709 755 5775 etc.
795 5699 1019 5775 Schedw
1042 5701 1256 5775 Grabii.

110 5770 253 5843 (85)
295 5773 580 5841 Ὀψόμεθα
619 5771 761 5837 τοὺς
788 5774 1045 5843 σοφούς,
1077 5785 1183 5831 etc.
1234 5772 1449 5830 Etcdem
1492 5770 1650 5829 sche-

13 5865 126 5907 as:
166 5851 228 5899 et
264 5847 469 5915 partim
504 5842 711 5899 Catena
745 5843 906 5899 Barb.
1198 5889 1204 5895 .
1380 5884 1393 5889 ν.

1757 4582 1809 4633 in
1842 4581 1980 4635 Isaia
2009 4599 2023 4634 :
2075 4581 2265 4648 «Quid,
2304 4583 2501 4651 inquit,
2536 4582 2818 4636 rediticasti
2860 4581 2949 4634 tibi
2983 4586 3329 4654 sepulcrum,

1756 4681 1809 4725 et
1836 4673 2087 4727 excidisti
2135 4674 2229 4727 tibi
2260 4684 2671 4729 monumentum
2711 4676 2794 4729 i"?
2826 4692 2844 4725 ι
2889 4673 2961 4731 Ει
2992 4676 3081 4746 qui
3118 4679 3170 4731 in
3216 4694 3334 4732 mo-

1755 4767 2031 4821 numentis
2061 4775 2206 4833 sunt,
2233 4782 2353 4821 cum
2383 4768 2691 4823 audiverint
2714 4784 2891 4825 vocem
2918 4771 3038 4826 Filii
3072 4772 3330 4839 hominis,

1757 4856 1938 4909 vivent
1972 4855 2033 4908 ⁸⁸.
2073 4856 2130 4911 lu
2164 4856 2326 4911 terris
2355 4866 2537 4913 autem
2568 4870 2694 4914 sunt
2724 4862 2942 4916 nontina
2973 4862 3123 4918 stulti
3158 4872 3214 4917 et
3245 4861 3299 4916 in

1756 4948 2022 5019 sipieutis.

1822 5040 2097 5109 Ejusdem.
2144 5041 2461 5111 Sepulcrum
2511 5045 2708 5099 mentis
2737 5054 2822 5100 est
2867 5046 3045 5101 anima
3078 5047 3290 5116 impura
3327 5041 3348 5097 ἱ

1754 5134 1948 5187 animae
1984 5148 2113 5187 vero
2158 5134 2465 5201 sepulcrum
2518 5152 2712 5206 corpus
2763 5148 2866 5191 est.
2932 5156 2951 5188 ι
2987 5138 3335 5193 Vocaverunt

1756 5228 1973 5281 nomina
2010 5243 2107 5282 sua
2142 5228 2194 5282 in
2230 5230 2410 5283 terris.
2442 5248 2461 5282 ι
2498 5228 2613 5285 Non
2658 5246 2685 5284 a
2716 5229 3008 5285 virtutibus
3040 5229 3331 5283 nominan-

1755 5332 1865 5386 tur,
1898 5322 1991 5376 sed
2018 5337 2048 5375 a
2078 5321 2243 5378 rebus
2274 5322 2530 5377 terrenis.
2565 5322 2681 5377 Non
2714 5324 2858 5377 enim
2883 5322 3016 5392 justi
3044 5330 3099 5376 et
3129 5331 3336 5390 tempe-

2360 5510 2402 5540 ¹⁷
2432 5508 2553 5564 lsai.
2581 5521 2716 5574 xm,
2738 5506 2823 5562 l6.
2902 5504 2947 5536 ¹⁸
2968 5502 3128 5559 Joan.
3149 5517 3206 5569 ν,
3234 5500 3331 5559 28.

1827 5695 1941 5777 (δεῖ)
1969 5698 2045 5777 ei.
2064 5694 2185 5763 τοῖς
2472 5687 2825 5777 διακονεῖν,
2852 5686 3121 5777 Pnicei-

1755 5839 1794 5894 Β
1825 5755 1938 5835 ζεῖ)
1974 5755 2330 5837 Τάφοςίὀῦ,
2359 5755 2467 5848 cie.
2508 5762 2732 5818 Scheda:
2785 5757 2974 5815 Grabii
3024 5768 3076 5815 et
3126 5755 3337 5814 Celeus

1802 5839 2005 5895 arbari.
2128 5872 2131 5875 -
