3944 6386
449 231 578 290 H5!
1857 220 1946 278 ΕΧ
1987 221 2286 279 οιιιοΕΝΕ
3553 224 3685 278 “5'2

440 348 739 416 iudicatum
772 346 834 400 iri
874 361 901 400 a
933 343 1285 400 rationalibus
1314 342 1618 406 virtutibus.
1645 349 1699 395 et
1728 342 1794 395 ab
1820 341 1885 394 iis
1909 339 2001 410 qui

2152 341 2180 392 Ἰ
2223 339 2378 393 τοῦτό
2424 340 2569 392 ἐστιν
2617 337 2882 410 ἐναργῶς,
2927 338 2986 393 τὸ
3023 337 3393 408 διακρίνεσθαι
3434 337 3526 392 τὸν
3571 339 3692 393 λαὸν

444 451 501 495 et
527 439 819 496 salutarem
858 436 1296 507 praedicationem
1328 434 1736 499 administrant,
1768 443 1823 487 et
1851 432 2014 488 Chri-

2152 432 2320 503 Lupiou
2345 433 2498 503 παρά
2530 449 2586 485 τε
2625 431 2907 502 δυνάμεων
2936 431 3170 500 λογικῶν
3200 430 3294 483 καὶ
3336 429 3446 482 τῶν
3487 432 3692 502 ἱερουρ-

447 540 531 586 sto
561 522 894 600 congregant
928 537 1147 584 sanctos
1175 527 1314 596 ejus,
1349 545 1368 577 ‹
1402 540 1537 595 quos
1580 525 1886 594 praeseivit,
1929 524 2014 578 iu-

2152 525 2354 578 ούντων
2380 525 2438 578 τὸ
2470 525 2732 595 σωτήριον
2785 526 3067 596 κήρυγμα,
3097 524 3146 576 οἳ
3183 523 3276 578 καὶ
3314 523 3692 594 συναγείρουσι

455 623 597 694 quit,
628 635 682 680 et
712 621 1119 692 praedestinavit
1144 639 1156 685 ;
1193 629 1246 674 et
1273 618 1426 690 quos
1452 619 1686 685 vocavit,
1725 618 1824 673 hos
1851 626 1906 672 et
1929 615 2018 685 ju-

2152 615 2338 688 ζριστῷ
2365 617 2491 678 τοὺς
2513 616 2692 680 ὁσίους
2725 615 2910 670 αὐτοῦ’
2952 636 2970 668 ι
3002 616 3095 680 οὓς
3125 617 3394 689 προέγνω,
3429 618 3584 687 φησὶ,
3609 618 3693 669 καὶ

448 717 703 773 stiﬁcavit
731 718 797 784 ⁸⁸,
822 735 842 768 ι
867 719 955 786 qui
989 715 1282 786 adimplent
1307 715 1733 779 Testamentum,
1757 728 1860 770 non
1890 727 2017 768 sau-

2152 707 2409 780 τροώρισε·
2443 709 2535 762 καὶ
2560 707 2654 771 οὓς
2681 708 2928 770 ἐκάλεσε,
2953 708 3044 761 καὶ
3073 707 3407 760 ἐδικαίωσενο
3440 726 3457 757 ι
3482 707 3534 759 οἳ
3567 706 3695 776 πλη-

449 809 724 878 guiuibus,
756 810 850 864 sed
882 807 1212 878 spiritalibus
1248 806 1556 861 sacriﬁciis.

2155 799 2274 853 οῦσι
2300 801 2399 872 τὴν
2427 800 2722 871 Διαθήκην,
2745 801 2804 854 ού
2835 801 2901 854 δι’
2921 800 3186 870 αἱμάτων,
3217 799 3352 853 ἀλλὰ
3379 802 3503 862 ταῖς
3537 816 3690 851 πνευ-

2122 893 2378 961 ματικαῖς
2413 891 2647 954 θυσίαις.

2196 983 2306 1036 Τοῦ
2345 981 2548 1036 αὑτοῦ.
2590 981 2857 1037 Ἐνταῦθα
2903 981 3185 1052 προδήλως
3221 980 3297 1050 (1)
3335 982 3428 1033 τὸν
3465 981 3692 1052 Χριστὸν

2118 1072 2266 1142 λέγει
2289 1074 2438 1126 Θεόν.
2474 1091 2491 1123 ι
2527 1074 2714 1127 Πᾶσαν
2743 1095 2760 1128 ι
2791 1075 2898 1146 γὰρ
2931 1091 2950 1123 ι
2983 1073 3078 1144 τὴν
3102 1072 3279 1143 κρίσιν
3305 1072 3502 1125 ἔδωκεν
3531 1074 3558 1123 ό
3591 1074 3693 1126 Πα-

2120 1165 2222 1238 τὴρ
2254 1167 2329 1237 τῷ
2357 1165 2487 1236 Υἱῷ.
2524 1185 2542 1216 ι

2192 1261 2312 1313 Οὐκ
2343 1260 2440 1312 ἐπὶ
2480 1259 2605 1326 ταῖς
2635 1261 2873 1325 θυσίαις
2911 1275 3027 1313 σου
3075 1257 3302 1327 ἐλέγξω
3331 1273 3428 1320 σε,
3469 1277 3526 1312 κ.
3563 1279 3612 1313 τ.
3645 1261 3688 1312 ἐ.

2119 1351 2255 1421 Περὶ
2287 1350 2393 1404 τῶν
2433 1351 2508 1422 (9..)
2545 1351 2680 1422 μετὰ
2721 1352 2818 1424 τὴν
2860 1351 3158 1422 παρουσίαν
3201 1350 3438 1422 Χριστοῦ
3483 1352 3696 1405 ἀθετου-

2122 1441 2297 1512 μένων
2327 1441 2477 1512 παρὰ
2528 1442 2801 1506 Ἰουδαίοις
2843 1437 3043 1495 θυσιῶν
3089 1440 3260 1494 ταῦτα
3295 1443 3532 1512 ἁρμόσει
3571 1460 3696 1514 προ-

2119 1535 2467 1606 φητεύεσθαι.
2496 1536 2567 1588 Ἦ
2597 1535 2716 1589 οὐδὲ
2748 1536 2977 1606 πονηρᾷ,
3016 1533 3168 1605 φησὶ,
3197 1533 3431 1587 διαθέσει
3457 1535 3696 1606 πρόσαγε

2119 1627 2203 1696 ἐφ’
2296 1627 2385 1678 τὸν
2407 1626 2544 1680 Κάῖν
2572 1625 2844 1698 διήλεγξα.

519 1728 685 1785 Vens.
715 1701 801 1781 ιό.
831 1725 1094 1792 Quoniam
1135 1738 1263 1777 mete
1299 1731 1418 1775 sunt
1449 1736 1625 1775 omnes
1659 1719 1836 1773 bestiae
1865 1717 2016 1787 agri,

2193 1720 2315 1772 Ὅτι
2340 1718 2450 1787 ἐμά
2471 1720 2600 1772 ἐστι
2623 1719 2816 1772 πάντα
2837 1719 2907 1772 τὰ
2930 1701 3102 1786 θηρία
3129 1719 3234 1772 τοῦ
3256 1719 3465 1788 ἀγροῦ,
3500 1737 3557 1772 κ.
3581 1737 3629 1771 τ.
3651 1721 3694 1772 ἑ.

447 1832 554 1874 etc.
585 1819 777 1876 Omnia
813 1817 1064 1873 animalia
1094 1815 1224 1869 dicit
1245 1827 1371 1868 esse
1398 1815 1498 1866 sub
1527 1809 1864 1882 providentia
1894 1810 2014 1863 Dei.

2152 1810 2306 1864 [ἀντα
2336 1810 2482 1879 λέγει
2525 1812 2600 1882 (5)
2645 1807 2784 1864 εἶναι
2825 1810 2930 1864 ὑπὸ
2966 1811 3065 1881 τὴν
3107 1811 3361 1884 πρόνοιαν
3400 1811 3496 1864 τοῦ
3536 1811 3692 1866 Θεοῦ.

454 1929 472 1960 ι
508 1909 693 1965 Nonne
731 1910 874 1962 enim
919 1908 1023 1962 duo
1064 1919 1308 1976 passeres
1337 1917 1458 1957 asse
1493 1911 1764 1966 veneunt,
1794 1909 1850 1956 et
1882 1913 2019 1954 unus

2182 1902 2316 1972 Οὐχὶ
2344 1902 2451 1974 γὰρ
2497 1902 2590 1956 δύο
2642 1902 2898 1976 στρουθία
2940 1900 3035 1955 τοῦ
3093 1902 3356 1974 ἀσσαρίου
3413 1903 3697 1963 πωλεῖται,

448 2017 514 2055 es
535 2002 639 2057 illis
657 2016 768 2056 non
794 2001 951 2056 cadet
979 1997 1271 2053 siuePatre
1292 2009 1413 2050 meo
1435 1995 1523 2064 qui
1546 1994 1598 2048 iu
1621 1993 1777 2049 ctelis
1801 2001 1884 2048 est
1902 1993 1946 2025 ’⁸
1962 1991 2014 2045 is

2152 1995 2214 2053 ιαὶ
2251 1995 2307 2049 ἓν
2350 1994 2409 2060 ἐξ
2443 1994 2620 2048 αὐτῶν
2659 1995 2719 2047 ού
2764 1996 3009 2048 πεσεῖται
3043 1995 3169 2048 ἄνευ
3202 1992 3296 2047 τοῦ
3343 1995 3558 2065 Πατρός
3605 2013 3700 2064 μου

2122 2083 2215 2138 τοῦ
2239 2085 2297 2138 ὲν
2327 2087 2439 2148 τοῖς
2467 2084 2749 2156 οὐρανοῖςς
2803 2103 2820 2134 ι

2192 2175 2288 2243 Μὴ
2316 2176 2571 2245 φάγομαι
2598 2175 2741 2243 κρέα
2773 2175 3024 2242 ταύρων,
3057 2172 3092 2242 ἢ
3127 2169 3269 2245 αἷμα
3295 2175 3525 2245 τράγων
3573 2178 3702 2229 πίοι

2116 2283 2254 2340 μαι;
2287 2284 2341 2320 κ.
2368 2284 2420 2324 τ.
2449 2269 2494 2320 ὲ.
2532 2267 2770 2337 Ἀναιρεῖ
2800 2267 2990 2331 θυσίας
3020 2267 3094 2337 (4)
3125 2267 3406 2338 αἰσθητάς·
3442 2289 3461 2320 ι
3494 2269 3652 2322 θυσία
3679 2289 3697 2320 ι

2123 2360 2231 2433 γὰρ
2276 2377 2293 2411 r
2330 2359 2406 2431 τῷ
2432 2359 2550 2431 Θεῷ
2575 2359 2791 2429 πνεῦμα
2819 2361 3294 2431 συντετριμμένον.
3333 2379 3352 2413 ι

521 991 794 1061 Ejusdem.
847 990 948 1046 llic
998 988 1280 1044 manifeste
1329 986 1601 1042 Christum
1651 984 1786 1040 dicit
1825 984 2015 1041 Deum.

455 1103 473 1136 ι
502 1083 672 1141 Omne
710 1103 729 1136 ι
763 1083 907 1138 enim
944 1099 963 1134 ι
992 1080 1253 1151 judicium
1285 1078 1448 1134 Pater
1471 1076 1617 1132 dedit
1644 1075 1781 1130 Filio
1803 1077 1871 1131 ".
1909 1095 1929 1129 ι

523 1269 683 1323 Vens.
734 1267 787 1323 8.
838 1265 962 1320 Non
991 1268 1044 1320 in
1083 1264 1358 1332 sacriﬁciis
1396 1263 1500 1316 tuis
1544 1276 1763 1330 arguam
1805 1271 1874 1324 te,
1909 1270 2014 1316 elc.

452 1360 525 1413 De
550 1357 856 1414 Judaaorum
885 1357 1166 1412 sacriﬁciis
1195 1370 1315 1424 quae
1342 1363 1461 1424 post
1490 1351 1694 1407 Christi
1725 1351 2017 1406 adventum

449 1437 707 1522 abrogata
739 1460 867 1506 sunt
895 1492 912 1517 ,
946 1451 1061 1506 haec
1110 1449 1363 1504 convenit
1393 1443 1648 1514 prmdicta
1687 1443 1873 1500 fuisse.
1921 1443 2020 1499 Vel

450 1561 556 1600 non
592 1559 778 1614 prava,
816 1543 1010 1613 inquit,
1041 1540 1338 1596 intentione
1371 1537 1600 1602 oll'eras,
1627 1545 1849 1607 propter
1875 1535 2017 1605 quod

449 1634 582 1692 Cain
617 1635 911 1705 iucrepavi.

2046 1683 2094 1742 B

524 2179 680 2234 Vens.
729 2178 818 2232 13.
877 2173 1132 2244 Nunquid
1189 2170 1522 2225 utauducabo
1578 2185 1763 2223 carnes
1839 2178 2021 2222 tauro-

449 2290 598 2336 rum,
623 2281 716 2326 aut
750 2269 1059 2340 sanguinem
1089 2268 1354 2320 hircorum
1391 2263 1621 2331 potabo?
1645 2271 1752 2318 etc.
1785 2261 2023 2330 Abrogat

448 2362 718 2420 sacriﬁcia
748 2357 1027 2416 sensibilia
1053 2374 1067 2410 :
1103 2371 1231 2412 nam
1259 2373 1277 2406 ι
1310 2353 1635 2410 sacriﬁciqu
1667 2352 1775 2407 Deo
1800 2351 2024 2421 spiritus

449 2451 849 2512 contribulatus
884 2452 949 2504 ”.
983 2469 1002 2502 ι

523 2546 688 2600 Vsus.
728 2541 814 2598 l6.
850 2539 1127 2595 Pcccatori
1165 2547 1339 2592 autem
1367 2537 1503 2589 dixit
1535 2533 1711 2588 Deus:
1744 2535 1922 2598 Quare
1964 2541 2023 2586 tu

446 2653 666 2694 enarras
691 2635 935 2706 justitias
964 2635 1154 2687 meas?
1195 2639 1305 2684 etc.
1361 2627 1478 2682 Non
1518 2626 1618 2683 soli
1667 2627 1828 2681 obvio
1860 2641 2019 2680 sensu

2152 2631 2195 2685 ’ὰ
2212 2629 2569 2700 δικαιώματά
2593 2646 2815 2700 μουῖκ.
2849 2649 2899 2685 τ.
2931 2632 2977 2686 ὲ.
3015 2632 3089 2684 Οὐ
3124 2632 3280 2702 μόνον
3306 2631 3400 2702 (5),
3422 2629 3600 2702 οἶμαι,
3629 2632 3707 2702 τῷ

449 2726 722 2795 peccatori
773 2725 886 2778 bzec
913 2738 943 2776 a
992 2720 1101 2776 Deo
1128 2719 1270 2775 dicta
1313 2717 1586 2785 exiStimo,
1637 2732 1822 2772 verum
1858 2716 2019 2771 etiam

2152 2723 2490 2797 ιπλούστερον
2507 2724 2780 2796 νοουμένῳ
2809 2724 3112 2795 ἁμαρτωλῷ
3134 2724 3302 2778 ταῦτα
3329 2719 3480 2778 εἶπεν
3507 2726 3706 2793 ὁθεδς,

451 2817 649 2887 populo
684 2811 1144 2870 circumcisiouis.
1170 2811 1440 2866 Caeterum
1475 2817 1729 2880 peccator
1755 2809 2019 2862 duntaxat

2152 2815 2260 2869 ιλλὰ
2281 2815 2375 2869 καὶ
2408 2815 2486 2886 τῷ
2520 2814 2634 2886 λαῷ
2662 2817 2760 2887 τῆς
2783 2816 3121 2886 κατατομῆς.
3173 2817 3234 2869 '0
3277 2816 3334 2868 δὲ
3375 2818 3707 2887 ἁμαρτωλὸς

449 2924 549 2979 per
571 2922 636 2964 os
667 2907 868 2977 accipit
898 2904 1300 2962 Testamentum
1332 2900 1490 2972 723
1533 2899 1648 2966 Dei,
1690 2915 1813 2955 cum
1861 2899 2019 2954 disci-

2152 2908 2212 2963 ῑιὰ
2237 2909 2398 2981 μόνου
2437 2909 2701 2980 στόματος
2736 2909 3107 2980 ἀναλαμϐάνει
3148 2911 3246 2981 τὴν
3289 2912 3566 2982 Διαθὴκηυ
3612 2912 3706 2965 τοῦ

450 3003 651 3075 pliuam
695 3000 913 3066 oderit,
962 3008 1018 3054 et
1043 3013 1108 3054 ea
1153 3011 1275 3068 quae
1301 2995 1388 3051 hic
1417 3004 1772 3050 recensentur
1802 3002 2019 3064 peccata

2152 3001 2261 3055 iam")
2278 3018 2291 3033 ·
2327 3004 2476 3074 μισεῖ
2502 3002 2628 3071 γοῦν
2652 3003 2898 3057 παιδείαν
2927 3005 3021 3058 καὶ
3049 3003 3114 3058 τὰ
3138 3005 3509 3075 ἐπιφερόμενα
3533 3007 3710 3077 ἁμαρ-

447 3091 775 3149 committat.
815 3089 906 3146 Vel
952 3089 1080 3160 quia
1121 3106 1140 3140 ι
1174 3085 1404 3158 ρονυιυε
1435 3085 1558 3152 hic,
1600 3085 1812 3154 inquit,
1863 3083 2019 3138 labiis

2152 3094 2320 3149 τάνων.
2351 3095 2422 3148 Ἢ
2454 3095 2576 3148 ἐπεὶ
2610 3115 2628 3147 ι
2666 3098 2693 3149 ὁ
2735 3095 2863 3160 λαὸς
2901 3091 3074 3161 οὗτος,
3132 3098 3286 3168 φησι,
3331 3101 3444 3162 τοῖς
3501 3099 3714 3168 χείλεσί

451 3200 536 3239 me
566 3185 820 3248 honorat,
857 3197 955 3238 cor
980 3191 1157 3236 autem
1188 3196 1374 3236 eorum
1411 3180 1571 3250 louge
1597 3188 1680 3234 est
1711 3193 1741 3232 a
1787 3191 1872 3231 me
1898 3177 1963 3230 ⁸⁸.
1997 3195 2017 3230 s

2152 3204 2198 3239 ιε
2247 3187 2399 3258 τιμᾷ.
2459 3188 2493 3258 ή
2539 3187 2596 3240 δὲ
2639 3186 2834 3259 καρδία
2875 3189 3052 3242 αὐτῶν
3106 3191 3297 3262 πόρρω
3354 3190 3554 3259 ἀπέχει
3615 3192 3716 3244 ἀπ’

451 3280 544 3333 isti
568 3280 634 3334 de
649 3277 1071 3334 circumcisione
1091 3277 1321 3331 oderant
1341 3275 1677 3345 disciplinam
1701 3272 1766 3326 in
1789 3272 2019 3327 adventu

2152 3278 2282 3350 poi}.
2340 3298 2358 3330 ι
2401 3280 2462 3332 Οἱ
2499 3278 2562 3332 ὲκ
2604 3279 2904 3350 περιτομῆς
2941 3280 3210 3352 ἐμίσησαν
3247 3280 3497 3334 παιδείαν
3544 3284 3602 3334 εν
3650 3286 3717 3353 τῇ

449 3370 676 3436 Christi,
707 3377 762 3425 et
803 3381 1084 3424 sermones
1117 3366 1212 3421 Dei
1239 3381 1376 3435 quos
1417 3363 1576 3420 Jesus
1609 3361 1860 3419 Christus
1899 3375 2019 3431 pro-

2152 3367 2391 3439 ,πιδημίᾳ
2413 3366 2667 3438 Χριστοῦ,
2687 3367 2779 3420 καὶ
2797 3369 3191 3440 ἐκϐεϐλήκασιν
3212 3373 3290 3434 είς
3307 3370 3373 3423 τά
3393 3371 3573 3423 ὀπίσω
3587 3375 3721 3435 τοὺς

452 3462 706 3526 ferebat,
755 3472 1058 3518 retrorsum
1098 3459 1494 3530 projiciebant;
1545 3457 1845 3513 currebant
1895 3467 2019 3508 vero

2152 3460 2214 3514 ςιὰ
2243 3459 2414 3532 Ἰησοῦ
2446 3459 2685 3536 Χριστοῦ
2703 3459 2891 3530 λόγους
2907 3461 3000 3514 τοῦ
3018 3461 3173 3514 Θεοῦ·
3197 3461 3530 3535 συνέδραμον
3561 3464 3622 3515 δὲ

450 3569 574 3609 cum
603 3552 722 3608 lure
749 3567 813 3608 ac
838 3551 1119 3623 proditore
1156 3550 1318 3618 Juda,
1351 3560 1406 3606 et
1436 3565 1558 3605 cum
1583 3550 1845 3605 adulteris
1878 3548 2019 3618 ligna

2152 3551 2337 3624 ιλέπτῃ
2357 3551 2450 3604 καὶ
2482 3551 2721 3625 προδότῃ
2753 3550 2943 3616 Ἰούδα,
2964 3553 3056 3605 καὶ
3072 3551 3208 3622 μετὰ
3222 3553 3328 3604 τῶν
3348 3555 3721 3623 male.)th

447 3647 740 3720 et-lapides
761 3646 1075 3714 portionem
1104 3659 1256 3699 suam
1292 3643 1602 3714 ponebant;
1637 3653 1690 3696 et
1721 3641 1865 3711 apud
1887 3642 2022 3696 alios

448 3748 612 3796 etiam
641 3738 799 3794 fratri
828 3752 951 3802 suo,
983 3735 1192 3792 scilicet
1219 3737 1418 3806 populo
1443 3751 1507 3790 ex
1539 3737 1811 3804 gentibus,
1847 3735 2023 3790 obtre-

2128 3642 2260 3710 ξύλα
2291 3644 2384 3697 καὶ
2407 3643 2586 3707 λίθους
2615 3643 2814 3715 ἔθηκαν
2849 3645 3053 3699 ἑαυτῶν
3079 3644 3177 3715 τὴν
3203 3645 3415 3717 μερίδα’
3449 3647 3548 3700 καὶ
3575 3647 3722 3717 πρὸς

2128 3736 2322 3801 ἄλλους
2343 3736 2702 3790 καταλαλοῦσι
2721 3736 2815 3791 τοῦ
2833 3736 2890 3803 ἐξ
2918 3738 3086 3792 ἐθνῶν
3103 3737 3330 3807 ἀδελφοῦ
3356 3739 3540 3792 αὐτῶν
3555 3739 3718 3792 λαοῦ·

445 3839 636 3898 ctant,
668 3830 799 3900 quin
842 3840 897 3886 et
934 3826 1233 3884 couterinis
1266 3829 1400 3894 suis,
1444 3827 1650 3882 scilicet
1685 3826 1933 3882 ﬁdelibus
1955 3826 2019 3880 de

2152 3829 2261 3883 ιλλὰ
2274 3830 2367 3882 καὶ
2388 3829 2506 3883 κατ’
2521 3828 2696 3883 αὐτῶν
2711 3829 2816 3884 τῶν
2831 3831 3201 3902 δμομητριῶν,
3217 3833 3308 3884 καὶ
3323 3835 3388 3885 ὲκ
3399 3832 3723 3904 περιτομῆς

449 3923 884 3988 circumcisione,
908 3922 1168 3979 scandala
1187 3931 1412 3992 ponunt,
1436 3921 1679 3976 volentes
1700 3921 1845 3988 ipsos
1867 3933 2019 3973 aver-

2152 3922 2490 3975 ιιστευόντων
2520 3921 2790 3975 σκάνδαλα
2830 3921 3064 3988 τιθέασι,
3096 3923 3414 3994 βουλόμενοι
3457 3925 3724 3998 διαστρέ-

453 4028 598 4074 tere:
633 4026 921 4088 propterea
961 4014 1112 4070 siluit
1137 4015 1267 4084 ipsis
1311 4013 1474 4068 Deus.
1515 4011 1810 4082 Oportebat
1839 4019 2019 4065 autem

2152 4032 2246 4068 ιειν
2279 4013 2496 4078 αὐτούς’
2532 4013 2624 4067 διὰ
2650 4013 2821 4068 ταῦτα
2848 4015 3103 4085 ἐσίγησεν
3130 4017 3312 4078 αὐτοῖς
3342 4017 3372 4068 ὁ
3401 4016 3560 4080 Θεός.
3585 4019 3722 4070 Δέον

453 4108 574 4164 illos
609 4109 662 4164 in
689 4105 864 4165 oculis
891 4121 1038 4174 esse,
1067 4121 1254 4162 verum
1283 4105 1501 4178 projicit
1531 4120 1625 4160 cos
1661 4113 1981 4159 retrorsum.

2152 4106 2182 4158 ἑὲ
2216 4106 2413 4169 αὐτοὺς
2446 4103 2584 4159 εἶναι
2612 4105 2720 4177 πρὸ
2739 4104 3054 4175 ὀφθαλμῶν,
3084 4109 3112 4161 ὁ
3133 4107 3189 4161 δὲ
3215 4107 3470 4161 ὲκὸάλλει
3505 4109 3716 4172 αὐτοὺς

2123 4199 2206 4265 εἰς
2235 4197 2303 4252 τὰ
2335 4197 2527 4252 ὀπίσω.

2203 4290 2314 4345 Τοῦ
2341 4290 2546 4345 αὐτοῦ.
2578 4292 2697 4344 Ὅτι
2739 4293 2800 4345 ού
2841 4291 2919 4343 δεῖ
2949 4290 3020 4362 (6)
3050 4293 3433 4364 ἁμαρτάνοντά
3477 4313 3608 4348 τινα
3661 4297 3722 4348 ἐν

2050 4391 2096 4450 ι)
2124 4380 2444 4436 διδασκάλου
2480 4381 2912 4452 προκαθέζεσθαι
2935 4383 3106 4449 τάξει.

2191 4475 2275 4530 Σὺ
2321 4475 2389 4528 δὲ
2425 4475 2721 4545 ἐμίσησας
2757 4475 3054 4542 παιδείαν,
3094 4495 3146 4530 κ.
3174 4494 3224 4530 τ.
3255 4479 3303 4534 ὲ.
3336 4477 3566 4532 Παιδεία
3599 4478 3720 4531 ἐστὶ

2122 4567 2203 4644 (7)
2234 4569 2622 4641 μετριοπάθεια
2655 4567 2863 4622 παθῶν.

2196 4662 2304 4717 Καὶ
2347 4661 2496 4730 μετά
2533 4659 2754 4729 μοιχῶν
2803 4661 2918 4729 τὴν
2949 4661 3159 4731 μερίδα
3199 4675 3318 4715 σου
3353 4659 3615 4727 ἐτίθεις,
3661 4681 3722 4717 κ.

451 4751 564 4814 bas,
587 4760 691 4803 etc.
726 4749 906 4804 Portio
936 4759 1122 4805 nostra
1144 4756 1228 4804 est
1255 4746 1493 4818 cognitio
1514 4744 1633 4801 Dei.
1661 4742 1816 4799 Hauc
1839 4755 2018 4799 autent

2152 4774 2174 4809 τ.
2212 4755 2258 4807 ὲ.
2307 4753 2370 4806 Ἠ
2419 4755 2574 4824 μερὶς
2607 4752 2762 4824 ἡμῶν
2794 4753 2868 4823 (8)
2908 4755 3053 4806 ἐστιν
3094 4754 3126 4823 ἡ
3171 4751 3369 4822 γνῶσις
3402 4753 3498 4805 τοῦ
3553 4751 3721 4806 Θεοῦ.

514 4292 804 4362 Ejusdem.
839 4291 978 4358 Quia
1014 4307 1116 4346 non
1156 4299 1370 4360 oportet
1407 4297 1748 4360 peccatorem
1775 4287 2018 4342 doctoris

449 4399 676 4440 munere
706 4384 880 4453 fungi.

519 4474 686 4530 Vsus.
733 4475 819 4528 Π.
851 4473 930 4527 Tu
957 4489 1074 4528 vero
1109 4472 1271 4528 odisti
1302 4469 1661 4540 disciplinam,
1700 4477 1807 4525 etc.
1840 4468 2014 4525 Disci-

448 4568 594 4638 plina
619 4575 702 4622 est
723 4565 1009 4620 aﬁectuum
1038 4564 1248 4619 modica
1273 4560 1629 4633 perturbatio.

520 4657 683 4714 VBRS.
717 4658 804 4712 18.
835 4656 903 4712 Et
934 4674 1054 4713 cum
1083 4655 1345 4711 adulteris
1367 4654 1665 4724 portionem
1689 4661 1831 4706 tuam
1861 4667 2021 4721 pone-

2199 2538 2282 2606 Τῷ
2308 2539 2375 2593 δὲ
2396 2538 2720 2609 ἀμαρτωλῷ
2741 2540 2912 2594 εἶπεν
2933 2543 2966 2594 ὁ
2991 2541 3155 2608 Θεός’
3190 2541 3314 2594 Ἵνα
3341 2541 3397 2594 τί
3421 2541 3503 2594 σὺ
3525 2540 3704 2609 διηγῇ
3805 2535 3808 2540 ’

449 4857 570 4898 eum
595 4842 855 4898 adulteris
883 4842 1156 4912 ponimus,
1179 4857 1301 4896 cum
1335 4839 1550 4894 illorum
1588 4837 1892 4908 portionem
1928 4853 2019 4892 as-

447 4937 734 4994 sumimus.
761 4937 1079 4991 Adulterum
1119 4936 1226 4990 hoc
1258 4934 1378 4989 loco
1421 4932 1806 4988 fornicatorem
1842 4940 2018 4994 vocat,

448 5016 516 5085 et‘
532 5030 870 5099 quibuslibet
900 5027 1222 5084 libidinibus
1250 5027 1512 5082 deditum.

2127 4847 2342 4918 Ταύτην
2385 4847 2441 4900 δὲ
2481 4846 2699 4917 τίθεμεν
2737 4846 2873 4916 μετὰ
2908 4845 3132 4917 μοιχῶν,
3176 4844 3272 4915 τὴν
3310 4846 3540 4898 ἐκείνων
3583 4849 3724 4901 ἀνα-

2124 4938 2508 5008 λαμϐάνοντες.
2542 4937 2743 5008 Μοιχὸν
2788 4937 3022 4992 ἐνταῦθα
3056 4937 3144 4991 τὸν
3173 4937 3371 5009 πόρνον
3411 4938 3595 5004 καλεῖ,
3625 4940 3730 4993 καὶ

2125 5033 2372 5084 παντοῖον
2398 5030 2714 5085 ἀκόλαστον.

519 5175 564 5206 ⁸⁸
593 5174 752 5232 Rom.
794 5191 908 5240 rut,
935 5173 1027 5240 29,
1057 5173 1148 5233 50.
1220 5176 1261 5206 ³⁷
1289 5174 1442 5232 Joan.
1477 5192 1526 5243 ν,
1563 5176 1653 5232 99.
1735 5177 1778 5207 ⁸⁸
1816 5176 2005 5232 Matth.

2152 5179 2206 5247 9,
2286 5182 2332 5212 "
2362 5178 2507 5234 Psal.
2534 5195 2587 5245 ι,
2624 5179 2710 5232 19.
2789 5177 2833 5210 ⁸⁸
2858 5177 3046 5231 Matth.
3079 5191 3168 5242 xv,
3193 5177 3247 5232 8.

519 5317 596 5387 (1)
644 5317 928 5372 Ἐνταῦθα
959 5317 1296 5387 προδήλως,
1335 5329 1440 5373 etc.
1499 5319 1678 5374 Codex
1737 5317 2022 5374 Coisliuia-

447 5403 598 5600 “(3)
629 5460 768 5544 Περὶ
791 5458 930 5524 τῶν,
955 5469 1061 5514 etc.
1089 5459 1291 5515 Catena
1324 5458 1598 5540 Corderii..

542 5529 596 5600 5)
629 5534 831 5600 Παντα
873 5532 1053 5600 λέγει,
1103 5541 1210 5586 etc.
1280 5529 1461 5585 Codex
1508 5528 1598 5582 Cor

542 5528 596 5600 5)
629 5528 831 5600 Πάντα
873 5532 1053 5600 λέγει,
1103 5541 1210 5586 etc.
1280 5529 1461 5585 Codex
1508 5528 1899 5596 Coisliuiauus,
1965 5543 2019 5587 ct

449 5599 658 5654 scheda!
681 5599 889 5655 Grabii.

513 5668 587 5734 (ὦ)
637 5670 882 5737 Ἀναιρεῐ
916 5673 1150 5738 θυσίας,
1189 5682 1293 5728 etc.
1319 5671 1479 5727 Iidem
1522 5687 1652 5727 mss.

2195 5323 2273 5394 (5)
2305 5323 2387 5377 Οὐ
2414 5323 2631 5392 μόνον,
2665 5329 2775 5374 etc.
2808 5318 3012 5374 Catena
3041 5316 3306 5373 Corderii.

2137 5488 2151 5541 1
2193 5415 2273 5540 (ἐξ)
2307 5415 2433 5538 "(btet
2464 5416 2534 5467 οὐ
2565 5411 2675 5476 δεῖ,
2706 5421 2810 5468 etc.
2841 5411 3016 5468 Codex
3045 5408 3420 5492 Coisliuiauus
3461 5417 3522 5463 et
3551 5405 3732 5464 sche-

2121 5504 2200 5541 (ἱὲ
2283 5501 2334 5538 Γιι
2381 5502 2435 5538 ΙΙ.

2189 5578 2264 5647 (7)
2292 5575 2534 5630 Παιδεία
2573 5575 2728 5639 ἐστί,
2765 5583 2870 5629 etc.
2902 5574 3066 5628 Iidem
3105 5587 3238 5627 mss.

2190 5671 2267 5736 (8)
2320 5669 2392 5723 ’Π
2413 5666 2579 5734 μέρις
2605 5665 2798 5733 ἡμῶν,
2831 5675 2939 5722 etc.
2972 5664 3132 5720 Iidem
3179 5677 3310 5718 mss.
