3808 6510
1115 324 1424 383 SELECTA
1455 321 1522 380 IN
1560 322 1898 380 PSALMOS.
1941 355 2005 365 —
2049 323 2243 380 PSAL.
2283 323 2344 380 L.
3238 321 3397 380 HM.

1879 444 2040 500 Vsus.
2066 445 2156 499 2|.
2183 445 2517 501 Existimasti
2544 443 2717 515 inique
2741 444 2882 514 quod
2912 459 3000 498 ero
3039 444 3116 498 tui
3156 442 3373 507 similis,

1802 549 1908 596 ctc.
1941 538 2254 594 Similitudo
2277 549 2360 594 est
2395 553 2454 593 ea
2491 553 2610 608 quae
2637 553 2730 608 per
2761 538 2901 594 bona
2943 552 3106 607 opera
3154 537 3212 591 iit
3247 539 3374 591 imi-

1802 633 1954 686 tatio.
1981 632 2344 697 Quamobrem
2371 647 2475 686 non
2506 632 2903 700 peccatoribus,
2923 632 3014 686 sed
3043 640 3188 686 recte
3211 647 3378 701 agen-

143 327 258 384 ΗΕΒ

207 449 507 514 ¹Ι’πέ.1α6ες
536 448 810 518 ἀνομίαν,
843 449 931 504 ὅτι
982 449 1197 519 ἔσομαί
1243 465 1342 503 σοι
1382 448 1602 518 ὅμοιος,
1638 464 1692 500 κ.
1726 450 1773 507 Α

132 559 178 596 τ.
203 543 242 596 ὲ.
271 543 550 612 Ὀμοίωσίς
580 544 726 598 ἐστιν
753 544 826 616 (9)
857 543 1006 616 ἡδιὰ
1046 543 1154 596 τῶν
1194 541 1413 612 ἀγαθῶν
1444 539 1694 612 πράξεων

140 635 367 706 μίμησις.
423 634 622 708 Διόπερ
654 637 715 689 ού
769 639 881 699 τοῖς
934 635 1355 708 ἁμαρτάνουσιν,
1407 632 1542 688 ἁλλά
1587 633 1696 696 τοῖς

134 727 467 799 κατορθοῦσιν
500 726 840 798 ἐξομοιοῦται
872 730 900 780 ὁ
929 729 1152 798 Κύριος.

196 816 426 882 Μήποτε
476 816 744 885 ἁρπάσῃ,
778 818 874 870 καὶ
919 819 990 871 οὐ
1018 817 1103 886 μὴ
1146 812 1186 888 ᾖ
1227 820 1259 869 ό
1294 818 1609 885 ῥυόμενος,
1640 831 1698 868 κ.

131 925 178 961 τ.
200 909 242 962 ὲ.
257 906 583 980 Ἀρπάζεται
608 909 754 980 ψυχὴ
773 908 883 979 (10)
903 908 1177 972 παντελῶς
1205 907 1512 960 ἐκπεσοῦσα
1535 905 1691 958 Θεοῦ.

197 1001 378 1054 Θυσία
403 1003 685 1068 αἰνέσεως
726 1000 971 1066 δοξάσει
997 1018 1091 1069 με,
1124 1019 1177 1054 κ.
1213 1017 1261 1054 τ.
1299 1001 1344 1053 ὲ.
1389 1001 1476 1052 Ἐν
1509 1003 1574 1070 τῇ
1607 997 1700 1051 Ου-

134 1093 216 1164 σίξι
263 1094 389 1164 (Η),
434 1096 586 1166 φησὶ,
633 1095 732 1166 τῆς
776 1095 1032 1158 αἰνέσεως
1079 1094 1196 1159 ὁδός
1248 1095 1364 1148 ἐστι
1405 1094 1502 1164 τῆς
1550 1090 1701 1164 παρά

132 1181 240 1254 Θεῷ
266 1185 552 1256 σωτηρίας.
584 1185 757 1239 Θυσία
787 1186 844 1238 δὲ
875 1185 1133 1248 αἰνέσεως
1174 1185 1383 1250 δοξάσει
1413 1183 1566 1256 ἡμῶν
1607 1182 1699 1236 τὸν

132 1274 272 1338 Θεὸν,
303 1277 385 1328 ὅτι
413 1277 462 1328 oi
491 1277 778 1348 βλέποντες
804 1278 872 1331 τά
898 1277 1040 1332 καλὰ
1068 1277 1223 1349 ἡμῶν
1253 1277 1388 1351 ἔργα
1417 1277 1700 1341 δοξάσουσι

132 1366 214 1418 τὸν
241 1367 453 1438 Πατέρα
477 1370 510 1439 η
521 1367 634 1438 μῶν
667 1368 757 1422 τὸν
789 1372 846 1423 ὲν
874 1372 985 1434 τοῖς
1011 1369 1277 1441 οὐρανοῖς.
1297 1369 1386 1420 Ἐν
1410 1366 1466 1421 δὲ
1493 1365 1702 1430 τούτοις

131 1455 288 1512 ὄντων
317 1459 493 1530 ἡμῶν,
522 1460 728 1533 ἐστὶνή
767 1462 885 1526 ὁδὸς
929 1465 987 1517 ὲν
1100 1461 1260 1526 δείξει
1307 1463 1436 1532 ἡμῖν
1488 1461 1516 1512 ὁ
1569 1459 1700 1523 Θεὸς

132 1547 194 1606 τὸ
235 1556 492 1626 σωτήριον
527 1555 743 1612 ἑαυτοῦ.

1705 1719 1775 1737 Η

714 1844 1012 1899 ΨΑΛΜΟΣ
1051 1846 1131 1898 N'.

133 1936 236 2008 ΗΞ)
287 1938 381 1991 Ἐκ
423 1937 541 2008 τῶν
581 1939 669 2003 είς
712 1939 819 1992 τὸν
855 1945 905 1992 ν’
951 1939 1197 2007 ψαλμὸν
1235 1933 1607 2008 ἐξηγητικῶν

196 2006 353 2080 μέρει
382 2007 493 2076 τῆς
523 2009 671 2062 κατὰ
701 2008 807 2062 τὸν
835 2006 1055 2078 Οὐρίαν
1080 2006 1490 2078 ἰστορίαςήτὴν
1514 2006 1712 2078 ἀρχὴν

197 2079 645 2150 ἀλληγορήσας,
677 2076 963 2149 ἐπιφέρει.

631 2119 645 2144 ,
677 2099 963 2144 επιςρερει.

198 2168 258 2220 Ei
286 2166 342 2219 δέ
367 2184 445 2236 τῳ
481 2165 655 2236 βίαιον
685 2161 822 2219 εἶναι
852 2164 1085 2219 δοκεῖτὸ
1124 2167 1188 2221 ὲκ
1220 2163 1418 2238 μέρους
1449 2165 1544 2238 μὲν
1572 2167 1712 2221 ίστο-

138 2260 253 2332 ρίαν
291 2255 684 2329 άλληγορῆσαι,
722 2257 795 2328 μὴ
841 2256 1160 2329 ἐξομαλίσαι
1203 2257 1257 2310 δὲ
1304 2257 1506 2329 αὐτὴν,
1555 2257 1714 2328 δῆλον

129 2354 208 2407 ὅτι
237 2353 408 2407 ταῦτα
445 2350 542 2422 μὲν
584 2351 759 2422 μάτην
791 2350 1085 2418 λελέξεται,
1123 2350 1256 2405 ἄλλα
1289 2351 1343 2404 δὲ
1375 2354 1454 2416 εἰς
1495 2352 1586 2405 τὸν
1627 2352 1714 2405 τό-

133 2464 230 2500 πον
273 2445 562 2516 ζητητέον·
597 2447 644 2498 εί
695 2445 769 2516 μὴ
819 2445 928 2516 ἄρα
976 2445 1068 2496 ἐπὶ
1105 2444 1264 2498 πλέον
1302 2463 1384 2508 τις
1420 2445 1715 2516 βασανίσας

131 2537 200 2592 τὰ
250 2537 390 2592 κατά
446 2538 536 2592 τὸν
581 2537 770 2600 τόπον,
817 2534 967 2608 εύροι
1023 2538 1200 2590 πάντα
1247 2539 1712 2608 ἀποκαταστῆσαι,

135 2628 225 2681 καὶ
251 2628 316 2681 τὰ
348 2627 476 2698 περὶ
502 2626 592 2681 τὸν
613 2627 962 2700 ἀναιρεθέντα
995 2627 1181 2700 ἄνδρα,
1207 2630 1302 2682 καὶ
1326 2629 1424 2700 τὴν
1452 2629 1714 2684 δοκοῦσαν

130 2717 293 2772 αὑτοῦ
326 2719 702 2791 χρηστότητα·
740 2719 812 2790 μὴ
854 2718 1176 2790 βουλομένου
1211 2722 1290 2783 είς
1330 2721 1418 2773 τὸν
1446 2717 1590 2774 οἷκον
1618 2723 1716 2775 αύ-

127 2809 222 2863 τοῦ
250 2810 502 2879 γενέσθαι
536 2813 629 2864 καὶ
667 2809 1061 2875 ἀναπαύεσθαι,
1096 2809 1188 2864 τοῦ
1237 2810 1366 2865 λαοῦ
1405 2813 1462 2866 ἐν
1493 2827 1715 2883 στρατο-

127 2903 272 2974 πέδῳ
303 2903 659 2974 τυγχάνοντος
683 2903 775 2958 καὶ
796 2903 1156 2972 ἀγωνιῶντος.
1187 2905 1300 2958 Ούκ
1340 2901 1456 2959 οἴδα
1501 2905 1558 2959 δὲ
1598 2906 1714 2970 πῶς

123 2998 178 3050 οἱ
213 2997 502 3065 φεύγοντες
527 2993 625 3068 τὴν
668 2997 723 3050 ἐν
767 2995 976 3060 τούτοις
1004 2997 1349 3069 ἀλληγορίαν,
1380 2999 1474 3051 καὶ
1505 2999 1602 3071 τὴν
1629 3000 1716 3053 λέ-

123 3087 212 3156 ξιν
239 3089 304 3143 δι’
339 3089 538 3160 ἑαυτὴν
596 3090 1008 3162 ἀναγεγράφθαι
1057 3092 1386 3162 νομίζοντες,
1431 3093 1712 3163 παραστή-

1804 722 1946 777 tibus
1974 721 2309 775 assimilatur
2339 721 2621 777 Dominus.

1879 811 2038 868 Vens.
2064 807 2156 865 22.
2193 811 2486 881 Nequando
2525 815 2720 884 rapiat,
2752 822 2801 868 et
2837 831 2939 868 non
2963 816 3029 868 sit
3054 819 3142 885 qui
3162 813 3378 885 eripiat,

1807 913 1913 960 etc.
1948 904 2173 971 Rapitur
2208 905 2410 967 anima,
2433 918 2554 972 quae
2582 905 2805 959 omnino
2829 921 2856 958 a
2889 905 2994 959 Deo
3020 905 3242 960 excidit.

1880 995 2042 1050 Vsus.
2077 996 2166 1050 25.
2194 993 2528 1064 Sacriﬁcium
2559 995 2732 1051 laudis
2762 998 3131 1066 honoriﬁcabit
3153 1006 3377 1064 me,etc.

1806 1089 1864 1144 In
1889 1088 2181 1155 sacriﬁcio,
2216 1089 2412 1159 inquit,
2451 1089 2628 1145 laudis
2657 1099 2743 1145 est
2782 1091 2920 1160 apud
2954 1091 3119 1146 Deum
3157 1091 3244 1145 via
3287 1106 3381 1146 sa-

1809 1180 1957 1236 lutis.
1996 1179 2334 1235 Sacrificium
2366 1182 2557 1251 autem;
2581 1181 2754 1236 laudis
2805 1181 3184 1238 honoriiiCabit
3214 1185 3380 1237 Deum

1808 1281 2075 1336 nostrum,
2105 1271 2233 1341 quia
2263 1271 2353 1340 qui
2380 1273 2745 1342 videutopcra
2785 1283 2969 1326 nostra
3018 1275 3176 1337 bona,
3219 1272 3384 1343 glori-

1808 1365 2050 1420 ﬁcabunt
2077 1363 2290 1418 Patrem
2322 1375 2567 1420 nostrum
2596 1364 2690 1435 qui
2724 1365 2775 1420 in
2807 1365 2960 1420 cmlis
3002 1375 3080 1421 est
3117 1363 3183 1419 ³¹.
3213 1365 3385 1421 (ἔθειρα

1808 1474 1926 1515 rum
1967 1459 2094 1514 dum
2131 1459 2182 1513 in
2213 1459 2298 1513 his
2325 1473 2626 1524 versamur,
2666 1457 2816 1513 adest
2844 1458 3001 1514 nobis
3039 1459 3146 1526 via,
3187 1458 3241 1514 in
3277 1472 3383 1526 qua

1808 1551 2057 1608 ostendet
2089 1552 2246 1607 nobis
2281 1551 2421 1607 Dens
2451 1551 2694 1606 salutare
2733 1567 2912 1606 suum.

2401 1830 2718 1891 PSALllUS
2757 1831 2817 1889 L.

1817 1935 1901 1991 Ea:
1919 1933 2307 1990 commentariis
2340 1934 2395 1986 in
2428 1933 2688 2003 psalmum
2724 1949 2754 1986 ι.
2775 1973 2790 1994 ,
2829 1941 3102 2001 postquam
3141 1949 3205 1988 ex
3237 1942 3388 2003 parte

1883 2005 2201 2147 principium
2231 2004 2467 2059 historice
2516 2001 2660 2058 Uria:
2705 2003 2982 2074 allegorice
3010 2001 3268 2073 exposuit,
3303 2005 3387 2059 in-

1909 2089 2006 2131 ενι.
3105 2084 3110 2087 “

1884 2169 1942 2224 Si
1984 2171 2069 2224 cui
2109 2176 2290 2224 autem
2324 2169 2622 2222 violentum
2667 2181 2788 2222 csse
2817 2166 3050 2230 videtur,
3078 2169 3219 2238 quod
3265 2182 3390 2238 ρει-ι

1816 2273 1920 2319 tem
1955 2261 2194 2318 historia:
2217 2263 2506 2332 allegorice
2530 2262 2899 2332 eXposnerim,
2934 2277 3037 2317 nec
3061 2277 3181 2317 eam
3205 2278 3390 2333 aequa-

1817 2353 2000 2410 bilitcr
2028 2359 2416 2426 interpretatus
2465 2356 2592 2424 slm,
2634 2365 2876 2425 apertum
2922 2365 3002 2409 est
3037 2356 3150 2410 haec
3185 2366 3390 2410 temere

1819 2449 2020 2503 dictum
2052 2449 2257 2514 iri,alia
2279 2449 2472 2504 veroin
2507 2449 2648 2504 hunc
2679 2449 2853 2503 locum
2887 2450 3204 2519 inquirenda
3233 2461 3388 2515 esse;

1823 2541 1923 2596 nisi
1954 2541 2095 2596 forte
2119 2544 2210 2612 qui
2253 2542 2396 2597 hunc
2430 2542 2606 2596 locum
2641 2540 3058 2597 accuratissime
3094 2541 3392 2612 perpende-

1822 2633 1913 2698 rit,
1946 2634 2189 2688 inveniat
2224 2636 2492 2704 quomodo
2534 2635 2714 2688 omnia
2755 2634 3009 2689 conciliet
3032 2674 3046 2700 ,
3084 2645 3138 2688 et
3171 2625 3396 2688 honticii

1818 2725 1985 2792 dium,
2020 2725 2182 2797 724
2203 2737 2256 2779 et
2281 2741 2400 2780 eam
2427 2740 2546 2795 quzr
2583 2726 2634 2778 in
2679 2727 2792 2794 ipso
2828 2725 3136 2792 videbatur,
3173 2725 3390 2780 b0nita~

1821 2825 1960 2872 tem:
1996 2819 2166 2872 noluit
2192 2819 2390 2888 quippe
2423 2819 2642 2872 domum
2693 2833 2846 2872 suam
2880 2819 3029 2872 adire
3073 2819 3258 2889 ibique
3306 2835 3393 2871 re-

1817 2911 2124 2981 quiescere,
2156 2911 2280 2965 dum
2319 2911 2546 2980 populus
2585 2910 2636 2963 in
2677 2911 2870 2964 castris
2901 2919 3099 2963 eratet
3144 2907 3390 2964 militiam

1819 3001 2101 3059 tolerabat.
2138 3003 2245 3055 Sed
2279 3004 2464 3054 nescio
2493 3001 2764 3070 quomodo
2807 3001 2897 3069 qui
2939 3000 3290 3068 allegoricum
3341 3003 3392 3053 in

1822 3099 1909 3153 his
1936 3111 2155 3152 sensum
2193 3095 2380 3148 nolunt
2419 3093 2743 3157 admittere,
2769 3102 2816 3148 et
2851 3093 3141 3148 dictionem
3173 3104 3398 3164 propter

127 3199 313 3236 σονται
337 3181 416 3253 τῷ
448 3181 742 3252 βουλήματι
769 3183 862 3237 τοῦ
899 3183 1050 3251 ἁγίου
1082 3182 1396 3254 Πνεύματος
1419 3183 1709 3256 πράγματα

1828 3206 1882 3247 se
1915 3189 2446 3259 nudeque'scriptam
2492 3201 2612 3241 esse
2651 3194 2861 3256 putant,
2906 3198 3268 3256 assequentur
3300 3202 3396 3239 vu-

121 3275 453 3347 ἀναγραφῆς
499 3275 862 3342 ἀξιώσαντοςο
900 3275 984 3344 ἐφ’
1019 3271 1099 3338 οἷς
1135 3275 1197 3327 οὐ
1237 3275 1396 3345 μόνον
1434 3275 1714 3339 ἀκολασία,

120 3365 265 3420 ἀλλά
298 3367 394 3420 καὶ
422 3367 642 3438 ὠμότης
685 3368 778 3420 καὶ
809 3366 1174 3438 ἀπανθρωπία
1208 3369 1594 3437 κατηγορεῖται
1623 3365 1717 3419 τοῦ

120 3459 316 3523 Δαυῒδ,
345 3460 712 3532 τολμήσαντος
746 3463 825 3525 είς
846 3459 934 3513 τὸν
961 3460 1162 3532 Οὐρίαν
1183 3461 1412 3531 πρᾶγμα
1441 3458 1718 3531 ἀλλότριον

118 3553 224 3606 καὶ
258 3551 353 3606 τοῦ
395 3553 647 3624 τυχόντος
672 3553 834 3624 ἦοους
868 3552 1100 3624 μετρίως
1137 3550 1528 3620 βελτιωθέντος.
1579 3549 1718 3620 Ἐγὼ

114 3645 185 3698 δὲ
218 3645 427 3717 εἴποιμι
459 3645 545 3710 ἂν,
580 3647 681 3710 ὅτι,
713 3645 904 3716 ῶσπερ
933 3647 986 3698 αἱ
1020 3644 1229 3716 κρίσεις
1257 3644 1352 3698 τοῦ
1382 3645 1516 3698 Θεοῦ
1554 3645 1720 3716 μεγά-

115 3733 218 3792 λαι
260 3740 353 3792 καὶ
385 3735 729 3810 δυσδιήγητοί
773 3742 900 3804 εἰσι,
936 3738 1188 3794 δοκοῦσαι
1223 3737 1393 3792 αἰτίαι
1433 3740 1719 3810 τυγχάνειν

114 3833 222 3886 τοῦ
251 3832 352 3897 τὰς
381 3833 741 3897 ἀπαιδεύτους
773 3833 1076 3888 πλανᾶσθαι
1103 3833 1302 3904 ψυχὰς,
1349 3831 1490 3886 οὕτω
1540 3833 1633 3887 καὶ
1663 3835 1718 3887 αἱ

115 3924 350 3997 Γραφαὶ
386 3922 548 3979 αὐτοῦ
584 3927 818 3998 μεγάλαι
857 3927 952 3998 μὲν
987 3928 1081 3982 καὶ
1127 3922 1552 3999 πεπληρωμέναι
1596 3944 1719 3999 νοηι

120 4020 325 4090 μάτων
363 4019 500 4074 εἰσὶν
545 4021 870 4093 ἀπορρήτων
911 4019 1004 4072 καί
1039 4019 1314 4090 μυστικῶν
1353 4019 1447 4072 καὶ
1483 4018 1719 4071 δυσθεωο

122 4114 350 4183 ῥήτων*
383 4112 583 4185 σφόδρα
617 4113 673 4166 δὲ
717 4115 810 4166 καὶ
858 4111 1200 4184 δυσδιήγητοί
1251 4113 1377 4174 sict,
1415 4111 1510 4163 καὶ
1549 4108 1720 4163 αἰτίαι

111 4205 349 4258 δοκοῦσι
392 4205 485 4259 τοῦ
528 4206 629 4270 τὰς
669 4205 1024 4267 ἀπαιδεύτους
1073 4202 1372 4256 πλανᾶσθαι
1401 4203 1508 4255 τῶν
1542 4202 1722 4273 ἑτερο-

111 4292 301 4362 δόξων
351 4295 549 4368 ψυχὰς,
597 4296 1012 4368 ἀπερισκέπτως
1063 4297 1156 4350 καὶ
1205 4295 1340 4366 μετά
1393 4295 1723 4366 προπετείας

117 4391 585 4463 κατηγορούντων
625 4390 720 4444 τοῦ
765 4389 900 4444 Θεοῦ
937 4390 995 4456 ἐξ
1035 4382 1108 4443 ὧν
1151 4389 1211 4443 οὐ
1255 4388 1433 4442 νοοῦσι
1468 4388 1719 4460 Γραφῶν,

113 4483 227 4536 καὶ
268 4482 356 4534 διὰ
407 4481 564 4535 τοῦτο
617 4481 989 4535 ἐκπιπτόντων
1025 4481 1117 4534 ἐπὶ
1167 4478 1519 4549 ἀναπλασμὺν
1561 4477 1720 4532 ἄλλου

1822 3282 2084 3337 luutatem
2121 3281 2298 3334 sancti
2331 3279 2589 3349 Spiritus,
2615 3279 2706 3348 qni
2731 3279 3029 3348 scriptione
3060 3295 3146 3333 res
3188 3294 3284 3333 eas
3313 3281 3396 3331 di-

1820 3392 1955 3448 gnas
1979 3375 2268 3442 judicavit,
2301 3373 2357 3428 in
2389 3373 2585 3442 quibus
2619 3389 2725 3428 non
2772 3375 2946 3429 solum
2988 3374 3160 3442 turpis
3204 3375 3394 3440 libido,

1822 3469 1917 3524 sed
1945 3476 1995 3522 et
2029 3466 2323 3522 credulitas
2347 3475 2397 3520 et
2435 3466 2807 3520 inhumanitas
2851 3465 3016 3518 David
3044 3465 3394 3532 coarguitur,

1821 3562 1912 3632 qui
1971 3576 2136 3615 ausus
2175 3569 2320 3615 esset
2360 3574 2488 3627 erga
2533 3557 2718 3613 Uriam
2758 3556 2967 3612 facinus
3005 3553 3393 3612 alienissimum

1824 3669 1850 3705 a
1899 3653 2093 3721 quovis
2143 3651 2380 3711 homine.
2429 3650 2513 3703 vel
2561 3650 2910 3705 mediocriter
2951 3651 3105 3704 bonis
3147 3651 3394 3704 moribus

1821 3747 2057 3801 exculto.
2090 3745 2200 3816 Ego
2224 3753 2402 3799 atttem
2433 3745 2681 3808 dixerim,
2706 3743 3156 3813 quemadmodum
3189 3743 3395 3812 judicia

1823 3837 1915 3895 Dei
1933 3853 2126 3907 magna
2158 3835 2622 3905 etinexplicabilia
2656 3843 2872 3897 sunt,et
2899 3835 3152 3888 videntur
3175 3834 3398 3889 rudibus

1823 3931 2094 3986 mentibus
2128 3929 2332 3984 erroris
2382 3945 2597 3984 causam
2646 3931 2797 3994 dare,
2838 3929 2910 3982 ita
2943 3927 3036 3982 Dei
3085 3927 3398 3996 Scripturas

1825 4023 2269 4093 magnasquidem
2299 4030 2348 4078 et
2365 4024 2578 4078 arcanis
2605 4022 2977 4091 abstrusisque
2995 4035 3057 4076 ac
3073 4021 3398 4075 diliicillinue

1823 4115 2282 4172 considerationis
2313 4117 2602 4170 sententiis
2631 4116 2862 4170 refertas
2904 4129 3058 4180 esse;
3097 4114 3188 4168 sed
3220 4124 3273 4167 ct
3301 4112 3402 4166 difu

1827 4207 2122 4262 licillimam
2150 4209 2353 4263 habere
2381 4209 2827 4278 explicationem,
2853 4216 2908 4262 et
2937 4208 3104 4261 videri
3140 4209 3300 4261 rudes
3335 4224 3398 4260 ac

1825 4299 2056 4355 incultos
2089 4300 2467 4355 haereticorum
2505 4301 2715 4354 animos
2739 4301 2791 4353 in
2823 4314 3065 4354 errorem
3095 4299 3397 4367 impulisse,

1825 4396 1917 4464 qui
1943 4393 2347 4448 inconsiderate
2376 4401 2430 4448 et
2461 4393 2725 4463 praecipiti
2765 4393 3072 4446 temeritate
3107 4391 3273 4444 Deum
3306 4404 3398 4443 re-

1825 4486 2173 4558 prehendunt
2213 4502 2281 4540 ex
2317 4485 2384 4541 iis
2411 4501 2548 4554 quas
2578 4499 2684 4538 non
2715 4483 3045 4551 intelligunt,
3078 4481 3400 4551 Scripturis,

113 4573 296 4628 Θεοῦ.
341 4572 602 4644 Ἀσφαλὲς
628 4568 720 4627 οὖν
748 4574 807 4627 τὸ
840 4573 1154 4644 περιμένειν
1182 4571 1279 4643 τὴν
1307 4570 1600 4644 ἑρμηνείαν
1633 4569 1709 4622 τοὶ

1831 4579 2062 4648 indeque
2111 4577 2176 4630 ad
2209 4575 2372 4629 alium
2422 4574 2592 4628 Deum
2656 4569 2964 4641 fingendum
3022 4569 3401 4638 prolabuntur.

117 4662 472 4737 σαφηνιστοῦ
517 4668 720 4736 Λόγου,
772 4667 863 4720 καὶ
898 4683 916 4716 ‹
949 4665 1046 4736 τῆς
1091 4667 1147 4717 ὲν
1204 4665 1484 4734 μυστηρίῳ
1536 4663 1709 4731 σοφίας

1829 4667 2018 4737 Itaque
2049 4677 2220 4722 tutum
2245 4675 2330 4722 est
2373 4665 2748 4735 eXplanatoris
2795 4663 2957 4719 Verbi
2999 4662 3405 4730 interpretatio-

111 4760 666 4832 ἀποκεκρυμμένης,
693 4759 758 4830 ἥν
777 4758 952 4822 οὐδεὶς
979 4759 1086 4811 τῶν
1108 4757 1384 4829 ἀρχόντων
1410 4755 1503 4810 τοῦ
1533 4756 1709 4809 αἰῶνος

1831 4775 1957 4815 nem
1985 4770 2322 4830 exspectare,
2351 4767 2408 4812 et
2434 4779 2451 4810 ε
2494 4758 2612 4828 ejus
2639 4771 2756 4826 quae
2784 4757 2836 4810 in
2875 4754 3137 4826 mysterio
3164 4754 3401 4809 abscon-

107 4854 331 4908 τούτου
362 4850 586 4923 ἔγνωκε,
623 4853 764 4907 κατὰ
809 4850 1149 4920 ἀποκάλυψιν
1190 4849 1488 4921 μυστηρίου
1519 4849 1709 4921 χρόνοις

1834 4853 1944 4906 dita
1977 4863 2083 4916 est,
2134 4853 2430 4924 sapientiae,
2470 4866 2633 4921 quant
2687 4863 2845 4904 nemo
2891 4848 3197 4918 principum
3248 4845 3405 4912 hujus

110 4945 381 5010 αἰωνίοις
410 4945 790 5017 σεσιγημένου,
814 4965 832 4996 ι
860 4942 1262 5015 φανερωθέντος
1287 4945 1396 5006 τοῖς
1415 4939 1709 4995 ἀποστόλοις

1835 4947 2016 5002 saeculi
2055 4948 2223 5009 novit,
2258 4945 2552 4999 secundum
2586 4943 2966 4998 revelationeni
3002 4942 3242 5012 mysterii
3271 4951 3404 4996 tem-

108 5039 232 5092 ’καὶ
265 5039 380 5102 τοῖς
411 5039 640 5102 ἐκείνοις
672 5034 1093 5109 παραπλησίοις,
1126 5035 1214 5090 διά
1246 5051 1302 5088 τε
1329 5032 1560 5106 Γραφῶν
1599 5050 1709 5104 προ

1834 5041 2056 5108 poribus
2097 5038 2318 5093 :uternis
2371 5036 2670 5093 ahsconditi
2705 5037 2772 5100 ³’,
2819 5055 2836 5088 ι
2876 5035 3135 5090 declarati
3184 5040 3404 5100 aposto-

108 5130 391 5201 φητικῶν
437 5129 531 5184 καὶ
563 5132 662 5202 τῆς
701 5130 1000 5201 γενομένης
1038 5131 1118 5193 είς
1167 5129 1364 5190 αὐτοὺς
1412 5126 1709 5196 ὲτιιφανείω

1836 5129 1903 5186 lis
1933 5141 1988 5185 et
2014 5147 2200 5186 corum
2246 5129 2517 5185 similibus
2551 5143 2649 5200 per
2688 5129 3002 5199 Scripturas
3031 5125 3404 5195 propheticus,

102 5224 230 5277 τοῦ
283 5225 536 5297 Σωτῆρος
587 5225 742 5298 ἡμῶν
791 5225 964 5294 Λόγου
998 5222 1090 5278 τοῦ
1125 5243 1142 5273 ε
1170 5221 1228 5276 ὲν
1266 5222 1405 5292 ἀρχῇ
1459 5217 1594 5291 πρὸς
1641 5218 1709 5272 τδε

1835 5234 1887 5278 et
1917 5223 2222 5279 Servatoris
2251 5224 2420 5278 nostri
2448 5223 2644 5287 Verbi,
2679 5222 2820 5290 quod
2848 5239 2867 5273 ι
2900 5229 3020 5274 erat
3059 5220 3109 5272 iu
3139 5217 3404 5287 principio
3432 5229 3449 5244 '

107 5317 294 5371 Θεόν.
339 5338 357 5370 ι
1657 5323 1660 5326 ’

1837 5317 1976 5384 apud
2013 5317 2176 5370 Deum
2203 5315 2267 5380 ⁸³,
2301 5333 2318 5366 ι
2358 5316 2411 5369 in
2441 5315 2586 5384 ipsos
2608 5325 2875 5370 exortum.

219 5413 517 5481 Ἐλέησόν
547 5413 688 5484 με,ό
724 5409 887 5479 Θεὸς,
922 5429 974 5466 κ.
1003 5429 1055 5466 τ.
1088 5412 1134 5465 ἑ.
1182 5409 1350 5464 Ἐλεεῖ
1372 5406 1446 5461 δὲ
1491 5408 1589 5479 τὴν
1633 5405 1709 5478 φύη

1892 5405 2058 5464 Vens.
2073 5405 2127 5461 5.
2152 5406 2397 5462 Miserere
2416 5408 2536 5471 mei,
2559 5405 2718 5471 Deus,
2739 5413 2846 5459 etc.
2866 5402 3082 5457 Naturae
3101 5403 3406 5470 miseretur,

229 5556 276 5588 “
303 5556 494 5619 Matth,
519 5573 570 5618 ν,
600 5557 685 5610 l6.
742 5625 747 5630 δ
791 5555 836 5586 ³¹
864 5554 885 5609 ι
912 5553 1038 5611 Cor.
1074 5554 1195 5621 tt,7,
1232 5553 1299 5620 8;
1324 5554 1481 5609 Rom.
1515 5567 1625 5620 xw,
1647 5550 1739 5608 25.

208 5677 292 5744 (9)
333 5676 643 5747 Ὀμοίωσίς
668 5675 857 5740 ἐστιν,
883 5684 991 5747 etc.
1017 5671 1180 5730 Iidem
1209 5688 1339 5732 mss.

209 5747 338 5816 (10)
377 5746 714 5818 Ἀρπάζεται
741 5746 933 5816 ψυχή,
974 5756 1080 5802 etc.
1114 5747 1278 5818 Iidem
1306 5762 1438 5804 mss.

211 5819 334 5890 (ll)
370 5816 471 5874 ‘Ei-
501 5817 572 5888 τῇ
598 5819 798 5886 θυσίᾳ,
830 5829 933 5874 etc.
965 5818 1165 5874 Catena
1191 5816 1456 5874 Cordcril.

1853 5547 2074 5608 “Joan.
2102 5567 2143 5618 ι,
2175 5545 2227 5605 l.

1901 5673 2018 5757 (12)
2070 5673 2260 5730 Exstat
2306 5675 2410 5729 hoc
2457 5671 2819 5742 fragmentum
2866 5667 3176 5723 Phi/oculus
3233 5670 3411 5758 capite

1831 5760 2029 5815 primo.
