3944 6386
446 240 586 293 ηδε

1818 233 1910 289 EX
1948 233 2247 292 OﬂlGENE

3575 244 3704 302 1456

445 359 537 429 qui
582 366 829 412 naturam
879 353 1135 410 formavit
1175 353 1358 411 multis
1407 356 1611 412 morbis
1650 357 1992 413 obnoxiame

2123 375 2205 413 σιν
2235 357 2344 432 (l5)
2390 359 2420 412 6
2455 357 2665 425 πλάσας
2707 359 2879 433 αὐτὴν
2918 361 3313 421 πολονοσοῦσαν
3340 365 3402 420 τὸ
3444 367 3699 439 ἀδρανὲς·

447 451 796 509 imbecillem:
812 451 1014 522 peccati
1033 449 1175 506 enim
1196 449 1446 506 inventor
1464 463 1696 507 mentem
1718 456 2016 522 perturbat,

447 545 768 615 adjntricem
797 544 1007 600 habens
1049 543 1218 616 legem
1255 544 1308 600 in
1347 545 1606 601 membris
1647 546 1830 601 carnis
1877 545 2021 602 fero-

445 641 680 694 cientem
713 657 726 693 :
767 637 834 692 ad
869 638 1036 693 Deum
1076 651 1208 708 ergo
1237 637 1603 691 accedendum
1641 645 1762 702 est;
1801 637 1868 691 ab
1903 638 2019 706 ipso

444 733 588 786 enim
616 732 795 785 omnis
832 729 1113 784 fortitudo.
1149 728 1399 782 Forsitan
1437 743 1566 782 vero
1598 743 1718 782 cum
1759 729 2022 799 praevide-

453 834 560 888 ret,
591 823 706 878 fore
731 832 790 878 ut
809 823 1059 878 Christus
1079 822 1368 895 aliquando
1389 822 1440 875 in
1463 820 1622 875 terris
1653 821 2014 887 illucesceret,

437 927 496 971 et
525 929 687 971 onme
729 915 911 971 mundi
966 923 1246 985 peccatum
1286 913 1548 978 auferret,
1583 913 2015 969 misericordiam

444 1025 694 1081 magnam
740 1009 937 1064 merito
977 1009 1117 1062 hanc
1167 1007 1304 1061 adeo
1349 1003 1614 1073 insignem
1657 1015 1709 1058 et
1751 1005 2015 1059 illustrem

440 1108 672 1176 gratiam
701 1103 955 1176 appellat.
986 1101 1266 1171 Siquidem
1285 1101 1542 1170 scriptum
1568 1107 1670 1163 est,
1695 1097 1836 1167 quod
1857 1116 1875 1149 ι
1895 1113 2014 1151 om-

440 1202 525 1255 nis
574 1198 833 1268 iniquitas
881 1195 1145 1266 oppilahit
1193 1209 1254 1246 os
1303 1207 1459 1246 suum
1485 1190 1552 1247 “.
1607 1209 1626 1242 ι
1679 1188 1813 1244 Nam
1858 1190 2015 1260 juxta

437 1291 756 1362 Apostolum
782 1290 852 1356 ",
886 1308 903 1340 ι
932 1290 1072 1344 Deus
1101 1285 1494 1358 qnijustiticat,
1519 1283 1639 1352 quis
1669 1283 1861 1353 estqui
1887 1298 2016 1339 con-

436 1385 696 1441 damnet?
729 1403 749 1435 ι

506 1478 672 1532 Vens.
688 1477 741 1532 ι.
762 1475 1000 1541 Amplius
1017 1474 1134 1528 lava
1155 1481 1370 1534 me,etc.
1389 1468 1882 1538 Deleturiniqnitas
1896 1469 2012 1539 ejus

436 1570 528 1637 qui
552 1585 656 1622 non
679 1567 912 1637 amplius
934 1567 1118 1636 inique
1139 1564 1270 1633 agit;
1288 1564 1377 1632 qui
1399 1578 1524 1617 vero
1540 1561 2011 1633 amplinslavatnr,

433 1661 481 1716 is
508 1675 538 1715 a
591 1669 814 1729 peccato
845 1673 943 1714 suo
979 1658 1287 1712 mundatur.
1325 1654 1495 1710 Unius
1525 1656 1694 1724 igitur
1737 1655 2010 1722 Operatio-

2122 453 2397 506 κατασείει
2423 451 2531 524 γὰρ
2553 453 2641 507 τὸν
2669 453 2794 508 νοῦν
2820 457 2848 508 6
2874 455 2976 527 τῆς
3007 457 3279 529 ἁμαρτίας
3309 461 3560 533 εὑρετὴς,
3590 479 3704 515 συν-

2120 544 2279 614 εργὸν
2300 544 2437 614 ἔχων
2456 544 2546 598 τὸν
2568 547 2624 597 ὲν
2646 547 2760 609 τοῖς
2793 545 2978 616 μέλεσι
3006 549 3105 620 τῆς
3127 549 3327 622 σαρκὸς
3349 552 3701 625 ἀγριαίνοντα

2119 635 2281 704 νόμον
2299 652 2312 664 ·
2345 636 2626 708 προσιτέον
2652 632 2745 690 οὖν
2776 635 2924 708 Θεῷ⁸
2953 639 3100 694 πᾶσα
3127 639 3234 712 γὰρ
3263 642 3416 712 ἰσχὺς
3446 643 3579 716 παρ’
3611 647 3702 698 αὖ·

2118 727 2234 781 τοῦ.
2264 728 2417 799 Τάχα
2443 727 2500 782 δὲ
2525 730 2620 782 καὶ
2646 732 2933 801 προγνοὺς,
2959 733 3040 785 ὅτι
3062 734 3202 787 κατὰ
3229 737 3450 807 καιροὺς
3471 738 3702 810 ἐπιλάμ-

2116 819 2207 889 ψει
2235 823 2346 885 τοῖς
2377 823 2468 875 ἐπὶ
2504 822 2606 895 γῆς
2638 825 2666 875 ό
2709 824 2944 897 Χριστὸς
2989 826 3283 897 ὲξαλείιζ-ων
3314 832 3494 883 πᾶσαν
3526 833 3702 903 ἁμαρ-

2116 915 2236 967 τίαν
2264 913 2358 968 τοῦ
2399 915 2623 988 κόσμου,
2649 917 2795 981 ἕλεος
2827 917 2968 989 μέγα
3015 919 3116 991 τὴν
3157 921 3299 976 οὕτω
3336 923 3600 996 λαμπρὰν
3628 929 3701 979 εί-

2117 1010 2288 1074 κότως
2316 1011 2473 1084 χάριν
2503 1012 2686 1066 καλεῖ·
2713 1014 3022 1086 γέγραπται
3046 1016 3154 1088 γάρ
3177 1019 3257 1070 ὅτι
3291 1037 3310 1070 ‹
3340 1023 3490 1074 πᾶσα
3523 1022 3700 1093 ἁμαρ-

2115 1100 2205 1152 τία
2233 1101 2499 1173 ὲμφράΞει
2527 1103 2589 1156 τὸ
2613 1105 2785 1175 στόμα
2815 1105 3005 1176 αὐτῆς.
3047 1127 3064 1158 ι
3095 1109 3248 1162 Κατὰ
3285 1110 3392 1183 γὰρ
3413 1113 3505 1166 τὸν
3539 1115 3699 1168 ’Λπό-

2119 1191 2320 1256 στολον,
2355 1213 2372 1244 ι
2403 1193 2534 1258 Θεὸς
2562 1195 2590 1247 6
2618 1195 2860 1264 δικαιῶν,
2895 1198 2978 1262 τίς
3005 1199 3032 1252 6
3059 1203 3424 1274 κατακρίνων;
3457 1225 3478 1256 ι

2198 1465 2324 1520 Ἐπὶ
2353 1468 2564 1523 πλεῖον
2591 1469 2829 1526 ruﬁs-(fr
2851 1489 2946 1539 με,
2972 1491 3024 1527 κ.
3056 1492 3106 1527 τ.
3139 1477 3187 1531 ἑ.
3216 1477 3320 1530 Τοῦ
3363 1479 3559 1551 μηκέτι
3582 1481 3696 1554 (Ν)

2112 1560 2440 1628 ἀνομοῦντος
2466 1560 2804 1630 ἐξαλείφεται
2829 1564 2888 1616 τὸ
2926 1565 3211 1638 ἁνόμημα·
3241 1571 3268 1622 ὁ
3301 1569 3356 1622 δὲ
3380 1573 3472 1624 ἐπὶ
3509 1573 3696 1627 πλεῖον

2113 1653 2334 1716 πλυθεὶς
2363 1654 2716 1725 καθαρίζεται
2749 1657 2854 1710 ἀπὸ
2879 1659 2979 1729 τῆς
3015 1662 3284 1734 ἁμαρτίας
3323 1667 3509 1720 αὑτοῦ.
3532 1670 3696 1724 Κατὰ

433 1753 518 1809 nis
545 1763 630 1808 est
655 1750 1002 1822 intelligentia
1032 1749 1243 1803 diversa
1273 1764 1286 1801 :
1313 1746 1580 1816 siquidem
1612 1746 1700 1799 illa
1729 1747 1847 1801 sine
1872 1747 1999 1816 lege,

2115 1745 2241 1815 μιᾶς
2271 1744 2449 1797 τοίνυν
2483 1719 2760 1818 ἐνεργείας
2806 1719 3017 1804 ἐπίνοια
3048 1719 3316 1828 διάτορος.
3355 1757 3418 1810 Ἡ
3456 1719 3696 1834 tis-Ea;

435 1847 554 1902 hazc
583 1861 712 1902 vero
747 1843 878 1914 legis
901 1843 1252 1898 violationcm
1288 1841 1598 1911 signiﬁcat;
1643 1851 1797 1908 rogat
1827 1850 2008 1894 autem

430 1949 491 1996 ut
518 1941 658 1994 hanc
692 1937 864 2002 eluat,
911 1938 958 1992 is
993 1936 1083 2006 qui
1128 1951 1157 1988 a
1209 1950 1372 2004 prava
1415 1933 1702 1988 affectione
1741 1931 2008 1987 mundare

429 2042 627 2104 potest.
656 2030 864 2085 Rursus
904 2038 1086 2083 autem
1118 2030 1346 2083 observa
1378 2027 1580 2082 Christi
1632 2026 1949 2098 mysterium
1989 2041 2003 2080 :

429 2125 604 2178 virtus
635 2123 781 2178 enim
829 2121 1192 2190 baptismatis,
1234 2135 1353 2191 qua:
1403 2119 1629 2190 legalem
1660 2129 1880 2189 superat
1908 2135 2005 2174 ex-

425 2215 762 2286 piationem,
846 2211 1005 2282 hujus
1052 2229 1269 2284 quoque
1325 2214 1524 2269 animm
1597 2213 2004 2269 mundationetn

424 2307 606 2364 efﬁcit.
977 2375 981 2380 ,

495 2399 897 2474 725Vsns.6.
917 2397 1032 2452 Tibi
1050 2398 1148 2452 sali
1168 2399 1394 2467 peccavi,
1415 2407 1521 2452 etc.
1539 2396 1702 2461 Istud,
1720 2413 1740 2446 ‹
1763 2404 1840 2459 ιιι,
1865 2414 1882 2446 ι
1904 2394 2005 2449 hoc

423 2495 545 2552 loco
579 2510 684 2550 non
705 2506 788 2549 est
806 2493 1033 2548 redditu)
1051 2507 1229 2546 causae
1250 2508 1263 2544 :
1286 2508 1391 2547 non
1416 2491 1562 2545 enim
1583 2491 1702 2546 ideo
1734 2505 2002 2560 peccave-

424 2596 576 2653 runt,
592 2595 648 2640 ut
663 2586 1054 2654 justiticaretur
1074 2583 1213 2637 Dens
1233 2583 1283 2635 in
1301 2581 1642 2636 sermonibus
1657 2582 1791 2635 suis.
1812 2579 2002 2635 Merito

423 2689 608 2735 autem
633 2678 772 2733 Deus
788 2676 1212 2746 justilicabatur,
1233 2674 1376 2742 quod
1401 2673 1502 2741 ipsi
1523 2671 1800 2726 beneficiis
1819 2669 1997 2724 allecti

421 2771 756 2828 exsisterent
777 2768 1000 2838 ingrati.
1025 2767 1288 2834 Quoniam
1303 2782 1427 2821 cum
1448 2766 1584 2821 Dens
1599 2764 1662 2820 de
1681 2765 1998 2835 patuitentia

421 2864 788 2936 disseruisset,
823 2862 1055 2916 dicendo
1082 2875 1142 2914 se
1169 2875 1274 2914 non
1301 2859 1438 2914 velle
1467 2871 1695 2914 mortem
1747 2869 1999 2928 peccato-

421 2959 520 3022 ris,
556 2958 649 3012 sed
689 2968 747 3011 ut
787 2955 960 3026 magis
999 2964 1347 3010 convertatur
1388 2965 1444 3008 et
1495 2954 1674 3017 vivat,
1703 2952 1998 3022 prudenter

419 3052 800 3122 pra'dictorum
842 3049 1128 3102 verborum
1163 3046 1492 3102 mentionem
1533 3044 1679 3112 fecit,
1713 3045 1852 3100 idem
1882 3043 1995 3100 elli-

416 3145 570 3200 ciens
600 3157 664 3198 ac
693 3144 736 3196 si
772 3142 918 3196 dicat
953 3139 1258 3207 :Qnoniam
1291 3139 1335 3194 si
1373 3137 1505 3192 mihi
1538 3138 1823 3208 pmnitenti
1869 3154 1995 3193 con-

419 3234 728 3299 donaveris,
758 3217 813 3288 et
840 3234 1211 3288 convertentis
1230 3233 1482 3285 misertus
1510 3229 1697 3294 fueris,
1725 3229 1995 3300 justilica-

419 3327 566 3384 beris
593 3327 646 3382 in
677 3327 1022 3382 sermonibus
1053 3325 1181 3390 tuis,
1202 3335 1257 3378 ut
1280 3324 1370 3394 qui
1410 3339 1574 3380 verax
1605 3325 1995 3380 demonstreris

417 3420 471 3476 in
509 3420 792 3491 promissis
825 3420 972 3485 tuis;
1008 3428 1064 3472 et
1105 3418 1159 3472 in
1210 3427 1451 3486 tempore
1504 3418 1878 3474 retributionis
1907 3432 1992 3474 me

409 3531 482 3571 ex
523 3514 840 3586 pmnitentia
897 3513 1332 3568 misericordiam
1384 3521 1740 3568 consecutum
1773 3512 1826 3567 in
1883 3528 1992 3568 me-

405 3610 561 3664 dium
591 3607 1057 3677 adducens,juste
1083 3604 1360 3673 jndicabis
1385 3621 1480 3660 eos
1507 3606 1598 3676 qui
1633 3621 1739 3662 non
1778 3606 1992 3676 egerint

404 3701 808 3771 penitentiam.

482 3795 756 3866 Ejusdem.
790 3794 923 3851 Cum
947 3795 1158 3866 agendo
1185 3809 1490 3863 peccamus,
1521 3804 1632 3848 tum
1658 3793 1986 3862 hominibus,

410 3901 526 3944 tum
557 3889 666 3945 Deo
691 3902 1018 3958 peccamus;
1047 3902 1170 3942 cum
1199 3901 1331 3941 vero
1360 3896 1540 3942 mente
1581 3887 1945 3956 delinquimus
1970 3927 1985 3952 ,

413 3983 523 4038 Deo
554 3981 655 4037 soli
686 3994 999 4052 pet-camus.
1030 3979 1122 4036 Vel
1150 3996 1248 4050 pro
1272 3993 1338 4035 eo
1372 3979 1422 4032 id
1448 3980 1682 4050 positum
1710 3989 1792 4034 est
1822 3997 1835 4032 :
1861 3979 1986 4034 Tibi

409 4076 506 4132 soli
537 4075 812 4148 cognitum
835 4083 917 4130 est
940 4084 1239 4144 peccatum.

481 4168 644 4224 Vnus.
679 4167 766 4224 M.
797 4165 974 4222 Redde
1014 4165 1141 4220 mihi
1180 4165 1445 4232 lwlitiam,
1487 4176 1593 4221 etc.
1632 4165 1730 4221 Cui
1777 4165 1983 4236 aliquid

405 4263 660 4327 debetur,
681 4259 755 4316 illi
782 4260 1030 4316 redditur
1052 4276 1064 4312 :
1092 4259 1335 4314 redditur
1355 4275 1484 4331 ergo
1504 4269 1710 4314 naturae
1733 4257 1980 4314 rationali

404 4354 594 4410 laetitia
620 4353 876 4410 salutaris
907 4353 1036 4418 Dei;
1063 4361 1119 4408 et
1148 4351 1447 4423 quispiritu
1473 4352 1758 4422 principali
1784 4350 1985 4406 conﬁr-

2110 1839 2278 1910 χωρὶς
2303 1839 2486 1910 νόμου,
2523 1842 2553 1911 ἡ
2584 1840 2639 1894 δὲ
2668 1844 2807 1898 κατὰ
2836 1846 3000 1917 νόμου
3048 1849 3357 1918 παράϐασιν
3400 1851 3574 1924 δηλοῖ.
3609 1857 3702 1908 Αί-

2108 1934 2194 1985 τεί
2223 1932 2278 1985 δὲ
2311 1932 2516 2005 ταύτην
2562 1936 2825 1992 ἐκπλῦναι
2855 1939 2944 1993 τὸν
2979 1941 3214 2014 καθᾶραι
3259 1944 3556 2015 δυνάμενον
3587 1949 3696 2002 ἀπὸ

2107 2024 2207 2095 τῆς
2260 2024 2500 2097 χείρονος
2533 2027 2718 2095 ἕξεως.
2753 2032 2891 2103 Ὅρα
2922 2033 2978 2086 δὲ
3025 2027 3118 2087 τὸῦ
3162 2036 3395 2108 Χριστοῦ
3440 2041 3604 2094 πάλιν
3633 2043 3700 2096 τὸ

2111 2119 2406 2190 μυστήριον
2425 2136 2438 2150 ’
2471 2119 2567 2192 τὴν
2606 2121 2714 2195 γὰρ
2744 2126 2799 2176 ὲν
2835 2126 2982 2196 νόμῳ
3010 2127 3274 2199 κάθαρσιν
3299 2132 3331 2202 ἡ
3360 2131 3455 2184 τοῦ
3497 2133 3699 2202 βαπτί-

2109 2227 2312 2280 σματος
2350 2212 2752 2284 ὑπερϐαίνουσα
2789 2216 3032 2289 δύναμις,
3079 2221 3172 2273 καὶ
3203 2221 3406 2294 ταύτης
3443 2226 3545 2294 τῆς
3590 2228 3696 2298 ψυ-

2105 2303 2206 2375 χῆς
2236 2304 2528 2377 ἐργάζεται
2562 2308 2842 2381 κάθαρσιν.

2175 2397 2276 2450 Σοί
2316 2399 2483 2467 μόνῳ
2525 2399 2812 2470 ἥμαρτον,
2850 2421 2902 2457 κ.
2938 2423 2986 2457 τ.
3029 2407 3076 2460 ὲ,
3105 2406 3215 2460 Οὐκ
3245 2409 3546 2462 αἰτιατικόν
3575 2411 3694 2482 (l5)

2104 2489 2220 2546 ἐστι
2246 2490 2402 2544 τοῦτο
2434 2492 2514 2557 τὸ,
2545 2512 2563 2545 ι
2597 2494 2777 2559 ὅπως
2823 2516 2841 2546 ι
2871 2497 2930 2550 οὐ
2958 2497 3067 2570 γὰρ
3107 2498 3194 2552 διὰ
3241 2500 3396 2553 τοῦτο
3437 2503 3696 2574 ἡμάρτα-

2103 2599 2211 2646 νον,
2242 2584 2390 2648 ὅπως
2435 2586 2502 2639 ἂν
2535 2585 2796 2661 δικαιωθῇ
2828 2589 2856 2640 ὁ
2896 2590 3026 2654 Θεὸς
3061 2593 3118 2643 ὲν
3149 2594 3258 2656 τοῖς
3286 2592 3462 2662 λόγοις
3497 2595 3692 2652 αὑτοῦ.

2115 2674 2447 2730 Ἐδικαιοῦτο
2479 2677 2532 2732 δὲ
2554 2681 2582 2732 6
2609 2680 2740 2745 Θεὸς
2764 2681 2986 2745 είκότως
3011 2685 3102 2752 ἀφ’
3131 2677 3204 2737 ὧν
3236 2685 3431 2738 ἐκεῖνος
3457 2688 3692 2759 εὐεργε-

2099 2769 2350 2840 τούμενοι
2389 2772 2757 2842 ἡγνωμόνουν.
2785 2775 2924 2832 Ὅτι,
2957 2775 3122 2829 πολὺν
3153 2777 3244 2830 τοῦ
3270 2777 3402 2831 Θεοῦ
3431 2779 3524 2833 τὸν
3555 2783 3693 2853 περὶ

2102 2863 2390 2933 μετανοίας
2415 2862 2571 2932 λόγον
2614 2867 3004 2938 ποιησαμένου,
3041 2869 3097 2922 ἐν
3129 2870 3206 2941 τῷ
3234 2870 3410 2937 λέγειν
3445 2875 3524 2944 μὴ
3555 2873 3692 2944 βού-

2097 2953 2283 3008 λεσθαι
2314 2955 2403 3008 τὸν
2435 2955 2664 3011 Θάνατον
2696 2959 2788 3012 τοῦ
2834 2961 3178 3033 ἁμαρτωλοῦ,
3212 2964 3287 3028 ὠς
3317 2965 3378 3017 τὸ
3421 2967 3692 3040 ἐπιστρέ-

2098 3064 2239 3116 φειν,
2271 3048 2364 3102 καὶ
2398 3048 2497 3122 ζῇν
2531 3052 2711 3116 αὑτὸν,
2747 3054 2925 3122 σοφῶς
2953 3055 3059 3108 τῶν
3094 3058 3470 3130 προκειμένων
3514 3063 3692 3136 ἐμνη-

2103 3141 2328 3214 μόνευσε
2379 3145 2635 3213 ῥημάτων
2697 3148 3149 3212 κατασκευάζων·
3205 3150 3343 3210 Ὅτι.
3405 3153 3501 3207 ἐὰν
3558 3157 3695 3225 ἐμοὶ

2101 3234 2448 3306 μετανοοῦντι
2476 3241 2856 3314 συγχωρήσῃς,
2874 3241 2965 3294 καὶ
2990 3241 3365 3314 ἐπιστρέφοντι
3388 3244 3690 3320 ίλασθήοῃ.

2095 3327 2430 3404 δικαιωθήσῃ
2471 3332 2528 3383 ὲν
2559 3335 2672 3394 τοῖς
2711 3331 2888 3401 λόγοις
2933 3350 3046 3398 σου,
3093 3332 3169 3397 ὡς
3216 3323 3420 3406 ἀληθὴς
3467 3337 3692 3390 ἀναδει-

2095 3420 2247 3492 χθεὶς
2282 3425 2402 3486 ταῖς
2433 3426 2553 3488 σαῖς
2587 3424 2942 3495 ὑποσχέσεσιο
2977 3425 3071 3478 καὶ
3103 3426 3162 3478 ὲν
3186 3427 3360 3498 καιρῷ
3388 3428 3492 3499 τῆς
3516 3430 3692 3482 ἀντα-

2095 3513 2386 3579 ποδόσεως,
2417 3515 2516 3585 ἐμὲ
2554 3516 2643 3570 τὸν
2675 3519 2738 3571 ὲκ
2771 3517 3056 3589 μετανοίας
3088 3518 3374 3591 ἐλεηθέντα
3401 3523 3485 3585 είς
3513 3522 3688 3592 μέσον

2094 3608 2467 3676 παραγαγὼν,
2518 3607 2741 3671 δικαίως
2808 3610 3014 3678 κρινεῖς
3071 3609 3195 3671 τοὺς
3268 3608 3344 3681 μὴ
3409 3613 3689 3684 μετανοὴ-

2095 3713 2314 3761 σαντας.

2169 3790 2278 3846 Τοῦ
2328 3791 2534 3846 αὐτοῦ.
2587 3793 2722 3848 Κατ’
2776 3792 3054 3865 ἐνέργειαν
3095 3793 3200 3865 (l6)
3248 3795 3681 3866 ἁμαρτάνοντες,

2092 3880 2186 3934 καὶ
2209 3880 2516 3954 ἀνθρώποις
2546 3885 2640 3938 καὶ
2673 3885 2791 3957 Θεῷ
2816 3885 3199 3956 ἁμαρτάνομεν
3222 3903 3236 3916 ο
3289 3887 3430 3942 κατὰ
3465 3887 3522 3942 δὲ
3557 3889 3678 3944 διὰ-

2089 3989 2239 4028 νοιαν
2280 3973 2723 4046 πλημμελοῦντες
2757 3979 2874 4050 Θεῷ
2916 3981 3059 4052 μόνῳ
3105 3978 3580 4052 ἐξαμαρτάνομεν.
3607 3983 3678 4036 Ἤ

2089 4062 2212 4117 ἀντὶ
2234 4063 2349 4128 τοῦ,
2372 4066 2462 4118 Σοὶ
2495 4067 2641 4138 μόνῳ
2665 4068 2931 4137 ἔγνωσται
2961 4070 3021 4123 τὸ
3050 4070 3459 4142 ἡμαρτημένον.

2174 4156 2413 4226 Ἀπόδος
2427 4177 2528 4228 μοι
2548 4159 2663 4228 τὴν
2684 4161 3068 4231 ἀγαλλίασιν,
3095 4180 3148 4216 κ.
3174 4179 3223 4216 τ.
3251 4155 3370 4233 ὲ.’ᾯ
3398 4161 3676 4233 όφεέλεταί

2087 4267 2138 4304 τι
2167 4250 2299 4322 (Π),
2329 4251 2668 4306 ἀποδίδοται*
2719 4253 3025 4308 ἀποδίδοται
3063 4251 3154 4308 οὖν
3188 4259 3254 4328 τῇ
3285 4255 3476 4328 λογικῇ
3513 4256 3674 4327 φύσει

2088 4342 2405 4412 ἀγαλλίασις
2426 4345 2694 4417 σωτηρίου
2719 4345 2854 4399 Θεοῦ
2877 4364 2890 4376 ·
2923 4347 3018 4401 καὶ
3045 4350 3073 4400 6
3102 4347 3179 4419 τῷ
3206 4349 3518 4421 ἡγεμονικῷ
3543 4367 3677 4422 στη-

405 4457 584 4502 matns
605 4455 711 4509 est,
745 4445 969 4502 minime
996 4444 1196 4501 servie‘t
1231 4457 1475 4516 peccato.
1511 4445 1978 4512 Quemadmodum

2109 4433 2373 4506 διζόμενος
2394 4436 2662 4508 πνεύματι
2691 4439 2750 4491 οὐ
2777 4437 3050 4493 δουλεύσει
3075 4443 3139 4513 τῇ
3163 4440 3430 4513 ἁμαρτίᾳ.
3459 4443 3676 4512 Ὠσπερ

406 4558 427 4590 ι
461 4537 565 4593 nisi
599 4535 863 4592 Dominus
901 4537 1253 4592 aedificaverit
1287 4537 1530 4601 domum,
1585 4537 1638 4589 in
1672 4550 1868 4588 vanum
1904 4533 1981 4586 la-

402 4631 738 4685 boraverunt
777 4626 870 4696 qui
913 4626 1183 4682 aedificant
1228 4642 1347 4682 eam
1379 4626 1466 4692 ³⁶;
1505 4644 1525 4678 ι
1561 4625 1633 4679 ita
1671 4624 1774 4701 nisi
1798 4622 1982 4676 Domi-

401 4737 508 4779 nus
553 4719 824 4777 creaverit
848 4721 901 4775 in
931 4719 1114 4792 aliquo
1146 4734 1239 4777 cor
1271 4735 1496 4782 novum,
1535 4735 1639 4773 non
1675 4714 1870 4772 suﬂicit
1910 4715 1978 4768 ad

399 4819 507 4874 hoc
543 4815 764 4870 libertas
789 4823 846 4886 et
883 4815 1057 4870 virtus
1085 4814 1349 4870 humana.
1388 4811 1632 4867 Primum
1671 4817 1851 4863 autem
1883 4822 1978 4862 cor

403 4912 670 4967 mundum
697 4917 934 4974 creatur,
971 4907 1166 4966 deinde
1202 4908 1255 4962 in
1282 4909 1402 4976 ipso
1431 4904 1659 4975 spiritus
1691 4913 1875 4956 rectus
1898 4901 1978 4954 iu-

312 5069 314 5071 _
399 5011 636 5056 novat-ur
668 5001 722 5055 in
767 4999 1092 5066 visceribus,
1143 5007 1310 5068 atque
1356 4997 1472 5052 haec
1526 4995 1731 5065 Spiritu
1783 5003 1975 5045 saneto

399 5096 627 5152 minime
666 5093 866 5150 ablato.
909 5093 1115 5150 Deinde
1152 5102 1270 5163 post
1311 5092 1450 5146 duos
1484 5088 1734 5154 spiritus,
1779 5083 1971 5154 Spiritu

397 5184 682 5254 principali
715 5185 838 5254 quis
859 5199 888 5238 a
920 5183 1029 5238 Deo
1061 5184 1438 5246 confirmatur,
1473 5188 1533 5234 ut
1573 5178 1762 5233 firmus
1791 5183 1848 5230 et
1892 5176 1975 5230 in-

394 5290 696 5333 concussus
714 5289 1051 5349 permaneat.

2093 4546 2112 4578 ι
2148 4527 2242 4582 ἐάν
2268 4526 2341 4598 μὴ
2372 4527 2574 4601 Κύριος
2593 4530 2919 4606 οίκοδομήσῃ
2941 4528 3105 4596 οἷκον,
3127 4535 3206 4598 είς
3245 4534 3420 4605 μάτην
3446 4534 3680 4588 ἐκοπία-

2089 4637 2188 4674 σαν
2213 4620 2263 4674 οί
2303 4621 2707 4693 οἰκοδομοῦντες
2743 4625 2935 4678 αὐτόν·
2974 4645 2992 4678 ι
3022 4623 3214 4690 οὕτως,
3250 4625 3346 4679 ὲὰν
3377 4627 3452 4698 μὴ
3473 4628 3504 4679 6
3539 4626 3682 4689 Θεὸς

2086 4713 2246 4784 κτίσῃ
2279 4713 2504 4785 καρδίαν
2537 4715 2782 4788 καθαρὰν
2817 4715 2873 4770 ἔν
2901 4734 3028 4784 τινι,
3071 4718 3173 4770 οὐκ
3216 4716 3498 4790 αὐτάρκης
3535 4717 3680 4788 πρὸς

2083 4807 2242 4862 τοῦτο
2285 4808 2602 4882 προαίρεσις
2644 4810 2735 4863 καὶ
2779 4808 3007 4880 δύναμις
3055 4809 3392 4881 ἀνθρωπίνη.
3442 4809 3680 4880 Πρῶτον

2082 4902 2138 4956 δὲ
2167 4904 2362 4977 καρδία
2411 4903 2656 4968 κτίζεται
2700 4901 2937 4974 καθαρὰ,
2987 4899 3104 4955 εἷτα
3153 4901 3245 4954 ἐπὶ
3281 4901 3451 4972 ταύτῃ
3512 4902 3680 4966 εὑῦὲς

2083 4996 2301 5069 πνεῦμα
2349 4996 2716 5066 ἐγκαινίξεται
2757 4999 2870 5060 τοῖς
2908 4995 3180 5066 ὲγκὰτοις,
3231 4995 3326 5049 καὶ
3375 4993 3552 5048 ταῦτα
3586 4997 3680 5069 μὴ

2083 5090 2558 5163 ἀνταναιρεθέντος
2605 5089 2698 5143 τοῦ
2746 5090 2900 5159 ἁγίου
2960 5089 3292 5160 Πνεῦματος.
3341 5083 3476 5141 Εἶτα
3528 5085 3689 5154 μετὰ

2080 5180 2172 5235 δύο
2194 5183 2478 5254 πνεύματα
2502 5184 2770 5256 πνεύματι
2795 5183 3107 5256 ἡγεμονικῷ
3125 5199 3210 5246 τις
3243 5180 3346 5234 ὑπὸ
3375 5178 3514 5234 Θεοῦ
3541 5195 3686 5251 cur

3207 5269 3233 5288 τ

2085 5274 2310 5346 ρίζεται,
2343 5275 2428 5331 ἵνα
2458 5275 2670 5348 ὲδραῖός
2697 5293 2782 5340 τις
2809 5276 2903 5330 καί¹
2933 5274 3235 5349 ἄσειστοςῇ

465 5415 512 5447 ³⁸
532 5413 674 5473 Psal.
697 5431 806 5483 ova,
834 5415 931 5472 4‘2.
1005 5416 1050 5450 ³³
1073 5414 1234 5470 Rom.
1258 5387 1375 5480 vin,
1406 5411 1497 5466 55.
1574 5410 1619 5442 ⁸⁸
1642 5408 1782 5465 Psal.
1815 5425 2000 5478 cxxvt,
2030 5411 2085 5467 ί.

467 5537 582 5608 (l3)
617 5535 811 5592 Ἐλεεῖ
841 5537 911 5590 δὲ
934 5535 1050 5605 τὴν
1073 5537 1281 5608 φύσιν,
1316 5544 1424 5592 etc.
1481 5533 1684 5590 Catena
1729 5531 1971 5590 Corderii

391 5617 448 5662 et
465 5607 671 5662 Catena
703 5609 945 5662 Barbari.

465 5679 578 5746 (l4)
612 5679 722 5734 Τοῦ
749 5677 986 5748 μηκέτι,
1017 5687 1122 5734 etc.
1145 5677 1349 5734 Catena
1382 5676 1650 5733 Corderii.

461 5749 720 5816 (l5)01’m
745 5750 1093 5817 αὶτιατικόν,
1123 5759 1231 5806 etc.
1261 5748 1487 5807 Eadem.

2155 5531 2266 5606 (16)
2298 5533 2440 5588 Κατ’
2469 5532 2793 5606 ἐνέργειαν,
2832 5541 2950 5606 fle.
2973 5529 3198 5606 Scholia:
3221 5525 3423 5590 Grabii.
3485 5525 3686 5586 code:

2082 5603 2481 5671 Coislinianns,
2514 5615 2567 5658 et
2604 5603 2804 5660 Catena
2832 5603 3080 5657 Barbari.

2154 5698 2271 5771 (Π)
2297 5693 2373 5771 Ὦ
2403 5697 2709 5770 ὀφείλεται
2736 5714 2811 5764 τι,
2842 5706 2948 5752 etc.
2973 5696 3179 5752 Catena
3213 5689 3475 5750 Corderii.
