3808 6524
183 389 298 446 1457

703 507 998 563 ΨΑΛΜΟΣ
1034 507 1165 562 ΝΑ’.

240 603 294 659 Τί
318 600 581 674 ἐγηιαυχᾷ
612 601 681 656 ἐν
711 603 892 671 κακίᾳ
925 605 958 656 ό
998 601 1256 669 δυνατὸς
1292 598 1567 672 ἀνομίαν,
1594 618 1648 654 κ.
1677 618 1731 655 τ.

172 695 214 751 ἑ.
251 713 268 748 t
303 697 356 750 ὐ
383 694 736 767 καυχώμενος
767 694 900 767 (18),
947 696 1112 766 φησὶν
1163 694 1500 760 Ἀπόστολος,
1530 684 1587 748 ἐν
1620 696 1735 748 Κυ-

175 788 263 862 ρίῳ
287 787 592 859 καυχάσθω.
637 805 656 838 ι

238 879 337 934 Τοῦ
373 878 580 934 αὑτοῦ.
604 878 717 932 Οὐκ
745 871 897 930 εἶπεν
924 875 1030 949 (l9)
1058 876 1227 948 ὄνομα
1263 876 1444 948 μέσον,
1470 878 1733 948 ἐμφαῖνον

171 971 225 1024 τὸ
253 969 463 1040 φαῦλον.
513 970 585 1023 Οὐ
634 967 742 1040 γὰρ
775 961 916 1034 εἷπε,
953 987 972 1020 ι
1016 968 1080 1022 Τί
1129 970 1334 1040 καυχᾷς
1376 989 1394 1022 ι
1419 968 1576 1034 ἀλλὰ,
1611 989 1630 1020 ι
1671 969 1735 1023 Τί

171 1065 424 1135 inuexit;
465 1083 484 1116 ι
510 1062 764 1117 οὐδέποτε
787 1062 843 1115 δὲ
873 1063 930 1115 ὲν
950 1061 1138 1133 ἀγαθῷ
1157 1061 1372 1131 λέγεται
1399 1062 1458 1115 τὸ
1485 1080 1502 1113 t
1536 1064 1738 1131 ὲγκαυ-

171 1156 370 1230 χᾶσθαι·
400 1175 419 1208 ι
446 1155 559 1209 ἀλλ’
579 1154 633 1208 εί
656 1173 739 1220 τις
768 1154 1095 1227 ἁμαρτάνει,
1127 1155 1480 1226 ὲγκαυχᾶται.
1501 1155 1734 1208 Δύναται

170 1251 222 1304 δὲ
245 1251 331 1304 καὶ
355 1249 489 1323 πρὸς
518 1249 609 1303 τὸν
636 1248 809 1303 Σαοὺλ
836 1251 864 1303 6
889 1249 1044 1318 λόγος
1071 1249 1346 1322 εἰρῆσθαι.

242 1343 344 1398 Τοῦ
372 1341 580 1398 αὑτοῦ.
605 1343 667 1395 Et
714 1342 828 1396 ἔστι
868 1342 1092 1406 δυνατὸς
1123 1341 1230 1414 (20)
1262 1343 1319 1395 ὲν
1359 1340 1578 1413 ἀνομία,
1619 1341 1733 1397 ἔστι

170 1437 256 1491 καὶ
281 1435 532 1500 ἀδύνατος
555 1437 612 1489 ἐν
639 1435 859 1508 ἀνομίᾳ.
900 1435 1009 1489 Kal
1037 1437 1064 1489 6
1100 1435 1197 1506 μὲν
1243 1433 1466 1498 δυνατὸς
1508 1435 1563 1487 ἐν
1613 1435 1736 1488 ἀνο-

173 1529 263 1600 μία
293 1528 545 1591 ἀδύνατος
569 1529 626 1581 ὲν
654 1527 967 1603 δικαιοσύνῃ
987 1545 1000 1558 °
1029 1529 1057 1580 6
1085 1527 1141 1580 δὲ
1167 1526 1427 1590 ἀδύνατος
1456 1529 1512 1580 ὲν
1535 1527 1734 1598 ἀνομίᾳ

167 1621 374 1685 δυνατὸς
396 1624 452 1675 ὲν
473 1621 811 1693 δικαιοσύνῃ.
921 1680 928 1684 ,

205 1722 216 1727 ’
247 1713 352 1768 Τοῦ
383 1713 591 1768 αὐτοῦ.
631 1702 836 1767 Φαῦλον
885 1713 982 1784 μὲν
1027 1711 1138 1784 (21)
1184 1711 1246 1764 τὸ
1287 1730 1305 1764 t
1337 1709 1753 1782 ὲγκαυχᾶσθαι,›

171 1807 320 1880 μέσον
335 1807 467 1861 δὲτὸ
493 1827 511 1859 ι
538 1808 864 1879 καυχᾶσθαι.
891 1827 910 1860 ι
953 1809 1008 1860 Ὁ
1035 1807 1133 1878 μὲν
1152 1806 1410 1870 ἀδύνατος
1431 1808 1526 1860 ml.
1545 1806 1733 1869 ἄτονος

1171 387 1480 445 SELECTA
1511 385 1579 442 ῑΝ
1613 384 1950 442 PSALMOS.
1989 417 2056 425 -
2096 385 2292 442 PSAL.
2329 383 2416 440 ιι.

1754 514 1803 570 Α

2817 419 2828 427 ι
3277 386 3418 443 “58

2387 499 2712 558 PSALMUS
2751 499 2836 556 LI.

1911 595 2072 650 Vens.
2108 595 2160 650 5.
2194 595 2338 662 Quid
2368 596 2616 667 gloriaris
2649 596 2703 648 in
2734 592 2966 657 malitia,
3003 595 3092 663 qui
3138 603 3320 660 potens
3360 613 3420 650 es

1838 689 1891 742 in
1923 688 2242 757 iniquitate?
2270 700 2376 743 etc.
2412 707 2429 739 ι
2466 685 2567 754 Qui
2607 685 2906 759 gloriatur,
2957 685 3128 756 inquit
3172 687 3406 756 Aposto-

1840 781 1922 836 lus
1946 782 2011 845 ³⁷,
2043 782 2096 834 in
2128 779 2359 835 Domino
2393 779 2678 849 glorietur.
2717 797 2736 832 ι

1912 873 2182 944 Ejusdem.
2211 871 2325 927 Non
2361 872 2496 927 dixit
2521 886 2713 927 nomen
2743 871 2960 942 aliquod
2993 874 3252 937 medium,
3271 873 3412 944 quod

1841 969 2161 1036 pravitatem
2200 966 2460 1019 declaret.
2516 961 2632 1018 Non
2671 966 2817 1020 enim
2868 965 3038 1030 dixit,
3074 965 3139 1019 Τί
3187 966 3412 1037 καυχᾷ;

1841 1058 2032 1122 sed,Ti
2058 1058 2338 1129 ὲγκαυχᾷ;
2366 1071 2642 1125 nunquam
2691 1072 2819 1110 vero
2854 1057 2914 1110 τὸ
2954 1057 3323 1130 ἐγκαυχᾶσθαι
3361 1064 3414 1114 itt

1841 1153 2037 1206 bonam
2077 1161 2287 1222 partem
2320 1147 2546 1212 dicitur,
2579 1146 2672 1201 sed
2704 1147 2749 1201 si
2800 1148 2924 1218 quis
2958 1160 3174 1219 peccat,
3215 1154 3416 1222 ἐγκαυ-

1841 1245 2021 1316 χᾶται.
2052 1243 2236 1299 Potest
2262 1245 2425 1300 etiam
2464 1245 2568 1300 ltoc
2600 1253 2788 1300 contra
2823 1244 2948 1299 Saul
2975 1246 3173 1301 dictmn
3200 1261 3340 1301 esse.

1915 1333 2188 1405 Ejusdem.
2229 1335 2285 1390 Si
2321 1345 2512 1408 potens
2555 1345 2640 1392 est
2691 1336 2744 1391 in
2785 1337 3094 1408 iniquitate,
3137 1347 3220 1394 est
3247 1338 3411 1392 etiam

1841 1430 2109 1500 impotens
2139 1431 2190 1484 in
2224 1431 2533 1500 iniquitate.
2564 1428 2665 1497 Qui
2691 1438 2881 1498 potens
2907 1439 2991 1485 est
3023 1430 3076 1486 in
3105 1430 3412 1500 iniquitate,

1842 1523 2108 1590 impotens
2142 1532 2226 1577 est
2261 1523 2313 1577 in
2335 1522 2582 1590 justitia;
2612 1525 2704 1595 qui
2729 1535 2910 1580 autem
2944 1526 3210 1594 impotens
3244 1534 3329 1578 est.
3359 1523 3411 1576 in

1842 1612 2148 1683 iniquitate,
2181 1623 2372 1683 potens
2406 1616 2564 1670 estin
2597 1617 2829 1686 iustitia.

1911 1703 2189 1775 Ejusdem.
2243 1707 2300 1762 In
2344 1709 2542 1763 malam
2594 1723 2799 1780 partem
2859 1711 3081 1778 ponitur
3139 1708 3414 1779 ὲγκαυχᾶ-

1843 1796 2000 1861 σθαι,
2039 1799 2202 1871 726
2233 1800 2604 1858 ittdill‘erenter
2637 1814 2816 1857 autem
2855 1803 3058 1856 dicitur
3086 1800 3414 1872 καυχᾶσθαι.

168 1902 255 1955 καὶ
268 1899 440 1970 ὀλίγος
470 1901 526 1954 ἐν
543 1900 732 1972 κακίᾳ,
750 1899 1131 1965 πλεονάζοντος
1156 1897 1304 1970 αὐτῷ
1318 1897 1410 1951 τοῦ
1435 1897 1738 1970 κρείττονος

1869 1890 1942 1956 Qui
1979 1891 2153 1945 nullas
2194 1903 2288 1947 aut
2327 1891 2441 1948 fere
2475 1894 2650 1950 nullas
2685 1904 2736 1949 et
2781 1894 3004 1964 exiguas
3042 1893 3109 1948 ad
3148 1891 3416 1946 malitiam

165 1993 386 2065 τρόπου,
447 1991 522 2056 ὡς
572 1991 959 2064 ἀσθενέστερος
1012 1993 1070 2045 ἐν
1135 1991 1323 2062 κακίᾳ,
1377 1990 1741 2061 ἐγκαλύψαιτο

165 2085 503 2156 ἁμαρτάνων,
540 2083 633 2137 καὶ
677 2083 780 2138 ὑπὸ
813 2083 911 2154 τῆς
956 2084 1312 2156 συνειδήσεως
1363 2081 1738 2154 κεντούμενος,

169 2178 541 2249 μετανοήσειεν
573 2177 667 2232 ἄν’
699 2180 727 2230 6
756 2177 811 2229 δὲ
845 2176 1066 2242 δυνατὸς
1087 2179 1144 2230 ὲν
1175 2177 1344 2248 κακίᾳ
1368 2176 1629 2246 τυφοῠται
1653 2177 1741 2230 ἐπ’

165 2269 318 2341 αὐτῇ,
347 2270 440 2322 καὶ
468 2271 823 2340 ὲγκαυχᾶται,
856 2269 932 2334 ὼς
973 2269 1066 2323 ἐπὶ
1109 2267 1326 2340 μεγάλῳ
1359 2265 1744 2338 κατορθώματι

167 2362 572 2432 σεμνυνόμενος.
603 2362 692 2414 Ἐν
728 2360 874 2433 πάσῃ
921 2362 975 2415 δὲ
1018 2357 1200 2433 ἡμέρᾳ
1237 2359 1618 2432 διδασκόμενος
1661 2377 1744 2424 τις

164 2451 252 2504 τὸν
277 2452 413 2506 θεῖον
436 2453 613 2522 λόγον,
632 2454 726 2507 ἐὰν
758 2455 1068 2526 ἁμαρτάνῃ,
1095 2453 1188 2506 καὶ
1204 2452 1472 2521 λογίζεται
1496 2452 1622 2524 ὅλην
1645 2453 1743 2523 τὴν

166 2544 394 2618 ἡμέραν.
426 2547 496 2599 Ἦ
524 2546 603 2610 τὸ,
631 2547 862 2619 ἡμέραν,
893 2547 1198 2619 φανέρωσιν
1237 2546 1402 2618 δηλοῖ,
1437 2546 1470 2618 ἢ
1501 2546 1621 2599 ὅλον
1655 2545 1745 2599 τὸν

166 2636 367 2708 χρόνον,
392 2639 512 2692 καθ’
542 2638 600 2692 ὃν
634 2641 846 2711 ὰνομεῖ.

235 2817 417 2886 Ὅλην
441 2817 557 2886 τὴν
579 2816 806 2887 ἡμέραν
826 2815 1064 2873 ἀδικίαν
1089 2815 1407 2886 ἐλογίσατο
1429 2816 1467 2883 ἠ
1493 2813 1746 2885 γλῶσσά

161 2924 304 2964 σου’
333 2911 474 2965 ὡσεὶ
511 2911 696 2978 {Sopor
723 2911 1102 2981 ἠκονημένον
1125 2912 1422 2977 ἐποίησας
1453 2907 1657 2971 δόλον,
1686 2911 1740 2962 κ.

159 3017 212 3054 τ.
239 3002 285 3054 ἑ.
310 3000 382 3054 Τὸ
412 3000 754 3072 λογιζόμενον
797 3000 930 3074 (22),
977 3001 1038 3054 τὸ
1060 2999 1405 3073 ἡγεμονικὸν,
1433 2999 1526 3052 καὶ
1550 3001 1582 3069 ὴ
1609 3013 1746 3068 καρ-

157 3093 267 3160 δία,
289 3095 387 3166 οὐχ
418 3095 452 3166 ή
484 3095 705 3164 γλῶσσα
751 3093 864 3148 τοῦ.
883 3089 1042 3164 Δωὴκ
1090 3093 1300 3146 ἀδικίαν
1343 3091 1646 3158 ἐλογίσατο.
1672 3089 1746 3142 Τὸ

158 3186 238 3254 δὲ,
258 3188 559 3256 ἐλογίσατο,
580 3189 740 3259 ἥτουν
764 3186 979 3250 ἀδίκους
1000 3186 1314 3258 λογισμοὺς,
1333 3186 1456 3238 ἐπεὶ
1485 3203 1502 3235 ι
1534 3186 1592 3237 ἐν
1622 3183 1745 3236 στό-

1842 1983 1991 2038 vires
2021 1982 2184 2038 habet
2220 1984 2291 2039 ob
2327 1986 2596 2040 bonorum
2632 2001 2842 2039 morum
2871 1985 3261 2055 praestantiam,
3301 1994 3420 2037 tunc

1843 2092 2001 2146 quam
2048 2080 2099 2132 in
2144 2079 2348 2132 malitia
2395 2079 2752 2141 imbecillior,
2789 2079 2830 2133 si
2869 2089 3077 2148 peccat,
3134 2077 3421 2132 abscondit

1843 2187 1925 2237 se,
1953 2181 2008 2227 et
2033 2171 2268 2228 stimulis
2295 2173 2644 2227 conscientia:
2671 2173 2935 2242 agitatus,
2987 2171 3284 2241 resipiscet.
3317 2169 3420 2236 Qui

1843 2276 2022 2320 autem
2047 2275 2237 2336 potens
2270 2274 2354 2321 est
2401 2265 2452 2320 in
2483 2265 2712 2327 malitia,
2759 2266 2810 2318 in
2865 2265 2979 2334 ipsa
3030 2263 3336 2319 obcaecatur
3369 2269 3424 2316 et

1844 2358 2128 2430 gloriatur,
2161 2373 2225 2413 ac
2264 2358 2417 2427 quasi
2455 2359 2522 2411 de
2568 2359 2831 2424 prteclaro
2875 2357 3121 2412 facinore
3165 2370 3288 2410 sese
3326 2369 3423 2409 ex-

1848 2451 2006 2506 tollit.
2041 2451 2141 2519 Qui
2180 2466 2308 2506 vero
2339 2459 2449 2505 tota
2489 2451 2578 2504 die
2618 2449 2782 2505 discit
2822 2451 3045 2504 verbum
3082 2448 3198 2511 Dei,
3243 2447 3328 2512 is,
3377 2447 3421 2502 si

1847 2553 2055 2613 peccat,
2078 2545 2240 2597 etiam
2276 2542 2609 2613 cogitattota
2638 2542 2743 2596 die.
2779 2542 2888 2597 Hoc
2921 2543 3040 2598 loco
3067 2541 3171 2594 diei
3206 2539 3425 2593 nomine

1847 2633 1929 2688 vel
1959 2633 2326 2688 manifestatio
2352 2634 2714 2705 significatur,
2748 2633 2835 2687 vel
2871 2646 3032 2686 omne
3068 2640 3301 2698 tempus,
3331 2643 3426 2698 per

1845 2725 1989 2796 quod
2033 2737 2242 2795 peccat.

1920 2817 2086 2873 Vens.
2116 2819 2167 2873 ὁ.
2202 2817 2440 2872 Totudie
2465 2819 2784 2889 iujustitiam
2806 2817 3049 2886 cogitavit
3070 2815 3253 2885 lingua
3279 2826 3368 2866 tua
3406 2825 3423 2864 :

1845 2911 1979 2965 sicut
2012 2913 2266 2964 novacula
2305 2921 2460 2964 acuta
2497 2910 2668 2978 fecisti
2693 2908 2896 2974 dolum,
2927 2917 3030 2962 etc.
3065 2903 3427 2960 Batiouabilis

1845 3013 1901 3059 et
1931 3005 2200 3074 praecipua
2228 3003 2428 3056 mentis
2460 3018 2621 3072 pars,
2659 3011 2710 3055 et
2741 3016 2856 3062 cor,
2915 3015 3020 3053 non
3062 2997 3244 3068 lingua
3281 2997 3426 3064 Doeg

1847 3095 2164 3165 iujustitiam
2192 3094 2470 3166 cogitavit.
2498 3093 2649 3160 Quod
2675 3102 2857 3146 autem
2888 3091 3111 3154 dicitur,
3143 3087 3426 3159 cogitavit,

1849 3187 1951 3241 hoc
1993 3195 2099 3251 est,
2141 3186 2397 3255 quoniam
2447 3201 2467 3235 ι
2515 3184 2568 3236 in
2617 3196 2712 3237 ore
2749 3181 3044 3236 stultorum
3093 3194 3192 3234 cor
3235 3192 3425 3232 eorum

163 3295 293 3351 ματι
327 3279 578 3352 μωρῶνὴ
615 3278 812 3352 καρδία
849 3276 1050 3341 αὐτῶν,
1088 3297 1106 3328 ι
1137 3276 1224 3330 διὰ
1260 3276 1415 3329 τοῦτο
1455 3279 1486 3347 ή
1525 3276 1738 3346 γλῶσσα

1869 3289 1933 3333 :st
1958 3278 2025 3340 ³⁸,
2061 3296 2080 3330 ι
2111 3291 2393 3347 prepterea
2431 3279 2609 3350 lingua
2648 3279 2793 3348 Doeg
2821 3275 3038 3343 iniquas
3068 3269 3428 3342 cogitationes

154 3371 255 3425 τοῦ
280 3373 439 3445 Δωὴκ
465 3371 761 3442 ἐφθέγξατο
781 3389 793 3401 ·
818 3372 878 3424 οὐ
901 3369 1009 3442 γὰρ
1035 3370 1170 3441 αὐτὴ
1199 3371 1232 3442 ἡ
1261 3368 1602 3442 λογιζομένη,
1633 3367 1744 3422 ἀλλ’

157 3461 194 3532 ἡ
218 3462 329 3525 τοῖς
355 3461 634 3532 λογισμοῖς
664 3460 1167 3533 ὲξυπηρετουμένη.
1270 3525 1278 3533 _

250 3554 590 3625 Ἠγάπησας
623 3557 838 3610 κακίαν
877 3556 1028 3624 ὑπὲρ
1065 3554 1481 3625 ἀγαθωσύνην,
1517 3571 1571 3607 κ.
1608 3569 1660 3606 τ.
1698 3553 1744 3606 ἐ.

155 3648 314 3701 Εἰσὶν
343 3648 392 3701 οἱ
427 3649 666 3720 ὡσπερεὶ
694 3648 804 3720 (25)
830 3648 899 3702 τὰ
922 3648 1138 3702 ἐναντία
1167 3646 1511 3717 ἀγαπῶντες·
1541 3645 1619 3717 τῷ
1645 3646 1748 3718 μή-

157 3758 294 3794 ποτε
331 3741 505 3813 πάντη
529 3742 847 3795 ἀνακεῖσθαι
879 3743 1068 3814 ἀρετῇ,
1099 3742 1233 3812 μήτε
1258 3740 1354 3814 ὅλῃ
1393 3739 1561 3811 κακίᾳ
1587 3755 1750 3811 προσ-

157 3833 308 3904 έχειν
339 3833 544 3887 ἐθέλειν
565 3853 578 3865 ο
603 3834 807 3887 τούτων
839 3835 889 3887 οἱ
921 3834 1018 3906 μὲν
1047 3833 1364 3904 φαυλότεροι
1393 3832 1590 3887 κακίαν
1621 3831 1752 3903 μᾶλ-

154 3925 254 3980 λον
289 3927 578 3997 ἀγαπῶσιν
613 3926 644 4000 ἢ
676 3928 875 3999 ἀρετήν
895 3944 909 3958 ·
945 3928 993 3982 οἱ
1019 3926 1075 3980 δὲ
1093 3925 1381 3981 ἀνάπαλιν.

247 4107 591 4180 Ἠγνάπησας
618 4107 815 4161 πάντα
860 4107 1099 4177 ῥήματα
1145 4103 1650 4173 καταποντισμοῦ,
1690 4120 1746 4158 κ.

151 4221 209 4258 τ.
262 4205 312 4257 ὲ.
373 4203 620 4273 Ῥήματα
664 4200 1106 4273 καταποντισμοῦ
1143 4200 1277 4272 (24),
1317 4198 1614 4252 διαϐάλλων
1659 4197 1750 4250 τὸν

151 4293 352 4359 Δαυτδ,
381 4293 666 4364 ἡγάγησεν
694 4294 722 4345 6
749 4294 931 4364 Δωήκ.
1741 4276 1745 4281 ’

232 4389 342 4443 Διὰ
369 4389 542 4443 τοῦτο
570 4391 601 4441 ὁ
632 4389 774 4454 Θεὸς
805 4385 1040 4443 καθέλοι
1069 4403 1142 4441 σε
1178 4389 1264 4453 εἷς
1301 4385 1493 4453 τέλος,
1523 4386 1753 4440 ἐκτίλαι

147 4498 240 4537 σε
270 4480 370 4534 καὶ
411 4480 891 4550 μεταναστεύσαι
931 4496 1004 4534 σε
1039 4479 1156 4534 ἀπὸ
1198 4477 1612 4547 σκηνώματος,
1653 4477 1751 4531 καὶ

148 4575 230 4629 τὸ
259 4573 486 4644 ῥίζωμὰ
533 4589 649 4628 σου
680 4574 748 4626 ἐκ
783 4573 894 4643 γῆς
920 4572 1164 4636 ζώντων,
1199 4591 1253 4626 κ.
1285 4590 1336 4626 τ.
1367 4573 1412 4625 ὲ.
1462 4571 1519 4624 '0
1559 4571 1753 4627 καθαι-

153 4668 281 4740 ρῶν
333 4669 444 4740 (25)
481 4669 548 4722 τά
599 4667 845 4739 μοχθηρὰ
882 4667 1286 4739 οἰκοδομήματα
1326 4665 1458 4729 Θεὸς
1499 4665 1756 4738 καθαιρεῖ

144 4761 260 4816 τὸν
301 4761 483 4831 Δωὴκ,
533 4762 650 4831 ἤτοι
683 4759 760 4830 τῷ
809 4759 940 4830 μηδὲ
975 4759 1032 4811 τὸ
1077 4747 1251 4829 τοῖχον
1299 4757 1398 4828 τῆς
1448 4757 1755 4829 οἰκοδομίας

146 4852 339 4909 αὑτοῦ
378 4854 695 4907 καταλιπεῖν
728 4853 788 4906 τὺ
823 4855 930 4905 πᾶν
966 4853 1059 4904 καὶ
1097 4850 1156 4915 ἐξ
1191 4851 1326 4903 ὅλων
1359 4851 1755 4921 οἰκοδομεῖσθαι

146 4947 359 5012 κακῶς
396 4946 428 5018 ἢ
477 4947 600 4999 ἐπεὶ
647 4949 694 5000 οἱ
734 4947 946 5018 χείριτυς
990 4946 1287 4998 τελευταῖοι
1329 4944 1755 5016 οἱκοδομοῦνται,

147 5040 434 5102 κάκιστος
465 5039 522 5092 δέ
550 5042 695 5092 ἐστιν
719 5039 747 5090 6
769 5038 946 5110 Δωὴκ,
977 5038 1142 5107 ἐγγὺς
1165 5036 1257 5090 τοῦ
1294 5035 1385 5088 τὸν
1414 5035 1638 5106 ἔσχατον
1667 5038 1760 5108 ἐχ-

148 5132 304 5205 Θρὸν
331 5130 724 5202 καταργεῖσθαι
760 5131 849 5183 τὸν
888 5131 1136 5194 θάνατον,
1169 5128 1260 5182 ἐπὶ
1292 5127 1370 5198 τῷ
1399 5128 1542 5182 τέλει
1569 5129 1762 5183 καθαι-

149 5221 490 5298 ρεθήσεται.
534 5223 595 5275 Εἰ
633 5222 690 5275 δὲ
723 5221 782 5276 τὸ
816 5222 1029 5293 ρίζωμα
1066 5219 1364 5292 Ἰδουμαίου
1387 5219 1546 5292 Δωὴκ
1584 5222 1762 5276 ἐκτίλ-

145 5317 330 5371 λεται
355 5317 420 5370 ὲκ
442 5318 542 5389 γῆς
567 5315 804 5381 ζώντων,
826 5318 940 5370 ἐκεῖ
971 5314 1293 5385 πεφύτευτο.

245 5410 293 5442 ³⁷
322 5408 489 5464 lCor.
529 5426 568 5474 ι,
604 5410 692 5464 51.
768 5409 812 5441 ³⁸
837 5408 1003 5464 Eccli.
1042 5424 1157 5473 xm,
1186 5407 1276 5463 29.

204 5579 221 5592 ,
247 5506 369 5579 (18)
407 5506 468 5561 '0
507 5505 912 5578 καυχώμενος,
961 5515 1069 5560 etc.
1120 5503 1302 5559 Codex
1332 5503 1542 5574 primus
1571 5497 1764 5554 Coisli-

151 5594 526 5717 nm('t'9li.06u
557 5645 744 5712 εἶπεν,
779 5658 884 5702 etc.
918 5647 1118 5702 Catena
1144 5644 1410 5701 Corderii.

243 5713 372 5803 (20)
414 5724 482 5775 Et
525 5721 657 5775 ἐστι
694 5719 973 5786 δυνατός,
1024 5729 1132 5773 etc.
1175 5717 1358 5774 Codex
1400 5713 1767 5772 Coislinianus

151 5809 420 5865 primus.

243 5861 374 5936 (21)
402 5863 643 5919 Φαῦλον
663 5862 800 5934 μέν,
835 5871 941 5917 etc.
966 5859 1332 5917 Coisliniauus
1362 5857 1655 5915 secundus.

1852 3373 2062 3427 elocuta
2092 3381 2196 3427 est.
2229 3371 2343 3428 Non
2370 3373 2512 3427 enim
2548 3372 2660 3438 ipsa
2691 3369 2994 3440 cogitabat,
3023 3367 3116 3421 sed
3138 3363 3429 3435 cogitatio-

1852 3465 2014 3520 nibus
2041 3465 2409 3535 exprimendis
2431 3464 2786 3519 iuserviebat.

1925 3559 2088 3614 Vens.
2127 3557 2182 3614 5.
2229 3557 2472 3611 Dilext‘sti
2517 3554 2780 3609 malitiam
2819 3568 2975 3622 super
3026 3549 3426 3620 benignitatem,

1852 3659 1958 3707 etc.
1993 3649 2132 3704 Sunt
2162 3649 2250 3719 qui
2269 3649 2672 3720 quodammodo
2693 3646 2968 3700 contraria
2994 3644 3260 3714 diligunt;
3285 3639 3431 3712 quod

1853 3761 2030 3815 neque
2095 3745 2318 3798 omnino
2371 3742 2556 3796 virtuti
2607 3741 2941 3803 adhaereant,
2987 3751 3164 3807 neque
3217 3732 3433 3805 penitus

1856 3836 2072 3891 malitia:
2087 3849 2144 3889 se
2157 3833 2406 3889 addicere
2419 3833 2610 3889 velint:
2629 3846 2858 3901 quorum
2875 3827 3091 3897 quidem
3109 3823 3427 3885 deteriores,

1857 3927 2122 3981 malitiam
2177 3925 2348 3996 magis
2385 3939 2549 3993 quam
2599 3926 2858 3977 virtutem
2888 3927 3114 3985 amant;
3163 3914 3255 3970 alii
3301 3926 3434 3968 vero

1856 4031 2076 4078 econtra
2086 4021 2184 4074 rio.

1932 4114 2088 4168 Vens.
2115 4111 2168 4166 6.
2205 4109 2449 4165 Dilexisti
2475 4109 2648 4162 omnia
2674 4108 2829 4162 verba
2850 4099 3301 4175 prtecipittttiouis,
3326 4106 3434 4154 etc.

1858 4207 2034 4262 Verba
2054 4206 2499 4275 praecipitationis
2523 4203 2710 4258 dilexit
2736 4202 2902 4271 Doeg,
2927 4197 3148 4269 quando
3179 4191 3436 4248 Davidem

1861 4300 2121 4356 traduxit.

1931 4393 2098 4447 Vsus.
2139 4392 2193 4447 7.
2236 4390 2521 4460 Propterea
2563 4387 2705 4441 Deus
2748 4387 2984 4439 destruat
3043 4388 3092 4432 te
3136 4377 3193 4429 iu
3240 4374 3436 4445 ﬁnem,

1860 4487 2043 4541 evetlat
2078 4497 2148 4549 te,
2179 4495 2225 4538 et
2265 4487 2480 4553 emigret
2519 4491 2566 4534 te
2607 4479 2671 4531 de
2715 4470 3079 4533 tabernaculo,
3123 4480 3170 4522 et
3207 4464 3437 4519 radicem

1861 4589 2005 4632 tuam
2031 4581 2094 4631 de
2118 4586 2258 4630 terra
2291 4574 2595 4636 viventium,
2627 4579 2736 4624 etc.
2775 4565 2877 4633 Qui
2919 4560 3163 4632 improba
3206 4554 3438 4613 tediiicia

1862 4673 2090 4727 destruit
2121 4672 2282 4734 Deus,
2319 4668 2550 4723 destruit
2575 4667 2738 4732 Doeg,
2761 4653 2850 4715 vel
2871 4672 2993 4712 cum
3021 4667 3238 4709 murum
3269 4646 3444 4706 aedili-

1863 4763 1931 4818 cii
1950 4763 2068 4834 ejus
2086 4778 2299 4816 omnem
2320 4769 2374 4813 ct
2389 4774 2454 4814 ex
2477 4758 2689 4826 integro
2707 4769 2810 4808 non
2832 4749 2961 4806 sinit
2984 4743 3242 4802 tediﬁcari
3265 4739 3442 4803 male;

1863 4859 1947 4913 vel
1978 4832 2234 4928 quoniam
2268 4853 2498 4923 improbi
2538 4832 3446 4928 ultimiaedificantur,improbissi-

1867 4918 2196 5003 mus'autem
2223 4952 2306 4999 est
2343 4918 2509 5013 bocg,
2546 4939 2688 4996 haud
2714 4949 2874 4992 secus
2905 4947 2969 4987 ac
2997 4928 3222 4984 ultimus
3266 4918 3444 4976 inimi-

1869 5057 1966 5098 cus
2028 5043 2339 5095 destruetur
2381 5050 2551 5098 mors,
2601 5035 2654 5087 in
2696 5029 2804 5085 ﬁne
2849 5027 3181 5082 destruetur.
3224 5014 3284 5072 Si
3318 5027 3444 5067 vero

1871 5132 2023 5186 radix
2059 5128 2270 5184 Idutuati
2306 5126 2448 5196 Doeg
2469 5123 2717 5180 evellitur
2747 5120 2812 5175 de
2848 5126 2992 5171 terra
3024 5106 3344 5169 viventium,
3374 5098 3447 5156 ibi

1867 5222 2106 5293 plautata
2130 5228 2266 5276 erat.

1939 5493 2050 5567 (22)
2080 5491 2150 5548 Τὸ
2187 5489 2590 5562 λογιζόμενον,
2623 5493 2729 5540 etc.
2762 5481 2925 5537 Idem.

1941 5565 2054 5661 (25)
2080 5585 2257 5640 Εἰσὶν
2285 5585 2340 5638 ot
2367 5581 2590 5648 ὥσπερ,
2616 5587 2724 5631 etc.
2760 5575 2969 5629 Catena
3003 5565 3274 5627 Corderii.

1942 5660 2056 5754 (24)
2073 5680 2335 5752 Ῥήματα
2359 5667 2869 5740 καταποηισμοῦ,
2885 5677 2990 5723 etc.
3010 5665 3209 5719 Eadem
3222 5660 3444 5717 Catena-

1944 5777 2054 5849 (25)
2101 5776 2154 5829 Ὀ
2204 5769 2522 5841 καθαιρῶν,
2577 5775 2684 5822 etc.
2744 5763 2929 5820 Codex
2973 5755 3441 5816 Coislinianusse-

1872 5854 2103 5908 cuttdus.
