3808 6494
407 281 547 345 1695

1791 278 1881 336 EX
1921 277 2224 336 ORIGENE

3529 287 3628 344 uti}

406 406 522 468 rius
545 401 687 459 oculi
718 402 847 460 illud
877 418 1014 474 opus
1042 409 1148 472 est,
1174 416 1338 472 quam
1367 401 1700 472 perspicacis
1721 411 1775 458 et
1804 402 1962 458 idone

2094 400 2395 477 Βιορατικοῦ
2449 402 2544 458 καὶ
2588 403 2774 458 ίκανοῦ
2823 403 3042 476 βλέπειν
3092 403 3152 458 τδ
3202 404 3394 474 φίλον;
3445 403 3628 481 ὀδέξιὶς

408 501 476 561 ιιιί
513 500 802 556 videndmn
833 500 976 569 quod
1001 499 1236 554 amicum
1269 497 1396 553 est?
1423 495 1524 565 Qui
1563 513 1692 552 vero
1720 512 1828 551 non
1860 511 1983 566 per-

406 591 595 663 spicax
619 599 700 645 est
735 589 945 654 oculus,
979 589 1263 658 deceptus,
1291 596 1349 642 et
1381 601 1661 656 perperam
1691 587 1980 656 aspiciens,

405 683 687 748 Inimicum
730 692 790 738 ut
828 683 1061 738 amicum
1102 682 1326 750 videbit,
1356 693 1406 736 ct
1443 683 1676 741 amicum
1715 691 1772 739 ut
1806 681 1983 738 inimi-

402 790 550 837 cum,

830 965 994 1036 729
1054 965 1175 1020 PSA
1190 965 1374 1022 LMUS
1426 967 1484 1020 Ll
1497 966 1556 1019 Υ.

477 1052 642 1109 Vens.
682 1053 738 1108 ‘2.
786 1053 1022 1123 Exaudi,
1074 1055 1238 1122 Deus,
1287 1057 1579 1111 oralionem
1626 1073 1817 1122 meam,
1870 1067 1976 1110 etc.

405 1147 573 1211 Nemo
595 1161 781 1203 eorum
815 1149 903 1214 qui
939 1159 1196 1219 peccant,
1245 1152 1544 1220 pt'wscrlim
1591 1150 1800 1220 peccati
1846 1159 1980 1204 tem-

403 1258 559 1322 pore,
589 1242 834 1297 velitsibi
880 1243 1054 1296 virum
1091 1243 1397 1314 religiosum
1436 1244 1734 1308 attendere,
1777 1254 1980 1314 quanto

401 1337 588 1400 minus
618 1336 810 1393 Deum.
846 1336 902 1392 Si
933 1336 1266 1392 intellexeris
1318 1338 1457 1392 istud
1488 1353 1502 1390 :
1540 1355 1558 1388 ι
1590 1337 1825 1394 Auribus
1855 1353 1980 1408 per-

403 1429 592 1499 cipite,
615 1443 806 1485 omnes
830 1429 921 1499 qui
949 1429 1210 1484 habitatis
1231 1429 1416 1483 orbem
1442 1429 1505 1495 ⁸³,
1535 1449 1552 1481 ι
1590 1432 1800 1486 deserta
1825 1431 1974 1486 verbi

401 1521 624 1586 malitia:
648 1523 762 1577 loca
797 1522 1086 1588 deserens,
1120 1523 1310 1576 venisti
1346 1522 1396 1576 in
1431 1525 1617 1578 orbem
1647 1525 1972 1591 habitatum,

400 1625 457 1677 et
493 1617 715 1673 veniens
748 1617 1004 1672 habitasti
1035 1617 1085 1670 in
1131 1631 1216 1670 eo.
1271 1615 1444 1685 Atque
1484 1618 1710 1672 audiens
1749 1618 1968 1672 oracula

402 1710 522 1775 Dei,
590 1711 712 1766 dic:
757 1728 775 1762 ι
818 1710 1054 1763 Auribus
1103 1709 1339 1779 percipe,

403 1819 605 1871 meam;
638 1823 655 1855 ι
687 1813 738 1858 et
770 1802 989 1857 auribus
1018 1801 1302 1871 percipiet,
1329 1817 1424 1856 nec
1450 1803 1673 1872 insuper
1698 1813 1748 1857 te
1787 1803 1980 1872 deprc-

399 1907 615 1952 cantem
645 1897 929 1967 despiciet.
957 1899 1130 1962 Aude,
1160 1909 1413 1969 tanquam
1449 1897 1668 1951 minime
1701 1897 1974 1966 despectui

397 1988 700 2057 habendus,
745 1991 975 2046 dicere:
1009 2009 1027 2043 c
1073 1992 1136 2045 Et
1187 2007 1254 2046 ne
1290 1989 1601 2060 despext‘n-is
1641 1989 1976 2059 deprecatio-

397 2096 520 2144 nem
576 2097 818 2138 meam.»
895 2084 1148 2151 Quinimo
1215 2085 1260 2138 si
1327 2084 1434 2140 Deo
1485 2083 1820 2147 attenderis,
1873 2082 1972 2151 ipsi

397 2177 695 2244 conlidens,
729 2176 974 2232 dicistud
1009 2195 1022 2230 :
1072 2197 1090 2229 ι
1122 2177 1342 2233 Intende
1370 2178 1499 2232 mihi
1528 2195 1542 2244 ;
1582 2195 1600 2228 ι
1636 2185 1798 2246 atque
1824 2177 1975 2230 insu-

395 2284 495 2345 per
520 2270 565 2324 si
595 2270 770 2340 ipsum
813 2271 1051 2325 audieris
1077 2311 1092 2334 ,
1125 2271 1381 2327 exaudiet
1410 2280 1482 2326 te.
1529 2272 1585 2324 Si
1618 2286 1750 2326 vero
1784 2271 1973 2334 etiam,

333 2385 336 2388 ·
395 2370 456 2424 ιιι
482 2364 775 2433 Apostolus
805 2379 898 2433 per
934 2365 1470 2420 commiserationem
1514 2365 1724 2435 lugens,
1762 2363 1974 2419 ﬂeveris

392 2469 518 2515 cum
549 2454 805 2514 ﬂentibus
838 2455 904 2522 ιθ,
950 2465 1002 2512 et
1043 2457 1317 2528 gemueris
1372 2457 1425 2511 in
1477 2457 1578 2512 hoc
1627 2457 1975 2512 tabernaculo

394 2558 742 2618 aggravatus.
772 2547 937 2602 dicito
970 2548 1096 2602 illud
1123 2566 1137 2603 :
1169 2567 1187 2602 ι
1220 2547 1588 2604 Contristatus
1628 2565 1769 2616 sum,
1805 2568 1823 2603 ι
1864 2558 1972 2605 etc.

466 2639 633 2694 Vnus.
663 2639 717 2693 5.
797 2637 1154 2694 Contristatus
1197 2657 1316 2694 sum
1347 2641 1403 2694 in
1433 2641 1806 2696 exercitatione
1834 2658 1972 2706 mea,

394 2743 503 2792 etc.
535 2732 632 2790 Vel
659 2734 1106 2787 exercitationem
1137 2733 1241 2787 hoc
1276 2734 1393 2790 loco
1424 2735 1728 2790 orationem
1759 2735 1971 2807 signifi-

395 2834 514 2890 cat;
546 2833 603 2879 ut
633 2826 794 2880 etiam
825 2826 876 2879 in
909 2826 1060 2878 Anna
1104 2844 1118 2879 :
1158 2844 1176 2877 ι
1207 2827 1280 2880 Ex
1329 2826 1672 2883 multitudine
1701 2829 1972 2884 exercita-

395 2916 558 2977 tionis
619 2932 752 2973 meae
810 2919 1029 2973 extabui
1086 2918 1206 2970 ν’.»
1272 2919 1335 2974 Ει
1384 2936 1720 2991 quaecunque
1775 2931 1972 2987 praeter

393 3021 599 3064 rectam
634 3010 896 3078 rationem
949 3011 1033 3066 vel
1078 3011 1312 3067 facimus
1345 3012 1427 3066 vel
1457 3013 1710 3078 dicimus,
1758 3014 1972 3068 exercio

393 3102 526 3157 latio
556 3110 674 3167 est;
726 3102 868 3157 sicut
907 3103 1068 3157 etiam
1126 3103 1215 3157 illa
1260 3119 1382 3174 quae
1437 3114 1640 3159 temere
1675 3104 1968 3162 eﬂ'utimus.

390 3189 641 3260 Seipsum
671 3207 801 3263 ergo
831 3195 1192 3261 condemnat,
1223 3195 1368 3265 quod
1419 3195 1774 3252 conturbatus
1810 3197 1970 3253 fuerit

389 3290 557 3352 atque
588 3284 754 3337 animi
792 3285 1235 3355 tranquillitatem
1269 3286 1515 3342 amiserit
1551 3306 1569 3339 ι
1624 3303 1652 3342 a
1698 3303 1830 3344 voce
1864 3289 1968 3344 iui—

389 3379 515 3438 mici
554 3387 608 3434 et
637 3394 664 3430 a
705 3379 1053 3435 tribulatione
1080 3381 1435 3449 peccatoris.)
1472 3381 1777 3438 Conﬁtetur
1808 3384 1972 3455 igitur

387 3468 683 3543 Propheta,
721 3481 780 3524 ut
833 3471 1028 3530 doceat
1067 3487 1163 3527 nos
1197 3470 1481 3539 conﬁteri,
1530 3486 1824 3547 personam
1869 3489 1967 3529 no-

387 3573 502 3627 atra
515 3579 563 3616 m
596 3579 902 3619 assumens.

464 3655 623 3714 Vens.
652 3659 706 3714 ι.
757 3658 826 3712 Et
872 3660 1214 3714 conturbatus
1250 3677 1363 3715 sum
1410 3677 1442 3714 a
1474 3677 1594 3715 voce
1629 3661 1830 3715 inimici
1860 3672 1909 3716 et
1936 3679 1968 3718 α

385 3751 733 3814 tribulatione
772 3754 1064 3821 peccatoris
1094 3768 1115 3808 :
1161 3754 1410 3824 quoniam
1464 3753 1858 3808 declinaverunt
1912 3755 1967 3809 in

385 3861 466 3904 me
505 3846 868 3916 iniquitatem,
903 3857 951 3901 et
993 3848 1046 3900 in
1096 3849 1180 3902 ira
1217 3847 1423 3902 molesti
1473 3855 1627 3901 erant
1670 3847 1824 3914 mihi,
1850 3857 1960 3903 etc.

381 3935 604 3994 Christo
632 3937 900 3992 liberante
933 3939 1179 3994 homines
1222 3939 1289 3994 ab
1327 3938 1656 3995 adversariis
1682 3941 1964 4009 potestati-

381 4026 504 4090 bus,
533 4043 635 4082 vox
672 4030 975 4098 peccatoris
1021 4031 1218 4086 diaboli
1250 4031 1544 4088 excitantis
1575 4033 1826 4090 subditas
1859 4034 1961 4091 sibi

379 4119 611 4175 virtutes
646 4132 833 4175 contra
880 4121 1240 4189 Salvatorem,
1279 4125 1329 4178 in
1380 4140 1545 4182 causa
1573 4125 1672 4181 fuit
1723 4142 1821 4182 cur
1856 4126 1963 4182 illae

380 4212 641 4268 adversus
670 4227 793 4268 cum
825 4214 1164 4283 iniquitatem
1197 4215 1540 4272 declinarent
1565 4228 1620 4274 et
1644 4219 1695 4273 in
1730 4219 1810 4272 ira
1845 4234 1963 4273 mo-

377 4299 527 4362 testa:
560 4301 658 4370 ipsi
690 4312 892 4371 essent,
933 4304 1002 4358 ita
1039 4315 1096 4357 ut
1130 4320 1225 4360 cor
1249 4304 1372 4361 Jesu
1409 4307 1718 4364 turbaretur
1744 4309 1797 4363 in
1825 4311 1959 4380 ipso,

2089 496 2394 568 διορατικὸς
2426 497 2702 570 ὀφθαλμὸς
2723 540 2736 562 ,
2764 497 3126 570 ἀπατώμενος
3159 501 3254 552 καὶ
3293 500 3569 571 παρορῶν,
3591 505 3631 558 τὸ

2092 590 2284 663 ἐχθρὸν
2313 591 2388 657 ὡς
2422 591 2574 666 φίλον
2609 591 2863 668 precem
2884 632 2898 657 ,
2922 593 3015 646 καὶ
3034 592 3095 646 τὸ
3126 593 3280 667 φίλον
3305 592 3386 658 ὡς
3415 593 3592 669 ἐχθρόν.

2695 966 2985 1022 ΨΑΛΜΟΣ
3011 967 3060 1021 Ν
3064 969 3139 1022 Δ’.

2173 1059 2501 1125 Ἐνώτισαι,
2520 1062 2552 1114 ό
2582 1058 2746 1125 Θεὸς,
2773 1059 2886 1127 τὴν
2909 1057 3268 1127 προσευχήν
3292 1076 3439 1143 μου,
3472 1075 3525 1114 κ.
3551 1075 3588 1112 τ.
3605 1058 3638 1113 ί.

2089 1153 2277 1216 Οὐδεὶς
2305 1152 2413 1205 τῶν
2436 1151 2546 1223 (57)
2578 1153 3015 1224 ἁμαρτανόντων,
3041 1151 3283 1222 μάλιστα
3297 1151 3449 1220 παρὰ⁵
3468 1151 3550 1203 τὸν
3571 1152 3643 1220 τῆς

2089 1243 2360 1315 ἁμαρτίας
2399 1244 2622 1314 καιρὸν,
2661 1243 2802 1299 θέλοι
2833 1243 2898 1297 ἂν
2928 1242 3015 1296 ἵνα
3059 1241 3311 1315 προσέχῃ
3351 1241 3500 1311 αὐτῷ
3539 1243 3644 1314 ἀνὴρ

2090 1335 2418 1406 σεϐάσμιος,
2473 1335 2626 1405 πόσῳ
2664 1331 2824 1408 ἦττον
2875 1335 3025 1398 Θεός.
3091 1335 3270 1405 Εἴπερ
3338 1337 3535 1396 συνιεῖς
3581 1335 3642 1397 τὸ,

2089 1446 2106 1478 ι
2148 1425 2525 1491 Ἐνωτίσασθε,
2553 1425 2750 1489 πάντες
2783 1425 2831 1477 οἱ
2869 1424 3255 1489 κατοικοῦντες
3298 1425 3402 1494 τὴν
3436 1426 3646 1494 οἰκουμέ-

2074 1524 2179 1589 ’νην
2201 1559 2212 1580 ,
2249 1537 2266 1568 ι
2311 1515 2376 1569 τὰ
2405 1515 2583 1588 ἔρημα
2614 1515 2706 1570 τοῦ
2740 1515 2897 1584 λόγου
2932 1515 3031 1586 τῆς
3062 1516 3265 1579 κακίας
3304 1515 3489 1585 χωρία
3513 1531 3646 1569 κατα-

2078 1608 2248 1662 λιπὼν
2271 1649 2284 1672 ,
2315 1607 2573 1679 ἐλήλυθας
2605 1607 2694 1660 ἐπὶ
2721 1606 2817 1679 τὴν
2841 1608 3186 1679 οἰκουμένην,
3212 1608 3309 1660 καὶ
3345 1606 3517 1659 ἐλθὼν
3541 1625 3649 1659 κιτ-

1423 1710 1561 1763 υριιε
1591 1751 1605 1776 ,
1676 1711 1975 1764 orationem
2013 1709 2052 1765 Β
2077 1701 2284 1773 ᾡκισας
2329 1704 2386 1754 ὲν
2431 1703 2591 1772 αὐτῇ.
2637 1701 2746 1754 Καὶ
2784 1701 3046 1764 ἐνωτίσας
3091 1701 3160 1754 τὰ
3200 1699 3366 1768 λόγια
3405 1699 3499 1752 τοῦ
3536 1699 3647 1752 θεοῦ

2078 1796 2222 1866 λέγε
2255 1816 2272 1847 ι
2307 1795 2612 1856 Ἑνώτιται,
2641 1794 2668 1858 ὁ
2701 1793 2851 1857 Θεὸς,
2876 1794 2974 1865 τὴν
3004 1794 3316 1866 προσευχήν
3361 1811 3486 1865 μου,
3523 1813 3540 1845 ι
3575 1797 3648 1847 καὶ

2078 1889 2392 1947 ἐνωτίσεται
2415 1930 2430 1954 ,
2480 1887 2613 1948 ἀλλὰ
2660 1887 2753 1941 κα).
2800 1886 2874 1959 μὴ
2920 1884 3188 1958 ὑπεριδὼν
3242 1885 3505 1956 δεομένου
3553 1903 3649 1939 στου.

2077 1980 2280 2055 Θάρρει
2316 1980 2390 2045 ὡς
2430 1980 2529 2052 οὐχ
2575 1977 3092 2051 ὑπεροφθησόμενος
3134 1979 3312 2032 εἰπεῖν
3335 1994 3351 2008 ·
3402 1994 3422 2028 ι
3456 1977 3561 2032 Καὶ
3590 1977 3651 2048 μὴ

2077 2073 2336 2148 ὑπερίδῃς
2380 2073 2480 2142 τὴν
2529 2071 2717 2146 δέησίν
2749 2088 2870 2141 μου.
2915 2090 2932 2124 ι
2986 2070 3147 2128 Ἀλλά
3175 2071 3273 2124 καὶ
3305 2070 3355 2123 εί
3387 2071 3650 2141 προσέχεις

2075 2167 2212 2238 Θεῷ,
2242 2165 2518 2231 πεποιθὼς
2544 2165 2712 2237 αὐτῷ,
2737 2166 2860 2234 λέγε
2885 2166 2942 2220 τό
2965 2183 2978 2197 ο
3019 2184 3037 2217 ι
3076 2164 3329 2237 Πρόσχες
3371 2180 3464 2234 μοι
3484 2179 3498 2193 ·
3536 2181 3554 2213 ι
3585 2163 3654 2218 ἔτι

2074 2259 2130 2313 δὲ
2154 2261 2201 2312 εί
2235 2260 2472 2331 ἤκουσας
2492 2257 2653 2312 αὐτοῦ
2677 2299 2692 2324 ,
2723 2257 3104 2314 εἰσακούσεταί
3128 2274 3247 2312 σου.
3293 2256 3460 2310 ’Δλλά
3481 2257 3530 2308 εἱ
3556 2259 3651 2318 καὶ,

2075 2349 2150 2414 ὡς
2201 2350 2230 2401 ὁ
2299 2348 2620 2412 Ἀπόστολος
2671 2349 2758 2402 διὰ
2819 2347 3234 2421 φιλανθρωπίαν
3296 2347 3648 2417 λυπούμενος,

2075 2442 2283 2506 κλαίεις
2321 2442 2458 2517 μετὰ
2484 2441 2806 2508 κλαιόντων,
2831 2442 2921 2502 καὶ
2965 2442 3244 2507 στενάζεις
3270 2443 3331 2496 ἐν
3372 2440 3453 2512 τῷ
3487 2444 3652 2512 σκήνει

2076 2535 2408 2608 βαρούμενος
2431 2579 2445 2602 ,
2481 2536 2601 2592 εἰπὲ
2634 2536 2694 2589 τό
2713 2552 2726 2564 ·
2767 2553 2785 2586 ι
2813 2536 3126 2607 Ελυπήθην,
3162 2554 3180 2588 ι
3214 2536 3311 2590 καὶ
3335 2533 3406 2587 τὰ
3429 2533 3575 2604 ἑῆς.

2161 2628 2507 2698 Ἐλυπὴθην
2547 2629 2617 2682 ἐν
2655 2627 2732 2697 τῇ
2775 2628 3111 2698 ἀδολεσχίᾳ
3135 2645 3294 2698 μου,
3327 2645 3388 2682 κ.
3422 2644 3475 2680 τ.
3515 2629 3559 2680 ὲ.
3594 2629 3652 2686 Ἤ

2075 2720 2391 2794 ἀδολεσχίαν
2416 2722 2523 2794 (58)
2548 2721 2781 2780 ἐνταῦθα
2802 2722 2901 2792 τὴν
2940 2721 3104 2792 εὐχὴν
3140 2720 3410 2791 σημαίνει
3430 2762 3446 2785 ,
3469 2721 3544 2785 ὡς
3575 2725 3656 2776 καὶ

2078 2814 2170 2871 ἐπὶ
2203 2815 2300 2885 τῆς
2328 2817 2546 2886 Ἅννης·
2579 2833 2597 2864 ι
2638 2815 2731 2869 Ἐκ
2759 2813 2994 2885 πλήθους
3029 2812 3354 2890 ἀδολεσχίας
3393 2832 3498 2888 μου
3524 2816 3658 2867 snsi-

2071 2924 2235 2980 τηκα.
2277 2927 2293 2958 ι
2327 2908 2436 2962 Καὶ
2477 2908 2578 2962 ὅσα
2613 2907 2669 2960 δὲ
2716 2906 3028 2978 πράττομεν
3057 2908 3089 2978 ἢ
3119 2906 3361 2978 λέγομεν
3404 2906 3559 2978 παρὰ
3580 2908 3656 2960 τὶν

2075 3001 2234 3075 ὀρθὸν
2265 3000 2422 3070 λόγον
2449 3042 2461 3064 ,
2489 3001 2769 3072 ἀδολεσχία
2794 3003 2911 3055 ἐστὶ
2931 3042 2945 3067 ,
2969 3001 3045 3066 ὡς
3080 3001 3170 3055 καὶ
3193 3002 3298 3055 ὅσα
3329 3002 3459 3072 εἰκῆ
3485 3001 3661 3054 λαλεῖ,-

2078 3111 2200 3166 μεν.
2239 3094 2502 3164 Κατέγνω
2543 3091 2635 3149 οὖν
2680 3095 2873 3149 ἑαυτοῦ
2916 3095 3008 3148 ἐπὶ
3052 3094 3129 3166 τῷ
3157 3094 3546 3167 τεταράχθαι,
3577 3095 3660 3148 καί

2074 3187 2173 3258 τὴν
2199 3187 2295 3257 τῆς
2324 3186 2501 3263 ψυχῆς
2529 3187 2930 3242 ἀπολωλεκέναι
2955 3187 3196 3260 γαλήνην
3236 3207 3253 3240 ι
3285 3188 3387 3242 ἐπὶ
3416 3190 3488 3259 τῇ
3525 3190 3660 3257 φωνῇ

2071 3278 2164 3332 τοῦ
2197 3278 2390 3350 ἐχθροῦ
2421 3280 2514 3333 καὶ
2543 3280 2650 3334 ἀπὸ
2684 3279 2912 3350 θλίψεως
2939 3279 3292 3352 ἀμαρτωλοίἰ.
3326 3300 3344 3332 ι
3382 3279 3660 3349 Ἐξομολο-

2072 3373 2250 3442 γεῖται
2282 3369 2409 3436 οὖν,
2446 3371 2711 3429 διδάσκων
2753 3374 2899 3444 ἡμᾶς
2933 3376 2960 3425 ὁ
2988 3375 3288 3446 Προφήτης
3327 3371 3665 3446 ἐξομολογεῖο

2073 3464 2200 3524 σθαι
2223 3505 2238 3529 ,
2268 3464 2328 3518 τὸ
2355 3465 2644 3540 πρόσωπον
2668 3465 2823 3541 ἡμῶν
2854 3465 3159 3522 ἀναλαϐών.

2139 3653 2250 3707 Καὶ
2280 3652 2616 3724 ἐταράχθην
2637 3653 2755 3708 ἀπὸ
2782 3653 2986 3723 φωνῆς
3008 3654 3230 3724 ἐχθροῦ
3260 3656 3368 3709 καὶ
3403 3656 3532 3712 ἀπὸ
3561 3657 3669 3710 8λί-

2067 3747 2230 3816 ψεως
2252 3745 2602 3814 ἀμαρτωλοῦ
2623 3763 2635 3779 ο
2663 3745 2750 3801 ὅτι
2779 3744 3100 3811 ἐξέκλιναν
3126 3748 3224 3800 ἐπ’
3251 3748 3366 3818 ἐμὲ
3385 3750 3666 3818 ἀνομὰπ.

2068 3837 2165 3890 καί
2200 3838 2269 3890 ὲν
2307 3836 2454 3907 ὀργῇ
2484 3837 2808 3892 ἐνεκότουν
2835 3857 2937 3908 μοι
2956 3882 2970 3904 ,
3001 3857 3057 3893 κ.
3088 3857 3137 3893 τ.
3177 3841 3224 3893 ὲ.
3253 3841 3516 3912 Χριστυῦ
3547 3843 3670 3893 απ·-

2071 3929 2313 3993 σπῶντος
2373 3931 2484 4001 (59)
2536 3930 2856 4004 ἀνθρώπους
2917 3933 3025 3986 ἀπὸ
3083 3933 3194 3986 τῶν
3253 3934 3668 4005 ἀντικειμένων

2069 4022 2359 4094 ἐνεργειῶν
2379 4063 2393 4088 ,
2427 4025 2460 4096 ἡ
2490 4025 2640 4096 φωνὴ
2668 4025 2761 4079 τοῦ
2795 4027 3119 4098 ἀμαρτωλοῦ
3148 4027 3414 4082 διαϐόλου
3468 4045 3672 4100 παρίδρ-

2039 4114 2278 4187 ,μῶντος
2315 4116 2412 4180 τὰς
2451 4117 2541 4170 ὑπ’
2573 4119 2732 4172 αὐτὸν
2776 4119 3029 4195 δυνάμεις
3073 4119 3218 4181 κατὰ
3263 4120 3368 4174 τοῦ
3412 4122 3671 4192 Σωτῆρος

2065 4208 2213 4262 αἰτία
2259 4208 2466 4277 ἐγίνετο
2510 4209 2604 4263 τοῦ
2649 4211 2859 4278 ἐκείνας
2907 4211 3174 4266 ἐκκλίνειν
3224 4213 3316 4265 ἐπ’
3355 4214 3539 4266 αὐτὸν
3576 4215 3673 4283 τὴν

2021 4371 2029 4374 _
2065 4301 2325 4372 ἀνομίαν,
2364 4302 2457 4356 καὶ
2483 4303 2541 4356 ἐν
2578 4303 2713 4381 ὀργῇ
2764 4303 3008 4372 ἐγκοτεῖν
3050 4301 3234 4373 αὐτῷ,
3282 4303 3367 4368 ὡς
3411 4304 3519 4357 τοῦ
3568 4304 3673 4374 ἰη-

379 4400 435 4447 et
480 4391 710 4449 formido
755 4397 944 4451 mortis
975 4396 1191 4452 caderet
1224 4413 1388 4467 super
1433 4398 1602 4463 illum,
1663 4400 1857 4456 timore
1907 4412 1961 4458 et

2094 4393 2161 4448 οὗ
2201 4394 2563 4466 ταράττεσθαι
2591 4395 2689 4467 τὴν
2719 4395 2946 4465 καρδίαν
2991 4398 3048 4450 ἐν
3092 4395 3283 4466 αὐτῷ,
3315 4398 3421 4452 καὶ
3473 4398 3675 4450 δειλίῃ

382 4493 615 4541 tremore
646 4487 987 4546 venientibus
1019 4504 1182 4562 super
1210 4490 1382 4556 illum,
1425 4500 1480 4547 et
1512 4490 1741 4564 caligine
1783 4492 1956 4565 ipsum

375 4577 676 4646 aperiente.

447 4669 612 4726 Vens.
654 4672 709 4735 5,
751 4671 854 4730 Cor
893 4691 1061 4727 meum
1112 4677 1480 4730 conturbatum
1511 4687 1586 4731 est
1616 4679 1668 4731 in
1710 4694 1810 4743 me,
1845 4688 1951 4732 etc.

375 4758 551 4815 Habet
577 4761 706 4830 quid
737 4763 915 4819 simile
946 4763 1096 4829 illud,
1141 4783 1159 4816 ι
1189 4765 1300 4823 Cor
1341 4783 1515 4821 meum
1576 4769 1952 4824 conturbatum

373 4865 456 4909 est
484 4854 536 4910 in
579 4870 686 4920 me,
716 4875 735 4909 ι
771 4856 858 4910 isti
887 4875 900 4911 :
934 4876 953 4910 ι
976 4860 1054 4913 Ad
1082 4861 1346 4931 meipsum
1377 4860 1554 4916 anima
1589 4877 1706 4916 mea
1730 4871 1952 4917 contur-

373 4949 496 5000 bata
532 4954 618 5001 est
648 4946 713 5000 “'.
741 4965 758 4998 ι
793 4945 1059 5003 Caeterum
1086 4950 1252 5006 etiam
1295 4961 1523 5006 mortem
1551 4951 1886 5021 exspectanti
1921 4967 1951 5006 a

371 5053 539 5109 pravo
593 5040 828 5110 quodam
877 5039 1072 5108 Spiritu
1137 5042 1300 5096 timor
1351 5043 1622 5112 injicitur;
1682 5044 1775 5116 qui
1827 5059 1948 5100 cum

370 5134 529 5188 vellet
554 5135 768 5203 Operari
819 5133 874 5189 in
905 5135 997 5190 illo
1025 5136 1115 5206 qui
1167 5137 1310 5192 hunc
1365 5139 1628 5207 psalmum
1685 5140 1944 5208 dictabat,

370 5225 529 5277 irruit
560 5225 611 5280 in
644 5227 904 5293 eum,sed
937 5242 1040 5281 non
1066 5229 1286 5282 omnino
1315 5230 1493 5290 etl‘ecit
1527 5233 1668 5300 quod
1709 5232 1943 5289 volebat.

379 5313 635 5370 Similiter
661 5330 878 5386 quoque
913 5317 1066 5373 dices
1098 5320 1163 5374 de
1193 5317 1390 5374 timore
1418 5337 1481 5376 ac
1513 5329 1750 5378 tremore
1779 5339 1942 5395 super

433 5452 652 5510 “Psal.
685 5471 876 5513 xcvru.
929 5458 983 5517 2.
1061 5458 1105 5493 ⁸⁸
1159 5459 1319 5519 Rom.
1379 5477 1477 5528 xu,
1532 5463 1621 5526 15.

428 5590 543 5727 (37)
578 5592 789 5660 Οὐδεὶς
813 5594 951 5658 τῶν,
989 5602 1091 5651 etc.
1124 5595 1326 5652 Catena
1357 5596 1620 5653 Corderii.

453 5661 540 5726 58)
571 5663 643 5716 Ἦ
671 5665 1062 5727 ἀδολεσχίαν,
1091 5677 1198 5720 etc.
1229 5667 1446 5723 Eadem.

453 5661 540 5734 §§l
571 5663 643 5716 Ἦ
671 5665 1062 5734 ἀδολεσχίαν,
1091 5677 1198 5720 etc.
1229 5667 1446 5723 Eadem.

429 5731 539 5801 (59)
569 5734 830 5801 Χριστοῦ
861 5731 1281 5805 ἀποσπῶντος,
1339 5751 1444 5796 etc.
1502 5741 1682 5797 Codex
1741 5741 1940 5807 COisli-

2068 4489 2297 4549 θανάτου
2323 4489 2618 4562 ἐμπίπτειν
2647 4488 2794 4560 αὐτῷ
2815 4529 2830 4554 ,
2865 4488 3032 4558 φόϐου
3055 4490 3150 4544 καὶ
3177 4489 3399 4560 τρόμου
3440 4491 3678 4562 E91031-

2066 4598 2172 4636 νων
2194 4583 2281 4634 ἐπ’
2308 4581 2468 4634 αὑτὸν
2487 4621 2500 4645 ,
2537 4581 2632 4635 καὶ
2667 4579 2858 4633 σκότου
2887 4578 3257 4643 καλύπτοντος
3291 4581 3500 4638 αὐτόν.

2145 4674 2208 4729 Ἠ
2232 4672 2444 4742 καρδία
2467 4689 2586 4742 μου
2614 4669 2913 4742 ἐταράχθη
2945 4671 3016 4725 ἑν
3044 4670 3196 4741 ἐμοὶ,
3233 4690 3295 4726 κ.
3332 4691 3388 4726 τ.
3432 4676 3484 4727 ὲ.
3526 4677 3680 4745 Ἔχει

2060 4783 2112 4820 τι
2129 4766 2312 4838 ὅμοιον
2335 4765 2444 4836 (40)
2461 4764 2543 4828 τὸ,
2568 4783 2586 4815 ι
2624 4763 2686 4816 'H
2707 4764 2906 4842 καρδία
2937 4781 3040 4835 μου
3066 4766 3357 4842 ἐταράχθη
3378 4771 3447 4823 ἐν
3481 4771 3634 4842 ἐμοὶ,
3661 4791 3678 4820 ι

2059 4857 2159 4931 τῷ,
2198 4876 2215 4908 ι
2242 4857 2386 4928 Πρὸς
2418 4856 2650 4928 ἐμαυτὸν
2695 4859 2728 4928 ἡ
2759 4857 2902 4928 ψυχή
2938 4874 3038 4927 μου
3068 4858 3387 4932 ἐταράχθη.
3437 4883 3461 4915 ι
3525 4864 3688 4917 Ἀλλὰ

2059 4949 2154 5008 καὶ
2184 4949 2276 5005 ἐπὶ
2309 4948 2524 5021 θανάτῳ
2555 4949 2986 5023 προσδοκωμένη)
3017 4950 3190 5009 δειλία
3227 4953 3352 5006 ἀπό
3390 4972 3559 5022 τινας
3591 4975 3688 5009 περ·

2058 5044 2230 5115 νηρᾶς
2271 5043 2548 5120 ἐνεργείας
2577 5042 2824 5111 γίνεται,
2867 5043 3024 5114 ἥτις,
3072 5042 3396 5119 βουλομένη
3455 5052 3694 5124 ὲνΞρ-έ-

2059 5153 2147 5194 σαι
2173 5139 2252 5200 είς
2275 5135 2363 5195 τὸν
2391 5136 2614 5206 λέγοντα
2648 5136 2738 5190 τὸν
2765 5136 2976 5208 ψαλμὸν
3002 5177 3016 5201 ,
3072 5137 3364 5193 ἐπέπεσεν
3401 5143 3602 5215 αὐτῷ,
3636 5147 3691 5198 οὐ

2055 5231 2272 5295 πάντως
2322 5230 2380 5284 δὲ
2419 5231 2514 5284 καὶ
2554 5231 2854 5302 ἐνήργησεν
2884 5230 2912 5282 ὃ
2939 5230 3236 5304 ἐϐουλήθη.
3277 5236 3361 5289 Τὸ
3391 5238 3464 5292 δὲ
3505 5241 3695 5310 ὅμοιαί

2051 5326 2198 5396 ἐρεῖς
2233 5325 2325 5380 κα).
2355 5323 2447 5383 ἐπὶ
2478 5321 2570 5379 τοῦ
2607 5323 2850 5393 ἐλθόντος
2889 5325 2975 5377 ἐπ’
3003 5325 3173 5380 αὑτὸν
3202 5328 3393 5403 φόϐου
3434 5336 3546 5388 καὶ
3573 5334 3696 5408 τρό-

1700 5465 1743 5499 ”
1775 5467 1794 5525 Ι
1839 5467 1974 5538 Ilcg.
2025 5482 2066 5530 ι,
2101 5465 2188 5521 16.
2265 5465 2310 5502 ⁸⁸
2339 5463 2483 5522 Psal.
2522 5481 2632 5529 xu,
2661 5466 2714 5522 7.

2049 5601 2244 5660 nianus
2281 5601 2570 5660 secundus,

2120 5672 2231 5751 (to)
2261 5673 2429 5751 Ἔχει
2455 5689 2510 5732 τι
2542 5672 2767 5751 ὅμοιον,
2802 5683 2908 5735 etc.
2937 5672 3154 5735 Catena
3200 5677 3493 5741 Corderii
3525 5695 3585 5742 et
3615 5701 3700 5741 ω·

2048 5743 2153 5807 dex
2181 5743 2561 5805 Coisliniauus.
