3808 6500
144 370 260 426 1465

1101 365 1415 421 SELECTA
1454 363 1523 420 IN
1560 359 1898 418 PSALMOS.
1938 391 2006 402 —-
2044 360 2239 417 PSAL.
2284 358 2439 447 LIV.

3223 351 3364 411 1466

145 510 232 567 μου
252 508 263 523 ο
289 492 437 547 ἅτινα
461 532 476 557 ,
501 491 623 545 ἐπεὶ
647 482 803 563 εὗρεν
826 490 987 545 αὐτὸν
1007 489 1345 563 ἐγρηγορότα
1364 528 1379 551 ,
1406 489 1505 541 ούκ
1525 487 1679 558 ἐνήρ-

1793 484 1961 553 ipsum
1991 483 2242 537 νρηίιιιιιε
2274 499 2288 535 :
2332 494 2452 550 qua:
2489 477 2615 549 quia
2656 476 2830 547 ipsum
2863 482 3184 545 repererunt
3224 477 3360 543 vrgi-

140 603 301 659 γησεν.
334 604 351 637 ι
387 583 651 653 Ὲκὰλυψέ
689 600 755 654 με
786 584 841 637 δὲ
870 583 1079 647 σκότος,
1117 602 1132 634 ι
1168 579 1289 634 εἷπε
1324 581 1411 634 διὰ
1438 581 1497 634 τὸ
1525 579 1683 650 σῶμα

142 678 334 733 σκοτοῦν
366 679 460 749 τὴν
482 677 690 749 ψυχὴν,
729 679 815 732 ὅτε
861 676 1183 748 ἁμαρτωλὸς
1227 677 1320 730 και)⁸
1362 675 1555 747 ἐχθρὸς
1593 676 1685 725 ὲκ-

138 772 375 828 ιιλίνουσιν
420 772 504 826 ἐπ’
560 773 658 843 ἐμὲ
710 772 932 841 ἀνόμιον
977 770 1215 840 ποίησιν.
1260 769 1534 841 Ἀμαρτία
1576 766 1684 838 γὰρ

136 866 380 937 ἁμαρτίαν
413 862 677 937 ἐρεθίζει·
712 864 918 933 δίκαιος
945 863 1001 916 δὲ
1031 862 1224 932 δικαίῳ
1270 859 1443 914 συνὼν
1483 859 1685 913 δικαιός

134 974 273 1029 τερος
312 956 536 1025 γίνεται.
585 975 603 1007 ι
627 957 738 1010 Καὶ
783 957 842 1010 ἐν
884 954 1020 1027 ὀργῇ
1057 955 1342 1009 ἐνεκότουν
1378 971 1486 1025 μοι.
1522 973 1540 1003 ›
1576 954 1684 1007 Καὶ

133 1050 272 1105 τοῦτο
296 1050 395 1105 τῶν
427 1048 767 1122 ἁμαρτωλῶν
786 1088 801 1114 ,
827 1051 876 1104 οἳ
900 1049 991 1103 καὶ
1016 1049 1112 1121 τὴν
1140 1048 1337 1120 ἔχθραν
1363 1048 1460 1117 οὐχ
1493 1046 1681 1109 ἁπλῶς

133 1144 461 1217 ἐργάζονται,
508 1142 644 1197 ἀλλὰ
693 1144 785 1196 καὶ
835 1143 894 1196 ἐν
960 1142 1155 1212 σκότῳ.
1210 1141 1526 1209 (Ἐγκοτεῖν
1556 1158 1573 1190 ι
1632 1139 1683 1192 δέ

132 1240 265 1293 ἐστιν
310 1237 734 1308 ἐναποκειμένην
782 1235 929 1307 ἔχειν
980 1235 1080 1305 τὴν
1125 1234 1314 1307 ὀργήν.
1366 1233 1683 1285 Ἐπίσταται

131 1330 395 1394 σπουδαῖος
430 1330 574 1393 ἄπας
604 1329 788 1400 ’ἕτερον
825 1325 1052 1381 εἶναιτὸ
1090 1330 1147 1381 ἐν
1185 1327 1464 1397 λογισμοῖς
1503 1326 1685 1395 ἁμαρ-

127 1424 292 1477 τάνειν
324 1423 370 1493 (ὃ
412 1422 506 1476 καὶ
540 1420 765 1475 ἀνεκτόν
808 1420 946 1491 ἐστι)
984 1421 1080 1474 καὶ
1113 1421 1299 1491 ἕτερον
1322 1460 1337 1483 ,
1381 1419 1437 1470 ἐν
1486 1417 1683 1489 πράξει

127 1517 215 1570 καὶ
238 1515 402 1585 λόγοις
435 1515 484 1583 (ὃ
512 1514 604 1568 καὶ
636 1515 973 1568 ἐπικίνδυνον
1010 1515 1104 1568 καὶ
1142 1513 1324 1585 βαρύ).
1361 1511 1453 1565 Διὸ
1497 1512 1589 1567 καὶ
1635 1511 1688 1563 εἴ

125 1624 248 1660 ποτε
289 1609 342 1660 ἐν
378 1607 653 1679 λογισμοῖς
679 1605 919 1676 συμϐαίη
953 1604 1138 1659 κλόνον
1160 1606 1251 1658 καὶ
1292 1602 1493 1675 βλάϐην
1536 1602 1683 1670 γίνε-

126 1699 268 1764 σθαι,
302 1701 356 1753 ἐν
400 1698 579 1770 ἐαυτῷ
621 1699 875 1768 φυλάττει
910 1698 1084 1761 αύτά,
1134 1697 1254 1750 οὐδὲ
1295 1695 1559 1767 προφέρει
1596 1694 1684 1746 λό-

120 1808 243 1868 γον,
271 1792 404 1848 κατὰ
437 1794 497 1847 τὸ
547 1796 603 1847 ἐν
646 1793 872 1865 κρυπτῷ
905 1794 1241 1864 ἁμάρτημα,
1288 1792 1408 1845 οὐδὲ
1453 1790 1682 1862 πράττει

1785 576 2008 639 lantem,
2040 575 2203 645 730
2249 575 2379 629 nihil
2425 573 2744 629 etlecerunt.
2799 590 2817 624 ι
2841 571 3213 626 Contexerunt
3242 585 3364 625 vero

1786 686 1871 724 me
1906 671 2205 733 tenebraan
2269 669 2425 733 dixit,
2476 667 2601 737 quia
2646 682 2843 735 corpus
2893 666 3076 719 animo
3109 666 3363 718 tenebras

1784 761 2038 828 olfundit,
2084 761 2298 828 quando
2341 769 2594 828 peccator
2616 767 2677 814 et
2711 758 2966 814 inimicus
3002 756 3278 810 declinant
3309 756 3363 809 in

1787 869 1871 908 me
1910 853 2149 923 iniquam
2189 853 2483 908 actionem.
2539 851 2830 906 Peccatum
2886 851 3031 906 enim
3082 857 3363 919 peccatum

1787 946 2032 1016 prolicit;
2068 944 2248 1015 justus
2279 958 2405 997 vero
2441 943 2590 1011 justo
2627 944 2912 999 adlncrens
2935 943 3133 1013 jnstior
3157 941 3361 997 evadit.

1792 1057 1809 1091 ι
1842 1038 1907 1092 Ει
1941 1038 1993 1091 in
2021 1038 2102 1091 ira
2134 1035 2342 1089 molesti
2378 1046 2537 1089 erant
2577 1036 2731 1089 mihi.
2758 1054 2777 1087 ι
2831 1035 2928 1091 llic
2974 1037 3135 1090 etiam
3169 1050 3363 1103 pecca-

1790 1145 1964 1189 torum
2026 1148 2141 1188 mos
2196 1140 2302 1196 est,
2353 1131 2445 1201 qui
2509 1132 2828 1186 inimicitias
2884 1146 2989 1185 non
3039 1129 3366 1199 simpliciter

1785 1233 2062 1285 exercent,
2104 1224 2198 1278 sed
2224 1222 2276 1277 in
2306 1220 2564 1277 tenebris.
2610 1221 2885 1290 Ἐγκοτεῖν
2923 1236 3056 1275 vero
3099 1221 3240 1275 idem
3282 1227 3366 1273 est

1785 1318 1929 1386 quod
1977 1318 2222 1369 intimam
2269 1314 2403 1368 iram
2448 1313 2669 1368 habere.
2714 1312 2955 1379 Quilibet
2984 1312 3185 1380 probus
3217 1311 3367 1365 novit

1786 1410 1931 1463 aliud
1968 1424 2087 1462 esse
2108 1448 2123 1473 ,
2154 1422 2385 1475 peccare
2416 1405 2834 1475 cogitationibus
2876 1404 3049 1477 (quod
3078 1415 3132 1459 et
3165 1405 3364 1459 tolera-

1786 1500 1893 1553 bile
1926 1498 2030 1569 est)
2073 1508 2125 1552 et
2159 1498 2324 1563 aliud,
2368 1498 2530 1552 rebus
2558 1513 2622 1551 ac
2652 1497 2831 1551 verbis
2856 1500 2871 1564 ζ
2897 1497 3038 1564 quod
3069 1504 3121 1550 et
3154 1497 3367 1564 pericu-

1786 1596 1957 1649 lusum
2013 1604 2066 1648 et
2122 1608 2286 1662 grave
2340 1592 2486 1662 est).
2554 1590 2895 1661 QuaprOpter
2944 1591 2988 1644 si
3037 1591 3254 1659 quando
3311 1590 3362 1643 in

1786 1687 2207 1757 cogitationibus
2229 1687 2509 1755 contingat
2527 1696 2731 1741 motum
2752 1685 2832 1738 vel
2862 1699 3056 1738 noxam
3079 1684 3362 1747 exsistere,

1789 1784 1901 1837 haec
1933 1784 1985 1835 in
2010 1782 2187 1851 seipso
2218 1781 2473 1842 custodit,
2500 1794 2674 1848 neque
2702 1778 2923 1834 verbum
2958 1776 3190 1849 profert,
3212 1777 3366 1846 juxta

120 1858 620 1958 ἁποτελεσματικῶς
639 1926 653 1950 ,
683 1858 1075 1957 εἰδὼςΙίἀσνιμον
1106 1858 1242 1938 εἶναι
1282 1884 1344 1937 τὸ
1370 1858 1678 1954 ἐνθύμημα.

1793 1885 2063 1945 peccatum
2095 1874 2237 1943 quod
2272 1874 2323 1929 in
2354 1872 2571 1928 occulto
2604 1872 2690 1936 fit,
2729 1886 2904 1941 neque
2936 1870 3204 1938 complete
3242 1885 3367 1938 per-

119 1979 190 2033 Τδ
215 1980 267 2034 δὲ
289 1979 343 2032 ἐν
362 1979 557 2051 πράξει
580 1980 673 2033 καὶ
699 1976 876 2048 λόγοις
889 1979 1137 2032 δυσίατον
1158 1977 1268 2030 ἐσθ’
1287 1980 1375 2031 ὅτε
1404 1978 1497 2031 καὶ
1530 1976 1684 2031 ἁνία-

114 2088 222 2125 τον.
253 2070 337 2124 Διό
356 2088 538 2142 φησιν·
575 2091 592 2123 ι
640 2072 706 2125 Ἡ
731 2072 927 2142 καρδία
955 2089 1054 2142 μου
1090 2069 1364 2142 ἐταράχθη
1392 2072 1450 2123 ἐν
1483 2070 1626 2141 ἐμοί.
1656 2091 1675 2123 ι

114 2164 187 2217 Ού
217 2163 317 2234 γὰρ
346 2164 667 2235 ἡρμήνευσα
695 2163 793 2233 τὴν
835 2161 1077 2234 ταραχὴν
1101 2203 1115 2226 ,
1151 2162 1183 2233 ἦ
1223 2160 1434 2233 ἔπραξά
1474 2178 1528 2213 τι
1559 2160 1680 2213 κατ’

113 2256 267 2309 αὐτόν
294 2273 306 2287 ·
347 2256 481 2309 ἀλλὰ
520 2256 615 2309 καὶ
644 2254 843 2319 δειλίας
878 2254 1243 2326 ἐπιπεσούσης
1276 2254 1506 2308 θανάτου
1553 2253 1682 2308 ἀκο-

110 2346 413 2412 λουθοῦντος
446 2352 511 2421 τῇ
538 2349 805 2420 ἁμαρτίᾳ,
850 2349 907 2401 ὲν
939 2347 1158 2419 ἐμαυτῷ
1195 2348 1362 2419 αὐτὴν
1393 2346 1678 2418 κατέσχον.

110 2440 398 2512 Συμϐαίνει
437 2442 546 2512 γὰρ
579 2443 642 2494 ἐκ
668 2441 776 2494 τῶν
805 2439 909 2508 ἔξω
940 2441 1038 2512 τὴν
1069 2440 1269 2494 δειλίαν
1296 2440 1563 2511 φανῆναι,
1586 2440 1680 2493 καὶ

110 2534 303 2605 ἑτέρων
352 2534 681 2606 πρόσκομμα
721 2534 973 2602 γενέσθαι
1012 2535 1103 2587 τὸν
1138 2533 1462 2605 δηλωθέντα.
1497 2532 1570 2585 Τὸ
1598 2532 1676 2595 δὲ,

114 2642 134 2674 ι
163 2625 323 2688 Φόϐος
356 2626 451 2681 καὶ
484 2626 685 2702 τρόμος
716 2622 876 2697 ἦλθεν
919 2628 1009 2680 ἐπ’
1038 2627 1170 2697 ἐμὲ,
1215 2627 1307 2679 καὶ
1347 2624 1582 2693 ἐκάλυψε
1612 2640 1679 2693 με

108 2716 333 2780 σκότος,
374 2737 393 2769 ι
453 2717 557 2787 τῆς
600 2718 814 2787 φύσεως
865 2719 965 2789 τῆς
1016 2718 1363 2790 ἀνθρωπίνης
1419 2716 1675 2786 ὑπάρχει,

102 2807 330 2877 ἐχούσης
359 2808 421 2861 τὸ
444 2809 742 2881 παθητικὸν
766 2812 858 2864 καὶ
881 2811 1108 2881 θυμικὸν
1136 2811 1229 2863 καὶ
1257 2809 1416 2863 ἐπιθυ
1426 2808 1673 2879 μητικόν.

98 2900 221 2953 Κᾶν
249 2901 365 2953 κατ’
413 2902 615 2974 ἀρετήν
655 2920 739 2968 τις
790 2903 1071 2977 προκόπτῃ
1095 2943 1109 2965 ,
1143 2904 1241 2956 οὐκ
1276 2903 1674 2974 ἀφανιζομένου

94 2991 195 3050 τοῦ
243 2992 542 3065 παθητικοῦ
567 3036 579 3058 ,
616 2996 900 3067 συμϐαίνει
943 2998 1000 3051 ἐν
1044 2998 1108 3069 τῇ
1156 2996 1425 3070 λεγομένῃ
1455 3012 1675 3068 συμπα-

94 3085 219 3155 θείᾳ
273 3087 540 3155 γενέσθαι.
619 3090 833 3161 Ἀμέλει
884 3089 1012 3160 γοῦν
1071 3091 1163 3145 καὶ
1210 3090 1271 3142 τὸ
1321 3090 1675 3162 προκείμενον

1786 1970 1921 2032 ficit,
1983 1968 2165 2022 sciens
2218 1967 2609 2035 c0gitationem
2663 1981 2787 2021 esse
2828 1964 3153 2021 enrabilem.
3212 1964 3366 2031 Quod

1781 2075 1911 2116 vero
1943 2075 2108 2131 opere
2143 2075 2204 2115 ac
2242 2059 2424 2115 verbis
2479 2059 2561 2125 fit,
2592 2069 2785 2114 enratu
2832 2057 3046 2113 difﬁcile
3095 2067 3149 2114 et
3189 2073 3365 2128 quan-

1782 2154 1960 2223 doque
1986 2152 2289 2208 incurabile
2315 2152 2553 2208 exsistit.
2597 2152 2809 2207 Idcirco
2844 2152 2920 2205 ait
2953 2169 2965 2205 :
3002 2170 3019 2203 ι
3049 2151 3157 2206 Cor
3186 2166 3365 2205 meum

1783 2246 2158 2301 conturbatum
2209 2247 2376 2301 estin
2414 2263 2522 2303 me.
2553 2266 2573 2299 ι
2627 2245 2744 2301 Non
2796 2246 2941 2301 enim
2998 2245 3364 2300 turbationem

1780 2341 2077 2404 enuntiavi,
2099 2341 2180 2395 vel
2202 2341 2302 2395 feci
2326 2342 2621 2411 quidquam
2645 2343 2907 2397 adversus
2928 2357 3048 2397 eum
3078 2358 3092 2396 :
3118 2341 3366 2411 quinimo

1782 2448 1906 2489 cum
1932 2434 2097 2489 timor
2125 2434 2403 2506 ingrueret
2438 2434 2629 2489 mortis
2652 2446 2930 2503 peccatum
2956 2426 3365 2503 subsequentis,

1782 2534 1836 2589 in
1874 2532 2192 2601 memetipso
2222 2533 2371 2587 illum
2423 2532 2694 2587 continui.
2755 2532 3037 2601 Contingit
3095 2534 3243 2586 enim
3296 2547 3363 2586 ex

1782 2624 1949 2688 signis
1978 2624 2223 2676 esternis
2263 2623 2515 2677 timorem
2545 2637 2832 2692 apparere,
2858 2635 2912 2677 et
2936 2634 3216 2680 ostensum
3244 2625 3364 2677 aliis

1777 2712 2166 2769 offendiculum
2205 2715 2346 2770 ﬁeri.
2391 2713 2526 2768 Illud
2567 2731 2698 2768 vero
2733 2734 2745 2768 :
2788 2734 2806 2767 ι
2839 2715 3027 2770 Timor
3063 2726 3119 2770 et
3161 2728 3365 2770 tremor

1778 2818 2050 2860 venerunt
2088 2822 2257 2876 super
2303 2822 2409 2873 me,
2457 2814 2510 2861 et
2541 2817 2907 2862 contexerunt
2941 2824 3024 2862 me
3056 2809 3312 2874 tenebraz,
3336 2828 3362 2867 ν

1780 2898 2029 2952 humanze
2063 2909 2272 2952 natura:
2305 2908 2409 2963 est,
2466 2899 2702 2967 patiendi
2745 2910 2800 2952 et
2840 2898 3111 2954 irascendi
3146 2910 3202 2954 et
3230 2916 3364 2954 con-

1780 2991 2094 3059 cupisccndi
2150 2994 2259 3044 vim
2306 2993 2580 3046 habentis.
2639 2993 2867 3048 Etiamsi
2906 2994 3027 3062 quis
3061 2994 3112 3046 in
3162 2994 3366 3050 virtute

1780 3084 2097 3154 profecerit,
2137 3087 2375 3156 potentia
2402 3086 2640 3156 patiendi
2676 3088 2898 3141 minime
2923 3089 3122 3151 deleta,
3151 3090 3364 3141 contin-

89 3180 418 3251 ⁴ιιτρόσωπον,
451 3182 756 3254 ὠθούμενον
805 3184 907 3237 ὑπὸ
951 3184 1144 3253 φωνῶν
1179 3182 1387 3255 ἐχθρῶν
1429 3182 1524 3236 καὶ
1566 3182 1678 3235 θλί-

1793 3176 1933 3246 gitnt
1969 3176 2184 3228 indicta
2215 3177 2601 3245 compassione
2636 3188 2902 3230 versetur.
2939 3179 3097 3232 Certe
3129 3191 3361 3244 persona

88 3271 245 3342 ψεως
270 3274 625 3344 ἀμαρτωλοῦ,
660 3274 1150 3347 ἀναρριπιζόμενον
1186 3276 1309 3346 ἔσχε
1346 3275 1405 3327 τὸ
1438 3274 1674 3345 ἐνυπάρ-

86 3381 190 3434 χον
221 3363 550 3435 παθητικὸν,
593 3366 669 3429 ὼς
726 3367 1028 3437 φοόηθῆναι
1055 3406 1069 3431 ,
1102 3367 1196 3420 καὶ
1237 3367 1424 3438 τρόμῳ
1469 3367 1674 3420 ὑποπε-

85 3458 210 3513 σεῖν
242 3456 347 3509 ὑπὸ
376 3457 468 3510 τοῦ
498 3458 595 3527 τῆς
636 3458 867 3530 ἀπορίας
903 3459 1125 3523 σκότους
1146 3475 1158 3493 ο
1204 3458 1301 3528 τὴν
1327 3459 1435 3531 γὰρ
1481 3474 1672 3513 σκοτο-

80 3547 326 3603 δινίασιν
350 3550 540 3614 σκότος
568 3550 843 3606 ἐκάλεσεν.

160 3730 275 3785 Καὶ
299 3727 471 3785 εἶπαν
515 3732 609 3799 Τίς
643 3731 820 3789 δώσει
854 3752 957 3804 μοι
986 3733 1283 3804 πτέρυγας
1311 3734 1455 3790 ὡσεὶ
1505 3752 1672 3805 περι-

77 3819 324 3890 στερᾶς,
361 3840 414 3877 κ.
445 3840 476 3875 τ
540 3826 586 3876 ἑ.
620 3825 896 3894 Πτέρυγές
927 3828 1032 3878 εἱσι
1064 3825 1174 3895 (41)
1200 3826 1299 3896 τῆς
1326 3827 1484 3895 ἁγίας
1515 3845 1671 3900 περι-

73 3918 294 3987 στερᾶς
340 3917 374 3987 ή
427 3915 627 3983 θεωρία
654 3912 945 3989 σωμάτων
988 3920 1081 3972 καὶ
1136 3920 1470 3991 ἀσωμάτων,
1507 3920 1573 3976 δι’
1604 3918 1673 3992 ἧς

69 4009 327 4079 ὑψωθεὶς
376 4012 404 4063 ὁ
463 4009 587 4075 νοῦς
641 4012 949 4067 καταπαύει
1010 4014 1089 4078 εἰς
1122 4014 1321 4083 γνῶσιν
1366 4014 1465 4086 τῆς
1512 4014 1671 4084 ἁγίας

65 4105 121 4155 Τ
128 4103 334 4175 ριάδος.

163 4195 317 4251 Ἰδοὺ
341 4196 648 4267 ἐμάκρυνα
690 4199 1043 4269 φυγαὸεὐων
1063 4244 1077 4269 ,
1116 4200 1214 4255 καὶ
1245 4203 1555 4271 ηὑλίσθην
1602 4204 1672 4258 ἐν

56 4290 153 4359 τῇ
176 4291 418 4362 ἐρήμῳ,
451 4310 506 4347 κ.
538 4311 589 4346 τ.
614 4296 660 4349 ἐ.
702 4294 765 4347 Ἦ
793 4294 883 4349 τοῦ
919 4296 1238 4365 φυγαδεύειν
1277 4298 1420 4363 λέξις
1456 4297 1567 4369 (42)
1605 4298 1668 4350 τὸ

49 4383 297 4439 διώκειν
332 4387 426 4439 καὶ
454 4388 534 4450 είς
562 4386 738 4459 φυγὴν
765 4388 986 4459 τρέπειν
1007 4391 1131 4454 τοὺς
1159 4389 1545 4462 ἐλαυνομένους
1573 4391 1669 4463 δη-

48 4478 171 4532 λοῖ.
202 4478 348 4550 Φησὶ
365 4478 495 4547 γοῦν
514 4482 542 4533 ὁ
563 4480 651 4535 τὸν
666 4479 878 4552 ψαλμὸν
894 4481 1087 4550 λέγων,
1110 4502 1126 4533 ι
1150 4483 1280 4536 Ἰδοὺ
1298 4485 1605 4554 ἐμάκρυνα,
1646 4504 1664 4536 ι

1778 3286 1993 3339 quoque
2022 3272 2318 3341 preposita,
2347 3286 2472 3325 cum
2511 3287 2540 3324 a
2576 3273 2801 3327 vocibus
2836 3272 3073 3326 inimicis
3106 3280 3161 3324 et
3189 3271 3362 3324 tribu-

1776 3361 1976 3417 latione
2033 3363 2343 3433 peccatoris
2385 3372 2797 3429 cnncuteretur,
2849 3364 3071 3417 insitam
3119 3362 3358 3432 patiendi

1775 3456 1881 3508 vim
1913 3456 2145 3511 habebat
2179 3457 2514 3522 excitatam,
2568 3458 2704 3511 adeo
2736 3467 2797 3511 ut
2827 3457 3020 3513 timore
3047 3457 3360 3525 corripere-

1777 3556 1866 3602 tur
1910 3559 1963 3603 et
2016 3550 2237 3604 tremori
2272 3548 2581 3617 subiaceret
2612 3567 2724 3622 prae
2761 3549 3003 3614 tenebris
3024 3548 3356 3603 anxietatis:

1775 3654 1899 3694 nam
1937 3642 2332 3697 tenebricosam
2382 3645 2708 3714 vertiginem
2756 3647 3012 3700 tenebras
3048 3644 3356 3713 appellavit.

1848 3733 2012 3791 Vens.
2054 3736 2103 3792 7.
2146 3734 2215 3790 Et
2270 3739 2382 3791 dixi
2418 3756 2434 3794 :
2471 3738 2603 3803 Quis
2647 3739 2790 3792 dabit
2822 3739 2947 3792 mihi
2987 3755 3185 3808 pennas
3226 3739 3357 3791 sicut

1774 3826 2047 3893 columba,
2095 3840 2205 3884 etc.
2257 3829 2458 3885 Penna:
2497 3831 2763 3885 columbae
2816 3840 3021 3885 sancta:
3050 3839 3133 3885 est
3174 3846 3357 3885 rerum

1774 3933 2163 3988 corporearum
2207 3932 2261 3976 et
2305 3925 2747 3991 incorporearum
2805 3922 3206 3992 contemplatio,
3266 3936 3361 3991 per

1774 4027 1934 4081 quam
1995 4014 2136 4068 elata
2187 4030 2339 4071 tueris
2385 4016 2435 4070 in
2482 4018 2793 4087 cognitione
2839 4027 3045 4073 sancta:
3078 4016 3360 4072 Trinitatis

1773 4107 2087 4174 requiescit.

1848 4196 2008 4254 Vens.
2053 4199 2107 4255 8.
2155 4200 2287 4254 Ecce
2311 4200 2548 4269 elongavi
2578 4202 2808 4272 fugiens,
2845 4213 2892 4257 et
2931 4204 3099 4256 mansi
3140 4204 3195 4256 in
3233 4203 3358 4257 seli-

1773 4292 1976 4355 tudine,
2012 4301 2117 4345 etc.
2142 4292 2255 4347 Vox
2288 4293 2611 4363 φυγαδεύειν
2641 4294 2910 4363 significat
2936 4296 3190 4364 persequi
3220 4305 3273 4349 et
3301 4297 3355 4349 in

1771 4382 1953 4453 fugam
2010 4394 2222 4439 vertere
2276 4401 2369 4439 eos
2426 4387 2519 4456 qui
2578 4387 2946 4456 expelluntur.
2997 4386 3140 4440 Dicit
3190 4387 3354 4455 igitur

1772 4476 1964 4546 psalmi
2021 4487 2213 4532 auctor
2248 4496 2261 4534 :
2301 4497 2319 4530 ι
2349 4479 2488 4534 Ecce
2535 4479 2812 4546 elongavi,
2843 4498 2863 4532 ι
2922 4481 3025 4534 hoc
3068 4489 3150 4534 est
3198 4479 3354 4547 longe

46 4572 367 4626 τουτέστιν
401 4572 496 4625 ἐπὶ
544 4572 677 4626 πολὺ
720 4573 1037 4643 φυγαδεύων
1080 4575 1173 4628 τὸν
1218 4575 1411 4647 ἐχθρὸν
1447 4575 1542 4628 καὶ
1575 4576 1666 4629 τὸν

1793 4569 1950 4637 :xpuli
1997 4570 2273 4624 inimicum
2309 4580 2363 4625 et
2406 4581 2790 4639 peccatorem,
2843 4581 2902 4626 ut
2954 4571 3060 4626 illis
3110 4571 3354 4641 expulsis

47 4665 441 4737 ἁμαρτωλὸν,
476 4665 552 4729 ὡς
576 4666 798 4719 ἐκείνων
829 4666 1210 4738 ἐληλασμένων
1240 4668 1562 4739 αὐλισθῆναι
1599 4686 1665 4739 με

39 4760 121 4814 ἐν
144 4759 217 4827 τῇ
253 4758 455 4829 ἐρήμῳ
476 4796 490 4822 ,
517 4755 794 4811 τουτέστιν
819 4758 1287 4814 διαναπαύσασθαι
1314 4762 1371 4812 ἐν
1396 4762 1667 4818 καταστά-

34 4868 141 4906 σει
166 4852 458 4923 εἰρηνικῇ.
500 4850 564 4904 Εἰ
599 4850 657 4903 δὲ
688 4850 749 4903 τὸ
784 4869 802 4903 ι
830 4852 1155 4921 φυγαδεύειν
1186 4873 1203 4904 ›
1258 4852 1401 4916 ίδίως
1432 4852 1666 4908 ἐνταῦθα

37 4964 63 4997 ι
119 4944 337 5013 φυγεῖν
366 4962 392 4996 s
434 4942 725 5014 σημαίνει,
754 4944 871 5015 ἐρεῖ
901 4945 929 4997 ὁ
962 4945 1167 5010 δίκαιος
1196 4948 1321 5010 τοὺς
1346 4947 1411 5002 ἐκ
1447 4965 1666 5020 περιτο-

29 5037 169 5110 μῆς
218 5035 449 5107 φεύγων
475 5037 567 5091 καὶ
598 5038 1008 5110 μακρυνόμενος
1034 5038 1123 5094 διὰ
1150 5040 1247 5110 τὴν
1290 5043 1426 5113 πρὸς
1467 5042 1664 5106 αὐτοὺς

25 5126 426 5192 ἀλαζονείανο
452 5126 729 5200 Ηύλίσθην
762 5130 820 5183 ἐν
848 5132 915 5201 τῇ
956 5131 1145 5203 ἐρήμῳ
1187 5132 1352 5204 νόμου
1394 5134 1487 5187 καὶ
1535 5151 1665 5206 προ-

25 5218 253 5291 φητῶν
319 5219 641 5294 Ἐκκλησία,
686 5220 938 5294 Ἀρμόζει
980 5222 1038 5280 δὲ
1065 5224 1158 5280 καὶ
1195 5224 1273 5295 τῷ
1302 5226 1421 5279 κατ’
1451 5227 1661 5283 οἰκονοη

25 5312 191 5386 μίαν
231 5312 491 5385 Χριστῷ.

108 5401 611 5475 Προσεδεχόμην
628 5403 737 5460 τὸν
750 5403 1025 5467 σώζων-τά
1037 5425 1114 5477 με
1131 5409 1248 5464 ἀπὸ
1266 5410 1360 5463 όλι
1368 5413 1522 5480 rod-0
1526 5410 1663 5481 χίας

25 5493 141 5546 καὶ
178 5494 564 5565 καταιγίδος,
591 5513 649 5552 κ.
680 5515 732 5554 τ.
762 5498 809 5550 ὲ.
840 5499 1107 5568 Καταιγὶς
1135 5503 1163 5554 ὁ
1199 5501 1374 5571 μέγας
1391 5502 1501 5572 (45)
1538 5520 1662 5556 πει-

25 5587 280 5658 ρασμὸς
311 5590 415 5643 καὶ
454 5589 623 5655 πολὺς
660 5590 803 5646 κατὰ
833 5593 931 5663 τῆς
962 5592 1141 5665 ψυχῆς
1177 5592 1385 5661 πνέων,
1422 5594 1549 5649 ὥστ’
1594 5595 1660 5653 ἂν

25 5677 132 5733 καὶ
168 5678 510 5750 ναυαγῆσαι
542 5679 640 5758 τὴν
665 5682 740 5757 μὴ
776 5682 1145 5757 προσέχουσαν
1178 5686 1369 5758 ἑαυτῇ.

280 5797 586 5881 Ιζςρρυγές
611 5804 749 5881 εισι,
776 5810 884 5881 etc.
918 5800 1140 5881 scheme
1164 5804 1369 5881 Grahii.

96 5867 242 5938 (42)
307 5868 384 5929 ’11
409 5867 515 5929 τοῦ
541 5867 900 5950 φυγαδεύειν
928 5873 1113 5945 λέξις,
1146 5885 1248 5931 etc.
1290 5876 1469 5934 Codex
1499 5874 1655 5945 Cois-

1767 4676 2042 4716 manerem
2086 4663 2137 4717 in
2181 4662 2498 4728 solitudine,
2555 4665 2661 4720 hoc
2699 4674 2784 4720 est
2834 4666 2885 4720 in
2942 4676 3083 4719 statu
3126 4664 3353 4733 paciﬁca

1766 4757 2187 4822 requiescerent.
2218 4755 2274 4810 Si
2309 4764 2493 4811 autem
2523 4772 2630 4812 vox
2712 4757 3035 4828 φυγαδεύειν
3105 4759 3208 4813 Ιιοο
3234 4759 3352 4813 loco

1764 4847 2034 4919 significat
2065 4867 2083 4900 ι
2105 4848 2313 4920 fugere,
2352 4871 2371 4903 ι
2403 4850 2585 4921 justus
2618 4868 2717 4908 eos
2744 4853 2837 4923 qui
2873 4869 2904 4908 e
2933 4853 3352 4908 circumcisione

1762 4948 1912 5004 sunt,
1948 4939 2178 5010 fugiens,
2214 4957 2445 5013 seseque
2480 4944 2548 4999 ab
2574 4945 2654 4999 eis
2684 4946 2751 5000 ob
2792 4960 2978 5000 eorum
3022 4944 3350 5013 jactantiam

1768 5032 1928 5102 longe
1951 5036 2300 5100 submovens,
2329 5036 2463 5090 dicit
2496 5055 2508 5093 :
2543 5037 2714 5091 Mansi
2742 5038 2794 5091 in
2839 5038 3086 5092 Ecelesia
3117 5038 3206 5091 ubi
3241 5052 3347 5090 non

1767 5136 1852 5181 est
1899 5128 1982 5183 lex
2030 5142 2129 5181 nec
2182 5130 2486 5197 propheta).
2578 5130 2850 5185 Convenit
2902 5132 3065 5187 etiam
3128 5128 3351 5185 Christo

1766 5220 2065 5273 secundum
2092 5220 2575 5289 dispensationem.

1841 5310 1998 5382 731
2046 5310 2208 5367 Vsus.
2251 5313 2304 5368 9.
2339 5313 2727 5383 Exspectabam
2761 5332 2879 5369 eum
2915 5316 3005 5384 qui
3036 5314 3239 5369 salvum
3268 5329 3349 5368 me

1772 5404 1891 5474 fecit
1912 5425 1941 5459 α
1964 5407 2402 5475 pusillanimilate
2420 5412 2637 5479 spiritus
2656 5420 2703 5464 et
2721 5418 3044 5478 tempestate,
3065 5418 3172 5467 etc.
3195 5409 3348 5463 Tem-

1770 5509 1953 5571 pestas
1978 5511 2061 5556 est
2094 5503 2324 5558 tentatio
2358 5520 2552 5574 magna
2584 5512 2639 5558 et
2670 5503 2965 5560 vehemens
3004 5510 3193 5558 contra
3225 5503 3347 5558 ani-

1758 5588 1914 5647 niam
1932 5593 2173 5662 spirans,
2205 5595 2281 5649 ita
2309 5603 2366 5649 ut
2398 5594 2742 5666 naufragium
2774 5592 2941 5649 faciat
2970 5594 3061 5649 illa
3091 5608 3213 5665 qua:
3235 5592 3343 5650 sibi

1768 5702 1873 5741 non
1908 5689 2160 5743 attendit.

1767 5805 2005 5862 linianus
2036 5807 2324 5861 secundus.

1836 5878 1949 5950 (45)
1980 5877 2260 5953 Κατιιιγὶς
2290 5881 2321 5933 ὁ
2349 5876 2559 5949 μέγας,
2582 5887 2687 5936 etc.
2726 5876 2892 5935 Idem.
