3944 6386
483 307 633 368 1467

1888 304 1976 362 EX
2009 304 2312 362 ORIGENE

3646 315 3774 366 M08

573 422 732 479 Vens.
784 422 866 478 I0.
912 421 1221 493 Prtecipita,
1263 423 1504 490 Domine,
1552 432 1601 477 et
1647 422 1822 477 divide
1866 421 2076 492 linguas

2252 424 2731 487 Καταπόντισωο,
2763 423 2961 490 Κύριε,
2989 423 3086 475 καί
3114 423 3430 478 asa-radiate
3458 423 3572 491 τὰς
3597 425 3777 495 γλώσ-

497 534 702 584 eorum,
731 519 979 588 quoniam
1011 518 1119 572 vidi
1151 519 1487 588 iniquitatem
1526 524 1576 572 et
1606 515 2077 570 contradictionem

497 613 552 664 in
584 613 819 677 civitate,
852 621 959 666 etc.
997 611 1067 665 Iis
1095 611 1187 680 qui
1217 626 1283 667 ex
1317 612 1525 666 malitia
1552 621 1608 665 et
1634 609 1788 664 falsis
1817 609 2080 678 dagmati-

500 706 600 761 bus
649 707 926 760 civitatem
965 704 1265 769 tediiicant,
1316 704 1630 776 snpervenit
1679 702 1982 774 ignorantia
2025 711 2080 757 et

498 798 812 869 linguarum
843 795 1096 852 confusio
1133 812 1254 866 qua:
1282 797 1430 866 ipsbs
1474 812 1503 850 a
1537 796 1680 851 malo
1714 809 1878 864 opere
1921 795 2080 850 cohi-

499 889 614 953 bet,
673 889 1137 959 quemadmodum
1199 886 1432 955 contigit
1490 887 1656 942 etiam
1715 885 1823 940 illis
1879 886 1970 955 qui
2027 885 2078 939 in

497 980 740 1036 Chalaue
787 983 982 1036 turrim
1035 988 1487 1035 construxerunt.
1537 979 1593 1033 In
1642 995 1792 1035 mare
1838 979 2079 1049 demet-gi

498 1074 698 1128 dicitur
745 1074 798 1130 id
851 1075 994 1144 quod
1051 1073 1118 1127 ab
1166 1071 1342 1127 oculis
1389 1072 1694 1134 evanescit,
1753 1072 1877 1141 quia
1920 1086 2083 1126 omne

499 1167 643 1234 quod
684 1167 738 1222 in
789 1167 1064 1236 profundo
1095 1174 1198 1226 est,
1225 1162 1294 1217 ab
1324 1164 1496 1220 oculis
1517 1164 1816 1220 evanescit.
1845 1162 2079 1218 Profun-

497 1259 625 1314 dum
658 1260 823 1328 igitur
857 1269 1138 1330 peccatum
1179 1265 1284 1321 est,
1317 1265 1372 1311 et
1405 1259 1481 1312 rei
1515 1275 1636 1329 qua:
1655 1258 2082 1315 subsistitinter-

497 1354 639 1418 itus,
692 1353 915 1408 malitiae
936 1352 1245 1410 dissolutio.
1281 1355 1578 1426 Propterea
1609 1353 1744 1408 dicit
1773 1352 1824 1406 in
1859 1350 2080 1420 profun-

497 1447 626 1500 dum
658 1462 688 1502 a
718 1447 828 1502 Deo
861 1449 1102 1518 demergi
1138 1450 1361 1516 malum,
1391 1466 1516 1506 cum
1541 1448 1860 1503 dividuntur
1881 1446 2084 1516 lingua:

502 1554 697 1595 eorum
732 1541 786 1595 in
820 1545 1023 1598 malum
1057 1546 1508 1617 conspirantium.

573 1631 883 1702 Ejusdem.¢
909 1635 1211 1707 Prtecipila,
1229 1639 1474 1692 Domine.
1499 1655 1519 1690 ι
1536 1637 1774 1704 Quorum
1795 1651 1814 1684 ι
1836 1645 2077 1692 eorum,»

497 1725 605 1781 nisi
657 1726 863 1782 inimici
910 1737 965 1784 et
1012 1732 1358 1798 peccatoris?
1407 1729 1492 1785 vel
1539 1740 1798 1798 tanquam
1848 1727 2082 1796 abyssus

2183 532 2300 581 σας
2321 513 2521 569 αὐτῶν
2543 557 2556 582 ,
2593 515 2683 568 ὅτι
2717 513 2882 569 εἶδον
2904 516 3163 586 ἀνομίαν
3196 517 3293 570 καὶ
3326 514 3691 589 ἀντιλογίαν
3715 522 3779 574 ὲν

2182 608 2259 677 τῇ
2283 611 2478 676 πόλει,
2514 628 2566 664 κ.
2602 627 2651 663 τ.
2688 611 2734 662 ἐ.
2773 611 2898 674 Τοῖς
2934 611 3044 664 ἀπὸ
3087 611 3283 675 κακίας
3307 611 3420 683 (Μ)
3449 613 3548 667 καί
3574 613 3780 682 ψευδῶν

2180 703 2467 774 δογμάτων
2506 703 2660 757 πόλιν
2694 703 3069 774 οἰκοδομοῦσιν
3108 705 3352 773 ἀγνωσία
3387 707 3778 778 ἐπισυμὸαίνει

2183 797 2275 850 καὶ
2305 795 2565 866 σύγχυσις
2605 795 2868 864 γλωσσῶν
2913 794 3166 850 παύουσα
3213 797 3414 862 αὐτοὺς
3450 799 3559 868 τῆς
3610 800 3779 871 κακῆς

2183 889 2466 963 ἐνεργείας
2491 930 2505 952 ,
2542 887 2795 959 καθάπερ
2821 889 2918 941 κα)⁵
2957 891 3071 952 τοῖς
3101 889 3160 941 ἐν
3185 888 3408 960 Χαλάνῃ
3441 887 3542 941 τδν
3578 888 3780 960 πύργον

2184 979 2684 1033 κατασκευάσασιν.
2732 978 2790 1030 ὐ
2831 979 3270 1049 καταποντισμὸς
3318 978 3410 1033 τὸν
3469 978 3778 1050 ἀφανισμὸν

2182 1073 2352 1144 δηλοῖ,
2405 1071 2542 1140 eam
2589 1072 2696 1124 πᾶν
2735 1070 2797 1124 τὸ
2848 1071 2908 1123 ἐν
2958 1070 3103 1142 βυθῷ
3155 1071 3376 1141 γεγονὸς
3428 1071 3776 1140 ὰςρανίζεται.

2185 1165 2356 1230 Βυθὸς
2407 1163 2499 1219 οὖν
2544 1165 2790 1236 ἁμαρτία
2836 1163 2955 1218 ἐστὶ
2995 1165 3089 1219 καὶ
3131 1164 3382 1218 ἀπώλεια
3437 1166 3470 1236 ἡ
3507 1163 3610 1217 τοῦ
3662 1181 3778 1216 σιν-

2184 1259 2418 1322 εστῶτος
2433 1259 2530 1328 τῆς
2549 1258 2747 1322 κακίας
2771 1259 3031 1321 διάλυσις.
3064 1257 3161 1311 Διά
3181 1257 3335 1311 τοῦτό
3352 1275 3490 1328 φησι
3509 1276 3780 1313 καταπον-

2183 1352 2426 1417 τίζεσθαι
2466 1351 2616 1423 παρὰ
2648 1349 2781 1404 Θεοῦ
2818 1351 2876 1404 τὸ
2910 1350 3078 1404 κακὸν
3107 1352 3164 1403 ἐν
3202 1351 3278 1421 τῷ
3308 1351 3778 1423 καταδιαιρείσθαι

2184 1451 2284 1515 τὰς
2309 1449 2560 1520 γλώσσας
2587 1449 2767 1502 αὐτῶν
2795 1450 2888 1502 ἐπὶ
2918 1447 3073 1518 κακῷ
3104 1447 3569 1518 συμφωνούντων.

2261 1632 2370 1688 Τοῦ
2397 1633 2609 1688 αὑτοῦ.
2643 1653 2661 1685 ‹
2698 1632 3116 1687 Καταπόντισον
3145 1631 3280 1704 (45),
3305 1632 3506 1704 Κύριε.
3549 1653 3568 1685 ι
3607 1633 3778 1688 Τίνων

2186 1729 2387 1795 αὐτῶν,
2415 1728 2449 1799 ἢ
2479 1727 2675 1799 ἐχθροῦ
2709 1727 2804 1781 καὶ
2842 1727 3206 1798 ἀμαρτωλοῦ;
3242 1726 3276 1798 ἢ
3305 1728 3382 1791 ὡς
3417 1726 3668 1791 ἄϐυσσος
3699 1744 3780 1780 σο-

497 1818 789 1888 sapientia,
843 1821 896 1874 in
939 1795 1045 1890 qua
1095 1834 1224 1880 sunt
1271 1826 1544 1896 profunda
1597 1795 1716 1888 Dei,
1775 1819 2076 1901 prtecipiqtat

2191 1823 2304 1892 φία,
2341 1824 2398 1876 ἐν
2431 1795 2464 1895 ᾗ
2505 1795 2622 1874 ἔσει
2650 1820 2721 1874 τὰ
2755 1795 2896 1892 seed
2927 1795 3023 1873 τὰς»
3053 1820 3212 1883 Θεοῦ,
3245 1795 3642 1884 καταποντίζει
3675 1823 3782 1873 ἐπι·

499 1909 776 1968 inundans
826 1913 1040 1985 linguas
1087 1927 1143 1973 et
1187 1933 1349 1974 voces
1381 1917 1655 1974 sermonis
1689 1914 1894 1978 inimici
1929 1911 2078 1968 veri-

498 2004 649 2070 tatis,
678 2016 733 2061 et
769 2021 958 2063 eorum
1001 2011 1091 2079 qui
1145 2012 1293 2067 illum
1331 2013 1631 2083 praulicant
1674 2028 1688 2076 ;
1737 2017 1791 2064 et
1826 2007 2080 2063 dissolvit

496 2097 667 2165 ipsas,
691 2112 924 2168 arguens
952 2101 1344 2158 dissonantiam
1371 2112 1428 2158 et
1445 2102 1841 2158 dissensionem
1864 2114 2077 2155 eorum.

497 2189 668 2245 Porro
711 2207 898 2261 causa,
958 2211 1057 2250 cur
1100 2197 1214 2252 haec
1254 2197 1526 2263 dicantur,
1572 2196 1938 2266 subjungitur.
1988 2193 2082 2248 Est

494 2281 640 2336 enim
671 2284 835 2340 etiam
869 2289 1231 2344 contradictio
1258 2291 1404 2344 inter
1434 2305 1528 2345 eos
1570 2289 1662 2359 qui
1710 2297 1901 2346 contra
1933 2285 2078 2340 veri-

497 2383 666 2428 tatem
705 2379 1066 2446 contendunt,
1103 2394 1224 2450 quae
1265 2381 1330 2434 ad
1364 2379 1498 2436 nihil
1546 2379 1697 2434 utilis
1731 2387 1836 2443 est,
1878 2375 1980 2431 nisi
2013 2374 2081 2430 ad

495 2466 905 2525 subversionem
958 2473 1321 2529 audientium.
1381 2473 1653 2529 Caeterum
1711 2470 1961 2526 Christus
2014 2480 2078 2522 ea

496 2577 619 2631 quae
649 2575 954 2634 sequuntur
975 2568 1158 2623 dicere
1186 2568 1358 2637 possit
1382 2568 1447 2622 de
1469 2566 1693 2622 civitate
1713 2563 2077 2634 Jerosolyma,

496 2656 688 2710 videns
720 2658 772 2711 in
810 2674 874 2712 ea
925 2659 1288 2729 iniquitatem,
1320 2670 1372 2716 et
1407 2661 1669 2715 adversus
1698 2673 1759 2713 se
1805 2654 2081 2712 contradi-

495 2750 732 2804 ctionem
767 2751 982 2807 diversa
1016 2754 1084 2809 de
1111 2754 1227 2824 ipso
1253 2755 1660 2811 disserentium.
1701 2772 1719 2806 ι
1761 2752 1824 2806 Et
1852 2766 1957 2806 non
1989 2749 2080 2804 de-

497 2839 625 2896 fecit
651 2841 716 2896 de
743 2841 934 2912 plateis
960 2845 1097 2914 ejus.
1131 2865 1149 2898 ι
1179 2847 1290 2903 Hoc
1307 2845 1434 2916 jure
1463 2847 1659 2902 merito
1685 2845 1752 2901 ad
1789 2855 2077 2915 personam

494 2935 790 3005 proditoris
829 2935 1020 2992 referri
1049 2940 1238 3008 possit.

569 3026 731 3084 Vens.
774 3030 859 3085 16.
913 3030 1097 3086 Veniat
1125 3050 1265 3089 mors
1292 3053 1452 3100 super
1493 3036 1618 3089 illos
1661 3047 1707 3090 et
1753 3037 2078 3092 descendant

492 3119 548 3173 in
578 3121 847 3189 infernum
877 3137 1120 3190 viventes,
1163 3127 1413 3194 quoniam
1461 3130 1694 3198 nequitia
1736 3131 1790 3182 in
1827 3130 2076 3184 taberna-
2107 3155 2148 3212 ε

492 3211 629 3266 culis
652 3230 831 3267 eorum
875 3217 928 3268 in
980 3217 1151 3270 medio
1196 3235 1399 3284 eorum,
1438 3229 1544 3274 etc.
1577 3219 1771 3276 Veniat
1810 3239 1960 3278 mors
1985 3239 2077 3279 su-

490 3317 590 3373 per
623 3304 766 3375 illos,
795 3323 944 3364 mors
981 3311 1220 3366 animam
1243 3326 1522 3383 'separans
1549 3327 1580 3367 a
1605 3315 1830 3370 malitia.

558 3490 834 3562 Ejusdem.
878 3492 956 3550 Illi
1011 3497 1064 3551 in
1111 3496 1384 3552 infernum
1427 3498 1767 3556 descendunt
1805 3501 2072 3573 viventes,

488 3585 581 3655 qui
605 3585 806 3642 divinis
832 3588 1262 3645 institutionibus
1281 3606 1385 3645 non
1407 3600 1533 3646 sunt
1552 3592 1772 3648 initiati.
1800 3593 1899 3661 Qui
1926 3597 2072 3651 enim

490 3679 658 3734 verba
693 3681 819 3737 vita:
848 3698 955 3737 non
990 3685 1252 3752 gustavit,
1279 3695 1528 3742 mortuus
1554 3695 1640 3742 est
1673 3707 1686 3742 :
1724 3703 1900 3757 neque
1927 3691 2073 3745 enim

490 3771 606 3826 ﬁeri
639 3784 816 3842 potest
841 3786 897 3830 ut
932 3780 1058 3847 quis
1101 3792 1451 3834 communem
1490 3781 1629 3835 hanc
1661 3781 1827 3836 vitam
1863 3783 2071 3849 vivens,

487 3863 544 3918 iu
601 3865 873 3921 infernum
915 3871 1230 3926 descendat.
1275 3870 1542 3938 Quoniam
1602 3889 1734 3945 ergo
1791 3874 1958 3930 Judas
2021 3884 2075 3930 et

490 3960 725 4029 populus
773 3961 1082 4018 Judazorum
1137 3963 1191 4018 in
1242 3966 1357 4036 lege
1399 3975 1453 4019 et
1508 3968 1790 4036 pr0phetis
1840 3969 2074 4025 instituti

489 4061 642 4115 sunt,
674 4054 926 4109 veniente
957 4072 1121 4126 super
1149 4057 1270 4112 illos
1301 4069 1480 4114 morte
1507 4076 1628 4130 qua:
1669 4070 1960 4129 peccatum
1985 4078 2074 4118 se-

473 4149 698 4219 quitur,
743 4151 992 4207 viventes
1041 4153 1094 4208 in
1149 4153 1422 4209 infernum
1470 4156 1832 4210 descendunt.
1895 4157 2072 4211 Simili

488 4257 652 4298 sensu
685 4245 851 4299 etiam
882 4260 1116 4317 sequens
1150 4247 1346 4302 dicitur
1375 4247 1700 4314 versiculus,
1747 4268 1765 4300 ι
1799 4249 2072 4314 Quoniam

487 4337 730 4406 nequitia
765 4337 817 4392 in
847 4339 1220 4396 tabernaculis
1254 4356 1444 4394 eorum
1484 4340 1535 4394 in
1589 4341 1766 4395 medio
1799 4357 2014 4397 eorum.
2047 4361 2066 4395 ι

487 4427 603 4484 Etsi
649 4430 793 4484 enim
842 4431 1183 4488 viviﬁcarum
1229 4432 1636 4503 Scripturarum
1671 4446 1925 4504 expertes
1968 4453 2074 4492 non

2184 1915 2453 1981 κλύζουσα
2474 1913 2728 1984 γλώσσας
2766 1914 2862 1968 καὶ
2886 1912 3070 1985 φωνὰς
3097 1913 3292 1985 ἐχθροῦ
3325 1916 3393 1983 τῇ
3425 1913 3668 1984 ἀληθείᾳ
3691 1913 3779 1966 τοῦ

2182 2010 2362 2080 λόγου,
2405 2011 2499 2064 καὶ
2531 2009 2641 2063 τῶν
2677 2007 3088 2082 πρεσϐευόντων
3118 2008 3282 2062 αὐτὸν
3304 2048 3318 2073 ,
3363 2007 3461 2062 καλ¹
3499 2006 3782 2060 καταδιαι-

2185 2106 2268 2176 ρεῖ
2292 2102 2482 2167 αὑτὰς,
2511 2101 2863 2173 διελέγχουσα
2890 2101 2951 2155 τὸ
2983 2100 3312 2171 ἀσύμφωνον
3331 2101 3426 2153 καὶ
3458 2117 3525 2152 το
3551 2101 3778 2156 διεσπα-

2185 2197 2382 2268 σμένον
2422 2196 2624 2251 αὐτῶν.
2673 2196 2739 2248 Ἠ
2762 2194 2820 2248 δὲ
2850 2193 3003 2248 αίτία
3040 2192 3136 2245 τοῦ
3169 2192 3340 2247 ταῦτα
3365 2192 3630 2260 λέγεσθαι
3668 2195 3780 2246 ἐτα-

2183 2291 2426 2364 φέρεται.
2477 2291 2634 2343 Ἔστι
2673 2290 2780 2362 γὰρ
2819 2289 2913 2342 καὶ
2955 2286 3300 2358 ἀντιλογίαή
3345 2286 3486 2359 πρὸς
3513 2288 3617 2357 τὴν
3655 2288 3779 2358 alii.

2183 2383 2334 2438 θειαν
2361 2382 2470 2436 τῶν
2509 2381 2980 2453 λογομαχούντων,
3013 2381 3093 2444 εἰς
3128 2379 3279 2433 οὐδὲν
3309 2380 3592 2450 χρήσιμον
3625 2381 3674 2432 εί
3706 2381 3776 2450 μὴ

2182 2476 2276 2530 ἐπὶ
2312 2477 2662 2547 καταστροφῇ
2714 2473 2822 2527 τῶν
2874 2473 3202 2526 ἀκουόντων.
3238 2472 3479 2542 Χριστὸς
3523 2472 3585 2524 δὲ
3631 2471 3776 2540 λέγοι

2183 2569 2250 2625 ἂν
2276 2571 2346 2624 τὰ
2387 2569 2513 2641 ἑξῆς
2548 2567 2803 2639 περὶτῆς
2850 2564 3207 2636 Ἰερουσαλὴμ
3245 2563 3478 2629 πόλεως,
3523 2564 3652 2618 ἰδὼν
3680 2565 3778 2635 τὴν

2182 2665 2240 2717 ἐν
2272 2664 2409 2735 αὐτῇ
2442 2662 2710 2734 ἀνομίαν,
2757 2661 2850 2714 καὶ
2891 2660 2992 2731 τὴν
3044 2659 3175 2730 περὶ
3221 2657 3384 2711 αὐτοῦ
3437 2657 3772 2726 ἀντιλογίαν,

2179 2757 2289 2811 τῶν
2317 2757 2550 2829 διάφορα
2584 2755 2712 2828 περὶ
2747 2752 2916 2808 αὑτοῦ
2945 2752 3234 2821 λεγόντων.
3275 2769 3293 2802 ε
3329 2751 3440 2804 Kal.
3470 2751 3575 2804 οὐκ
3608 2752 3778 2818 ἐξέλι-

2182 2869 2283 2905 πεν
2323 2854 2387 2906 ἐκ
2429 2849 2538 2903 τῶν
2572 2847 2842 2902 πλατειῶν
2886 2846 3080 2917 αὐτῆς.
3125 2865 3144 2898 ι
3195 2844 3288 2908 Εἰς
3331 2844 3632 2915 πρόσωπον
3680 2845 3774 2900 τοῦ

2182 2944 2439 3017 προδότου
2466 2941 2760 3013 ἀνεφέρετο
2792 2940 2857 2995 ἂν
2885 2939 3126 3002 δικαίως.

2265 3034 2517 3090 Ἐλθέτω
2547 3033 2803 3098 θάνατος
2834 3029 3187 3098 ἐπάὑτοὺς,
3215 3029 3310 3084 καί
3338 3031 3780 3095 ωταειῖτωσαν

2182 3131 2268 3195 εἰς
2306 3127 2454 3196 ᾅδου
2481 3126 2691 3191 ζῶντες
2711 3142 2724 3154 ο
2769 3123 2859 3177 ὅτι
2888 3123 3145 3191 πον-τιμία
3176 3123 3246 3176 ἐν
3276 3123 3405 3188 ταῖς
3429 3125 3777 3190 παροικίίιις

2183 3219 2382 3276 αὐτῶν
2429 3220 2500 3272 ἐν
2538 3218 2708 3289 μέσῳ
2748 3215 2968 3279 αὐτῶν,
3019 3234 3074 3269 κ.
3113 3235 3162 3270 τ.
3196 3217 3241 3268 ἐ.
3296 3215 3532 3269 Ἐλθέτω
3659 3218 3776 3288 (46)

2185 3315 2414 3378 θάνατος
2461 3315 2548 3367 ἐπ’
2587 3312 2818 3376 αὐτοὺς,
2860 3310 3094 3374 Θάνατος
3125 3313 3153 3364 ὁ
3190 3309 3414 3382 διαιρῶν
3453 3310 3637 3382 ψυχὴν
3663 3312 3776 3364 ἀπὸ

2185 3409 2402 3471 κακίας.

2260 3501 2369 3556 Τοῦ
2389 3499 2597 3554 αὑτοῦ.
2645 3499 2872 3552 Ἐκεῖνοι
2907 3498 2988 3561 είς
3019 3499 3146 3572 ᾅδου
3187 3496 3301 3566 (47)
3332 3497 3538 3563 ζῶντες
3575 3496 3778 3577 κατέρ-

2183 3613 2386 3667 χονται,
2401 3595 2458 3647 οὐ
2480 3594 2782 3664 κατήχησιν
2797 3593 2905 3646 τῶν
2932 3593 3088 3648 θείων
3114 3592 3500 3662 παιδευμάτων
3520 3591 3772 3661 ἔχοντες·

2181 3690 2211 3743 ὁ
2242 3689 2351 3760 γὰρ
2379 3687 2643 3756 ἄγευστος
2677 3687 2786 3740 τῶν
2823 3687 2922 3758 τῆς
2957 3687 3102 3758 ζωῆς
3144 3687 3316 3755 λόγων
3349 3685 3546 3757 νεκρός
3589 3687 3772 3738 ἐστιν·

2182 3783 2244 3836 οὐ
2294 3782 2402 3852 γὰρ
2450 3777 2562 3834 οἷόν
2612 3799 2671 3834 τε
2705 3780 2899 3844 ζῶντά
2948 3799 3071 3835 τινα
3115 3781 3214 3851 τὴν
3266 3780 3454 3851 κοινὴν
3495 3780 3646 3850 ζωὴν
3697 3781 3776 3842 είς

2185 3877 2318 3948 ᾆδην
2359 3875 2740 3948 κατέρχεσθαι.
2816 3876 2971 3929 Ἐπεὶ
3019 3871 3112 3929 οῦν
3164 3873 3369 3938 Ἰούδας
3410 3875 3507 3926 καὶ
3560 3875 3590 3926 ὁ
3647 3872 3775 3936 λαὸς

2197 3967 2460 4021 Ἰουδαίων
2494 3969 2799 4040 κατήχησιν
2836 3962 2981 4039 εἶχον
3015 3967 3108 4021 τοῦ
3147 3967 3315 4038 νόμου
3347 3967 3442 4018 καὶ
3484 3964 3599 4017 τῶν
3644 3981 3776 4036 προ-

2184 4059 2389 4130 φητῶν,
2424 4059 2654 4114 θανάτου
2689 4059 2774 4112 ἐπ’
2811 4059 3008 4124 αὐτοὺς
3049 4058 3344 4131 ἐρχομένου
3375 4056 3469 4110 τοῦ
3501 4055 3772 4126 ἑπομένου

2183 4155 2248 4224 τῇ
2281 4153 2547 4224 ἁμαρτίᾳ,
2581 4151 2779 4216 ζῶντες
2822 4153 2901 4214 είς
2933 4151 3062 4223 ᾅδην
3101 4150 3478 4223 κατέρχονται.
3529 4147 3776 4201 Ἀκολούο

2185 4244 2293 4308 θως
2332 4245 2426 4298 καὶ
2445 4246 2472 4298 ὁ
2499 4243 2891 4316 ἐπιφερόμενος
2915 4243 3134 4313 λέγεται
3164 4244 3364 4314 στίχος,
3409 4262 3426 4294 ι
3463 4243 3589 4295 Ὀτι
3614 4260 3777 4311 πονη-

2188 4339 2280 4410 ρία
2316 4340 2373 4390 ἐν
2404 4340 2524 4401 ταῖς
2553 4338 2867 4409 παροικίαις
2907 4337 3086 4392 αὐτῶν
3131 4339 3186 4390 ἐν
3232 4337 3382 4408 μέσῳ
3412 4335 3612 4390 αὐτῶν.
3665 4355 3684 4386 ι
3717 4335 3774 4387 Ei

2185 4431 2293 4503 γὰρ
2324 4431 2416 4484 καὶ
2440 4433 2633 4502 πεῖραν
2665 4424 2810 4499 εἶχον
2833 4429 2940 4484 τῶν
2967 4429 3247 4494 ζωοποιῶν
3268 4429 3526 4501 Γραφῶν,
3559 4429 3620 4481 οὐ
3647 4443 3776 4480 xz:-

491 4520 734 4587 fueruiit,
770 4538 873 4578 non
916 4526 1020 4578 lixa
1056 4526 1111 4580 in
1147 4526 1276 4592 illis,
1317 4527 1412 4581 sed
1458 4527 1770 4582 transitoria
1817 4530 2075 4584 taberna-

2191 4524 2423 4596 :jchav,
2455 4523 2589 4576 ἀλλὰ
2620 4521 2980 4594 παρῴκησαν.
3022 4523 3079 4574 ἐν
3112 4523 3320 4586 αὑταῖς.
3345 4521 3439 4585 Τὸ,
3475 4540 3496 4571 ι
3533 4521 3680 4590 Πονη
3693 4521 3776 4591 ρία

488 4613 610 4670 cuia
632 4616 964 4672 habuerunt.
990 4618 1137 4672 Istud
1168 4637 1181 4673 :
1214 4638 1231 4670 ί
1268 4618 1516 4688 Nequitia
1539 4620 1589 4674 in
1616 4621 1793 4676 medio
1813 4635 2026 4687 eorum,
2049 4640 2068 4675 ι

487 4706 633 4763 idem
671 4718 753 4763 est
790 4725 855 4764 ac
885 4711 929 4766 si
961 4711 1205 4776 dicatur,
1235 4712 1397 4783 732
1447 4713 1500 4768 in
1532 4713 1700 4767 animi
1741 4714 2073 4782 principatu.

487 4797 545 4854 In
585 4801 763 4856 medio
792 4803 938 4856 enim
975 4802 1213 4871 cujusvis
1251 4804 1508 4858 animalis
1549 4818 1672 4858 esse
1719 4805 1942 4860 dicitur.
1979 4805 2076 4860 Vel

487 4891 653 4948 etiam
688 4894 818 4949 illud
850 4912 864 4950 :
919 4913 941 4949 ι
979 4895 1034 4948 In
1069 4895 1342 4950 infernum
1387 4895 1657 4962 viventes,
1701 4915 1721 4948 ι
1765 4898 1910 4954 hunc
1943 4914 2073 4954 sen-

485 4999 606 5040 sum
627 4987 788 5042 habet
809 5005 822 5041 :
841 4987 1021 5043 subito
1047 4989 1375 5044 moriantur.
1401 5005 1420 5039 t
1450 4986 1823 5046 Tabernaeula
1846 5011 1865 5046 ι
1890 5004 2072 5048 autem

485 5086 650 5133 vocat
699 5079 1129 5151 uniuscujusque
1193 5082 1358 5136 vitam
1433 5093 1656 5152 propter
1721 5085 2068 5142 brevitatem.

2180 4619 2238 4672 ἐν
2285 4617 2437 4689 μέσῳ
2469 4615 2670 4681 αὐτῶν,
2707 4636 2725 4667 ι
2766 4617 3012 4669 τουτέστι
3042 4615 3118 4686 τῷ
3143 4612 3474 4685 ἡγεμονικῷ.
3511 4613 3600 4665 Ἑν
3627 4613 3775 4683 μέσῳ

2179 4712 2286 4783 γὰρ
2318 4707 2454 4764 εἶναι
2477 4710 2693 4779 λέγεται
2713 4711 2805 4764 τοῦ
2833 4711 2953 4764 ὅλου
2979 4709 3216 4774 ζώου.“ΙΙ
3248 4707 3340 4761 καὶ
3366 4707 3448 4769 τὸ,
3483 4725 3504 4756 ι
3534 4706 3630 4768 Εἰς

2180 4806 2400 4872 ζῶντες,
2428 4825 2445 4858 ι
2468 4805 2748 4875 αἰφνιδίως
2773 4804 3110 4859 ἀποθάνειεν.
3138 4823 3155 4854 ι
3185 4803 3482 4874 Παροικίας
3504 4822 3523 4854 ι
3550 4804 3608 4856 δὲ
3627 4802 3778 4855 καλεῖ

2177 4901 2269 4954 τὸν
2298 4901 2528 4954 ἑκάστου
2567 4899 2680 4970 βίον
2717 4898 2806 4952 διὰ
2843 4899 2904 4951 τὸ
2937 4897 3324 4970 ὀλιγοχρόνιον.
3355 4896 3498 4966 Φησὶ
3541 4893 3664 4957 οὖν,
3699 4896 3772 4948 ὅτι

2183 4997 2277 5049 καὶ
2309 4998 2338 5050 ὁ
2372 4995 2485 5065 βίος
2523 4993 2704 5048 αὐτῶν
2739 4994 2832 5046 καὶ
2865 4996 2898 5064 ἡ
2937 4992 3050 5064 ζωὴ
3082 4991 3262 5061 πάσης
3291 4991 3655 5061 πεπλήρωται
3685 5007 3768 5041 m-

2181 5089 2373 5161 νηρίας
2413 5101 2506 5152 και
2546 5087 2766 5152 κακίας,
2814 5087 2916 5140 οὐκ
2960 5086 3279 5140 ὲννοούντων
3309 5084 3367 5136 τὸ
3387 5085 3767 5156 ὀλιγοχρόνιον.

485 5172 850 5240 Quamobrem
886 5175 962 5230 ait
995 5177 1162 5230 vitam
1193 5191 1385 5232 eorum
1425 5180 1572 5234 omni
1619 5181 1882 5252 repletam
1917 5197 2044 5240 esse
2089 5185 2332 5255 nequitia
2363 5226 2379 5252 _.
2429 5184 2558 5240 dum
2610 5199 2717 5237 non
2771 5182 3066 5250 attendunt.
3099 5195 3261 5250 quam
3303 5181 3452 5234 brevi
3518 5181 3769 5250 temporis

485 5271 666 5340 Spatio
695 5273 1081 5328 concludatur.

461 5436 466 5440 _
555 5367 721 5423 Vens.
766 5368 852 5424 l9.
907 5367 1148 5438 Vespere,
1195 5379 1242 5423 et
1293 5388 1463 5438 mane,
1499 5382 1547 5426 et
1581 5373 1797 5426 meridie
1836 5376 2066 5430 narrabo

483 5464 532 5512 et
573 5460 922 5526 annuntiabo,
951 5471 997 5514 et
1032 5463 1277 5517 exaudiet
1320 5481 1498 5518 vocem
1545 5480 1734 5528 meam,
1770 5473 1878 5522 etc.
1921 5466 2070 5522 Inter

557 5661 674 5734 (Η)
712 5663 840 5731 Τοῖς
869 5666 986 5719 ἀπὸ
1013 5668 1247 5734 κακίας,
1289 5679 1395 5724 etc.
1424 5667 1592 5724 Idem.

485 5802 527 5861 ϐ
555 5731 666 5824 (ιίξι)
697 5739 1171 5817 ίςιιταπόντισον,
1203 5731 1411 5812 ’Κύριε
1467 5743 1678 5812 Τίνων,
1727 5753 1832 5802 etc.
1872 5745 2072 5803 Catena

529 5820 756 5861 oruern.

2258 5371 2557 5441 Ἐσπέρας
2600 5372 2698 5424 καὶ
2742 5371 2894 5439 πρωῒ
2937 5371 3034 5424 καὶ
3071 5369 3444 5439 μεσημϐρίας
3492 5368 3764 5438 διηγήσο-

2171 5485 2315 5538 μαι,
2353 5464 2454 5520 καὶ
2505 5462 2844 5536 ἀπαγγελῶ,
2905 5463 3004 5518 καὶ
3047 5464 3468 5517 εὶσιικοὺσεται
3503 5461 3620 5530 τῆς
3663 5480 3763 5530 53:»-

2261 5676 2372 5742 (46)
2418 5677 2673 5731 Ἐιῑθέτω
2696 5676 2793 5742 δή,
2825 5686 2932 5730 etc.
2969 5675 3194 5731 Scheda:
3216 5674 3426 5730 Grabii.

2259 5749 2368 5818 (Π)
2410 5747 2661 5804 Ἐκεῖνοι
2695 5751 2782 5815 εἰς
2813 5746 2981 5816 ᾅδου,
3015 5757 3120 5805 etc.
3173 5749 3354 5804 Codex
3407 5747 3760 5804 Coisliuianus

2171 5824 2476 5878 secundus.
