3808 6496
149 360 266 414 1469

1133 360 1439 418 SELECTA
1479 361 1545 417 IN
1586 363 1924 419 PSALMOS.
1956 393 2022 402 —
2066 363 2256 420 PSAL.
2294 363 2407 419 LV.

3225 363 3362 421 M70

146 477 246 546 νῆς
267 496 394 547 μου,
423 495 476 532 κ.
511 495 560 532 τ.
596 479 640 532 ἐ.
689 478 777 532 Ἐν
812 477 962 550 μέσῳ
990 476 1085 532 τοῦ
1134 480 1411 552 πρωῖρὶὃ)
1458 483 1550 536 καὶ
1583 482 1676 553 τῆς

1799 497 2012 551 vespere
2051 492 2108 536 et
2149 498 2303 538 mane
2346 491 2430 538 est
2474 484 2747 538 meridies.
2795 483 2950 539 Mane
2998 484 3235 540 luctatus
3281 499 3361 542 est

143 572 349 643 ἑσπέρας
380 573 525 626 ἐστὶν
563 574 595 645 ὴ
632 573 968 644 μεσημϐρία.
1012 574 1124 627 Καὶ
1163 576 1192 628 ὁ
1234 577 1331 646 μὲν
1371 576 1563 630 Ἰακὼὸ
1594 578 1687 649 ὀρ-

141 664 308 739 θρίσας
358 667 582 720 ἐπάλαιε
653 667 788 738 μετὰ
849 667 1080 735 ἀγγέλου
1111 685 1124 697 ·
1203 669 1454 741 Ἀϐραάμ
1509 670 1565 723 δέ
1632 674 1689 725 ἐν

143 760 430 833 μεσημϐρίᾳ
453 759 598 832 ἐώρα
631 762 756 824 τοὺς
785 761 1078 829 ἀγγέλους·
1110 760 1233 814 Λὼτ
1274 763 1331 815 δὲ
1367 765 1424 817 ἐν
1459 764 1684 836 ἑσπέρᾳ.

99 921 101 924 ι
205 852 306 907 Τοῦ
332 854 532 907 αὑτοῦ.
559 873 577 906 ι
601 854 869 924 Ἑσπέρας
895 875 912 906 ι
937 855 1068 925 (49),
1095 855 1235 909 κατὰ
1267 855 1362 927 τὴν
1399 857 1688 929 ἑνδεκάτην

136 943 286 1017 ὥραν,
333 946 460 1017 περὶ
489 947 588 1018 τὴν
623 946 876 1019 τελευτὴν
911 948 1006 1000 τοῦ
1046 948 1249 1019 κόσμου
1271 990 1286 1013 ,
1318 950 1405 1002 ὅτε
1436 949 1635 1003 ἔπαθεν
1661 953 1689 1003 ό

135 1039 351 1111 Σωτήρ.ι
371 1038 542 1110 Πρωῒ,
564 1060 582 1092 ι
602 1040 688 1092 ὅτε
703 1039 920 1109 ἀνέστη.
946 1059 964 1091 ε
988 1038 1367 1110 Μεσημϐρίας,
1390 1060 1408 1090 ι
1427 1041 1513 1093 ὅτε
1543 1042 1689 1111 ἰσχυ-

133 1132 331 1204 ρότερον
371 1132 680 1196 πεισθέντες
718 1132 1062 1187 ἐπίστευσαν.
1096 1134 1165 1186 Ἢ
1194 1134 1421 1204 ἄρχεται
1449 1135 1547 1205 τῆς
1572 1134 1687 1206 διη-

130 1227 324 1297 γήσεως
365 1224 621 1296 ἑσπέρας,
664 1225 758 1277 καὶ
808 1222 1043 1295 ἀκμάζει
1087 1226 1143 1276 ἐν
1185 1225 1332 1295 αὐτῷ
1379 1225 1558 1295 πρωΐ·
1593 1225 1688 1278 καὶ

125 1319 304 1372 τελειοί
333 1317 681 1388 ἀκμαζούσης
709 1317 925 1388 ἡμέρας
946 1317 1004 1370 ὲν
1031 1317 1368 1388 μεσημϐρίᾳ.

193 1410 610 1465 Εἰσακούσεται
638 1411 670 1462 ὀ
706 1406 970 1474 Θεὸς-,καὶ
996 1407 1350 1460 ταπεινώσει
1378 1405 1602 1472 αὐτοὺς
1653 1408 1686 1460 ό

123 1502 392 1572 ὑπάρχων
419 1499 534 1570 πρὸ
572 1499 692 1554 τῶν
724 1499 952 1553 αἰώνων
974 1515 988 1530 ο
1029 1500 1101 1552 οὺ
1132 1497 1242 1567 γάρ
1283 1499 1454 1552 ἐστιν
1482 1497 1686 1563 αὐτοῖς

121 1594 512 1664 ἀντάλλαγμα,
569 1593 667 1646 καί
722 1595 835 1646 οὐκ
897 1590 1285 1660 ἐφοϐήθησαν
1343 1592 1450 1645 τὸν
1513 1591 1682 1654 Θεὸν,

119 1708 173 1744 κ.
201 1707 248 1745 τ.
275 1691 318 1742 ἐ.
337 1690 396 1742 Εἰ
415 1689 590 1742 πάντα
604 1688 671 1741 δι’
689 1685 852 1741 αὐτοῦ
875 1685 985 1757 (50)
1004 1685 1241 1754 ἐγένετο,
1271 1685 1450 1748 καλῶς
1467 1684 1684 1753 λέγεται

118 1781 368 1852 ὑπάρχειν
390 1779 497 1850 πρὸ
529 1778 636 1832 τῶν
665 1777 896 1832 αίώνων.
920 1779 1030 1832 Καὶ
1053 1776 1298 1831 ἐντεῦθεν
1321 1774 1681 1847 γινώσκομεν,

114 1874 194 1928 ὅτι
222 1871 406 1935 αἰῶνες
433 1871 543 1925 ἀπὸ
574 1870 668 1924 τοῦ
704 1870 777 1942 μὴ
821 1871 973 1934 ὄντος
1003 1871 1082 1933 εἰς
1116 1869 1177 1923 τὸ
1204 1863 1342 1921 εἶναι
1371 1867 1672 1936 γεγόνασιν.
1708 1877 1750 1932 Β

194 1963 528 2033 Ἐπίρῤιψον
563 1962 661 2016 ἐπὶ
681 1963 902 2031 Κύριον
922 1960 1039 2029 τὴν
1064 1961 1360 2031 μέριμναν
1389 1975 1506 2016 σου
1528 2003 1543 2028 ,
1575 1959 1674 2014 καὶ

112 2059 286 2124 αὐτός
335 2072 407 2117 σε
461 2054 786 2124 διαθρέψει,
833 2073 888 2111 κ.
943 2073 996 2109 τ.
1038 2057 1085 2109 ἑ.
1141 2055 1230 2117 Ὠς
1266 2052 1513 2124 διέθρεψε
1568 2051 1678 2122 (51)

110 2149 201 2203 τὸν
229 2148 447 2202 εἰπόντα
491 2145 714 2202 Ἰακώϐ·
766 2165 786 2200 ι
836 2147 894 2201 '0
924 2145 1054 2212 Θεὸς
1080 2147 1108 2202 ὁ
1133 2144 1348 2217 τρέφων
1379 2161 1448 2216 με
1471 2145 1535 2198 ἐκ
1563 2142 1680 2197 νεό-

109 2241 267 2316 τητός
287 2259 405 2314 μου.
439 2260 460 2293 ›

664 2426 956 2479 ΨΑΛΜΟΣ
988 2424 1114 2479 NE'.

191 2518 476 2588 Ἐλέησόν
512 2534 608 2589 με,
641 2520 673 2572 ό
716 2516 881 2584 Θεὸς,
921 2515 1008 2569 ὅτι
1054 2514 1432 2583 κατεπάτησέ
1465 2531 1540 2584 με
1569 2513 1676 2568 ἇν-

101 2619 330 2682 θρωπος
347 2628 362 2642 ·
381 2611 536 2679 ὅλην
556 2609 668 2678 τὴν
685 2607 911 2678 ἡμέραν
926 2607 1208 2676 πολεμῶν
1225 2607 1540 2675 ἔθλιψέμε,
1558 2623 1669 2658 κ.τ.

97 2702 151 2757 ἑ.
183 2704 240 2755 Ὀ
269 2701 496 2772 Χριστὸς
521 2700 632 2771 (52)
659 2699 807 2768 λέγει
838 2698 972 2768 πρὸς
997 2699 1087 2752 τὸν
1120 2699 1367 2768 Πατέρα·
1421 2717 1438 2746 ι
1493 2696 1674 2766 Ἐλέη-

95 2793 191 2849 σόν
218 2811 302 2865 με.
344 2811 364 2843 ι
415 2790 549 2843 Θεὸν
577 2791 685 2860 γάρ
719 2808 785 2861 με
815 2792 944 2844 ὄντα
977 2790 1258 2862 ἄνθρωπος
1305 2789 1668 2858 κατεπάτησε.

91 2888 224 2952 Καὶ,
274 2881 446 2956 οἶμαι,
494 2883 739 2940 ἐντεῦθεν
792 2882 1034 2956 ἐλήφθη·
1095 2902 1113 2935 ι
1185 2883 1242 2936 ’0
1287 2882 1377 2937 τὸν
1422 2883 1549 2936 Υἱὺν
1576 2879 1670 2935 τοῦ

89 2979 226 3033 Θεοῦ
259 2978 666 3047 καταπατήσας.
697 2996 716 3028 ι

170 3075 280 3129 Τοῦ
312 3075 518 3129 αὐτοῦ.
549 3074 612 3128 Οἱ
652 3072 750 3144 μὲν
786 3070 1019 3141 ἐπίγειοι
1058 3070 1168 3143 (55)
1209 3071 1464 3140 δαίμονες
1503 3087 1671 3123 κατα-

1789 574 1956 630 Jacob
1987 589 2108 629 cum
2159 575 2390 644 angelo;
2432 577 2663 632 meridie
2705 576 2840 632 vidit
2887 577 3162 632 Abraham
3193 595 3358 649 ange-

1789 669 1869 723 los
1898 685 1912 735 ;
1949 667 2048 722 Lot
2083 683 2329 737 vespere.

1860 852 2128 921 Ejusdem.
2153 870 2170 904 ι
2191 851 2448 923 Vespere,
2471 872 2489 904 ι
2509 856 2607 909 sub
2625 856 2812 910 horam
2833 857 3196 925 undecimam,
3214 857 3360 914 circa

1790 947 1950 1002 linem
1982 947 2184 1010 mundi,
2219 949 2436 1015 quando
2463 962 2653 1014 passus
2675 957 2757 1003 est
2791 949 3055 1006 Salvator.
3091 969 3108 1000 ε
3133 949 3308 1014 Mane,
3338 968 3358 1003 ι

1787 1041 2002 1110 quando
2020 1041 2336 1095 resurrexit.
2364 1059 2381 1091 ι
2409 1039 2655 1107 Meridie,
2685 1063 2704 1095 ι
2727 1044 2941 1113 quando
2964 1044 3229 1113 persuasi,
3251 1044 3364 1100 for—

1789 1133 1896 1188 tius
1921 1133 2291 1187 crediderunt.
2322 1131 2416 1187 Vel
2452 1134 2672 1188 inchoat
2708 1136 3080 1190 narrationem
3123 1136 3356 1205 vesperi,

1785 1235 1841 1279 et
1871 1224 2013 1293 viget
2036 1226 2149 1293 ipso
2176 1239 2372 1291 mane;
2400 1233 2563 1294 atque
2587 1226 2768 1280 adulta
2794 1226 2906 1295 jam
2934 1228 3022 1284 die
3050 1229 3103 1282 in
3129 1228 3357 1283 meridie

1786 1317 1932 1372 illam
1971 1318 2204 1386 perlicit.

1861 1411 2024 1464 Vens.
2064 1410 2154 1464 20.
2203 1409 2462 1465 Exaudiet
2495 1411 2660 1477 Deus,
2709 1423 2754 1464 et
2795 1411 3096 1465 humiliabit
3134 1428 3220 1466 eos
3261 1412 3356 1481 qui

1785 1511 1858 1554 est
1884 1511 2004 1555 ante
2035 1503 2252 1556 sarcula.
2300 1500 2420 1555 Non
2465 1503 2604 1556 enim
2646 1512 2720 1558 est
2764 1503 2869 1556 illis
2910 1505 3276 1566 commutatio,
3309 1513 3359 1558 et

1785 1610 1888 1647 non
1912 1595 2196 1647 timuerunt
2224 1593 2410 1661 Deum,
2443 1603 2549 1649 etc.
2581 1595 2637 1649 Si
2666 1595 2848 1648 omnia
2879 1610 2974 1664 per
3007 1595 3179 1662 ipsum
3217 1595 3357 1648 facta

1783 1695 1933 1748 sunt,
1967 1687 2191 1756 pulchre
2222 1687 2422 1740 dicitur
2451 1701 2572 1740 esse
2609 1698 2734 1743 ante
2761 1689 2978 1744 smcula.
3021 1687 3157 1742 Hinc
3193 1687 3358 1740 etiam

1785 1780 2164 1848 cognoscimus
2189 1782 2408 1848 s:ecnla,
2435 1797 2558 1836 cum
2585 1797 2690 1836 non
2722 1791 2924 1848 essent,
2953 1796 3074 1836 esse
3100 1781 3355 1850 cespisse.

1854 1953 2019 2012 Vsus.
2059 1957 2148 2012 25.
2191 1958 2350 2013 Jacta
2381 1976 2537 2029 super
2573 1958 2854 2014 Dominum
2889 1977 3072 2014 curam
3107 1969 3272 2022 tuam,
3308 1968 3360 2014 et

1780 2045 1887 2116 ipse
1917 2056 1966 2101 te
1995 2050 2240 2111 enutriet,
2265 2060 2374 2106 etc.
2408 2051 2874 2118 Quemadmodum
2893 2054 3165 2116 jenutrivit
3186 2051 3356 2107 Jacob

1781 2140 1871 2209 qui
1923 2141 2100 2197 dixit:
2153 2161 2170 2194 ι
2219 2144 2361 2200 Deus
2407 2147 2497 2215 qui
2547 2145 2806 2201 cnutrivit
2852 2162 2936 2205 me
2986 2163 3015 2201 a
3061 2146 3350 2214 iuventute

1780 2248 1900 2289 mea
1924 2234 1992 2290 δ’.
2037 2255 2056 2288 ι

2335 2424 2652 2483 PSALMUS
2693 2425 2800 2486 LV.

1857 2513 2021 2569 Vens.
2061 2515 2119 2569 2.
2161 2515 2410 2570 Miserere
2449 2520 2572 2583 mei,
2640 2520 2799 2589 Deus,
2852 2522 3100 2592 quoniam
3144 2521 3358 2575 concul-

1782 2607 1914 2660 cavit
1961 2624 2041 2660 me
2087 2608 2284 2664 homo:
2315 2620 2422 2663 tota
2468 2613 2550 2665 die
2585 2615 2898 2682 impugnans
2941 2615 3209 2669 tribularit
3254 2632 3355 2680 me,

1780 2709 1888 2753 etc.
1927 2699 2176 2753 Christus
2229 2702 2296 2755 ad
2334 2701 2548 2755 Patrem
2593 2705 2766 2758 dicit:
2811 2723 2830 2757 ι
2873 2706 3128 2760 Miserere
3169 2708 3296 2761 mei.
3333 2725 3352 2758 ›

1781 2789 1864 2844 Me
1895 2790 2062 2855 enim,
2095 2792 2187 2860 qui
2219 2792 2359 2848 Deus
2389 2808 2532 2862 sum,
2578 2795 2745 2851 homo
2782 2797 3142 2852 conculcavit.
3183 2800 3356 2867 Atque

1782 2883 1932 2947 hinc,
1962 2885 2172 2954 opinor,
2205 2897 2482 2956 sumptum
2511 2899 2596 2944 est
2625 2889 2755 2946 illud
2782 2907 2797 2944 :
2841 2908 2860 2942 ι
2897 2889 2998 2957 Qui
3027 2889 3222 2946 Filium
3260 2891 3354 2946 Dei

1781 2977 2126 3032 conculcavit
2152 2979 2218 3033 5°.
2260 2999 2278 3030 ι

1852 3069 2127 3139 Ejusdem.
2167 3071 2393 3126 Terreni
2423 3071 2694 3127 dicmoues
2723 3075 3047 3130 conculcant
3085 3093 3222 3142 nos;
3273 3079 3356 3132 iu-

86 3167 353 3223 mvoﬁatv
385 3170 563 3240 ἡμᾶς·
603 3169 652 3221 οἱ
685 3167 742 3220 δὲ
775 3164 1119 3236 καταχθόνιοι
1152 3164 1246 3218 ἐὰν
1276 3163 1537 3226 ἀναϐῶσι,
1574 3180 1670 3216 κατ

1799 3161 1917 3218 erni
1964 3167 2162 3227 autem,
2213 3164 2260 3218 si
2313 3166 2681 3233 ascenderint,
2735 3168 2990 3236 Operiunt
3041 3184 3162 3224 nos.
3210 3171 3356 3236 Qua-

82 3262 384 3316 λύπτουσιν
432 3262 610 3331 ἡμᾶς·
663 3259 742 3312 διδ
785 3258 1038 3331 εἴρηται·
1100 3276 1117 3308 ι
1182 3257 1368 3330 Ὅριον
1399 3257 1520 3310 ἔθου
1553 3256 1582 3308 ὃ
1612 3257 1670 3309 οὺ

78 3353 533 3427 παρελεύσονται,
558 3351 678 3407 οὐδὲ
703 3349 1084 3421 ἐπιστρέφουσι
1109 3347 1346 3419 καλύψαι
1377 3348 1472 3421 τὴν
1496 3349 1615 3419 γῆν.
1649 3368 1667 3401 ι

160 3536 245 3590 Οὐ
284 3531 700 3604 φοϐηθήσομαι
738 3533 794 3585 τί
833 3529 1071 3597 ποιήσει
1105 3547 1207 3600 μοι
1238 3529 1415 3599 σὰρξ,
1452 3548 1505 3584 κ.
1538 3548 1588 3584 τ.
1621 3532 1666 3585 ἐ.

89 3627 157 3682 ’0
190 3626 290 3698 τὴν
323 3625 416 3679 τοῦ
453 3625 638 3680 δούλου
673 3624 782 3696 (54)
820 3623 1032 3696 μορφὴν
1065 3623 1243 3676 λαϐὼν
1268 3624 1361 3676 καὶ
1389 3625 1445 3676 ἐν
1473 3623 1672 3695 ὁμοιώ-

75 3737 224 3792 ματι
253 3718 544 3789 γενόμενος
585 3717 783 3790 σαρκὸς
814 3715 1104 3786 ἁμαρτίας,
1144 3717 1172 3768 ὁ
1205 3715 1278 3786 μὴ
1300 3717 1460 3784 γνοὺς
1491 3716 1670 3787 ἁμαρ-

65 3815 226 3880 τίαν,
243 3812 385 3885 ὑπέρ
409 3814 440 3884 ἡ
451 3811 566 3882 μῶν
581 3809 850 3882 ἁμαρτίαν
867 3807 1321 3879 ἑαυτὸν-ἐποίησε,
1346 3809 1522 3881 σάρκα
1540 3809 1670 3862 ἀνα-

64 3906 400 3978 λαμϐάνων,
431 3905 526 3959 καὶ
559 3904 721 3976 μηδὲν
754 3903 910 3974 μόνος
941 3901 1049 3956 τῶν
1081 3902 1139 3954 ἐν
1175 3903 1336 3973 σαρκὶ
1386 3901 1668 3972 ζησάντων

64 3997 374 4071 ἁμαρτὼν,
428 3995 772 4070 θαρρούντως
819 3993 966 4065 λέγοι
1007 3993 1100 4047 τό·
1153 4011 1172 4045 ι
1215 3993 1279 4047 Τί
1324 3995 1539 4066 ποιήσει
1579 4012 1668 4066 μοι

65 4088 223 4162 σάρξ
249 4107 262 4155 ;
318 4109 337 4142 ι

148 4181 611 4251 Παροικήσουσι
658 4181 754 4236 καὶ
791 4184 1304 4252 κατακρύψουσιν,
1338 4181 1507 4236 αὐτοὶ
1553 4181 1668 4250 τὴν

56 4274 351 4343 πτέρναν
384 4292 496 4342 μου
525 4273 870 4344 φυλάξουσι
891 4318 906 4340 ,
946 4293 1001 4328 κ.
1039 4293 1088 4329 τ.
1123 4277 1169 4328 ἐ.
1206 4277 1283 4327 Δι’
1314 4268 1389 4329 ὧν
1423 4275 1669 4348 ἐνεργοῦ-

59 4383 178 4440 μεν
216 4365 333 4438 (55)
379 4365 763 4438 ἐπιτηροῦντες
815 4367 1034 4439 μαθεῖν·
1089 4366 1514 4437 καρδιογνῶσται
1557 4367 1665 4441 γὰρ

49 4460 174 4513 οὐκ
206 4458 350 4512 είσὶν
382 4461 429 4511 οἱ
455 4458 726 4529 δαίμονες.

1780 3266 2002 3326 propter
2045 3259 2250 3312 dictum
2315 3269 2448 3313 est:
2499 3277 2518 3311 ι
2570 3258 2883 3314 Terminum
2926 3263 3146 3330 posuisti
3193 3278 3352 3332 quem

1779 3366 1886 3405 non
1937 3353 2432 3422 transgredientur,
2479 3367 2654 3422 neque
2699 3365 3096 3409 convertentur
3137 3357 3354 3425 operire

1781 3451 1980 3498 terram
2007 3444 2072 3497 δι.
2111 3463 2130 3496 ι

1849 3532 2012 3589 Vens.
2053 3535 2106 3590 5.
2151 3533 2274 3589 Non
2300 3536 2487 3590 timebo
2515 3536 2640 3607 quid
2675 3537 2839 3605 faciat
2875 3539 3005 3592 mihi
3055 3555 3200 3605 caro,
3242 3549 3350 3596 etc.

1777 3625 1879 3693 Qui
1909 3627 2051 3680 servi
2081 3625 2312 3680 formam
2339 3629 2550 3697 accepit
2571 3639 2624 3683 et
2651 3629 2702 3683 in
2734 3630 3146 3686 similitudinem
3176 3631 3351 3687 factus

1777 3727 1856 3772 est
1891 3718 2071 3773 carnis
2111 3720 2354 3786 peccati,
2397 3720 2484 3789 qui
2538 3731 2823 3791 peccatum
2877 3739 2980 3777 non
3037 3725 3206 3789 novit,
3257 3740 3353 3794 pro

1775 3809 1932 3864 nobis
1966 3819 2246 3880 peccatum
2295 3814 2531 3880 seipsum
2580 3813 2727 3879 fecit,
2778 3830 3000 3871 carnem
3041 3833 3350 3884 assumens,

1776 3900 2032 3968 solusque
2065 3916 2256 3955 eorum
2282 3903 2371 3972 qui
2399 3904 2452 3958 in
2483 3920 2650 3960 carne
2675 3907 2865 3960 vivunt
2891 3908 3099 3977 peccati
3129 3923 3348 3978 expers,

1775 3994 2113 4050 conﬁdenter
2139 3994 2379 4049 dixerit:
2415 4013 2434 4048 ι
2473 3995 2612 4063 Quid
2644 3996 2808 4052 faciet
2841 3998 2974 4052 mihi
3009 4000 3186 4054 caro?
3217 4019 3236 4052 ι

1848 4168 2078 4224 Vsus.7.
2097 4169 2256 4240 733
2279 4167 2654 4226 Inhabitabunt
2672 4180 2717 4226 et
2738 4172 3090 4228 abscondent:
3118 4174 3218 4242 ipsi
3234 4174 3348 4228 cal-

1773 4278 1992 4316 caneum
2020 4279 2189 4316 meum
2213 4260 2578 4332 observabant,
2609 4274 2718 4320 etc.
2747 4265 2851 4319 Per
2879 4280 2941 4319 ea
2972 4281 3092 4334 qua:
3117 4266 3345 4331 agimus,

1773 4358 1982 4412 discere
2011 4358 2316 4413 studentes.
2344 4357 2536 4414 Cordis
2560 4359 2704 4414 enim
2734 4359 2984 4414 notitiam
3009 4373 3120 4412 non
3145 4359 3351 4412 habent

1771 4451 2062 4508 daemones.

147 4550 270 4605 Τοῦ
311 4549 521 4604 αὐτοῦ.
588 4549 818 4619 Ὁμοίως
843 4549 921 4620 τῷ
951 4548 1063 4619 (56)
1099 4549 1218 4617 ὄφει
1250 4550 1298 4601 οἱ
1324 4549 1571 4620 πονηροὶ,
1591 4549 1667 4614 ὡς

1844 4544 2122 4615 Ejusdem.
2164 4547 2245 4600 Ad
2295 4547 2470 4602 instar
2515 4546 2785 4612 serpentis
2829 4545 2914 4600 cui
2963 4545 3165 4599 dictum
3221 4555 3346 4599 est:

46 4639 332 4713 εἴρηται·
372 4659 391 4696 ι
430 4640 542 4696 Καὶ
584 4642 647 4692 σὺ
681 4641 942 4712 τηρήσεις
984 4638 1148 4693 αὑτοῦ
1199 4640 1457 4711 πτέρναν,
1512 4659 1530 4692 ι
1566 4641 1665 4714 τὴν

48 4733 324 4805 πτέρναν
346 4731 584 4806 Χριστοῦ
630 4731 663 4803 ἢ
699 4731 793 4785 τοῦ
823 4731 1033 4784 δικαίου
1072 4731 1386 4800 φυλάξουσι.

154 4827 278 4899 Τοῦ
325 4825 731 4898 εὐαρεστῆσαι
777 4823 1034 4880 ἐνώπιον
1064 4823 1168 4878 τοῦ
1207 4823 1354 4878 Θεοῦ
1397 4823 1466 4876 ἐν
1520 4825 1666 4892 φωτὶ

39 4924 310 4989 ζώντων
331 4959 346 4984 ,
378 4937 435 4973 κ.
467 4936 516 4971 τ.
555 4919 601 4970 ὲ.
633 4914 752 4979 Φῶς
775 4914 991 4980 ζώντων
1026 4913 1136 4985 (57)
1167 4915 1310 4967 ἐστὶν
1341 4916 1372 4985 ἡ
1402 4914 1603 4983 γνῶσις
1631 4917 1664 4985 ἡ

35 5015 178 5072 τῶν
221 5011 499 5081 ἀγγέλων.

1775 4654 1793 4688 ι
1831 4635 1896 4691 Ει
1938 4647 1990 4692 tu
2032 4638 2351 4694 observabis
2401 4639 2516 4707 ejus
2570 4637 2883 4692 calcaueum
2924 4639 2993 4703 ⁸³,
3043 4655 3060 4688 ι
3119 4637 3348 4706 improbi

1770 4729 2088 4786 calcaueum
2121 4731 2323 4786 Christi
2355 4731 2438 4785 vel
2467 4730 2598 4798 justi
2629 4729 3016 4784 observabunt.

1843 4822 2005 4877 Vens.
2052 4823 2138 4877 15.
2182 4821 2251 4876 Ut
2291 4825 2525 4888 placeam
2565 4839 2744 4876 coram
2787 4823 2896 4877 Deo
2940 4824 2996 4876 in
3043 4822 3240 4876 [tantine
3272 4822 3348 4875 vi-

1771 4917 2022 4981 ventium,
2050 4925 2156 4970 etc.
2189 4914 2394 4970 Lumen
2440 4917 2735 4972 viventium
2777 4928 2859 4973 est
2900 4918 3136 4987 cognitio
3174 4930 3345 4986 augeo

1774 5007 1971 5060 lorum.

134 5105 193 5140 ⁸⁸
219 5104 368 5162 Gen.
400 5117 592 5168 xum,
618 5100 706 5158 15.
784 5101 829 5133 ⁵ο
864 5099 1031 5156 Hebr.
1051 5116 1108 5165 ι,
1138 5099 1230 5155 28.
1307 5100 1353 5132 ⁸⁸
1381 5099 1528 5156 PSal.
1550 5104 1676 5168 cur;

1803 5102 1847 5135 ⁵³
1876 5101 2015 5158 Gen.
2052 5119 2132 5168 In,
2163 5104 2252 5159 15.

129 5201 261 5345 es;

30 5347 145 5404 nia
157 5360 270 5398 nus
303 5347 598 5398 secundus.

154 5416 256 5486 50)
292 5417 366 5471 El
402 5413 602 5467 πάντα
637 5411 714 5467 δι’
741 5412 948 5471 αὐτοῦ.
985 5419 1091 5467 etc.
1118 5409 1345 5466 Schedae
1377 5407 1582 5464 Grabii.

123 5419 226 5559 (51
292 5485 394 5552 Ὧς
418 5483 715 5555 διέθρεψε,
762 5493 870 5540 etc.
917 5483 1099 5538 Codex
1163 5480 1525 5538 Coislinianus
1570 5495 1582 5535 ι

152 5480 247 5540 51’
292 5485 394 5552 Ὧς
418 5483 715 5555 διέθρεψε,
762 5493 870 5540 etc.
917 5483 1099 5538 Codex
1163 5480 1525 5538 Coislinianus
1570 5494 1660 5536 se-

29 5558 376 5702 ουξὲἓῗῶ
409 5627 688 5697 Χριστός,
718 5635 826 5684 etc.
859 5623 1040 5683 Codex
1070 5623 1430 5683 Coisliniauus
1459 5637 1647 5680 secunn

29 5701 180 5758 dus.

309 5203 417 5254 Ἐν
439 5199 606 5270 μέσῳ
637 5197 745 5253 τοῦ
773 5200 941 5270 πρωΐ.
973 5207 1078 5270 etc.
1104 5197 1343 5270 _Sched:e
1375 5196 1585 5270 Grabii.

312 5266 635 5340 'Eairépdc.
664 5266 865 5326 Catena
896 5267 1138 5325 Corderii
1161 5277 1214 5323 et
1249 5269 1418 5324 codex
1469 5266 1664 5322 Coisli-
1733 5279 1740 5295 ι

1843 5199 1958 5339 (55)
1989 5203 2054 5253 Ol
2077 5199 2194 5270 μὲν
2226 5201 2491 5271 ἐπίγειοι,
2524 5209 2630 5258 etc.
2665 5199 2889 5258 Schedae
2920 5198 3130 5256 Grabii.

1865 5270 1955 5339 54)
2000 5272 2054 5322 '0
2095 5270 2208 5339 τὴν
2235 5273 2341 5327 τοῦ
2366 5271 2612 5339 δούλου,
2641 5284 2748 5329 etc.
2772 5273 2954 5328 Codex
2983 5271 3126 5327 Coisl

1865 5270 1955 5339 54)
2000 5272 2054 5322 '0
2083 5269 2208 5340 τὴν
2235 5269 2345 5327 τοῦ
2366 5271 2612 5342 δούλου,
2641 5284 2748 5329 etc.
2772 5273 2954 5328 Codex
2983 5269 3349 5327 Coisliuianus

1769 5342 2062 5485 sczgéijd'ft:
2089 5406 2175 5485 ὧν
2201 5413 2581 5485 ἐνεργοῦμεν,
2607 5423 2712 5468 etc.
2748 5412 2970 5485 Schcdaa
2997 5411 3201 5468 Grabii.

1839 5482 1950 5553 (56)
1995 5483 2240 5553 Ὁμοίως
2268 5481 2368 5552 τῷ,
2401 5481 2508 5541 etc.
2538 5485 2715 5542 Codex
2746 5481 3111 5539 Coisliuiauus
3147 5496 3346 5542 secun-

1767 5552 1949 5697 ἀυῗ57)
1987 5624 2114 5692 Φῶς
2139 5625 2386 5696 ζώντων,
2422 5636 2526 5683 etc.
2571 5625 2794 5682 Schedm
2827 5625 3035 5682 Grabii.
