3808 6518
123 308 239 367 1475

1052 316 1356 373 SELECTA
1403 318 1468 371 IN
1503 317 1840 376 PSALMOS.
1883 353 1952 363 -
1992 323 2189 379 PSAL.
2228 322 2387 380 LVII.

3208 330 3231 385 I
3242 331 3347 388 474

119 432 315 504 ’Ῑδωμεν
331 435 380 488 τί
411 435 555 490 ἐστιν
586 435 697 508 (69)
730 437 944 509 ἀληθῶς
970 439 1317 511 δικαιοσύνην
1340 440 1539 503 λαλεῖν,
1569 441 1651 494 καῖ

1771 442 2059 497 Videamus
2089 445 2218 514 quid
2250 444 2323 500 sit
2362 459 2490 500 vere
2516 443 2782 513 justitiam
2817 444 3091 516 proloqui,
3118 453 3173 501 et
3208 457 3343 517 quot

113 528 294 600 ὁσαχῶς
320 529 581 600 ἐνδέχεται
608 530 670 584 τὸ
697 530 934 585 τοιοῦτον
970 532 1232 600 γίνεσθαι.
1281 530 1390 586 καὶ
1417 532 1534 586 καθ’
1566 531 1660 585 ἕνα

115 619 201 692 μὲν
228 620 785 695 τρόπονιδικαιοσῦνην
826 621 939 677 ἔστι
976 624 1178 689 λαλεῖν,
1234 625 1321 677 ὅτε
1363 624 1491 694 ὑγιῆ
1531 623 1660 695 περὶ

110 711 421 783 δικαιοσύνης
469 713 608 784 ἔχων
640 732 722 778 τις
760 715 1038 785 δόγματα,
1082 718 1208 788 περί⁸
1240 719 1446 770 τούτων
1486 717 1660 770 διαλέ-

81 805 246 870 ’γεται
265 820 276 833 ·
300 805 433 858 κατὰ
461 805 712 877 δεύτερον
742 806 798 859 δὲ
827 807 1026 879 τρόπον
1055 808 1403 879 δικαιοσύνην
1446 827 1531 873 τις
1568 809 1660 863 λα-

108 893 181 946 λεῖ
205 898 229 948 ὁ
251 896 345 949 ἀπὸ
379 897 724 970 δικαιοσύνης
761 899 1176 972 ἐνυπαρχούσης
1208 904 1271 972 τῇ
1307 902 1450 973 ψυχῇ
1484 902 1659 955 πάντα

106 986 276 1055 λέγων.
322 989 649 1059 Συναγαγὼν
690 992 747 1045 δέ
792 1010 877 1057 τις
923 993 1231 1063 ἀμφότερα,
1276 994 1424 1065 εὖροι
1474 996 1539 1049 ἂν
1570 996 1660 1049 τὸν

103 1080 298 1151 ἀληθῶς
326 1082 667 1151 δικαιοσύνην
688 1083 970 1137 λαλοῦντα.
1010 1087 1070 1138 Ui
1104 1086 1214 1157 γὰρ
1244 1084 1441 1151 ἔξωθεν
1472 1088 1657 1157 φαινό-

105 1190 241 1242 μενοι
262 1176 363 1237 τοῖς
394 1174 701 1246 ἀνθρώποις
729 1177 948 1240 δίκαιοι,
985 1179 1185 1232 ἔσωθεν
1214 1181 1268 1233 δὲ
1309 1183 1494 1251 μεστοὶ
1530 1183 1659 1236 ὑπο-

100 1266 311 1337 κρίσεως
342 1268 432 1321 καὶ
464 1269 691 1340 ἀνομίας
708 1272 1086 1342 τυγχάνοντες,
1113 1275 1214 1328 κᾶν
1231 1275 1435 1329 λαλῶσι
1456 1277 1660 1330 δικαιο-

100 1360 270 1431 σύνην,
297 1362 389 1414 οὐκ
411 1362 628 1433 ἀληθῶς
659 1364 825 1435 αὐτὴν
860 1365 1130 1421 λαλοῦσιν.
1180 1368 1448 1440 Ἰἰγοῦμαι
1490 1369 1546 1423 δὲ
1579 1372 1660 1423 ὅτι

95 1454 258 1517 οὐδεὶς
299 1454 515 1508 δύναται
574 1456 921 1529 δικαιοσύνην
976 1459 1246 1531 λαλῆσαι,
1300 1462 1374 1533 μὴ
1419 1464 1659 1534 μετέχων

93 1548 334 1618 Χριστοῦ,
373 1570 391 1601 ι
422 1551 479 1615 ὃς
514 1553 746 1624 ἐγενήθη
775 1556 906 1625 ἡμῖν
941 1557 1102 1625 σοφία
1133 1557 1239 1610 ἀπὸ
1266 1557 1423 1620 Θεοῦ,
1451 1558 1658 1612 δικαιο-

91 1641 217 1714 σύνη
237 1660 291 1695 τε
318 1644 406 1697 καὶ
433 1646 705 1715 ἁγιασμὸς
725 1688 738 1710 ,
774 1648 867 1701 καὶ
894 1649 1289 1721 ἀπολύτρωσις.
1331 1671 1349 1701 ›
1406 1652 1656 1705 Ἀκολου-

88 1734 173 1789 θεῖ
203 1736 334 1791 δὲτὸ
360 1737 573 1811 ἀληθῶς
609 1741 789 1796 λαλεῖν
829 1742 1175 1816 δικαιοσύνην
1215 1744 1293 1815 τῷ
1324 1746 1484 1799 εὐθέα
1536 1747 1655 1818 κρί-

1765 535 1938 589 modis
1964 537 2133 605 possit
2177 538 2278 593 hoc
2321 538 2457 592 ﬁeri.
2488 538 2665 608 Atque
2703 553 2809 592 una
2858 538 3080 610 quidem
3128 540 3343 595 ratione

1762 625 1887 679 licet
1914 626 2165 694 proferre
2207 628 2493 695 justitiam,
2545 630 2764 698 quando
2807 631 2927 700 quis
2961 644 3095 684 sana
3140 634 3205 684 de
3257 631 3346 701 ju-

1760 718 1911 771 stitia
1966 718 2173 774 habens
2208 721 2485 790 degmata,
2530 722 2594 775 de
2637 721 2828 777 iisdem
2874 723 3114 777 disserit.
3159 723 3347 778 Altero

1762 825 1894 865 vero
1921 813 2083 865 modo
2112 812 2379 881 justitiam
2411 814 2534 884 quis
2572 813 2838 883 loquitur,
2874 817 2963 884 qui
2995 830 3057 869 ex
3094 816 3254 870 insita
3289 817 3340 871 iu

1763 902 1949 956 animo
1979 902 2145 972 ipsius
2174 902 2387 970 justitia
2438 915 2632 959 cuncta
2683 904 2840 959 dicit.
2894 904 2950 960 Si
2993 906 3118 975 quis
3158 914 3341 961 autem

1762 1001 2058 1060 utrmnque
2108 990 2476 1060 conjunxerit,
2510 995 2745 1063 reperiet
2779 1012 2902 1049 eum
2945 997 3035 1065 qui
3070 1013 3198 1052 vere
3254 994 3346 1067 ju-

1763 1085 1967 1139 stitiam
2004 1084 2282 1153 loquatur.
2312 1085 2414 1153 Qui
2454 1088 2601 1141 enim
2624 1104 2649 1141 a
2703 1088 2834 1143 I'oris
2866 1101 3124 1158 apparent
3161 1091 3343 1146 homi-

1764 1179 1924 1232 nibus
1951 1177 2107 1244 justi,
2133 1178 2279 1232 intus
2311 1189 2489 1233 autem
2528 1180 2672 1250 pleni
2704 1189 2831 1235 sunt
2864 1181 3135 1251 hypocrisi
3165 1192 3217 1237 et
3245 1182 3345 1238 ini-

1762 1270 1971 1339 quitate
2010 1271 2100 1334 ⁸⁶ς
2145 1271 2243 1325 etsi
2301 1271 2591 1341 loquantur
2636 1271 2941 1342 justitiam,
2997 1290 3103 1329 non
3159 1285 3340 1332 tamen

1760 1375 1887 1416 vere
1941 1362 2087 1415 illam
2134 1362 2449 1433 loquuntur.
2499 1364 2768 1419 Existimo
2815 1375 2998 1419 autem
3068 1368 3340 1423 neminem

1760 1465 1917 1520 posse
1946 1450 2093 1521 loqui
2120 1452 2415 1523 justitiam,
2448 1455 2538 1524 qui
2574 1471 2679 1508 non
2708 1454 2779 1508 sit
2806 1456 3081 1525 particeps
3111 1457 3342 1524 Christi,

1766 1563 1788 1597 ι
1817 1546 1905 1615 qui
1941 1544 2119 1601 factus
2153 1557 2239 1601 est
2273 1550 2433 1603 nobis
2475 1549 2741 1618 sapientia
2777 1566 2805 1603 a
2847 1550 2974 1614 Deo,
3023 1560 3077 1605 et
3104 1551 3339 1620 justitia,

1758 1646 1813 1691 et
1836 1637 2226 1706 sanctiﬁcatio,
2253 1650 2307 1694 et
2331 1642 2631 1710 redemptio
2653 1641 2743 1696 ⁵⁸³.
2780 1662 2797 1694 ι
2830 1642 3003 1697 Porro
3032 1658 3166 1698 vere.
3196 1643 3343 1713 loqui

1754 1730 2023 1799 justitiam
2057 1732 2309 1801 sequitur
2341 1747 2407 1786 ex
2443 1743 2591 1787 recto
2622 1734 2851 1804 judicio,
2900 1737 2972 1790 ita
3007 1745 3063 1790 ut
3095 1736 3226 1791 nihil
3269 1738 3343 1793 sit

86 1844 214 1889 νειν,
248 1827 381 1882 ὥστε
428 1831 593 1901 μηδὲν
627 1828 765 1886 εἶναι
815 1834 1025 1887 σκολιὸν
1060 1837 1116 1887 ὲν
1149 1838 1259 1899 τοῖς
1296 1838 1527 1908 κρίμασι
1562 1839 1651 1892 καὶ

1760 1826 2039 1896 obliquum
2071 1827 2122 1880 in
2144 1825 2367 1894 judiciis
2394 1836 2450 1883 et
2481 1830 2911 1898 cogitationibus
2938 1831 3056 1902 ejus
3087 1832 3180 1902 qui
3206 1846 3336 1888 vere

81 1920 192 1981 τοῖς
221 1919 491 1992 λογισμοῖς
526 1923 619 1976 τοῦ
652 1924 869 1997 ἀληθῶς
897 1926 1246 1999 δικαιοσύνην
1271 1929 1577 1995 λαλοῦντος.

156 2016 255 2067 Καὶ
296 2014 401 2083 γὰρ
446 2016 515 2067 ἐν
544 2016 757 2085 καρδίᾳ
800 2019 1070 2089 ἀνομίας,
1125 2040 1177 2074 κ.
1228 2040 1278 2076 τ.
1327 2025 1372 2076 ἐ.
1414 2026 1528 2078 Ἵνα
1562 2025 1655 2096 δη-

77 2105 223 2177 Λώσῃ
256 2106 358 2177 (70)
390 2111 416 2162 ὁ
442 2108 597 2178 λόγος
623 2111 805 2183 πηγὴν
838 2114 934 2184 μὲν
959 2115 1051 2167 καὶ
1075 2115 1249 2187 ἀρχὴν
1279 2118 1456 2190 πάσης
1484 2119 1657 2190 ἁμαρ-

73 2200 194 2263 τίας
225 2200 280 2253 τὸ
316 2201 405 2255 τοῦ
439 2202 642 2271 φαύλου
682 2207 1009 2276 ἡγεμονικὸν
1036 2249 1048 2271 ,
1101 2209 1339 2280 ἀνομιῶν
1371 2212 1655 2284 πεπληρω-

74 2292 255 2361 μένον,
293 2293 365 2359 ὥς
406 2312 458 2349 τι
510 2297 689 2368 ῥεῦμα
741 2299 847 2351 ἀπὸ
878 2300 976 2371 τῆς
1011 2302 1146 2371 γῆς·
1197 2302 1296 2374 τὴν
1340 2303 1396 2355 δὲ
1432 2306 1649 2375 πρᾶξιν,

69 2379 144 2454 ἧς
178 2384 434 2455 σύμϐολον
451 2390 502 2440 αί
540 2392 739 2460 χεῖρες,
766 2390 862 2462 τὴν
893 2392 999 2445 ἀπὸ
1027 2393 1120 2446 τοῦ
1157 2396 1484 2466 ἡγεμονικοῦ
1522 2417 1653 2467 προ-

69 2479 328 2548 αχθεῖσαν
360 2482 613 2553 μελέτην
639 2486 900 2558 πρότερον
931 2488 1029 2557 μὲν
1058 2488 1118 2541 τὸ
1140 2490 1279 2544 κατὰ
1304 2492 1399 2563 τὴν
1427 2492 1651 2563 καρδίαν
1686 2526 1689 2529 -

64 2571 341 2645 ὠνόμασε,
366 2577 615 2650 δεύτερον
646 2582 700 2634 δὲ
737 2582 796 2634 τὸ
827 2583 967 2637 κατὰ
1000 2584 1099 2646 τὰς
1128 2587 1330 2655 χεῖρας.
1361 2589 1468 2639 Καὶ
1551 2590 1652 2655 μὲν

64 2666 177 2735 τῆς
206 2668 476 2740 ἁμαρτίας
511 2673 651 2743 ἀρχή
686 2676 831 2726 ἐστιν
860 2666 968 2727 ἀπὸ
999 2676 1241 2745 καρδίας,
1282 2677 1372 2727 καὶ
1418 2678 1473 2729 τὸ
1503 2679 1651 2743 τέλος

58 2758 128 2809 ἐν
162 2762 277 2822 ταῖς
320 2762 611 2833 πράξεσιν·
662 2766 753 2817 ἐπὶ
796 2766 851 2819 δὲ
886 2765 994 2817 τῶν
1040 2769 1476 2837 ἐπιστρεφόντων
1516 2772 1651 2840 προς

55 2848 199 2902 Θεὸν
242 2853 272 2921 ἡ
308 2852 447 2922 ἀρχὴ
500 2853 596 2923 μὲν
634 2854 742 2906 ἀπὸ
774 2855 873 2924 τῆς
907 2855 1116 2926 ἀποχῆς
1144 2855 1251 2908 τῶν
1291 2857 1477 2909 κακῶν
1514 2860 1653 2929 πρά·-

55 2939 233 3005 ξεων·
273 2941 422 3003 τέλος
449 2943 503 2996 δὲ
534 2946 566 3016 ἡ
592 2944 901 3018 καθαρότης
931 2948 1030 3018 τῆς
1056 2949 1303 3019 καρδίας.
1339 2950 1538 3020 Διόπερ
1568 2954 1651 3003 ὲν-

46 3033 240 3087 ταῦθα
274 3036 370 3106 μὲν
406 3037 494 3090 ὅτε
537 3037 848 3108 ἐλέγχονται
883 3041 931 3093 οί
957 3041 1166 3110 ψεκτοὶ,
1200 3042 1265 3095 τὰ
1298 3043 1396 3113 τῆς
1426 3044 1651 3115 καρδίας

46 3128 391 3201 ἀνομήματα
440 3133 737 3205 πρότερον,
783 3135 875 3187 καὶ
932 3135 1051 3188 τότε
1108 3136 1172 3189 τά
1230 3137 1649 3208 συμπλεκόμενα

1754 1919 2026 1990 justitiam
2071 1920 2331 1990 loquitur.

1829 2012 1994 2070 Vens.
2038 2015 2095 2073 5.
2152 2014 2363 2071 Etenim
2417 2018 2470 2072 in
2520 2017 2675 2072 corde
2726 2017 3049 2087 iniquitates,
3106 2028 3214 2074 etc.
3266 2017 3339 2075 Ut

1757 2119 1939 2159 sermo
2000 2107 2272 2175 signiticet
2342 2106 2548 2161 fontem
2608 2108 2827 2177 quidem
2880 2124 2943 2162 ac
3007 2109 3335 2179 principium

1756 2200 1934 2254 onmis
1968 2202 2176 2268 peccati
2210 2216 2330 2255 esse
2360 2210 2595 2255 mentem
2639 2202 2896 2272 improbi,
2931 2219 3051 2273 qua:
3076 2205 3335 2275 iniquitas

1759 2295 1901 2347 tibus
1924 2295 2213 2359 redundat,
2241 2296 2385 2349 sicut
2409 2296 2630 2366 quidam
2656 2295 2835 2350 ﬂuxus
2854 2298 2919 2351 de
2944 2307 3127 2365 terra;
3158 2309 3339 2355 aetum

1757 2401 1909 2450 vero,
1948 2387 2102 2455 cujus
2127 2388 2436 2459 symbolum
2480 2398 2608 2444 sunt
2651 2406 2869 2452 manus,
2911 2405 3031 2446 esse
3068 2393 3337 2447 exercita-

1760 2484 1962 2538 tionem
1994 2498 2115 2552 qute
2151 2500 2177 2536 a
2228 2494 2408 2537 mente
2458 2493 2746 2551 promanat
2785 2499 2798 2546 ;
2839 2482 3072 2553 primum
3119 2483 3339 2552 quidem

1762 2591 1859 2645 per
1891 2590 1984 2631 cor
2021 2576 2346 2641 nominavit,
2378 2577 2678 2631 secundum
2704 2590 2835 2630 vero
2864 2591 2961 2646 per
2992 2591 3206 2631 manus.
3250 2578 3344 2630 At-

1759 2684 1864 2736 que
1892 2669 2100 2738 peccati
2133 2668 2353 2736 quidem
2389 2669 2715 2737 principium
2745 2677 2828 2723 est
2860 2684 2887 2721 a
2919 2670 3108 2730 corde,
3133 2678 3188 2724 et
3218 2669 3341 2722 ﬁnis

1756 2760 1805 2812 in
1841 2759 2254 2828 operationibus
2285 2774 2299 2812 :
2333 2761 2385 2813 in
2420 2759 2487 2814 iis
2518 2768 2700 2813 autem
2754 2761 2844 2831 qui
2893 2762 2959 2813 ad
3005 2760 3172 2814 Deum
3209 2775 3342 2815 con-

1754 2861 2063 2916 vertuntur,
2104 2850 2440 2921 principium
2473 2851 2694 2905 ducitur
2723 2867 2749 2904 a
2779 2867 3069 2921 pravorum
3116 2861 3337 2906 actuum

1755 2945 2129 3009 abstinentia;
2170 2931 2294 3000 linis
2344 2959 2472 2997 vero
2511 2953 2596 2999 est
2643 2946 2855 3013 puritas
2893 2947 3101 3002 cordis.
3130 2944 3339 3002 Idcirco

1755 3038 1971 3106 quando
1998 3038 2087 3092 hic
2130 3038 2164 3091 ii
2203 3038 2294 3108 qui
2344 3037 2649 3107 culpabiles
2678 3047 2803 3092 sunt
2839 3039 3337 3107 reprehenduntur,

1757 3130 1988 3198 primmn
2022 3130 2220 3183 delicta
2267 3131 2470 3197 cordis,
2504 3145 2567 3185 ac
2608 3131 2804 3185 deinde
2841 3131 3177 3200 iniquitates,
3214 3148 3336 3201 qua:

1678 3184 1719 3241 C

1759 3220 2009 3274 manibus
2046 3222 2385 3276 concinnata:
2418 3234 2563 3289 sunt,
2598 3222 2975 3277 nominantur.
3008 3222 3113 3277 Pro
3150 3242 3169 3275 ι
3207 3238 3339 3278 con-

1758 3312 1984 3364 cinnant
2030 3331 2048 3362 ›
2122 3322 2303 3367 autem
2366 3312 2705 3367 Theodotion
2777 3323 2832 3367 et
2882 3314 3072 3382 quinta
3144 3314 3337 3380 editio,

1759 3402 1920 3474 735
1957 3424 1974 3454 ι
2006 3404 2235 3469 librant;
2276 3424 2294 3457 ›
2326 3405 2517 3473 Aquila
2553 3420 2680 3459 vero
2710 3425 2728 3457 ι
2765 3406 2931 3460 librat
2966 3426 2986 3458 ι
3018 3406 3199 3460 habet.
3222 3405 3338 3461 Non

1756 3500 2291 3567 quomodocunque,
2346 3499 2542 3568 inquit,
2588 3500 2921 3553 concinnant
2972 3500 3338 3568 iniquitatem,

1755 3592 1848 3645 sed
1908 3603 2127 3660 propter
2195 3594 2294 3645 has
2354 3594 2688 3660 pravitates,
2757 3596 3177 3663 superveniente
3238 3595 3337 3666 ipsi

1754 3683 2024 3744 exercitu,
2079 3686 2329 3753 pervenit
2367 3685 2627 3752 iniquitas
2660 3696 2714 3738 et
2766 3686 3127 3742 contradictio
3167 3687 3337 3741 etiam

1755 3777 1819 3829 ad
1852 3790 2038 3829 muros
2078 3776 2214 3844 ejus,
2245 3778 2498 3831 custodes
2524 3778 2787 3831 nimirum
2829 3778 2945 3845 ejus
2983 3788 3203 3833 sanctos
3236 3795 3338 3831 an-

1752 3870 1901 3941 gelos
1942 3886 1957 3925 :
1995 3871 2047 3926 hi
2106 3871 2250 3925 enim
2297 3871 2441 3925 illam
2498 3872 2899 3937 deseruerunt,
2954 3872 3099 3941 quod
3155 3872 3337 3926 vidis-

1752 3975 1874 4021 sent
1913 3966 2318 4035 delinquentem
2364 3976 2417 4020 et
2446 3966 2937 4021 contradicentcm.
2995 3966 3339 4036 Quapropter

1756 4076 1776 4111 ι
1842 4046 2105 4128 iniquitas
2162 4068 2217 4114 et
2274 4057 2473 4124 labor,
2540 4076 2559 4109 ι
2624 4058 2718 4127 qui
2760 4058 3014 4113 laudabili
3076 4057 3334 4128 voluptati

1752 4152 2062 4207 contrarius
2110 4160 2212 4213 est,
2270 4169 2289 4203 ‹
2348 4152 2400 4205 in
2437 4150 2615 4206 medio
2662 4150 2803 4221 ejus,
2847 4170 2866 4202 ι
2903 4167 3025 4205 cum
3067 4150 3334 4220 injusntia

1751 4246 2101 4311 exstiterunt,
2135 4254 2196 4302 ut
2237 4265 2256 4298 ι
2288 4261 2394 4299 ηοη
2430 4246 2687 4300 deticeret
2720 4247 2787 4301 de
2808 4245 3001 4315 plateis
3027 4244 3143 4312 ejus
3170 4260 3333 4299 usura

1750 4348 1805 4393 et
1830 4338 1984 4395 dolus
2008 4341 2074 4407 ⁷³,
2104 4358 2122 4391 ι
2148 4340 2341 4395 incolis
2373 4339 2491 4410 ejus
2522 4355 2618 4409 per
2654 4354 2717 4395 ea
2750 4356 2869 4409 qua:
2899 4353 3151 4408 perverse
3176 4354 3333 4393 com-

1754 4432 2120 4487 miniscuntur
2156 4433 2341 4488 dolose
2396 4434 2718 4504 agentibus;
2774 4432 3147 4488 laborantibus
3198 4448 3328 4487 vero

1752 4533 1813 4579 ut
1863 4526 2119 4580 tollerent
2176 4542 2340 4595 super
2373 4543 2431 4582 se
2473 4543 2610 4581 onus
2661 4525 2901 4589 malitize,
2936 4542 3057 4595 qua:
3111 4525 3332 4596 plumbo

1752 4630 2124 4693 comparatur.
2179 4619 2343 4690 Atqui
2385 4621 2596 4690 plateas
2635 4620 2754 4689 ejus
2794 4620 3212 4675 existimandum
3254 4629 3337 4675 est

1750 4730 1873 4770 csse
1900 4714 2040 4776 illas,
2081 4727 2202 4781 quo:
2230 4726 2327 4782 per
2356 4727 2599 4765 amorem
2626 4712 2917 4782 voluptatis
2961 4710 3167 4782 seipsas
3196 4713 3333 4767 dila-

1753 4817 1891 4874 tant,
1950 4806 2077 4860 dum
2124 4806 2286 4858 latam
2328 4812 2385 4857 et
2435 4805 2732 4875 spatiosum
2766 4806 2905 4859 viam
2936 4806 3242 4872 ambulant,
3281 4805 3334 4861 id

1754 4908 1855 4965 est,
1908 4900 2079 4952 vitam
2143 4895 2503 4966 voluptariam
2560 4906 2613 4950 ct
2664 4898 3011 4967 passionibus
3062 4897 3330 4963 deditam;

1756 5008 1879 5047 cum
1922 4992 2065 5044 enim
2099 4989 2151 5042 in
2195 4989 2262 5043 iis
2302 5004 2517 5057 semper
2553 5002 2768 5043 maneat
2803 4990 2952 5045 labor
2981 4991 3126 5045 circa
3170 4990 3331 5054 mala,

1758 5098 1923 5158 atque
1955 5088 2109 5141 dolus
2143 5087 2293 5141 circa
2338 5086 2710 5155 deceptioues,
2746 5087 2869 5142 hinc
2909 5088 2965 5140 tit
3009 5095 3067 5139 ut
3107 5086 3336 5153 implea-

1755 5192 1843 5235 tur
1895 5182 2062 5246 illnd,
2112 5200 2130 5232 ‹
2174 5181 2290 5234 Non
2332 5180 2531 5235 defecit
2570 5182 2635 5236 de
2676 5181 2866 5251 plateis
2904 5180 3023 5249 ejus
3062 5195 3227 5234 usura
3278 5187 3335 5232 et

1754 5272 1927 5330 dolus.
1961 5292 1978 5325 ι
2011 5274 2225 5329 Etenim
2259 5273 2383 5327 dum
2413 5273 2602 5342 hi,qui
2640 5277 2705 5327 ad
2734 5273 3075 5342 iniquitatem
3099 5269 3333 5339 prompti

1753 5377 1899 5431 sunt,
1944 5368 2195 5438 singulas
2250 5368 2571 5436 iniquitates
2620 5368 2687 5420 ad
2724 5382 2889 5419 unum
2932 5364 3153 5419 malitiae
3186 5379 3333 5418 com-

1754 5461 1969 5531 plexum
2000 5462 2226 5525 librant,
2270 5462 2646 5516 indesinenter
2687 5458 2991 5513 desiderata
3021 5457 3331 5527 perﬁciunt,

1756 5557 1822 5609 ad
1874 5555 2217 5610 indelebilem
2267 5556 2578 5611 columnam
2622 5552 2920 5622 assumptis
2948 5551 3204 5621 operibus
3228 5551 3333 5607 ini-

1755 5648 1978 5721 quitatis
2007 5643 2217 5703 eorum.

1391 5747 1435 5787 ³⁷
1486 5746 1631 5806 Psal.
1678 5762 1787 5812 Liv,
1844 5748 1930 5801 ll.

1814 5844 1926 5917 (70)
1965 5844 2097 5898 Ἵνα
2130 5841 2403 5912 δηλώσῃ,
2441 5848 2547 5895 etc.
2585 5836 2807 5892 Eadem.

40 3221 371 3294 ἀδικήματα
396 3228 516 3289 ταῖς
538 3228 725 3298 χερσὶν
754 3228 1087 3299 ὠνόμασται.
1126 3229 1269 3282 ’Λντὶ
1284 3229 1339 3281 δὲ
1358 3229 1448 3282 τοῦ
1472 3250 1487 3280 ι
1518 3247 1578 3282 συ
1589 3249 1653 3302 μ-

39 3314 322 3370 πλέκουσι
374 3338 393 3370 ι
442 3319 735 3374 Θεοδοτίων
764 3323 917 3394 καὶὴ
959 3322 1180 3394 πέμπτη
1210 3322 1438 3388 ἔκδοσις,
1478 3344 1495 3375 ι
1537 3324 1653 3378 δια·

35 3410 480 3481 σταθμίζουσιν·
514 3433 530 3465 ι
583 3414 810 3480 ’Λκύλας
837 3416 894 3469 δὲ
927 3436 944 3467 ε
972 3416 1414 3488 διασταθμίςεται
1446 3438 1463 3469 ι
1496 3436 1654 3491 περι-

30 3502 191 3573 ἐχει.
238 3505 351 3576 Οὐχ
382 3506 456 3571 ὡς
478 3506 667 3579 ἔτυχε,
699 3510 852 3579 φησι,
898 3509 1269 3579 συμπλέκουσι
1292 3510 1391 3582 τὴν
1417 3508 1649 3575 ἀδικίαν,

24 3598 194 3651 ἀλλὰ
226 3599 312 3652 διὰ
354 3600 557 3665 ταύτας
586 3604 684 3666 τὰς
717 3602 934 3665 κακίας,
970 3601 1286 3667 ἐπελθόντος
1318 3604 1452 3675 αὑτῇ
1486 3622 1651 3678 στρα-

19 3694 306 3757 τοπέδου,
340 3694 573 3765 ἔφθασεν
607 3698 639 3769 ὴ
675 3698 876 3769 ἀνομία
918 3698 1012 3750 καὶ¹
1044 3698 1076 3768 ἡ
1106 3698 1404 3766 ἀντιλογία,
1432 3700 1524 3752 καὶ
1560 3700 1652 3753 ἐπὶ

17 3786 115 3838 τὰ
154 3786 309 3859 τείχη
357 3789 529 3860 αὐτῆς
562 3791 688 3853 τοὺς
721 3789 1092 3861 φρουροῦντας
1139 3791 1308 3862 αὐτὴν
1346 3792 1521 3863 ἱεροὺς
1553 3793 1652 3862 ἀγ-

15 3880 247 3950 γέλους
272 3898 284 3910 ·
322 3883 413 3935 καὶ
441 3883 544 3954 γὰρ
575 3878 718 3937 οῦτοι
749 3883 1104 3953 ἐγκατέλιπον
1137 3883 1303 3954 αὐτὴν
1344 3886 1649 3956 ἀνομοῦσαν

15 3973 147 4028 καὶ
176 3974 568 4043 ἁντιλέγουσαν
603 3976 817 4050 ἑωρακό
831 3991 927 4041 ;ες.
975 3978 1119 4030 Διότι
1159 3997 1177 4028 ς
1207 3978 1402 4048 ἀνομία
1436 3980 1521 4031 καλ
1555 3980 1651 4033 πό-

15 4086 161 4132 νος,
198 4088 217 4119 δ
255 4069 499 4133 ἐναντίος
527 4072 594 4141 τῇ
626 4072 886 4143 ἐπαινετῇ
912 4072 1096 4143 ἡδονῇ,
1134 4091 1151 4123 ί
1173 4074 1228 4125 ἐν
1263 4074 1411 4145 μέσῳ
1438 4075 1605 4145 αὐτῆς
1626 4096 1643 4127 ³

15 4162 147 4216 33v
203 4160 392 4233 ἀδικίᾳ
440 4162 750 4234 γεγένηται,
799 4162 874 4227 ὡς
930 4183 946 4213 ι
980 4163 1052 4236 μὴ
1110 4164 1380 4218 ἐκλείπειν
1427 4168 1490 4219 ἐκ
1542 4168 1648 4219 τῶν

15 4250 326 4305 πλατειῶν
355 4252 524 4322 αὐτῆς
554 4253 711 4306 τόκον
745 4254 839 4307 καὶ
865 4254 1037 4317 δόλον,
1071 4274 1087 4307 ι
1121 4254 1507 4326 δολιευομένων
1540 4258 1647 4312 τῶν

15 4344 348 4400 »Ξκούντων
383 4345 553 4415 αὐτὴν
586 4345 652 4398 δι’
687 4339 760 4398 ὧν
789 4346 1042 4418 φρονοῦσι
1093 4348 1343 4419 πονηρῶς
1364 4366 1376 4377 ο
1417 4349 1649 4403 κοπιών-

15 4456 149 4492 των
183 4438 243 4491 δὲ
292 4438 372 4509 τῷ
405 4437 581 4510 αἴρειν
628 4440 711 4508 ἐφ’
746 4441 959 4503 ἑαυτοῖς
1012 4440 1070 4492 τὸ
1099 4441 1198 4510 τῆς
1234 4442 1430 4505 κακίας
1459 4443 1643 4513 ἄχθος,

16 4530 288 4603 ιο).ί6δῳ
325 4531 830 4604 παραϐαλλομένης.
875 4534 983 4587 Καὶ
1017 4533 1277 4597 πλατείας
1310 4534 1477 4605 αὐτῆς
1512 4538 1646 4607 ἡγη-
1681 4554 1720 4606 ι)

16 4626 159 4678 ’ἑον
190 4619 339 4677 εἶναι
368 4623 467 4686 τὰς
496 4623 583 4677 διὰ
615 4624 674 4677 τὸ
712 4623 987 4695 φιλήδονον
1021 4625 1391 4690 πλατυνούσας
1423 4628 1642 4692 ἑαυτὰς,

147 4718 253 4788 τὴν
287 4716 548 4770 πλατεῖαν
583 4718 676 4771 καὶ
706 4719 1015 4790 εὐρύχωρον
1053 4719 1256 4772 ὁδεύειν
1294 4720 1434 4785 ὁδὸν,
1466 4721 1645 4773 τουτέ-

16 4831 73 4864 ’τ
92 4830 141 4874 ι,
172 4808 277 4864 τὸν
314 4809 560 4881 ὴδονικὺν
593 4812 688 4865 καὶ
716 4812 1014 4883 παθητικὸν
1056 4812 1199 4882 βίον
1231 4815 1287 4865 ἐν
1319 4814 1510 4878 αὐταῖς
1537 4816 1643 4887 γὰρ

15 4908 114 4960 ιεὶ
176 4904 371 4975 μένων
423 4905 450 4958 ὁ
498 4905 623 4977 περὶ
669 4904 735 4958 τὰ
771 4906 916 4959 κοικά
970 4906 1155 4971 κόπος,
1193 4907 1284 4959 καὶ
1328 4907 1356 4958 ό
1389 4909 1516 4979 περὶ
1546 4911 1643 4973 τὰς

16 5003 266 5064 ,πάτας
312 5000 483 5065 δόλος,
520 5000 861 5073 πληροῦσθαι
915 5005 1059 5054 ποιεῖ
1093 5003 1170 5064 τὸ,
1214 5023 1229 5053 ι
1260 5004 1375 5057 Οὐκ
1402 5002 1646 5067 ἐξέλιπεν

15 5115 73 5150 κ
136 5093 265 5146 τῶν
318 5093 590 5147 πλατειῶν
619 5093 790 5163 αὐτῆς
821 5094 981 5157 τόκος
1010 5097 1101 5148 καὶ
1146 5095 1311 5159 δόλος.
1340 5116 1357 5147 ι
1396 5096 1507 5149 Καὶ
1541 5096 1647 5169 γὰρ

15 5186 534 5258 ιασταθμίζοντες
557 5189 762 5241 ἕκαστα
785 5187 889 5241 τῶν
915 5188 1263 5261 ἀδικημάτων
1290 5191 1367 5253 είς
1390 5189 1485 5261 τὴν
1513 5207 1649 5260 συμ-

16 5281 254 5354 νλοκὴν
314 5282 415 5354 τῆς
449 5282 646 5344 κακίας
697 5284 746 5336 οἱ
792 5283 929 5355 πρὸς
976 5284 1075 5356 τὴν
1129 5284 1343 5338 ἀδικίαν
1381 5284 1647 5356 εὐχερεῖς,

15 5374 389 5439 Βιαστάτως
437 5375 719 5450 ἐνεργοῦσι
774 5375 843 5429 τὰ
895 5376 1087 5448 αἱρετὰ
1140 5379 1220 5440 είς
1266 5376 1650 5442 ἀνεξάλειπτον

15 5469 246 5540 σήλην
302 5467 888 5541 παραλαμϐανομένων
939 5470 1045 5523 τῶν
1096 5468 1345 5542 πράξεων
1398 5470 1496 5542 τῆς
1537 5470 1653 5524 ἁδι-

15 5570 148 5630 Eat;
192 5562 419 5619 αὐτῶν.

58 5752 133 5786 ⁸⁸
198 5750 411 5804 Matth.
462 5766 621 5813 xxut,
658 5749 748 5806 28.
826 5748 893 5782 ⁸⁸⁸
933 5748 1102 5804 lCor.
1143 5766 1182 5816 ι,
1224 5748 1312 5803 50.

56 5850 218 5922 ((59)
262 5849 524 5921 "laniger
561 5850 618 5902 τί
646 5849 837 5916 ἐστιν,
862 5860 968 5903 etc.
1006 5848 1206 5903 Catena
1257 5847 1522 5903 (lordetii.
1604 5868 1609 5873 α
