3944 6386
625 263 768 323 1475

733 380 890 436 Vens.
943 377 996 433 ό.
1063 376 1292 431 Alienati
1368 383 1490 430 sunt
1549 381 1842 443 peccatores
1901 386 1933 422 α
1994 369 2265 431 υιιιυα,Α

627 479 935 528 erraverunt
998 471 1064 523 ab
1135 481 1284 522 utero
1318 507 1334 532 ,
1411 467 1570 520 locuti
1636 474 1756 518 sunt
1833 463 1970 532 [also
2001 503 2016 524 ,
2083 469 2188 515 etc.

620 564 938 618 Alienantur
980 577 1009 614 a
1046 558 1202 612 vulva
1241 565 1296 612 et
1335 565 1520 611 errant
1556 556 1624 610 ab
1662 565 1818 608 utero
1854 553 1946 623 qui
1989 567 2019 606 a
2059 567 2192 621 pue-

627 656 752 710 ritia
791 668 896 708 non
936 655 1002 708 ad
1041 652 1333 717 virtutem,
1386 650 1476 704 sed
1517 649 1584 703 ad
1625 647 1890 702 malitiam
1931 647 2190 718 gradiun-

623 757 860 893 ωῖιιιε.
890 837 944 894 5.
979 834 1159 889 Furor
1191 835 1302 889 illis
1336 834 1620 888 secundum
1659 829 2058 885 similitudinem
2084 844 2193 881 rer-

618 933 811 1000 petitis,
846 932 985 983 sicut
1013 928 1216 991 aspidis
1243 929 1420 982 surdae
1445 937 1494 978 et
1511 926 1816 978 obturantis
1853 939 2007 976 aures
2038 938 2184 984 snas,

618 1033 728 1078 ctc.
760 1021 950 1078 Omnis
989 1021 1169 1076 anima
1198 1035 1319 1090 quae
1356 1020 1629 1073 salutares
1667 1033 1774 1072 non
1800 1015 1952 1071 audit
1985 1031 2193 1071 sermo-

617 1129 734 1180 nes,
779 1115 926 1184 aspis
949 1125 1031 1169 est
1067 1128 1189 1183 quae
1218 1113 1435 1167 obturat
1468 1124 1626 1164 aures
1648 1124 1797 1164 suas.

688 1295 964 1367 Ejusdem.
1015 1295 1242 1366 Propter
1279 1302 1628 1364 peccatorum
1677 1289 1918 1345 furorem
1961 1288 2052 1356 qui
2103 1296 2189 1343 est

617 1393 759 1447 sicut
801 1388 956 1444 furor
1004 1387 1274 1456 serpentis
1301 1425 1316 1449 ,
1359 1385 1558 1439 dicitur
1599 1383 1680 1438 eis
1724 1399 1737 1435 :
1787 1399 1806 1434 ι
1849 1381 2188 1450 Serpentes,

617 1483 892 1555 genimina
942 1481 1255 1550 viperarum
1286 1479 1353 1533 ⁸⁸.
1413 1498 1430 1530 ι
1489 1477 1604 1532 Non
1657 1476 1802 1530 enim
1852 1476 1903 1529 id
1940 1475 2082 1543 quod
2111 1483 2192 1528 est

615 1576 918 1632 secundum
955 1573 1366 1628 similitudinem
1423 1570 1538 1635 Dei,
1575 1569 1672 1624 sed
1709 1571 1852 1639 quod
1885 1577 1973 1622 est
1999 1583 2192 1622 secun-

616 1668 744 1719 dum
785 1665 1191 1720 similitudinem
1237 1664 1530 1732 serpentis,
1575 1671 1920 1732 receperunt.
1949 1661 2028 1715 Ac
2066 1677 2193 1715 san—

618 1767 741 1812 ctus
787 1757 1002 1827 quidem
1037 1757 1259 1811 obturat
1317 1770 1503 1820 aures,
1563 1769 1630 1809 ne
1689 1755 1875 1808 audiat
1923 1753 2185 1823 judicium
2221 1736 2262 1795 Β

620 1851 920 1920 sanguinis,
974 1859 1028 1904 et
1089 1860 1346 1919 tanquam
1403 1849 1602 1904 surdus
1656 1863 1761 1901 non
1805 1848 1956 1901 audit
2005 1846 2186 1914 mala;

621 1949 871 2009 peccator
908 1952 1089 1997 autem
1130 1954 1236 1994 non
1289 1940 1439 1995 audit
1495 1940 1632 1992 bona
1660 1977 1675 2002 ,
1734 1937 2188 2007 quemadmodum

619 2035 767 2105 aspis
804 2035 967 2090 surda
998 2049 1118 2104 qua:
1157 2035 1558 2088 obturataures
1595 2044 1746 2095 suas,
1789 2044 1856 2083 ne
1885 2029 2068 2082 audiat
2097 2043 2191 2081 vo-

617 2141 737 2184 cem
791 2127 1208 2183 incantantium.
1268 2125 1539 2182 Obturant
1578 2133 1758 2177 autem
1798 2131 1852 2177 et
1891 2122 1946 2176 hi
1987 2135 2187 2189 aures,

617 2221 684 2276 de
722 2221 919 2289 quibus
979 2235 1158 2276 sermo
1213 2228 1318 2283 est,
1361 2231 1464 2271 non
1524 2215 1751 2271 sensiles
1790 2254 1806 2281 ,
1844 2214 1941 2270 sed
1983 2213 2192 2268 intelle-

617 2315 842 2378 ctuales,
887 2331 952 2369 ue
990 2315 1210 2370 audiant
1249 2327 1344 2368 eos
1379 2313 1468 2383 qui
1498 2311 1766 2382 sapientes
1806 2308 2188 2378 prophetarum

615 2416 672 2461 et
729 2407 1096 2476 apostolorum
1163 2407 1568 2461 incantationes
1638 2403 1918 2458 adhibent.
1979 2399 2183 2454 Horum

617 2497 760 2551 enim
793 2497 1163 2566 unusquisque
1216 2499 1432 2566 Sapiens
1461 2505 1543 2550 est
1585 2493 1947 2548 remediorum
2012 2489 2192 2545 confe-

620 2601 765 2653 ctor,
799 2590 898 2643 hoc
931 2599 1035 2652 est,
1064 2599 1330 2658 praaparat
1366 2588 1662 2643 remedium
1683 2583 2019 2649 rationabile,
2051 2583 2192 2652 quod

620 2681 824 2749 aspidis
856 2680 1121 2750 impetum
1156 2691 1394 2736 coercet.

697 2771 856 2826 Vens.
894 2773 945 2826 7.
985 2772 1122 2826 Dem
1158 2784 1384 2827 conteret
1409 2773 1606 2840 dentes,
1643 2780 1750 2826 etc.
1800 2789 1819 2822 ι
1851 2767 2128 2839 Confregit
2165 2786 2186 2822 ι

627 2879 726 2930 pro
765 2883 783 2917 t
827 2865 1136 2935 confringet
1170 2885 1189 2918 ι
1232 2867 1409 2936 posuit
1435 2881 1529 2936 per
1571 2865 1830 2934 temporis
1862 2864 2193 2917 immutatio-

619 2973 764 3013 nem.
808 2959 920 3014 Hoc
945 2970 1123 3014 autem
1175 2959 1314 3014 Deus
1354 2958 1488 3013 facit
1535 2961 1670 3013 bene
1703 2960 1768 3012 de
1799 2958 1929 3028 ipsis
1979 2973 2191 3012 mercu-

618 3052 708 3116 do,
765 3069 832 3107 ne
877 3052 1126 3107 homines
1161 3067 1189 3105 a
1220 3067 1277 3107 se
1315 3053 1569 3121 deceptos
1616 3051 1942 3104 devorantes
1993 3049 2188 3120 majori

619 3143 783 3216 736
834 3143 1104 3213 supplicio
1155 3143 1499 3198 addicantur.
1561 3142 1730 3198 Porro
1780 3142 1952 3196 molas
1999 3157 2186 3196 eorum

617 3251 833 3305 quoque
883 3235 1172 3306 confregit,
1209 3251 1278 3290 ne
1308 3236 1638 3300 morderent,
1666 3249 1799 3289 neve
1837 3234 2186 3289 devorarent.

618 3325 922 3380 Notandum
977 3336 1179 3393 autem,
1207 3326 1370 3396 juxta
1401 3326 1762 3394 Scripturam,
1797 3326 1967 3380 molas
1993 3342 2021 3378 a
2059 3326 2192 3380 den-

620 3418 762 3471 tibus
794 3416 1014 3472 diﬂerre
1049 3436 1063 3471 :
1108 3419 1372 3488 siquidem
1415 3419 1602 3473 dentes
1642 3419 1820 3473 cibum
1851 3419 2097 3474 dividunt
2124 3434 2190 3474 ac

618 3508 898 3574 scindunt,
953 3509 1109 3564 molae
1162 3524 1289 3564 vero
1328 3511 1606 3565 masticant
1658 3526 1722 3566 ac
1780 3520 2074 3566 macerant.
2116 3511 2191 3566 Ut

616 3613 745 3652 vero
777 3614 915 3669 aqua
943 3614 1040 3669 per
1068 3611 1305 3655 meatum
1334 3603 1622 3670 quemdam
1667 3603 1938 3656 transiens
1961 3602 2188 3656 minime

618 3702 937 3760 permanet,
987 3694 1080 3748 sed
1136 3695 1397 3764 dissipata
1438 3695 1754 3760 evanescit,
1813 3696 1891 3749 sic
1929 3694 2092 3749 etiam
2133 3692 2186 3748 hi

615 3787 1043 3841 attenuabuntur
1083 3804 1206 3843 cum
1252 3789 1388 3844 nihil
1419 3789 1616 3843 stabile
1647 3804 1709 3842 ac
1739 3804 2065 3859 permanens
2095 3788 2189 3842 ha-

616 3878 799 3934 beant.
843 3879 998 3936 Unde
1026 3883 1308 3954 subiungit
1340 3901 1353 3937 :
1392 3901 1410 3934 t
1450 3881 1697 3938 Intendet
1726 3898 1912 3936 arcum
1945 3898 2124 3937 suum.
2163 3901 2182 3934 ι

615 3969 874 4040 Figurate
913 3974 1204 4045 descripsit
1252 3977 1460 4032 illatum
1498 3993 1527 4032 a
1578 3979 1685 4032 Deo
1725 3976 2188 4047 supplicium'qui

615 4065 769 4132 quasi
820 4066 885 4121 de
927 4083 1057 4121 arcu
1097 4069 1439 4124 incessanter
1474 4071 1700 4141 sagittas
1743 4071 1948 4124 emittit
1998 4078 2052 4124 ct
2081 4086 2190 4124 om-

616 4170 714 4212 nes
752 4159 976 4214 occidit.
1013 4160 1223 4214 Tandiu
1250 4163 1416 4228 enim,
1454 4164 1649 4232 inquit,
1690 4164 2190 4234 sagittarumjacti—

614 4249 715 4306 bus
776 4254 983 4317 utitur,
1041 4253 1216 4308 donec
1277 4267 1466 4309 omnes
1522 4256 1885 4324 transﬁgendo
1943 4257 2190 4311 infirmos

617 4345 932 4400 reddiderit.

2219 3110 2260 3168 C

689 4438 853 4493 Vsus.
897 4439 952 4493 9.
992 4438 1142 4494 Sient
1175 4457 1294 4494 cera
1331 4456 1447 4510 qua:
1467 4441 1606 4510 fluit,
1636 4439 1980 4509 auferantur;
2008 4457 2186 4509 strper-

2001 247 2088 306 EX
2123 245 2425 307 ORIGENE

3651 265 3737 320 N16

2375 366 2432 419 Ἀ
2442 365 2980 435 πηλλοτριώθησαν
3006 365 3060 419 οἱ
3097 363 3414 433 ἁμαρτωλοί
3449 367 3549 422 ἀπὸ
3575 373 3739 444 μήτρας,

2291 457 2727 525 ἐπλανήθησαν
2785 457 2904 512 ἀπὸ
2954 457 3234 527 γαστρός,
3298 458 3570 527 ἐλάλησαν
3598 469 3740 538 ψευδῆ,

2292 569 2346 605 κ.
2379 568 2430 604 τ.
2456 553 2500 604 ἐ.
2557 550 2980 618 Ἀλλοτριοῦνται
3029 551 3142 621 (71)
3177 551 3285 604 ἀπὺ
3335 553 3535 625 μήτρας,
3565 560 3636 610 καὶ
3663 565 3741 617 πὶα.

2293 643 2487 697 νῶνται
2520 643 2626 696 ἀπὸ
2672 641 2904 713 γαστρὸς
2935 644 2985 694 οἱ
3031 644 3096 695 ὲκ
3140 643 3324 706 παιδὸς
3354 643 3444 696 οὐκ
3469 647 3546 699 ἐπὶ
3575 649 3647 720 τὴν
3669 654 3742 722 ἀρε.

2296 737 2415 809 τὴν,
2444 736 2557 790 ἀλλ’
2593 737 2687 789 ἐπὶ
2714 736 2812 806 τὴν
2843 735 3042 789 κακίαν
3071 735 3360 798 ὁδεύοντες.

2366 830 2561 899 Θυμύς
2588 829 2791 896 αὐτοῖς
2839 828 2990 882 κατὰ
3039 829 3154 895 τὴν
3190 831 3458 896 ὁμοίωσιν
3493 830 3579 884 τοῦ
3612 834 3742 901 ὄφεως,

2293 923 2436 976 ὡσεὶ
2471 921 2730 988 ἀσπίδος
2775 919 3002 990 κωρῆς,
3050 919 3147 972 καὶ
3186 920 3454 986 ,θυούσης
3487 923 3548 976 τὰ
3577 918 3663 978 ὦτα
3681 932 3744 983 at.

2298 1016 2427 1086 τῆς,
2457 1035 2509 1069 κ.
2535 1034 2584 1069 τ.
2611 1016 2656 1067 ὲ.
2715 1015 2870 1067 Πᾶσα
2915 1012 3060 1083 ψυχὴ
3095 1011 3204 1082 (72)
3252 1011 3324 1082 μὴ
3370 1013 3606 1067 ἀκούσασα
3641 1018 3743 1086 λόγων

2303 1110 2580 1174 σωζόντων
2616 1106 2806 1177 αὐτὴν,
2855 1105 3021 1168 ἀσπίς
3067 1106 3187 1157 ἐστι
3253 1103 3444 1174 βύουσα
3485 1105 3543 1159 τὰ
3577 1101 3664 1162 ὦτα
3694 1112 3746 1164 ain

2292 1205 2412 1274 τῆς·

2368 1294 2478 1349 Τοῦ
2506 1292 2711 1350 αὐτοῦ.
2770 1291 2870 1344 Διὰ.
2897 1289 2988 1343 τὸν
3021 1289 3133 1360 (75)
3162 1289 3238 1354 ὡς
3266 1289 3434 1360 ὕφεως
3471 1289 3559 1345 τῶν
3586 1291 3749 1362 ἁμαρτι-

2292 1390 2488 1444 νόντων
2514 1388 2683 1459 θυμὸν
2729 1386 2948 1455 λέγεται
2976 1387 3158 1450 αὐτοῖς
3177 1402 3188 1414 ·
3250 1403 3268 1436 t
3296 1387 3492 1450 Ὅσας.
3534 1391 3748 1459 γεννήματα

2292 1481 2512 1554 ἐχιδνῶν
2537 1497 2551 1512 ο
2615 1500 2636 1533 ι
2691 1480 2763 1551 μὴ
2816 1480 3129 1550 ἀνειληφόσι
3171 1481 3234 1534 τὺ
3275 1483 3392 1536 καθ’
3436 1479 3667 1550 ὁμοιότητα
3698 1481 3751 1532 τοῦ

2291 1575 2448 1638 Θεοῦ,
2483 1573 2619 1628 ἀλλὰ
2650 1573 2741 1626 τοῦ
2768 1573 2963 1640 ὄφεως.
3003 1573 3112 1625 Καὶ
3133 1574 3160 1626 ὁ
3189 1572 3288 1643 μὲν
3323 1571 3466 1639 ἅγιος
3492 1570 3587 1641 βύει
3609 1571 3657 1624 τὰ
3671 1566 3749 1634 ὄπι.

2295 1669 2383 1722 ἵνα
2412 1669 2485 1740 μὴ
2519 1666 2728 1738 ἀκούσῃ
2773 1666 2952 1736 κρίσιν
3000 1665 3246 1734 αἵματος,
3289 1664 3382 1717 καὶ⁸
3413 1663 3528 1716 ὡσεὶ
3550 1664 3754 1731 tmen-3x

2295 1760 2483 1814 ἀκούει
2526 1760 2634 1812 τῶν
2679 1758 2965 1830 χειρόνων·
3013 1758 3042 1809 ὁ
3085 1756 3142 1809 δὲ
3193 1755 3500 1826 ἁμαρτωλὸς
3536 1757 3615 1808 οὐκ
3639 1756 3753 1808 ἀκούει

2294 1852 2404 1906 τῶν
2437 1849 2639 1912 καλῶν,
2668 1847 2866 1919 ὁμοίως
2894 1845 3078 1900 ἀσπίδι
3111 1848 3268 1915 κωφῇ
3315 1844 3498 1915 βυούσῃ
3527 1844 3582 1897 τὰ
3606 1839 3686 1898 ὦτα
3702 1845 3753 1897 ai-

2295 1944 2413 2015 τῆς,
2439 1943 2526 1996 ἵνα
2564 1941 2636 2012 μὴ
2665 1940 2871 2012 ἀκούσῃ
2896 1937 3078 2008 φωνὴν
3105 1936 3426 2009 ἐπᾳδόντων.
3465 1935 3624 1988 Βύουσι
3645 1936 3684 1988 δὲ
3703 1937 3753 1987 ui

2297 2049 2441 2086 ουτοι
2465 2032 2532 2084 τὰ
2563 2025 2697 2096 ὦτα,
2727 2031 2854 2101 περί
2875 2023 2949 2081 ὧν
2975 2030 3004 2081 ό
3029 2027 3208 2097 λόγος,
3238 2027 3300 2080 οὐ
3329 2026 3396 2080 τὰ
3419 2026 3510 2097 τῆς
3535 2025 3756 2096 αἰσθήσεως,

2298 2126 2434 2180 ἀλλὰ
2465 2126 2564 2198 τῆς
2619 2126 2874 2195 νοήσεως,
2904 2124 3052 2186 ὅπως
3099 2123 3172 2193 μὴ
3203 2121 3472 2175 ἀκούσωσι
3512 2120 3601 2173 τῶν
3622 2120 3690 2182 τὰς
3711 2136 3755 2171 στι-

2299 2220 2404 2290 φὰς
2451 2218 2663 2290 imiimi;
2712 2216 3056 2289 προφητικὰς
3105 2215 3198 2270 καὶ
3243 2213 3581 2278 ἀποστολικὰς
3611 2229 3757 2286 προπε-

2302 2312 2520 2383 ρόντων.
2581 2310 2798 2365 Τούτων
2841 2309 2950 2381 γὰρ
3000 2308 3228 2372 ἕκαστος
3284 2308 3443 2378 σοφός
3487 2309 3585 2361 ἐστι
3622 2323 3757 2376 (ξαρρι-

2299 2406 2495 2469 κεύων,
2545 2407 2788 2460 τουτέστι
2841 2402 3120 2468 σκευάζων
3150 2402 3437 2474 φάρμακον
3470 2398 3660 2470 λογικὸν,

2299 2501 2424 2570 ξοῦν
2452 2501 2548 2573 τῆν
2573 2501 2672 2573 τῆς
2700 2499 2922 2563 ἀσπίδος
2949 2499 3144 2571 ὁρμήν.

2377 2772 2443 2828 Ὅ
2463 2772 2608 2838 Θεὸς
2657 2770 2976 2839 συντρίψει
3025 2769 3167 2838 τοὺς
3215 2769 3485 2835 ὀδόντας,
3536 2786 3580 2823 κ.
3599 2785 3638 2821 τ.
3660 2768 3690 2819 ὲ.
3724 2763 3762 2816 Tt

2303 2885 2325 2919 ι
2349 2865 2672 2921 συνέθλασεν
2701 2884 2718 2916 ι
2754 2863 2863 2934 (74)
2895 2863 3013 2916 ἀντὶ¹
3043 2861 3136 2915 τοῦ
3170 2882 3186 2914 ι
3217 2862 3501 2916 συνθλάσει
3523 2879 3540 2912 ι
3568 2859 3658 2916 κατ’
3677 2857 3764 2910 aiis

2298 2962 2400 3035 γὴν
2430 2961 2643 3033 χρόνον.
2686 2958 2857 3012 Τοῦτο
2880 2957 2934 3011 δὲ
2963 2956 3144 3018 αὐτοῖς
3174 2956 3201 3007 ὁ
3230 2955 3366 3018 Θεὸς
3391 2955 3525 3007 ποιεῖ
3549 2949 3765 3021 εὖεργετέν.

2299 3055 2384 3108 ἵνα
2420 3054 2492 3126 μὴ
2516 3052 2885 3115 κατεσθίοντες
2915 3050 3039 3113 τοὺς
3068 3048 3170 3102 ὑπὸ
3191 3047 3348 3117 σφῶν
3379 3045 3704 3115 ἀπατωμένους
3719 3042 3764 3092 ἀν

2295 3146 2544 3220 Θρώπους
2571 3146 2672 3198 ύπε
2683 3141 2980 3216 ρ6α).λούσῃ
3012 3140 3249 3212 τιμωρίᾳ
3273 3139 3555 3193 ὑπεύθυνοι
3581 3136 3765 3205 γένωνται.

2295 3242 2404 3294 Καὶ
2448 3239 2546 3304 τὰς
2579 3237 2751 3309 μύλας
2798 3237 2854 3290 δὲ
2901 3235 3077 3288 αὐτῶν
3109 3233 3457 3299 συνέθλασεν,
3501 3233 3625 3294 ὅπως
3650 3226 3768 3299 μ.ὴῶ-

2295 3351 2483 3396 κνωσι,
2519 3331 2652 3404 μηδὲ
2702 3329 3048 3383 κατεσθίωσι.
3107 3328 3455 3398 Σημειωτὲον
3498 3325 3566 3388 δὲ,
3606 3317 3767 3376 artati

2293 3428 2392 3498 τὴν
2440 3424 2659 3498 Γραφὴν
2708 3423 3021 3494 διαφέρουσι
3077 3418 3238 3492 μύλαι
3268 3420 3522 3473 ὀδόντων·
3557 3419 3597 3470 oi
3625 3416 3703 3484 γὰρ
3722 3429 3768 3463 to-

2298 3517 2515 3590 μεύουσι
2549 3517 2640 3569 καὶ
2669 3512 2930 3586 διαιροῦσι
2951 3511 3048 3582 τὴν
3076 3510 3276 3582 τροφὴν
3313 3511 3538 3572 ὀδόντες,
3563 3507 3610 3560 αἱ
3631 3506 3671 3557 δὲ
3694 3517 3768 3573 μεε-

2296 3605 2534 3676 σώμεναι
2587 3604 2678 3658 καὶ
2727 3603 3033 3656 λεαίνουσαι
3068 3601 3249 3672 μύλαι.
3289 3602 3499 3671 Ὥσπερ
3523 3599 3574 3652 δὲ
3599 3596 3769 3650 τὸὸιπιν

2294 3699 2582 3771 ρευόμενον
2610 3697 2698 3750 διά
2722 3713 2865 3758 τινος
2896 3694 3064 3766 πόρου
3100 3693 3243 3765 ὕδωρ
3281 3693 3347 3747 ού
3382 3690 3674 3764 παραμένον,
3695 3683 3770 3738 illi

2295 3791 2551 3846 σκεδαννύ
2561 3807 2718 3862 μενον
2751 3788 3135 3853 ὲξουδενεῖταιο
3164 3785 3306 3840 οὕτω
3337 3788 3435 3840 καὶ
3456 3780 3587 3840 οὗτοι
3610 3776 3770 3847 ἐξευτελί-

2294 3887 2600 3958 συὴσονται,
2656 3883 2807 3938 οὐδὲν
2859 3882 3074 3952 βέϐαιον
3129 3881 3222 3935 καὶ
3276 3883 3589 3953 παράμονον
3624 3875 3768 3943 ἔχοντεὲ

2295 3979 2456 4031 Ὅθεν
2484 3977 2729 4048 ἐπιφέρει
2753 3992 2766 4006 ·
2807 3994 2826 4026 ι
2851 3976 3081 4028 Ἑντενεῑ
3107 3975 3167 4027 τὸ
3215 3973 3372 4038 τόξον
3404 3970 3578 4026 αὑτοῦ.
3601 3989 3616 4019 ι
3657 3965 3773 4031 Ἕτε-

2295 4073 2485 4143 μάτισε
2535 4071 2631 4142 τὴν
2658 4068 2752 4123 τοῦ
2796 4068 2928 4122 Θεοῦ
2977 4069 3262 4140 τιμωρίαν,
3312 4066 3390 4130 ὡς
3416 4065 3504 4120 ἐπὶ
3525 4063 3666 4127 τόξου,
3687 4071 3770 4107 τετε·

2291 4165 2400 4235 χῶς
2425 4165 2731 4235 πέμποντος
2756 4163 2823 4217 τὰ
2850 4161 2996 4231 βέλη,
3017 4162 3110 4216 καὶ
3135 4162 3345 4222 πάντας
3375 4158 3696 4231 ἀναιροῦντος.
3717 4147 3774 4202 Μέη

2289 4274 2377 4328 χρι
2395 4256 2500 4328 γὰρ
2521 4255 2794 4316 τοσούτους
2810 4255 2960 4326 φησὶ,
2978 4257 3096 4316 ταῖς
3115 4254 3341 4322 ἀφέσεσι
3357 4254 3547 4324 χρῆται
3560 4248 3646 4301 τῶν
3660 4240 3772 4312 βεὶιέῖρ

2295 4347 2485 4418 μέχρις
2533 4347 2598 4399 ἂν
2646 4346 2852 4408 πάντας
2880 4343 3253 4408 κατατοξεύων
3284 4343 3533 4407 ἀσθενεῖς
3555 4337 3772 4412 minus

2377 4439 2534 4492 ὨΟ-εὶ
2581 4438 2761 4506 κηρὸς
2790 4436 2988 4502 τηκεὶς
3016 4435 3641 4502 ίὶενταναιρεθἧσεν-ται’
3663 4427 3774 4477 ἕπε’ςέ

623 4532 810 4584 cecidit
863 4533 1001 4600 ignis
1055 4544 1101 4586 et
1153 4549 1254 4587 non
1305 4533 1542 4588 viderunt
1575 4531 1757 4598 solem,
1787 4543 1893 4585 etc.
1923 4535 2189 4600 Quemad-

2293 4533 2411 4599 πῦρ
2435 4533 2527 4585 ἐπ’
2559 4531 2797 4596 αὐτοὺς,
2840 4531 2934 4583 καὶ
2964 4532 3072 4582 οὐκ
3109 4523 3273 4581 εἶδον
3302 4529 3414 4582 τὸν
3447 4527 3622 4594 ἣλιον,
3648 4513 3772 4572 1.1-i-

619 4617 837 4674 ιιιὺιιιιιιι
878 4624 1024 4677 melli
1053 4626 1369 4692 supervenit
1394 4641 1542 4691 cera,
1581 4625 1652 4678 ita
1676 4634 1731 4678 et
1766 4625 1968 4677 malitia
1993 4624 2188 4679 anima:

623 4711 960 4768 rationabili.

689 4798 962 4868 Ejusdem.
1005 4803 1175 4869 Quem
1217 4815 1275 4860 ttt
1313 4807 1480 4862 solem
1523 4823 1626 4863 non
1663 4809 1915 4862 viderunt
1949 4849 1964 4875 ,
2023 4824 2189 4880 expe-

619 4891 828 4947 rientur
851 4903 908 4946 ttt
950 4895 1153 4964 ignem.

689 4980 848 5036 Vsus.
877 4985 963 5037 Η.
994 4983 1286 5040 Lwtabitur
1306 4988 1486 5057 justus
1519 5005 1634 5043 cum
1661 4990 1842 5044 viderit
1880 4992 2184 5058 vindictam,

613 5084 717 5127 etc.
749 5072 1060 5133 Peccatoris
1100 5081 1416 5150 supplicium
1448 5083 1776 5137 securiorem
1808 5092 1862 5138 et
1911 5086 2187 5152 puriorem

609 5161 809 5231 justum
834 5169 1016 5224 cﬂicit.

683 5306 729 5336 ⁵⁸
755 5306 949 5363 Matth.
975 5325 1108 5365 xxm
1136 5352 1150 5376 ,
1179 5311 1268 5366 55.

683 5418 795 5499 (_7_t_)
824 5421 1318 5499 ᾋλλοτριοῦνται,
1337 5434 1443 5481 etc.
1473 5427 1698 5484 Schedze
1719 5427 1904 5484 Grabii
1931 5437 1984 5486 et
2016 5431 2186 5484 codex

612 5489 979 5547 Coisliuiauus
1010 5489 1234 5561 primus.

685 5561 794 5632 (7'2)
820 5561 993 5616 Πᾶσα
1027 5565 1220 5632 ψυχή,
1251 5577 1354 5621 etc.
1399 5565 1558 5622 Iidem
1593 5584 1725 5622 mss.

827 5633 930 5714 ἒιὰ
959 5636 1113 5714 τόν,⁸
1134 5631 1239 5714 etc.
1273 5637 1452 5692 Codex
1495 5639 1858 5714 tioisliuiauus
1889 5643 2177 5700 secundus.

683 5700 738 5774 (7
753 5702 797 5772 ί)
829 5703 1329 5774 Τό,συνέολασεν,
1362 5720 1463 5764 etc.
1504 5710 1644 5764 idem
1693 5713 1858 5768 codex
1889 5725 1944 5769 et
1979 5715 2184 5770 Catena

2293 4626 2504 4695 Ὥσπερ
2547 4624 2622 4695 τῷ
2656 4623 2764 4693 (75)
2807 4622 2979 4694 μέλιτι
3028 4621 3415 4691 ὲπισυμϐαίνει
3471 4616 3637 4688 κηρὸς,
3673 4609 3774 4662 οὗτεὲ

2292 4715 2460 4769 κακία
2491 4713 2634 4785 ψυχῇ
2669 4713 2858 4784 λογικῇ

2369 4807 2479 4861 Τοῦ
2508 4805 2711 4859 αὐτοῦ.
2755 4808 2851 4858 Ὃν
2894 4805 2968 4868 ὡς
3012 4803 3160 4874 ἥλιον
3196 4802 3304 4874 (76)
3344 4801 3450 4856 οὐκ
3491 4794 3775 4859 εἴδοι,ιῖι;πθ·

2294 4898 2386 4970 ρος
2415 4897 2857 4968 πειραθήσονται.

2358 4989 2851 5060 Εὐφρανθήσεται
2907 4985 3133 5051 δίκαιος
3187 4983 3336 5038 ὅταν
3395 4983 3494 5052 ἴδῃ
3538 4978 3776 5040 ἔφητίκησίνρ

2293 5103 2347 5142 κ.
2372 5102 2421 5136 τ.
2447 5081 2494 5136 ἑ.
2541 5084 2602 5135 Ἦ
2636 5082 2854 5144 κόλασις
2885 5079 2994 5152 (77)
3037 5076 3128 5131 τοῦ
3167 5075 3500 5149 ἁμαρτωλοῦ
3543 5067 3777 5142 ἀσεαὶέςτι·

2297 5192 2386 5250 ρον
2419 5175 2513 5229 καὶ
2540 5159 3040 5244 καθαρώτερον’τὺν
3068 5169 3272 5224 δίκαιον
3304 5169 3674 5242 ἀπεργάζεται.

2295 5431 2561 5488 Corderii.

2359 5505 2470 5574 (75)
2503 5506 2724 5572 Ὥσπερ
2763 5497 2862 5568 τῷ,
2905 5511 3010 5559 etc.
3066 5502 3289 5559 Scheda:
3347 5501 3539 5559 Grabii
3585 5509 3630 5554 et
3671 5490 3779 5549 αιάϋ

2293 5573 2654 5629 Coisliuiauus
2683 5576 2909 5644 primus.

2361 5647 2472 5715 (76)
2505 5648 2603 5697 Ὃν
2631 5647 2710 5712 ὡς
2740 5645 2938 5714 ἥλιον,
2973 5655 3077 5700 etc.
3108 5644 3266 5700 Iidem
3303 5659 3425 5700 mss

2366 5717 2476 5787 (77)
2515 5716 2574 5772 Ἠ
2609 5717 2881 5784 κόλασις,
2911 5727 3016 5774 etc.
3047 5715 3210 5773 Iidem
3237 5729 3371 5770 mss.

3245 6005 3272 6014 ρ
