3808 6552
111 361 212 414 ΜΠ
979 347 1288 407 SELEC'I‘A
1319 345 1386 401 IN
1419 341 1758 400 PSALMOS.
1797 369 1868 383 —-
1903 341 2099 398 PSAL.
2137 339 2270 396 LIX.
3141 337 3276 394 14⁸18

164 475 251 530 Τοῦ
273 473 445 530 αὐτοῦ.
493 471 554 524 Ὁ
606 469 812 533 δίκαιος
859 465 994 538 (78),
1029 465 1172 539 ὁρῶν
1201 464 1263 518 τὸ
1309 462 1470 533 σοφὸν
1501 460 1599 532 τῆς
1629 467 1668 522 Α

1775 456 2051 525 Ejusdem.
2108 457 2294 514 Justus
2340 454 2530 510 videns
2581 453 2899 524 sapientiam
2964 451 3133 510 divini
3195 457 3275 527 iu-

105 572 171 634 είς
186 571 234 623 τὸ
252 565 530 630 κολάζεσθαι
551 564 676 627 τοὺς
697 561 914 624 ἀδίκους
936 558 1085 622 θείας
1105 557 1358 629 κρίσεως,
1380 553 1606 622 εὐφραν-

1773 551 1842 604 cii
1895 563 2002 618 quo
2055 549 2224 619 iniqui
2294 547 2560 618 supplicio
2623 547 2963 602 destinantur
2995 587 3011 614 ,
3069 545 3277 605 laetabi-

101 664 296 736 θήσεται.

1715 647 1824 694 tur.

1619 761 1690 775 —

577 832 870 888 ΨΑΛΜΟΣ
909 831 1046 884 NH’.

2229 821 2454 876 PSALM
2465 822 2550 878 US
2585 821 2763 878 LVIII.

165 931 358 998 Ἑξενίοῦ
399 945 474 1000 με
512 929 581 980 ἐκ
629 926 746 978 τῶν
787 922 1014 994 ἐχθρῶν
1044 940 1188 992 μου,
1223 924 1255 974 ὁ
1282 921 1423 987 Θεός
1472 935 1614 988 μου,

1783 915 1946 970 Vens.
1987 917 2036 970 I.
2082 915 2240 984 Eripe
2287 933 2366 970 me
2391 917 2455 970 de
2490 917 2716 972 inimicis
2750 919 2900 984 meis,
2929 917 3062 972 Deus
3094 933 3237 973 meus
3259 957 3277 983 ,

89 1043 136 1079 κ.
157 1045 197 1081 τ.
218 1027 256 1079 ὲ.
273 1024 352 1076 Διὰ
373 1023 426 1075 τὸ
457 1019 588 1092 (79),
613 1039 631 1070 ι
661 1019 822 1070 Ἄνευ
841 1016 1070 1086 ἀνομίας
1095 1015 1328 1088 ἔδραμον
1362 1013 1456 1066 καὶ
1485 1029 1593 1066 κατ·

1777 1027 1824 1065 c.
1859 1011 2088 1079 Propter
2118 1009 2270 1076 illud,
2309 1026 2328 1060 σ
2369 1007 2498 1063 Sine
2543 1011 2830 1081 iniquitate
2861 1010 3079 1066 cucurri
3115 1019 3170 1065 et
3197 1010 3281 1066 di-

89 1116 277 1169 εύθυναο
301 1133 316 1166 ι
347 1114 428 1168 καὶ
468 1109 554 1164 διὰ
575 1109 654 1172 τὸ,
696 1127 714 1158 ι
737 1109 810 1160 Τὸ
839 1107 1036 1178 κράτος
1067 1123 1166 1176 μου
1193 1105 1327 1174 πρὸς
1361 1103 1418 1156 σὲ
1447 1103 1593 1172 φυλά·

1779 1102 1830 1156 xi
1861 1143 1874 1168 ,
1934 1120 1953 1152 ι
2005 1109 2060 1155 et
2112 1109 2334 1168 propter
2389 1100 2563 1154 illud:
2601 1121 2618 1152 ι
2665 1102 3060 1157 Fortitudinem
3103 1117 3279 1156 meam

86 1206 201 1270 ξω,ι
227 1207 251 1258 ό
283 1203 448 1274 Σωτὴρ
481 1199 626 1268 λέγει
662 1199 752 1251 τὸν
781 1195 994 1267 ψαλμόν
1015 1213 1027 1224 ·
1073 1195 1168 1248 καὶ
1198 1193 1285 1247 διὰ
1311 1193 1392 1259 τὸ,
1425 1211 1442 1242 ι
1467 1193 1590 1264 Πρό-

1774 1194 1782 1246 l
1826 1201 1880 1248 te
1918 1192 2245 1255 custodiam,
2298 1209 2317 1243 ι
2358 1191 2610 1246 Salvator
2647 1194 2793 1248 hunc
2831 1194 3093 1262 psalmum
3117 1194 3278 1258 dicit;

85 1315 192 1368 σχες
209 1295 289 1350 τοῦ
316 1291 698 1364 ἐπισκέψασθαι
727 1289 901 1344 πάντα
929 1288 998 1342 τὰ
1031 1287 1179 1358 ἔθνη.
1207 1307 1226 1338 ι

1777 1300 1924 1339 :cnon
1960 1294 2180 1355 propter
2213 1285 2342 1339 illud
2377 1299 2392 1339 :
2427 1304 2445 1337 ι
2482 1283 2702 1339 Intende
2732 1285 2799 1340 ad
2821 1285 3128 1340 visitaudas
3165 1299 3281 1340 om-

289 1417 294 1422 -
1715 1391 1810 1432 nes
1849 1385 2058 1446 gentes.
2086 1395 2106 1428 ι

143 1477 250 1528 Ὀτι
293 1470 403 1526 ἰδοὺ
453 1468 793 1537 ἐθήρευσαν
837 1465 951 1536 τὴν
979 1463 1193 1536 ψυχήν
1227 1481 1378 1533 μου,
1405 1480 1460 1517 κ.
1482 1480 1533 1516 τ.
1558 1464 1603 1517 ὲ.

1785 1469 1948 1522 Vens.
1988 1469 2042 1522 4.
2088 1467 2226 1534 Quia
2260 1485 2375 1523 ecce
2421 1469 2592 1524 uenati
2637 1479 2758 1524 sunt
2803 1470 3034 1544 animum
3069 1485 3238 1524 meam
3266 1511 3280 1535 ,

84 1566 376 1638 Ἑθήρευσαν
418 1561 528 1633 (80)
578 1561 676 1630 τὴν
721 1558 899 1630 ψυχήν
951 1574 1049 1628 μου
1084 1557 1133 1609 οἱ
1187 1556 1459 1626 κραταιοὶ,
1513 1554 1588 1608 κοί

1779 1559 2027 1618 c.Venati
2053 1570 2181 1615 sunt
2219 1561 2452 1616 animam
2485 1577 2657 1616 meam
2701 1561 2884 1629 fortes,
2917 1571 2970 1616 et
3009 1562 3283 1617 iri-uerunt

70 1657 292 1714 ἐπέθεντό
322 1672 417 1726 μοι.
458 1654 571 1707 Οὐκ
597 1655 658 1704 ἐκ
698 1650 998 1721 παρέργου,
1032 1645 1188 1716 φησὶ,
1215 1646 1311 1717 τὴν
1344 1645 1480 1716 πρὸς
1509 1646 1574 1714 ἐμ

1823 1667 1895 1706 ιε.
1937 1650 2054 1705 Νοη
2082 1652 2278 1716 obiter,
2315 1651 2507 1722 inquit,
2547 1661 2736 1706 contra
2765 1666 2850 1705 me
2885 1652 3128 1721 praelium
3154 1666 3278 1706 cou-
3321 1651 3327 1656 “

69 1754 232 1824 μάχην
257 1750 564 1828 ἐνίστανται,
595 1743 707 1797 ἀλλ’
743 1741 1064 1804 ἐπίκεινται,
1099 1739 1172 1809 μὴ
1222 1737 1425 1808 βραχὺν
1471 1736 1573 1790 ὲκδι

1778 1749 1977 1806 larunt,
2019 1741 2114 1796 sed
2149 1742 2404 1806 irruunt,
2457 1757 2524 1796 ne
2574 1744 2739 1797 breve
2799 1742 3013 1810 quidem
3075 1753 3282 1811 tempus

67 1845 228 1906 δόντες
258 1840 448 1913 καιρὸν,
495 1837 659 1891 παντὶ
709 1835 770 1888 δὲ
815 1834 1002 1904 τρόπῳ
1046 1829 1407 1901 πολεμοῦντες
1440 1830 1571 1898 ἡμᾶς

1775 1834 2102 1904 dulgentes,
2161 1834 2254 1888 sed
2324 1833 2470 1888 omni
2531 1833 2691 1888 modo
2751 1848 2852 1888 nos
2892 1843 3279 1904 oppugnantes.

61 1934 340 2007 Κραταιοὺς
366 1931 416 1984 δὲ
463 1925 634 1991 εἶπεν,
668 1926 808 1980 ὥστε
850 1925 944 1978 καὶ
1003 1923 1111 1977 ἀπὸ
1158 1921 1256 1992 τῆς
1302 1917 1565 1991 προσούστ

1781 1937 1907 1980 irtes
1958 1934 2138 1980 autem
2200 1926 2378 1990 dixit,
2435 1934 2495 1980 ut
2551 1927 2712 1980 etiam
2775 1939 2840 1980 ex
2893 1927 3110 1981 viribus
3165 1942 3285 1996 qua:

61 2031 227 2092 αὐτοῖς
267 2024 432 2097 ἰσχύος
463 2022 686 2095 μείζονα
713 2018 880 2086 δεῖξαι
909 2019 1008 2089 τὴν
1049 2015 1169 2070 κατ’
1198 2011 1362 2068 αὑτοῦ
1389 2011 1565 2064 ὲπιϐοι

1778 2018 1850 2073 sis
1905 2017 2091 2072 insunt
2147 2014 2384 2084 majores
2424 2017 2688 2071 adversus
2737 2031 2795 2072 se
2829 2017 3054 2072 insidias
3099 2028 3282 2072 osten-

55 2120 171 2190 λήν.

1713 2111 1885 2166 deret.

130 2210 282 2264 Ἄνευ
315 2204 559 2274 ἀνομίας
582 2201 842 2269 ἔδραμον
879 2196 978 2252 καὶ
1019 2195 1374 2258 κατεύθυνα,
1407 2210 1460 2246 κ.
1485 2209 1535 2244 τ.
1561 2192 1607 2244 ἐ.

1786 2203 1948 2259 Vens.
2006 2206 2060 2262 5.
2103 2203 2231 2260 Sine
2279 2203 2560 2276 iniquitate
2595 2203 2806 2257 cucurri
2835 2211 2884 2256 et
2943 2203 3142 2274 direxi,
3175 2211 3283 2258 etc.

65 2303 124 2356 '0
167 2302 325 2371 λέγων
353 2299 455 2370 (8-1)
481 2315 494 2328 ·
535 2318 552 2348 σ
581 2295 684 2349 Τὸν
718 2293 903 2362 ἀγῶνα
949 2291 1040 2344 τὸν
1071 2289 1236 2343 καλὸν
1277 2285 1566 2358 ἡγώνισμα

1782 2297 1816 2350 ii
1863 2297 1999 2352 dicit
2050 2316 2114 2352 τι
2168 2297 2378 2352 Bonum
2437 2304 2712 2350 certamen
2764 2295 2970 2350 certavi
3001 2335 3016 2359 ,
3071 2309 3286 2348 cursum

51 2395 144 2448 τὸν
189 2392 370 2465 δρόμον
400 2389 677 2452 τετέλεκα,
711 2385 808 2458 τὴν
842 2384 1023 2437 πίστιν
1072 2381 1378 2453 τετήρηκεν
1403 2399 1420 2430 ι
1454 2379 1555 2450 φήο

1789 2389 2110 2456 nsummavi,
2143 2389 2302 2444 [idem
2323 2388 2532 2442 servavi
2552 2387 2618 2452 ε’,
2648 2405 2666 2438 ›
2695 2386 2857 2451 dicet,
2895 2403 2912 2436 ι
2941 2385 3070 2442 Siue
3095 2386 3289 2454 iniqui-

49 2487 129 2552 τὸ,
153 2505 170 2538 ι
196 2487 344 2539 Ἀνευ
372 2482 595 2553 ἀνομίας
630 2479 861 2552 ἔδραμον
887 2477 980 2532 κα)⁸
1002 2474 1304 2530 κατεύθυνα
1323 2489 1334 2501 ·
1360 2491 1377 2523 ι
1399 2472 1432 2542 ἦ
1459 2471 1553 2524 ὁΣι

1786 2493 1834 2536 te
1873 2483 2090 2538 cucurri
2127 2492 2184 2538 et
2221 2481 2433 2548 direxi;
2495 2501 2516 2534 ι
2560 2481 2644 2536 vel
2671 2479 2849 2550 potius
2879 2477 3128 2533 Salvator
3175 2479 3290 2534 haec

49 2578 152 2650 τὴρ
184 2576 368 2648 μᾶλλον
393 2573 564 2628 ταῦτα
597 2574 778 2644 φήσει.

393 2573 564 2628 ταῦτα
597 2574 778 2644 φήσει.
1723 2575 1888 2629 dicet,

124 2668 228 2722 Τοῦ
257 2667 454 2722 αὐτοῦ.
508 2666 622 2719 Οὐκ
679 2653 796 2716 ἔστι
831 2661 939 2733 (82)
985 2657 1312 2714 κατευθῦναι
1362 2657 1462 2729 τὴν
1503 2656 1618 2710 ὁδὸν

1796 2666 1957 2736 737
2009 2665 2280 2735 Ejusdem.
2319 2664 2420 2732 Qui
2468 2665 2588 2720 sine
2620 2663 2910 2734 iniquitate
2949 2679 3055 2718 non
3097 2679 3292 2720 cucur-

45 2760 142 2830 τὴν
176 2759 457 2811 εἰποῦσαν·
513 2775 531 2807 ι
555 2751 694 2825 Ἐγὼ
739 2755 852 2823 εἰμι
902 2754 934 2823 ἡ
967 2751 1119 2814 ὁδός·
1147 2769 1166 2802 ι
1206 2749 1280 2820 μὴ
1331 2748 1458 2802 ἄνευ
1496 2749 1549 2800 ἀι

1783 2768 1814 2820 ι,
1849 2772 1954 2809 non
1982 2764 2159 2824 potest
2181 2756 2417 2828 dirigere
2448 2757 2585 2810 viam
2615 2771 2736 2826 quae
2761 2753 2895 2809 dixit
2933 2771 2946 2806 :
2980 2773 2998 2806 ι
3039 2755 3147 2826 Ego
3169 2769 3287 2810 sum

43 2853 173 2923 μίας
209 2852 497 2923 δραμόντα.
1719 2849 1803 2902 via
1845 2849 1912 2902 ⁶⁰.
1961 2867 1980 2900 ι

124 2945 486 3014 Ἔξεγοέρθητι
550 2944 636 3006 είς
699 2935 1083 3004 συνάντησιν
1139 2953 1279 3006 μου,
1347 2935 1445 2988 καί
1505 2934 1617 2999 ἴδε,

1793 2940 1956 2996 Vens.
1993 2941 2052 2996 6.
2099 2941 2336 3010 Exsurge
2373 2943 2426 2996 in
2449 2957 2724 2994 occursum
2753 2957 2920 2994 meum
2945 2951 2990 2996 et
3017 2942 3155 3009 ride,
3183 2953 3287 3001 etc.

41 3053 96 3088 κ.
123 3053 174 3088 τ.
199 3036 245 3089 ἐ.
285 3033 378 3096 Τίς
405 3033 511 3103 ἄρα
546 3030 656 3101 (83)
703 3027 884 3091 ἱκανὸς
931 3029 1104 3080 είπεῖν
1137 3024 1214 3096 τῷ
1258 3023 1402 3095 Θεῷο
1440 3043 1462 3079 ι
1502 3025 1545 3077 Ἐ

1789 3035 1855 3088 lis
1885 3035 2110 3088 idoneus
2139 3043 2222 3088 est
2247 3035 2428 3088 dicere
2461 3035 2590 3100 Deo,
2613 3053 2632 3085 ι
2655 3033 2898 3104 Exsurge
2928 3036 2980 3089 in
3005 3051 3290 3092 occursum

29 3127 289 3198 εγέρθητι
319 3128 398 3189 εἰς
427 3122 750 3194 συνάντησίν
783 3139 906 3192 μου,
937 3120 1030 3172 καὶ
1057 3119 1166 3184 ίδε;
1195 3137 1213 3169 ι

741 3139 750 3169 ν
783 3139 906 3192 μου,
937 3120 1030 3172 καὶ
1057 3119 1166 3184 ίδε;
1195 3137 1213 3169 ι
1647 3122 1689 3179 C
1725 3141 1900 3180 meum
1941 3133 1996 3178 et
2023 3124 2190 3178 vide?
2227 3143 2245 3176 ι

107 3217 217 3270 Τοῦ
244 3214 448 3269 αὑτοῦ.
491 3213 581 3285 Τῷ
633 3212 742 3284 γὰρ
796 3209 1139 3264 ἀναϐαίνοντι
1172 3207 1282 3280 (δτι)
1330 3208 1398 3260 δι’
1433 3205 1611 3276 ὑγιοῦς

1835 3216 2107 3286 Ejusdem.
2170 3219 2502 3272 Ascendeuti
2577 3219 2721 3274 enim
2795 3235 2893 3288 per
2960 3235 3148 3275 sanam
3213 3222 3294 3276 vi-

27 3309 150 3379 βίου
186 3309 322 3382 πρὸς
365 3307 496 3360 Θεὸν
547 3305 878 3376 ἐξεγείρεται
910 3303 989 3366 είς
1035 3301 1357 3370 συνάντησιν
1405 3301 1432 3352 ὁ
1466 3298 1531 3350 Θε

1787 3325 1835 3364 m
1903 3311 1969 3364 ad
2045 3309 2264 3376 Deum,
2337 3313 2582 3380 exsurgit
2647 3311 2700 3364 in
2769 3327 3057 3366 occursum
3127 3311 3291 3370 Deus.

27 3405 141 3456 Καὶ
169 3405 228 3456 ὲν
262 3401 338 3472 τῷ
368 3399 684 3470 Εὐαγγελίῳ
729 3399 784 3450 δὲ
818 3399 846 3449 ὁ
879 3395 1062 3468 πατὴρ
1092 3395 1310 3466 ἀπαντᾷ
1337 3393 1414 3464 τῷ
1449 3395 1531 3446 ἐπι

1837 3403 1892 3457 ἰιι
1949 3403 2245 3474 Evangelia
2292 3415 2445 3474 pater
2482 3405 2721 3459 occurrit
2777 3406 3072 3462 revertenti
3123 3405 3188 3460 ad
3237 3421 3295 3462 se

27 3494 316 3568 ερχομένῳ
343 3494 478 3566 πρὸς
505 3491 664 3546 αὐτὸν
699 3487 820 3560 υίῷ.

353 3494 478 3566 πρὸς
505 3491 664 3546 αὐτὸν
699 3487 820 3560 υίῷ.
1727 3497 1857 3552 Iiiio.

87 3588 210 3643 Kal
246 3587 518 3657 ῥομφαία
564 3585 634 3638 ἐν
679 3583 802 3648 τοῖς
833 3581 1104 3652 χείλεσιν
1142 3577 1361 3644 αὐτῶν,
1397 3595 1452 3632 κ.
1483 3596 1531 3631 τ.
1560 3579 1585 3630 ὲ

1797 3587 1963 3641 Vens.
1999 3587 2050 3641 8.
2078 3583 2148 3638 Et
2173 3585 2384 3656 gladius
2407 3585 2464 3640 in
2514 3586 2666 3642 labiis
2691 3603 2894 3652 eorum,
2931 3597 3036 3644 etc.
3071 3587 3292 3644 Gladius

27 3679 308 3752 Ῥομφαία
357 3677 467 3748 (85)
517 3679 573 3730 ἐν
630 3679 740 3738 τοῖς
791 3675 994 3746 χείλεσι
1055 3673 1160 3727 τῶν
1212 3673 1471 3746 δύσφημα
1517 3691 1531 3726 1

1791 3690 1810 3732 t
1844 3681 1895 3732 in
1925 3679 2081 3734 labiis
2103 3679 2558 3734 heterodoxorum
2588 3680 2678 3749 qui
2708 3680 3028 3750 blaspheme
3057 3688 3110 3734 et
3134 3680 3295 3749 impia

27 3773 200 3842 ισεϐἦ
240 3769 600 3824 διδασκόντων
641 3766 980 3838 ἑτεροδόξων.
1593 3759 1598 3764 ’
1728 3775 1944 3828 docent.

75 3864 190 3934 Μὴ
231 3861 602 3930 ἀποκτείνῃς
651 3858 895 3925 αὐτοὺς,
935 3857 1168 3928 μήποτε
1219 3855 1579 3910 ἐπιλάθωντο

1799 3870 1962 3924 Vens.
2014 3869 2102 3922 12.
2151 3869 2234 3925 Ne
2265 3871 2474 3924 occidas
2503 3885 2614 3936 eos,
2663 3867 2934 3938 nequando
2983 3863 3296 3918 obliviscan-

29 3959 124 4012 οὗ
177 3958 375 4026 νόμου
414 3972 552 4022 σου,
608 3972 662 4006 κ.
699 3971 748 4006 τ.
775 3953 822 4006 ὲ.
876 3950 1210 4006 Ἀποκτείνει
1247 3949 1468 4012 τούτους
1514 3949 1531 4018 (

1794 3979 1816 4015 r
1860 3963 1989 4032 legis
2039 3971 2182 4027 tute,
2247 3973 2351 4018 etc.
2389 3963 2513 4020 Illos
2564 3961 2768 4017 occidit
2814 3959 3109 4024 Dominus,
3163 3970 3298 4024 quos

85 4050 311 4121 Κύριος
356 4047 452 4111 οὒς
509 4048 781 4118 συγχωρεῖ
829 4045 924 4097 ἐπὶ
980 4043 1113 4096 πολὺ
1161 4042 1586 4114 ἁμαρτάνεινοὲ

1793 4055 1863 4107 ait
1923 4053 2148 4108 multum
2209 4069 2462 4123 peccare.
2521 4053 2657 4107 Ilinc
2711 4052 2856 4106 enim
2923 4049 3099 4104 oritur
3156 4045 3297 4100 obli-

28 4145 122 4218 ἀρ
156 4142 362 4196 τούτου
415 4140 704 4212 συμϐαίνει.
754 4139 923 4210 λήθην
966 4135 1220 4207 γενέσθαι
1264 4134 1432 4189 Θεοῦο
1493 4154 1510 4186 ‹

1796 4160 1814 4198 ›
1883 4145 2008 4200 Dei.
2075 4144 2210 4199 Nam
2275 4163 2294 4198 ι
2369 4147 2427 4200 In
2504 4147 2716 4200 inlerno
2776 4143 2900 4212 quis
2956 4139 3300 4196 confitebitur

29 4239 124 4310 ἀρ
158 4235 244 4306 τῷ
271 4235 380 4306 ᾄδῃ
413 4235 498 4298 τίς
530 4231 979 4304 ἐξομολογήσεται
1009 4247 1123 4296 σοι;
1154 4249 1171 4280 ι
1729 4239 1822 4294 (ibi
1865 4240 1955 4293 σιξ)
2001 4258 2018 4290 ,

65 4327 200 4382 Kal
233 4326 308 4390 ἐξ
344 4323 498 4394 ἀρᾶς
527 4325 622 4378 καί
661 4323 928 4392 ψεύδους
955 4321 1454 4391 διαγγελήσονται
1482 4336 1569 4374 συ-

1803 4325 1967 4382 Vens.
2009 4327 2094 4392 I3,
2126 4327 2212 4384 Μ.
2253 4327 2318 4380 Et
2349 4328 2412 4382 de
2429 4327 2790 4382 exsecratione
2829 4333 2882 4378 et
2907 4322 3176 4376 mendacio
3212 4337 3299 4374 au-

27 4419 264 4482 ἓλειαι,
297 4416 373 4470 ἐν
414 4413 558 4484 ὀργῇ
587 4415 958 4480 συντελείας,
989 4413 1086 4466 καὶ
1111 4416 1182 4466 οὺ
1201 4414 1287 4482 μὴ
1321 4413 1531 4481 ὑπάρξι

1805 4421 2117 4472 ntiabuntur
2162 4422 2658 4480 consunmtationes,
2686 4419 2739 4468 in
2773 4416 2852 4468 ira
2887 4413 3301 4466 consummatio-

27 4531 80 4576 ι,
125 4528 188 4564 κ.
216 4527 270 4562 τ.
300 4511 351 4562 ὲ.
413 4508 544 4580 Ἀρά
575 4510 668 4561 καὶ
697 4507 901 4576 ini/£560;
942 4507 1050 4578 (8'7)
1103 4508 1249 4560 αἰτία
1305 4507 1404 4576 τῆς
1435 4523 1530 4558 συν

1799 4525 1836 4573 ς,
1882 4520 1928 4562 ει
1975 4527 2077 4562 non
2112 4521 2282 4573 erunt,
2307 4520 2415 4564 etc.
2451 4505 2949 4562 Consummationis
2979 4519 3142 4558 causa
3178 4511 3303 4557 sunt

27 4605 157 4666 ιίας
183 4619 198 4632 ·
241 4603 326 4666 ὡς
378 4603 428 4654 εί
479 4601 554 4673 μὴ
583 4599 758 4654 ταῦτα
799 4597 886 4670 ἦν,
930 4597 1050 4653 οὕτε
1097 4599 1233 4669 ὀργὴ
1281 4597 1403 4650 οὔτε
1437 4597 1531 4649 συν

1796 4601 2042 4656 secratio
2075 4611 2128 4655 et
2161 4601 2522 4656 mendacium.
2562 4598 2692 4652 Nam
2731 4598 2774 4650 si
2805 4597 2921 4651 lucc
2959 4611 3061 4651 non
3094 4604 3300 4662 essent,

28 4715 122 4751 ,ια
153 4689 258 4768 ἦν.
919 4742 929 4753 ,
1735 4693 1922 4762 utique
1952 4709 2055 4748 non
2088 4703 2234 4748 esset
2265 4693 2342 4747 ira
2375 4707 2474 4748 nec
2495 4693 2911 4762 consummatio.

613 4872 906 4927 ΨΔΛΜΟΣ
933 4871 1060 4926 NG’.

2274 4873 2594 4929 PASLMUS
2644 4871 2780 4928 LIX.

59 4971 144 5024 Ὃ
180 4968 374 5036 Θεὸς,
403 4967 622 5023 ἀπώσω
653 4967 828 5037 ἡμᾶς,
865 4981 918 5016 κ.
945 4981 996 5016 τ.
1026 4964 1072 5015 ἑ.
1111 4961 1198 5025 Ὡς
1231 4962 1296 5015 ὲκ
1327 4961 1563 5034 προσώπι

1809 4965 1975 5022 Vens.
2009 4966 2066 5020 5.
2105 4963 2270 5030 Deus,
2304 4963 2538 5033 repulisti
2589 4982 2702 5027 nos,
2750 4973 2854 5017 etc.
2905 4962 3186 5031 Tanquam
3239 4978 3302 5016 cx

27 5065 109 5134 8)
145 5061 278 5115 τῶν
323 5059 603 5114 Ἰουδαίων
651 5056 801 5127 σψῶν
848 5055 1120 5125 ἀποϐολὴν
1152 5053 1330 5108 αὐτῶν
1361 5055 1509 5124 δηλοῖ

1905 5075 1968 5113 na
2021 5058 2328 5113 Judaiorum
2394 5057 2744 5127 rejectionem
2797 5070 2984 5110 eorum
3036 5051 3308 5122 significat
3407 5045 3409 5048 ’

27 5159 68 5212 ὗ
141 5157 352 5209 εἰπεῖν
379 5170 396 5185 ’
462 5171 480 5205 ι
501 5153 560 5206 Ὀ
587 5151 740 5216 Θεὸς,
770 5148 978 5204 ἀπώσω
1012 5149 1181 5218 ἡμᾶς,
1239 5147 1333 5200 καὶ
1385 5147 1531 5201 mea]

1797 5152 1991 5220 cendo,
2030 5170 2048 5202 ι
2089 5151 2254 5216 Deus,
2287 5149 2530 5219 rettulisti
2560 5164 2674 5213 nos,
2707 5156 2760 5202 et
2787 5145 3097 5202 destruxisti
3128 5158 3248 5208 nos,
3281 5160 3301 5194 ι

28 5279 102 5310 ⁵³
143 5275 226 5330 Il.
271 5273 436 5328 Tim.
478 5287 553 5338 ιν,
599 5271 652 5326 7.
729 5270 774 5302 °°
822 5251 1065 5324 Joanfvr
1093 5310 1107 5336 ,
1144 5269 1232 5322 14.
1308 5268 1350 5299 ⁶¹
1387 5267 1529 5323 Psal.
1573 5283 1646 5336 γι,
1677 5268 1725 5326 6.

27 5397 186 5470 (78)
237 5395 604 5470 Ὁίδίκαιος,
632 5402 754 5470 e_lc._
778 5392 946 5470 lide_m_
967 5406 1098 5470 mss.
1440 5462 1452 5470 _

1807 5391 1921 5464 (84)
1949 5390 2034 5457 Τῷ
2061 5391 2172 5460 γὰρ
2197 5391 2600 5452 ἀναϐαίνοντι,
2631 5397 2734 5440 etc.
2771 5383 3006 5438 Eardem.

501 5462 1620 5558 eli;C9913".92ﬂij“}‘.99§j?f‘ﬂ'"ff-1M
1959 5483 2261 5554 'Pcygsut'a,
2293 5491 2398 5536 etc.
2431 5483 2609 5536 Codex
2636 5478 2998 5532 Coisliuianus
3016 5468 3306 5526 secundus.

27 5529 186 5614 (80')
235 5529 654 5607 Ἐθήρέ-υσαν,
688 5543 795 5589 etc.
836 5529 1042 5590 Catena
1075 5531 1318 5589 Corderii
1355 5541 1408 5588 et
1451 5549 1531 5589 cor

35 5613 153 5668 isli
171 5611 416 5663 niarms
439 5610 727 5664 secundus.

1805 5529 1916 5558 ινυι
1969 5529 1990 5538 -
2018 5529 2261 5554 νντ“νν-ν
2297 5529 2398 5536 --ν-
2438 5529 2609 5536 ν---ηη
2646 5529 2792 5532 τε-νίν

1805 5577 1915 5650 (86)
1964 5575 2317 5632 Ἀποκτείνει
2367 5575 2640 5639 τούτους,
2687 5579 2794 5624 etc.
2839 5567 3065 5622 Scliedm
3097 5563 3306 5619 Grabii.

27 5657 153 5754 (ἓξ-Ι-
171 5657 904 5750 Πίό-ἆὲγῖιονξὲἷξί-Οοιίοι
934 5673 1320 5735 Coislinianus.

27 5683 180 5825 (82;
237 5753 412 5825 (ﬁre
428 5751 579 5816 ἔστι,
608 5759 721 5825 etc‘1
749 5747 976 5825 Sphcdm
1005 5746 1188 5803 Grabii

1807 5671 1940 5792 (87)l
1963 5668 2092 5738 Ἀρὰ
2145 5669 2241 5722 καὶ
2291 5667 2538 5736 ψεῦδος,
2569 5675 2674 5721 cte.
2711 5663 2894 5717 Codex
2945 5657 3311 5715 Coislinianus

1807 5757 1922 5795 Bttnt
1947 5757 2030 5794 us.

1809 5811 1912 5825 ΙΛιΊι
1961 5811 2014 5825 οη
2084 5811 2096 5825 ι
2345 5809 2355 5825 1
2543 5815 2620 5825 -.-
2672 5805 2866 5825 l‘-n-_-
2898 5801 3138 5825 Π.-...Ι-..ΞΞ

27 5741 180 5822 (82)
237 5741 579 5822 Οὺκνξὲστι,
608 5759 721 5822 etc:
749 5747 976 5822 Sphcdm
1005 5746 1188 5803 Grabii

525 5741 579 5816 rt,
608 5759 721 5822 etc:
749 5747 976 5822 Scltedae
1005 5746 1188 5803 Grabii
1734 5741 2029 5822 secundus.

27 5801 182 5896 ἓξὲἐᾶ
217 5801 523 5890 ﬂauas;
542 5801 656 5877 οἰός
675 5801 916 5874 usus...
1019 5801 1031 5803 ⁷
1132 5801 1166 5802 π

1804 5811 1916 5881 (88)
1961 5811 2053 5877 Ὡς
2072 5811 2140 5864 ὲκ
2163 5809 2508 5879 προσώπου,
2535 5815 2644 5863 etc.
2671 5805 2872 5862 Catena
2898 5801 3161 5861 Corderii.
