3944 6386
517 249 660 309 H79

1901 236 1993 294 EX
2032 232 2336 293 ORIGENE

3659 236 3777 293 H80

517 373 627 440 vel,
671 372 822 444 juxta
877 369 1285 441 Symmachum,
1340 387 1359 421 ι
1397 366 1633 439 rejecisti
1689 380 1807 433 nos,
1859 374 1914 419 et
1948 364 2093 418 exci-

2219 363 2364 434 ιμᾶς,
2397 380 2414 413 ι
2471 360 2525 433 ἦ,
2575 359 2717 416 κατὰ
2764 357 3082 434 Σύμμαχον,
3134 379 3154 413 ι
3179 353 3458 414 ἀπεϐάλου
3486 360 3662 431 ἡμᾶς,
3698 375 3778 413 και

518 458 646 514 disti
699 472 797 514 nos
856 474 927 512 τι
961 457 1106 528 quod
1162 456 1376 510 illorum
1434 454 1704 510 excidium
1767 452 2097 508 manifestat.

521 551 727 608 Deinde
768 551 1066 622 subiungit,
1103 567 1123 602 ι
1158 549 1335 606 tratus
1381 566 1463 617 es,
1511 559 1566 606 et
1613 550 1866 604 misertus
1901 564 1964 604 es
2001 563 2100 604 no—

519 641 635 708 bis;
671 659 690 693 ι
719 641 1014 697 secundum
1043 640 1292 711 Aquilam
1325 655 1475 706 vero,
1511 659 1528 692 ι
1569 639 1884 709 indignatus
1915 649 2100 694 trans-

517 734 728 792 vertisti
780 749 900 792 nos.
938 752 957 787 ι
1003 733 1156 789 llunc
1190 735 1365 806 ipsum
1414 743 1596 789 autem
1641 748 1948 788 sermonem
2014 747 2100 788 re-

519 842 640 884 rum
708 837 935 881 eventus
992 826 1164 896 magis
1210 826 1526 898 comprobat
1583 843 1598 881 :
1658 825 1923 894 siquidem
1981 834 2102 894 post

523 915 822 969 adventum
862 913 1164 969 Salvatoris
1196 915 1296 969 ista
1344 916 1488 984 passi
1523 924 1669 970 sunt.
1705 915 1930 982 Quando
1955 914 2101 969 enim

520 1005 605 1063 ira
643 1022 810 1079 super
859 1008 1008 1079 ipsos
1040 1011 1208 1072 venit,
1243 1010 1295 1063 in
1349 1009 1507 1063 tinem
1545 1009 1770 1080 repulsi,
1814 1010 2100 1076 destructi,

521 1100 710 1171 rejecti
747 1113 914 1171 atque
959 1102 1129 1157 excisi
1162 1112 1216 1157 et
1250 1103 1567 1158 circumacti
1601 1113 1752 1172 sunt,
1788 1105 2014 1175 diSpersi
2051 1105 2100 1159 in

519 1211 716 1252 omnes
747 1207 958 1269 gentes.

595 1292 761 1348 Vens.
789 1293 845 1347 4.
875 1291 1021 1347 Sana
1073 1293 1418 1348 contritiones
1449 1297 1585 1361 ejus,
1629 1305 1740 1349 etc.
1776 1293 1916 1347 Mota
1955 1295 2101 1347 enim

524 1392 584 1438 et
622 1399 651 1437 a
694 1383 912 1454 propria
950 1383 1229 1439 mansione
1261 1398 1324 1438 ac
1369 1393 1513 1438 statu
1565 1383 1796 1439 decussa
1849 1384 2103 1454 praedicta

524 1484 674 1531 terra
723 1475 1080 1531 contritiones
1124 1483 1176 1530 et
1215 1474 1439 1529 vulnera
1482 1475 1723 1545 accepit;
1775 1485 2107 1546 quapropter

525 1569 720 1624 deinde
755 1567 957 1624 dicitur
1001 1585 1016 1622 :
1065 1585 1084 1620 ι
1123 1566 1418 1624 Ostendisti
1448 1569 1644 1639 populo
1683 1579 1776 1623 tuo
1806 1569 1961 1622 dura.
1999 1588 2018 1621 ι

598 1752 761 1810 Vens.
795 1755 849 1811 5.
885 1750 1176 1808 Ostendisti
1205 1751 1404 1821 populo
1431 1762 1520 1806 tuo
1564 1751 1727 1817 dura,
1751 1759 1856 1806 etc.
1900 1722 2100 1808 Osten-
2135 1730 2179 1786 Β

530 1847 730 1903 duntur
770 1848 928 1902 alicui
977 1847 1136 1912 dura,
1169 1859 1294 1900 cum
1342 1845 1396 1900 in
1436 1843 1785 1900 dilIicultaIcs
1817 1845 2102 1911 inciderit;

530 1955 652 2011 quae
679 1940 895 2011 quando
929 1939 1054 2010 quis
1086 1939 1287 2010 accipit
1338 1939 1393 1994 in
1444 1938 1824 2008 pmnitentia‘m
1860 1939 2104 2008 priorum

529 2037 872 2104 delictorum,
894 2038 1082 2090 vinum
1117 2033 1553 2104 compunctionis
1583 2031 1750 2104 738
1792 2031 1951 2096 bibit,
1979 2047 2107 2086 cau-

529 2143 645 2184 sam
682 2130 1117 2200 compunetionis
1147 2129 1212 2183 dc
1246 2125 1612 2198 resipiscentia
1641 2141 1883 2180 sumens.
1925 2123 2106 2180 Multis

527 2231 710 2276 autem
753 2221 1050 2291 Scriptura:
1100 2220 1415 2276 locismeri
1460 2220 1681 2274 nomine
1717 2233 1805 2273 res
1839 2221 2006 2274 duras
2052 2230 2106 2274 ct

527 2315 783 2370 molestas
810 2313 1080 2385 designat,
1110 2324 1168 2369 ut
1198 2315 1247 2369 in
1292 2316 1393 2369 isto
1423 2337 1434 2371 ;
1470 2331 1488 2365 ι
1529 2311 1681 2366 Calix
1706 2313 1757 2366 in
1796 2329 1963 2367 manu
1993 2314 2099 2368 Do-

533 2407 664 2462 mini
721 2407 833 2462 vini
887 2408 1024 2462 meri
1068 2408 1134 2462 ⁶¹.
1184 2427 1202 2461 ι
1260 2407 1403 2462 Dura
1458 2421 1674 2476 quoque
1711 2408 1899 2461 eodem
1949 2409 2107 2463 modo

528 2497 796 2567 nominat,
830 2515 938 2570 quo
982 2501 1034 2554 in
1072 2499 1279 2570 psalmo
1320 2500 1536 2554 decimo
1574 2509 1728 2552 sexto
1763 2499 1877 2554 vias
1919 2500 2106 2566 duras,

526 2591 714 2646 dicens
753 2609 766 2645 :
809 2610 829 2644 ι
869 2591 1100 2662 Propter
1143 2593 1308 2645 verba
1343 2591 1608 2645 labiorum
1643 2601 1857 2653 tuorum
1895 2606 1993 2662 ego
2018 2608 2110 2646 cu-

527 2685 726 2738 stodivi
759 2684 877 2740 vias
923 2685 1090 2739 duras
1126 2684 1190 2737 “.
1242 2702 1260 2735 ι
1297 2685 1374 2738 lbi
1404 2683 1672 2752 siquidem
1704 2685 1802 2737 νὶιε
1837 2683 1986 2737 dum:
2013 2699 2110 2753 ap-

528 2774 803 2845 pellantur
849 2775 1100 2841 virtutes,
1136 2791 1201 2832 eo
1238 2775 1384 2845 quod
1435 2789 1556 2829 cum
1595 2774 1794 2828 sudore
1843 2773 2014 2828 ιιιιιΙιο
2044 2788 2109 2828 ac

531 2867 716 2922 labore
762 2867 1159 2937 perﬁciantur:
1195 2868 1287 2922 hic
1317 2881 1448 2921 vero
1494 2865 1628 2921 vidit
1663 2865 1896 2935 pOptllttS
1946 2865 2107 2930 dura,

529 2965 656 3015 dum
687 2959 951 3014 molestiis
983 2960 1320 3015 exercitatus
1362 2966 1467 3014 est.

604 3050 772 3108 Viris.
804 3050 858 3105 6.
891 3049 1095 3104 Dedisti
1141 3051 1494 3104 metuentibus
1543 3061 1590 3104 te
1638 3049 2106 3121 significationem,
2136 3089 2178 3148 ϐ

529 3151 636 3200 etc.
663 3143 772 3199 Nos
803 3143 1044 3212 quidem,
1090 3143 1290 3212 inquit,
1325 3152 1550 3211 propter
1579 3143 1913 3213 impietatem
1941 3159 2104 3213 quam

531 3234 780 3298 fecimus,
806 3233 975 3305 puniti
1006 3247 1212 3295 sumus;
1238 3233 1330 3302 qui
1363 3242 1542 3286 autem
1567 3233 1761 3286 timent
1793 3242 1865 3295 te,
1894 3233 2107 3302 signent

531 3337 879 3398 receperunt,
922 3327 1053 3382 illud
1085 3327 1343 3381 videlicet
1371 3326 1422 3380 in
1449 3342 1556 3395 quo
1591 3327 1788 3396 signati
1815 3343 2021 3388 smnus,
2051 3335 2114 3380 ιιι

531 3423 782 3494 supplicii
813 3432 1064 3494 expertes
1101 3430 1308 3477 essent.
1342 3421 1518 3491 Hujus
1559 3436 1688 3476 vero
1727 3421 1864 3491 signi
1896 3421 2112 3492 symbo-

531 3516 642 3571 lum
675 3525 792 3573 erat
844 3517 1065 3588 sanguis
1115 3530 1381 3586 pecorum.
1413 3531 1519 3586 quo
1576 3516 1722 3570 uncti
1761 3524 1888 3570 sunt
1929 3526 2112 3574 eomes

530 3613 837 3666 domorum.

1077 3789 1202 3846 PSA
1213 3790 1399 3847 LMUS
1447 3789 1560 3846 LX.

601 3882 770 3940 Vens.
813 3883 866 3939 '5.
897 3883 940 3937 A
971 3885 1162 3954 ﬁnibus
1195 3895 1352 3941 terra:
1382 3887 1450 3940 ad
1495 3897 1544 3939 te
1571 3885 1820 3948 clamavi,
1853 3895 1958 3940 etc.
2005 3887 2106 3954 Qui

531 3978 588 4033 ln
633 3979 928 4047 semetipso
961 3979 1127 4032 sentit
1149 3990 1410 4044 quantum
1444 3979 1664 4033 deficiat
1692 3995 1720 4032 a
1754 3980 2108 4048 perfectione,

531 4069 659 4124 dm
693 4068 1010 4122 considerat
1040 4069 1160 4138 quis
1189 4068 1458 4136 perfectus
1487 4070 1577 4136 sit,
1607 4080 1661 4123 et
1695 4071 1745 4122 in
1773 4070 2110 4126 orationibus

2200 454 2454 525 διέκοψας
2495 456 2642 525 ἡμᾶς
2669 475 2688 506 ι
2739 454 2875 526 ὅπερ
2919 453 3069 525 δηλοῖ
3113 453 3293 507 αὐτῶν
3336 453 3438 525 τὴν
3483 446 3776 520 ἀποκοπῆν.

2202 541 2312 599 Εἶτ’
2353 544 2624 614 ὲπιλέγει’
2669 567 2686 597 ι
2709 545 3019 618 Ὠργὶσθης,
3055 545 3150 600 κα)⁸
3179 545 3532 617 ᾠκτείρησας
3565 545 3730 614 ἡμεῖς’
3760 563 3774 595 ι

2203 639 2344 694 κατὰ
2385 639 2442 694 δὲ
2473 637 2562 693 τὸν
2601 639 2833 693 Ἀκύλαν
2857 656 2870 672 ·
2927 657 2946 691 t
2969 639 3252 711 Θυμωθεὶς
3297 637 3680 711 μετέστρεψας
3726 638 3780 708 i3-

2207 735 2334 803 μᾶς.
2362 752 2379 784 ι
2421 733 2621 788 Τοῦτον
2653 733 2711 787 δὲ
2764 731 2965 804 μᾶλλον
3011 732 3103 786 τὸν
3144 730 3300 802 λόγον
3330 733 3364 803 ἠ
3398 732 3514 785 τῶν
3543 731 3782 804 πραγμά.

2202 844 2310 880 των
2335 827 2559 891 ἔκϐασις
2587 826 2914 899 παρίστησι·
2952 825 3091 897 μετὰ
3118 825 3248 895 γοῦν
3280 825 3383 898 τὴν
3415 825 3516 879 τοῦ
3549 825 3780 895 Σωτῆρος

2206 916 2506 989 παρουσίαν
2550 918 2722 971 ταῦτα
2770 915 3093 972 πεπόνθασι.
3145 919 3273 972 Ὅτε
3301 919 3412 990 γὰρ
3443 916 3685 987 ἔφθασεν
3707 919 3778 969 ἐπ’

2206 1010 2403 1075 αὐτοὺς
2451 1011 2484 1083 ἡ
2513 1009 2672 1082 ὀργὴ,
2702 1013 2781 1076 εἰς
2807 1010 2960 1075 τέλος
3002 1008 3334 1083 ἀπώσθησαν
3356 1011 3453 1066 καὶ
3489 1010 3782 1082 καθῃρέθη-

2205 1119 2324 1168 σαν,
2355 1105 2449 1157 καὶ
2471 1103 2877 1176 ἀπεϐλήθησαν,
2907 1101 3234 1176 διεκόπησάν
3280 1121 3337 1157 τε
3371 1102 3469 1157 καὶ
3501 1101 3782 1175 περιήχθη

2208 1213 2328 1261 σαν,
2365 1197 2876 1270 διασκορπισθέντες
2908 1201 2988 1262 είς
3019 1198 3195 1251 πάντα
3220 1197 3289 1250 τὰ
3311 1196 3464 1269 [θνη.

2279 1297 2478 1348 Ἰασαι
2518 1293 2590 1346 τὰ
2635 1293 3048 1361 συντρίμματα
3091 1290 3302 1356 αὐτῆς,
3355 1309 3408 1344 κ.
3436 1308 3491 1342 τ.
3518 1288 3565 1344 ἑ.
3629 1287 3782 1359 Rm;-

2197 1387 2358 1442 ’θεῖσα
2395 1385 2504 1456 (89)
2533 1384 2662 1456 γάρ,
2712 1383 2808 1437 καὶ
2855 1382 3174 1436 σαλευθεῖσα
3217 1382 3318 1452 τῆς
3362 1380 3574 1446 οἰκείας
3631 1379 3783 1451 μονῆς

2207 1479 2301 1532 καὶ
2350 1477 2612 1538 στάσεως,
2661 1473 2694 1545 ἡ
2742 1472 3101 1545 προλεχθεῖσα
3144 1471 3214 1543 γῆ
3265 1473 3657 1542 συντρίμματα
3700 1469 3784 1520 καὶ

2206 1567 2495 1646 τραύματα
2543 1568 2840 1638 ἐκτήσατο·
2880 1563 3071 1637 διόπερ
3106 1561 3230 1635 ἑξῆς
3267 1565 3520 1632 λέγεταιτ
3575 1581 3594 1615 ι
3623 1560 3786 1614 Ἔδει-

2211 1660 2306 1728 ξας
2336 1661 2414 1732 τῷ
2440 1659 2552 1731 λαῷ
2586 1677 2678 1712 σου
2714 1655 2947 1728 σκληρά.
2979 1676 2996 1708 ι

2280 1754 2555 1820 Ἔδειξας
2585 1753 2664 1820 τῷ
2704 1751 2831 1818 λαῷ
2876 1769 2993 1806 σου
3025 1750 3279 1819 σκληρὰ,
3313 1767 3366 1803 κ.
3390 1768 3442 1804 τ.
3469 1749 3514 1802 ἐ.
3581 1747 3788 1800 Asiam-

2206 1847 2295 1900 ταί
2331 1846 2439 1916 (90)
2463 1863 2569 1899 τινι
2600 1845 2834 1917 σκληρὰ,
2857 1846 2985 1899 ὅταν
3012 1844 3287 1906 ἐπιπόνοις
3317 1841 3628 1912 περιπέσῃ·
3659 1840 3790 1909 άπερ

2207 1941 2272 1998 ἄν
2303 1958 2386 2004 τις
2441 1940 2660 2012 δέξηται
2694 1943 2786 1995 ἐπὶ
2842 1940 3178 2011 μετάγνωσιν
3215 1937 3499 2009 προτέρων
3550 1936 3792 2006 ἁμαρτημ-

2211 2035 2416 2106 μάτων,
2443 2029 2586 2088 οἶνον
2614 2032 2959 2100 κατανύξεως
2996 2031 3158 2095 πίνει,
3190 2030 3369 2084 αἰτίαν
3403 2028 3497 2082 τοῦ
3529 2025 3793 2082 κατανύτ-

2207 2127 2394 2180 τεσθαι
2435 2128 2526 2181 ἐπὶ
2577 2127 2834 2199 μετανοίᾳ
2892 2125 3202 2197 λαμϐάνων.
3263 2123 3543 2193 Πολλαχοῧ
3593 2121 3649 2173 δὲ
3703 2120 3793 2188 τῆς

2207 2223 2430 2296 Γραφῆς
2483 2222 2706 2294 ἀκράτῳ
2743 2222 3023 2293 ὁμωνυμεῖ
3067 2219 3134 2272 τὰ
3169 2216 3378 2288 σκληρά
3417 2215 3488 2268 τά
3537 2230 3793 2285 περιστα-

2205 2313 2368 2366 τικά·
2419 2312 2494 2376 ὡς
2527 2315 2582 2366 ὲν
2624 2312 2721 2383 τῷ,
2762 2312 3071 2387 ι-Ποτήριον
3121 2312 3176 2363 ὲν
3222 2308 3362 2380 χειρὶ
3410 2306 3622 2375 Κυρίου
3658 2303 3790 2357 οἴνου

2209 2407 2473 2478 ἀκράτου.
2505 2426 2522 2458 ι
2575 2405 2888 2477 Ὀμωνυμεῖ
2913 2404 2969 2458 δὲ
2998 2403 3068 2456 τὰ
3093 2401 3304 2473 σκληρά
3332 2399 3453 2462 ταῖς
3479 2395 3793 2470 εἰρημέναις

2212 2497 2478 2570 σκληραῖς
2511 2497 2647 2562 ὁδοῖς
2682 2500 2738 2550 ἐν
2773 2497 3144 2568 ἑκκαιδεκάτῳ
3167 2491 3386 2565 ψαλμῷ,
3412 2491 3592 2554 οὕτως
3611 2507 3624 2520 ⁸
3665 2509 3681 2539 ι
3705 2485 3794 2540 Διὶ

2210 2592 2336 2656 τοὺς
2387 2591 2579 2660 λόγους
2628 2591 2735 2644 τῶν
2782 2590 3004 2662 χειλέων
3049 2606 3142 2642 σου
3193 2587 3302 2657 ἐγὼ
3349 2583 3600 2654 ἐφύλαξα
3651 2581 3794 2642 ὢοῦς

2212 2683 2470 2754 σκληράς.
2505 2705 2522 2736 ι
2573 2684 2716 2738 Ἐκεῖ
2746 2685 2843 2755 μὲν
2900 2683 3010 2755 γὰρ
3060 2682 3165 2735 ὁδοὶ
3197 2679 3429 2751 σκληραὶ
3460 2677 3712 2748 εἴρηνται
3743 2674 3793 2726 αἱ

2211 2778 2406 2849 ἀρεταὶ
2434 2777 2521 2830 διὰ
2563 2777 2622 2830 τὸ
2649 2778 2745 2830 σὺν
2783 2775 2966 2849 ἱδρῶτι
3000 2774 3175 2845 πολλῷ
3205 2773 3296 2826 καὶ
3323 2772 3468 2841 πόνῳ
3499 2765 3794 2838 κατορθοῦ-

2212 2879 2334 2923 συαι
2365 2870 2567 2934 αὐτός’
2603 2868 2834 2923 ἐνταῦθα
2858 2867 2913 2922 δὲ
2939 2864 3078 2922 εἶδεν
3109 2869 3138 2921 ὁ
3163 2865 3288 2929 λαὸς
3319 2860 3560 2934 σκληρὰ,
3604 2875 3796 2930 πειρα-

2217 2961 2364 3026 σθείς
2393 2961 2737 3015 κακωτικών.
2891 2948 2894 2951 ’

2287 3052 2556 3120 Ἐὃωκιις
2635 3051 2760 3118 τοῖς
2829 3051 3220 3123 φοϐουμένοις
3290 3065 3366 3104 σε
3439 3048 3800 3117 σημείωσιν,

2214 3164 2268 3200 κ.
2310 3165 2359 3200 τ.
2401 3148 2446 3200 ἑ.
2504 3147 2693 3218 Ἡμεῖς
2730 3147 2828 3218 μὲν
2879 3147 3010 3218 (9i),
3065 3146 3218 3219 φησι,
3268 3143 3334 3197 δι’
3363 3143 3431 3214 ἣν
3483 3141 3804 3214 ἐπράξαμεν

2213 3237 2548 3302 δυσσέϐειαν,
2579 3237 3000 3311 τετιμωρήμεθα
3023 3255 3036 3269 ·
3079 3238 3126 3291 oi
3172 3236 3227 3292 δὲ
3265 3233 3597 3307 φοϐούμενοί
3628 3252 3688 3287 σε
3723 3251 3808 3303 cr;

2217 3333 2368 3402 μεῖον
2410 3331 2676 3399 ἐδέξαντο,
2717 3333 2895 3403 (δῆλον
2922 3332 2977 3385 δὲ
3009 3332 3089 3385 ὅτι
3131 3333 3186 3384 ἐν
3217 3323 3261 3398 ᾧ
3295 3326 3806 3399 ἐσφραγίσθημεν·)

2212 3425 2362 3490 ὅπως
2386 3427 2566 3498 πάσης
2591 3425 2920 3496 κολαστικῆς
2943 3425 3208 3497 τιμωρίας
3229 3422 3331 3489 ἔξω
3359 3422 3636 3491 γένοιντο.
3676 3418 3808 3471 Τού-

2213 3535 2306 3570 του
2339 3519 2393 3571 δὲ
2436 3520 2528 3573 τοῦ
2569 3519 2796 3591 σημείου
2829 3517 2997 3582 τύπος
3028 3511 3094 3590 ἧν
3140 3517 3206 3570 τὸ
3251 3517 3308 3568 ὲν
3332 3517 3452 3578 ταῖς
3488 3514 3682 3585 quasi;
3709 3511 3812 3565 τῶν

2215 3612 2506 3684 προϐάτων
2536 3615 2592 3668 ὲν
2625 3612 2885 3685 Αἰγύπτῳ
2913 3611 3194 3685 χριόμενον
3226 3604 3384 3680 αἷμα.

2811 3791 3104 3850 ΨΑΛΜΟΣ
3136 3790 3188 3845 Ξ¹
3196 3834 3209 3847 .

2302 3887 2444 3942 Ἀπὸ
2476 3887 2593 3942 τῶν
2620 3886 2891 3956 περάτων
2923 3885 3034 3955 τῆς
3069 3883 3180 3956 γῆς
3206 3882 3356 3952 πρὸς
3381 3881 3460 3936 σὲ
3486 3881 3815 3950 ἐκέκραξα.

2215 4001 2269 4038 κ.
2297 4000 2345 4036 τ.
2376 3983 2420 4036 ὲ.
2458 3982 2515 4035 '0
2540 3981 2925 4053 αἰσθανόμενος
2949 3978 3055 4052 (92)
3087 3977 3276 4031 ἑαυτοῦ
3300 3980 3356 4031 ὲν
3385 3977 3539 4040 ὅσοις
3568 3975 3818 4029 Είπεται

2215 4080 2314 4150 τῆς
2340 4077 2697 4149 τελειότητος,
2743 4078 2799 4130 ὲν
2830 4074 2906 4145 τῷ
2946 4077 3085 4128 νοεῖν
3114 4072 3196 4134 τίς
3223 4073 3251 4125 ὁ
3285 4070 3518 4132 τέλειος,
3551 4071 3662 4122 καὶ
3695 4069 3816 4121 ανα-

529 4161 813 4226 elevatus,
861 4161 1032 4227 dicit,
1094 4179 1114 4214 ι
1178 4161 1421 4225 Exaudi,
1474 4163 1634 4227 Deus,
1677 4165 2107 4232 deprecationem

2219 4177 2400 4250 φέρων
2430 4178 2487 4229 ἐν
2530 4179 2649 4239 ταῖς
2683 4175 2888 4246 εὐχαῖς,
2923 4171 3053 4244 περὶ
3080 4169 3266 4223 τούτου
3305 4165 3457 4234 λέγει
3489 4165 3576 4228 τδ,
3633 4185 3652 4216 ι
3699 4166 3818 4217 Εἰσ-

531 4271 732 4321 meam,
768 4274 786 4308 ι
823 4256 1168 4312 cxaudietur.
1201 4256 1430 4318 Quando
1462 4271 1596 4311 vero
1625 4258 1976 4327 imperfectus
2004 4274 2108 4313 non

530 4353 698 4407 sentit
720 4367 782 4406 ea
817 4353 1018 4423 quibus
1045 4353 1272 4424 indiget,
1299 4354 1480 4408 oratio
1511 4354 1632 4425 ejus
1662 4356 1806 4419 silet,
1839 4355 2111 4411 clamante

531 4446 625 4502 illo
677 4447 769 4516 qui
819 4451 1020 4514 sentit,
1062 4457 1116 4502 et
1161 4448 1511 4518 semetipsum
1569 4450 1680 4504 Deo
1713 4449 2105 4520 perliciendum

534 4540 722 4594 tradit.

601 4632 730 4689 lum.
769 4633 904 4688 Dum
953 4637 1265 4690 anmiaretur
1309 4653 1400 4690 cor
1451 4655 1644 4702 meum,
1693 4649 1798 4693 etr.
1849 4641 2118 4696 Anxiatur

532 4726 676 4779 enim
727 4741 855 4782 vere
876 4737 930 4783 et
970 4731 1122 4798 quasi
1168 4730 1353 4784 delicit
1396 4732 1577 4785 omnis
1613 4733 1794 4786 anima
1827 4735 1936 4788 Deo
1981 4735 2117 4790 ami-

531 4833 615 4885 ca,
651 4820 775 4874 dum
809 4821 860 4876 in
897 4825 1108 4879 mortali
1144 4827 1242 4881 hac
1272 4828 1382 4881 vita
1409 4843 1781 4884 commoratur
1813 4847 1827 4896 ;
1861 4833 2115 4888 anxiatur

529 4923 708 4969 autem
735 4925 789 4969 et
818 4915 1002 4972 delicit
1030 4921 1196 4974 etiam
1241 4937 1352 4992 pra:
1392 4923 1889 4993 commiseratione,
1924 4927 2109 4982 videns

530 5006 928 5066 multitudinem
954 5028 1145 5068 eorum
1172 5018 1261 5084 qui
1290 5027 1537 5085 pereunt.
1558 5017 1728 5088 Luget
1753 5021 1918 5074 etiam
1947 5021 2113 5090 pluri-

528 5119 650 5159 mos
711 5121 899 5162 eorum
949 5109 1040 5177 qui
1091 5119 1251 5161 antea
1293 5122 1684 5178 peccaverunt,
1738 5124 1792 5166 et
1839 5129 1942 5168 non
1982 5130 2110 5185 cge-

529 5204 655 5250 runt
676 5199 1053 5267 ptenitentiam
1095 5214 1192 5264 pro
1221 5211 1470 5268 peccato,
1507 5211 1562 5256 et
1593 5203 1903 5273 iniquitate,
1945 5216 2109 5275 atque

529 5285 851 5358 impietate,
903 5307 1066 5361 quam
1119 5290 1408 5360 fecerant,
1459 5294 1920 5363 quemadmodum
1974 5297 2106 5354 fecit

597 5428 643 5463 "
667 5429 810 5484 Psal.
849 5444 1032 5498 Lxxw,
1067 5431 1120 5486 9.
1202 5431 1246 5462 ⁶³
1272 5431 1412 5490 Psal.
1452 5445 1564 5498 XVI,
1598 5433 1652 5487 4.

601 5572 713 5645 (89)
733 5576 1074 5642 Κινηθεῖσα,
1101 5587 1206 5633 etc.
1236 5577 1455 5632 Eadem.

601 5646 710 5717 (90)
739 5648 1070 5712 Δείκνυται,
1103 5661 1206 5704 etc.
1250 5651 1468 5704 Eadem.

601 5713 710 5776 fuit
741 5719 932 5786 Ἡμεῖς
941 5719 1077 5787 μέν,
1097 5731 1204 5776 etc.
1228 5722 1410 5776 Codex
1435 5716 1798 5775 Coislinianus
1815 5713 2111 5771 secundus.

2219 4271 2509 4332 άκουσον,ὁ
2536 4266 2795 4338 Θεὸς,τῆς
2816 4264 3048 4338 δεήσεως
3093 4279 3214 4334 μου,
3241 4281 3259 4312 ι
3293 4257 3818 4329 εἰσακουσθήσεται.

2222 4364 2392 4417 Ὅταν
2428 4363 2484 4414 δὲ
2509 4363 2536 4415 ὁ
2566 4361 2761 4432 ἀτελὴς
2789 4347 3106 4427 ἀναισθητεῖ
3151 4349 3223 4408 ὧν
3257 4355 3402 4406 ἐστιν
3435 4349 3662 4421 ἐνδεὴς,
3701 4367 3818 4402 σιω-

2221 4462 2296 4533 πᾷ
2328 4459 2491 4514 αὐτοῦ
2530 4460 2562 4530 ἠ
2596 4457 2802 4529 δέησις,
2846 4453 2941 4509 τοῦ
2990 4450 3400 4523 αἰσθανομένου,
3436 4451 3535 4502 καὶ
3571 4448 3820 4520 ἐμπαρέ-

2216 4571 2402 4624 χοντος
2433 4553 2620 4606 ἑαυτὸν
2643 4550 2718 4620 τῷ
2739 4547 2856 4618 Θεῷ
2887 4549 2964 4610 εἰς
2994 4546 3052 4599 τὸ
3085 4543 3454 4612 τελειωθῆναι,
3489 4541 3820 4614 βοήσαντος.

2300 4649 2402 4701 Ἐν
2453 4645 2532 4712 τῷ
2583 4643 2903 4711 ἀκηδιᾶσαι
2961 4638 3074 4706 τὴν
3120 4636 3371 4704 καρδίαν
3412 4653 3568 4703 μου,
3618 4654 3676 4688 κ.
3703 4653 3751 4687 τ.
3779 4634 3818 4684 ἑ.

2229 4740 2450 4811 Ἀκηδιᾷ
2497 4737 2605 4808 (95)
2654 4737 2762 4808 γὰρ
2812 4733 2887 4798 ὡς
2944 4731 3158 4802 άληθῶς
3207 4729 3299 4782 καὶ
3350 4727 3631 4798 ἀδημονεῑ
3679 4729 3819 4780 πᾶσι

2219 4829 2476 4900 θεοφιλὴς
2506 4828 2673 4899 ψυχὴ,
2719 4826 2796 4897 τῷ
2832 4822 3010 4895 θνητῷ
3050 4819 3462 4892 ἐνδιατρίϐουσα
3504 4817 3621 4891 βὲῳ
3646 4837 3660 4848 ·
3699 4821 3818 4886 in;

2219 4925 2308 4998 διᾷ
2333 4923 2388 4979 δὲ
2421 4924 2513 4978 καὶ
2553 4923 2814 4993 ἀδημονεῖ
2843 4919 2936 4973 καὶ
2965 4917 3052 4970 διὰ
3093 4912 3530 4985 φιλανθρωπίαν,
3572 4915 3641 4966 τὸ
3688 4911 3815 4980 πλῆ-

2221 5020 2312 5084 θος
2339 5017 2447 5074 τῶν
2478 5013 2863 5086 ἀπολλυμένων
2916 5008 3157 5082 θεωρῶν.
3209 5004 3402 5061 Πενθεῖ
3434 5005 3492 5058 δὲ
3554 5006 3657 5058 καὶ
3701 5003 3822 5056 πολι

2217 5113 2343 5177 λοὺς
2390 5111 2496 5164 τῶν
2530 5105 3057 5181 προημαρτηκότων,
3091 5099 3183 5155 καὶ
3233 5100 3307 5172 μὴ
3356 5098 3822 5169 μετανοησάντι

2219 5205 2312 5258 ἐπὶ
2357 5206 2422 5275 τῇ
2471 5202 2737 5274 ἁμαρτίᾳ,
2775 5199 2869 5252 καὶ
2899 5195 3119 5267 ἀνομίᾳ,
3154 5193 3250 5246 xui.
3297 5189 3551 5260 ἀσεϐείᾳ,
3653 5191 3820 5259 ἐπραο

2214 5300 2332 5368 ξαν,
2370 5298 2558 5369 ὥσπερ
2602 5293 2695 5350 οὖν
2725 5294 2820 5348 καὶ
2868 5293 2897 5345 ὁ
2930 5289 3092 5344 Δαυῖδ
3117 5305 3130 5318 ·
3165 5286 3246 5340 διὸ
3293 5284 3458 5347 αὐτὸς
3513 5284 3624 5354 μὲν
3649 5285 3820 5353 igni-5

2295 5573 2407 5646 (οε)
2442 5571 2496 5646 ἑο
2513 5569 2976 5646 αιᾳθρινδμειτρς,
2999 5575 3108 5622 etc.
3136 5529 3336 5624 Catena
3361 5562 3641 5620 Corderii.

2296 5641 2408 5720 (95)
2445 5641 2699 5712 Ἄκηδιᾷ,
2732 5654 2836 5698 etc.
2871 5641 3089 5695 Eadem.

3895 5897 3916 6336 J
