3808 6536
166 297 267 353 H8!

1066 292 1378 354 SELECTA
1417 294 1484 351 IN
1516 292 1855 351 PSALMOS.
1894 324 1963 333 ——
2001 290 2197 348 PSAL.
2237 288 2351 346 LX.

3227 280 3367 339 “83

160 417 213 471 τὰ
244 416 353 489 μέσα
392 416 485 488 τῆς
532 415 654 489 γῆς,
705 416 799 470 καὶ
846 417 903 470 ἐν
935 416 1127 487 ἄκροις
1159 415 1337 473 αὐτῶν
1384 417 1675 489 γενόμενος

1801 414 1941 469 ιιίιιηι
1976 412 2168 468 David.
2219 408 2430 467 Idcirco
2461 404 2678 479 quidem
2714 403 2854 475 fugit
2899 402 3018 460 loca
3052 402 3225 458 media
3256 412 3367 459 ter-

160 509 262 562 ἐϐόα
284 509 395 582 πρὸς
420 509 509 562 τὸν
528 505 661 561 Θεόν
681 524 693 534 ·
732 508 824 561 ἐπὶ
865 506 921 560 δὲ
972 509 1039 579 τῇ
1069 507 1177 561 τῶν
1220 508 1428 562 πολλῶν
1460 508 1553 562 καὶ
1589 505 1679 560 αύ-

158 602 233 656 τοῦ
272 602 345 657 τοῦ
390 603 556 657 Σαοὺλ
600 600 883 674 ἀπωλείᾳ,
933 600 1033 673 τὴν
1079 600 1256 674 ψυχὴν
1303 602 1514 673 ἀλγῶν,
1569 602 1678 654 ἀπ·-

157 694 370 747 εκλαίετο.

226 787 303 838 Ἐν
338 784 510 852 πέτρᾳ
561 782 815 853 ὒψωσάς
834 801 930 853 με,
966 800 1020 837 κ.
1047 802 1098 837 τ.
1137 786 1182 837 ἐ.
1238 784 1449 854 Πέτραν
1481 783 1682 854 σημαία⁸

155 874 422 946 νεσθαι(94)
470 871 798 943 ἐκδεξόμεθα
837 873 1064 945 ῥέουσαν
1105 873 1472 945 πνευματικὸν
1508 874 1679 944 πόμα,

153 968 230 1021 τὸν
256 966 457 1039 Χριστόν
485 982 646 1035 φημι.
699 965 758 1018 '0
798 968 855 1018 ἐν
881 966 1051 1038 ταύτῃ
1072 968 1138 1037 τῇ
1166 966 1342 1037 πέτρᾳ
1370 964 1679 1034 γενόμενος,

152 1058 219 1130 τῷ
246 1058 457 1129 μετέχειν
482 1054 651 1127 αὐτῆς
685 1055 942 1128 (ὑπάρχει
985 1057 1094 1129 γὰρ
1123 1075 1142 1107 ι
1169 1057 1348 1126 σοφία,
1373 1058 1467 1109 καὶ
1488 1056 1684 1109 δικαιο-

153 1155 282 1226 σύνη,
321 1152 401 1205 καὶ
427 1150 694 1221 ἁγιασμὸς
731 1150 779 1221 ι)
820 1149 1208 1222 μετεωρίζεται
1242 1148 1383 1203 κατὰ
1411 1150 1502 1203 τὸν
1535 1146 1680 1212 νοῦν,

151 1244 407 1316 ὑψούμενος
438 1243 544 1296 ὑπὸ
576 1242 670 1296 τοῦ
696 1241 853 1296 Θεοῦ.
898 1242 1009 1296 Καὶ
1047 1242 1094 1297 οἱ
1131 1239 1362 1295 ἕπεσθαι
1385 1240 1442 1294 δέ
1467 1241 1544 1312 τῷ
1568 1242 1683 1295 Σω-

147 1341 254 1411 τῆρι
273 1334 592 1410 προθέμενοι,
619 1336 761 1391 κατὰ
783 1335 880 1400 τὰς
898 1336 1062 1390 αὐτοῦ
1078 1334 1391 1407 προτροπὰς
1413 1333 1681 1403 λέγοντ⁰ς’

153 1450 172 1483 ι
191 1430 328 1484 Δεῦτε
354 1429 520 1483 ὀπίσω
558 1445 680 1500 μου,
702 1447 718 1479 ι
746 1427 923 1500 ὁδηγῷ
946 1427 1093 1499 αύτῷ
1132 1424 1429 1500 χρώμενοι,
1463 1427 1562 1497 τῆς
1588 1429 1685 1480 αύο

144 1525 231 1593 τῆς
252 1521 511 1592 ἐπάρσεως
539 1519 877 1584 κοινωνοῦσι,
904 1522 1003 1575 οὐκ
1034 1520 1189 1575 ἄλλον
1219 1518 1539 1583 ἐλπίσαντες
1566 1521 1688 1590 ἡγεο

147 1618 266 1688 μόνα
304 1616 538 1687 εὑρήσειν
583 1616 679 1685 τῆς
712 1614 949 1686 ἀγούσης
983 1615 1117 1683 πρὸς
1141 1615 1234 1668 τὸν
1266 1614 1481 1668 πάντων
1515 1613 1687 1667 αἴτιον

138 1707 263 1764 ὀδοῦ.
291 1709 487 1780 Ταύτης
518 1708 619 1778 τῆς
647 1707 855 1779 δωρεᾶς
879 1706 1057 1778 τυχὼν
1090 1708 1184 1759 καὶ
1219 1706 1402 1773 Δαυῖδ,
1430 1706 1549 1778 μεθ’
1584 1705 1687 1777 ῦμ-

1788 520 1886 571 rte,
1935 514 1989 560 et
2036 504 2087 558 in
2143 501 2583 559 extremitatibus
2640 506 2910 553 terrarum
2967 496 3241 551 clamabat
3300 500 3366 551 ad

1789 595 1997 659 Deum;
2047 594 2116 650 ob
2152 594 2511 665 plurimorum
2554 606 2684 646 vero
2728 600 2891 660 atque
2935 590 3069 644 adeo
3117 591 3185 644 ob
3226 590 3369 644 Sau-

1789 690 1856 745 lis
1875 703 2089 760 quoque
2110 687 2278 757 ipsius
2306 686 2586 741 interitum
2616 684 2853 737 animam
2881 692 3163 752 torquens,
3182 681 3368 738 ﬂebat.

1860 781 1928 835 In
1959 791 2108 851 petra
2138 777 2387 833 exaltasti
2418 793 2523 841 me,
2550 784 2656 833 etc.
2708 775 2867 830 Petra
2906 774 3256 846 intelligenda
3285 785 3370 831 est

1792 873 1879 929 illa
1912 887 2032 944 qtnr
2067 870 2298 926 stillavit
2344 880 2530 938 putum
2581 868 2904 937 spiritalem,
2960 868 3238 923 Christum
3289 870 3368 923 in-

1792 980 1974 1038 quam.
2004 964 2106 1032 Qui
2146 963 2197 1017 in
2231 962 2335 1016 hac
2366 970 2517 1031 petra
2545 959 2732 1023 fuerit,
2760 960 2935 1027 ipsam
2988 961 3370 1030 participando

1795 1062 1901 1130 (est
1925 1058 2066 1114 enim
2098 1075 2117 1108 ‹
2150 1054 2439 1126 sapientia,
2465 1064 2519 1109 et
2542 1054 2753 1122 justitia
2780 1064 2833 1110 et
2854 1054 3223 1111 sanetiftcatio
3248 1055 3292 1086 “
3324 1054 3371 1128 ι)

1793 1150 2088 1208 secundum
2147 1157 2383 1202 mentem
2438 1146 2799 1214 sublimatur,
2858 1162 2887 1200 a
2943 1147 3053 1204 Deo
3105 1147 3371 1204 elevatus.

1793 1244 2057 1300 Caeterum
2114 1241 2166 1295 hi
2226 1239 2319 1308 qui
2372 1236 2723 1294 Salvatorem
2773 1254 2987 1309 quoque
3035 1240 3190 1311 sequi
3240 1256 3371 1312 prn-

1794 1336 2100 1408 posuerint,
2151 1333 2309 1404 juxta
2350 1334 2677 1390 monitiones
2718 1332 2839 1402 ejus
2885 1335 3141 1401 dicentis,
3196 1351 3217 1385 σ
3273 1332 3373 1389 Ve-

1797 1430 1911 1485 nite
1963 1438 2086 1498 pnst
2126 1443 2214 1483 me
2251 1426 2318 1492 ⁶⁸,
2360 1445 2379 1479 ι
2437 1427 2574 1481 duce
2626 1426 2745 1495 ipso
2789 1426 2893 1490 usi,
2937 1426 3178 1497 ejusdem
3225 1427 3373 1483 exal-

1797 1524 2016 1580 tationis
2082 1524 2383 1595 participes
2442 1528 2602 1586 sunt,
2662 1536 2768 1576 non
2847 1522 3014 1577 alium
3089 1530 3375 1594 sperantes

1795 1616 1959 1687 739
1997 1615 2236 1686 reperire
2273 1616 2464 1669 ducem
2496 1615 2596 1669 vite
2639 1613 2762 1685 qua»
2793 1614 2943 1670 ducit
2976 1616 3043 1669 ad
3096 1626 3375 1671 auctorem

1796 1711 2198 1764 universorum.
2243 1706 2356 1764 [loc
2391 1708 2592 1762 donum
2626 1722 2842 1777 quoque
2891 1708 3060 1763 David
3111 1724 3378 1764 consecu-

139 1820 219 1857 vou
243 1802 372 1870 λέγει
400 1800 474 1873 τῷ
504 1800 711 1873 Κυρίῳ·
761 1817 779 1851 ι
827 1798 1125 1872 Ὠδήγησάς
1162 1815 1249 1870 με,
1295 1800 1376 1852 ὅτι
1423 1798 1683 1870 ἐγενήθης

1801 1809 1898 1865 lus,
1927 1816 2049 1856 cum
2083 1800 2285 1873 hymno
2308 1799 2441 1857 dicit
2476 1799 2739 1855 Domino:
2779 1819 2798 1851 ι
2830 1801 3109 1858 Deduxisti
3137 1820 3223 1859 me
3250 1804 3376 1873 quia

140 1896 276 1959 ἐλπίς
305 1911 412 1965 μου·
448 1914 466 1946 ι
516 1894 577 1946 ού
612 1892 769 1965 μόνον
804 1893 862 1947 δέ
915 1893 1127 1964 όδηγὸς,
1164 1891 1299 1946 ἀλλά
1344 1892 1440 1945 καὶ
1480 1890 1691 1963 πύργος

134 1986 342 2058 γέγονάς
397 2005 483 2058 μοι
532 1986 640 2040 ἀπὸ
686 1983 977 2057 προσώπου
1020 1984 1234 2056 ἐχθροῦ·
1292 1985 1352 2037 σὲ
1395 1984 1503 2057 γὰρ
1540 1986 1691 2055 ἰσχὺν
1726 2050 1729 2055 ι

134 2080 279 2151 ἔχων,
314 2082 400 2134 καὶ
434 2080 615 2151 ἰσχύος
660 2077 887 2152 πύργον,
922 2078 1165 2150 ἀϐλαϐὴς
1204 2078 1468 2149 διέμεινα·
1514 2079 1693 2132 καίτοι

130 2172 220 2226 τοῦ
251 2169 430 2243 ἐχθροῦ
462 2171 820 2242 τυγχάνοντος
843 2168 1279 2244 ἀντιπροσώπου,
1308 2172 1403 2225 καὶ
1436 2169 1692 2241 πολεμεῖν

132 2265 373 2329 Θέλοντος.
402 2266 634 2317 Δύναται
653 2265 928 2336 ἀναφορὰν
958 2264 1100 2336 ἔχειν
1128 2266 1208 2327 είς
1232 2265 1312 2330 τὸ,
1352 2284 1370 2316 ι
1405 2264 1513 2319 ἀπὸ
1534 2280 1699 2335 προσ-

130 2356 271 2409 ώπου
327 2354 535 2426 ἐχθροῦ,
580 2372 598 2406 ι
650 2354 744 2408 καὶ
776 2355 855 2419 τὸ,
908 2374 926 2405 ι
964 2354 1253 2426 ὼδήγησάς
1316 2372 1404 2426 με,
1450 2372 1468 2406 ι
1519 2353 1695 2426 είρμῷ

127 2449 357 2520 τοιούτῳ·
393 2448 692 2519 Ὠδήγησὰς
728 2465 794 2518 με
819 2446 926 2500 ἀπὸ
961 2446 1252 2519 προσώπου
1294 2447 1511 2519 ἐχθροῦ,
1541 2445 1697 2509 ἐλπίς

133 2558 230 2611 μου
267 2540 651 2611 γεγενημένος·
686 2540 823 2594 ἀλλὰ
856 2539 953 2592 καὶ
992 2540 1201 2612 πύργος
1238 2540 1424 2611 ἰσχύος
1459 2538 1595 2611 πρὸς
1633 2537 1696 2591 τὸ

125 2634 452 2705 ώδηγηκὲναι
490 2650 579 2702 με,
610 2632 718 2685 ἀπὸ
747 2633 1040 2703 προσώπου
1068 2632 1263 2704 ἐχθροῦ
1296 2633 1529 2701 γέγονάς
1581 2649 1692 2702 μοι.

138 2722 314 2785 Ἐλπὶς
345 2722 449 2777 τῶν
482 2723 651 2791 ἁγίων
681 2722 907 2793 ἀληθινὴ
939 2723 1033 2776 καὶ¹
1062 2723 1400 2785 ἀδιάπτωτος
1424 2725 1452 2775 ὁ
1480 2722 1691 2794 Σωτήρ·

118 2814 245 2884 περὶ
264 2807 321 2866 οὗ
340 2831 468 2884 φησι
502 2814 732 2877 Παῦλος·
761 2833 778 2865 t
813 2814 920 2866 Καὶ
957 2813 1130 2883 Ἰησοῦ
1158 2812 1394 2885 Χριστοῦ
1421 2814 1522 2885 τῆς
1542 2811 1696 2870 ἐλπι-

113 2907 202 2969 δος
232 2907 402 2976 ἡμῶν⁸
448 2925 466 2957 ι
494 2906 589 2960 καὶ
616 2908 650 2977 ἡ
686 2905 1012 2977 προφητεία·
1056 2922 1077 2957 ι
1123 2906 1240 2960 Ἐπ’
1265 2904 1416 2978 αὐτῷ
1443 2906 1569 2979 ἔθνη
1604 2907 1695 2963 ἐλ-

113 2999 344 3053 πιοῦσιν.
402 3019 419 3051 ι
480 2999 649 3063 Αὐτὸς
700 2999 809 3068 γὰρ
860 3000 888 3051 ὁ
936 2998 1421 3069 προαναφωνηθεὶς
1477 2999 1694 3053 ἔσεσθαι

110 3092 283 3147 ἐθνῶν
313 3093 629 3165 προσδοκία.
658 3093 922 3163 Παροικεῖ
951 3092 1008 3146 δέ
1026 3110 1111 3157 τις
1135 3092 1441 3157 τελειωθεὶς
1468 3095 1526 3147 ἐν
1548 3094 1697 3162 ἅγιόν

105 3203 233 3257 τητι
265 3187 347 3249 είς
366 3187 490 3250 τοὺς
513 3184 715 3249 αἰῶνας
741 3186 797 3238 ὲν
841 3185 1033 3256 ἐκείνῳ
1070 3184 1147 3256 τῷ
1177 3183 1513 3257 σκηνώματι·
1549 3186 1578 3238 ὃ
1604 3187 1699 3259 δη-

104 3277 193 3331 λοῖ
218 3278 299 3342 τὸ,
336 3298 353 3329 ί
394 3275 489 3342 Τίς
515 3278 929 3349 κατασκηνώσει
951 3279 1010 3331 ἐν
1033 3277 1147 3349 ὄρει
1174 3277 1315 3348 ἁγίῳ
1348 3295 1474 3343 σου;
1517 3297 1534 3330 ι
1559 3278 1699 3332 Attii-

102 3386 221 3422 νιον
254 3369 365 3441 γὰρ
389 3369 547 3423 τοῦτο
575 3368 769 3422 ταυτὸν
797 3369 856 3422 ὃν
881 3371 945 3440 τῇ
984 3372 1177 3441 σκηνῇ,
1215 3371 1280 3440 ἢν
1307 3368 1507 3441 ἔπηξεν
1535 3373 1563 3424 ὁ
1587 3369 1700 3424 Κύ-

100 3478 245 3533 ριος,
278 3461 373 3514 καὶ
394 3462 493 3514 οὐκ
523 3460 825 3533 ἄνθρωπος.
847 3460 993 3532 Πλὴν
1015 3463 1062 3513 εί
1088 3462 1182 3514 καὶ
1207 3460 1348 3514 οὕτω
1363 3460 1699 3532 τελειότητος

97 3551 220 3623 ἔχει
248 3554 281 3624 ὴ
314 3551 540 3623 τοιαύτη
576 3552 773 3624 σκηνὴ,
797 3552 871 3615 ὡς
893 3553 987 3605 καὶ¹
1013 3552 1179 3621 ’Ἅγια
1210 3552 1381 3621 ἁγίων
1404 3546 1565 3614 εἶναι,
1583 3554 1696 3607 ἀλλ’

96 3642 203 3699 οὖν
237 3648 356 3700 ἐστι
389 3647 505 3715 μετ’
531 3644 700 3715 αὐτὴν
734 3644 1067 3709 κατάστασις
1103 3645 1446 3715 ὑπερέχουσα
1476 3645 1583 3698 τῶν
1615 3645 1702 3699 λο-

92 3740 302 3810 γικῶν,
331 3739 456 3793 καθ’
491 3741 558 3810 ἣν
587 3740 798 3794 ἔσονται
825 3742 883 3795 ἐν
907 3740 1080 3810 Πατρὶ
1108 3739 1201 3793 καὶ
1244 3738 1377 3810 Υἱῴ,
1416 3739 1613 3810 μᾶλλον
1642 3739 1700 3792 δὲ

86 3835 164 3902 τῇ
198 3832 414 3903 Τριάδι·
446 3831 527 3885 διὸ
576 3835 859 3903 παροικεῖν
898 3834 978 3894 είς
1026 3831 1152 3894 τοὺς
1182 3831 1404 3895 αίῶνας,
1468 3832 1581 3885 ἀλλ’
1635 3833 1696 3885 οὐ

84 3927 384 3979 κατοικεῖν
416 3926 475 3978 ἐν
503 3923 582 3995 τῷ
614 3921 930 3994 σκηνώματι
960 3921 1190 3993 εἴρηται.
1242 3922 1300 3977 Ὀ
1327 3923 1387 3975 ἐν
1415 3920 1589 3992 τούτῳ
1621 3922 1698 3993 τῷ

81 4018 235 4088 οἴκῳ
269 4016 514 4087 γεγονὼς
533 4015 971 4088 σκεπασθήσεται
994 4016 1053 4068 ἐν
1077 4017 1142 4086 τῇ
1152 4014 1264 4072 τῶν
1289 4014 1574 4087 πτερύγων
1602 4015 1697 4069 τοῦ

78 4109 238 4161 Θεοῦ
269 4109 475 4181 σκέπῃ.

170 4199 460 4265 Ἕὸωκας
483 4198 886 4268 κληρονομίαν
916 4193 1041 4265 τοῖς
1069 4199 1478 4269 φοϐουμένοις,
1498 4215 1550 4251 κ.
1578 4214 1629 4251 τ.
1648 4199 1694 4251 ἐ.

74 4291 371 4355 Πλούσιός
404 4292 512 4363 γάρ
563 4291 674 4363 (95)
706 4290 804 4356 ὣν,
847 4292 1000 4363 φησὶ,
1053 4291 1146 4345 καὶ
1196 4291 1437 4362 μεγάλας
1491 4290 1698 4361 δωρεὰς

71 4382 391 4453 παρέχεις·
432 4381 629 4453 μᾶλλον
661 4382 717 4435 δὲ
738 4381 1091 4453 χαριζόμενος
1121 4384 1232 4444 τοῖς
1246 4381 1467 4444 τελείοις
1490 4379 1699 4450 ἀνθρώ-

1794 1893 1971 1949 factus
2005 1907 2066 1949 es
2095 1908 2219 1964 spes
2259 1908 2417 1949 mea:
2452 1912 2471 1948 ι
2519 1909 2625 1950 non
2669 1893 2842 1948 solum
2883 1905 3060 1950 autem
3093 1896 3195 1950 dux
3223 1935 3238 1960 ,
3282 1895 3376 1949 sed

1795 1986 1957 2042 etiam
1985 1986 2151 2042 turris
2181 1986 2359 2041 factus
2386 2001 2447 2042 es
2483 1987 2611 2040 mihi
2643 2001 2672 2039 a
2700 1986 2838 2042 facie
2874 1986 3118 2042 inimici:
3151 1996 3201 2041 te
3230 1986 3376 2041 enim

1796 2076 2169 2133 fortitudinem
2213 2077 2421 2133 habens
2467 2085 2523 2132 et
2558 2076 2894 2132 fortitudinis
2928 2078 3142 2140 turrim,
3176 2077 3377 2132 illzesus

1795 2170 2100 2242 permansi;
2138 2168 2352 2226 tametsi
2381 2171 2634 2226 inimicus
2655 2180 2798 2227 esset
2823 2182 2950 2226 ante
2977 2171 3169 2227 faciem
3201 2187 3379 2226 meam

1796 2274 1852 2319 et
1892 2277 2210 2334 oppugnare
2256 2277 2342 2318 me
2394 2262 2577 2319 vellet.
2633 2260 2817 2317 Potest
2846 2262 3039 2318 referri
3092 2263 3158 2318 ad
3203 2262 3334 2317 illud
3361 2302 3376 2326 ,

1802 2375 1822 2410 ι
1853 2369 1886 2412 a
1922 2356 2063 2413 facie
2111 2356 2340 2420 inimici,
2369 2375 2388 2409 ο
2425 2358 2590 2413 etiam
2627 2357 2797 2425 istud,
2835 2376 2854 2409 ι
2884 2357 3156 2413 deduxisti
3190 2371 3278 2412 me
3302 2396 3319 2421 ,
3353 2374 3375 2409 ι

1799 2450 1892 2505 tali
1926 2450 2268 2507 connexione
2292 2469 2304 2504 :
2326 2452 2606 2507 Deduxisti
2645 2467 2730 2505 me
2762 2468 2789 2507 a
2823 2451 2962 2506 facie
2997 2449 3224 2515 inimici,
3254 2466 3379 2522 spes

1799 2557 1916 2597 mea
1950 2541 2167 2609 factus;
2216 2544 2312 2598 sed
2354 2553 2410 2598 et
2443 2545 2609 2600 turris
2646 2544 2981 2599 fortitudinis
3011 2545 3079 2598 ad
3108 2544 3383 2599 deducen-

1798 2636 1924 2689 dum
1962 2652 2048 2690 me
2075 2676 2090 2701 ,
2130 2650 2159 2689 a
2201 2636 2339 2690 facie
2369 2636 2575 2691 inimici
2611 2636 2744 2690 mihi
2782 2636 2954 2691 fuisti.
2991 2636 3127 2706 Spes
3156 2644 3380 2690 sancto-

1798 2740 1917 2780 rum
1944 2741 2073 2781 vera
2104 2736 2157 2782 et
2181 2727 2500 2783 indeficiens
2526 2738 2608 2781 est
2636 2726 2918 2790 Salvator;
2954 2727 3019 2781 de
3046 2741 3154 2796 quo
3179 2725 3381 2780 Paulus

1798 2817 1910 2872 ait:
1948 2837 1967 2871 ι
1996 2818 2063 2874 Ει
2113 2817 2313 2875 Christi
2356 2816 2484 2874 Jesu
2517 2812 2632 2888 spei
2667 2827 2867 2873 nostra:
2894 2818 2974 2884 '5;
3006 2837 3025 2869 ι
3059 2828 3115 2873 et
3148 2818 3382 2886 prophe-

1798 2910 1871 2966 tia
1902 2932 1914 2966 :
1955 2929 1975 2962 ι
2005 2909 2061 2964 ln
2094 2910 2211 2981 ipso
2244 2920 2434 2982 gentes
2463 2910 2764 2981 sperabunt
2787 2911 2852 2964 ".
2885 2929 2904 2963 ι
2928 2908 3045 2980 ipse
3071 2910 3214 2964 enim
3245 2924 3379 2979 prae-

1799 3001 2083 3056 nuntiatus
2103 3012 2189 3057 est
2218 3001 2339 3057 fore
2368 3004 2611 3074 gentium
2641 3003 3002 3072 exspectatio.
3020 3001 3190 3055 Porro
3220 3001 3378 3054 inha-

1800 3091 1939 3149 bitat
1985 3094 2187 3163 aliquis
2235 3094 2511 3164 perfectus
2551 3095 2603 3149 in
2656 3095 2943 3149 sanctitate
2984 3094 3037 3147 in
3092 3092 3287 3147 saecula
3324 3091 3381 3145 in

1801 3184 1894 3239 illo
1929 3186 2319 3243 tabernaculo:
2363 3187 2507 3258 quod
2540 3187 2784 3243 declarat
2832 3187 2975 3241 istud
3000 3229 3016 3253 ,
3067 3204 3086 3237 ι
3120 3186 3255 3253 Quis
3291 3199 3377 3237 re-

1802 3277 2049 3347 quiescet
2079 3277 2134 3331 in
2168 3287 2352 3333 monte
2402 3288 2597 3334 sancto
2643 3288 2734 3333 tuo
2764 3277 2848 3332 ‘3?
2879 3298 2898 3330 ι
2932 3277 3203 3333 Saeculum
3234 3279 3379 3333 enim

1800 3371 1930 3427 illud
1960 3371 2101 3427 idem
2138 3380 2222 3426 est
2264 3372 2410 3441 quod
2443 3372 2853 3427 tabernaculum
2881 3411 2896 3436 ,
2930 3371 3074 3441 quod
3110 3370 3229 3424 fixit
3278 3371 3384 3424 Do-

1801 3466 2003 3527 minus,
2033 3472 2086 3517 et
2120 3478 2227 3518 non
2267 3464 2452 3521 homo.
2485 3463 2751 3520 Caeterum
2786 3465 2831 3520 si
2874 3466 3037 3519 etiam
3072 3463 3381 3517 istiusmodi

1802 3556 2209 3611 tabernaculum
2272 3566 2478 3610 tantam
2544 3556 2796 3611 habuerit
2843 3555 3271 3627 perfectionem,
3324 3564 3382 3607 nt

1803 3648 2001 3705 Sancta
2029 3660 2342 3706 sanctorum
2378 3650 2490 3716 sit,
2526 3652 2714 3720 utique
2755 3659 2877 3720 post
2932 3649 3065 3704 illud
3097 3658 3179 3704 est
3209 3658 3383 3704 status

1802 3744 2143 3799 rationabilia
2175 3743 2588 3811 transcendens,
2615 3744 2911 3798 secundum
2942 3757 3105 3813 quem
3136 3751 3298 3797 erunt
3327 3741 3381 3794 in

1801 3836 1966 3891 Patre
1997 3845 2051 3891 et
2077 3835 2237 3902 Filio,
2278 3837 2386 3891 imo
2420 3837 2599 3905 potius
2626 3836 2679 3890 in
2708 3836 3017 3891 Trinitate:
3047 3842 3383 3905 quapmpter

1802 3927 2110 3984 inhabitare
2141 3929 2194 3983 in
2226 3927 2448 3993 saecula,
2483 3943 2593 3983 non
2627 3937 2807 3982 autem
2839 3927 3092 3983 habitare
3116 3926 3169 3981 in
3207 3925 3383 3980 taber-

1801 4019 1994 4076 naculo
2021 4021 2221 4075 dictum
2254 4029 2357 4075 est.
2384 4020 2484 4086 Qui
2516 4020 2568 4074 in
2598 4019 2701 4073 hac
2725 4008 2887 4076 domo
2920 4018 3107 4085 fuerit,
3136 4017 3239 4072 sub
3263 4032 3382 4069 um.

1795 4111 1899 4167 bra
1928 4111 2138 4167 alarum
2178 4112 2270 4167 Dei
2299 4124 2632 4183 protegetur.

1871 4203 2039 4260 Vens.
2062 4204 2115 4259 6.
2150 4202 2351 4259 Dedisti
2374 4203 2734 4258 facunditatem
2759 4198 3212 4267 timentibmg’étc.
3242 4198 3378 4252 Cum

1798 4297 1967 4364 enim,
1996 4296 2194 4368 inquit,
2222 4297 2373 4353 dives
2399 4298 2499 4362 sis,
2527 4312 2722 4366 magna
2748 4310 2969 4366 quoque
2996 4307 3216 4348 munera
3242 4306 3380 4361 pra:-

1798 4392 1930 4445 bes:
1957 4389 2066 4445 imo
2089 4389 2402 4444 hominibus
2424 4370 2922 4460 perteottﬁtonans
2941 4386 3085 4442 ﬁlios
3108 4384 3201 4439 Dei
3235 4382 3377 4445 ﬁeri,

68 4493 220 4539 ποις
259 4475 328 4527 τὸ
358 4474 614 4543 γενέσθαι
647 4492 742 4528 σου
773 4476 941 4538 υἱοὺς,
977 4473 1339 4545 κληρονομίαν
1376 4473 1562 4536 αὐτοῖς
1609 4471 1683 4525 δέ·

1801 4482 2175 4537 btereditatem
2208 4482 2341 4551 ipsis
2376 4481 2612 4536 tribuisti
2648 4498 2663 4536 :
2694 4480 2798 4535 etsi
2840 4479 2987 4533 enim
3030 4483 3381 4546 exspectetur

61 4568 302 4631 δωκας·
336 4569 389 4620 εί
420 4567 530 4636 γὰρ
563 4566 656 4619 καὶ
680 4564 1389 4637 προσδοκᾶταιδοθησομένη
1427 4564 1566 4635 μετά
1597 4564 1694 4635 τὴν

57 4660 405 4713 ἀνάστασιν
430 4660 487 4711 ἐν
510 4657 588 4728 τῷ
614 4657 859 4729 μέλλοντι
882 4656 1056 4710 αίῶνι·
1093 4655 1229 4709 ἀλλὰ
1255 4672 1320 4724 γε
1347 4657 1426 4726 τῷ
1456 4655 1554 4727 ἤδη
1591 4655 1694 4724 ηύ⁴

57 4751 411 4823 πρεπίσθαι
453 4751 657 4804 δέδοται
710 4753 823 4814 τοῖς
872 4752 952 4814 είς
983 4750 1152 4822 αὐτὴν
1202 4748 1344 4803 κατά
1378 4748 1567 4819 καιρὸν
1604 4749 1693 4802 τὸν

48 4845 282 4897 δέοντα
348 4842 769 4914 ἀχθησομένοις.
804 4843 914 4896 Καὶ
947 4842 1026 4895 ἔτι
1075 4844 1186 4906 τοῖς
1235 4840 1588 4912 φοϐουμένοις
1633 4840 1693 4893 τὸ

44 4935 264 5006 ὄνομα
304 4935 480 4989 αὑτοῦ
510 4938 538 4989 ὁ
569 4937 699 5001 Θεὸς
728 4934 1093 5007 κληρονομίαν
1126 4934 1345 4988 ἔδωκεν.
1394 4934 1517 4988 Ἐάν
1550 4952 1633 4997 τις

40 5029 329 5099 διαφορά
394 5028 742 5098 φοϐουμένων
784 5028 876 5082 τὸν
907 5027 1039 5081 Θεὸν
1079 5026 1172 5081 καλ¹
1205 5026 1263 5079 τὸ
1296 5025 1465 5097 ὄνομα
1504 5025 1691 5091 αὑτοῦ,

40 5122 477 5175 πιστευόντων
506 5121 653 5193 αὑτῷ
674 5124 767 5176 xui.
791 5120 867 5192 τῷ
880 5121 1104 5192 ὀνόματι
1130 5118 1318 5187 αὐτοῦ,
1347 5121 1469 5174 ἐπεὶ
1498 5119 1695 5173 πολλά-

34 5232 157 5277 κις
206 5214 473 5285 εἶ’ρηται,
517 5213 935 5286 ὑποδεεστέρους
967 5210 1108 5268 εἶναι
1161 5216 1285 5279 τοὺς
1316 5212 1693 5276 οἰκειωθέντας

33 5310 123 5379 τῇ
168 5306 283 5358 τοῦ
325 5305 473 5359 Θεοῦ
528 5307 887 5379 προσηγορίᾳ,
928 5307 1034 5361 τῶν
1069 5307 1379 5362 ἑνωθέντων
1421 5305 1569 5377 αὐτῷ
1612 5304 1691 5376 τῷ

33 5397 215 5468 θεῷ·
254 5400 377 5471 ὅρα
414 5400 489 5463 ὡς
517 5399 737 5463 καὶτοῖς
762 5400 1110 5470 φοϐουμένοις
1140 5400 1233 5453 τὸν
1261 5399 1392 5454 Θεὸν
1419 5399 1628 5453 δέδοται
1654 5400 1689 5470 ἡ

33 5492 466 5564 γληρονομία·
515 5496 562 5547 εί
610 5493 717 5564 γάρ
767 5497 876 5558 τοῖς
908 5494 1316 5565 ὑποδεεστέροις
1345 5494 1623 5564 ὑπῆρκται
1658 5494 1692 5564 ἡ

33 5583 240 5657 χάρις
266 5585 455 5657 αὕτη,
497 5585 674 5656 πολλῷ
706 5586 865 5639 πλέον
898 5588 1007 5650 τοῖς
1037 5586 1590 5658 ὑπεραναϐεϐηκόσιν.

115 5678 236 5731 ⁸⁸1
274 5677 431 5731 Cor.
464 5693 505 5741 ι,
532 5677 620 5733 30.
697 5676 741 5710 ⁵⁵
784 5678 972 5732 Matth.
1004 5694 1077 5743 tv,
1109 5679 1195 5734 i9.
1272 5678 1318 5710 ⁵⁸
1348 5677 1364 5732 l
1393 5678 1532 5732 Tim.
1563 5693 1603 5736 ι,
1642 5677 1691 5731 1.

121 5768 269 5841 (94)
291 5767 546 5837 Πέτραν
571 5770 989 5839 σημαίνεσθαι,
1015 5780 1124 5825 etc.
1150 5772 1355 5827 Catena
1387 5768 1656 5826 Corderii.

513 5864 788 5925 Parnm.
835 5863 930 5923 Gn
1000 5864 1142 5926 XII.

1802 4573 2049 4629 donanda
2089 4583 2212 4642 post
2238 4572 2695 4627 resurrectionem
2726 4571 2780 4624 in
2817 4568 3020 4627 saeculo
3051 4568 3272 4632 futuro;
3306 4575 3383 4620 at»

1803 4674 1981 4720 tamen
2012 4681 2135 4721 cum
2182 4664 2508 4734 jampridem
2556 4673 2856 4732 praeparata
2908 4664 3000 4730 sit,
3035 4663 3161 4718 data
3200 4670 3286 4716 est
3314 4660 3381 4716 iis

1801 4760 1893 4829 qui
1924 4758 2069 4812 illam
2112 4765 2357 4827 tempore
2387 4765 2698 4826 opportuno
2739 4754 2946 4831 δαίουτεί
2973 4762 3119 4810 sunt.
3151 4751 3292 4820 Quin
3323 4762 3381 4808 et

1803 4850 2122 4906 timentibus
2158 4863 2357 4904 nomen
2398 4865 2554 4903 suum
2597 4848 2747 4903 dedit
2798 4848 2941 4903 Deus
2983 4846 3376 4902 haereditatem.

1805 4943 1861 4998 Si
1900 4942 2149 5012 quaedam
2197 4942 2269 4996 sit
2302 4939 2610 4998 differentia
2651 4943 2798 4996 inter
2829 4941 3085 4995 timentes
3125 4938 3297 4993 Deum
3327 4947 3381 4990 et

1800 5053 2000 5095 nomen
2037 5038 2154 5108 ejus
2180 5078 2194 5104 ,
2226 5037 2521 5092 credentes
2552 5035 2651 5105 ipsi
2688 5043 2743 5091 et
2791 5034 2997 5089 nomini
3051 5031 3168 5100 ejus
3198 5069 3214 5093 ,
3251 5045 3377 5084 cum

1798 5145 1945 5203 saepe
1970 5130 2174 5187 dictum
2212 5131 2307 5195 sit,
2341 5129 2460 5185 illos
2489 5129 2581 5200 qui
2617 5129 3039 5200 appeJtlationem
3083 5123 3174 5177 Dei
3204 5123 3379 5190 partio

1798 5226 2052 5296 ciparunt
2080 5224 2368 5279 inferiores
2389 5238 2507 5279 esse
2529 5225 2599 5279 iis
2627 5224 2718 5294 qui
2753 5223 2852 5293 ipsi
2890 5221 3002 5276 Deo
3035 5218 3169 5272 uniti
3212 5226 3374 5281 sunt;

1798 5317 1922 5373 vide
1953 5325 2013 5372 ut
2043 5318 2207 5372 etiam
2244 5316 2560 5373 timentibus
2589 5316 2756 5372 Deum
2786 5316 2909 5370 data
2944 5314 3016 5367 sit
3038 5310 3328 5365 btereditas
3359 5327 3375 5362 :

1799 5420 1927 5461 nam
1956 5405 2003 5459 si
2031 5404 2382 5461 inferioribus
2414 5405 2593 5477 gratia
2623 5407 2735 5461 haec
2761 5405 2977 5475 obtigit,
3006 5401 3177 5459 tnuito
3207 5401 3378 5470 magis

1798 5497 1905 5555 illis
1932 5498 2026 5570 qui
2062 5498 2162 5553 hos
2196 5508 2477 5571 superant.

1783 5673 1827 5706 "
1852 5670 1989 5728 Gen.
2023 5687 2168 5735 xux,
2202 5672 2288 5727 10.
2366 5671 2411 5705 ⁸⁸
2437 5671 2577 5727 Psal.
2610 5687 2722 5735 xw,
2756 5673 2808 5729 i.

1878 5762 1985 5835 (95)
2012 5763 2313 5830 Hlov'moc
2346 5762 2476 5833 γάρ,
2511 5772 2613 5820 etc.
2652 5763 2877 5820 Eadem.

2442 5894 2457 5901 υ
2940 5858 3015 5914 k7
