3944 6386
477 222 616 278 1483

1825 218 1912 273 EX
1952 217 2252 274 ORIGENE

3617 226 3739 280 ιιει

547 341 827 410 Ejusdem.
881 338 1179 411 Analogam
1235 335 1422 395 lsraeli
1471 336 1851 393 hereditatem
1919 338 2058 393 forte

2243 336 2354 391 Τοῦ
2395 337 2604 394 αὑτοῦ.
2641 338 2795 411 Τάχα
2826 337 2938 413 (96)
2969 339 3332 412 κληρονομίαν
3363 339 3466 414 τὴν
3494 341 3740 412 ἀνάλογον

476 438 624 496 dedit
655 437 910 492 Dominus
947 433 1268 490 timentibus
1298 447 1394 499 se;
1422 430 1628 488 Levitis
1657 439 1840 488 autem
1872 430 2057 488 analo-

473 549 596 606 gam
623 531 772 588 dedit
801 527 1148 601 diligentibus
1177 542 1256 584 se.

546 713 637 770 Sic
680 710 907 784 psallam
947 707 1148 764 nomini
1175 717 1286 775 tuo,
1313 716 1419 764 etc.
1456 708 1590 764 Cum
1620 707 1709 762 illa
1739 723 1861 778 qua:
1897 724 2057 780 roga-

473 823 656 863 veram
691 823 719 860 a
779 813 830 860 te
873 804 1238 874 impetravero
1267 841 1282 866 ,
1316 801 1388 857 ita
1436 802 1639 873 gratias
1675 801 1839 875 740
1886 817 2056 875 agens

479 920 499 954 ι
532 901 800 973 psalmum
834 899 1012 953 dicam
1045 895 1252 951 nomini
1286 905 1402 960 tuo,
1432 914 1450 948 ›
1485 894 1851 966 operibusque
1878 907 1935 953 et
1966 911 2058 952 co—

473 994 830 1066 gitationibus
864 1008 927 1048 ac
953 992 1136 1047 verbis
1168 989 1325 1045 bonis
1355 1004 1479 1044 eam
1513 1005 1632 1060 qua:
1664 990 1794 1044 mihi
1823 989 2053 1061 obtigit,

473 1086 710 1144 nominis
744 1085 821 1141 tui
871 1084 1294 1154 appellationem
1328 1081 1644 1138 celebrabo.
1678 1083 1858 1153 Atque
1902 1083 2056 1137 insu-

472 1196 569 1252 per
602 1181 668 1235 de
703 1179 791 1234 die
822 1179 874 1232 in
905 1179 1048 1233 diem
1077 1191 1197 1246 qua:
1222 1191 1477 1232 voveram
1510 1175 1759 1241 reddam,
1791 1175 1931 1232 sicut
1964 1174 2056 1231 Ja.

472 1274 576 1331 cob
606 1275 681 1330 ait
709 1296 720 1330 :
747 1291 766 1326 ι
798 1272 854 1328 Si
884 1270 1093 1327 dederit
1119 1269 1250 1325 mihi
1281 1270 1419 1324 Deus
1445 1283 1637 1338 panem
1669 1267 1736 1322 ad
1765 1269 2057 1325 comeden-

2159 428 2237 501 τῷ
2268 428 2481 500 Ἰσραὴλ
2526 429 2692 485 ἔδωκε
2723 434 2835 496 τοῖς
2868 431 3224 504 φοϐουμένοις
3258 433 3421 488 αὑτὸν
3453 435 3482 487 6
3527 433 3738 508 detog,

2159 521 2256 593 τὴν
2281 521 2338 575 δὲ
2376 521 2638 591 ἀνάλογον
2667 526 2779 589 τοῖς
2812 525 3066 590 Λευΐταις
3115 525 3284 580 ἔδωκε
3315 530 3431 592 τοῖς
3465 527 3739 596 ἀγαπῶσιν

2161 613 2348 670 αὐτόν.

2233 709 2430 778 Οὕτως
2461 710 2639 780 ψαλῶ
2691 709 2775 776 τῷ
2817 710 3066 780 ὀνόματί
3116 725 3254 778 σου,
3305 729 3362 766 κ.
3407 730 3458 766 τ.
3511 712 3560 766 ἐ.
3605 712 3741 766 Ἐπεὶ

2159 795 2234 858 ὦν
2270 803 2381 876 (97)
2420 804 2630 876 ἠξίωσα
2671 804 2826 878 παρὰ
2855 803 2948 857 σοῦ
2995 804 3214 874 τέτυχα,
3249 805 3577 878 εὐχάριστος
3617 805 3742 858 οὕτω

2158 894 2398 964 γεγονὼς
2432 915 2450 947 ί
2487 895 2647 966 ψαλῶ
2677 898 2754 969 τῷ
2777 895 3002 967 ὀνόματί
3038 913 3155 961 σου,
3209 913 3228 945 ι
3250 893 3435 964 ὑμνῶν
3452 891 3522 943 δι’
3557 896 3737 966 ἔργων,
3773 885 3781 896 ’

2158 989 2446 1061 νοημάτων
2463 1009 2522 1045 τε
2545 991 2640 1046 καὶ
2678 991 2853 1061 λόγων
2874 989 3096 1060 ἀγαθῶν
3119 989 3218 1060 τὴν
3245 987 3332 1042 ἐπ’
3379 991 3508 1061 ἐμοὶ
3539 991 3740 1060 κληρω-

2158 1082 2342 1139 θεῖσαν
2371 1084 2743 1158 προσηγορίαν
2771 1103 2882 1139 σου.
2915 1085 3026 1139 Καὶ
3057 1083 3194 1156 πρὸς
3218 1083 3392 1155 τούτῳ
3423 1083 3645 1155 ἡμέραν
3690 1081 3743 1147 ἐξ

2156 1177 2371 1249 ἡμέρας
2399 1179 2434 1232 ἃ
2462 1178 2716 1250 ηὐξάμην
2750 1177 3030 1233 ἀποδώσω·
3057 1175 3246 1248 ὥσπερ
3277 1178 3308 1229 6
3338 1175 3538 1230 Ἰακώϐ
3566 1193 3739 1246 φησιν’

2167 1289 2185 1323 s
2223 1272 2347 1325 Ἐὰν
2386 1271 2462 1343 δῷ
2493 1289 2582 1343 μοι
2608 1274 2638 1326 ὀ
2669 1271 2799 1335 Θεὸς
2847 1271 3012 1343 ἄρτον
3053 1272 3267 1341 φαγεῖν,
3299 1289 3320 1323 ι
3361 1270 3455 1322 καὶ
3498 1269 3568 1322 τά
3605 1268 3740 1337 ἑῇς,

470 1369 623 1435 dum,
655 1386 672 1419 ι
696 1374 828 1430 etc.,
853 1385 872 1418 ι
895 1364 1136 1419 omnium
1161 1376 1496 1432 quaecunque
1518 1360 1645 1414 mihi
1669 1360 1884 1416 dederis
1907 1359 2054 1415 deci-

2169 1383 2188 1416 t
2221 1365 2437 1420 πάντων
2466 1359 2540 1419 ὧν
2566 1366 2661 1419 ἐάν
2698 1383 2787 1436 μοι
2819 1365 2924 1436 δῷς
2955 1365 3187 1435 δεκάτην
3230 1361 3636 1418 άποδεκατὼσω
3667 1377 3740 1412 σοι

472 1477 616 1516 mam
646 1460 929 1516 decimabo
963 1471 1024 1512 ea
1060 1455 1151 1510 tibi
1178 1455 1252 1518 °’;
1280 1473 1298 1507 ι
1323 1469 1445 1509 nam
1480 1463 1605 1508 ante
1631 1452 1745 1508 hare
1779 1454 1943 1507 verba
1973 1453 2056 1506 di-

2166 1456 2314 1512 αὺτά·
2349 1477 2366 1511 s
2401 1458 2507 1528 πρὸ
2539 1459 2648 1529 γάρ
2671 1457 2875 1514 τούτων
2899 1457 3009 1512 τῷν
3039 1457 3214 1526 λόγων
3240 1457 3469 1528 φέρεται
3494 1456 3577 1519 τὸ,
3595 1475 3613 1505 ι
3642 1452 3744 1506 Hb-

469 1556 648 1610 citur:
689 1572 707 1605 t
744 1553 810 1608 Et
857 1550 1000 1605 vovit
1038 1549 1207 1606 Jacob
1250 1548 1458 1613 dicens,
1504 1544 1560 1601 Si
1595 1545 1759 1599 fuerit
1793 1543 2054 1599 Dominus

2166 1547 2287 1614 Ξατο
2309 1551 2338 1603 6
2383 1549 2578 1604 Ἰακὼϐ
2602 1551 2774 1619 λέγων
2802 1551 2882 1613 τὸ,
2931 1550 3059 1604 Ἐὰν
3166 1549 3370 1621 Κύριος
3403 1550 3525 1620 μετ’
3546 1545 3700 1618 ἐμοῦ,
3722 1565 3738 1595 ι

469 1661 706 1710 mecum,
733 1664 751 1697 ι
785 1659 959 1714 usque
1006 1644 1073 1698 ad
1117 1643 1234 1698 haec
1288 1641 1488 1696 verba:
1537 1658 1555 1692 ι
1591 1639 1868 1694 Decimam
1902 1637 2053 1692 deci-

2166 1642 2263 1707 έως
2300 1641 2424 1706 τοῦ,
2453 1660 2470 1694 t
2518 1643 2759 1714 Δεκάτην
2788 1641 3188 1697 άποδεκατώσω
3217 1660 3297 1696 σοι
3329 1640 3492 1694 αὑτά.
3538 1659 3556 1691 ι
3591 1634 3664 1692 Εὖ
3692 1638 3746 1692 6k

467 1741 632 1794 mobo
661 1753 722 1793 ea
757 1738 876 1793 tibi.
911 1755 930 1789 ι
969 1736 1112 1792 Bene
1145 1744 1325 1789 autem
1356 1732 1558 1787 dicitur
1593 1740 1650 1787 et
1682 1729 1834 1798 illud,
1871 1729 1938 1785 de
1967 1730 2052 1784 die

2166 1735 2247 1789 καὶ
2278 1735 2338 1788 τὸ
2375 1736 2570 1800 εἰπεῖν,
2605 1734 2816 1807 ἡμέραν
2840 1734 2899 1802 ἐξ
2938 1734 3152 1806 ἡμέρας
3177 1734 3276 1799 τὰς
3310 1733 3477 1803 εὐχὰς
3517 1731 3746 1786 ama.

472 1832 526 1887 iu
562 1831 702 1885 diem
734 1840 856 1885 vota
906 1828 1132 1884 reddere
1162 1867 1179 1895 ,
1220 1835 1276 1881 et
1324 1823 1594 1895 psalmum
1624 1821 1808 1879 dicere
1841 1821 2050 1878 nomini

2166 1843 2260 1889 lat,
2287 1825 2511 1896 ψάλλειν
2551 1843 2610 1879 τε
2638 1826 2716 1898 τῷ
2763 1826 2987 1898 ὀνόματι
3021 1826 3114 1880 τοῦ
3145 1825 3280 1879 Θεοῦ
3331 1827 3410 1889 εἰς
3443 1825 3536 1878 τὸν
3573 1823 3742 1877 αἰῶνα

473 1926 565 1982 Dei
595 1925 648 1980 in
677 1922 928 1979 sacculum
963 1918 1180 1984 szeculi;
1208 1933 1272 1973 eo
1298 1917 1443 1986 quod
1473 1916 1588 1971 haec
1615 1914 1808 1986 psalmi
1833 1915 2051 1987 quidem

2166 1917 2246 1972 τοῦ
2281 1918 2495 1983 αἰῶνος·
2531 1919 2608 1990 τῷ
2630 1920 2689 1973 τὸ
2714 1919 2812 1991 μὲν
2829 1920 3051 1990 ψάλλειν
3079 1919 3156 1991 τῷ
3180 1919 3404 1990 ὀνόματι
3426 1918 3523 1972 τοῦ
3551 1919 3740 1989 ὑμνου-

470 2019 724 2075 recitatio
746 2015 952 2072 nomini
981 2014 1098 2085 ejus
1119 2013 1207 2082 qui
1231 2011 1509 2076 laudatur,
1535 2007 1861 2064 extendatur
1881 2022 2053 2078 usque

2166 2011 2317 2082 μένου
2349 2012 2727 2084 παρεκτείνειν
2758 2012 2863 2078 ἕως
2900 2013 2994 2068 τοῦ
3024 2013 3305 2086 μέλλοντος
3337 2012 3558 2076 αἰῶνοςο
3595 2011 3656 2065 τὸ
3691 2011 3746 2064 δέ

469 2113 523 2170 in
553 2112 806 2170 saeculum
837 2108 1111 2174 futurum;
1143 2107 1246 2162 ista
1277 2118 1405 2158 vero
1432 2102 1541 2156 voti
1569 2101 1802 2158 redditio
1828 2099 2054 2170 implea-

2166 2105 2257 2169 τὰς
2274 2105 2435 2175 εὐχὰς
2459 2105 2750 2162 ἀποδοῦναι
2775 2106 3133 2179 πληροῦσθαι,
3159 2108 3264 2171 ἕως
3285 2106 3363 2160 ἔτι
3386 2109 3414 2160 6
3436 2105 3497 2170 ἐξ
3521 2103 3746 2176 ἡμερῶν

469 2217 578 2273 tur,
613 2209 787 2261 donec
817 2203 994 2259 adhuc
1018 2215 1087 2255 ex
1116 2199 1306 2254 diebus
1336 2208 1549 2267 tempus
1579 2193 1914 2265 completur:
1948 2193 2052 2249 hoc

2166 2197 2652 2271 συμπληρούμενος
2679 2200 2876 2272 χρόνος
2902 2201 3071 2255 ἐστίν’
3093 2193 3246 2263 οὗτος
3265 2199 3323 2253 δέ
3337 2199 3487 2252 ἐστιν
3514 2200 3545 2250 ὀ
3575 2215 3749 2268 παρα-

468 2310 651 2355 autem
683 2307 896 2368 tempus
926 2295 1359 2365 uniuscujusque
1397 2293 1524 2347 vita:
1557 2296 2049 2347 commensuratur.

2166 2291 2526 2366 μετρούμενος
2546 2296 2612 2365 τῇ
2647 2294 2875 2348 ἑκάστου
2906 2294 3038 2366 ζωῇ.
3077 2294 3222 2357 Ἕως
3243 2288 3338 2347 οὖν
3374 2292 3435 2345 ἐν
3466 2291 3571 2362 βίῳ
3587 2290 3748 2360 ἐσμὲν

467 2393 717 2460 Quandiu
753 2391 922 2463 igitur
958 2387 1010 2443 in
1043 2388 1152 2442 vita
1202 2402 1390 2442 sumus
1413 2427 1430 2453 ,
1468 2393 1591 2441 vota
1628 2382 1921 2438 reddamus
1944 2419 1962 2448 ,
1995 2387 2055 2435 ut

2166 2383 2258 2450 τὰς
2309 2386 2474 2457 εὐχὰς
2527 2385 2914 2459 άποδώσωμεν,
2959 2387 3050 2441 ἵνα
3103 2387 3198 2440 καὶ
3243 2385 3469 2457 ψάλλειν
3522 2385 3607 2448 εἰς
3662 2382 3746 2434 τὶν

468 2488 634 2543 etiam
667 2487 718 2541 iu
755 2486 1016 2542 sarculum
1050 2481 1236 2540 saeculi
1279 2482 1550 2553 psalmum
1595 2478 1690 2535 Dei
1732 2476 1938 2535 nomini
1966 2476 2051 2532 di-

467 2596 591 2638 cere
625 2580 919 2652 possimus.

1003 2755 1233 2815 PSALM
1243 2755 1329 2814 US
1381 2753 1518 2812 LXI.

543 2857 708 2914 VERS.
737 2855 786 2910 Ι.
819 2853 888 2909 In
909 2852 1066 2922 ﬁnem
1085 2867 1181 2924 pro
1204 2848 1425 2904 lditltun
1461 2847 1697 2913 psalmus
1723 2847 1913 2915 David,
1943 2856 2051 2904 etc.

2161 2479 2337 2536 αῑῶνα
2377 2480 2470 2535 τοῦ
2498 2481 2692 2548 αἰῶνος
2723 2481 2802 2553 τῷ
2841 2482 3066 2554 ὀνόματι
3105 2481 3199 2536 τοῦ
3231 2480 3366 2536 Θεοῦ
3405 2479 3745 2551 δυνηθῶμεν,

2731 2759 3025 2815 ΨΑΛΜΟΣ
3052 2761 3172 2815 ΞΑΩ

2228 2852 2333 2918 Εις
2375 2849 2442 2904 τὸ
2477 2849 2653 2918 τέλος
2678 2850 2830 2920 ὑπὲρ
2863 2853 3110 2923 Ἰδιθοὺμ
3155 2851 3402 2922 eam»;
3428 2869 3512 2918 τῳ
3546 2851 3748 2916 Δαισΐδ,

468 2951 575 3007 Pro
622 2949 836 3005 lditbun
877 2945 1062 3016 judice
1104 2954 1336 3001 venturo
1376 2942 1587 3007 David,
1641 2942 1835 2997 idoneo
1867 2957 2050 2997 manu.

2166 2960 2212 2997 κ.
2240 2960 2292 2998 τ.
2333 2943 2379 2997 ἐ.
2428 2943 2662 3016 Ἰδιοοῦμ
2694 2944 2882 3016 κριτοῦ
2913 2945 3022 3016 (98)
3048 2944 3343 3017 ἐρχομένου
3366 2943 3534 2998 Δαυῗδ
3566 2944 3748 2998 ἱκανοῦ

467 3041 562 3098 Est
576 3047 751 3096 autem
772 3036 1010 3110 psalmus
1031 3035 1096 3092 de
1118 3035 1254 3091 Filio
1274 3033 1366 3089 Dei
1390 3041 1593 3088 aeterno
1607 3031 1791 3104 judice
1804 3039 2052 3099 venturo,

467 3134 560 3206 qui
604 3141 688 3187 est
717 3131 943 3186 idoneus
979 3144 1164 3190 manu.

539 3226 708 3282 Vens.
748 3226 804 3280 2.
843 3223 1036 3279 Nonne
1085 3223 1191 3278 Deo
1226 3220 1462 3291 subjecta
1499 3217 1601 3274 erit
1649 3217 1834 3273 animo
1882 3231 1998 3270 mea
2032 3216 2057 3270 7

466 3327 575 3375 etc.
609 3317 800 3373 Omnis
841 3316 933 3387 qui
981 3313 1264 3384 subjectus
1307 3319 1390 3367 est
1431 3309 1618 3375 alicui,
1644 3308 1835 3365 eadem
1873 3320 1937 3361 ac
1967 3305 2057 3362 ille

466 3411 654 3470 sentit.
670 3409 750 3464 -Et
778 3425 876 3467 nos
899 3408 946 3466 si
973 3406 1275 3463 secundum
1309 3403 1535 3460 Paulum
1568 3414 1762 3456 omnes
1790 3397 2055 3469 subjicie-

471 3523 592 3562 mur
618 3505 864 3569 Christo,
904 3500 1092 3558 eadem
1127 3515 1190 3554 ac
1219 3497 1474 3554 Christus
1511 3494 1840 3551 sentiamus.

539 3599 821 3671 Ejusdem.
854 3591 1308 3664 Quandoquidem
1349 3590 1600 3647 Salvator
1628 3585 1894 3656 loquitur,
1927 3580 2054 3638 illud

475 3712 494 3745 s
526 3691 769 3761 subjecta
801 3691 927 3755 erit,
959 3707 980 3743 ι
1017 3687 1257 3744 refertur
1309 3686 1375 3740 ad
1411 3681 1594 3748 istud,
1623 3698 1643 3733 ι
1677 3689 1807 3735 tunc
1852 3685 1907 3734 et
1939 3676 2055 3745 ipse

467 3786 639 3843 Filius
663 3783 940 3854 subjectus
970 3783 1079 3838 erit
1104 3780 1177 3846 ei,
1209 3780 1299 3850 qui
1330 3777 1561 3849 subjecit
1593 3775 1698 3832 sibi
1729 3772 1911 3829 omnia
1935 3771 2003 3828 το.
2031 3788 2050 3821 s

469 3879 626 3950 Quod
663 3893 794 3934 vero
840 3877 1053 3932 Patrem
1113 3873 1435 3944 intelligat,
1483 3877 1634 3941 patet
1661 3881 1727 3922 ex
1755 3881 1822 3922 eo
1845 3906 1861 3931 ,
1900 3882 1920 3916 ι
1957 3864 2055 3920 Ve-

470 3984 781 4030 rumtamen
819 3970 1052 4041 pretium
1104 3982 1282 4022 meum
1337 3964 1718 4035 cogitaverunt
1751 3958 2013 4030 repellere
2037 3999 2052 4022 ,

470 4074 838 4122 cucurrerunt
867 4064 920 4118 in
951 4062 1042 4117 siti
1069 4061 1138 4114 ⁷¹.
1168 4079 1186 4114 ι
1227 4061 1394 4114 l'orro
1437 4055 1597 4112 simul
1630 4069 1846 4125 quoque
1889 4050 2055 4106 disci-

471 4173 595 4214 mus
625 4157 677 4211 id
711 4155 853 4225 quod
880 4151 1281 4225 subjiciendum
1319 4151 1427 4216 sit,
1454 4163 1576 4205 esse
1613 4147 1886 4202 animam:
1919 4158 2056 4215 quo-

469 4249 618 4304 niam
645 4247 884 4303 salutare
908 4246 1105 4300 animae
1134 4253 1216 4300 est
1245 4243 1361 4312 ipsa
1388 4241 1538 4298 salus
1565 4256 1598 4298 a
1625 4240 1756 4304 Deo,
1790 4237 1915 4308 quia
1939 4236 2058 4305 ipse

2158 3036 2320 3108 χειρί.
2363 3037 2519 3090 Ἐστι
2541 3037 2597 3090 δὲ
2620 3037 2650 3090 6
2686 3037 2900 3108 ψαλμὸς
2933 3039 3062 3110 περ)⁵
3082 3038 3178 3092 τοῦ
3210 3036 3342 3090 Υίοῦ
3365 3035 3461 3090 τοῦ
3485 3037 3624 3091 Θεοῦ
3661 3038 3752 3090 τοῦ

2159 3129 2380 3185 αἰωνίου
2409 3130 2597 3203 κριτοῦ
2615 3132 2933 3204 ἐρχομένου,
2964 3131 3056 3184 τοῦ
3084 3131 3234 3196 ὄντος
3264 3130 3450 3184 ίκανοῦ
3473 3133 3645 3202 χειρί.

2232 3223 2379 3294 Οὐχὶ
2409 3223 2488 3290 τῷ
2519 3223 2642 3292 Θεῷ
2661 3223 3102 3294 ὑποταγήσεται
3127 3225 3164 3293 ή
3191 3223 3361 3294 ψυχή
3378 3242 3502 3293 μου
3523 3241 3612 3287 ;κ.
3632 3242 3687 3277 τ.
3707 3225 3753 3276 ἐ.

2157 3315 2273 3380 Πᾶς
2305 3316 2334 3369 6
2362 3317 2801 3389 ὑποτασσόμενος
2831 3318 2941 3390 (99)
2975 3335 3080 3372 τινι
3109 3317 3177 3370 τὰ
3208 3317 3345 3372 αὐτὰ
3379 3316 3575 3388 ἐκείνῳ
3617 3334 3754 3389 φρο-

2157 3412 2256 3464 νεῖ.
2286 3411 2397 3465 Καὶ
2430 3413 2479 3465 εί
2507 3412 2647 3466 κατὰ
2677 3412 2768 3466 τὸν
2800 3411 3011 3466 Παῦλον
3041 3411 3242 3476 πάντες
3286 3410 3758 3483 ὑποταγησόμεθα

2156 3501 2235 3574 τῷ
2261 3502 2502 3575 Χριστῷ,
2519 3503 2718 3568 πάντες
2745 3502 2816 3557 τὰ
2838 3504 2976 3558 αὑτά
3007 3503 3230 3576 Χριστῷ
3261 3505 3650 3576 φρονήσωμεν.

2233 3595 2347 3650 Τοῦ
2377 3596 2584 3652 αὑτοῦ.
2616 3598 2709 3663 Τὸ,
2747 3617 2764 3650 t
2801 3600 3203 3670 ὑποταγήσεται
3227 3597 3326 3670 (1),
3371 3617 3388 3649 ι
3418 3597 3545 3650 ἐπεὶ
3577 3600 3610 3650 ὁ
3644 3597 3758 3649 Σω-

2156 3690 2260 3763 τὴρ
2289 3691 2459 3761 λέγει,
2503 3692 2835 3765 ἀναφέρεται
2861 3695 2941 3758 είς
2969 3693 3049 3757 τὸ,
3092 3709 3111 3744 s
3154 3692 3277 3746 τότε
3311 3689 3438 3754 Υἱὸς
3466 3691 3756 3758 ὑποταγή-

2159 3803 2311 3840 σεται
2346 3787 2425 3858 τῷ
2469 3787 2799 3854 ὑποτάξαντι
2847 3787 2994 3858 αὐτῷ
3024 3786 3092 3839 τὰ
3132 3786 3326 3840 πάντα.
3368 3803 3386 3836 ι
3422 3784 3548 3838 Ὀτι
3569 3783 3634 3838 δέ
3669 3784 3760 3835 τὶν

2158 3878 2381 3950 Πατέρα
2421 3879 2590 3950 λέγει,
2637 3880 2796 3951 δῆλον
2830 3881 2894 3933 ἐκ
2934 3879 3049 3945 τοῦ,
3099 3898 3117 3931 ί
3154 3879 3302 3950 Πλὴν
3327 3876 3423 3950 τὴν
3445 3879 3624 3948 τιμήν
3658 3895 3761 3948 μου

2158 3970 2544 4026 ἐϐουλεύσαντο
2565 3971 2914 4037 ἀπώσασθαι,
2938 3971 3174 4045 ἔδραμον
3198 3973 3255 4025 ἐν
3281 3971 3447 4040 δίψει.
3476 3989 3496 4022 s
3530 3971 3692 4040 ’Δμα
3705 3969 3764 4022 δὲ

2161 4066 2526 4140 μανθάνομεν,
2560 4067 2642 4120 ὅτι
2669 4067 2730 4120 τὸ
2757 4065 3236 4137 ὑποταγηώμενον
3263 4064 3408 4136 ψυχή
3443 4066 3626 4117 ἐστιν·
3679 4067 3766 4118 ὅτι

2157 4160 2218 4214 τὸ
2261 4160 2528 4231 σωτήριον
2579 4159 2678 4231 τῆς
2725 4157 2967 4230 ψυχῆςή
3010 4155 3386 4228 αὑτοσωτηρία
3413 4157 3572 4228 παρὰ
3624 4154 3764 4209 Θεοῦ

2159 4257 2297 4320 ἐστι,
2333 4254 2416 4308 διὸ
2438 4255 2600 4318 αὐτὸς
2621 4255 2649 4308 6
2679 4254 2870 4325 Σωτήρ
2891 4255 3007 4306 ἐστι
3034 4250 3126 4305 τοῦ
3161 4249 3332 4305 ταῦτα
3355 4247 3638 4317 λέγοντος·
3669 4250 3766 4301 καὶ

473 4343 727 4397 Salvator
753 4349 837 4396 est
871 4338 992 4410 ejus
1021 4341 1114 4409 qui
1164 4337 1280 4393 bzec
1311 4335 1444 4391 dicit
1475 4354 1489 4392 :
1525 4349 1700 4406 neque
1743 4331 1982 4387 salutare
2019 4343 2048 4380 a

2166 4351 2258 4402 οὐκ
2295 4349 2409 4403 ἐστι
2460 4348 2724 4420 σωτήριον
2770 4345 2878 4400 ἀπό
2919 4361 3066 4408 τινος
3108 4341 3291 4396 λαϐεῖν
3322 4342 3677 4409 ὑποταγέντα
3727 4341 3762 4410 ἦ

471 4436 727 4506 quopiam
762 4435 1006 4506 recipere
1033 4443 1214 4504 potest
1241 4429 1522 4499 subjectus
1553 4427 1658 4484 nisi
1689 4444 1718 4482 a
1752 4427 1885 4482 Deo.
1912 4425 2056 4492 Qua-

470 4539 696 4602 propter
727 4528 836 4583 Deo
867 4525 1223 4596 subiiciantur
1249 4566 1265 4592 ,
1298 4524 1390 4594 qui
1435 4523 1664 4591 suscipit
1688 4535 1784 4576 eos
1828 4519 1919 4588 qui
1953 4516 2055 4587 ipsi

470 4622 570 4679 soli
621 4620 985 4690 subjiciuntur
1013 4660 1030 4685 ,
1073 4629 1128 4674 et
1178 4626 1362 4676 servat
1401 4616 1548 4687 ipsos
1573 4655 1588 4680 ,
1617 4615 1690 4668 ita
1723 4623 1781 4667 ut
1822 4611 1892 4666 ob
1919 4611 2056 4664 banc

473 4715 715 4785 ipsorum
774 4713 884 4768 Deo
930 4711 1323 4781 subjectionem
1377 4719 1409 4763 ε
1467 4706 1616 4762 nullo
1665 4704 1900 4775 amplius
1946 4703 2058 4758 sint

473 4800 757 4856 commoti.
789 4819 807 4852 ι
831 4800 1124 4872 Susceptor
1148 4814 1321 4863 meus,
1349 4812 1454 4853 non
1478 4796 1737 4853 movebor
1757 4795 2011 4866 amplius.
2035 4813 2050 4846 ο

473 4893 602 4950 Sive
629 4894 755 4964 quia
787 4903 968 4949 motus
1000 4893 1202 4958 fuerat.
1231 4908 1297 4948 ex
1335 4905 1442 4962 quo
1479 4889 1834 4959 semetipsum
1867 4887 2058 4942 exina-

475 4988 611 5044 nivit
655 4987 885 5043 formam
911 4987 1055 5043 servi
1086 4987 1406 5058 accipiens,
1454 4984 1570 5040 haec
1609 4982 1764 5047 dicit,
1800 4989 2058 5050 tanquam

473 5080 566 5151 qui
596 5080 872 5150 paululum
897 5089 1204 5137 commotus
1238 5077 1406 5133 fuerit
1431 5092 1528 5147 per
1554 5075 1815 5147 exiguum
1846 5083 2060 5142 tempus

473 5188 583 5242 quo
609 5185 730 5228 erat
761 5173 814 5228 in
859 5186 1126 5244 corpore;
1159 5172 1276 5227 sive
1307 5171 1470 5242 quia,
1503 5171 1628 5226 dum
1675 5167 1851 5224 tristis
1883 5165 2061 5222 lactus

472 5264 640 5319 estin
686 5265 866 5318 anima
898 5303 912 5327 ,
945 5263 1111 5332 cepit
1141 5265 1408 5316 duntaxat
1466 5259 1777 5318 contristari
1823 5265 1878 5311 et
1922 5272 2059 5311 eon-

475 5353 683 5410 turbari
715 5353 1022 5424 paululum,
1059 5353 1209 5418 dicit,
1251 5370 1270 5404 t
1305 5351 1420 5408 Non
1459 5349 1722 5406 movebar
1754 5345 2006 5416 amplius.
2037 5365 2055 5399 ι

2152 4440 2261 4495 ἀπὸ
2287 4439 2446 4495 Θεοῦ.
2486 4439 2577 4494 Διὸ
2610 4439 2728 4512 Θεῷ
2761 4437 3218 4509 ὐποτασσώμεθα,
3247 4435 3326 4508 τῷ
3353 4435 3766 4507 ἀντιλαμϐανο-

2156 4535 2307 4608 μένῳ
2336 4535 2444 4590 τῶν
2491 4534 2641 4606 αὐτῷ
2691 4534 2836 4606 μόνῳ
2864 4531 3341 4604 ὑποτασσομένων,
3387 4532 3489 4586 καὶ
3521 4530 3764 4595 σώζοντι

2153 4641 2372 4707 αὐτοὺς,
2409 4639 2547 4694 ὥστε
2576 4638 2665 4694 διὰ
2691 4637 2791 4710 τὴν
2816 4637 2953 4711 πρὸς
2977 4636 3066 4691 τὸν
3100 4636 3232 4690 Θεὸν
3257 4634 3440 4690 αὐτῶν
3469 4633 3765 4704 ὑποταγὴν

2154 4742 2247 4796 ἐπὶ
2281 4742 2464 4796 πλεῖον
2492 4740 2782 4814 ἐστηκέναι
2827 4741 3026 4804 αὐτοὺς
3052 4737 3157 4792 ὑπὸ
3187 4735 3416 4809 μηδενὸς
3452 4734 3764 4805 σαλευομέ-

2153 4861 2298 4908 νους.
2323 4861 2342 4895 ‹
2367 4841 2743 4914 Ἀπιλὴπτωρ
2766 4857 2890 4913 μου,
2909 4837 2971 4895 οὗ
3005 4839 3081 4912 μὴ
3110 4837 3354 4902 σαλευθῶ
3379 4836 3476 4890 ἐπὶ
3497 4836 3714 4888 πλεῖον.
3737 4853 3754 4885 s

2161 4942 2318 4994 Ἤτοι
2352 4941 2433 4994 ὅτι
2482 4939 2771 5010 ἐσαλεύθη,
2828 4938 2889 5004 ἒξ
2917 4930 2978 4992 οὗ
3016 4939 3209 4994 ἑαυτὸν
3251 4936 3484 4992 ἔκένωσε

2155 5042 2342 5098 δούλου
2366 5042 2567 5110 λαϐὼν,
2605 5042 2778 5098 ταῦτά
2806 5060 2992 5115 φησιν,
3026 5042 3102 5106 ὡς
3128 5042 3306 5112 ὀλίγον
3338 5041 3632 5106 σαλευϐεὶς
3669 5041 3764 5094 διὰ

2156 5143 2248 5197 τὸν
2276 5144 2455 5214 ὀλίγον
2479 5148 2538 5201 ἐν
2571 5143 2785 5217 σώματι
2823 5146 3032 5218 χρόνον·
3073 5145 3250 5198 εῐτουν
3275 5143 3582 5216 περίλυπος
3607 5145 3767 5213 γενό-

2163 5265 2323 5320 μενος
2349 5249 2449 5322 τὴν
2469 5249 2668 5324 ψυχὴν,
2698 5248 2903 5323 ἤρξατο
2927 5248 3089 5320 μόνον
3112 5247 3424 5312 λυπεῖσθαι,
3463 5249 3561 5300 καὶ
3592 5264 3762 5300 τετα-

2164 5351 2360 5425 ράχθαι
2389 5352 2589 5424 ὀλίγον,
2607 5353 2754 5423 λέγει
2770 5353 2852 5419 τὸ,
2874 5371 2893 5405 t
2917 5352 2990 5406 Οὐ
3017 5351 3092 5424 μὴ
3118 5349 3360 5406 σαλευθῶ
3381 5350 3474 5404 ἐπὶ
3498 5349 3713 5404 πλεῖον.
3742 5370 3762 5400 ι

545 5492 588 5525 ⁸⁸
617 5491 754 5549 Gen.
785 5508 974 5558 xxvm,
1002 5493 1094 5547 20.
1166 5491 1213 5523 ⁷⁸
1242 5490 1260 5546 l
1287 5490 1416 5546 Cor.
1443 5505 1533 5554 xv,
1559 5487 1651 5545 28.
1721 5485 1768 5518 '”
1794 5484 1939 5540 Psal.
1975 5503 2086 5554 ut,
2114 5489 2166 5545 5.

474 5608 851 5737 ⁸θὲξζϐῃὲὲοῐχοι
874 5609 1307 5680 κληρονομίαν,
1336 5616 1444 5664 etc.
1471 5607 1654 5663 Codex
1693 5604 2058 5666 Coislittiattus

573 5699 583 5731 l
611 5699 662 5733 Ill
752 5719 767 5734 ο

547 5751 658 5817 (97)
695 5749 851 5805 Ἐπεὶ
876 5744 964 5806 ὧν
983 5750 1237 5818 ἠξίωσα,
1271 5764 1377 5809 etc.
1421 5749 1646 5808 Scbedae
1670 5750 1879 5808 Grabii.

2238 5607 2350 5680 (98)
2386 5606 2634 5680 Ἰᾷιθοὺμ
2655 5604 2888 5680 κριτοῦ,
2906 5611 3014 5659 etc.
3045 5602 3264 5658 Eadem.

2235 5672 2345 5748 (99)
2371 5677 2494 5745 Πᾶς
2514 5681 2545 5732 ό
2573 5672 3228 5748 ὑποτασσόμενοςριε.
3276 5672 3514 5748 Eaedem.

2234 5739 2442 5819 (1)’7⁹ὸ,
2471 5739 2942 5820 ὖποτιιγήσετάι,
2971 5739 3074 5805 etc.
3091 5745 3291 5802 Catena
3321 5739 3589 5800 Corderii.
