3808 6496
179 264 292 324 H85

1090 265 1402 323 SELECTA
1443 266 1509 321 IN
1540 267 1881 325 PSALMOS.
1925 300 1995 311 —
2034 270 2228 330 PSAL.
2262 272 2400 329 LXI.

3257 276 3395 332 H86

196 378 449 453 Αμαρτίαν
476 376 584 451 γὰρ
621 376 723 432 οὐκ
758 375 1035 449 ἐποίησεν,
1083 378 1160 443 ὡς
1191 381 1238 434 οἱ
1276 381 1369 435 ἐπὶ
1415 380 1598 435 πλεῖον
1621 399 1701 435 σα-

1859 394 2109 441 'eccatum
2144 387 2291 442 enim
2347 402 2455 443 non
2502 386 2669 457 fecit,
2721 388 2861 445 sicut
2891 387 2965 443 illi
3019 390 3111 461 qui
3164 392 3397 462 amplius

173 472 392 627 15322:?
400 490 565 613 ιὲτέτε
620 559 956 615 ἐπιτίθεσθε
999 562 1089 627 εὶς
1138 560 1451 632 ἄνθρωπον
1462 580 1482 630 ;
1510 582 1562 618 κ.
1588 582 1637 618 τ.
1665 564 1712 619 ὲ.

173 654 315 708 Τοῦτο
340 654 521 724 ὅμοιόν
550 653 625 724 (2)
668 654 785 707 ἐστι
813 654 910 724 τῷ,
932 672 950 705 ι
980 652 1095 707 Νῦν
1128 653 1342 726 ζητεῖτέ
1375 676 1441 728 με
1466 658 1719 711 ἀποκτεῖ-

171 766 263 807 ναι.
286 768 301 799 i
327 748 643 819 Ἄνθρωπον
668 746 921 819 ζητοῦσιν
961 749 1299 804 ἀποκτεῖναι·
1344 752 1439 805 καὶ
1470 754 1517 806 οἱ
1546 754 1720 807 ἐπιτι-

171 842 353 913 θέμενοι
387 839 657 913 ἀνθρώπῳ
692 839 1045 895 ἐπιτίθενται.

228 932 382 1001 Πλὴν
402 932 515 1001 τὴν
543 931 721 1002 τιμήν
739 950 859 1003 μου
881 934 1324 989 ἐϐουλεύσαντο
1340 935 1715 1003 ἀπώσασθαι,

169 1046 214 1084 κ.
249 1045 291 1081 τ.
313 1027 354 1080 ὲ.
388 1026 533 1099 Τιμὴ
558 1027 657 1098 τῆς
680 1027 755 1100 ('5)
784 1027 1009 1100 λογικῆς
1049 1028 1229 1101 ψυχῆς
1261 1031 1431 1105 ἀρετὴ
1461 1032 1553 1085 καὶ
1580 1033 1721 1101 γνῶ-

168 1138 258 1185 σις.

225 1213 383 1283 Πλὴν
408 1213 488 1281 τῷ
534 1213 656 1280 Θεῷ
681 1213 1008 1285 ὐποτάγηθι
1040 1216 1080 1285 ἠ
1121 1215 1293 1286 ψυχή
1316 1234 1456 1287 μου,
1488 1236 1540 1271 κ.
1569 1237 1618 1271 τ.
1669 1218 1719 1275 ἑ.

176 1308 282 1361 Ἐπὶ
319 1307 414 1379 μὲν
437 1310 502 1379 τῇ
534 1307 777 1380 προτέρᾳ
817 1308 893 1379 (4)
940 1308 1186 1382 ὑποταγῇ
1220 1312 1504 1383 σωτήριον,
1544 1312 1636 1365 ἐπὶ
1663 1312 1720 1366 δὲ

162 1402 219 1470 τῇ
242 1399 455 1472 δευτέρᾳ
482 1400 725 1471 ὑπομονὴ
760 1400 909 1473 παρὰ
934 1402 1087 1457 Θεοῦ.
1125 1404 1233 1456 Καὶ
1265 1403 1394 1476 γὰρ,
1423 1405 1575 1474 φησὶ,
1596 1405 1722 1459 πολ-

161 1491 220 1545 λὰ
247 1490 307 1545 τὰ
330 1492 477 1564 παρά
508 1492 711 1547 τούτων
746 1495 1061 1566 ἐπαγόμενα
1092 1497 1256 1551 κακά·
1285 1497 1419 1552 ἀλλὰ
1456 1500 1592 1571 πρὸς
1625 1501 1722 1555 αὑ-

159 1584 239 1638 τὸν
258 1584 428 1655 βλέπω
448 1585 538 1638 τὸν
565 1584 718 1650 Θεὸν,
746 1586 908 1641 αὑτὸν
938 1587 1076 1659 ἔχων
1101 1591 1425 1662 προσδοκίαν
1455 1593 1548 1646 καὶ
1571 1593 1722 1647 ἐλπί-

1823 485 2128 529 moventur.

1893 564 2050 637 741
2084 565 2245 622 Vens.
2270 569 2325 625 4.
2352 568 2636 640 Quousque
2667 569 2871 625 irruitts
2903 572 2957 626 in
2990 572 3399 630 hominem?etc.

1822 655 1934 711 lloc
1962 658 2141 713 simile
2164 668 2247 714 est
2286 660 2411 715 isti:
2451 684 2467 711 ι
2501 660 2654 718 Νιιιιο
2695 663 2944 732 ηυωνίιίε
3000 679 3085 719 me
3132 665 3403 722 interﬁce-

1824 764 1882 805 re
1897 751 1963 804 τ’.
1998 768 2017 802 s
2060 749 2342 806 llominem
2367 764 2617 822 quaerunt
2639 757 2926 825 occidere;
2957 767 3011 813 et
3045 757 3135 829 qui
3166 751 3401 825 irruent,

1823 839 1874 894 in
1902 841 2171 896 hominem
2206 842 2440 898 irruunt.

1896 934 2056 989 Vsus.
2094 935 2146 989 5.
2189 932 2557 992 Verumtamen
2584 940 2808 1007 pretium
2842 958 3013 996 meum
3045 943 3404 1014 cogitaverunt

1825 1027 2093 1095 repellere,
2126 1038 2232 1083 etc.
2280 1027 2642 1086 Rationabilis
2677 1034 2873 1089 animae
2916 1035 3147 1106 pretium
3177 1077 3193 1101 ,
3228 1037 3403 1092 virltts

1823 1127 1906 1174 est
1936 1127 1989 1174 et
2022 1120 2273 1175 scientia.

1897 1211 2061 1267 Vens.
2097 1214 2152 1268 6.
2203 1213 2576 1272 Verumtamen
2624 1220 2729 1275 Deo
2761 1224 2996 1294 subjecta
3035 1237 3168 1293 esto,
3208 1237 3316 1284 etc.
3349 1228 3402 1282 In

1823 1305 1992 1374 priori
2034 1307 2250 1376 quidem
2296 1310 2633 1380 subjectione
2663 1315 2905 1371 salutare
2930 1359 2944 1383 ,
2978 1320 3028 1373 in
3074 1322 3242 1377 altera
3273 1338 3405 1378 vero

1823 1396 2085 1464 patientia
2123 1409 2207 1455 est
2256 1416 2286 1455 a
2319 1401 2449 1458 Deo.
2497 1403 2733 1472 Etenim,
2784 1408 2983 1478 inquit.
3020 1412 3249 1481 plurima
3281 1425 3406 1469 sunt

1825 1487 1894 1541 ab
1924 1488 2010 1544 his
2040 1490 2178 1544 mala
2211 1492 2481 1565 irrogata;
2527 1507 2766 1554 attamen
2805 1502 2870 1553 ad
2905 1501 3082 1569 ipsum
3114 1503 3280 1558 Deum
3317 1519 3407 1559 re-

1824 1581 1996 1651 spicio
2027 1623 2042 1648 ,
2084 1584 2137 1638 in
2168 1600 2277 1654 quo
2324 1603 2442 1643 mea
2494 1600 2574 1644 est
2611 1595 2946 1662 exspectatio
2982 1603 3036 1649 et
3073 1611 3199 1664 spcs
3246 1614 3404 1665 mea;

1824 1688 1993 1743 quare
2022 1676 2186 1732 etiam
2225 1682 2473 1737 sustineo
2500 1698 2619 1752 qua:
2669 1684 2812 1740 facta
2856 1698 3017 1743 sunt:
3068 1706 3191 1746 cum
3234 1693 3408 1748 soleat

1750 1746 1793 1800 B
1823 1768 1966 1822 enim
2014 1771 2145 1825 mihi
2177 1773 2432 1842 npitulari
2461 1816 2476 1841 ,
2516 1778 2872 1848 epitnlabitur
2912 1783 3080 1837 etiam
3130 1800 3277 1840 nunc
3300 1827 3315 1854 ,
3350 1796 3409 1842 ct

154 1860 237 1913 τὸν
272 1863 462 1916 οἰκεῖον
494 1864 749 1930 ἐξανύσαι
786 1866 1007 1930 σκοπὸν,
1039 1866 1179 1921 ὥστε
1210 1870 1588 1940 περιγενέσθαι
1622 1872 1720 1942 μὲν
1827 1874 1930 1913 ηοη
1962 1863 2244 1930 Permi“Cl
2292 1867 2392 1921 “05
2437 1870 2770 1938 βτοβυδίίυηι
2822 1889 2976 1928 suum
3023 1877 3310 1946 Ρονίῖυθτθν
3346 1889 3408 1934 ιιι

154 1952 316 2022 ἡμῶν,
368 1954 670 2026 ἀναστῆσαι
716 1956 890 2009 δὲκαὶ
931 1958 1229 2024 ἀποδιῶξαι
1256 1959 1365 2015 τῶν
1412 1962 1697 2036 ἡμετέρων

1862 1967 1924 2007 os
1970 1953 2190 2023 quidem
2241 1970 2550 2028 superent;
2609 1974 2825 2019 nostros
2878 1980 3009 2022 vero
3055 1979 3304 2024 evertant
3352 1979 3408 2027 et

154 2044 239 2097 καὶ
264 2045 316 2098 ἐν
346 2049 488 2118 φυγῇ
522 2048 884 2118 καταστῆσαι.

1859 2058 2223 2117 ersequantur
2250 2059 2304 2104 et
2331 2051 2380 2104 in
2412 2051 2594 2123 fugam
2622 2067 2811 2125 agant.

229 2138 537 2193 Ἐλπίσατε
580 2140 672 2193 ἐπ’
729 2140 938 2202 αὑτὸν,
964 2140 1133 2197 πᾶσα
1178 2144 1500 2215 συναγωγὴ
1542 2146 1697 2201 λαοῦ

1900 2137 2063 2195 Vens.
2099 2140 2153 2200 9.
2186 2143 2409 2212 Sperate
2440 2146 2496 2201 in
2525 2151 2788 2205 eotomnis
2815 2156 3154 2224 congregatio
3190 2157 3369 2225 populi
3391 2199 3406 2223 ,

150 2248 200 2284 κ.
226 2249 273 2284 τ.
308 2232 353 2285 ὲ.
394 2232 536 2286 Ὠσεὶ
564 2233 714 2303 ἔλεγε
763 2234 863 2306 (5)·
908 2235 1001 2306 Μὴ
1057 2237 1217 2307 μόνον
1250 2238 1311 2291 τὸ
1337 2241 1458 2293 κατ’
1489 2240 1701 2313 ὲκλογὴπ

1859 2240 1931 2288 tc.
1974 2233 2137 2302 Quasi
2185 2237 2426 2295 diceret:
2458 2238 2573 2293 Non
2609 2241 2785 2297 solum
2824 2246 3067 2317 reliquiae
3102 2252 3403 2307 secundum

148 2325 355 2394 χάριτος
381 2324 441 2378 τὸ
472 2326 695 2398 λεῖμμα·
736 2328 871 2399 ὅπερ
890 2328 1062 2393 ἔσται,
1097 2329 1185 2384 ὅτε
1220 2333 1329 2395 πᾶς
1370 2332 1584 2405 Ἰσραὴλ
1616 2351 1701 2387 σω

1859 2323 2141 2381 lectionem
2175 2330 2397 2399 gratias:
2433 2332 2576 2402 quod
2604 2334 2743 2399 erit,
2776 2340 2995 2406 quando
3022 2345 3202 2397 omnis
3233 2341 3255 2396 Ι
3293 2345 3410 2399 rael

148 2415 381 2486 θήσεται.
448 2436 465 2467 ι
528 2419 785 2489 Ἐκχέατε
836 2420 1067 2475 ἐνώπιον
1125 2425 1290 2478 αὑτοῦ
1344 2425 1443 2490 τὰς
1492 2427 1701 2498 καρδίας

1859 2417 2145 2475 alvabitur.
2195 2421 2505 2480 «Ell‘undite
2548 2441 2729 2482 coram
2766 2428 2885 2500 ipso
2933 2435 3097 2489 corda
3136 2447 3343 2491 vestra.
3378 2455 3400 2490 ι

147 2507 310 2578 ὑμῶν.
342 2527 359 2560 ι
391 2509 450 2563 '0
469 2511 643 2564 πάντα
656 2512 747 2566 τὸν
769 2512 972 2582 φαῦλον
995 2515 1334 2588 ἀποθέμενος
1348 2519 1696 2592 διαλογισμὸν

1859 2510 1923 2577 [ui
1949 2527 2164 2569 omnem
2198 2530 2421 2585 pravam
2446 2519 2831 2586 cogitationem
2862 2524 3133 2594 deposuit,
3167 2538 3221 2583 et
3242 2545 3403 2599 quem

145 2598 233 2650 καὶ
262 2598 443 2669 ἄκρως
470 2602 828 2673 μετανοήσας,
864 2603 939 2666 ὡς
970 2604 1103 2676 μηδὲ
1142 2608 1451 2679 μεμνῆσθαι
1475 2610 1581 2664 τῶν
1608 2629 1701 2683 χει-

1859 2617 2037 2659 umme
2062 2606 2336 2674 pmnituit,
2369 2612 2505 2665 adeo
2532 2622 2591 2665 ut
2627 2628 2803 2684 neque
2839 2618 3105 2673 malorum
3140 2623 3405 2678 memine-

144 2688 325 2759 ρόνων,
373 2692 585 2763 ἐξέχεεν
633 2694 858 2749 ἐνώπιον
895 2697 1060 2750 αὑτοῦ
1098 2697 1197 2769 τὴν
1236 2701 1461 2772 καρδίαν
1500 2703 1701 2759 ἑαυτοῦ.

1859 2695 1915 2761 it,
1952 2696 1999 2751 is
2029 2695 2217 2753 effudit
2250 2717 2433 2756 coram
2469 2704 2585 2774 ipso
2614 2722 2708 2761 cor
2752 2724 2934 2764 suum.
2973 2729 2991 2763 t
3022 2711 3158 2779 Quia
3195 2724 3248 2768 lu
3285 2730 3408 2770 reu-

1821 2786 1916 2843 des
1960 2791 2254 2862 unicuique
2296 2798 2594 2852 secundum
2643 2815 2811 2871 opera
2858 2817 2981 2859 sua.
3024 2823 3044 2856 ι
3105 2804 3407 2879 Unicuique

1821 2882 2012 2940 reddet
2043 2885 2185 2943 Deus
2216 2890 2515 2944 secundum
2544 2907 2735 2962 opera,
2760 2894 2877 2949 sive
2900 2895 3065 2966 bona,
3097 2898 3213 2955 sive
3240 2901 3403 2967 mala,

1820 2975 1938 3033 sive
1971 2980 2136 3035 multa
2158 3022 2174 3046 ,
2216 2982 2331 3039 sive
2365 2998 2536 3054 pauca
2565 3000 2579 3050 ;
2618 2989 2923 3044 secundum
2954 3007 3404 3064 quarumcunque

1743 3110 1788 3170 Ο
1824 3069 2084 3127 nimirum
2113 3089 2493 3131 mensurarum
2543 3093 2683 3149 quas
2727 3082 2925 3151 reddit,
2963 3085 3280 3155 qualitatem
3312 3098 3407 3145 aut

1819 3163 2204 3232 quantitatem.

157 1677 231 1730 δα·
266 1678 338 1732 διὸ
377 1680 473 1732 καὶ
500 1678 761 1750 ὑπομένω
784 1681 853 1735 τά
883 1683 1167 1753 γενόμενα·
1203 1684 1411 1749 εἰωθὼς
1458 1687 1566 1758 γάρ
1630 1705 1719 1758 μοι

159 1770 372 1842 βοηθεῖν,
397 1770 651 1843 βοηθήσει
675 1774 768 1827 καὶ
791 1775 906 1840 νῦν,
938 1777 1033 1829 καὶ⁸
1054 1778 1115 1829 οὐ
1150 1779 1495 1851 συγχωρήσει
1511 1779 1719 1844 τούτοις

145 2800 164 2831 ‹
204 2783 319 2836 ’Ότι
352 2786 415 2837 σὺ
446 2785 745 2851 ἀποδώσεις
786 2789 1000 2855 ἑκάστῳ
1030 2792 1172 2847 κοιτά
1202 2792 1273 2847 τά
1298 2793 1435 2867 ἔργα
1462 2797 1651 2853 αὐτοῦ.
1691 2819 1711 2852 s

148 2873 386 2948 Ἐκάστῳ
416 2878 683 2933 ἀποδώσει
711 2883 739 2934 6
760 2881 891 2947 Θεὸς
922 2883 1059 2937 κατά
1080 2884 1149 2937 τὰ
1170 2885 1377 2959 ἕργα,ῆ
1412 2890 1481 2944 τὰ
1515 2892 1715 2962 ἀγαθὰ,

134 2966 167 3039 ἢ
202 2966 268 3021 τὰ
292 2970 457 3037 κακὰ,
492 2972 524 3043 ἢ
551 2972 620 3025 τά
653 2973 844 3039 πολλὰ,
871 2975 904 3047 ἢ
931 2976 999 3030 τὰ
1022 2976 1201 3046 όλίγα’
1228 2980 1373 3047 κατά
1396 2983 1594 3040 ὁποίων
1625 2985 1718 3058 δή-

133 3076 261 3114 ποτε
295 3062 506 3134 μέτρων
526 3065 785 3137 ποιότητα
807 3067 842 3139 ἢ
876 3068 1166 3141 ποσότητα,
1196 3064 1271 3126 ὧν
1294 3072 1608 3132 ἀποδίδωσι.

200 3239 374 3309 Πλὴν
386 3241 623 3309 μάταιοι
657 3247 710 3299 οἱ
741 3246 859 3301 vlo!
879 3248 1226 3318 ἀνθρώπων,
1250 3255 1496 3324 ψευδεῖς
1520 3260 1575 3312 οἱ
1596 3261 1713 3314 υἱοὶ

125 3329 247 3385 τῶν
264 3332 676 3401 ἀνθρώπωνὲν
705 3335 920 3408 ζυγοῖς,
973 3339 1082 3395 τοῦ
1109 3342 1397 3416 ἀδικῆσαι
1438 3351 1610 3405 αὐτοὶ
1643 3354 1713 3407 ἐκ

116 3428 515 3499 ματαιότητος
546 3427 644 3482 ἐπὶ
674 3428 741 3482 τὸ
768 3430 938 3497 αὐτὸ,
972 3450 1008 3486 κ
1057 3451 1108 3488 τ.
1135 3435 1182 3489 ὲ.
1217 3438 1454 3493 Μάταιοί
1485 3443 1621 3497 εἰσιν
1639 3444 1714 3515 (6)

120 3520 173 3571 οἱ
212 3520 326 3584 τοῖς
380 3522 626 3591 ματαίοις
669 3524 763 3577 καὶ
814 3524 1078 3599 φθαρτοῖς
1129 3529 1224 3584 τοῦ
1270 3533 1467 3598 αἰῶνος
1521 3537 1713 3592 τούτου

100 3612 619 3687 προσκαθεζόμενοι
655 3615 966 3688 πράγμασι.
1018 3620 1239 3677 Μάταια
1286 3623 1355 3678 τὰ
1399 3624 1715 3699 ἀνθρώπινα

118 3703 305 3758 πάντα
336 3707 430 3759 καὶ
463 3707 765 3781 μεταϐολὴν
784 3709 963 3777 ὀξεῖαν
993 3712 1279 3786 δεχόμενα.

199 3797 313 3852 Τοῦ
341 3798 547 3853 αὐτοῦ.
568 3800 642 3854 Οὐ
669 3800 936 3875 ψεύδομαι
969 3804 1046 3876 (7)
1059 3807 1186 3879 περὶ
1214 3808 1313 3881 τὴν
1340 3808 1709 3886 δικαιοσύνην·

112 3892 261 3963 αὑτὴ
295 3892 405 3965 γάρ
437 3892 598 3963 ζυγός
630 3895 746 3948 ἐστι
777 3896 885 3951 τῶν
928 3898 1162 3972 ἀρετῶν.
1198 3901 1428 3969 Ψευδεῖς
1451 3906 1589 3959 εἰσιν
1608 3905 1715 3961 υἱοὶ

110 3986 182 4038 ὲκ
207 3982 302 4038 τοῦ
337 3985 545 4057 πατρὸς
570 3985 662 4040 τοῦ
691 3986 939 4043 διαϐόλου
975 3994 1384 4065 γεγεννημένοι.
1425 3996 1713 4069 ’Δμελοῢσι

107 4075 249 4147 γὰρ,
280 4078 437 4148 φησὶ,
462 4076 565 4149 τῆς
594 4078 856 4151 ἰσότητος·
888 4081 1087 4148 ἀνίσως
1120 4084 1178 4138 δὲ
1202 4086 1493 4160 κατέχουσι
1520 4090 1590 4144 τὰ
1613 4095 1714 4167 τῆς

104 4167 361 4235 διανοίας
396 4171 557 4241 ζυγὰ,
598 4174 692 4227 καὶ
734 4173 829 4229 τοῦ
880 4176 985 4248 μὲν
1039 4176 1251 4235 δικαίου
1288 4186 1710 4258 καταφρονοῦσι,

102 4260 303 4334 ἀδικίᾳ
336 4263 395 4316 δὲ
440 4265 709 4337 χαίρουσι.

1859 4295 1943 4337 ero
1966 4282 2329 4348 delectantur.

194 4356 309 4410 Τοῦ
363 4358 570 4414 αὐτοῦ.
624 4361 685 4415 Οἱ
722 4362 861 4417 κατὰ
905 4366 1031 4431 τοὺς
1065 4368 1120 4422 0'
1156 4367 1239 4441 (8)
1271 4371 1434 4428 οὕτω·
1470 4376 1613 4432 κατὰ
1652 4378 1701 4433 δὲ

1884 4373 2163 4445 Ejusdem.
2195 4377 2548 4450 Septuaginta
2578 4382 2795 4453 quidem
2828 4383 2932 4449 sic,
2975 4382 3274 4442 Theodotio
3300 4402 3399 4440 au-

95 4449 472 4506 Θεοδοτίωνα·
519 4472 537 4505 ι
592 4455 781 4527 Ἀτμὶς
830 4460 937 4513 υἱοὶ
982 4460 1089 4515 τῶν
1126 4464 1450 4538 ἀνθρώπων,
1494 4470 1701 4540 ψευδεῖς

1859 4482 1964 4522 em:
1999 4486 2018 4521 t
2051 4470 2230 4541 Vapor
2266 4472 2361 4527 lilii
2405 4449 2713 4542 hominum,
2757 4476 3047 4533 mendaces
3085 4477 3180 4534 lilii
3216 4480 3400 4535 homi-

94 4541 218 4594 υἱοὶ
244 4542 446 4614 ἀνδρὸς
472 4544 547 4609 ὡς
574 4547 713 4618 ῥοπὴ
751 4547 937 4617 ζυγοῦ.
977 4570 996 4603 s
1037 4555 1225 4622 Οὐδὲν,
1259 4560 1414 4630 φησὶ,
1478 4563 1701 4634 μόνιμον

1859 4560 1901 4616 is
1928 4562 2074 4618 sicut
2100 4574 2434 4620 momentum
2459 4541 2704 4624 staterae.
2731 4587 2749 4619 ι
2784 4567 2953 4634 Nihil,
2984 4566 3183 4641 inquit,
3212 4572 3400 4628 buma-

90 4631 218 4686 τῶν
281 4634 660 4707 ἀνθρωπίνων,
710 4639 824 4693 ἀλλ’
880 4642 1038 4716 ἀτμῷ
1067 4646 1211 4702 ἔοικε
1261 4631 1708 4728 ἀναπεμνπομένῳ

92 4723 201 4777 καὶ
235 4728 559 4798 παραυτίκα
593 4731 1028 4806 σκεδαννυμένῳ,
1072 4740 1166 4792 καὶ
1202 4743 1340 4815 ῥοπῇ
1381 4723 1549 4815 ζυγοῦ
1561 4723 1707 4803 *ποτε

90 4817 207 4886 μὲν
223 4818 553 4894 καθιεμὲνῃ,
595 4824 725 4877 ποτὲ
758 4825 815 4879 δὲ
846 4828 1199 4904 ἀνανευούσῃ.
1233 4838 1557 4907 Ζητεῖταιδὲ
1584 4843 1631 4895 εί
1656 4844 1705 4895 οἱ

84 4907 252 4976 ἅγιοι
311 4911 376 4963 οὐ
416 4913 653 4983 μάταιοι.
694 4917 806 4988 Οὐχ
854 4920 960 4973 υἱοὶ
1003 4922 1110 4975 τῶν
1134 4925 1435 4999 ἀνθρώπων
1461 4934 1509 4985 οἱ
1535 4934 1701 5003 ἆγιοι.

81 5000 452 5077 Κατηργήθη
477 5006 585 5078 γὰρ
608 5008 786 5064 αὐτῶν
813 5012 846 5084 ἡ
881 5014 1021 5068 κατά
1044 5014 1331 5088 ἄνθρωπον
1361 5000 1592 5091 γένεσις.

1895 3254 2056 3313 Vens.
2093 3261 2180 3316 10.
2224 3261 2597 3322 Verumtamen
2634 3268 2760 3323 vani
2786 3268 2887 3339 ﬁlii
2921 3270 3229 3340 hominum,
3260 3291 3409 3329 men-

1818 3349 1974 3406 daces
2000 3352 2102 3421 filii
2133 3356 2404 3412 hominum
2438 3361 2492 3414 in
2526 3362 2765 3429 steteris,
2808 3374 2864 3417 ut
2910 3364 3171 3436 injuriam
3203 3367 3405 3437 faciant

1817 3438 1918 3509 ipsi
1946 3457 2013 3496 ea:
2040 3445 2269 3500 vanitate
2298 3448 2353 3503 in
2381 3448 2633 3520 idipsum,
2661 3463 2771 3509 etc.
2805 3453 2936 3509 Vani
2965 3465 3087 3510 sunt
3121 3447 3213 3526 qui
3252 3458 3408 3513 vanis

1817 3542 1872 3586 et
1922 3536 2196 3606 corruptis
2243 3539 2406 3610 hujus
2453 3543 2637 3598 sa’culi
2674 3547 2907 3617 negotiis
2953 3549 3215 3607 assident.
3252 3550 3403 3607 Vana

1820 3622 2054 3681 humana
2082 3630 2264 3686 omnia
2298 3641 2353 3688 et
2393 3636 2681 3693 mutationi
2708 3641 2831 3695 cita:
2856 3640 3117 3699 obnoxia.

1890 3808 2165 3880 Ejusdem.
2201 3813 2318 3871 Non
2349 3820 2578 3875 mendax
2616 3837 2736 3877 sum
2765 3822 2913 3878 circa
2946 3821 3243 3892 justitiam.
3281 3824 3401 3896 Ipsa

1815 3904 1963 3960 enim
2002 3916 2086 3969 est
2131 3908 2395 3967 virtutum
2434 3923 2661 3970 statera.
2716 3914 3005 3973 Mendaces
3052 3925 3181 3973 sunt
3209 3916 3303 3972 lilii
3333 3935 3399 3974 ex

1813 4009 1969 4071 patre
1996 4000 2211 4067 diabolo
2244 4004 2435 4075 geniti.
2476 4004 2929 4079 Equabilitatem
2960 4011 3104 4066 enim
3124 4052 3142 4080 ,
3174 4007 3356 4084 inquit
3383 4054 3400 4079 .

1815 4093 2131 4165 negligunt,
2168 4113 2235 4153 ex
2290 4114 2447 4171 mque
2497 4111 2682 4158 autem
2732 4103 2933 4160 mentis
2964 4115 3239 4162 momenta
3288 4122 3396 4163 non

1816 4195 2023 4254 tenent,
2057 4200 2111 4245 et
2135 4189 2404 4260 justitiam
2437 4194 2657 4264 quidem
2708 4206 3094 4265 contemnunt,
3128 4198 3394 4270 injustitia

1814 4670 2008 4710 narum
2034 4671 2216 4711 rerum
2252 4657 2468 4722 stabile,
2506 4661 2603 4716 sed
2630 4661 2809 4716 simile
2839 4662 3054 4718 videtur
3084 4665 3270 4735 vapori
3301 4665 3396 4736 qui

1812 4748 2085 4803 emittitur
2110 4758 2166 4802 et
2201 4751 2464 4808 continuo
2501 4753 2819 4824 dissipatur,
2854 4772 3065 4813 necnon
3119 4768 3398 4814 momento

1812 4849 2065 4905 staterae,
2103 4843 2246 4911 quod
2287 4843 2582 4913 aliquando
2607 4846 2922 4913 dimittitur,
2955 4849 3253 4921 aliquando
3285 4851 3399 4906 eri-

1811 4929 1977 4999 gitur.
2003 4931 2276 4999 Quteritur
2303 4943 2483 4991 autem
2516 4953 2584 4992 an
2614 4937 2792 4995 sancti
2822 4940 2947 4994 vani
2976 4955 3083 4995 non
3114 4941 3245 5009 sint.
3274 4939 3394 4995 Non

1814 5022 1907 5078 lilii
1935 5024 2220 5081 hominum
2251 5038 2380 5082 sunt
2406 5033 2601 5085 sancti.
2636 5029 2795 5086 Irrita
2827 5034 2974 5087 enim
3009 5033 3150 5088 facta
3182 5043 3266 5089 est
3297 5049 3395 5088 eo-

1812 5132 1928 5171 rum
1957 5120 2257 5175 secundum
2298 5123 2573 5180 hominem
2619 5127 2922 5193 generatio.

1884 5210 2046 5283 742
2078 5211 2240 5270 Vens.
2276 5216 2360 5271 12.
2390 5215 2560 5272 Semel
2599 5217 2806 5272 locutus
2841 5228 2918 5272 est
2957 5217 3118 5283 Deus,
3141 5218 3250 5273 duo
3285 5219 3397 5278 Iure

1812 5305 2017 5369 audivi,
2052 5317 2163 5361 etc.
2197 5307 2376 5364 Semel
2423 5310 2638 5366 locutus
2664 5323 2742 5366 est
2780 5310 2923 5367 Deus
2950 5312 3175 5367 verbum
3205 5353 3219 5380 ,
3249 5314 3392 5385 quod

168 5186 379 5253 Ἄπαξ
425 5189 732 5261 ἐλάλησεν
766 5198 799 5250 ό
851 5197 1024 5266 Θεὸς,
1060 5201 1169 5255 δύο
1220 5204 1407 5259 ταῦτα
1442 5207 1700 5277 ἤκουσα,

71 5296 132 5333 κ.
177 5296 237 5332 τ.
278 5281 334 5334 ὲ.
374 5281 478 5336 Τὸν
515 5283 672 5353 λόγον
718 5286 793 5360 (9)
837 5289 987 5356 ἅπαξ
1035 5293 1296 5367 ἐλάλησεν
1339 5300 1368 5352 ὁ
1414 5299 1567 5381 ῥεὸς,
1610 5302 1703 5356 τὸν

165 5422 222 5453 ¹¹¹
249 5420 423 5483 Joan.
448 5441 571 5495 vm,
605 5429 697 5484 40.

154 5541 251 5617 (ξ)
296 5541 483 5617 [eum
510 5545 734 5615 ὅμοιον,
757 5557 862 5605 etc.
895 5552 1096 5609 Catena
1132 5557 1404 5617 Corderii.

298 5614 449 5683 Τιμὴ
478 5612 610 5685 τῆς,
638 5612 744 5673 etc.
786 5620 1011 5679 Stthedm
1042 5612 1251 5684 Grabii.

297 5683 586 5767 Hirri
613 5688 687 5758 τῇ
708 5692 985 5767 προτέρᾳ,
1015 5710 1121 5753 etc.
1148 5683 1349 5759 Catena
1381 5706 1653 5767 Corderii.

148 5754 247 5822 (5)
297 5754 479 5812 'Ocrel
503 5754 695 5833 ἔλεγέ,
727 5754 831 5819 etc.
865 5754 1085 5826 Eadem.

1880 5567 1956 5639 (6)
1993 5569 2246 5626 Μάταιοί
2269 5576 2448 5639 εἰσιν,
2476 5584 2583 5632 etc.
2616 5575 2845 5630 Schedte
2872 5575 3084 5633 Grabii.

1902 5641 1955 5710 7)
1995 5645 2077 5697 Οὐ
2106 5644 2423 5713 ψεύδομαι,
2450 5658 2557 5699 etc.
2598 5646 2838 5702 Eaedem.

1898 5713 1950 5781 8)
1977 5717 2042 5767 Οἱ
2073 5715 2222 5769 κατὰ
2252 5718 2391 5781 τοὺς
2419 5720 2496 5778 0’,
2530 5726 2634 5769 etc.
2673 5718 2907 5776 Easdem.

1876 5782 1950 5853 (9)
1986 5785 2095 5841 Τὸν
2120 5787 2326 5856 λόγον,
2364 5795 2473 5842 etc.
2514 5786 2748 5843 Eaedem.
