3944 6386
483 259 508 315 1
520 257 622 314 187

1826 229 1919 310 Ex
1957 229 2259 308 unicam:

3578 253 3679 309 1188

483 377 551 434 de
608 370 945 445 providentia
997 378 1050 427 et
1101 368 1310 440 judicio
1349 383 1654 426 sermonem
1707 367 1891 426 habet.
1944 369 2058 426 Hoc

2163 371 2292 442 περὶ
2326 368 2582 443 προνοίας
2613 361 2706 424 καὶ
2735 364 2974 440 κρίσεως
3003 363 3194 440 ἔχοντα
3221 367 3391 440 λόγον·
3426 369 3567 426 τοῦτο
3603 373 3686 446 γὰρ

483 470 627 526 enim
658 483 724 525 ex
754 468 820 537 iis
848 481 968 539 quae
1001 462 1336 534 inferuntur,
1369 465 1552 528 verbis
1572 464 1926 536 signiﬁcatur.

1011 659 1336 718 PSALMUS
1372 657 1528 716 LXII.

554 759 717 813 Vens.
746 755 803 823 ‘2,
831 751 884 810 5.
915 751 1082 819 Deus,
1109 752 1251 808 Deus
1271 770 1439 819 meus,
1469 755 1538 808 ad
1563 765 1612 809 te
1642 756 1705 810 de
1735 739 1850 812 lace
1883 757 2063 828 vigilo.

481 851 658 908 Silivit
687 850 742 903 in
774 858 822 902 te
858 847 1034 900 anima
1063 861 1200 910 mea,
1230 861 1390 916 quam
1425 845 1784 917 multipliciter
1815 847 1911 901 tibi
1937 865 2062 902 caro

482 961 599 999 mea
622 983 636 1007 ,
669 941 724 995 in
765 950 910 994 terra
952 939 1159 993 deserta
1194 948 1242 992 et
1291 937 1432 991 invia
1465 947 1514 991 et
1549 939 1807 1011 iuaquosa
1831 954 1850 993 :
1884 941 1958 995 sic
2004 941 2061 995 iu

480 1046 662 1092 sancto
691 1031 915 1104 apparui
940 1030 1056 1096 tibi,
1084 1041 1140 1084 ut
1170 1029 1398 1085 viderem
1428 1032 1671 1086 virtutem
1699 1031 1846 1087 tuam
1877 1045 1922 1088 et
1947 1033 2061 1104 glo-

482 1129 617 1183 riam
649 1137 795 1179 (nam
818 1163 834 1189 ,
883 1131 990 1179 etc.
1017 1121 1206 1178 Omnis
1245 1121 1335 1190 qui
1379 1120 1574 1189 abjecit
1604 1137 1765 1189 opera
1805 1122 2059 1174 tenebra-

479 1237 600 1277 rum
632 1225 683 1274 el
723 1216 946 1272 indutus
983 1223 1065 1270 est
1099 1229 1248 1268 arma
1287 1213 1422 1269 lucis
1450 1253 1465 1279 ,
1507 1213 1574 1268 de
1618 1213 1736 1268 luce
1776 1213 1962 1284 vigilat
1996 1213 2064 1269 ad

479 1315 672 1370 Deum.

553 1405 831 1476 Ejusdem.
887 1401 999 1457 Deo
1047 1398 1264 1471 quidem
1295 1396 1412 1453 sitit
1457 1397 1503 1451 is
1534 1394 1626 1466 qui
1662 1396 1861 1450 bonum
1895 1394 2010 1450 sitit
2041 1411 2055 1460 ;

479 1496 694 1554 diabolo
728 1510 879 1559 vero,
918 1492 1022 1564 qui.
1044 1489 1452 1560 turpitudinem.
1481 1487 1752 1544 Caeterum
1781 1487 1835 1542 in
1868 1496 2060 1542 sancto

479 1602 693 1659 quoque
731 1593 948 1657 oportet
980 1591 1036 1638 ut
1071 1589 1331 1652 appareat
1363 1579 1470 1635 Deo
1497 1579 1542 1637 is
1579 1580 1670 1651 qui
1709 1579 1856 1635 videt
1891 1579 2060 1634 virtu-

2167 466 2420 540 δηλοῦται
2440 469 2506 524 ὲκ
2533 466 2642 522 τῶν
2662 466 3070 542 ἐπιφερομένων
3096 465 3292 538 ῥητῶν.

2729 662 3022 719 ΨΔΛΜΟΣ
3066 661 3182 716 ΞΒ.

2250 758 2301 812 '0
2331 759 2495 826 Θεὸς,
2538 761 2570 813 ό
2601 755 2745 824 Θεός
2772 774 2914 828 μου,
2955 755 3106 825 πρὸς
3153 753 3229 809 σὲ
3270 755 3516 824 ὀρθρίζω.
3571 759 3687 815 Ἐδί.

2168 851 2335 921 ψνησέ
2372 867 2468 906 σοι
2510 852 2548 920 ἠ
2584 849 2754 920 ψυχή
2798 866 2940 919 μου,
2977 846 3307 915 ποσαπλῶς
3358 864 3453 902 σοι
3485 850 3517 919 ἡ
3565 853 3687 923 σάρξ

2161 962 2302 1015 μου,
2333 943 2403 999 ἐν
2446 941 2524 1015 γῇ
2559 943 2757 1015 ἐρήμῳ
2793 943 2890 997 καί
2914 941 3109 1008 ἀϐάτῳ
3141 940 3238 996 καί
3269 941 3512 1012 ἀνύδρῳ·
3540 945 3687 1014 οὕτως

2164 1024 2239 1090 ἐν
2257 1035 2336 1102 τῷ
2363 1035 2509 1106 ἁγίῳ
2535 1034 2742 1106 ὤφθην
2755 1051 2875 1100 σοι,
2905 1034 3012 1090 τοῦ
3046 1031 3193 1089 ἰδεῖν
3219 1034 3330 1104 τὴν
3349 1034 3584 1108 δύναμιν
3602 1057 3688 1096 σου

2167 1128 2263 1182 καὶ
2301 1126 2416 1198 τὴν
2445 1127 2634 1193 δόξαν
2655 1145 2794 1192 σου,
2832 1146 2885 1181 κ.
2913 1145 2962 1181 τ.
2994 1128 3040 1181 ὲ.
3076 1127 3193 1191 Πᾶς
3221 1130 3250 1182 6
3273 1127 3584 1199 ἀποθέμενος
3607 1131 3690 1204 (11])

2168 1220 2237 1276 τὰ
2262 1221 2399 1296 ἔργα
2446 1221 2540 1276 τοῦ
2593 1222 2819 1286 σκότους
2863 1221 2956 1275 καὶ
3000 1218 3357 1292 ἐνδυσάμενος
3388 1220 3454 1273 τὰ
3482 1222 3601 1276 ὅπλα
3621 1225 3692 1278 τοῦ

2172 1315 2366 1386 φωτὸς,
2397 1313 2638 1388 ὀρθρίζει
2666 1315 2801 1388 πρὸς
2828 1314 2916 1369 τὸν
2943 1311 3096 1369 Θεόν.

2242 1403 2352 1459 Τοῦ
2397 1403 2604 1459 αὑτοῦ.
2643 1404 2732 1476 Τῷ
2779 1403 2897 1475 Θεῷ
2930 1403 3028 1475 μὲν
3068 1401 3180 1475 (11)
3221 1401 3352 1474 διψᾷ
3382 1403 3410 1457 6
3440 1403 3522 1457 τοῦ
3563 1405 3692 1459 καλοῦ

2167 1491 2354 1568 διψῶν,
2402 1497 2633 1570 διαὸόλῳ
2682 1496 2737 1550 δὲ
2779 1499 2808 1551 6
2850 1496 2944 1550 τοῦ
2976 1495 3222 1567 αίσχροῦ.
3267 1497 3426 1550 Ἀλλά
3454 1498 3539 1550 καὶ
3566 1500 3613 1552 ὲν
3635 1499 3694 1571 τῷ

2169 1585 2310 1660 ἁγίῳ
2338 1587 2564 1660 ὀφθῆναι
2584 1588 2664 1642 δεῖ
2694 1587 2772 1659 τῷ
2804 1585 2924 1659 Θεῷ
2956 1587 3047 1641 τὸν
3077 1588 3344 1661 ὀψόμενον
3377 1588 3472 1661 τὴν
3511 1589 3693 1662 δύναμιν

481 1691 588 1736 tem
617 1690 671 1736 et
699 1679 925 1752 gloriam
956 1676 1094 1746 ejus.
1138 1675 1387 1730 Christus
1421 1683 1602 1729 autem
1641 1673 1734 1728 Dei
1778 1674 1952 1728 virtus
1979 1675 2062 1728 est

2171 1681 2266 1736 καὶ
2292 1682 2394 1752 τὴν
2439 1681 2596 1750 δόξαν
2634 1681 2820 1737 αὐτοῦ.
2855 1681 3091 1754 Χριστὸς
3125 1681 3182 1736 δὲ
3227 1681 3365 1736 Θεοῦ
3393 1682 3599 1754 δύναμις
3626 1687 3696 1738 καὶ

480 1783 530 1828 οι
556 1771 809 1844 splendor
839 1767 1024 1842 gleria:
1071 1767 1191 1836 ejus
1216 1767 1284 1822 ⁷³.
1324 1767 1387 1822 Et
1418 1767 1635 1837 quidem
1679 1765 1939 1837 innuptns
1973 1782 2064 1821 co-

478 1865 661 1938 gitans
687 1879 806 1936 quae
834 1861 1048 1917 Domini
1081 1871 1204 1916 sunt
1234 1901 1248 1926 ,
1281 1857 1552 1932 quomodo
1582 1860 1794 1930 placeat
1823 1860 1934 1914 Deo
1958 1901 1973 1922 ,
2005 1867 2065 1915 ut

477 1961 552 2017 sit
596 1967 818 2016 sanctus
872 1969 1100 2026 corpore
1149 1964 1204 2009 et
1245 1954 1439 2022 spiritu
1463 1951 1529 2020 ⁷⁸,
1581 1953 1762 2009 dicere
1797 1953 1968 2023 possit
1999 1951 2064 2009 de

478 2067 648 2111 carne
687 2067 784 2106 sua
819 2049 1046 2106 Domino
1069 2089 1084 2114 ,
1123 2066 1141 2100 ι
1177 2046 1297 2101 Tibi
1332 2062 1462 2102 caro
1493 2062 1632 2103 mea.
1669 2066 1688 2101 ι
1743 2045 2065 2102 Fornicator

478 2161 608 2203 vero
638 2146 839 2202 dixerit
867 2142 1103 2208 diabolo,
1155 2162 1173 2193 s
1210 2140 1331 2197 Tibi
1362 2156 1491 2198 caro
1517 2156 1655 2195 mea.
1689 2159 1708 2193 ι
1744 2139 1844 2208 Qui
1880 2150 2063 2196 castus

477 2249 580 2307 cst,
609 2239 811 2296 dixerit
835 2253 1056 2295 carnem
1082 2253 1235 2294 suam
1262 2251 1385 2291 esse
1417 2253 1436 2286 ι
1465 2235 1516 2289 ἱιι
1546 2234 1799 2300 deserto;
1833 2252 1851 2286 ι
1887 2248 2062 2304 quan-

478 2332 766 2404 doquitlem
798 2348 929 2390 caro
951 2331 1069 2403 ejus
1095 2341 1179 2390 est
1205 2331 1256 2386 in
1288 2330 1602 2395 solitudine,
1627 2335 1682 2383 et
1715 2343 1734 2379 ι
1761 2325 1813 2382 in
1845 2327 2014 2390 invio,
2041 2345 2060 2377 ι

477 2443 602 2482 cum
638 2443 742 2482 non
775 2428 999 2482 accedat
1028 2427 1093 2480 ad
1131 2426 1306 2495 ipsum
1340 2438 1506 2496 prava
1541 2419 1820 2492 cogitatio.
1859 2419 1920 2473 Et
1960 2437 1978 2471 ι
2009 2418 2063 2472 in

479 2519 784 2591 iuaquoso:
815 2537 834 2570 ι
871 2518 1138 2589 siquidem
1171 2517 1451 2572 luituidum
1479 2524 1564 2570 est
1592 2531 1791 2584 corpus
1826 2513 1942 2583 ejus
1971 2509 2063 2582 qui

477 2630 685 2686 pronus
738 2614 792 2668 in
845 2611 1126 2668 libidinem
1182 2622 1299 2676 est,
1349 2610 1556 2666 siccum
1610 2623 1740 2664 vero
1788 2607 1929 2661 illius
1972 2603 2064 2675 qui

477 2707 772 2778 puritatem
819 2705 969 2762 colit.
1005 2703 1159 2760 Unde
1184 2702 1469 2758 eunuchus
1499 2703 1574 2756 ait
1601 2695 1681 2756 7':
1744 2719 1762 2752 ι
1795 2697 2064 2766 Quoniam

479 2813 582 2870 ego
629 2815 748 2853 sum
779 2797 985 2869 lignum
1033 2797 1270 2852 aridum.
1297 2816 1316 2850 ι
1359 2794 1562 2852 Verum
1598 2791 1687 2862 qui
1719 2794 1798 2848 sic
1830 2792 1928 2857 ait,
1963 2807 1982 2842 s
2012 2789 2064 2844 in

480 2900 672 2948 sancto
699 2891 928 2962 apparui
963 2890 1083 2956 tibi,
1118 2909 1137 2944 ι
1173 2903 1333 2945 mane
1359 2887 1544 2958 vigilat
1588 2887 1652 2942 ad
1686 2886 1884 2955 ipsum,
1914 2891 1970 2939 et
1998 2881 2068 2938 si-

483 2987 548 3041 tit
579 3002 702 3042 eum
756 2985 939 3042 anima
989 3000 1085 3040 sua
1139 2982 1555 3054 multipliciter,
1590 2990 1645 3036 et
1691 2993 1820 3036 caro
1849 2977 1965 3050 ejus
2010 2976 2062 3031 in

480 3085 627 3136 terra
656 3087 739 3134 est
766 3077 1003 3144 deserta,
1042 3078 1187 3134 invia
1219 3086 1272 3134 et
1300 3077 1585 3148 inaquosa.

551 3172 720 3229 Vens.
749 3173 804 3228 4.
835 3171 1097 3238 Quoniam
1128 3170 1316 3226 melior
1345 3184 1420 3225 est
1451 3165 1816 3224 misericordia
1851 3173 1941 3218 tua
1973 3180 2060 3219 su-

479 3282 573 3338 per
605 3267 736 3320 vitas
765 3305 780 3331 ,
819 3261 964 3319 labia
994 3279 1108 3320 mea
1141 3263 1436 3318 laudabunt
1465 3270 1547 3325 te,
1585 3271 1694 3318 etc.
1726 3259 1846 3316 Vita
1882 3255 2060 3314 homi-

481 3359 566 3414 nis
591 3367 674 3415 est
695 3357 922 3415 scientia
949 3363 1172 3424 Sancta;
1208 3354 1582 3412 misericordia
1615 3363 1796 3409 autem
1828 3351 2059 3420 Domini,

479 3465 669 3506 eorum
709 3465 829 3522 qua:
877 3450 1017 3506 facta
1051 3451 1177 3506 sunt
1222 3448 1631 3518 contemplatio.
1681 3443 1832 3501 Multi
1880 3453 2062 3500 autem

479 3545 637 3601 nobis
663 3543 822 3614 hujus
851 3543 1032 3600 saeculi
1083 3541 1457 3613 promiserunt
1487 3539 1744 3596 scientias
1769 3578 1785 3603 ,
1816 3536 1910 3595 sed
1943 3552 2061 3594 me-

480 3635 584 3693 lior
615 3645 699 3693 est
728 3634 1102 3691 misericordia
1137 3632 1348 3688 Domini
1379 3646 1544 3702 super
1584 3629 1746 3684 vitas.

556 3727 830 3799 Ejusdem.
866 3725 1034 3782 Labia
1067 3739 1188 3780 mea
1211 3765 1227 3791 ,
1260 3725 1458 3795 inquit,
1487 3721 1835 3789 collaudant;
1878 3721 2061 3776 anima

481 3820 704 3887 laudat;
734 3820 959 3891 spiritus
985 3827 1040 3874 et
1071 3833 1225 3873 ruens
1253 3817 1513 3888 psallunt.

557 3916 650 3973 Sic
676 3913 980 3968 benedicam
1007 3923 1054 3965 te
1076 3913 1130 3966 in
1157 3913 1266 3966 vita
1298 3926 1434 3965 mea.
1462 3906 1532 3963 In
1569 3906 1777 3962 nomine
1803 3914 1895 3960 tuo
1923 3905 2064 3960 leva-

485 4011 548 4066 bo
577 4009 764 4064 manus
807 4025 949 4063 meas
973 4048 989 4073 ,
1021 4017 1127 4062 etc.
1171 4003 1335 4060 Tollit
1377 4012 1432 4058 et
1465 3999 1664 4056 attollit
1713 4015 1907 4054 manus
1936 4011 2064 4054 suas

483 4105 727 4168 sanctus,
754 4097 880 4156 dum
921 4095 1163 4156 emlesﬁa
1193 4103 1411 4151 tractat.
1435 4087 1748 4161 Quinetiam
1781 4094 1862 4146 vir
1882 4090 2063 4160 justus

482 4195 537 4252 in
569 4194 788 4251 nomine
820 4191 1034 4249 Domini
1069 4205 1262 4246 manus
1291 4186 1449 4250 tollit,
1487 4191 1706 4256 quando
1727 4199 1792 4240 ex
1819 4183 1971 4240 sanis
1999 4185 2065 4241 de

482 4290 595 4345 Deo
620 4286 966 4360 dogmatibus
993 4325 1007 4350 ,
1037 4293 1092 4338 et
1132 4298 1226 4338 sua
1259 4296 1385 4350 erga
1427 4281 1604 4352 ipsum
1634 4277 1833 4348 pietate
1863 4275 2065 4332 attollit

483 4399 514 4438 a
550 4379 779 4437 terrenis
823 4383 980 4434 actu‘s
1016 4392 1179 4442 suos;
1211 4375 1432 4445 quando
1486 4381 1612 4426 vero
1653 4385 1722 4426 ex
1756 4369 2062 4440 alienigena

2166 1775 2503 1847 ἀπαύγασμα
2533 1776 2630 1849 τῆς
2660 1776 2818 1843 δόξης
2856 1775 3042 1830 αὐτοῦ.
3070 1775 3178 1829 Καὶ
3209 1777 3237 1829 6
3267 1776 3372 1847 μὲν
3401 1776 3594 1848 ἄγαμος
3626 1795 3694 1847 με·

2167 1867 2370 1940 ριμνῶν
2404 1867 2471 1921 τὰ
2515 1867 2609 1921 τοῦ
2646 1867 2874 1938 Κυρίου,
2911 1869 3029 1932 πῶς
3064 1866 3251 1938 ἀρέσει
3275 1867 3358 1938 τῷ
3403 1863 3532 1939 Θεῷ,
3571 1865 3693 1942 ἴναῇ

2163 1959 2315 2031 ἅγιος
2346 1959 2424 2032 τῷ
2451 1959 2662 2031 σώματι
2689 1960 2783 2014 καὶ
2805 1959 2881 2030 τῷ
2909 1957 3201 2030 πνεύματι,
3236 1958 3383 2011 εἴποι
3414 1955 3477 2012 ἂν
3497 1959 3695 2029 περὶτῆς

2164 2054 2356 2111 ἑαυτοῦ
2392 2053 2592 2126 σαρκὸς
2625 2052 2702 2124 τῷ
2736 2053 2943 2124 Κυρίῳ·
2985 2073 3002 2104 ι
3038 2051 3188 2122 Σοὶὴ
3236 2049 3376 2124 σάρξ
3409 2065 3523 2124 μουο
3566 2072 3580 2104 ι
3612 2051 3695 2106 ὅδὲ

2164 2148 2438 2222 πορνεύων
2462 2146 2605 2199 εἴποι
2631 2143 2693 2199 ἂν
2729 2144 2805 2216 τῷ
2834 2144 3083 2217 διαϐόλῳ·
3111 2163 3133 2198 s
3163 2145 3304 2218 Σοὶή
3341 2145 3473 2219 σάρξ
3499 2163 3604 2218 μου*
3628 2164 3642 2197 ι
3674 2149 3694 2198 6

2164 2233 2222 2296 ὲν
2238 2241 2430 2313 ἁγνείᾳ
2454 2241 2499 2296 δ’
2517 2237 2591 2294 ὢν
2609 2241 2754 2311 λέγοι
2780 2237 2844 2293 ἂν
2871 2237 2967 2310 τὴν
2990 2237 3183 2292 ἑαυτοῦ
3210 2237 3394 2311 σάρκα
3413 2257 3430 2290 ι
3457 2239 3510 2292 ἐν
3527 2237 3581 2310 τῇ
3601 2237 3697 2310 ipf,-

2167 2355 2271 2412 μῳ·
2295 2359 2313 2390 ι
2336 2339 2562 2412 ἐπείπερ
2593 2339 2650 2391 ὲν
2675 2333 2881 2408 ἐρημίᾳ
2906 2331 3054 2389 ἐστὶν
3080 2335 3114 2408 ἢ
3139 2332 3278 2405 σὰρξ
3304 2334 3487 2393 αὑτοῦ,
3510 2335 3590 2386 καὶ
3615 2353 3628 2382 ι
3655 2333 3697 2384 ὲν

2163 2430 2370 2503 ἀϐάτῳ,
2396 2451 2414 2484 ι
2446 2429 2564 2485 οὐδὲ
2595 2429 2833 2502 πονηροῦ
2877 2427 3140 2500 λογισμοῦ
3166 2425 3530 2490 ἐπιϐαίνοντος
3565 2423 3696 2496 αὐτῷ.

2171 2527 2190 2578 't
2221 2523 2327 2579 Kal
2358 2527 2415 2578 ὲν
2441 2525 2670 2596 ἀνύδρῳ·
2702 2539 2720 2576 ι
2753 2521 2920 2595 ὑγρὸν
2952 2521 3050 2594 μὲν
3075 2522 3256 2593 γὰρτὸ
3288 2519 3546 2594 σῶματοῦ
3571 2533 3700 2572 κατα-

2165 2618 2383 2693 φεροῦς,
2409 2618 2570 2691 ξηρὸν
2600 2613 2737 2671 δὲτὸ
2758 2614 2851 2671 τοῦ
2887 2613 3303 2687 καθαρεύοντος,
3336 2614 3493 2668 Ὅθεν
3513 2610 3699 2666 deimi-

2165 2730 2259 2785 χος
2284 2712 2450 2781 λέγει’
2485 2730 2503 2763 ι
2531 2711 2653 2765 Ὀτι
2682 2707 2792 2779 ἐγώ
2820 2709 2937 2780 είμι
2973 2705 3129 2775 ξύλον
3160 2707 3350 2780 ξηρόν.
3393 2721 3413 2760 δ
3448 2706 3580 2778 Πλὴν
3603 2706 3700 2758 6λέ-

2165 2826 2277 2879 γων
2309 2805 2502 2872 οὕτως,
2539 2821 2557 2858 ι
2594 2807 2649 2858 ὲν
2665 2801 2742 2875 τῷ
2774 2802 2914 2874 ἁγίῳ
2939 2800 3128 2874 ὤφθην
3155 2819 3256 2866 σοι,
3284 2821 3302 2854 ι
3337 2797 3567 2874 ὀρθρίξει
3595 2799 3699 2871 πρὸς

2165 2899 2320 2969 Θεὸν,
2346 2899 2439 2953 καὶ
2455 2897 2581 2970 διψᾷ
2603 2896 2780 2968 ἑαυτῷ
2804 2899 2871 2968 τῇ
2895 2896 3039 2967 ψυχῇ
3066 2894 3259 2949 ἑαυτοῦ
3291 2892 3611 2956 πολλαπλῶς,
3629 2891 3698 2945 καὶ

2101 3077 2106 3084 θ
2164 2992 2199 3063 ὴ
2230 2989 2367 3063 σὰρξ
2389 2988 2554 3044 αὐτοῦ
2592 2989 2650 3044 ὲν
2675 2991 2747 3061 γῇ
2776 2989 2922 3042 ἐστιν
2952 2987 3163 3060 ἐρήμῳ,
3187 2985 3377 3059 ἀϐάτῳ
3398 2985 3489 3039 καὶ
3510 2981 3700 3054 ἀνύδρῳ.

2239 3174 2358 3227 Ὅτι
2384 3170 2673 3242 κρεῖσσον
2691 3170 2756 3225 τὸ
2773 3171 2945 3236 ἔλεός
2967 3184 3084 3223 σου
3106 3165 3258 3236 ὑπὲρ
3282 3165 3449 3234 ζωὰς,
3475 3164 3540 3219 τὰ
3563 3162 3697 3234 χείλη

2157 3284 2278 3339 μου
2311 3264 2705 3320 ἐπαινέσουσι
2737 3280 2830 3328 σε,
2867 3278 2921 3317 κ.
2944 3279 2996 3314 τ.
3021 3261 3068 3314 ὲ.
3113 3261 3176 3314 Ἦ
3203 3261 3304 3332 μὲν
3333 3258 3429 3314 τοῦ
3460 3255 3696 3324 ἀνθρώπω

2164 3359 2278 3432 ζωὴ
2315 3355 2426 3430 (12)
2456 3362 2490 3431 ἡ
2522 3357 2651 3428 ἁγία
2677 3353 2875 3427 γνῶσις
2902 3355 3159 3426 ὑπάρχει·
3191 3351 3253 3406 τὸ
3284 3351 3342 3406 δὲ
3372 3352 3514 3414 ἕλεος
3535 3347 3696 3419 Κυρίου

2162 3454 2196 3526 ὴ
2234 3451 2343 3506 τῶν
2388 3451 2688 3522 γεγονότων
2737 3447 2940 3521 θεωρία
2984 3444 3119 3499 ἐστί.
3166 3442 3367 3499 Πολλοὶ
3404 3445 3459 3498 δὲ
3485 3443 3600 3514 ἡμῖν
3628 3435 3696 3490 τοῦ

2163 3547 2358 3610 αίῶνος
2382 3543 2570 3598 τούτου
2600 3541 3007 3610 καθυπέσχοντο
3033 3533 3281 3606 γνώσεις⁸
3309 3533 3450 3590 ἀλλὰ
3484 3531 3693 3606 κρεῖσσον

2162 3640 2224 3695 τὸ
2253 3639 2402 3704 ἔλεος
2431 3636 2638 3710 Κυρίου
2667 3631 2809 3706 ὑπὲρ
2837 3631 3002 3700 ζωᾶς.

2239 3727 2358 3785 Τοῦ
2389 3727 2596 3783 αὐτοῦ.
2628 3723 2710 3780 Τὰ
2754 3724 2906 3797 χείλη
2952 3723 3060 3796 (15)
3095 3737 3220 3796 μου,
3269 3720 3459 3793 φησὶν,
3505 3710 3695 3774 ἐπαινεῖ,

2163 3820 2308 3894 ψυχὴ
2357 3819 2411 3872 δὲ
2429 3818 2588 3881 αἰνεῖ,
2611 3815 2830 3888 πνεῦμα
2857 3811 2914 3869 δὲ
2943 3815 3039 3870 καὶ
3069 3815 3191 3878 νοῦς
3214 3811 3501 3884 ψάλλουσι.

2240 3913 2438 3979 Οὕτως
2454 3909 2770 3979 εὐλογήσω
2797 3925 2870 3962 σε
2895 3907 2965 3961 ἐν
2997 3907 3071 3976 τῇ
3106 3904 3218 3975 ζωῇ
3249 3919 3394 3974 μου,
3425 3900 3498 3956 ἐνὶ
3515 3897 3584 3964 τῷ
3605 3896 3700 3949 ὀνο-

2159 4005 2301 4078 ματί
2345 4019 2461 4059 σου
2495 4002 2618 4071 ἀρῶ
2657 4003 2763 4067 τὰς
2803 3998 3004 4070 χεῖράς
3036 4016 3179 4069 μου,
3203 4015 3257 4051 κ.
3288 4014 3344 4050 τ.
3387 3995 3434 4048 ἑ.
3463 3993 3601 4063 Alps:
3630 3984 3698 4040 nl

2165 4101 2381 4174 ἐπαίρει
2422 4096 2532 4171 (14)
2585 4093 2680 4159 τὰς
2729 4095 2920 4165 χεῖρας
2979 4090 3172 4145 ἑαυτοῦ
3217 4093 3244 4144 6
3285 4091 3464 4160 ἅγιος,
3517 4081 3698 4155 οὐράνια

2165 4193 2440 4268 πράττων.
2462 4189 2614 4263 Δίρει
2639 4187 2697 4241 δὲ
2723 4187 2816 4240 καὶ
2838 4186 2937 4250 τὰς
2958 4185 3144 4257 χεῖρας
3163 4185 3190 4237 ὁ
3216 4182 3425 4245 δίκαιος
3445 4181 3500 4232 ὲν
3519 4176 3699 4268 ὀνόματι

2163 4261 2256 4341 τοῦ
2279 4283 2505 4357 Κυρίου,
2534 4261 2622 4335 ὅτε
2655 4279 2762 4334 ἀπὸ
2786 4279 2952 4349 ὑγιῶν
2989 4275 3276 4349 δογμάτων
3307 4275 3440 4344 περὶ
3463 4268 3603 4331 Θεοῦ,

2165 4377 2264 4449 τῆς
2306 4352 2386 4441 είς
2430 4373 2590 4428 αὐτὸν
2615 4369 2897 4434 εὐσεϐείας
2934 4368 3153 4438 ἐπαίρει
3176 4365 3282 4419 ἀπὸ
3311 4363 3423 4444 τῶν
3452 4361 3630 4432 γηΐνων
3654 4352 3697 4406 τὸ

483 4476 663 4548 aliqua
697 4473 964 4538 doctrina,
999 4471 1138 4528 tollit
1169 4467 1388 4540 quidem
1424 4479 1620 4522 manus
1649 4477 1798 4534 saas,
1827 4465 1920 4521 sed
1952 4479 2056 4520 non

2165 4465 2466 4542 πρακτικὸν
2485 4460 2698 4518 ἑαυτοῦ·
2717 4462 2804 4516 ὅτε
2829 4458 2885 4513 δὲ
2915 4459 2973 4524 ἐξ
2997 4457 3290 4526 ἀλλοφύλου
3324 4454 3469 4517 τινος
3494 4451 3697 4504 διδασκα-

483 4565 539 4622 in
569 4561 786 4621 nomine
816 4561 1051 4619 Domini.

754 4747 920 4804 Vens.
952 4747 1004 4804 6.
1053 4746 1201 4804 Sicut
1229 4747 1381 4815 adipe
1418 4755 1468 4802 et
1516 4743 1834 4817 pinguedine
1857 4743 2062 4814 τεριεα.

483 4855 574 4904 tur
599 4844 779 4898 anima
809 4853 946 4908 mw,
980 4849 1088 4896 etc.
1121 4839 1363 4896 Delie-ala
1391 4849 1444 4894 et
1473 4835 1833 4894 beneuutrita
1859 4835 2059 4890 anima.

480 4933 1247 5000 lstuduManducaveruut,
1311 4941 1366 4989 et
1435 4931 1801 4987 adoraverunt
1872 4942 2064 4985 omnes

2163 4536 2304 4624 λίας,
2339 4557 2482 4629 αἴρει.
2513 4555 2612 4627 μὲν
2637 4553 2736 4618 τὰς
2763 4553 2950 4626 χεῖρας
2985 4547 3200 4614 ἑαυτοῦ,
3231 4545 3292 4602 οὐ
3330 4545 3431 4618 μὲν
3453 4543 3518 4614 δὴ
3543 4542 3594 4594 ἒν
3612 4536 3699 4591 ὀνό-

2169 4665 2295 4724 ματι
2322 4647 2548 4720 Κυρίου.

2238 4741 2398 4798 Ὠσεὶ
2457 4742 2708 4806 στέατος
2760 4738 2857 4792 καὶ
2923 4737 3202 4803 πιότητος
3253 4729 3614 4804 ἐμπλησθείη
3661 4722 3689 4790 ἦ

2158 4836 2329 4908 ψυχή
2355 4849 2496 4904 μου,
2520 4849 2573 4887 κ.
2604 4847 2654 4884 τ.
2681 4831 2730 4885 ἱ.
2762 4825 2983 4899 Διπαρὰ
3015 4824 3108 4880 καὶ
3130 4823 3240 4895 (15)
3265 4823 3542 4895 εὐτραφὴς
3565 4814 3695 4888 ψυχή.

2162 4927 2258 4991 Τὸ,
2294 4945 2312 4976 ι
2353 4924 2596 4993 Ἔφαγον
2645 4918 2738 4974 καὶ
2770 4917 3183 4991 προσεκύνησαν
3223 4915 3424 4978 πάντες
3468 4913 3515 4967 oi
3556 4910 3697 4967 πίονες

481 5034 713 5115 pingues
758 5027 1012 5093 terrae",
1040 5047 1060 5080 ι
1095 5027 1162 5081 ad
1195 5026 1522 5082 sententiam
1576 5025 1717 5078 hanc
1749 5035 2062 5079 accommo-

2162 5021 2259 5091 τῆς
2283 5017 2407 5088 γῆς,
2443 5033 2462 5066 ι
2497 5015 2764 5086 χρήσιμον
2790 5012 2869 5073 είς
2897 5007 2957 5062 τὸ
2989 5008 3170 5081 ῥητόν.
3213 5007 3483 5079 Καθάπερ
3511 5001 3606 5074 γὰρ
3629 4995 3698 5052 ἐπὶ

482 5113 609 5182 dum
644 5135 746 5182 est.
781 5121 1252 5191 Quemadmodum
1288 5119 1432 5173 enim
1466 5119 1520 5172 in
1571 5119 1708 5172 cibis
1769 5113 2067 5186 corporali—

481 5225 582 5281 bus
624 5222 844 5292 pinguia
890 5231 946 5277 et
981 5221 1128 5275 bene
1157 5213 1359 5269 nutrita
1403 5209 1655 5265 animalia
1679 5208 1889 5278 aptiora
1927 5215 2054 5262 sunt

2163 5113 2270 5168 τῶν
2297 5106 2624 5181 σωματικῶν
2647 5103 2954 5177 βρωμάτων
2980 5101 3128 5155 δοκεῖ
3154 5100 3223 5155 τὰ
3249 5101 3413 5154 πίονα
3435 5099 3524 5152 καὶ
3545 5096 3698 5164 εὐτρα-

2165 5205 2242 5276 φῆ
2267 5202 2375 5258 τῶν
2401 5199 2558 5266 ζώων
2590 5196 2828 5269 κρείττω
2877 5193 3165 5266 τυγχάνειν
3195 5193 3328 5266 πρὸς
3368 5191 3574 5264 ἡδονὴν,
3614 5181 3696 5237 τῶν

549 5386 598 5421 ⁷³
627 5384 794 5442 Hebr.
835 5399 875 5449 ι,
904 5383 960 5437 5.
1033 5379 1080 5412 ⁷⁸
1110 5377 1126 5432 l
1158 5376 1283 5432 Cor.
1311 5388 1406 5439 HI,
1434 5370 1525 5427 34.
1600 5370 1646 5400 ’⁸
1681 5369 1779 5422 lsa.
1815 5383 1925 5434 ur,
1960 5369 2016 5424 5.

2165 5364 2308 5422 Psal.
2339 5378 2452 5426 χιι,
2473 5358 2566 5414 50.

553 5525 666 5598 (10)
691 5522 907 5598 μᾶς-ο
953 5518 1342 5598 ἀποθέμενος,
1373 5523 1478 5570 etc.
1524 5510 1752 5566 Sclieda:
1784 5507 1969 5565 Gt'abii
2006 5513 2057 5562 et

482 5593 652 5654 codex
681 5593 1055 5650 Coislinianus
1087 5594 1316 5660 primus.

553 5667 667 5736 (11)
707 5662 790 5736 Ζξῶ
820 5651 1104 5736 Θεῷ-μέν,
1133 5660 1472 5736 οιεζϐιιιθιηιι
1497 5651 1769 5736 gorderii.

554 5725 667 5807 (li)
712 5725 1066 5806 Ἦμὲνίζωή,
1093 5725 1198 5788 etc.
1235 5727 1464 5786 Scbeda:
1498 5725 1704 5783 Grabii.

2241 5507 2352 5579 (15)
2393 5505 2469 5562 Τὰ
2495 5506 2670 5576 χείλη
2693 5539 2708 5566 ,
2762 5505 2872 5552 etc.
2919 5493 3100 5556 Codex
3132 5493 3500 5553 Coislinianns
3537 5501 3693 5544 scmu-

2167 5581 2350 5719 ὼῗὶι)
2380 5645 2540 5715 Alpes
2567 5643 2951 5719 xaleaalpss,
2964 5653 3072 5698 etc.
3097 5637 3318 5719 Sgbcdfe
3351 5630 3553 5717 Qrabii.

2243 5706 2356 5790 115)
2390 5706 2623 5785 Δὶπαρὰ
2648 5715 2738 5783 δέ,
2765 5706 2874 5775 eté.
2912 5706 3118 5771 Catena
3147 5706 3415 5779 Corderii.
