3808 6498
234 396 350 453 1189

1161 382 1469 444 SELECTA
1505 383 1571 440 IN
1604 381 1947 440 PSALMOS.
1986 382 2061 424 —-'
2088 381 2282 439 PSAL.
2321 379 2502 437 LXIII.

3323 379 3459 439 M90

225 515 310 586 οὐχ
341 510 510 574 οὕτως
532 508 764 581 ἐχόντων
786 523 798 538 ·
835 505 979 562 οὕτω
1013 506 1107 563 καὶ
1140 508 1233 562 ἐπὶ
1259 507 1366 564 τῶν
1396 504 1778 580 πνευματικῶν

1905 502 1957 557 nl
1989 501 2312 573 voluptatem
2338 517 2499 573 quam
2530 501 2617 556 illa
2646 514 2767 571 quae
2805 514 2910 557 non
2952 505 3079 555 sunt
3106 497 3272 567 'talia,
3299 499 3373 554 ita
3407 500 3461 555 in

226 604 470 671 ἀνάλογόν
504 604 651 656 ἐστιν
684 599 981 673 ἑκατέροις.
1018 598 1128 672 Τῆς
1150 600 1328 673 ψυχῆς
1354 600 1460 677 γὰρ
1491 600 1590 672 τὴν
1618 599 1785 671 ὑπερ-

116 727 120 730 ~
225 696 437 767 έχουσαν
486 694 691 767 τροφὴν
734 691 889 758 εἰδὼς
942 695 970 747 6
1024 693 1350 764 προφήτης,
1398 693 1572 748 ταῦτά
1631 710 1783 765 φησι.

225 785 444 843 Τοιαῦτα
471 786 579 859 γάρ
606 782 674 859 ἦν
707 787 846 857 τάχα
878 785 973 841 καὶ
1006 784 1074 840 τὰ
1098 784 1236 839 κατά
1265 785 1364 857 τὴν
1393 785 1703 858 παραϐολὴν
1728 785 1786 839 ἐν

226 879 562 949 Εὐαγγελίοις
602 878 695 933 τοῦ
742 879 941 951 μόσχου
981 878 1075 932 τοῦ
1108 878 1373 932 σιτευτοῦ.
1409 899 1427 931 ι
1480 879 1590 933 Καὶ
1636 877 1785 950 χείλη

223 972 581 1043 ἀγαλλιάσεως
613 972 816 1028 αίνέσει
853 971 914 1024 τὸ
949 972 1123 1043 στόμα
1169 988 1291 1041 μου.
1334 989 1353 1035 ι
1396 970 1717 1042 Ἀμιρίϐολος
1752 970 1786 1042 ἡ

222 1065 383 1132 λέξις·
413 1066 531 1137 ἦτοι
570 1064 678 1136 γάρ
706 1062 1084 1136 αίνεσθήσεται
1109 1062 1170 1118 τὸ
1196 1062 1370 1134 στόμα
1402 1048 1521 1134 μοι)Δ
1546 1062 1649 1116 ὑπὸ
1678 1079 1789 1132 χει-

142 1190 147 1193 ι
221 1157 344 1211 λέων
371 1156 763 1225 ἀγαλλιάσεως,
801 1154 833 1227 ἦ
857 1155 1235 1227 αίνεσθήσεται
1262 1154 1329 1211 τὰ
1356 1154 1508 1224 χείλη
1531 1154 1789 1224 ἀγαλλιά-

223 1268 347 1314 σεως
372 1249 478 1303 ὑπὸ
514 1248 608 1303 τοῦ
650 1248 915 1319 στόματός
960 1265 1083 1319 μου.
1121 1249 1311 1315 Ὅταν,
1351 1248 1505 1319 φησὶ,
1548 1247 1643 1301 τοῦ
1692 1244 1786 1301 σοῦ

220 1345 469 1417 ὀνόματος
513 1345 571 1399 ἐν
608 1345 794 1416 μνήμῃ
846 1344 1114 1414 γένωμαι,
1157 1341 1279 1397 τότε
1321 1342 1387 1415 δὴ
1434 1341 1555 1397 τότε
1614 1342 1788 1414 χαρᾶς

223 1438 509 1512 πληροῦται
543 1437 613 1491 τά
644 1436 799 1508 χείλη
824 1454 951 1503 μου.
1053 1457 1066 1467 ·

281 1532 349 1584 El
376 1530 793 1599 ἐμνημόνευον
834 1546 950 1585 σου
983 1528 1082 1597 ἐπὶ
1133 1527 1245 1597 τῆς
1286 1525 1604 1601 στρωμνῆς
1642 1544 1787 1597 μου,

219 1636 268 1677 κ.
301 1636 349 1672 τ.
383 1619 429 1674 ἐ.
462 1618 693 1674 Πιθανὺν
720 1620 799 1683 είς
830 1618 1052 1688 ἁγνείαν
1088 1616 1201 1689 (16)
1248 1617 1647 1691 προτρεπτικόν
1668 1634 1680 1649 ⁸
1712 1617 1790 1682 ὡς

219 1708 305 1765 τοῦ
330 1709 422 1764 ἐπὶ
445 1710 545 1781 τῆς
563 1694 855 1782 στρωμνῆς
886 1709 1313 1783 μνημονεύοντος
1342 1710 1448 1764 τῶν
1470 1709 1610 1765 κατά
1631 1709 1786 1775 Θεὸν,

219 1800 427 1867 πάντως
448 1801 865 1874 καθαρεύοντος.
907 1788 1136 1874 Ὁμοίως
1162 1802 1257 1857 καὶ
1282 1802 1362 1866 τὸ,
1397 1821 1413 1853 ι
1439 1801 1527 1854 Ἐν
1558 1798 1789 1871 δάκρυσί

1888 595 2268 666 spiritualibus
2310 595 2660 665 proportione
2705 594 2939 664 quadam
2974 591 3457 664 acciditutrisque.

1887 688 2157 759 Pr0plteta
2192 688 2361 755 enim,
2412 703 2535 745 cum
2580 687 3076 765 supereminentem
3126 686 3320 742 anima:
3379 686 3460 741 ci-

1888 780 2013 835 bum
2049 779 2216 850 probe
2252 789 2458 847 nosset,
2484 781 2598 837 haec
2626 780 2777 836 dicit.
2808 778 3083 850 Ejusmodi
3120 778 3262 837 enim
3307 787 3463 834 erant

1887 872 2051 929 etiam
2084 872 2170 929 illa
2199 887 2320 943 qua:
2353 888 2451 943 per
2472 873 2783 945 parabolam
2822 874 2872 943 in
2914 873 3220 946 Evangeliis
3266 873 3465 929 haben-

1890 972 1977 1022 tur
2011 966 2079 1020 de
2110 965 2278 1021 vitulo
2307 966 2573 1043 saginata.
2599 985 2617 1019 ι
2648 967 2714 1022 Ει
2745 966 2903 1024 labiis
2925 966 3311 1043 exsultationis
3345 966 3461 1019 lau—

1889 1057 2038 1113 dabit
2067 1072 2131 1114 os
2160 1072 2361 1114 meum.
2395 1076 2414 1112 ι
2453 1057 2717 1130 Aubigua
2747 1070 2831 1116 est
2862 1059 2913 1117 in
2948 1059 3138 1116 Graeco
3166 1058 3462 1123 sententia,

1889 1156 2071 1203 utrum
2122 1146 2374 1217 videlicet
2418 1146 2745 1204 laudandum
2793 1149 2864 1203 sit
2913 1165 2975 1206 os
3028 1164 3260 1215 meuma
3301 1148 3460 1204 labiis

1888 1239 2284 1307 exsultationis,
2320 1239 2711 1295 vcllaudanda
2754 1240 2863 1297 sint
2908 1241 3050 1319 labia
3085 1242 3464 1317 exsultationis

1890 1332 1958 1388 ab
1986 1346 2082 1387 ore
2115 1347 2255 1388 meo.
2290 1332 2535 1399 Quando,
2569 1332 2764 1403 inquit.
2806 1347 3016 1391 memor
3044 1335 3199 1391 fuero
3230 1333 3466 1389 nominis

1892 1420 1993 1491 tui,
2028 1428 2156 1478 tunc
2201 1422 2388 1490 utique
2438 1434 2565 1477 tunc
2596 1422 2789 1494 gaudio
2824 1423 3119 1494 implentur
3148 1424 3289 1481 labia
3324 1439 3468 1501 mea.

1960 1508 2124 1566 Vnus.
2160 1512 2213 1565 7.
2252 1511 2312 1568 Si
2367 1529 2564 1567 memor
2604 1513 2684 1582 fui
2734 1514 2812 1568 tui
2868 1532 3028 1583 super
3074 1526 3323 1583 stratum,
3354 1526 3465 1573 etc.

1889 1600 2087 1658 ldonea
2116 1604 2343 1675 monitio
2374 1604 2440 1658 ad
2474 1604 2785 1661 castitatem
2813 1625 2826 1673 ;
2860 1608 3113 1678 quoniam
3145 1607 3191 1664 is
3242 1609 3331 1678 qui
3369 1624 3465 1662 su-

1890 1711 1986 1767 per
2022 1706 2196 1754 strato
2257 1714 2468 1763 memor
2515 1708 2600 1755 est
2652 1714 2837 1767 rerum
2874 1682 3202 1765 divinarum,
3242 1700 3467 1756 omnino

1891 1805 2057 1861 purus
2079 1790 2158 1846 ﬁt.
2190 1791 2379 1847 Simile
2405 1803 2488 1848 est
2513 1794 2675 1848 etiam
2705 1793 2835 1853 illud
2863 1811 2877 1847 :
2913 1812 2930 1846 ι
2961 1794 3016 1847 1η
3045 1793 3303 1865 lacrymis
3332 1792 3469 1849 meis

218 1911 316 1966 μου
346 1895 443 1966 τὴν
474 1868 765 1967 στρωμνήν
813 1912 913 1966 μου
943 1868 1139 1966 β’ρέξω.
1187 1912 1204 1944 ι
1258 1893 1368 1948 Καὶ
1420 1890 1529 1964 γὰρ
1559 1868 1783 1947 ἀποστε-

1905 1895 2122 1941 stratum
2159 1901 2339 1959 meum
2373 1886 2646 1956 rigabo".
2673 1903 2691 1937 ι
2729 1884 2938 1943 Etenim
2972 1884 3292 1942 defraudant
3325 1883 3472 1940 invi-

220 1987 397 2060 ροῦσιν
424 1987 688 2058 ἀλλήλους
713 1988 762 2041 οἱ
798 1986 1149 2059 σχολάζοντες
1180 1989 1244 2058 τῇ
1275 1987 1573 2058 προσευχῇ.

295 2081 637 2149 Ἐκολλήθη
673 2082 711 2150 ἡ
744 2080 915 2151 ψυχή
956 2098 1077 2152 μου
1121 2082 1314 2136 ὀπίσω
1357 2066 1494 2145 σου,
1539 2096 1593 2134 κ.
1646 2096 1698 2134 τ.
1739 2078 1786 2133 ἐ.

218 2174 278 2228 El
308 2174 336 2228 6
365 2174 705 2246 κολλώμενος
753 2175 865 2241 (17)
899 2174 978 2244 τῷ
1011 2174 1199 2246 Κυρίῳ
1243 2172 1302 2228 ἒν
1349 2171 1569 2245 πνεῦμά
1618 2173 1788 2236 ἐστιν,

215 2266 473 2338 ἐκολλήθη
507 2265 561 2320 δὲ
582 2268 609 2320 6
626 2265 790 2321 Δαυῒδ
809 2266 887 2339 τῷ
903 2265 1113 2338 Κυρίῳ,
1133 2267 1240 2338 ἄρα
1263 2265 1320 2320 ἓν
1343 2265 1533 2335 γέγονε
1554 2263 1786 2337 πνεῦμα.

216 2357 435 2429 Πνεῦμα
466 2359 522 2411 δὲ
556 2358 645 2412 τὸν
684 2357 1052 2430 πνευματικὸν
1090 2359 1365 2430 ὀνομάζει,
1399 2360 1475 2423 ὡς
1506 2358 1600 2413 καὶ
1643 2360 1676 2429 ἡ
1716 2357 1791 2430 μὴ

217 2450 659 2522 περπερευομένη
693 2451 882 2523 ἀγάπη
915 2451 1004 2505 τὸν
1041 2450 1229 2522 ἔχοντα
1252 2452 1351 2523 τὴν
1371 2451 1590 2524 ἀγάπην
1615 2440 1781 2524 δηλοῖ.

217 2541 322 2592 Καὶ
342 2540 580 2611 Μωῦσῆς
608 2542 696 2594 ὅτε
729 2540 796 2594 τά
830 2539 1049 2594 ὀπίσθια
1076 2537 1180 2593 εἶδε
1206 2540 1298 2595 τοῦ
1315 2540 1467 2607 Θεοῦ,
1495 2541 1615 2595 τότε
1639 2540 1790 2594 ἐκολ-

215 2630 347 2702 λήθη
383 2633 416 2701 ἡ
449 2632 595 2703 ψυχὴ
630 2632 794 2686 αύτοῦ
828 2632 1008 2687 ὀπίσω
1041 2633 1133 2687 τοῦ
1169 2633 1328 2689 Θεοῦ.

285 2708 755 2780 Εἰσελέύσονται
784 2727 873 2791 εὶς
910 2723 980 2777 τὰ
1023 2724 1347 2789 κατώτατα,
1385 2742 1439 2778 κ.
1485 2742 1534 2777 τ.
1559 2726 1607 2779 ἐ.
1642 2725 1790 2795 ’Ὁσῳ

209 2815 382 2887 χεῖται
408 2815 519 2883 (18)
546 2817 578 2886 ἡ
608 2814 776 2869 κακία
797 2815 960 2880 τινὸς,
987 2815 1225 2886 τοσούτῳ
1248 2814 1542 2887 κατωτέρω
1569 2815 1791 2885 γινόμε-

205 2920 314 2969 νος,
351 2903 658 2976 εἰσέρχεται
690 2905 770 2967 είς
804 2904 871 2958 τὰ
900 2902 1185 2977 κατώτερα
1210 2906 1307 2976 τῆς
1343 2906 1465 2976 γῆς.
1499 2902 1791 2976 Τροπικῶς

204 2996 261 3049 δὲ
298 3016 315 3049 ι
359 2998 542 3068 χεῖρες
590 2996 884 3067 ῥομφαίας,
925 3016 943 3048 ι
970 2997 1044 3062 ὡς
1093 2999 1272 3069 χεῖρες
1317 2995 1588 3068 γλώσσης.
1625 3014 1643 3047 ι
1678 2998 1793 3050 Με-

206 3088 352 3162 ρίδες
378 3088 679 3142 ἀλωπέκων
704 3088 937 3146 ἔσονται.
970 3108 987 3140 ι
1017 3090 1175 3154 Φασὶ,
1204 3090 1332 3154 τοὺς
1363 3089 1603 3154 λέοντας,
1638 3091 1788 3144 ἐπει-

202 3178 298 3233 δάν
328 3196 475 3243 τινος
509 3179 877 3234 ἐπιλάϐωνται
907 3179 1067 3244 ζώου,
1104 3182 1286 3251 ῥοφεῖν
1318 3199 1378 3234 τε
1407 3181 1469 3236 τὸ
1497 3175 1657 3251 αἷμα,
1692 3179 1788 3237 καὶ

201 3269 562 3341 ἀρπακτικῶς
601 3270 800 3323 ἐσθίειν
849 3243 927 3324 τό
958 3243 1288 3341 προσπεσὸν,
1331 3273 1426 3326 κα)⁸
1452 3243 1687 3346 μάλιστα
1715 3271 1783 3326 τὰ
1813 3243 1856 3302 C

201 3359 510 3432 κυριώτερα
532 3361 641 3415 τῶν
675 3360 872 3433 μελῶν,
897 3362 964 3416 τά
989 3364 1043 3418 δὲ
1074 3362 1300 3434 περιττὰ
1327 3363 1780 3435 καταλιμπάνειν

198 3451 373 3506 ταῦτα
409 3453 466 3506 δὲ
488 3454 588 3517 τὰς
614 3453 905 3519 ἀλώπεκας
937 3455 1203 3526 εὑρούσας
1244 3454 1444 3509 ἐσθίειν
1464 3473 1478 3486 ο
1531 3456 1653 3509 ἐπεὶ
1697 3450 1790 3509 οὖν

198 3543 474 3599 ἐσθίουσιν
519 3540 676 3600 αὗται
725 3547 794 3601 τά
834 3549 962 3620 παρ’
994 3549 1221 3612 ἐκείνοις
1264 3549 1363 3620 ἤδη
1409 3547 1786 3620 ἀναιρεθέντα,

192 3636 358 3691 τοῦτό
389 3656 578 3711 φησιν,
626 3640 707 3693 ὅτι
734 3641 993 3713 τιμωρίαι
1019 3642 1219 3705 αὐτοὺς
1250 3641 1497 3713 διάφοροι
1526 3640 1792 3705 διαδέξον-

192 3747 310 3797 ται,
340 3732 433 3786 καὶ
461 3732 569 3786 ἀπὸ
606 3732 810 3787 τούτων
831 3735 909 3797 είς
939 3734 1157 3806 ἐτέρους
1183 3734 1532 3806 ἐμπεσόντες,
1547 3733 1790 3805 διαφόρῳ

192 3826 265 3896 τῇ
299 3825 542 3898 τιμωρίᾳ
568 3826 1080 3899 περιϐληθήσονται.

278 3917 392 3972 Τοῦ
448 3920 656 3973 αὐτοῦ.
692 3920 808 3974 Ἵνα
840 3921 1231 3986 πιστεύσαντες
1277 3921 1392 3996 (19)
1438 3921 1687 3977 σωθῶσιν
1711 3921 1789 3995 τῷ

194 4010 515 4065 κατελθόντι
546 4014 627 4077 είς
657 4012 727 4067 τὰ
754 4014 1042 4088 κατώτερα
1079 4015 1218 4087 μέρη
1251 4015 1354 4094 τῆς
1375 4015 1501 4087 γῆς.

276 4104 388 4163 Τοῦ
417 4106 623 4161 αὐτοῦ.
665 4107 805 4171 Τοὺς
846 4108 1238 4179 καταχθονίους
1271 4107 1384 4179 (20)
1411 4108 1673 4181 δαίμονας
1693 4109 1788 4164 νῦν

190 4196 493 4265 ἀλώπεκας
517 4201 791 4273 ὀνομάζει,
821 4196 902 4267 οἷς
927 4200 1021 4255 καὶ
1046 4201 1428 4257 παραδίδονται
1460 4201 1598 4275 πρὸς
1627 4203 1789 4258 κόλα-

197 4308 289 4350 σιν
313 4292 364 4347 oi
385 4292 617 4363 ἐπίγειοι
636 4293 912 4366 δαίμονες.

758 4479 1053 4533 ΨΑΛΜΟΣ
1104 4478 1220 4531 EI".
1815 4487 1859 4541 ι)

267 4570 727 4639 Εὶσὰκουσογ,ὀ
778 4570 1083 4642 Θεὸς-,τῆς
1126 4569 1339 4647 φωτί-ἦς⁸
1360 4588 1502 4641 μου,
1548 4588 1602 4627 κ.
1638 4590 1688 4627 τ.
1730 4574 1778 4629 ἑ.

193 4666 363 4720 Ἐστι
405 4682 490 4730 τις
542 4664 692 4736 φωνὴ
726 4664 837 4735 (21)
879 4664 1107 4736 καρδίας
1153 4665 1390 4736 ἀκουστὴ
1445 4665 1592 4737 μόνῳ
1635 4665 1775 4739 Θεῷ.

196 4776 218 4811 ‹
267 4757 404 4812 Ἀπὸ
435 4757 601 4827 φόϐου
629 4756 844 4828 ἐχθροῦ,
883 4778 901 4810 ›
932 4758 1052 4828 ἦτοι
1098 4757 1205 4811 ἀπὸ
1235 4757 1328 4811 τοῦ
1362 4758 1645 4828 φοϐεῖσθαι
1683 4760 1776 4817 τὸν

182 4850 414 4922 ἐχθρὸν,
444 4870 460 4904 ι
485 4848 667 4915 ἐξελοῦ
694 4848 791 4921 τὴν
815 4849 995 4921 ψυχήν
1023 4866 1143 4921 μου·
1177 4869 1195 4901 ι
1220 4849 1253 4921 ἢ
1282 4868 1301 4901 ι
1330 4850 1438 4903 ἀπὸ
1459 4850 1645 4921 φόϐου,
1677 4871 1698 4907 ι
1718 4852 1778 4918 ὃς

185 4940 366 5011 φόϐος
400 4940 459 4994 ού
496 4939 669 5010 φίλος,
697 4938 810 4994 ἀλλ’
856 4939 1047 5012 ἐχθρός
1092 4940 1229 4994 ἐστι.
1275 4938 1431 5005 Φίλος
1479 4941 1576 5012 μὲν
1610 4943 1640 4994 ὀ
1680 4941 1775 4997 τοῦ

178 5031 331 5087 θεοῦ
366 5032 790 5104 ἐπιστημονικὸς
833 5030 1018 5101 φόϐος,
1056 5030 1247 5103 ἐχθρὸς
1274 5031 1331 5085 δὲ
1360 5034 1389 5086 ὀ
1421 5034 1495 5105 μὴ
1538 5034 1777 5099 τοιοῦτος

180 5126 389 5196 φόϐος·
425 5127 606 5189 ὁποῖος
625 5126 655 5178 6
687 5124 794 5179 τῶν
822 5122 1167 5196 ἑτεροδόξων,
1193 5123 1227 5195 ἦ
1266 5124 1294 5177 ὀ
1314 5123 1423 5179 τῶν
1450 5126 1648 5180 ὁποίων
1682 5127 1776 5200 δη-

180 5218 424 5285 ξποτοῦν,
452 5218 587 5273 ἀλλά
619 5218 772 5291 παρά
803 5219 893 5272 τὸν
930 5218 1085 5283 Θεὸν,
1132 5217 1512 5290 φοϐουμένωνο
1540 5221 1669 5292 περὶ
1703 5214 1778 5276 ὧν

173 5312 418 5368 δύναται
442 5311 504 5367 τὸ
530 5313 588 5367 ἐν
626 5309 824 5383 Ἡσαΐᾳ
858 5310 1073 5383 πνεῦμα
1106 5311 1533 5385 παραστατικῶς
1561 5314 1779 5386 εἰρηκέ-

170 5425 309 5462 ναι·
351 5427 370 5459 ι
411 5407 516 5461 Τὸν
566 5406 624 5461 δὲ
679 5407 841 5477 φόϐον
867 5405 1048 5462 αὐτῶν
1081 5406 1142 5460 οὐ
1194 5406 1268 5479 μὴ
1320 5406 1618 5479 φοϐηθῆτε,
1665 5408 1773 5461 οὐδ’

253 5544 303 5579 ’⁷
328 5543 473 5599 Psal.
515 5559 589 5608 vt,
618 5545 670 5599 7.
746 5542 792 5575 ⁷⁸
820 5542 839 5597 Ι
871 5543 996 5601 Cor.
1024 5559 1095 5613 vt,
1124 5542 1209 5599 17.
1287 5544 1334 5576 τ’
1367 5543 1469 5600 lsa.
1505 5560 1621 5611 vnt,
1656 5544 1742 5600 12.

288 5688 377 5757 16)
410 5687 672 5743 Πιθανὸν
692 5690 777 5754 εις
802 5688 1069 5755 ἁγνείαν,
1109 5696 1215 5744 etc.
1257 5688 1462 5744 Catena
1505 5686 1779 5745 Corderii.

288 5761 379 5831 17)
413 5764 532 5815 Ειό
552 5759 952 5831 κολλώμενος,
984 5770 1088 5831 etc.
1125 5758 1351 5831 Schicdzc
1381 5760 1588 5818 Grabii.

290 5828 382 5899 18)
421 5834 585 5900 ’Ὀσῳ
605 5828 811 5900 χεῖται,
841 5842 949 5886 etc.
980 5828 1184 5887 Catena
1212 5830 1479 5887 Corderii.

292 5901 379 5971 l9)
410 5904 541 5960 Ἵνα
573 5904 1033 5970 πιστεύσαντες,
1066 5913 1170 5960 etc.
1199 5902 1380 5961 Codex
1405 5902 1773 5961 Coisliuianus

1892 1992 2009 2036 cem
2041 1989 2297 2034 vacantes
2325 1978 2578 2032 orationi.

1966 2069 2129 2127 Vens.
2164 2071 2217 2124 9.
2252 2069 2488 2124 Adluw’t
2522 2069 2702 2125 anima
2732 2087 2848 2127 mea
2872 2080 2990 2142 post
3016 2080 3083 2139 te,
3113 2077 3219 2128 etc.
3247 2070 3303 2127 Si
3337 2089 3355 2124 ι
3376 2071 3471 2142 qui

1894 2162 2137 2219 adhaeret
2193 2163 2444 2233 Domino,
2490 2179 2628 2237 unus
2697 2164 2926 2234 spiritus
2974 2164 3186 2231 est",i
3240 2163 3474 2220 adhaesit

1891 2269 2021 2314 vero
2050 2253 2222 2310 David
2256 2254 2507 2321 Domino,
2552 2271 2691 2311 unus
2740 2254 2907 2329 igitur
2936 2255 3037 2311 fuit
3074 2257 3319 2328 spiritus.
3350 2256 3475 2328 Spi-

1895 2349 2057 2403 ritum
2087 2358 2267 2404 autem
2290 2357 2452 2404 vocat
2484 2348 2634 2404 illum
2665 2351 2755 2422 qui
2780 2350 3042 2421 spiritalis
3067 2359 3173 2429 est,
3211 2350 3474 2431 quemad-

1895 2441 2114 2497 modum
2145 2452 2199 2495 et
2230 2448 2490 2495 constans
2514 2440 2738 2497 dilectio
2762 2440 3035 2513 significat
3062 2456 3186 2497 eum
3212 2441 3303 2512 qui
3335 2440 3469 2497 cha-

1894 2534 2112 2589 ritalem
2164 2534 2347 2589 habet.
2400 2532 2617 2606 Moyses
2666 2534 2831 2589 etiam
2887 2536 3108 2605 quando
3162 2535 3470 2606 posteriora

1892 2626 1987 2681 Dei
2020 2625 2178 2689 vidit,
2216 2634 2341 2681 tunc
2362 2626 2593 2680 adhaesit
2616 2626 2798 2682 anima
2831 2625 2948 2701 ejus
2976 2637 3099 2697 post
3131 2628 3327 2701 Deum.

1963 2714 2129 2772 Vnus.
2185 2718 2273 2773 10.
2323 2717 2625 2773 Introibunt
2676 2720 2731 2773 in
2780 2719 3055 2789 inferiora,
3103 2727 3210 2779 etc.
3260 2719 3477 2786 Quanto

1892 2808 2064 2865 fusior
2101 2808 2265 2864 fuerit
2309 2810 2514 2865 malitia
2558 2810 2812 2880 alicujus,
2851 2820 3001 2866 tanto
3041 2810 3267 2867 inferior
3291 2810 3471 2867 factus

1892 2903 2062 2971 intrat
2110 2904 2165 2959 in
2209 2903 2470 2979 inferiora
2518 2911 2701 2959 terrae.
2737 2903 2968 2974 Tropice
3016 2913 3196 2960 autem
3232 2920 3475 2961 «manus

1890 2995 2098 3066 gladii:
2157 2994 2435 3063 dicuntur,
2487 2999 2630 3051 sicut
2701 3012 2900 3052 manus
2963 2998 3181 3069 lingua}.
3243 2997 3476 3071 «Partes

1891 3088 2133 3160 vulpium
2176 3098 2359 3145 erunt.
2384 3110 2401 3143 ι
2436 3090 2704 3158 Tradunt,
2760 3090 2966 3158 leones,
3000 3092 3089 3148 ubi
3136 3091 3336 3147 animal
3371 3090 3475 3145 ali-

1891 3183 2034 3253 quod
2081 3183 2347 3252 ceperint,
2406 3184 2728 3256 sanguinem
2769 3198 3057 3256 exsugere,
3099 3192 3155 3239 et
3205 3185 3475 3255 rapaciter

1892 3275 2132 3346 prazdam
2194 3276 2477 3343 devorare,
2515 3292 2580 3332 ac
2621 3262 2920 3348 praesertim
2965 3275 3211 3332 membra
3236 3260 3471 3348 potiora,

1891 3369 2209 3442 relinquere
2275 3355 2405 3427 vero
2471 3373 2776 3442 superﬂua;
2835 3385 2956 3441 quae
3004 3372 3202 3430 deinde
3250 3380 3472 3449 reperta

1888 3462 2082 3533 vulpes
2113 3464 2404 3519 absumant
2432 3480 2448 3521 :
2473 3478 2595 3519 cum
2630 3464 2797 3537 igitur
2822 3465 2905 3519 lia:
2930 3464 3192 3519 devorent
3230 3463 3322 3518 illa
3354 3475 3474 3533 quae

1889 3555 1956 3625 ab
2003 3555 2122 3610 istis
2156 3557 2367 3627 pridem
2412 3558 2740 3627 interempta
2765 3569 2913 3637 sunt,
2938 3559 3045 3637 hoc
3076 3558 3230 3633 dicit,
3262 3556 3383 3615 fore
3415 3563 3475 3611 ut

1886 3649 2116 3706 diversa:
2174 3652 2321 3733 ipsos
2367 3668 2544 3723 pcenze
2587 3655 2891 3726 excipiant,
2926 3665 2983 3710 et
3031 3654 3160 3710 dum
3203 3667 3270 3711 ex
3302 3651 3388 3708 bis
3416 3651 3471 3706 in

1887 3739 2025 3813 alias
2055 3741 2323 3810 incidunt,
2362 3745 2579 3803 diverso
2611 3747 2878 3821 supplicio
2901 3746 3231 3827 adiciantur.

1958 3927 2238 3999 Ejusdem.
2276 3928 2347 3986 Ut
2397 3930 2685 3986 credentes
2719 3930 2769 3986 ei
2815 3930 2907 4000 qui
2932 3928 3216 3987 descendit
3249 3927 3301 3989 in
3335 3923 3471 3981 infe-

1887 4020 2062 4076 riores
2096 4032 2278 4091 partes
2306 4032 2484 4087 terrm,
2520 4023 2652 4078 salvi
2681 4023 2830 4078 fiant.

1960 4110 2241 4182 Ejusdem.
2272 4112 2472 4183 Vulpes
2502 4113 2604 4169 hoc
2648 4113 2768 4169 loco
2798 4122 2956 4168 vocat
2987 4112 3232 4191 infernos
3267 4110 3472 4166 daemo-

1886 4219 2003 4271 nes,
2053 4206 2251 4277 quibus
2297 4192 2462 4262 etiam
2507 4207 2767 4277 puniendi
2816 4194 3109 4263 traduntur
3136 4204 3337 4262 terreni
3369 4202 3473 4259 dte-

1887 4312 2094 4353 mones.

2306 4478 2469 4554 744
2502 4477 2727 4557 PSALM
2741 4479 2825 4534 US
2865 4477 3047 4533 LXlll.

1964 4571 2128 4629 Vens.
2167 4571 2225 4626 2.
2268 4562 2505 4637 Exaudi,
2558 4571 2717 4638 Deus,
2773 4588 2944 4625 vocem
2990 4560 3313 4643 meam,_etc'.
3375 4565 3473 4622 Est

1887 4663 2134 4734 quaedam
2169 4677 2272 4718 vox
2305 4662 2489 4739 cordis
2523 4677 2644 4739 quae
2686 4677 2715 4717 a
2770 4661 2888 4729 solo
2922 4660 3031 4716 Deo
3061 4659 3238 4716 audiri
3276 4658 3469 4730 possit.

1893 4773 1912 4808 ι
1936 4756 1977 4811 Α
2009 4756 2201 4811 timore
2232 4754 2461 4820 inimici,
2486 4774 2503 4807 ι
2541 4755 2656 4811 sive
2687 4769 2717 4809 a
2741 4753 2979 4810 timendo
3005 4751 3285 4807 inimicum
3312 4769 3331 4804 ι
3360 4750 3469 4806 eri-

1885 4861 1954 4919 pe
1995 4846 2233 4901 animam
2281 4862 2494 4914 meam;
2524 4866 2543 4899 ι
2585 4846 2701 4902 sive
2738 4865 2755 4899 ι
2782 4861 2811 4900 a
2862 4846 3081 4911 timore,
3111 4864 3129 4897 ι
3162 4844 3253 4914 qui
3310 4843 3469 4897 timor

1884 4953 1992 4993 non
2031 4937 2264 5005 amicus,
2306 4938 2399 4993 sed
2448 4937 2703 4993 inimicus
2735 4946 2841 4993 est.
2874 4936 3099 4993 Amicus
3137 4935 3353 5005 quidem
3398 4931 3467 4986 ti-

1883 5050 2005 5090 mor
2049 5036 2142 5091 Dei
2194 5038 2433 5107 sapiens,
2480 5036 2575 5107 sed
2632 5035 2891 5091 inimicus
2931 5037 3093 5090 timor
3121 5032 3212 5103 qui
3241 5046 3346 5085 non
3384 5038 3469 5084 est

1881 5127 2227 5196 istiusmodi;
2258 5128 2434 5199 qualis
2459 5137 2543 5184 est
2573 5127 3173 5191 heterotloxorum,seu
3209 5122 3339 5178 falsa
3369 5122 3468 5178 do-

1885 5220 2150 5286 centium,
2170 5219 2252 5275 vel
2281 5235 2469 5276 eorum
2495 5202 2587 5290 qui
2618 5220 2905 5291 quidlibet,
2941 5216 3035 5273 sed
3056 5222 3255 5286 praeter
3275 5212 3465 5280 Deum,

1886 5315 2081 5372 timent
2115 5334 2128 5372 :
2157 5317 2223 5372 de
2262 5318 2459 5388 quibus
2492 5319 2596 5374 hoc
2647 5317 2851 5373 diserte
2878 5312 3118 5384 Spiritus
3158 5318 3381 5367 sanctus
3412 5307 3466 5363 in

1886 5408 2086 5465 Isaia"
2113 5410 2319 5467 dixisse
2354 5411 2565 5483 potuit:
2594 5407 2903 5463 cTimorem
2953 5413 3138 5460 autem
3184 5415 3370 5459 eorum
3399 5414 3467 5455 ne

1887 5707 2253 5833 ρῐιῐέθῗᾶὀὺς
2283 5756 2738 5829 καταχθονίους,
2763 5766 2867 5813 etc.
2902 5755 3070 5811 Idem.

1960 5763 2075 5907 ίὲι)
2113 5836 2287 5890 Ἔστι
2323 5849 2412 5897 τις
2445 5826 2635 5899 φωνή,
2663 5839 2767 5884 etc.
2799 5828 3001 5884 Catena
3026 5825 3067 5882 C

1983 5824 2075 5901 21)
2113 5824 2287 5890 Ἔστι
2323 5849 2412 5897 τις
2437 5824 2635 5899 ᾀωνή,
2663 5839 2767 5884 etc.
2799 5828 3001 5884 Catena
3026 5824 3292 5882 Corderii.
