  <div class='ocr_page' id='page_1' title='image "/cluster/home/n/w/nwhite01/storage/ocr_20150623/12/hvd.32044019207638/749.png"; bbox 0 0 3944 6386; ppageno 0'>
   <div class='ocr_carea' id='block_1_1' title="bbox 442 377 569 435">
    <p class='ocr_par' dir='ltr' id='par_1_1' title="bbox 442 377 569 435">
     <span class='ocr_line' id='line_1_1' title="bbox 442 377 569 435; baseline 0 0"><span class='ocrx_word' id='word_1_1' title='bbox 442 377 569 435; x_wconf 68' lang='grc'><strong>1491</strong></span> 
     </span>
    </p>
   </div>
   <div class='ocr_carea' id='block_1_2' title="bbox 1785 379 2214 438">
    <p class='ocr_par' dir='ltr' id='par_1_2' title="bbox 1785 379 2214 438">
     <span class='ocr_line' id='line_1_2' title="bbox 1785 379 2214 438; baseline 0.005 -2"><span class='ocrx_word' id='word_1_2' title='bbox 1785 381 1875 438; x_wconf 77' lang='lat' dir='ltr'><strong>EX</strong></span> <span class='ocrx_word' id='word_1_3' title='bbox 1913 379 2214 438; x_wconf 76' lang='lat' dir='ltr'><strong>ORICENE</strong></span> 
     </span>
    </p>
   </div>
   <div class='ocr_carea' id='block_1_3' title="bbox 3563 389 3692 448">
    <p class='ocr_par' dir='ltr' id='par_1_3' title="bbox 3563 389 3692 448">
     <span class='ocr_line' id='line_1_3' title="bbox 3563 389 3692 448; baseline 0 -1"><span class='ocrx_word' id='word_1_4' title='bbox 3563 389 3692 448; x_wconf 69' lang='lat'><strong>“92</strong></span> 
     </span>
    </p>
   </div>
   <div class='ocr_carea' id='block_1_4' title="bbox 435 467 1996 579">
    <p class='ocr_par' dir='ltr' id='par_1_4' title="bbox 435 494 1996 567">
     <span class='ocr_line' id='line_1_4' title="bbox 435 494 1996 567; baseline 0.003 -15"><span class='ocrx_word' id='word_1_5' title='bbox 435 494 754 562; x_wconf 89' lang='lat' dir='ltr'><strong>timueritis,</strong></span> <span class='ocrx_word' id='word_1_6' title='bbox 785 509 964 567; x_wconf 80' lang='lat' dir='ltr'><strong>neque</strong></span> <span class='ocrx_word' id='word_1_7' title='bbox 991 494 1390 551; x_wconf 88' lang='lat' dir='ltr'><strong>conturbemini</strong></span> <span class='ocrx_word' id='word_1_8' title='bbox 1423 516 1441 550; x_wconf 81' lang='grc' dir='ltr'><strong>ι</strong></span> <span class='ocrx_word' id='word_1_9' title='bbox 1480 511 1509 551; x_wconf 91' lang='lat' dir='ltr'><strong>a</strong></span> <span class='ocrx_word' id='word_1_10' title='bbox 1542 509 1810 555; x_wconf 83' lang='lat' dir='ltr'><strong>conventu</strong></span> <span class='ocrx_word' id='word_1_11' title='bbox 1856 501 1996 556; x_wconf 86' lang='lat' dir='ltr'><strong>mali-</strong></span> 
     </span>
    </p>
   </div>
   <div class='ocr_carea' id='block_1_5' title="bbox 2113 467 3692 579">
    <p class='ocr_par' dir='ltr' id='par_1_5' title="bbox 2117 499 3692 579">
     <span class='ocr_line' id='line_1_5' title="bbox 2117 499 3692 579; baseline 0.005 -28"><span class='ocrx_word' id='word_1_12' title='bbox 2117 499 2180 552; x_wconf 83' lang='grc' dir='ltr'><strong>ού</strong></span> <span class='ocrx_word' id='word_1_13' title='bbox 2225 499 2298 572; x_wconf 81' lang='grc' dir='ltr'>μὴ</span> <span class='ocrx_word' id='word_1_14' title='bbox 2351 503 2659 576; x_wconf 81' lang='grc' dir='ltr'><strong>ταραχθῆτε</strong></span> <span class='ocrx_word' id='word_1_15' title='bbox 2696 522 2714 555; x_wconf 80' lang='grc' dir='ltr'><strong>ι</strong></span> <span class='ocrx_word' id='word_1_16' title='bbox 2753 503 2862 558; x_wconf 71' lang='grc' dir='ltr'>ἀπὸ</span> <span class='ocrx_word' id='word_1_17' title='bbox 2900 504 3205 578; x_wconf 71' lang='grc' dir='ltr'><strong>συστροφῆς</strong></span> <span class='ocrx_word' id='word_1_18' title='bbox 3249 508 3692 579; x_wconf 76' lang='grc' dir='ltr'>πονηρευομένων</span> 
     </span>
    </p>
   </div>
   <div class='ocr_carea' id='block_1_6' title="bbox 435 587 2009 659">
    <p class='ocr_par' dir='ltr' id='par_1_6' title="bbox 435 587 2009 659">
     <span class='ocr_line' id='line_1_6' title="bbox 435 587 2009 659; baseline 0.004 -19"><span class='ocrx_word' id='word_1_19' title='bbox 435 588 723 659; x_wconf 73' lang='lat' dir='ltr'><strong>gnantium</strong></span> <span class='ocrx_word' id='word_1_20' title='bbox 756 587 1221 642; x_wconf 87' lang='lat' dir='ltr'><strong>heterodoxorum</strong></span> <span class='ocrx_word' id='word_1_21' title='bbox 1253 587 1306 641; x_wconf 92' lang='lat' dir='ltr'><strong>in</strong></span> <span class='ocrx_word' id='word_1_22' title='bbox 1338 589 1465 644; x_wconf 88' lang='lat' dir='ltr'><strong>lide.</strong></span> <span class='ocrx_word' id='word_1_23' title='bbox 1509 589 1614 646; x_wconf 82' lang='lat' dir='ltr'><strong>Pro</strong></span> <span class='ocrx_word' id='word_1_24' title='bbox 1647 610 1665 643; x_wconf 78' lang='grc' dir='ltr'><strong>ι</strong></span> <span class='ocrx_word' id='word_1_25' title='bbox 1691 601 1964 647; x_wconf 90' lang='lat' dir='ltr'><strong>conventu</strong></span> <span class='ocrx_word' id='word_1_26' title='bbox 1989 611 2009 646; x_wconf 74' lang='grc' dir='ltr'><strong><em>ι</em></strong></span> 
     </span>
    </p>
   </div>
   <div class='ocr_carea' id='block_1_7' title="bbox 438 679 2017 756">
    <p class='ocr_par' dir='ltr' id='par_1_7' title="bbox 438 679 2017 756">
     <span class='ocr_line' id='line_1_7' title="bbox 438 679 2017 756; baseline 0.006 -24"><span class='ocrx_word' id='word_1_27' title='bbox 438 681 628 749; x_wconf 77' lang='lat' dir='ltr'><strong>Aquila</strong></span> <span class='ocrx_word' id='word_1_28' title='bbox 668 679 802 735; x_wconf 78' lang='lat' dir='ltr'><strong>dixit</strong></span> <span class='ocrx_word' id='word_1_29' title='bbox 835 699 854 732; x_wconf 87' lang='grc'><strong>‹</strong></span> <span class='ocrx_word' id='word_1_30' title='bbox 881 691 1126 747; x_wconf 90' lang='lat' dir='ltr'><strong>secreto;</strong></span> <span class='ocrx_word' id='word_1_31' title='bbox 1159 700 1178 735; x_wconf 73' lang='grc' dir='ltr'><strong>ι</strong></span> <span class='ocrx_word' id='word_1_32' title='bbox 1218 681 1582 754; x_wconf 84' lang='lat' dir='ltr'><strong>Symmachus</strong></span> <span class='ocrx_word' id='word_1_33' title='bbox 1612 698 1744 740; x_wconf 90' lang='lat' dir='ltr'><strong>vero</strong></span> <span class='ocrx_word' id='word_1_34' title='bbox 1779 703 1798 736; x_wconf 76' lang='grc' dir='ltr'><strong>ι</strong></span> <span class='ocrx_word' id='word_1_35' title='bbox 1821 699 2017 756; x_wconf 91' lang='lat' dir='ltr'><strong>specu-</strong></span> 
     </span>
    </p>
   </div>
   <div class='ocr_carea' id='block_1_8' title="bbox 437 773 2016 846">
    <p class='ocr_par' dir='ltr' id='par_1_8' title="bbox 437 773 2016 846">
     <span class='ocr_line' id='line_1_8' title="bbox 437 773 2016 846; baseline 0.004 -21"><span class='ocrx_word' id='word_1_36' title='bbox 437 773 656 828; x_wconf 91' lang='lat' dir='ltr'><strong>latione.</strong></span> <span class='ocrx_word' id='word_1_37' title='bbox 687 792 782 826; x_wconf 75' lang='grc' dir='ltr'>ι-</span> <span class='ocrx_word' id='word_1_38' title='bbox 821 791 841 825; x_wconf 75' lang='grc' dir='ltr'><strong>ι</strong></span> <span class='ocrx_word' id='word_1_39' title='bbox 871 775 912 828; x_wconf 81' lang='grc' dir='ltr'>Α</span> <span class='ocrx_word' id='word_1_40' title='bbox 966 773 1315 829; x_wconf 72' lang='lat' dir='ltr'><strong>multitudine</strong></span> <span class='ocrx_word' id='word_1_41' title='bbox 1359 775 1700 843; x_wconf 84' lang='lat' dir='ltr'><strong>operantium</strong></span> <span class='ocrx_word' id='word_1_42' title='bbox 1759 776 2016 846; x_wconf 87' lang='lat' dir='ltr'><strong>iniquita-</strong></span> 
     </span>
    </p>
   </div>
   <div class='ocr_carea' id='block_1_9' title="bbox 431 867 2010 940">
    <p class='ocr_par' dir='ltr' id='par_1_9' title="bbox 431 867 2010 940">
     <span class='ocr_line' id='line_1_9' title="bbox 431 867 2010 940; baseline 0.003 -18"><span class='ocrx_word' id='word_1_43' title='bbox 431 875 566 933; x_wconf 87' lang='lat' dir='ltr'><strong>tem,</strong></span> <span class='ocrx_word' id='word_1_44' title='bbox 601 884 622 919; x_wconf 78' lang='grc' dir='ltr'><strong>ι</strong></span> <span class='ocrx_word' id='word_1_45' title='bbox 653 867 780 937; x_wconf 87' lang='lat' dir='ltr'><strong>quia</strong></span> <span class='ocrx_word' id='word_1_46' title='bbox 807 868 950 922; x_wconf 89' lang='lat' dir='ltr'><strong>viam</strong></span> <span class='ocrx_word' id='word_1_47' title='bbox 999 868 1167 922; x_wconf 86' lang='lat' dir='ltr'><strong>latam</strong></span> <span class='ocrx_word' id='word_1_48' title='bbox 1192 876 1248 924; x_wconf 86' lang='lat' dir='ltr'><strong>et</strong></span> <span class='ocrx_word' id='word_1_49' title='bbox 1278 871 1570 939; x_wconf 89' lang='lat' dir='ltr'><strong>spatiosam</strong></span> <span class='ocrx_word' id='word_1_50' title='bbox 1612 870 2010 940; x_wconf 88' lang='lat' dir='ltr'><strong>perambulant.</strong></span> 
     </span>
    </p>
   </div>
   <div class='ocr_carea' id='block_1_10' title="bbox 505 955 2013 1029">
    <p class='ocr_par' dir='ltr' id='par_1_10' title="bbox 505 955 2013 1029">
     <span class='ocr_line' id='line_1_10' title="bbox 505 955 2013 1029; baseline 0.006 -19"><span class='ocrx_word' id='word_1_51' title='bbox 505 955 784 1027; x_wconf 78' lang='lat' dir='ltr'><strong>Ejusdem.</strong></span> <span class='ocrx_word' id='word_1_52' title='bbox 815 956 1077 1014; x_wconf 86' lang='lat' dir='ltr'><strong>Inimicus</strong></span> <span class='ocrx_word' id='word_1_53' title='bbox 1120 958 1284 1014; x_wconf 87' lang='lat' dir='ltr'><strong>timor</strong></span> <span class='ocrx_word' id='word_1_54' title='bbox 1328 971 1413 1016; x_wconf 91' lang='lat' dir='ltr'><strong>est</strong></span> <span class='ocrx_word' id='word_1_55' title='bbox 1456 960 1539 1018; x_wconf 86' lang='lat' dir='ltr'><strong>vel</strong></span> <span class='ocrx_word' id='word_1_56' title='bbox 1569 961 1663 1029; x_wconf 88' lang='lat' dir='ltr'><strong>qui</strong></span> <span class='ocrx_word' id='word_1_57' title='bbox 1691 961 1761 1018; x_wconf 90' lang='lat' dir='ltr'><strong>ab</strong></span> <span class='ocrx_word' id='word_1_58' title='bbox 1792 961 2013 1019; x_wconf 89' lang='lat' dir='ltr'><strong>inimico</strong></span> 
     </span>
    </p>
   </div>
   <div class='ocr_carea' id='block_1_11' title="bbox 431 1048 2012 1120">
    <p class='ocr_par' dir='ltr' id='par_1_11' title="bbox 431 1048 2012 1120">
     <span class='ocr_line' id='line_1_11' title="bbox 431 1048 2012 1120; baseline 0.003 -17"><span class='ocrx_word' id='word_1_59' title='bbox 431 1048 594 1104; x_wconf 89' lang='lat' dir='ltr'><strong>nobis</strong></span> <span class='ocrx_word' id='word_1_60' title='bbox 632 1048 918 1120; x_wconf 87' lang='lat' dir='ltr'><strong>incutitur,</strong></span> <span class='ocrx_word' id='word_1_61' title='bbox 953 1049 1042 1103; x_wconf 88' lang='lat' dir='ltr'><strong>vel</strong></span> <span class='ocrx_word' id='word_1_62' title='bbox 1083 1049 1176 1120; x_wconf 85' lang='lat' dir='ltr'><strong>qui</strong></span> <span class='ocrx_word' id='word_1_63' title='bbox 1217 1051 1537 1109; x_wconf 90' lang='lat' dir='ltr'><strong>contrarius</strong></span> <span class='ocrx_word' id='word_1_64' title='bbox 1575 1061 1660 1108; x_wconf 89' lang='lat' dir='ltr'><strong>est</strong></span> <span class='ocrx_word' id='word_1_65' title='bbox 1694 1051 1906 1108; x_wconf 71' lang='lat' dir='ltr'><strong>ﬁducia:</strong></span> <span class='ocrx_word' id='word_1_66' title='bbox 1956 1051 2012 1108; x_wconf 91' lang='lat' dir='ltr'><strong>in</strong></span> 
     </span>
    </p>
   </div>
   <div class='ocr_carea' id='block_1_12' title="bbox 431 1141 2014 1221">
    <p class='ocr_par' dir='ltr' id='par_1_12' title="bbox 431 1141 2014 1221">
     <span class='ocr_line' id='line_1_12' title="bbox 431 1141 2014 1221; baseline 0.005 -24"><span class='ocrx_word' id='word_1_67' title='bbox 431 1141 734 1197; x_wconf 81' lang='lat' dir='ltr'><strong>Christum.</strong></span> <span class='ocrx_word' id='word_1_68' title='bbox 766 1161 785 1196; x_wconf 77' lang='grc' dir='ltr'><strong>ι</strong></span> <span class='ocrx_word' id='word_1_69' title='bbox 815 1141 1087 1201; x_wconf 86' lang='lat' dir='ltr'><strong>Conlidite</strong></span> <span class='ocrx_word' id='word_1_70' title='bbox 1127 1144 1295 1210; x_wconf 87' lang='lat' dir='ltr'><strong>enim,</strong></span> <span class='ocrx_word' id='word_1_71' title='bbox 1337 1145 1533 1218; x_wconf 90' lang='lat' dir='ltr'><strong>inquit,</strong></span> <span class='ocrx_word' id='word_1_72' title='bbox 1582 1161 1686 1221; x_wconf 92' lang='lat' dir='ltr'><strong>ego</strong></span> <span class='ocrx_word' id='word_1_73' title='bbox 1731 1161 1892 1216; x_wconf 87' lang='lat' dir='ltr'><strong>sum;</strong></span> <span class='ocrx_word' id='word_1_74' title='bbox 1944 1162 2014 1204; x_wconf 90' lang='lat' dir='ltr'><strong>ne</strong></span> 
     </span>
    </p>
   </div>
   <div class='ocr_carea' id='block_1_13' title="bbox 432 1232 872 1292">
    <p class='ocr_par' dir='ltr' id='par_1_13' title="bbox 432 1232 872 1292">
     <span class='ocr_line' id='line_1_13' title="bbox 432 1232 872 1292; baseline 0.002 -3"><span class='ocrx_word' id='word_1_75' title='bbox 432 1233 729 1292; x_wconf 81' lang='lat' dir='ltr'><strong>timueritis</strong></span> <span class='ocrx_word' id='word_1_76' title='bbox 751 1232 820 1292; x_wconf 76' lang='lat'><strong>”.</strong></span> <span class='ocrx_word' id='word_1_77' title='bbox 852 1257 872 1290; x_wconf 81' lang='grc' dir='ltr'><strong><em>ι</em></strong></span> 
     </span>
    </p>
   </div>
   <div class='ocr_carea' id='block_1_14' title="bbox 405 1326 2011 1404">
    <p class='ocr_par' dir='ltr' id='par_1_14' title="bbox 405 1326 2011 1404">
     <span class='ocr_line' id='line_1_14' title="bbox 405 1326 2011 1404; baseline 0.005 -23"><span class='ocrx_word' id='word_1_78' title='bbox 405 1343 416 1348; x_wconf 86' lang='grc'>·</span> <span class='ocrx_word' id='word_1_79' title='bbox 502 1326 671 1384; x_wconf 71' lang='lat' dir='ltr'><strong>Vens.</strong></span> <span class='ocrx_word' id='word_1_80' title='bbox 709 1327 766 1386; x_wconf 73' lang='grc'>4.</span> <span class='ocrx_word' id='word_1_81' title='bbox 809 1326 916 1396; x_wconf 84' lang='lat' dir='ltr'><strong>Qui</strong></span> <span class='ocrx_word' id='word_1_82' title='bbox 959 1339 1285 1388; x_wconf 74' lang='lat' dir='ltr'><strong>exaruerunt</strong></span> <span class='ocrx_word' id='word_1_83' title='bbox 1334 1337 1395 1386; x_wconf 91' lang='lat' dir='ltr'><strong>ut</strong></span> <span class='ocrx_word' id='word_1_84' title='bbox 1443 1330 1708 1404; x_wconf 83' lang='lat' dir='ltr'><strong>gladium,</strong></span> <span class='ocrx_word' id='word_1_85' title='bbox 1758 1339 1867 1390; x_wconf 90' lang='lat' dir='ltr'><strong>etc.</strong></span> <span class='ocrx_word' id='word_1_86' title='bbox 1909 1331 2011 1402; x_wconf 90' lang='lat' dir='ltr'><strong>Qui</strong></span> 
     </span>
    </p>
   </div>
   <div class='ocr_carea' id='block_1_15' title="bbox 429 1419 2010 1493">
    <p class='ocr_par' dir='ltr' id='par_1_15' title="bbox 429 1419 2010 1493">
     <span class='ocr_line' id='line_1_15' title="bbox 429 1419 2010 1493; baseline 0.006 -18"><span class='ocrx_word' id='word_1_87' title='bbox 429 1419 571 1477; x_wconf 75' lang='lat' dir='ltr'><strong>falsa</strong></span> <span class='ocrx_word' id='word_1_88' title='bbox 613 1421 870 1493; x_wconf 79' lang='lat' dir='ltr'><strong>dogmata</strong></span> <span class='ocrx_word' id='word_1_89' title='bbox 919 1432 1168 1492; x_wconf 88' lang='lat' dir='ltr'><strong>tuentur,</strong></span> <span class='ocrx_word' id='word_1_90' title='bbox 1218 1422 1611 1481; x_wconf 79' lang='lat' dir='ltr'><strong>sintenderunt</strong></span> <span class='ocrx_word' id='word_1_91' title='bbox 1657 1440 1848 1482; x_wconf 88' lang='lat' dir='ltr'><strong>arcum</strong></span> <span class='ocrx_word' id='word_1_92' title='bbox 1893 1442 2010 1486; x_wconf 89' lang='lat' dir='ltr'><strong>rem</strong></span> 
     </span>
    </p>
   </div>
   <div class='ocr_carea' id='block_1_16' title="bbox 429 1513 2011 1591">
    <p class='ocr_par' dir='ltr' id='par_1_16' title="bbox 429 1513 2011 1591">
     <span class='ocr_line' id='line_1_16' title="bbox 429 1513 2011 1591; baseline 0.005 -23"><span class='ocrx_word' id='word_1_93' title='bbox 429 1527 712 1582; x_wconf 85' lang='lat' dir='ltr'><strong>amaram;</strong></span> <span class='ocrx_word' id='word_1_94' title='bbox 743 1533 764 1569; x_wconf 78' lang='grc' dir='ltr'><strong>ι</strong></span> <span class='ocrx_word' id='word_1_95' title='bbox 813 1513 1027 1576; x_wconf 84' lang='lat' dir='ltr'><strong>dulcem</strong></span> <span class='ocrx_word' id='word_1_96' title='bbox 1068 1531 1223 1582; x_wconf 87' lang='lat' dir='ltr'><strong>vero,</strong></span> <span class='ocrx_word' id='word_1_97' title='bbox 1275 1516 1369 1587; x_wconf 90' lang='lat' dir='ltr'><strong>qui</strong></span> <span class='ocrx_word' id='word_1_98' title='bbox 1404 1527 1753 1591; x_wconf 78' lang='lat' dir='ltr'><strong>propugnant</strong></span> <span class='ocrx_word' id='word_1_99' title='bbox 1802 1520 2011 1576; x_wconf 88' lang='lat' dir='ltr'><strong>verita-</strong></span> 
     </span>
    </p>
   </div>
   <div class='ocr_carea' id='block_1_17' title="bbox 431 1604 2011 1680">
    <p class='ocr_par' dir='ltr' id='par_1_17' title="bbox 431 1604 2011 1680">
     <span class='ocr_line' id='line_1_17' title="bbox 431 1604 2011 1680; baseline 0.007 -21"><span class='ocrx_word' id='word_1_100' title='bbox 431 1614 562 1662; x_wconf 89' lang='lat' dir='ltr'><strong>tem.</strong></span> <span class='ocrx_word' id='word_1_101' title='bbox 598 1604 708 1662; x_wconf 87' lang='lat' dir='ltr'><strong>Pro</strong></span> <span class='ocrx_word' id='word_1_102' title='bbox 757 1623 779 1661; x_wconf 80' lang='grc' dir='ltr'><strong>ι</strong></span> <span class='ocrx_word' id='word_1_103' title='bbox 805 1621 918 1664; x_wconf 92' lang='lat' dir='ltr'><strong>rem</strong></span> <span class='ocrx_word' id='word_1_104' title='bbox 944 1625 964 1662; x_wconf 79' lang='grc' dir='ltr'><strong>ι</strong></span> <span class='ocrx_word' id='word_1_105' title='bbox 1000 1607 1198 1680; x_wconf 82' lang='lat' dir='ltr'><strong>Aquila</strong></span> <span class='ocrx_word' id='word_1_106' title='bbox 1229 1629 1250 1663; x_wconf 75' lang='grc' dir='ltr'><strong>ι</strong></span> <span class='ocrx_word' id='word_1_107' title='bbox 1277 1609 1502 1668; x_wconf 82' lang='lat' dir='ltr'><strong>verbum</strong></span> <span class='ocrx_word' id='word_1_108' title='bbox 1526 1630 1546 1667; x_wconf 81' lang='grc' dir='ltr'><strong>ι</strong></span> <span class='ocrx_word' id='word_1_109' title='bbox 1577 1613 1733 1670; x_wconf 80' lang='lat' dir='ltr'><strong>dixit.</strong></span> <span class='ocrx_word' id='word_1_110' title='bbox 1771 1630 1790 1665; x_wconf 78' lang='grc' dir='ltr'><strong>ι</strong></span> <span class='ocrx_word' id='word_1_111' title='bbox 1815 1611 1886 1670; x_wconf 88' lang='lat' dir='ltr'><strong>Ut</strong></span> <span class='ocrx_word' id='word_1_112' title='bbox 1923 1628 2011 1669; x_wconf 85' lang='lat' dir='ltr'><strong>sa-</strong></span> 
     </span>
    </p>
   </div>
   <div class='ocr_carea' id='block_1_18' title="bbox 426 1697 2010 1780">
    <p class='ocr_par' dir='ltr' id='par_1_18' title="bbox 426 1697 2010 1780">
     <span class='ocr_line' id='line_1_18' title="bbox 426 1697 2010 1780; baseline 0.006 -28"><span class='ocrx_word' id='word_1_113' title='bbox 426 1697 626 1768; x_wconf 84' lang='lat' dir='ltr'><strong>gittent</strong></span> <span class='ocrx_word' id='word_1_114' title='bbox 653 1698 708 1754; x_wconf 90' lang='lat' dir='ltr'><strong>iu</strong></span> <span class='ocrx_word' id='word_1_115' title='bbox 737 1700 973 1757; x_wconf 86' lang='lat' dir='ltr'><strong>occultis</strong></span> <span class='ocrx_word' id='word_1_116' title='bbox 1017 1701 1449 1772; x_wconf 86' lang='lat' dir='ltr'><strong>immaculatum,</strong></span> <span class='ocrx_word' id='word_1_117' title='bbox 1475 1723 1494 1758; x_wconf 79' lang='grc' dir='ltr'><strong>ι</strong></span> <span class='ocrx_word' id='word_1_118' title='bbox 1524 1705 1720 1777; x_wconf 80' lang='lat' dir='ltr'><strong>Aquila</strong></span> <span class='ocrx_word' id='word_1_119' title='bbox 1755 1725 1774 1760; x_wconf 83' lang='lat' dir='ltr'><strong>s</strong></span> <span class='ocrx_word' id='word_1_120' title='bbox 1797 1707 2010 1780; x_wconf 89' lang='lat' dir='ltr'><strong>simpli-</strong></span> 
     </span>
    </p>
   </div>
   <div class='ocr_carea' id='block_1_19' title="bbox 426 1791 2006 1872">
    <p class='ocr_par' dir='ltr' id='par_1_19' title="bbox 426 1791 2006 1872">
     <span class='ocr_line' id='line_1_19' title="bbox 426 1791 2006 1872; baseline 0.008 -28"><span class='ocrx_word' id='word_1_121' title='bbox 426 1806 614 1847; x_wconf 63' lang='lat' dir='ltr'><strong>cem.»</strong></span> <span class='ocrx_word' id='word_1_122' title='bbox 650 1791 919 1850; x_wconf 67' lang='lat' dir='ltr'><strong>Caeterum</strong></span> <span class='ocrx_word' id='word_1_123' title='bbox 948 1796 1184 1868; x_wconf 66' lang='lat' dir='ltr'><strong>sagittae,</strong></span> <span class='ocrx_word' id='word_1_124' title='bbox 1215 1797 1416 1868; x_wconf 84' lang='lat' dir='ltr'><strong>quibus</strong></span> <span class='ocrx_word' id='word_1_125' title='bbox 1458 1799 1870 1872; x_wconf 86' lang='lat' dir='ltr'><strong>immaculatum</strong></span> <span class='ocrx_word' id='word_1_126' title='bbox 1911 1817 2006 1858; x_wconf 86' lang='lat' dir='ltr'><strong>seu</strong></span> 
     </span>
    </p>
   </div>
   <div class='ocr_carea' id='block_1_20' title="bbox 425 1885 2005 1964">
    <p class='ocr_par' dir='ltr' id='par_1_20' title="bbox 425 1885 2005 1964">
     <span class='ocr_line' id='line_1_20' title="bbox 425 1885 2005 1964; baseline 0.008 -26"><span class='ocrx_word' id='word_1_127' title='bbox 425 1885 724 1955; x_wconf 85' lang='lat' dir='ltr'><strong>simplicem</strong></span> <span class='ocrx_word' id='word_1_128' title='bbox 767 1888 1026 1960; x_wconf 89' lang='lat' dir='ltr'><strong>sagittant</strong></span> <span class='ocrx_word' id='word_1_129' title='bbox 1078 1889 1154 1946; x_wconf 90' lang='lat' dir='ltr'><strong>illi</strong></span> <span class='ocrx_word' id='word_1_130' title='bbox 1201 1893 1295 1963; x_wconf 91' lang='lat' dir='ltr'><strong>qui</strong></span> <span class='ocrx_word' id='word_1_131' title='bbox 1343 1903 1620 1950; x_wconf 78' lang='lat' dir='ltr'><strong>exacuunt</strong></span> <span class='ocrx_word' id='word_1_132' title='bbox 1663 1903 1724 1950; x_wconf 91' lang='lat' dir='ltr'><strong>ut</strong></span> <span class='ocrx_word' id='word_1_133' title='bbox 1767 1893 2005 1964; x_wconf 76' lang='lat' dir='ltr'><strong>gladium</strong></span> 
     </span>
    </p>
   </div>
   <div class='ocr_carea' id='block_1_21' title="bbox 426 1976 2009 2059">
    <p class='ocr_par' dir='ltr' id='par_1_21' title="bbox 426 1976 2009 2059">
     <span class='ocr_line' id='line_1_21' title="bbox 426 1976 2009 2059; baseline 0.01 -31"><span class='ocrx_word' id='word_1_134' title='bbox 426 1976 638 2046; x_wconf 80' lang='lat' dir='ltr'><strong>linguas</strong></span> <span class='ocrx_word' id='word_1_135' title='bbox 684 1993 834 2048; x_wconf 82' lang='lat' dir='ltr'><strong>suas,</strong></span> <span class='ocrx_word' id='word_1_136' title='bbox 881 1989 1013 2039; x_wconf 91' lang='lat' dir='ltr'><strong>sunt</strong></span> <span class='ocrx_word' id='word_1_137' title='bbox 1055 1984 1358 2057; x_wconf 82' lang='lat' dir='ltr'><strong>apocryphi</strong></span> <span class='ocrx_word' id='word_1_138' title='bbox 1408 1995 1466 2042; x_wconf 90' lang='lat' dir='ltr'><strong>et</strong></span> <span class='ocrx_word' id='word_1_139' title='bbox 1519 1986 1734 2059; x_wconf 83' lang='lat' dir='ltr'><strong>mystici</strong></span> <span class='ocrx_word' id='word_1_140' title='bbox 1779 2000 1875 2043; x_wconf 86' lang='lat' dir='ltr'><strong>seu</strong></span> <span class='ocrx_word' id='word_1_141' title='bbox 1913 1987 2009 2044; x_wconf 89' lang='lat' dir='ltr'><strong>ob-</strong></span> 
     </span>
    </p>
   </div>
   <div class='ocr_carea' id='block_1_22' title="bbox 423 2069 1133 2132">
    <p class='ocr_par' dir='ltr' id='par_1_22' title="bbox 423 2069 1133 2132">
     <span class='ocr_line' id='line_1_22' title="bbox 423 2069 1133 2132; baseline 0.008 -6"><span class='ocrx_word' id='word_1_142' title='bbox 423 2070 568 2126; x_wconf 85' lang='lat' dir='ltr'><strong>scuri</strong></span> <span class='ocrx_word' id='word_1_143' title='bbox 607 2069 822 2128; x_wconf 89' lang='lat' dir='ltr'><strong>illorum</strong></span> <span class='ocrx_word' id='word_1_144' title='bbox 853 2089 1133 2132; x_wconf 85' lang='lat' dir='ltr'><strong>sermones</strong></span> 
     </span>
    </p>
   </div>
   <div class='ocr_carea' id='block_1_23' title="bbox 498 2159 2002 2243">
    <p class='ocr_par' dir='ltr' id='par_1_23' title="bbox 498 2159 2002 2243">
     <span class='ocr_line' id='line_1_23' title="bbox 498 2159 2002 2243; baseline 0.009 -28"><span class='ocrx_word' id='word_1_145' title='bbox 498 2159 660 2218; x_wconf 69' lang='lat' dir='ltr'><strong>Vens.</strong></span> <span class='ocrx_word' id='word_1_146' title='bbox 686 2161 741 2218; x_wconf 89' lang='lat'><strong>6.</strong></span> <span class='ocrx_word' id='word_1_147' title='bbox 767 2160 1145 2222; x_wconf 80' lang='lat' dir='ltr'><strong>Firmaverunt</strong></span> <span class='ocrx_word' id='word_1_148' title='bbox 1175 2167 1282 2223; x_wconf 73' lang='lat' dir='ltr'><strong>sibi</strong></span> <span class='ocrx_word' id='word_1_149' title='bbox 1309 2184 1599 2226; x_wconf 75' lang='lat' dir='ltr'><strong>sermonem</strong></span> <span class='ocrx_word' id='word_1_150' title='bbox 1631 2187 1876 2243; x_wconf 82' lang='lat' dir='ltr'><strong>nequam,</strong></span> <span class='ocrx_word' id='word_1_151' title='bbox 1893 2181 2002 2230; x_wconf 90' lang='lat' dir='ltr'><strong>etc.</strong></span> 
     </span>
    </p>
   </div>
   <div class='ocr_carea' id='block_1_24' title="bbox 424 2253 2006 2334">
    <p class='ocr_par' dir='ltr' id='par_1_24' title="bbox 424 2253 2006 2334">
     <span class='ocr_line' id='line_1_24' title="bbox 424 2253 2006 2334; baseline 0.011 -27"><span class='ocrx_word' id='word_1_152' title='bbox 424 2253 566 2310; x_wconf 87' lang='lat' dir='ltr'><strong>Deus</strong></span> <span class='ocrx_word' id='word_1_153' title='bbox 603 2256 828 2326; x_wconf 90' lang='lat' dir='ltr'><strong>quidem</strong></span> <span class='ocrx_word' id='word_1_154' title='bbox 881 2258 1086 2316; x_wconf 88' lang='lat' dir='ltr'><strong>bonum</strong></span> <span class='ocrx_word' id='word_1_155' title='bbox 1133 2275 1444 2319; x_wconf 89' lang='lat' dir='ltr'><strong>sermonem</strong></span> <span class='ocrx_word' id='word_1_156' title='bbox 1493 2264 1811 2334; x_wconf 81' lang='lat' dir='ltr'><strong>conﬁrmat,</strong></span> <span class='ocrx_word' id='word_1_157' title='bbox 1842 2268 2006 2324; x_wconf 93' lang='lat' dir='ltr'><strong>homo</strong></span> 
     </span>
    </p>
   </div>
   <div class='ocr_carea' id='block_1_25' title="bbox 419 2351 2001 2426">
    <p class='ocr_par' dir='ltr' id='par_1_25' title="bbox 419 2351 2001 2426">
     <span class='ocr_line' id='line_1_25' title="bbox 419 2351 2001 2426; baseline 0.011 -27"><span class='ocrx_word' id='word_1_158' title='bbox 419 2359 548 2402; x_wconf 82' lang='lat' dir='ltr'><strong>vero</strong></span> <span class='ocrx_word' id='word_1_159' title='bbox 577 2362 828 2419; x_wconf 88' lang='lat' dir='ltr'><strong>pravum.</strong></span> <span class='ocrx_word' id='word_1_160' title='bbox 879 2351 1221 2425; x_wconf 86' lang='lat' dir='ltr'><strong>Quapropter</strong></span> <span class='ocrx_word' id='word_1_161' title='bbox 1243 2353 1386 2412; x_wconf 88' lang='lat' dir='ltr'><strong>Deus</strong></span> <span class='ocrx_word' id='word_1_162' title='bbox 1415 2355 1634 2426; x_wconf 88' lang='lat' dir='ltr'><strong>quidem</strong></span> <span class='ocrx_word' id='word_1_163' title='bbox 1673 2358 1853 2416; x_wconf 86' lang='lat' dir='ltr'><strong>divina</strong></span> <span class='ocrx_word' id='word_1_164' title='bbox 1888 2359 2001 2416; x_wconf 88' lang='lat' dir='ltr'><strong>vir-</strong></span> 
     </span>
    </p>
   </div>
   <div class='ocr_carea' id='block_1_26' title="bbox 420 2437 2004 2517">
    <p class='ocr_par' dir='ltr' id='par_1_26' title="bbox 420 2437 2004 2517">
     <span class='ocr_line' id='line_1_26' title="bbox 420 2437 2004 2517; baseline 0.009 -26"><span class='ocrx_word' id='word_1_165' title='bbox 420 2445 534 2494; x_wconf 88' lang='lat' dir='ltr'><strong>tute</strong></span> <span class='ocrx_word' id='word_1_166' title='bbox 564 2437 804 2496; x_wconf 88' lang='lat' dir='ltr'><strong>lirmavit</strong></span> <span class='ocrx_word' id='word_1_167' title='bbox 833 2457 1144 2501; x_wconf 85' lang='lat' dir='ltr'><strong>sermonem</strong></span> <span class='ocrx_word' id='word_1_168' title='bbox 1189 2462 1386 2517; x_wconf 88' lang='lat' dir='ltr'><strong>suum;</strong></span> <span class='ocrx_word' id='word_1_169' title='bbox 1423 2448 1673 2508; x_wconf 84' lang='lat' dir='ltr'><strong>homines</strong></span> <span class='ocrx_word' id='word_1_170' title='bbox 1721 2467 1851 2509; x_wconf 90' lang='lat' dir='ltr'><strong>vero</strong></span> <span class='ocrx_word' id='word_1_171' title='bbox 1876 2454 2004 2510; x_wconf 88' lang='lat' dir='ltr'><strong>sibi.-</strong></span> 
     </span>
    </p>
   </div>
   <div class='ocr_carea' id='block_1_27' title="bbox 417 2529 1999 2614">
    <p class='ocr_par' dir='ltr' id='par_1_27' title="bbox 417 2529 1999 2614">
     <span class='ocr_line' id='line_1_27' title="bbox 417 2529 1999 2614; baseline 0.012 -31"><span class='ocrx_word' id='word_1_172' title='bbox 417 2529 663 2601; x_wconf 88' lang='lat' dir='ltr'><strong>metipsis</strong></span> <span class='ocrx_word' id='word_1_173' title='bbox 692 2547 792 2605; x_wconf 88' lang='lat' dir='ltr'><strong>per</strong></span> <span class='ocrx_word' id='word_1_174' title='bbox 833 2535 1260 2608; x_wconf 87' lang='lat' dir='ltr'><strong>philosophiam,</strong></span> <span class='ocrx_word' id='word_1_175' title='bbox 1294 2557 1416 2613; x_wconf 69' lang='lat' dir='ltr'><strong>qua:</strong></span> <span class='ocrx_word' id='word_1_176' title='bbox 1441 2542 1730 2601; x_wconf 88' lang='lat' dir='ltr'><strong>dialectica</strong></span> <span class='ocrx_word' id='word_1_177' title='bbox 1754 2557 1999 2614; x_wconf 90' lang='lat' dir='ltr'><strong>vocatur,</strong></span> 
     </span>
    </p>
   </div>
   <div class='ocr_carea' id='block_1_28' title="bbox 415 2624 2002 2702">
    <p class='ocr_par' dir='ltr' id='par_1_28' title="bbox 415 2624 2002 2702">
     <span class='ocr_line' id='line_1_28' title="bbox 415 2624 2002 2702; baseline 0.012 -26"><span class='ocrx_word' id='word_1_178' title='bbox 415 2629 469 2676; x_wconf 89' lang='lat' dir='ltr'><strong>et</strong></span> <span class='ocrx_word' id='word_1_179' title='bbox 517 2635 617 2692; x_wconf 86' lang='lat' dir='ltr'><strong>per</strong></span> <span class='ocrx_word' id='word_1_180' title='bbox 649 2624 869 2682; x_wconf 90' lang='lat' dir='ltr'><strong>inanem</strong></span> <span class='ocrx_word' id='word_1_181' title='bbox 923 2629 1298 2701; x_wconf 88' lang='lat' dir='ltr'><strong>deceptionem</strong></span> <span class='ocrx_word' id='word_1_182' title='bbox 1326 2644 1701 2702; x_wconf 86' lang='lat' dir='ltr'><strong>narraverunt,</strong></span> <span class='ocrx_word' id='word_1_183' title='bbox 1729 2647 1786 2692; x_wconf 93' lang='lat' dir='ltr'><strong>ut</strong></span> <span class='ocrx_word' id='word_1_184' title='bbox 1817 2639 2002 2695; x_wconf 88' lang='lat' dir='ltr'><strong>occul-</strong></span> 
     </span>
    </p>
   </div>
   <div class='ocr_carea' id='block_1_29' title="bbox 417 2713 2000 2798">
    <p class='ocr_par' dir='ltr' id='par_1_29' title="bbox 417 2713 2000 2798">
     <span class='ocr_line' id='line_1_29' title="bbox 417 2713 2000 2798; baseline 0.012 -33"><span class='ocrx_word' id='word_1_185' title='bbox 417 2719 598 2767; x_wconf 81' lang='lat' dir='ltr'><strong>tarent</strong></span> <span class='ocrx_word' id='word_1_186' title='bbox 640 2713 915 2785; x_wconf 89' lang='lat' dir='ltr'><strong>laqueum,</strong></span> <span class='ocrx_word' id='word_1_187' title='bbox 967 2719 1094 2774; x_wconf 91' lang='lat' dir='ltr'><strong>dum</strong></span> <span class='ocrx_word' id='word_1_188' title='bbox 1143 2722 1596 2791; x_wconf 88' lang='lat' dir='ltr'><strong>persuasibilibus</strong></span> <span class='ocrx_word' id='word_1_189' title='bbox 1643 2727 2000 2798; x_wconf 87' lang='lat' dir='ltr'><strong>sophismatis</strong></span> 
     </span>
    </p>
   </div>
   <div class='ocr_carea' id='block_1_30' title="bbox 415 2809 1998 2890">
    <p class='ocr_par' dir='ltr' id='par_1_30' title="bbox 415 2809 1998 2890">
     <span class='ocr_line' id='line_1_30' title="bbox 415 2809 1998 2890; baseline 0.014 -36"><span class='ocrx_word' id='word_1_190' title='bbox 415 2815 471 2856; x_wconf 75' lang='lat' dir='ltr'><strong>ct</strong></span> <span class='ocrx_word' id='word_1_191' title='bbox 495 2809 844 2865; x_wconf 82' lang='lat' dir='ltr'><strong>sermonibus</strong></span> <span class='ocrx_word' id='word_1_192' title='bbox 875 2811 1142 2881; x_wconf 89' lang='lat' dir='ltr'><strong>captiosis</strong></span> <span class='ocrx_word' id='word_1_193' title='bbox 1167 2815 1472 2887; x_wconf 90' lang='lat' dir='ltr'><strong>decipiunt,</strong></span> <span class='ocrx_word' id='word_1_194' title='bbox 1494 2818 1549 2872; x_wconf 90' lang='lat' dir='ltr'><strong>in</strong></span> <span class='ocrx_word' id='word_1_195' title='bbox 1574 2819 1778 2890; x_wconf 88' lang='lat' dir='ltr'><strong>quibus</strong></span> <span class='ocrx_word' id='word_1_196' title='bbox 1811 2820 1998 2879; x_wconf 93' lang='lat' dir='ltr'><strong>occul-</strong></span> 
     </span>
    </p>
   </div>
   <div class='ocr_carea' id='block_1_31' title="bbox 415 2897 1990 2978">
    <p class='ocr_par' dir='ltr' id='par_1_31' title="bbox 415 2897 1990 2978">
     <span class='ocr_line' id='line_1_31' title="bbox 415 2897 1990 2978; baseline 0.013 -28"><span class='ocrx_word' id='word_1_197' title='bbox 415 2905 504 2952; x_wconf 91' lang='lat' dir='ltr'><strong>tus</strong></span> <span class='ocrx_word' id='word_1_198' title='bbox 550 2897 686 2956; x_wconf 87' lang='lat' dir='ltr'><strong>latet</strong></span> <span class='ocrx_word' id='word_1_199' title='bbox 734 2901 980 2973; x_wconf 88' lang='lat' dir='ltr'><strong>laqueus.</strong></span> <span class='ocrx_word' id='word_1_200' title='bbox 1023 2924 1042 2958; x_wconf 76' lang='grc' dir='ltr'><strong>ι</strong></span> <span class='ocrx_word' id='word_1_201' title='bbox 1070 2905 1359 2976; x_wconf 81' lang='lat' dir='ltr'><strong>Dixerunt,</strong></span> <span class='ocrx_word' id='word_1_202' title='bbox 1396 2910 1536 2978; x_wconf 85' lang='lat' dir='ltr'><strong>Quis</strong></span> <span class='ocrx_word' id='word_1_203' title='bbox 1565 2913 1776 2971; x_wconf 87' lang='lat' dir='ltr'><strong>videbit</strong></span> <span class='ocrx_word' id='word_1_204' title='bbox 1805 2916 1942 2973; x_wconf 86' lang='lat' dir='ltr'><strong>eos?</strong></span> <span class='ocrx_word' id='word_1_205' title='bbox 1970 2935 1990 2970; x_wconf 80' lang='grc' dir='ltr'><strong>ι</strong></span> 
     </span>
    </p>
   </div>
   <div class='ocr_carea' id='block_1_32' title="bbox 420 2989 1998 3079">
    <p class='ocr_par' dir='ltr' id='par_1_32' title="bbox 420 2989 1998 3079">
     <span class='ocr_line' id='line_1_32' title="bbox 420 2989 1998 3079; baseline 0.013 -33"><span class='ocrx_word' id='word_1_206' title='bbox 420 2989 496 3048; x_wconf 86' lang='lat' dir='ltr'><strong>De</strong></span> <span class='ocrx_word' id='word_1_207' title='bbox 529 2991 595 3050; x_wconf 90' lang='lat' dir='ltr'><strong>iis</strong></span> <span class='ocrx_word' id='word_1_208' title='bbox 625 3009 746 3066; x_wconf 62' lang='lat' dir='ltr'><strong>quae</strong></span> <span class='ocrx_word' id='word_1_209' title='bbox 781 2996 1132 3056; x_wconf 86' lang='lat' dir='ltr'><strong>adinvenisse</strong></span> <span class='ocrx_word' id='word_1_210' title='bbox 1175 3016 1234 3058; x_wconf 92' lang='lat' dir='ltr'><strong>se</strong></span> <span class='ocrx_word' id='word_1_211' title='bbox 1263 3002 1602 3072; x_wconf 90' lang='lat' dir='ltr'><strong>existimant,</strong></span> <span class='ocrx_word' id='word_1_212' title='bbox 1643 3016 1896 3079; x_wconf 88' lang='lat' dir='ltr'><strong>tanquam</strong></span> <span class='ocrx_word' id='word_1_213' title='bbox 1929 3010 1998 3067; x_wconf 90' lang='lat' dir='ltr'><strong>de</strong></span> 
     </span>
    </p>
   </div>
   <div class='ocr_carea' id='block_1_33' title="bbox 418 3083 1994 3168">
    <p class='ocr_par' dir='ltr' id='par_1_33' title="bbox 418 3083 1994 3168">
     <span class='ocr_line' id='line_1_33' title="bbox 418 3083 1994 3168; baseline 0.012 -30"><span class='ocrx_word' id='word_1_214' title='bbox 418 3083 706 3143; x_wconf 74' lang='lat' dir='ltr'><strong>difﬁculter</strong></span> <span class='ocrx_word' id='word_1_215' title='bbox 741 3091 1189 3161; x_wconf 90' lang='lat' dir='ltr'><strong>perceptibilibus</strong></span> <span class='ocrx_word' id='word_1_216' title='bbox 1220 3109 1342 3151; x_wconf 88' lang='lat' dir='ltr'><strong>sese</strong></span> <span class='ocrx_word' id='word_1_217' title='bbox 1378 3097 1732 3168; x_wconf 84' lang='lat' dir='ltr'><strong>extollentes,</strong></span> <span class='ocrx_word' id='word_1_218' title='bbox 1765 3100 1994 3157; x_wconf 80' lang='lat' dir='ltr'><strong>tlrman-</strong></span> 
     </span>
    </p>
   </div>
   <div class='ocr_carea' id='block_1_34' title="bbox 2119 592 3701 670">
    <p class='ocr_par' dir='ltr' id='par_1_34' title="bbox 2119 592 3701 670">
     <span class='ocr_line' id='line_1_34' title="bbox 2119 592 3701 670; baseline 0.004 -23"><span class='ocrx_word' id='word_1_219' title='bbox 2119 592 2228 647; x_wconf 78' lang='grc' dir='ltr'><strong>τῶν</strong></span> <span class='ocrx_word' id='word_1_220' title='bbox 2255 595 2574 668; x_wconf 75' lang='grc' dir='ltr'><strong>ἑτεροδόξων</strong></span> <span class='ocrx_word' id='word_1_221' title='bbox 2598 597 2657 650; x_wconf 82' lang='grc' dir='ltr'>ὲν</span> <span class='ocrx_word' id='word_1_222' title='bbox 2685 595 2883 651; x_wconf 83' lang='grc' dir='ltr'><strong>πίστει.</strong></span> <span class='ocrx_word' id='word_1_223' title='bbox 2921 598 3066 652; x_wconf 68' lang='grc' dir='ltr'>Ἀντί</span> <span class='ocrx_word' id='word_1_224' title='bbox 3103 619 3119 649; x_wconf 74' lang='grc' dir='ltr'><strong>ι</strong></span> <span class='ocrx_word' id='word_1_225' title='bbox 3160 600 3488 670; x_wconf 71' lang='grc' dir='ltr'><strong>συστροφῆς,</strong></span> <span class='ocrx_word' id='word_1_226' title='bbox 3509 603 3701 670; x_wconf 73' lang='grc' dir='ltr'>»ἀπορ-</span> 
     </span>
    </p>
   </div>
   <div class='ocr_carea' id='block_1_35' title="bbox 2104 686 3692 763">
    <p class='ocr_par' dir='ltr' id='par_1_35' title="bbox 2104 686 3692 763">
     <span class='ocr_line' id='line_1_35' title="bbox 2104 686 3692 763; baseline 0.003 -21"><span class='ocrx_word' id='word_1_227' title='bbox 2104 686 2300 756; x_wconf 75' lang='grc' dir='ltr'>ρήτου</span> <span class='ocrx_word' id='word_1_228' title='bbox 2391 690 2621 755; x_wconf 83' lang='grc' dir='ltr'><strong>Ἀκύλας</strong></span> <span class='ocrx_word' id='word_1_229' title='bbox 2680 691 2931 763; x_wconf 76' lang='grc' dir='ltr'>εἴρηκενο</span> <span class='ocrx_word' id='word_1_230' title='bbox 2980 691 3010 744; x_wconf 87' lang='grc' dir='ltr'><strong>δ</strong></span> <span class='ocrx_word' id='word_1_231' title='bbox 3061 691 3118 744; x_wconf 80' lang='grc' dir='ltr'>δὲ</span> <span class='ocrx_word' id='word_1_232' title='bbox 3174 692 3471 763; x_wconf 81' lang='grc' dir='ltr'>Σύμμαχος</span> <span class='ocrx_word' id='word_1_233' title='bbox 3512 713 3532 745; x_wconf 78' lang='grc' dir='ltr'><strong>ι</strong></span> <span class='ocrx_word' id='word_1_234' title='bbox 3573 693 3692 747; x_wconf 78' lang='grc' dir='ltr'>σκέ-</span> 
     </span>
    </p>
   </div>
   <div class='ocr_carea' id='block_1_36' title="bbox 2115 777 3685 856">
    <p class='ocr_par' dir='ltr' id='par_1_36' title="bbox 2115 777 3685 856">
     <span class='ocr_line' id='line_1_36' title="bbox 2115 777 3685 856; baseline 0.003 -25"><span class='ocrx_word' id='word_1_235' title='bbox 2115 777 2280 849; x_wconf 81' lang='grc' dir='ltr'>ψεως.</span> <span class='ocrx_word' id='word_1_236' title='bbox 2315 800 2333 832; x_wconf 73' lang='grc' dir='ltr'><strong>ι</strong></span> <span class='ocrx_word' id='word_1_237' title='bbox 2363 812 2431 821; x_wconf 88' lang='grc'><strong>-</strong></span> <span class='ocrx_word' id='word_1_238' title='bbox 2461 802 2481 835; x_wconf 73' lang='grc' dir='ltr'><strong>ι</strong></span> <span class='ocrx_word' id='word_1_239' title='bbox 2525 781 2658 837; x_wconf 79' lang='grc' dir='ltr'><strong>Ἀπὸ</strong></span> <span class='ocrx_word' id='word_1_240' title='bbox 2695 783 2936 855; x_wconf 81' lang='grc' dir='ltr'>πλήθους</span> <span class='ocrx_word' id='word_1_241' title='bbox 2970 781 3355 856; x_wconf 78' lang='grc' dir='ltr'><strong>ἐργαζομένων</strong></span> <span class='ocrx_word' id='word_1_242' title='bbox 3393 785 3634 850; x_wconf 75' lang='grc' dir='ltr'>ἀδικίαν,</span> <span class='ocrx_word' id='word_1_243' title='bbox 3668 805 3685 836; x_wconf 80' lang='grc' dir='ltr'><strong>ι</strong></span> 
     </span>
    </p>
   </div>
   <div class='ocr_carea' id='block_1_37' title="bbox 2113 873 3419 949">
    <p class='ocr_par' dir='ltr' id='par_1_37' title="bbox 2113 873 3419 949">
     <span class='ocr_line' id='line_1_37' title="bbox 2113 873 3419 949; baseline 0.005 -23"><span class='ocrx_word' id='word_1_244' title='bbox 2113 873 2222 927; x_wconf 85' lang='grc' dir='ltr'><strong>τῶν</strong></span> <span class='ocrx_word' id='word_1_245' title='bbox 2248 874 2347 947; x_wconf 78' lang='grc' dir='ltr'>τὴν</span> <span class='ocrx_word' id='word_1_246' title='bbox 2373 877 2635 932; x_wconf 82' lang='grc' dir='ltr'>πλατεῖαν</span> <span class='ocrx_word' id='word_1_247' title='bbox 2657 877 2752 930; x_wconf 77' lang='grc' dir='ltr'>καὶ</span> <span class='ocrx_word' id='word_1_248' title='bbox 2772 877 3083 949; x_wconf 75' lang='grc' dir='ltr'>εὐρύχωρον</span> <span class='ocrx_word' id='word_1_249' title='bbox 3112 877 3419 933; x_wconf 78' lang='grc' dir='ltr'><strong>ὁδευόντων.</strong></span> 
     </span>
    </p>
   </div>
   <div class='ocr_carea' id='block_1_38' title="bbox 2189 967 3690 1045">
    <p class='ocr_par' dir='ltr' id='par_1_38' title="bbox 2189 967 3690 1045">
     <span class='ocr_line' id='line_1_38' title="bbox 2189 967 3690 1045; baseline 0.005 -24"><span class='ocrx_word' id='word_1_250' title='bbox 2189 967 2300 1022; x_wconf 87' lang='grc' dir='ltr'><strong>Τοῦ</strong></span> <span class='ocrx_word' id='word_1_251' title='bbox 2332 969 2542 1025; x_wconf 86' lang='grc' dir='ltr'>αὐτοῦ.</span> <span class='ocrx_word' id='word_1_252' title='bbox 2591 969 2813 1042; x_wconf 82' lang='grc' dir='ltr'><strong>Ἐχθρὸς</strong></span> <span class='ocrx_word' id='word_1_253' title='bbox 2836 969 3000 1040; x_wconf 76' lang='grc' dir='ltr'>φόϐος</span> <span class='ocrx_word' id='word_1_254' title='bbox 3024 969 3135 1042; x_wconf 70' lang='grc'>(22)</span> <span class='ocrx_word' id='word_1_255' title='bbox 3165 972 3310 1025; x_wconf 71' lang='grc' dir='ltr'>ἐστὶν</span> <span class='ocrx_word' id='word_1_256' title='bbox 3339 973 3456 1044; x_wconf 74' lang='grc' dir='ltr'>ἦτοι</span> <span class='ocrx_word' id='word_1_257' title='bbox 3481 975 3513 1027; x_wconf 83' lang='grc' dir='ltr'><strong>δ</strong></span> <span class='ocrx_word' id='word_1_258' title='bbox 3548 973 3690 1045; x_wconf 83' lang='grc' dir='ltr'><strong>παρά</strong></span> 
     </span>
    </p>
   </div>
   <div class='ocr_carea' id='block_1_39' title="bbox 2113 1056 3689 1138">
    <p class='ocr_par' dir='ltr' id='par_1_39' title="bbox 2113 1056 3689 1138">
     <span class='ocr_line' id='line_1_39' title="bbox 2113 1056 3689 1138; baseline 0.004 -24"><span class='ocrx_word' id='word_1_259' title='bbox 2113 1056 2204 1114; x_wconf 91' lang='grc' dir='ltr'><strong>τοῦ</strong></span> <span class='ocrx_word' id='word_1_260' title='bbox 2250 1059 2447 1132; x_wconf 81' lang='grc' dir='ltr'>ἐχθροῦ</span> <span class='ocrx_word' id='word_1_261' title='bbox 2488 1062 2620 1134; x_wconf 83' lang='grc' dir='ltr'>ἡμῖν</span> <span class='ocrx_word' id='word_1_262' title='bbox 2667 1062 3094 1134; x_wconf 76' lang='grc' dir='ltr'>ὲγγινόμενος,ἢ</span> <span class='ocrx_word' id='word_1_263' title='bbox 3133 1067 3162 1118; x_wconf 86' lang='grc' dir='ltr'><strong>ό</strong></span> <span class='ocrx_word' id='word_1_264' title='bbox 3211 1065 3451 1130; x_wconf 80' lang='grc' dir='ltr'>ἐναντίος</span> <span class='ocrx_word' id='word_1_265' title='bbox 3494 1066 3579 1138; x_wconf 81' lang='grc' dir='ltr'>τῷ</span> <span class='ocrx_word' id='word_1_266' title='bbox 3604 1066 3689 1120; x_wconf 68' lang='grc' dir='ltr'><strong>τοῦ</strong></span> 
     </span>
    </p>
   </div>
   <div class='ocr_carea' id='block_1_40' title="bbox 2113 1153 3689 1234">
    <p class='ocr_par' dir='ltr' id='par_1_40' title="bbox 2113 1153 3689 1234">
     <span class='ocr_line' id='line_1_40' title="bbox 2113 1153 3689 1234; baseline 0.006 -26"><span class='ocrx_word' id='word_1_267' title='bbox 2113 1153 2352 1226; x_wconf 81' lang='grc' dir='ltr'>Χριστοῦ</span> <span class='ocrx_word' id='word_1_268' title='bbox 2411 1153 2624 1228; x_wconf 87' lang='grc' dir='ltr'>θάρσει.</span> <span class='ocrx_word' id='word_1_269' title='bbox 2662 1173 2681 1210; x_wconf 79' lang='grc' dir='ltr'><strong>ι</strong></span> <span class='ocrx_word' id='word_1_270' title='bbox 2725 1156 2989 1230; x_wconf 84' lang='grc' dir='ltr'><strong>Θαρσεῖτε</strong></span> <span class='ocrx_word' id='word_1_271' title='bbox 3021 1157 3148 1231; x_wconf 81' lang='grc' dir='ltr'>γὰρ,</span> <span class='ocrx_word' id='word_1_272' title='bbox 3181 1159 3368 1232; x_wconf 78' lang='grc' dir='ltr'>φησὶν,</span> <span class='ocrx_word' id='word_1_273' title='bbox 3409 1159 3527 1232; x_wconf 75' lang='grc' dir='ltr'>ἐγώ</span> <span class='ocrx_word' id='word_1_274' title='bbox 3559 1164 3689 1234; x_wconf 86' lang='grc' dir='ltr'>είμι·</span> 
     </span>
    </p>
   </div>
   <div class='ocr_carea' id='block_1_41' title="bbox 2115 1245 2550 1320">
    <p class='ocr_par' dir='ltr' id='par_1_41' title="bbox 2115 1245 2550 1320">
     <span class='ocr_line' id='line_1_41' title="bbox 2115 1245 2550 1320; baseline 0.009 -21"><span class='ocrx_word' id='word_1_275' title='bbox 2115 1245 2194 1320; x_wconf 75' lang='grc' dir='ltr'>μὴ</span> <span class='ocrx_word' id='word_1_276' title='bbox 2221 1245 2496 1316; x_wconf 75' lang='grc' dir='ltr'>φοϐεῖσθε.</span> <span class='ocrx_word' id='word_1_277' title='bbox 2530 1267 2550 1302; x_wconf 77' lang='grc' dir='ltr'><strong>ι</strong></span> 
     </span>
    </p>
   </div>
   <div class='ocr_carea' id='block_1_42' title="bbox 2186 1339 3689 1416">
    <p class='ocr_par' dir='ltr' id='par_1_42' title="bbox 2186 1339 3689 1416">
     <span class='ocr_line' id='line_1_42' title="bbox 2186 1339 3689 1416; baseline 0.005 -23"><span class='ocrx_word' id='word_1_278' title='bbox 2186 1339 2418 1409; x_wconf 76' lang='grc' dir='ltr'>ΟΖτινες</span> <span class='ocrx_word' id='word_1_279' title='bbox 2457 1341 2778 1412; x_wconf 77' lang='grc' dir='ltr'><strong>ἠκόνησαν</strong></span> <span class='ocrx_word' id='word_1_280' title='bbox 2825 1343 2908 1411; x_wconf 84' lang='grc' dir='ltr'><strong>ὡς</strong></span> <span class='ocrx_word' id='word_1_281' title='bbox 2947 1343 3289 1416; x_wconf 68' lang='grc' dir='ltr'>ῥομφαίαν,</span> <span class='ocrx_word' id='word_1_282' title='bbox 3325 1364 3380 1400; x_wconf 86' lang='grc' dir='ltr'><strong>κ.</strong></span> <span class='ocrx_word' id='word_1_283' title='bbox 3430 1364 3486 1402; x_wconf 90' lang='grc' dir='ltr'><strong>τ.</strong></span> <span class='ocrx_word' id='word_1_284' title='bbox 3537 1348 3584 1400; x_wconf 78' lang='grc' dir='ltr'>ὲ.</span> <span class='ocrx_word' id='word_1_285' title='bbox 3630 1347 3689 1402; x_wconf 84' lang='grc' dir='ltr'><strong>οι</strong></span> 
     </span>
    </p>
   </div>
   <div class='ocr_carea' id='block_1_43' title="bbox 2113 1428 3688 1507">
    <p class='ocr_par' dir='ltr' id='par_1_43' title="bbox 2113 1428 3688 1507">
     <span class='ocr_line' id='line_1_43' title="bbox 2113 1428 3688 1507; baseline 0.003 -23"><span class='ocrx_word' id='word_1_286' title='bbox 2113 1429 2290 1484; x_wconf 74' lang='grc' dir='ltr'>ἱκανοὶ</span> <span class='ocrx_word' id='word_1_287' title='bbox 2316 1428 2433 1503; x_wconf 70' lang='lat'><strong>(23)</strong></span> <span class='ocrx_word' id='word_1_288' title='bbox 2463 1431 2606 1504; x_wconf 82' lang='grc' dir='ltr'>ὑπὲρ</span> <span class='ocrx_word' id='word_1_289' title='bbox 2641 1431 2751 1487; x_wconf 85' lang='grc' dir='ltr'><strong>τῶν</strong></span> <span class='ocrx_word' id='word_1_290' title='bbox 2781 1432 2994 1505; x_wconf 87' lang='grc' dir='ltr'>ψευδῶν</span> <span class='ocrx_word' id='word_1_291' title='bbox 3027 1434 3311 1507; x_wconf 78' lang='grc' dir='ltr'>δογμάτων</span> <span class='ocrx_word' id='word_1_292' title='bbox 3344 1455 3364 1488; x_wconf 79' lang='lat' dir='ltr'><strong>s</strong></span> <span class='ocrx_word' id='word_1_293' title='bbox 3425 1438 3688 1492; x_wconf 74' lang='grc' dir='ltr'>ἐνέτειναν</span> 
     </span>
    </p>
   </div>
   <div class='ocr_carea' id='block_1_44' title="bbox 2109 1521 3688 1601">
    <p class='ocr_par' dir='ltr' id='par_1_44' title="bbox 2109 1521 3688 1601">
     <span class='ocr_line' id='line_1_44' title="bbox 2109 1521 3688 1601; baseline 0.005 -25"><span class='ocrx_word' id='word_1_294' title='bbox 2109 1521 2262 1588; x_wconf 78' lang='grc' dir='ltr'>τόξον</span> <span class='ocrx_word' id='word_1_295' title='bbox 2286 1525 2520 1597; x_wconf 77' lang='grc' dir='ltr'>πρᾶγμα</span> <span class='ocrx_word' id='word_1_296' title='bbox 2552 1525 2783 1599; x_wconf 86' lang='grc' dir='ltr'>πικρόν·</span> <span class='ocrx_word' id='word_1_297' title='bbox 2827 1545 2846 1579; x_wconf 78' lang='grc' dir='ltr'><strong>ι</strong></span> <span class='ocrx_word' id='word_1_298' title='bbox 2883 1525 3056 1596; x_wconf 74' lang='grc' dir='ltr'>γλυκὺ</span> <span class='ocrx_word' id='word_1_299' title='bbox 3088 1527 3145 1582; x_wconf 81' lang='grc' dir='ltr'>δὲ</span> <span class='ocrx_word' id='word_1_300' title='bbox 3183 1527 3244 1582; x_wconf 83' lang='grc' dir='ltr'>τὸ</span> <span class='ocrx_word' id='word_1_301' title='bbox 3293 1528 3404 1583; x_wconf 83' lang='grc' dir='ltr'><strong>τῶν</strong></span> <span class='ocrx_word' id='word_1_302' title='bbox 3440 1535 3688 1601; x_wconf 80' lang='grc' dir='ltr'>προϊστα-</span> 
     </span>
    </p>
   </div>
   <div class='ocr_carea' id='block_1_45' title="bbox 2113 1617 3684 1695">
    <p class='ocr_par' dir='ltr' id='par_1_45' title="bbox 2113 1617 3684 1695">
     <span class='ocr_line' id='line_1_45' title="bbox 2113 1617 3684 1695; baseline 0.006 -26"><span class='ocrx_word' id='word_1_303' title='bbox 2113 1617 2290 1688; x_wconf 83' lang='grc' dir='ltr'>μένων</span> <span class='ocrx_word' id='word_1_304' title='bbox 2328 1617 2431 1690; x_wconf 85' lang='grc' dir='ltr'>τῆς</span> <span class='ocrx_word' id='word_1_305' title='bbox 2469 1617 2745 1692; x_wconf 79' lang='grc' dir='ltr'>ἀληθείας.</span> <span class='ocrx_word' id='word_1_306' title='bbox 2799 1619 2946 1674; x_wconf 79' lang='grc' dir='ltr'>Ἀντὶ</span> <span class='ocrx_word' id='word_1_307' title='bbox 2989 1619 3081 1675; x_wconf 91' lang='grc' dir='ltr'><strong>τοῦ</strong></span> <span class='ocrx_word' id='word_1_308' title='bbox 3121 1641 3139 1673; x_wconf 81' lang='grc' dir='ltr'><strong>ι</strong></span> <span class='ocrx_word' id='word_1_309' title='bbox 3182 1622 3438 1695; x_wconf 82' lang='grc' dir='ltr'>πρᾶγμα,</span> <span class='ocrx_word' id='word_1_310' title='bbox 3493 1644 3512 1678; x_wconf 77' lang='grc' dir='ltr'><strong>ι</strong></span> <span class='ocrx_word' id='word_1_311' title='bbox 3523 1623 3684 1694; x_wconf 80' lang='grc' dir='ltr'>ῥῆμα</span> 
     </span>
    </p>
   </div>
   <div class='ocr_carea' id='block_1_46' title="bbox 2123 1703 3687 1783">
    <p class='ocr_par' dir='ltr' id='par_1_46' title="bbox 2123 1703 3687 1783">
     <span class='ocr_line' id='line_1_46' title="bbox 2123 1703 3687 1783; baseline 0.004 -23"><span class='ocrx_word' id='word_1_312' title='bbox 2123 1705 2353 1772; x_wconf 82' lang='grc' dir='ltr'>’Δκύλας</span> <span class='ocrx_word' id='word_1_313' title='bbox 2393 1703 2534 1763; x_wconf 77' lang='grc' dir='ltr'>εἷπε.</span> <span class='ocrx_word' id='word_1_314' title='bbox 2572 1728 2592 1762; x_wconf 79' lang='grc' dir='ltr'><strong>ι</strong></span> <span class='ocrx_word' id='word_1_315' title='bbox 2646 1708 2755 1764; x_wconf 88' lang='grc' dir='ltr'>Τοῦ</span> <span class='ocrx_word' id='word_1_316' title='bbox 2807 1708 3196 1778; x_wconf 81' lang='grc' dir='ltr'>κατατοξεῦσαι</span> <span class='ocrx_word' id='word_1_317' title='bbox 3251 1713 3309 1764; x_wconf 83' lang='grc' dir='ltr'>ὲν</span> <span class='ocrx_word' id='word_1_318' title='bbox 3351 1711 3687 1783; x_wconf 69' lang='grc' dir='ltr'>ἅποκρύφοις</span> 
     </span>
    </p>
   </div>
   <div class='ocr_carea' id='block_1_47' title="bbox 2109 1798 3684 1876">
    <p class='ocr_par' dir='ltr' id='par_1_47' title="bbox 2109 1798 3684 1876">
     <span class='ocr_line' id='line_1_47' title="bbox 2109 1798 3684 1876; baseline 0.001 -22"><span class='ocrx_word' id='word_1_319' title='bbox 2109 1798 2360 1872; x_wconf 78' lang='grc' dir='ltr'>ἄμωμον,</span> <span class='ocrx_word' id='word_1_320' title='bbox 2403 1819 2423 1853; x_wconf 74' lang='grc' dir='ltr'><strong>ι</strong></span> <span class='ocrx_word' id='word_1_321' title='bbox 2451 1801 2702 1866; x_wconf 73' lang='grc' dir='ltr'>,Ἄκύλας</span> <span class='ocrx_word' id='word_1_322' title='bbox 2738 1821 2756 1854; x_wconf 76' lang='grc' dir='ltr'><strong>ι</strong></span> <span class='ocrx_word' id='word_1_323' title='bbox 2795 1800 3022 1857; x_wconf 80' lang='grc' dir='ltr'>ἁπλοῦν.</span> <span class='ocrx_word' id='word_1_324' title='bbox 3067 1821 3086 1854; x_wconf 80' lang='grc' dir='ltr'><strong>ι</strong></span> <span class='ocrx_word' id='word_1_325' title='bbox 3123 1802 3204 1857; x_wconf 79' lang='grc' dir='ltr'><strong>Τὰ</strong></span> <span class='ocrx_word' id='word_1_326' title='bbox 3251 1802 3380 1876; x_wconf 79' lang='grc' dir='ltr'><strong>βέλη</strong></span> <span class='ocrx_word' id='word_1_327' title='bbox 3417 1804 3684 1874; x_wconf 73' lang='grc' dir='ltr'>μέντοιγε,</span> 
     </span>
    </p>
   </div>
   <div class='ocr_carea' id='block_1_48' title="bbox 2109 1885 3689 1968">
    <p class='ocr_par' dir='ltr' id='par_1_48' title="bbox 2109 1885 3689 1968">
     <span class='ocr_line' id='line_1_48' title="bbox 2109 1885 3689 1968; baseline 0.003 -25"><span class='ocrx_word' id='word_1_328' title='bbox 2109 1891 2167 1944; x_wconf 77' lang='grc' dir='ltr'>ὲν</span> <span class='ocrx_word' id='word_1_329' title='bbox 2189 1885 2270 1956; x_wconf 75' lang='grc' dir='ltr'>οἷς</span> <span class='ocrx_word' id='word_1_330' title='bbox 2301 1891 2395 1947; x_wconf 81' lang='grc' dir='ltr'>τὸν</span> <span class='ocrx_word' id='word_1_331' title='bbox 2420 1893 2651 1965; x_wconf 79' lang='grc' dir='ltr'>ἄμωμον</span> <span class='ocrx_word' id='word_1_332' title='bbox 2683 1895 2717 1968; x_wconf 78' lang='grc' dir='ltr'>ἢ</span> <span class='ocrx_word' id='word_1_333' title='bbox 2756 1891 2963 1948; x_wconf 85' lang='grc' dir='ltr'>ἁπλοῦν</span> <span class='ocrx_word' id='word_1_334' title='bbox 2990 1894 3438 1960; x_wconf 81' lang='grc' dir='ltr'>κατατοξεύουσιν</span> <span class='ocrx_word' id='word_1_335' title='bbox 3471 1897 3522 1949; x_wconf 79' lang='lat' dir='ltr'><strong>oi</strong></span> <span class='ocrx_word' id='word_1_336' title='bbox 3563 1899 3689 1950; x_wconf 78' lang='grc' dir='ltr'>ἀκο-</span> 
     </span>
    </p>
   </div>
   <div class='ocr_carea' id='block_1_49' title="bbox 2108 1983 3690 2058">
    <p class='ocr_par' dir='ltr' id='par_1_49' title="bbox 2108 1983 3690 2058">
     <span class='ocr_line' id='line_1_49' title="bbox 2108 1983 3690 2058; baseline 0.001 -20"><span class='ocrx_word' id='word_1_337' title='bbox 2108 1983 2373 2055; x_wconf 83' lang='grc' dir='ltr'>νήσαντες</span> <span class='ocrx_word' id='word_1_338' title='bbox 2406 1983 2482 2049; x_wconf 88' lang='grc' dir='ltr'><strong>ώς</strong></span> <span class='ocrx_word' id='word_1_339' title='bbox 2517 1986 2793 2058; x_wconf 77' lang='grc' dir='ltr'>ῥομφαίαν</span> <span class='ocrx_word' id='word_1_340' title='bbox 2820 1986 2920 2050; x_wconf 86' lang='grc' dir='ltr'><strong>τάς</strong></span> <span class='ocrx_word' id='word_1_341' title='bbox 2952 1985 3199 2056; x_wconf 81' lang='grc' dir='ltr'>γλώσσας</span> <span class='ocrx_word' id='word_1_342' title='bbox 3231 1987 3430 2055; x_wconf 77' lang='grc' dir='ltr'>αὐτῶν,</span> <span class='ocrx_word' id='word_1_343' title='bbox 3464 1989 3514 2040; x_wconf 85' lang='grc' dir='ltr'>οἱ</span> <span class='ocrx_word' id='word_1_344' title='bbox 3557 1987 3690 2041; x_wconf 76' lang='grc' dir='ltr'>ἀπό-</span> 
     </span>
    </p>
   </div>
   <div class='ocr_carea' id='block_1_50' title="bbox 2106 2075 3402 2152">
    <p class='ocr_par' dir='ltr' id='par_1_50' title="bbox 2106 2075 3402 2152">
     <span class='ocr_line' id='line_1_50' title="bbox 2106 2075 3402 2152; baseline 0.005 -24"><span class='ocrx_word' id='word_1_345' title='bbox 2106 2075 2305 2147; x_wconf 75' lang='grc' dir='ltr'>κρυφοι</span> <span class='ocrx_word' id='word_1_346' title='bbox 2338 2079 2444 2132; x_wconf 79' lang='grc' dir='ltr'>εἰσι</span> <span class='ocrx_word' id='word_1_347' title='bbox 2483 2079 2578 2132; x_wconf 80' lang='grc' dir='ltr'>καὶ</span> <span class='ocrx_word' id='word_1_348' title='bbox 2607 2078 3006 2152; x_wconf 82' lang='grc' dir='ltr'>μυστηριώδεις</span> <span class='ocrx_word' id='word_1_349' title='bbox 3029 2080 3207 2134; x_wconf 77' lang='grc' dir='ltr'>αὐτῶν</span> <span class='ocrx_word' id='word_1_350' title='bbox 3234 2080 3402 2150; x_wconf 87' lang='grc' dir='ltr'>λόγοι.</span> 
     </span>
    </p>
   </div>
   <div class='ocr_carea' id='block_1_51' title="bbox 2189 2171 3685 2255">
    <p class='ocr_par' dir='ltr' id='par_1_51' title="bbox 2189 2171 3685 2255">
     <span class='ocr_line' id='line_1_51' title="bbox 2189 2171 3685 2255; baseline 0.002 -30"><span class='ocrx_word' id='word_1_351' title='bbox 2189 2171 2636 2241; x_wconf 79' lang='grc' dir='ltr'>Ἐκραταίωσαν</span> <span class='ocrx_word' id='word_1_352' title='bbox 2684 2172 2920 2240; x_wconf 83' lang='grc' dir='ltr'>ἑαυτοῖς</span> <span class='ocrx_word' id='word_1_353' title='bbox 2945 2177 3132 2243; x_wconf 56' lang='grc' dir='ltr'>λόγον</span> <span class='ocrx_word' id='word_1_354' title='bbox 3168 2175 3449 2255; x_wconf 58' lang='grc' dir='ltr'>πονηρόν,</span> <span class='ocrx_word' id='word_1_355' title='bbox 3480 2192 3533 2227; x_wconf 89' lang='grc' dir='ltr'><strong>κ.</strong></span> <span class='ocrx_word' id='word_1_356' title='bbox 3557 2191 3609 2228; x_wconf 90' lang='grc' dir='ltr'>τ.</span> <span class='ocrx_word' id='word_1_357' title='bbox 3639 2174 3685 2228; x_wconf 81' lang='grc' dir='ltr'>ὲ.</span> 
     </span>
    </p>
   </div>
   <div class='ocr_carea' id='block_1_52' title="bbox 2104 2263 3687 2340">
    <p class='ocr_par' dir='ltr' id='par_1_52' title="bbox 2104 2263 3687 2340">
     <span class='ocr_line' id='line_1_52' title="bbox 2104 2263 3687 2340; baseline 0.001 -20"><span class='ocrx_word' id='word_1_358' title='bbox 2104 2263 2238 2331; x_wconf 80' lang='grc' dir='ltr'>Θεὸς</span> <span class='ocrx_word' id='word_1_359' title='bbox 2267 2266 2366 2338; x_wconf 84' lang='grc' dir='ltr'>μὲν</span> <span class='ocrx_word' id='word_1_360' title='bbox 2393 2267 2504 2340; x_wconf 70' lang='grc'>(24)</span> <span class='ocrx_word' id='word_1_361' title='bbox 2551 2267 2756 2338; x_wconf 80' lang='grc' dir='ltr'>ἀγαθὸν</span> <span class='ocrx_word' id='word_1_362' title='bbox 2807 2269 3061 2340; x_wconf 88' lang='grc' dir='ltr'>κραταιοῖ</span> <span class='ocrx_word' id='word_1_363' title='bbox 3099 2267 3277 2336; x_wconf 88' lang='grc' dir='ltr'>λόγον,</span> <span class='ocrx_word' id='word_1_364' title='bbox 3317 2267 3606 2340; x_wconf 77' lang='grc' dir='ltr'>ἄνθρωπος</span> <span class='ocrx_word' id='word_1_365' title='bbox 3632 2268 3687 2322; x_wconf 80' lang='grc' dir='ltr'>δὲ</span> 
     </span>
    </p>
   </div>
   <div class='ocr_carea' id='block_1_53' title="bbox 2105 2361 3690 2436">
    <p class='ocr_par' dir='ltr' id='par_1_53' title="bbox 2105 2361 3690 2436">
     <span class='ocr_line' id='line_1_53' title="bbox 2105 2361 3690 2436; baseline 0.003 -21"><span class='ocrx_word' id='word_1_366' title='bbox 2105 2362 2359 2435; x_wconf 84' lang='grc' dir='ltr'>πονηρόν.</span> <span class='ocrx_word' id='word_1_367' title='bbox 2387 2363 2589 2436; x_wconf 86' lang='grc' dir='ltr'>Διόπερ</span> <span class='ocrx_word' id='word_1_368' title='bbox 2613 2365 2643 2418; x_wconf 86' lang='grc' dir='ltr'><strong>δ</strong></span> <span class='ocrx_word' id='word_1_369' title='bbox 2673 2364 2771 2436; x_wconf 84' lang='grc' dir='ltr'>μὲν</span> <span class='ocrx_word' id='word_1_370' title='bbox 2793 2363 2927 2427; x_wconf 79' lang='grc' dir='ltr'>Θεὸς</span> <span class='ocrx_word' id='word_1_371' title='bbox 2947 2361 3284 2435; x_wconf 80' lang='grc' dir='ltr'>ὲκραταίωσε</span> <span class='ocrx_word' id='word_1_372' title='bbox 3311 2361 3433 2434; x_wconf 63' lang='grc' dir='ltr'><strong>θείᾳ⁵</strong></span> <span class='ocrx_word' id='word_1_373' title='bbox 3460 2362 3690 2434; x_wconf 55' lang='grc' dir='ltr'>δυνάμι.</span> 
     </span>
    </p>
   </div>
   <div class='ocr_carea' id='block_1_54' title="bbox 2101 2451 3690 2528">
    <p class='ocr_par' dir='ltr' id='par_1_54' title="bbox 2101 2451 3690 2528">
     <span class='ocr_line' id='line_1_54' title="bbox 2101 2451 3690 2528; baseline 0.003 -23"><span class='ocrx_word' id='word_1_374' title='bbox 2101 2451 2195 2507; x_wconf 79' lang='grc' dir='ltr'>τὸν</span> <span class='ocrx_word' id='word_1_375' title='bbox 2223 2454 2418 2508; x_wconf 79' lang='grc' dir='ltr'>ἑαυτοῦ</span> <span class='ocrx_word' id='word_1_376' title='bbox 2452 2455 2636 2525; x_wconf 79' lang='grc' dir='ltr'><strong>λόγον⁹</strong></span> <span class='ocrx_word' id='word_1_377' title='bbox 2669 2454 2947 2528; x_wconf 75' lang='grc' dir='ltr'>ἄνθρωποι</span> <span class='ocrx_word' id='word_1_378' title='bbox 3006 2455 3062 2510; x_wconf 84' lang='grc' dir='ltr'>δὲ</span> <span class='ocrx_word' id='word_1_379' title='bbox 3120 2456 3330 2520; x_wconf 80' lang='grc' dir='ltr'>ἑαυτοῖς</span> <span class='ocrx_word' id='word_1_380' title='bbox 3377 2458 3442 2528; x_wconf 79' lang='grc' dir='ltr'><strong>τῇ</strong></span> <span class='ocrx_word' id='word_1_381' title='bbox 3492 2456 3690 2509; x_wconf 79' lang='grc' dir='ltr'>καλου-</span> 
     </span>
    </p>
   </div>
   <div class='ocr_carea' id='block_1_55' title="bbox 2106 2545 3688 2622">
    <p class='ocr_par' dir='ltr' id='par_1_55' title="bbox 2106 2545 3688 2622">
     <span class='ocr_line' id='line_1_55' title="bbox 2106 2545 3688 2622; baseline 0.006 -24"><span class='ocrx_word' id='word_1_382' title='bbox 2106 2548 2243 2619; x_wconf 80' lang='grc' dir='ltr'>μένῃ</span> <span class='ocrx_word' id='word_1_383' title='bbox 2269 2545 2582 2620; x_wconf 82' lang='grc' dir='ltr'>διαλεκτικῇ</span> <span class='ocrx_word' id='word_1_384' title='bbox 2626 2549 2936 2622; x_wconf 75' lang='grc' dir='ltr'>φιλοσοφίᾳ,</span> <span class='ocrx_word' id='word_1_385' title='bbox 2979 2550 3075 2604; x_wconf 71' lang='grc' dir='ltr'>καὶ</span> <span class='ocrx_word' id='word_1_386' title='bbox 3105 2551 3235 2621; x_wconf 81' lang='grc' dir='ltr'>κενῇ</span> <span class='ocrx_word' id='word_1_387' title='bbox 3276 2550 3466 2622; x_wconf 78' lang='grc' dir='ltr'>ἀπάτῃ</span> <span class='ocrx_word' id='word_1_388' title='bbox 3494 2548 3688 2620; x_wconf 70' lang='grc' dir='ltr'>διηγή-</span> 
     </span>
    </p>
   </div>
   <div class='ocr_carea' id='block_1_56' title="bbox 2102 2639 3687 2714">
    <p class='ocr_par' dir='ltr' id='par_1_56' title="bbox 2102 2639 3687 2714">
     <span class='ocr_line' id='line_1_56' title="bbox 2102 2639 3687 2714; baseline 0.003 -23"><span class='ocrx_word' id='word_1_389' title='bbox 2102 2655 2266 2692; x_wconf 89' lang='grc' dir='ltr'>σαντο</span> <span class='ocrx_word' id='word_1_390' title='bbox 2302 2639 2397 2694; x_wconf 90' lang='grc' dir='ltr'><strong>τοῦ</strong></span> <span class='ocrx_word' id='word_1_391' title='bbox 2451 2641 2653 2714; x_wconf 88' lang='grc' dir='ltr'>κρύψαι</span> <span class='ocrx_word' id='word_1_392' title='bbox 2699 2642 2936 2712; x_wconf 80' lang='grc' dir='ltr'>παγίδα,</span> <span class='ocrx_word' id='word_1_393' title='bbox 2986 2644 3034 2696; x_wconf 82' lang='grc' dir='ltr'>οἱ</span> <span class='ocrx_word' id='word_1_394' title='bbox 3087 2642 3336 2706; x_wconf 83' lang='grc' dir='ltr'>πιθανοῖς</span> <span class='ocrx_word' id='word_1_395' title='bbox 3385 2643 3687 2714; x_wconf 81' lang='grc' dir='ltr'>σοφίσμασι</span> 
     </span>
    </p>
   </div>
   <div class='ocr_carea' id='block_1_57' title="bbox 2100 2730 3686 2808">
    <p class='ocr_par' dir='ltr' id='par_1_57' title="bbox 2100 2730 3686 2808">
     <span class='ocr_line' id='line_1_57' title="bbox 2100 2730 3686 2808; baseline 0.002 -22"><span class='ocrx_word' id='word_1_396' title='bbox 2100 2731 2196 2786; x_wconf 76' lang='grc' dir='ltr'>καὶ</span> <span class='ocrx_word' id='word_1_397' title='bbox 2241 2731 2418 2803; x_wconf 83' lang='grc' dir='ltr'>λόγοις</span> <span class='ocrx_word' id='word_1_398' title='bbox 2469 2733 2768 2808; x_wconf 82' lang='grc' dir='ltr'>ἀπατηλοῖς</span> <span class='ocrx_word' id='word_1_399' title='bbox 2821 2735 3160 2801; x_wconf 85' lang='grc' dir='ltr'>ἀπατῶντες,</span> <span class='ocrx_word' id='word_1_400' title='bbox 3213 2737 3270 2789; x_wconf 66' lang='grc' dir='ltr'>ἐν</span> <span class='ocrx_word' id='word_1_401' title='bbox 3304 2730 3386 2800; x_wconf 74' lang='grc' dir='ltr'>οἷς</span> <span class='ocrx_word' id='word_1_402' title='bbox 3420 2735 3686 2790; x_wconf 70' lang='grc' dir='ltr'>λανθάνον</span> 
     </span>
    </p>
   </div>
   <div class='ocr_carea' id='block_1_58' title="bbox 2100 2822 3685 2897">
    <p class='ocr_par' dir='ltr' id='par_1_58' title="bbox 2100 2822 3685 2897">
     <span class='ocr_line' id='line_1_58' title="bbox 2100 2822 3685 2897; baseline 0.004 -23"><span class='ocrx_word' id='word_1_403' title='bbox 2100 2823 2482 2896; x_wconf 83' lang='grc' dir='ltr'>κεκρυμμένον</span> <span class='ocrx_word' id='word_1_404' title='bbox 2528 2826 2645 2878; x_wconf 74' lang='grc' dir='ltr'>ἐστὶ</span> <span class='ocrx_word' id='word_1_405' title='bbox 2676 2825 2738 2879; x_wconf 84' lang='grc' dir='ltr'><strong>τδ</strong></span> <span class='ocrx_word' id='word_1_406' title='bbox 2769 2826 3098 2896; x_wconf 84' lang='grc' dir='ltr'>παγιδεύειν.</span> <span class='ocrx_word' id='word_1_407' title='bbox 3133 2848 3152 2880; x_wconf 73' lang='grc' dir='ltr'><strong>ι</strong></span> <span class='ocrx_word' id='word_1_408' title='bbox 3190 2822 3386 2891; x_wconf 81' lang='grc' dir='ltr'>Εἶπαν,</span> <span class='ocrx_word' id='word_1_409' title='bbox 3420 2827 3519 2892; x_wconf 87' lang='grc' dir='ltr'>Τίς</span> <span class='ocrx_word' id='word_1_410' title='bbox 3557 2826 3685 2897; x_wconf 57' lang='lat'><strong>(1.}:-</strong></span> 
     </span>
    </p>
   </div>
   <div class='ocr_carea' id='block_1_59' title="bbox 2097 2915 3686 2992">
    <p class='ocr_par' dir='ltr' id='par_1_59' title="bbox 2097 2915 3686 2992">
     <span class='ocr_line' id='line_1_59' title="bbox 2097 2915 3686 2992; baseline 0.005 -26"><span class='ocrx_word' id='word_1_411' title='bbox 2097 2930 2189 2969; x_wconf 87' lang='grc' dir='ltr'><strong>ται</strong></span> <span class='ocrx_word' id='word_1_412' title='bbox 2223 2915 2452 2984; x_wconf 86' lang='grc' dir='ltr'>αύτούς;</span> <span class='ocrx_word' id='word_1_413' title='bbox 2485 2938 2502 2970; x_wconf 78' lang='grc' dir='ltr'><strong>ι</strong></span> <span class='ocrx_word' id='word_1_414' title='bbox 2529 2917 2688 2989; x_wconf 82' lang='grc' dir='ltr'>Μέγα</span> <span class='ocrx_word' id='word_1_415' title='bbox 2719 2921 3045 2991; x_wconf 86' lang='grc' dir='ltr'>φρονοῦντες</span> <span class='ocrx_word' id='word_1_416' title='bbox 3070 2919 3146 2985; x_wconf 87' lang='grc' dir='ltr'><strong>ώς</strong></span> <span class='ocrx_word' id='word_1_417' title='bbox 3169 2921 3261 2974; x_wconf 75' lang='grc' dir='ltr'><strong>ἐπὶ</strong></span> <span class='ocrx_word' id='word_1_418' title='bbox 3286 2919 3686 2992; x_wconf 77' lang='grc' dir='ltr'>δυσθεωρήτοις</span> 
     </span>
    </p>
   </div>
   <div class='ocr_carea' id='block_1_60' title="bbox 2098 3000 3683 3086">
    <p class='ocr_par' dir='ltr' id='par_1_60' title="bbox 2098 3000 3683 3086">
     <span class='ocr_line' id='line_1_60' title="bbox 2098 3000 3683 3086; baseline 0.003 -26"><span class='ocrx_word' id='word_1_419' title='bbox 2098 3000 2182 3072; x_wconf 68' lang='grc' dir='ltr'>οἷς</span> <span class='ocrx_word' id='word_1_420' title='bbox 2206 3009 2483 3081; x_wconf 83' lang='grc' dir='ltr'>εὑρίσκειν</span> <span class='ocrx_word' id='word_1_421' title='bbox 2516 3011 2817 3084; x_wconf 82' lang='grc' dir='ltr'>νομίζουσι,</span> <span class='ocrx_word' id='word_1_422' title='bbox 2866 3013 3256 3086; x_wconf 86' lang='grc' dir='ltr'>κραταιοῦντες</span> <span class='ocrx_word' id='word_1_423' title='bbox 3284 3015 3494 3078; x_wconf 80' lang='grc' dir='ltr'>ἑαυτοῖς</span> <span class='ocrx_word' id='word_1_424' title='bbox 3524 3014 3683 3082; x_wconf 82' lang='grc' dir='ltr'>λόγον</span> 
     </span>
    </p>
   </div>
   <div class='ocr_carea' id='block_1_61' title="bbox 2098 3101 3684 3179">
    <p class='ocr_par' dir='ltr' id='par_1_61' title="bbox 2098 3101 3684 3179">
     <span class='ocr_line' id='line_1_61' title="bbox 2098 3101 3684 3179; baseline 0.005 -27"><span class='ocrx_word' id='word_1_425' title='bbox 2098 3101 2353 3172; x_wconf 83' lang='grc' dir='ltr'>πονηρὸν,</span> <span class='ocrx_word' id='word_1_426' title='bbox 2389 3102 2755 3176; x_wconf 81' lang='grc' dir='ltr'>ὲξηρεύνησαν</span> <span class='ocrx_word' id='word_1_427' title='bbox 2778 3105 3030 3177; x_wconf 83' lang='grc' dir='ltr'>ἀνομίαν.</span> <span class='ocrx_word' id='word_1_428' title='bbox 3058 3105 3185 3160; x_wconf 82' lang='grc' dir='ltr'>Δέον</span> <span class='ocrx_word' id='word_1_429' title='bbox 3216 3106 3307 3159; x_wconf 83' lang='grc' dir='ltr'>τὸν</span> <span class='ocrx_word' id='word_1_430' title='bbox 3329 3107 3490 3178; x_wconf 81' lang='grc' dir='ltr'>νόμον</span> <span class='ocrx_word' id='word_1_431' title='bbox 3526 3110 3684 3179; x_wconf 71' lang='grc' dir='ltr'>ἐρευ-</span> 
     </span>
    </p>
   </div>
   <div class='ocr_carea' id='block_1_62' title="bbox 409 3179 1996 3282">
    <p class='ocr_par' dir='ltr' id='par_1_62' title="bbox 409 3179 1990 3266">
     <span class='ocr_line' id='line_1_62' title="bbox 409 3179 1990 3266; baseline 0.012 -34"><span class='ocrx_word' id='word_1_432' title='bbox 409 3185 494 3233; x_wconf 90' lang='lat' dir='ltr'><strong>tes</strong></span> <span class='ocrx_word' id='word_1_433' title='bbox 523 3179 626 3236; x_wconf 83' lang='lat' dir='ltr'><strong>sibi</strong></span> <span class='ocrx_word' id='word_1_434' title='bbox 658 3195 967 3238; x_wconf 88' lang='lat' dir='ltr'><strong>sermonem</strong></span> <span class='ocrx_word' id='word_1_435' title='bbox 995 3200 1255 3257; x_wconf 87' lang='lat' dir='ltr'><strong>nequam,</strong></span> <span class='ocrx_word' id='word_1_436' title='bbox 1281 3191 1514 3244; x_wconf 90' lang='lat' dir='ltr'><strong>scrutati</strong></span> <span class='ocrx_word' id='word_1_437' title='bbox 1561 3201 1691 3248; x_wconf 91' lang='lat' dir='ltr'><strong>sunt</strong></span> <span class='ocrx_word' id='word_1_438' title='bbox 1732 3194 1990 3266; x_wconf 89' lang='lat' dir='ltr'><strong>iniquita-</strong></span> 
     </span>
    </p>
   </div>
   <div class='ocr_carea' id='block_1_63' title="bbox 2113 3179 3686 3282">
    <p class='ocr_par' dir='ltr' id='par_1_63' title="bbox 2113 3194 3686 3270">
     <span class='ocr_line' id='line_1_63' title="bbox 2113 3194 3686 3270; baseline 0.005 -24"><span class='ocrx_word' id='word_1_439' title='bbox 2113 3195 2218 3265; x_wconf 69' lang='grc' dir='ltr'>ιᾷν,</span> <span class='ocrx_word' id='word_1_440' title='bbox 2249 3194 2336 3248; x_wconf 83' lang='grc' dir='ltr'>ἵνα</span> <span class='ocrx_word' id='word_1_441' title='bbox 2364 3197 2393 3249; x_wconf 85' lang='grc' dir='ltr'><strong>ὁ</strong></span> <span class='ocrx_word' id='word_1_442' title='bbox 2422 3197 2480 3250; x_wconf 79' lang='grc' dir='ltr'>ὲν</span> <span class='ocrx_word' id='word_1_443' title='bbox 2507 3197 2654 3269; x_wconf 86' lang='grc' dir='ltr'><strong>αὑτῷ</strong></span> <span class='ocrx_word' id='word_1_444' title='bbox 2681 3196 2877 3270; x_wconf 80' lang='grc' dir='ltr'>εὑρεθῇ</span> <span class='ocrx_word' id='word_1_445' title='bbox 2912 3198 3281 3269; x_wconf 75' lang='grc' dir='ltr'>πνευματικὸς</span> <span class='ocrx_word' id='word_1_446' title='bbox 3311 3199 3436 3264; x_wconf 82' lang='grc' dir='ltr'>νοῦς</span> <span class='ocrx_word' id='word_1_447' title='bbox 3455 3218 3468 3230; x_wconf 75' lang='grc' dir='ltr'><strong><em>ο</em></strong></span> <span class='ocrx_word' id='word_1_448' title='bbox 3527 3203 3576 3252; x_wconf 85' lang='grc' dir='ltr'>οἱ</span> <span class='ocrx_word' id='word_1_449' title='bbox 3626 3200 3686 3254; x_wconf 76' lang='grc' dir='ltr'>δὲ</span> 
     </span>
    </p>
   </div>
   <div class='ocr_carea' id='block_1_64' title="bbox 413 3271 1994 3360">
    <p class='ocr_par' dir='ltr' id='par_1_64' title="bbox 413 3271 1994 3360">
     <span class='ocr_line' id='line_1_64' title="bbox 413 3271 1994 3360; baseline 0.014 -37"><span class='ocrx_word' id='word_1_450' title='bbox 413 3279 543 3326; x_wconf 90' lang='lat' dir='ltr'><strong>tem.</strong></span> <span class='ocrx_word' id='word_1_451' title='bbox 570 3271 901 3344; x_wconf 88' lang='lat' dir='ltr'><strong>Oportuerat</strong></span> <span class='ocrx_word' id='word_1_452' title='bbox 932 3281 1166 3334; x_wconf 89' lang='lat' dir='ltr'><strong>scrutari</strong></span> <span class='ocrx_word' id='word_1_453' title='bbox 1201 3281 1393 3353; x_wconf 87' lang='lat' dir='ltr'><strong>legem,</strong></span> <span class='ocrx_word' id='word_1_454' title='bbox 1420 3293 1477 3338; x_wconf 94' lang='lat' dir='ltr'><strong>ut</strong></span> <span class='ocrx_word' id='word_1_455' title='bbox 1513 3283 1567 3339; x_wconf 91' lang='lat' dir='ltr'><strong>in</strong></span> <span class='ocrx_word' id='word_1_456' title='bbox 1595 3285 1684 3340; x_wconf 92' lang='lat' dir='ltr'><strong>illa</strong></span> <span class='ocrx_word' id='word_1_457' title='bbox 1721 3289 1994 3360; x_wconf 90' lang='lat' dir='ltr'><strong>reperire-</strong></span> 
     </span>
    </p>
   </div>
   <div class='ocr_carea' id='block_1_65' title="bbox 413 3367 1996 3450">
    <p class='ocr_par' dir='ltr' id='par_1_65' title="bbox 413 3367 1996 3450">
     <span class='ocr_line' id='line_1_65' title="bbox 413 3367 1996 3450; baseline 0.014 -38"><span class='ocrx_word' id='word_1_458' title='bbox 413 3368 501 3415; x_wconf 91' lang='lat' dir='ltr'><strong>tur</strong></span> <span class='ocrx_word' id='word_1_459' title='bbox 529 3377 722 3420; x_wconf 85' lang='lat' dir='ltr'><strong>sensus</strong></span> <span class='ocrx_word' id='word_1_460' title='bbox 757 3367 1052 3438; x_wconf 87' lang='lat' dir='ltr'><strong>spiritalis;</strong></span> <span class='ocrx_word' id='word_1_461' title='bbox 1089 3369 1190 3441; x_wconf 89' lang='lat' dir='ltr'><strong>ipsi</strong></span> <span class='ocrx_word' id='word_1_462' title='bbox 1243 3387 1376 3427; x_wconf 73' lang='grc' dir='ltr'>νει-ο</span> <span class='ocrx_word' id='word_1_463' title='bbox 1417 3385 1575 3430; x_wconf 81' lang='lat' dir='ltr'><strong>extra</strong></span> <span class='ocrx_word' id='word_1_464' title='bbox 1633 3373 1808 3446; x_wconf 83' lang='lat' dir='ltr'><strong>legem</strong></span> <span class='ocrx_word' id='word_1_465' title='bbox 1854 3393 1996 3450; x_wconf 67' lang='lat' dir='ltr'><strong>quae.</strong></span> 
     </span>
    </p>
   </div>
   <div class='ocr_carea' id='block_1_66' title="bbox 413 3460 1458 3538">
    <p class='ocr_par' dir='ltr' id='par_1_66' title="bbox 413 3460 1458 3538">
     <span class='ocr_line' id='line_1_66' title="bbox 413 3460 1458 3538; baseline 0.012 -32"><span class='ocrx_word' id='word_1_466' title='bbox 413 3462 617 3523; x_wconf 86' lang='lat' dir='ltr'><strong>rentes,</strong></span> <span class='ocrx_word' id='word_1_467' title='bbox 652 3460 882 3515; x_wconf 90' lang='lat' dir='ltr'><strong>scrutati</strong></span> <span class='ocrx_word' id='word_1_468' title='bbox 919 3472 1049 3518; x_wconf 85' lang='lat' dir='ltr'><strong>sunt</strong></span> <span class='ocrx_word' id='word_1_469' title='bbox 1086 3463 1458 3538; x_wconf 70' lang='lat' dir='ltr'><strong>iniquitatem.</strong></span> 
     </span>
    </p>
   </div>
   <div class='ocr_carea' id='block_1_67' title="bbox 479 3546 1990 3636">
    <p class='ocr_par' dir='ltr' id='par_1_67' title="bbox 479 3546 1990 3636">
     <span class='ocr_line' id='line_1_67' title="bbox 479 3546 1990 3636; baseline 0.017 -38"><span class='ocrx_word' id='word_1_470' title='bbox 479 3546 650 3606; x_wconf 74' lang='lat' dir='ltr'><strong>Vsus.</strong></span> <span class='ocrx_word' id='word_1_471' title='bbox 708 3549 763 3606; x_wconf 88' lang='lat'><strong>7.</strong></span> <span class='ocrx_word' id='word_1_472' title='bbox 828 3551 1071 3610; x_wconf 85' lang='lat' dir='ltr'><strong>Scrutati</strong></span> <span class='ocrx_word' id='word_1_473' title='bbox 1123 3566 1246 3612; x_wconf 87' lang='lat' dir='ltr'><strong>sunt</strong></span> <span class='ocrx_word' id='word_1_474' title='bbox 1301 3559 1630 3630; x_wconf 85' lang='lat' dir='ltr'><strong>iniquitates,</strong></span> <span class='ocrx_word' id='word_1_475' title='bbox 1686 3563 1990 3636; x_wconf 79' lang='lat' dir='ltr'><strong>defecerunt</strong></span> 
     </span>
    </p>
   </div>
   <div class='ocr_carea' id='block_1_68' title="bbox 407 3646 1992 3714">
    <p class='ocr_par' dir='ltr' id='par_1_68' title="bbox 407 3646 1992 3714">
     <span class='ocr_line' id='line_1_68' title="bbox 407 3646 1992 3714; baseline 0.015 -22"><span class='ocrx_word' id='word_1_476' title='bbox 407 3648 705 3697; x_wconf 79' lang='lat' dir='ltr'><strong>scrutantes</strong></span> <span class='ocrx_word' id='word_1_477' title='bbox 737 3646 1018 3714; x_wconf 85' lang='lat' dir='ltr'><strong>scrutinio,</strong></span> <span class='ocrx_word' id='word_1_478' title='bbox 1055 3659 1164 3705; x_wconf 90' lang='lat' dir='ltr'><strong>etc.</strong></span> <span class='ocrx_word' id='word_1_479' title='bbox 1201 3649 1314 3708; x_wconf 86' lang='lat' dir='ltr'><strong>Hoc</strong></span> <span class='ocrx_word' id='word_1_480' title='bbox 1345 3653 1512 3708; x_wconf 89' lang='lat' dir='ltr'><strong>etiam</strong></span> <span class='ocrx_word' id='word_1_481' title='bbox 1547 3656 1797 3713; x_wconf 79' lang='lat' dir='ltr'><strong>veritatis</strong></span> <span class='ocrx_word' id='word_1_482' title='bbox 1836 3659 1992 3714; x_wconf 86' lang='lat' dir='ltr'><strong>adul-</strong></span> 
     </span>
    </p>
   </div>
   <div class='ocr_carea' id='block_1_69' title="bbox 409 3735 1992 3815">
    <p class='ocr_par' dir='ltr' id='par_1_69' title="bbox 409 3735 1992 3815">
     <span class='ocr_line' id='line_1_69' title="bbox 409 3735 1992 3815; baseline 0.015 -30"><span class='ocrx_word' id='word_1_483' title='bbox 409 3738 682 3792; x_wconf 88' lang='lat' dir='ltr'><strong>teratores</strong></span> <span class='ocrx_word' id='word_1_484' title='bbox 715 3735 948 3797; x_wconf 84' lang='lat' dir='ltr'><strong>faciunt.</strong></span> <span class='ocrx_word' id='word_1_485' title='bbox 975 3741 1110 3796; x_wconf 92' lang='lat' dir='ltr'><strong>Cum</strong></span> <span class='ocrx_word' id='word_1_486' title='bbox 1137 3743 1308 3815; x_wconf 89' lang='lat' dir='ltr'><strong>legem</strong></span> <span class='ocrx_word' id='word_1_487' title='bbox 1341 3745 1602 3803; x_wconf 85' lang='lat' dir='ltr'><strong>deberent</strong></span> <span class='ocrx_word' id='word_1_488' title='bbox 1644 3750 1899 3815; x_wconf 89' lang='lat' dir='ltr'><strong>scrutari,</strong></span> <span class='ocrx_word' id='word_1_489' title='bbox 1933 3759 1992 3808; x_wconf 93' lang='lat' dir='ltr'><strong>ut</strong></span> 
     </span>
    </p>
   </div>
   <div class='ocr_carea' id='block_1_70' title="bbox 409 3823 1986 3918">
    <p class='ocr_par' dir='ltr' id='par_1_70' title="bbox 409 3823 1986 3918">
     <span class='ocr_line' id='line_1_70' title="bbox 409 3823 1986 3918; baseline 0.018 -44"><span class='ocrx_word' id='word_1_490' title='bbox 409 3823 462 3878; x_wconf 93' lang='lat' dir='ltr'><strong>in</strong></span> <span class='ocrx_word' id='word_1_491' title='bbox 520 3827 653 3898; x_wconf 89' lang='lat' dir='ltr'><strong>ipsis</strong></span> <span class='ocrx_word' id='word_1_492' title='bbox 708 3830 1017 3890; x_wconf 74' lang='lat' dir='ltr'><strong>inveniatur</strong></span> <span class='ocrx_word' id='word_1_493' title='bbox 1073 3837 1336 3906; x_wconf 85' lang='lat' dir='ltr'><strong>spiritalis</strong></span> <span class='ocrx_word' id='word_1_494' title='bbox 1387 3854 1565 3908; x_wconf 87' lang='lat' dir='ltr'><strong>mens,</strong></span> <span class='ocrx_word' id='word_1_495' title='bbox 1618 3852 1772 3900; x_wconf 84' lang='lat' dir='ltr'><strong>extra</strong></span> <span class='ocrx_word' id='word_1_496' title='bbox 1814 3845 1986 3918; x_wconf 83' lang='lat' dir='ltr'><strong>legem</strong></span> 
     </span>
    </p>
   </div>
   <div class='ocr_carea' id='block_1_71' title="bbox 406 3930 1990 3996">
    <p class='ocr_par' dir='ltr' id='par_1_71' title="bbox 406 3930 1990 3996">
     <span class='ocr_line' id='line_1_71' title="bbox 406 3930 1990 3996; baseline 0.016 -24"><span class='ocrx_word' id='word_1_497' title='bbox 406 3933 714 3988; x_wconf 66' lang='lat' dir='ltr'><strong>quaerentes</strong></span> <span class='ocrx_word' id='word_1_498' title='bbox 760 3930 990 3984; x_wconf 90' lang='lat' dir='ltr'><strong>scrutati</strong></span> <span class='ocrx_word' id='word_1_499' title='bbox 1030 3939 1181 3986; x_wconf 91' lang='lat' dir='ltr'><strong>sunt.</strong></span> <span class='ocrx_word' id='word_1_500' title='bbox 1231 3931 1343 3989; x_wconf 81' lang='lat' dir='ltr'><strong>Hoc</strong></span> <span class='ocrx_word' id='word_1_501' title='bbox 1386 3933 1510 3991; x_wconf 91' lang='lat' dir='ltr'><strong>loco</strong></span> <span class='ocrx_word' id='word_1_502' title='bbox 1546 3936 1767 3996; x_wconf 63' lang='lat' dir='ltr'><strong>malitia</strong></span> <span class='ocrx_word' id='word_1_503' title='bbox 1798 3955 1990 3996; x_wconf 84' lang='lat' dir='ltr'><strong>cumu-</strong></span> 
     </span>
    </p>
   </div>
   <div class='ocr_carea' id='block_1_72' title="bbox 407 4011 772 4070">
    <p class='ocr_par' dir='ltr' id='par_1_72' title="bbox 407 4011 772 4070">
     <span class='ocr_line' id='line_1_72' title="bbox 407 4011 772 4070; baseline 0.019 -6"><span class='ocrx_word' id='word_1_504' title='bbox 407 4011 516 4066; x_wconf 89' lang='lat' dir='ltr'><strong>lum</strong></span> <span class='ocrx_word' id='word_1_505' title='bbox 549 4013 772 4070; x_wconf 87' lang='lat' dir='ltr'><strong>indicat.</strong></span> 
     </span>
    </p>
   </div>
   <div class='ocr_carea' id='block_1_73' title="bbox 476 4105 1986 4194">
    <p class='ocr_par' dir='ltr' id='par_1_73' title="bbox 476 4105 1986 4194">
     <span class='ocr_line' id='line_1_73' title="bbox 476 4105 1986 4194; baseline 0.014 -33"><span class='ocrx_word' id='word_1_506' title='bbox 476 4105 638 4178; x_wconf 68' lang='grc'><strong>745</strong></span> <span class='ocrx_word' id='word_1_507' title='bbox 671 4106 838 4166; x_wconf 73' lang='lat' dir='ltr'><strong>Vens.</strong></span> <span class='ocrx_word' id='word_1_508' title='bbox 861 4111 914 4166; x_wconf 89' lang='lat'><strong>6.</strong></span> <span class='ocrx_word' id='word_1_509' title='bbox 955 4113 1178 4170; x_wconf 85' lang='lat' dir='ltr'><strong>Accedet</strong></span> <span class='ocrx_word' id='word_1_510' title='bbox 1219 4118 1373 4174; x_wconf 81' lang='lat' dir='ltr'><strong>homo</strong></span> <span class='ocrx_word' id='word_1_511' title='bbox 1423 4129 1474 4174; x_wconf 89' lang='lat' dir='ltr'><strong>et</strong></span> <span class='ocrx_word' id='word_1_512' title='bbox 1516 4138 1609 4176; x_wconf 89' lang='lat' dir='ltr'><strong>cor</strong></span> <span class='ocrx_word' id='word_1_513' title='bbox 1654 4122 1843 4194; x_wconf 83' lang='lat' dir='ltr'><strong>altum,</strong></span> <span class='ocrx_word' id='word_1_514' title='bbox 1873 4138 1986 4184; x_wconf 91' lang='lat' dir='ltr'><strong>etc.</strong></span> 
     </span>
    </p>
   </div>
   <div class='ocr_carea' id='block_1_74' title="bbox 404 4198 1984 4284">
    <p class='ocr_par' dir='ltr' id='par_1_74' title="bbox 404 4198 1984 4284">
     <span class='ocr_line' id='line_1_74' title="bbox 404 4198 1984 4284; baseline 0.016 -31"><span class='ocrx_word' id='word_1_515' title='bbox 404 4198 512 4254; x_wconf 90' lang='lat' dir='ltr'><strong>Cor</strong></span> <span class='ocrx_word' id='word_1_516' title='bbox 539 4201 713 4258; x_wconf 90' lang='lat' dir='ltr'><strong>altum</strong></span> <span class='ocrx_word' id='word_1_517' title='bbox 748 4203 878 4261; x_wconf 90' lang='lat' dir='ltr'><strong>illud</strong></span> <span class='ocrx_word' id='word_1_518' title='bbox 911 4216 991 4263; x_wconf 90' lang='lat' dir='ltr'><strong>est</strong></span> <span class='ocrx_word' id='word_1_519' title='bbox 1025 4212 1168 4279; x_wconf 90' lang='lat' dir='ltr'><strong>quod</strong></span> <span class='ocrx_word' id='word_1_520' title='bbox 1211 4214 1617 4284; x_wconf 87' lang='lat' dir='ltr'><strong>contemplatur</strong></span> <span class='ocrx_word' id='word_1_521' title='bbox 1637 4218 1984 4279; x_wconf 88' lang='lat' dir='ltr'><strong>altitudinem</strong></span> 
     </span>
    </p>
   </div>
   <div class='ocr_carea' id='block_1_75' title="bbox 404 4291 1234 4360">
    <p class='ocr_par' dir='ltr' id='par_1_75' title="bbox 404 4291 1234 4360">
     <span class='ocr_line' id='line_1_75' title="bbox 404 4291 1234 4360; baseline 0.019 -15"><span class='ocrx_word' id='word_1_522' title='bbox 404 4291 722 4351; x_wconf 90' lang='lat' dir='ltr'><strong>divitiarum</strong></span> <span class='ocrx_word' id='word_1_523' title='bbox 755 4307 810 4355; x_wconf 89' lang='lat' dir='ltr'><strong>et</strong></span> <span class='ocrx_word' id='word_1_524' title='bbox 841 4299 1086 4358; x_wconf 63' lang='lat' dir='ltr'><strong>scientia:</strong></span> <span class='ocrx_word' id='word_1_525' title='bbox 1116 4303 1234 4360; x_wconf 88' lang='lat' dir='ltr'><strong>Dei.</strong></span> 
     </span>
    </p>
   </div>
   <div class='ocr_carea' id='block_1_76' title="bbox 466 4386 1984 4470">
    <p class='ocr_par' dir='ltr' id='par_1_76' title="bbox 466 4386 1984 4470">
     <span class='ocr_line' id='line_1_76' title="bbox 466 4386 1984 4470; baseline 0.016 -30"><span class='ocrx_word' id='word_1_526' title='bbox 466 4386 598 4442; x_wconf 76' lang='lat' dir='ltr'><strong>lem.</strong></span> <span class='ocrx_word' id='word_1_527' title='bbox 636 4388 864 4461; x_wconf 74' lang='lat' dir='ltr'><strong>Sagitta:</strong></span> <span class='ocrx_word' id='word_1_528' title='bbox 893 4395 1240 4464; x_wconf 78' lang='lat' dir='ltr'><strong>parvulorum</strong></span> <span class='ocrx_word' id='word_1_529' title='bbox 1268 4402 1424 4469; x_wconf 66' lang='lat' dir='ltr'><strong>facta</strong></span> <span class='ocrx_word' id='word_1_530' title='bbox 1449 4413 1591 4470; x_wconf 88' lang='lat' dir='ltr'><strong>sunt,</strong></span> <span class='ocrx_word' id='word_1_531' title='bbox 1628 4413 1735 4460; x_wconf 85' lang='lat' dir='ltr'><strong>etc.</strong></span> <span class='ocrx_word' id='word_1_532' title='bbox 1775 4406 1841 4462; x_wconf 85' lang='lat' dir='ltr'><strong>Et</strong></span> <span class='ocrx_word' id='word_1_533' title='bbox 1869 4422 1984 4464; x_wconf 80' lang='lat' dir='ltr'><strong>om-</strong></span> 
     </span>
    </p>
   </div>
   <div class='ocr_carea' id='block_1_77' title="bbox 398 4485 1982 4567">
    <p class='ocr_par' dir='ltr' id='par_1_77' title="bbox 398 4485 1982 4567">
     <span class='ocr_line' id='line_1_77' title="bbox 398 4485 1982 4567; baseline 0.015 -35"><span class='ocrx_word' id='word_1_534' title='bbox 398 4493 498 4534; x_wconf 88' lang='lat' dir='ltr'><strong>nes</strong></span> <span class='ocrx_word' id='word_1_535' title='bbox 521 4485 946 4555; x_wconf 83' lang='lat' dir='ltr'><strong>annuntiabant,</strong></span> <span class='ocrx_word' id='word_1_536' title='bbox 986 4491 1243 4562; x_wconf 90' lang='lat' dir='ltr'><strong>quoniam</strong></span> <span class='ocrx_word' id='word_1_537' title='bbox 1276 4495 1378 4550; x_wconf 90' lang='lat' dir='ltr'><strong>hoc</strong></span> <span class='ocrx_word' id='word_1_538' title='bbox 1409 4511 1545 4566; x_wconf 90' lang='lat' dir='ltr'><strong>opus</strong></span> <span class='ocrx_word' id='word_1_539' title='bbox 1597 4507 1746 4554; x_wconf 90' lang='lat' dir='ltr'><strong>tuum</strong></span> <span class='ocrx_word' id='word_1_540' title='bbox 1777 4513 1880 4567; x_wconf 91' lang='lat' dir='ltr'><strong>est,</strong></span> <span class='ocrx_word' id='word_1_541' title='bbox 1928 4512 1982 4559; x_wconf 89' lang='lat' dir='ltr'><strong>et</strong></span> 
     </span>
    </p>
   </div>
   <div class='ocr_carea' id='block_1_78' title="bbox 394 4568 2066 4651">
    <p class='ocr_par' dir='ltr' id='par_1_78' title="bbox 394 4568 2066 4651">
     <span class='ocr_line' id='line_1_78' title="bbox 394 4568 2066 4651; baseline 0.017 -29"><span class='ocrx_word' id='word_1_542' title='bbox 394 4568 495 4623; x_wconf 85' lang='lat' dir='ltr'><strong>tibi</strong></span> <span class='ocrx_word' id='word_1_543' title='bbox 531 4585 594 4626; x_wconf 88' lang='lat' dir='ltr'><strong>ea</strong></span> <span class='ocrx_word' id='word_1_544' title='bbox 637 4571 760 4643; x_wconf 70' lang='lat' dir='ltr'><strong>quae</strong></span> <span class='ocrx_word' id='word_1_545' title='bbox 804 4576 1008 4635; x_wconf 87' lang='lat' dir='ltr'><strong>liehant</strong></span> <span class='ocrx_word' id='word_1_546' title='bbox 1055 4581 1424 4650; x_wconf 88' lang='lat' dir='ltr'><strong>ascribebant,</strong></span> <span class='ocrx_word' id='word_1_547' title='bbox 1486 4588 1724 4645; x_wconf 82' lang='lat' dir='ltr'><strong>scientes</strong></span> <span class='ocrx_word' id='word_1_548' title='bbox 1783 4593 1984 4651; x_wconf 86' lang='lat' dir='ltr'><strong>nullius</strong></span> <span class='ocrx_word' id='word_1_549' title='bbox 2021 4587 2066 4642; x_wconf 81' lang='grc' dir='ltr'>Ι)</span> 
     </span>
    </p>
   </div>
   <div class='ocr_carea' id='block_1_79' title="bbox 393 4662 1976 4744">
    <p class='ocr_par' dir='ltr' id='par_1_79' title="bbox 393 4662 1976 4744">
     <span class='ocr_line' id='line_1_79' title="bbox 393 4662 1976 4744; baseline 0.017 -31"><span class='ocrx_word' id='word_1_550' title='bbox 393 4674 514 4716; x_wconf 85' lang='lat' dir='ltr'><strong>esse</strong></span> <span class='ocrx_word' id='word_1_551' title='bbox 559 4662 788 4722; x_wconf 88' lang='lat' dir='ltr'><strong>alterius</strong></span> <span class='ocrx_word' id='word_1_552' title='bbox 817 4669 934 4726; x_wconf 85' lang='lat' dir='ltr'><strong>:sic</strong></span> <span class='ocrx_word' id='word_1_553' title='bbox 981 4671 1115 4744; x_wconf 89' lang='lat' dir='ltr'><strong>ipsis</strong></span> <span class='ocrx_word' id='word_1_554' title='bbox 1155 4689 1319 4731; x_wconf 91' lang='lat' dir='ltr'><strong>omne</strong></span> <span class='ocrx_word' id='word_1_555' title='bbox 1365 4678 1604 4735; x_wconf 88' lang='lat' dir='ltr'><strong>studium</strong></span> <span class='ocrx_word' id='word_1_556' title='bbox 1647 4680 1702 4735; x_wconf 89' lang='lat' dir='ltr'><strong>in</strong></span> <span class='ocrx_word' id='word_1_557' title='bbox 1753 4683 1976 4740; x_wconf 90' lang='lat' dir='ltr'><strong>nihilum</strong></span> 
     </span>
    </p>
   </div>
   <div class='ocr_carea' id='block_1_80' title="bbox 394 4756 1971 4842">
    <p class='ocr_par' dir='ltr' id='par_1_80' title="bbox 394 4756 1971 4842">
     <span class='ocr_line' id='line_1_80' title="bbox 394 4756 1971 4842; baseline 0.018 -35"><span class='ocrx_word' id='word_1_558' title='bbox 394 4756 642 4812; x_wconf 80' lang='lat' dir='ltr'><strong>converti</strong></span> <span class='ocrx_word' id='word_1_559' title='bbox 696 4759 911 4818; x_wconf 75' lang='lat' dir='ltr'><strong>volebat</strong></span> <span class='ocrx_word' id='word_1_560' title='bbox 957 4765 1149 4822; x_wconf 86' lang='lat' dir='ltr'><strong>oculus</strong></span> <span class='ocrx_word' id='word_1_561' title='bbox 1178 4769 1421 4827; x_wconf 92' lang='lat' dir='ltr'><strong>divinus.</strong></span> <span class='ocrx_word' id='word_1_562' title='bbox 1458 4772 1770 4842; x_wconf 87' lang='lat' dir='ltr'><strong>Quinetiam</strong></span> <span class='ocrx_word' id='word_1_563' title='bbox 1805 4794 1971 4834; x_wconf 70' lang='lat' dir='ltr'><strong>econ-</strong></span> 
     </span>
    </p>
   </div>
   <div class='ocr_carea' id='block_1_81' title="bbox 395 4849 1477 4926">
    <p class='ocr_par' dir='ltr' id='par_1_81' title="bbox 395 4849 1477 4926">
     <span class='ocr_line' id='line_1_81' title="bbox 395 4849 1477 4926; baseline 0.018 -25"><span class='ocrx_word' id='word_1_564' title='bbox 395 4849 567 4904; x_wconf 86' lang='lat' dir='ltr'><strong>trario</strong></span> <span class='ocrx_word' id='word_1_565' title='bbox 601 4850 736 4924; x_wconf 88' lang='lat' dir='ltr'><strong>ipsis</strong></span> <span class='ocrx_word' id='word_1_566' title='bbox 764 4854 1090 4926; x_wconf 87' lang='lat' dir='ltr'><strong>supplicium</strong></span> <span class='ocrx_word' id='word_1_567' title='bbox 1124 4859 1477 4919; x_wconf 87' lang='lat' dir='ltr'><strong>decernebat.</strong></span> 
     </span>
    </p>
   </div>
   <div class='ocr_carea' id='block_1_82' title="bbox 465 4940 1972 5037">
    <p class='ocr_par' dir='ltr' id='par_1_82' title="bbox 465 4940 1972 5037">
     <span class='ocr_line' id='line_1_82' title="bbox 465 4940 1972 5037; baseline 0.019 -42"><span class='ocrx_word' id='word_1_568' title='bbox 465 4940 627 4999; x_wconf 72' lang='lat' dir='ltr'><strong>Vens.</strong></span> <span class='ocrx_word' id='word_1_569' title='bbox 665 4945 757 5002; x_wconf 85' lang='grc'><strong>11.</strong></span> <span class='ocrx_word' id='word_1_570' title='bbox 785 4947 1082 5007; x_wconf 63' lang='lat' dir='ltr'><strong>Laetabitur</strong></span> <span class='ocrx_word' id='word_1_571' title='bbox 1094 4953 1274 5026; x_wconf 80' lang='lat' dir='ltr'><strong>justus</strong></span> <span class='ocrx_word' id='word_1_572' title='bbox 1302 4959 1356 5012; x_wconf 86' lang='lat' dir='ltr'><strong>in</strong></span> <span class='ocrx_word' id='word_1_573' title='bbox 1390 4957 1640 5031; x_wconf 87' lang='lat' dir='ltr'><strong>Domino,</strong></span> <span class='ocrx_word' id='word_1_574' title='bbox 1665 4976 1713 5020; x_wconf 89' lang='lat' dir='ltr'><strong>et</strong></span> <span class='ocrx_word' id='word_1_575' title='bbox 1742 4971 1972 5037; x_wconf 78' lang='lat' dir='ltr'><strong>sperabit</strong></span> 
     </span>
    </p>
   </div>
   <div class='ocr_carea' id='block_1_83' title="bbox 389 5033 1970 5120">
    <p class='ocr_par' dir='ltr' id='par_1_83' title="bbox 389 5033 1970 5120">
     <span class='ocr_line' id='line_1_83' title="bbox 389 5033 1970 5120; baseline 0.019 -33"><span class='ocrx_word' id='word_1_576' title='bbox 389 5033 445 5087; x_wconf 85' lang='lat' dir='ltr'><strong>in</strong></span> <span class='ocrx_word' id='word_1_577' title='bbox 477 5050 561 5101; x_wconf 86' lang='lat' dir='ltr'><strong>eo,</strong></span> <span class='ocrx_word' id='word_1_578' title='bbox 593 5047 640 5092; x_wconf 90' lang='lat' dir='ltr'><strong>et</strong></span> <span class='ocrx_word' id='word_1_579' title='bbox 665 5037 1032 5100; x_wconf 81' lang='lat' dir='ltr'><strong>laudabuntur</strong></span> <span class='ocrx_word' id='word_1_580' title='bbox 1058 5064 1239 5104; x_wconf 85' lang='lat' dir='ltr'><strong>omnes</strong></span> <span class='ocrx_word' id='word_1_581' title='bbox 1278 5051 1410 5105; x_wconf 82' lang='lat' dir='ltr'><strong>recti</strong></span> <span class='ocrx_word' id='word_1_582' title='bbox 1439 5057 1618 5120; x_wconf 86' lang='lat' dir='ltr'><strong>corde,</strong></span> <span class='ocrx_word' id='word_1_583' title='bbox 1649 5033 1970 5116; x_wconf 21' lang='lat' dir='ltr'><strong>etc.VL:cta-</strong></span> 
     </span>
    </p>
   </div>
   <div class='ocr_carea' id='block_1_84' title="bbox 390 5128 1969 5222">
    <p class='ocr_par' dir='ltr' id='par_1_84' title="bbox 390 5128 1969 5222">
     <span class='ocr_line' id='line_1_84' title="bbox 390 5128 1969 5222; baseline 0.021 -44"><span class='ocrx_word' id='word_1_584' title='bbox 390 5135 478 5180; x_wconf 94' lang='lat' dir='ltr'><strong>tur</strong></span> <span class='ocrx_word' id='word_1_585' title='bbox 514 5128 751 5199; x_wconf 87' lang='lat' dir='ltr'><strong>injustus</strong></span> <span class='ocrx_word' id='word_1_586' title='bbox 789 5135 844 5193; x_wconf 92' lang='lat' dir='ltr'><strong>in</strong></span> <span class='ocrx_word' id='word_1_587' title='bbox 898 5139 1108 5197; x_wconf 89' lang='lat' dir='ltr'><strong>divitiis</strong></span> <span class='ocrx_word' id='word_1_588' title='bbox 1153 5147 1846 5222; x_wconf 74' lang='lat' dir='ltr'><strong>corruptibilibus;justns</strong></span> <span class='ocrx_word' id='word_1_589' title='bbox 1874 5173 1969 5210; x_wconf 90' lang='lat' dir='ltr'><strong>au-</strong></span> 
     </span>
    </p>
   </div>
   <div class='ocr_carea' id='block_1_85' title="bbox 388 5221 1003 5292">
    <p class='ocr_par' dir='ltr' id='par_1_85' title="bbox 388 5221 1003 5292">
     <span class='ocr_line' id='line_1_85' title="bbox 388 5221 1003 5292; baseline 0.028 -22"><span class='ocrx_word' id='word_1_590' title='bbox 388 5225 493 5272; x_wconf 83' lang='lat' dir='ltr'><strong>tent</strong></span> <span class='ocrx_word' id='word_1_591' title='bbox 529 5221 581 5275; x_wconf 87' lang='lat' dir='ltr'><strong>in</strong></span> <span class='ocrx_word' id='word_1_592' title='bbox 617 5225 853 5284; x_wconf 89' lang='lat' dir='ltr'><strong>scientia</strong></span> <span class='ocrx_word' id='word_1_593' title='bbox 884 5229 1003 5292; x_wconf 83' lang='lat' dir='ltr'><strong>Dei.</strong></span> 
     </span>
    </p>
   </div>
   <div class='ocr_carea' id='block_1_86' title="bbox 457 5311 1966 5409">
    <p class='ocr_par' dir='ltr' id='par_1_86' title="bbox 457 5311 1966 5409">
     <span class='ocr_line' id='line_1_86' title="bbox 457 5311 1966 5409; baseline 0.022 -44"><span class='ocrx_word' id='word_1_594' title='bbox 457 5311 739 5378; x_wconf 80' lang='lat' dir='ltr'><strong>Eiusdem.</strong></span> <span class='ocrx_word' id='word_1_595' title='bbox 783 5322 892 5378; x_wconf 90' lang='lat' dir='ltr'><strong>Cor</strong></span> <span class='ocrx_word' id='word_1_596' title='bbox 925 5336 1135 5381; x_wconf 89' lang='lat' dir='ltr'><strong>rectum</strong></span> <span class='ocrx_word' id='word_1_597' title='bbox 1179 5327 1367 5387; x_wconf 88' lang='lat' dir='ltr'><strong>laudat</strong></span> <span class='ocrx_word' id='word_1_598' title='bbox 1417 5331 1704 5403; x_wconf 88' lang='lat' dir='ltr'><strong>Dominus,</strong></span> <span class='ocrx_word' id='word_1_599' title='bbox 1740 5355 1966 5409; x_wconf 83' lang='lat' dir='ltr'><strong>perver-</strong></span> 
     </span>
    </p>
   </div>
   <div class='ocr_carea' id='block_1_87' title="bbox 385 5414 1354 5490">
    <p class='ocr_par' dir='ltr' id='par_1_87' title="bbox 385 5414 1354 5490">
     <span class='ocr_line' id='line_1_87' title="bbox 385 5414 1354 5490; baseline 0.021 -32"><span class='ocrx_word' id='word_1_600' title='bbox 385 5420 495 5460; x_wconf 72' lang='lat' dir='ltr'><strong>sam</strong></span> <span class='ocrx_word' id='word_1_601' title='bbox 530 5423 661 5466; x_wconf 91' lang='lat' dir='ltr'><strong>vero</strong></span> <span class='ocrx_word' id='word_1_602' title='bbox 693 5414 931 5471; x_wconf 88' lang='lat' dir='ltr'><strong>animam</strong></span> <span class='ocrx_word' id='word_1_603' title='bbox 963 5419 1189 5490; x_wconf 85' lang='lat' dir='ltr'><strong>repellet</strong></span> <span class='ocrx_word' id='word_1_604' title='bbox 1214 5438 1243 5476; x_wconf 91' lang='lat' dir='ltr'><strong>a</strong></span> <span class='ocrx_word' id='word_1_605' title='bbox 1275 5437 1354 5478; x_wconf 91' lang='lat' dir='ltr'><strong>se.</strong></span> 
     </span>
    </p>
   </div>
   <div class='ocr_carea' id='block_1_88' title="bbox 445 5502 908 5578">
    <p class='ocr_par' dir='ltr' id='par_1_88' title="bbox 445 5502 908 5578">
     <span class='ocr_line' id='line_1_88' title="bbox 445 5502 908 5578; baseline 0.017 -19"><span class='ocrx_word' id='word_1_606' title='bbox 445 5502 493 5537; x_wconf 81' lang='grc'><strong>⁸⁸</strong></span> <span class='ocrx_word' id='word_1_607' title='bbox 518 5505 685 5563; x_wconf 82' lang='lat' dir='ltr'><strong>Marc.</strong></span> <span class='ocrx_word' id='word_1_608' title='bbox 724 5526 796 5578; x_wconf 75' lang='lat' dir='ltr'><strong>vn,</strong></span> <span class='ocrx_word' id='word_1_609' title='bbox 820 5513 908 5569; x_wconf 80' lang='lat'><strong>50.</strong></span> 
     </span>
    </p>
   </div>
   <div class='ocr_carea' id='block_1_89' title="bbox 449 5599 1731 5678">
    <p class='ocr_par' dir='ltr' id='par_1_89' title="bbox 449 5599 1731 5678">
     <span class='ocr_line' id='line_1_89' title="bbox 449 5599 1731 5678; baseline 0.01 -14"><span class='ocrx_word' id='word_1_610' title='bbox 601 5603 856 5678; x_wconf 60' lang='grc' dir='ltr'>Ἐχθρὸς</span> <span class='ocrx_word' id='word_1_611' title='bbox 886 5610 1092 5678; x_wconf 68' lang='grc' dir='ltr'>φόϐος,</span> <span class='ocrx_word' id='word_1_612' title='bbox 1119 5624 1226 5670; x_wconf 84' lang='lat' dir='ltr'><strong>etc.</strong></span> <span class='ocrx_word' id='word_1_613' title='bbox 1261 5614 1490 5672; x_wconf 74' lang='lat' dir='ltr'><strong>Schedm</strong></span> <span class='ocrx_word' id='word_1_614' title='bbox 1519 5617 1731 5677; x_wconf 87' lang='lat' dir='ltr'><strong>Crabii.</strong></span> 
     </span>
    </p>
   </div>
   <div class='ocr_carea' id='block_1_90' title="bbox 450 5671 1587 5745">
    <p class='ocr_par' dir='ltr' id='par_1_90' title="bbox 450 5671 1587 5745">
     <span class='ocr_line' id='line_1_90' title="bbox 450 5671 1587 5745; baseline 0.018 -20"><span class='ocrx_word' id='word_1_615' title='bbox 450 5671 563 5745; x_wconf 58' lang='grc' dir='ltr'>(ξᾷ)</span> <span class='ocrx_word' id='word_1_616' title='bbox 587 5674 651 5726; x_wconf 78' lang='grc' dir='ltr'><strong>οι</strong></span> <span class='ocrx_word' id='word_1_617' title='bbox 677 5671 903 5745; x_wconf 63' lang='lat' dir='ltr'><strong>mm;</strong></span> <span class='ocrx_word' id='word_1_618' title='bbox 928 5671 1287 5741; x_wconf 39' lang='lat' dir='ltr'><strong>etc-Catena</strong></span> <span class='ocrx_word' id='word_1_619' title='bbox 1320 5671 1587 5745; x_wconf 83' lang='lat' dir='ltr'><strong>Corderii.</strong></span> 
     </span>
    </p>
   </div>
   <div class='ocr_carea' id='block_1_91' title="bbox 449 5741 1293 5826">
    <p class='ocr_par' dir='ltr' id='par_1_91' title="bbox 449 5741 1293 5826">
     <span class='ocr_line' id='line_1_91' title="bbox 449 5741 1293 5826; baseline 0.023 -33"><span class='ocrx_word' id='word_1_620' title='bbox 594 5744 738 5826; x_wconf 56' lang='lat' dir='ltr'><strong>c1ch</strong></span> <span class='ocrx_word' id='word_1_621' title='bbox 765 5741 904 5826; x_wconf 67' lang='grc' dir='ltr'>μέν,</span> <span class='ocrx_word' id='word_1_622' title='bbox 930 5762 1038 5807; x_wconf 89' lang='lat' dir='ltr'><strong>etc.</strong></span> <span class='ocrx_word' id='word_1_623' title='bbox 1073 5755 1293 5826; x_wconf 73' lang='lat' dir='ltr'><strong>Eadem.</strong></span> 
     </span>
    </p>
   </div>
   <div class='ocr_carea' id='block_1_92' title="bbox 449 5814 1569 5887">
    <p class='ocr_par' dir='ltr' id='par_1_92' title="bbox 449 5814 1569 5887">
     <span class='ocr_line' id='line_1_92' title="bbox 449 5814 1569 5887; baseline 0.02 -23"><span class='ocrx_word' id='word_1_624' title='bbox 449 5814 563 5887; x_wconf 56' lang='grc' dir='ltr'>(ξᾷ)</span> <span class='ocrx_word' id='word_1_625' title='bbox 602 5814 778 5871; x_wconf 84' lang='grc' dir='ltr'>Τοῦτο</span> <span class='ocrx_word' id='word_1_626' title='bbox 804 5814 924 5887; x_wconf 81' lang='grc' dir='ltr'>καί,</span> <span class='ocrx_word' id='word_1_627' title='bbox 955 5834 1060 5881; x_wconf 90' lang='lat' dir='ltr'><strong>etc.</strong></span> <span class='ocrx_word' id='word_1_628' title='bbox 1108 5825 1336 5884; x_wconf 75' lang='lat' dir='ltr'><strong>Schedm</strong></span> <span class='ocrx_word' id='word_1_629' title='bbox 1360 5830 1569 5886; x_wconf 84' lang='lat' dir='ltr'><strong>Grabii.</strong></span> 
     </span>
    </p>
   </div>
   <div class='ocr_carea' id='block_1_93' title="bbox 449 5882 1846 5966">
    <p class='ocr_par' dir='ltr' id='par_1_93' title="bbox 449 5882 1846 5966">
     <span class='ocr_line' id='line_1_93' title="bbox 449 5882 1846 5966; baseline 0.021 -32"><span class='ocrx_word' id='word_1_630' title='bbox 449 5882 562 5942; x_wconf 74' lang='grc'>(26)</span> <span class='ocrx_word' id='word_1_631' title='bbox 596 5887 820 5951; x_wconf 78' lang='grc' dir='ltr'>Καρδία</span> <span class='ocrx_word' id='word_1_632' title='bbox 839 5882 1076 5956; x_wconf 75' lang='grc' dir='ltr'>βαθεῖα,</span> <span class='ocrx_word' id='word_1_633' title='bbox 1113 5909 1217 5958; x_wconf 65' lang='lat' dir='ltr'><strong>etc.</strong></span> <span class='ocrx_word' id='word_1_634' title='bbox 1251 5882 1846 5966; x_wconf 35' lang='lat' dir='ltr'><strong>Codex-Coisliniatms.</strong></span> 
     </span>
    </p>
   </div>
   <div class='ocr_carea' id='block_1_94' title="bbox 2096 3277 3393 3360">
    <p class='ocr_par' dir='ltr' id='par_1_94' title="bbox 2096 3277 3393 3360">
     <span class='ocr_line' id='line_1_94' title="bbox 2096 3277 3393 3360; baseline 0.008 -27"><span class='ocrx_word' id='word_1_635' title='bbox 2096 3277 2202 3346; x_wconf 77' lang='grc' dir='ltr'><strong>ἔξω</strong></span> <span class='ocrx_word' id='word_1_636' title='bbox 2230 3281 2395 3354; x_wconf 87' lang='grc' dir='ltr'>νόμου</span> <span class='ocrx_word' id='word_1_637' title='bbox 2425 3283 2717 3356; x_wconf 79' lang='grc' dir='ltr'>ζητοῦντες</span> <span class='ocrx_word' id='word_1_638' title='bbox 2748 3285 3118 3359; x_wconf 82' lang='grc' dir='ltr'>ὲξηρεύνησαν</span> <span class='ocrx_word' id='word_1_639' title='bbox 3141 3287 3393 3360; x_wconf 82' lang='grc' dir='ltr'>ἀνομίαν.</span> 
     </span>
    </p>
   </div>
   <div class='ocr_carea' id='block_1_95' title="bbox 2179 3582 3688 3663">
    <p class='ocr_par' dir='ltr' id='par_1_95' title="bbox 2179 3582 3688 3663">
     <span class='ocr_line' id='line_1_95' title="bbox 2179 3582 3688 3663; baseline 0.009 -26"><span class='ocrx_word' id='word_1_640' title='bbox 2179 3582 2629 3656; x_wconf 78' lang='grc' dir='ltr'>Ἔξηρεύνησαν</span> <span class='ocrx_word' id='word_1_641' title='bbox 2647 3588 2923 3659; x_wconf 80' lang='grc' dir='ltr'>ἀνομίαν,</span> <span class='ocrx_word' id='word_1_642' title='bbox 2946 3588 3231 3655; x_wconf 75' lang='grc' dir='ltr'>ἐξέλιπον</span> <span class='ocrx_word' id='word_1_643' title='bbox 3254 3591 3688 3663; x_wconf 74' lang='grc' dir='ltr'>ἐξερευνῶντες</span> 
     </span>
    </p>
   </div>
   <div class='ocr_carea' id='block_1_96' title="bbox 2091 3677 3686 3760">
    <p class='ocr_par' dir='ltr' id='par_1_96' title="bbox 2091 3677 3686 3760">
     <span class='ocr_line' id='line_1_96' title="bbox 2091 3677 3686 3760; baseline 0.006 -27"><span class='ocrx_word' id='word_1_644' title='bbox 2091 3677 2501 3749; x_wconf 71' lang='grc' dir='ltr'>ἐξερευνήσει,</span> <span class='ocrx_word' id='word_1_645' title='bbox 2529 3700 2580 3736; x_wconf 91' lang='grc' dir='ltr'><strong>κ.</strong></span> <span class='ocrx_word' id='word_1_646' title='bbox 2601 3700 2651 3736; x_wconf 88' lang='grc' dir='ltr'><strong>τ.</strong></span> <span class='ocrx_word' id='word_1_647' title='bbox 2682 3685 2730 3737; x_wconf 81' lang='grc' dir='ltr'>ὲ.</span> <span class='ocrx_word' id='word_1_648' title='bbox 2762 3682 2935 3738; x_wconf 87' lang='grc' dir='ltr'>Τοῦτο</span> <span class='ocrx_word' id='word_1_649' title='bbox 2957 3685 3052 3739; x_wconf 73' lang='grc' dir='ltr'><strong>καὶ</strong></span> <span class='ocrx_word' id='word_1_650' title='bbox 3077 3684 3186 3758; x_wconf 69' lang='lat'><strong>(25)</strong></span> <span class='ocrx_word' id='word_1_651' title='bbox 3211 3687 3260 3740; x_wconf 83' lang='grc' dir='ltr'>οἱ</span> <span class='ocrx_word' id='word_1_652' title='bbox 3289 3687 3388 3759; x_wconf 84' lang='grc' dir='ltr'>τῆς</span> <span class='ocrx_word' id='word_1_653' title='bbox 3417 3687 3686 3760; x_wconf 77' lang='grc' dir='ltr'>ἀληθείας</span> 
     </span>
    </p>
   </div>
   <div class='ocr_carea' id='block_1_97' title="bbox 2094 3775 3683 3853">
    <p class='ocr_par' dir='ltr' id='par_1_97' title="bbox 2094 3775 3683 3853">
     <span class='ocr_line' id='line_1_97' title="bbox 2094 3775 3683 3853; baseline 0.004 -25"><span class='ocrx_word' id='word_1_654' title='bbox 2094 3775 2524 3847; x_wconf 86' lang='grc' dir='ltr'>παραχαράκται</span> <span class='ocrx_word' id='word_1_655' title='bbox 2559 3776 2791 3831; x_wconf 88' lang='grc' dir='ltr'>ποιοῦσι.</span> <span class='ocrx_word' id='word_1_656' title='bbox 2829 3777 2959 3832; x_wconf 83' lang='grc' dir='ltr'>Δέον</span> <span class='ocrx_word' id='word_1_657' title='bbox 3004 3778 3095 3832; x_wconf 79' lang='grc' dir='ltr'>τὸν</span> <span class='ocrx_word' id='word_1_658' title='bbox 3119 3778 3283 3851; x_wconf 87' lang='grc' dir='ltr'>νόμον</span> <span class='ocrx_word' id='word_1_659' title='bbox 3310 3780 3560 3853; x_wconf 82' lang='grc' dir='ltr'>ὲρευνᾷν,</span> <span class='ocrx_word' id='word_1_660' title='bbox 3591 3783 3683 3836; x_wconf 77' lang='grc' dir='ltr'>ἵνα</span> 
     </span>
    </p>
   </div>
   <div class='ocr_carea' id='block_1_98' title="bbox 2091 3867 3684 3947">
    <p class='ocr_par' dir='ltr' id='par_1_98' title="bbox 2091 3867 3684 3947">
     <span class='ocr_line' id='line_1_98' title="bbox 2091 3867 3684 3947; baseline 0.006 -27"><span class='ocrx_word' id='word_1_661' title='bbox 2091 3867 2151 3921; x_wconf 84' lang='grc' dir='ltr'>ὲν</span> <span class='ocrx_word' id='word_1_662' title='bbox 2172 3867 2356 3932; x_wconf 84' lang='grc' dir='ltr'>αὐτοῖς</span> <span class='ocrx_word' id='word_1_663' title='bbox 2379 3868 2576 3942; x_wconf 75' lang='grc' dir='ltr'>εὑρεθῇ</span> <span class='ocrx_word' id='word_1_664' title='bbox 2616 3871 2986 3943; x_wconf 74' lang='grc' dir='ltr'>πνευματικὸς</span> <span class='ocrx_word' id='word_1_665' title='bbox 3026 3871 3170 3938; x_wconf 92' lang='grc' dir='ltr'>νοῦς,</span> <span class='ocrx_word' id='word_1_666' title='bbox 3209 3874 3259 3926; x_wconf 76' lang='grc' dir='ltr'>οἱ</span> <span class='ocrx_word' id='word_1_667' title='bbox 3288 3873 3344 3926; x_wconf 87' lang='grc' dir='ltr'>δὲ</span> <span class='ocrx_word' id='word_1_668' title='bbox 3371 3873 3479 3941; x_wconf 73' lang='grc' dir='ltr'><strong>ἔξω</strong></span> <span class='ocrx_word' id='word_1_669' title='bbox 3509 3875 3684 3947; x_wconf 81' lang='grc' dir='ltr'>νόμου</span> 
     </span>
    </p>
   </div>
   <div class='ocr_carea' id='block_1_99' title="bbox 2091 3959 3684 4043">
    <p class='ocr_par' dir='ltr' id='par_1_99' title="bbox 2091 3959 3684 4043">
     <span class='ocr_line' id='line_1_99' title="bbox 2091 3959 3684 4043; baseline 0.009 -30"><span class='ocrx_word' id='word_1_670' title='bbox 2091 3959 2386 4034; x_wconf 79' lang='grc' dir='ltr'>ζητοῦντες</span> <span class='ocrx_word' id='word_1_671' title='bbox 2416 3963 2808 4037; x_wconf 79' lang='grc' dir='ltr'>ὲξηρεύνησαν.</span> <span class='ocrx_word' id='word_1_672' title='bbox 2862 3967 2974 4039; x_wconf 85' lang='grc' dir='ltr'><strong>Τὴν</strong></span> <span class='ocrx_word' id='word_1_673' title='bbox 3019 3967 3268 4022; x_wconf 75' lang='grc' dir='ltr'>ἐπίτασιν</span> <span class='ocrx_word' id='word_1_674' title='bbox 3313 3969 3548 4025; x_wconf 75' lang='grc' dir='ltr'>ἐνταῦθα</span> <span class='ocrx_word' id='word_1_675' title='bbox 3575 3973 3684 4043; x_wconf 70' lang='grc' dir='ltr'>τῆς</span> 
     </span>
    </p>
   </div>
   <div class='ocr_carea' id='block_1_100' title="bbox 2091 4053 2590 4127">
    <p class='ocr_par' dir='ltr' id='par_1_100' title="bbox 2091 4053 2590 4127">
     <span class='ocr_line' id='line_1_100' title="bbox 2091 4053 2590 4127; baseline 0.006 -20"><span class='ocrx_word' id='word_1_676' title='bbox 2091 4053 2290 4118; x_wconf 86' lang='grc' dir='ltr'>κακίας</span> <span class='ocrx_word' id='word_1_677' title='bbox 2315 4055 2590 4127; x_wconf 78' lang='grc' dir='ltr'>σημαίνει.</span> 
     </span>
    </p>
   </div>
   <div class='ocr_carea' id='block_1_101' title="bbox 2160 4150 3678 4224">
    <p class='ocr_par' dir='ltr' id='par_1_101' title="bbox 2160 4150 3678 4224">
     <span class='ocr_line' id='line_1_101' title="bbox 2160 4150 3678 4224; baseline 0.007 -22"><span class='ocrx_word' id='word_1_678' title='bbox 2160 4150 2643 4217; x_wconf 79' lang='grc' dir='ltr'>Προσελεὺσεται</span> <span class='ocrx_word' id='word_1_679' title='bbox 2673 4150 3005 4220; x_wconf 81' lang='grc' dir='ltr'>ἄνθρωπος,</span> <span class='ocrx_word' id='word_1_680' title='bbox 3042 4152 3141 4208; x_wconf 73' lang='grc' dir='ltr'><strong>καί</strong></span> <span class='ocrx_word' id='word_1_681' title='bbox 3177 4153 3392 4224; x_wconf 80' lang='grc' dir='ltr'>καρδία</span> <span class='ocrx_word' id='word_1_682' title='bbox 3427 4155 3678 4220; x_wconf 79' lang='grc' dir='ltr'>βαθεῖα,</span> 
     </span>
    </p>
   </div>
   <div class='ocr_carea' id='block_1_102' title="bbox 2090 4247 3682 4324">
    <p class='ocr_par' dir='ltr' id='par_1_102' title="bbox 2090 4247 3682 4324">
     <span class='ocr_line' id='line_1_102' title="bbox 2090 4247 3682 4324; baseline 0.004 -24"><span class='ocrx_word' id='word_1_683' title='bbox 2090 4263 2143 4300; x_wconf 90' lang='grc' dir='ltr'><strong>κ.</strong></span> <span class='ocrx_word' id='word_1_684' title='bbox 2180 4263 2230 4298; x_wconf 88' lang='grc' dir='ltr'><strong>τ.</strong></span> <span class='ocrx_word' id='word_1_685' title='bbox 2265 4247 2312 4300; x_wconf 85' lang='grc' dir='ltr'>ὲ.</span> <span class='ocrx_word' id='word_1_686' title='bbox 2345 4247 2560 4320; x_wconf 84' lang='grc' dir='ltr'>Καρδία</span> <span class='ocrx_word' id='word_1_687' title='bbox 2590 4247 2783 4319; x_wconf 85' lang='grc' dir='ltr'>βαθεῖὰ</span> <span class='ocrx_word' id='word_1_688' title='bbox 2813 4248 2925 4322; x_wconf 74' lang='lat'><strong>(26)</strong></span> <span class='ocrx_word' id='word_1_689' title='bbox 2957 4252 3104 4304; x_wconf 78' lang='grc' dir='ltr'>ἐστιν</span> <span class='ocrx_word' id='word_1_690' title='bbox 3147 4253 3180 4324; x_wconf 85' lang='grc' dir='ltr'>ἠ</span> <span class='ocrx_word' id='word_1_691' title='bbox 3231 4251 3563 4324; x_wconf 82' lang='grc' dir='ltr'>θεωρήσασα</span> <span class='ocrx_word' id='word_1_692' title='bbox 3614 4254 3682 4308; x_wconf 72' lang='grc' dir='ltr'>τὸ</span> 
     </span>
    </p>
   </div>
   <div class='ocr_carea' id='block_1_103' title="bbox 2090 4338 3492 4416">
    <p class='ocr_par' dir='ltr' id='par_1_103' title="bbox 2090 4338 3492 4416">
     <span class='ocr_line' id='line_1_103' title="bbox 2090 4338 3492 4416; baseline 0.005 -22"><span class='ocrx_word' id='word_1_693' title='bbox 2090 4338 2254 4411; x_wconf 86' lang='grc' dir='ltr'>βάθος</span> <span class='ocrx_word' id='word_1_694' title='bbox 2284 4339 2380 4394; x_wconf 86' lang='grc' dir='ltr'><strong>τοῦ</strong></span> <span class='ocrx_word' id='word_1_695' title='bbox 2420 4341 2652 4396; x_wconf 89' lang='grc' dir='ltr'>πλούτου</span> <span class='ocrx_word' id='word_1_696' title='bbox 2683 4344 2777 4397; x_wconf 73' lang='grc' dir='ltr'>καὶ</span> <span class='ocrx_word' id='word_1_697' title='bbox 2803 4344 2902 4416; x_wconf 81' lang='grc' dir='ltr'><strong>τῆς</strong></span> <span class='ocrx_word' id='word_1_698' title='bbox 2933 4343 3188 4414; x_wconf 86' lang='grc' dir='ltr'>γνώσεως</span> <span class='ocrx_word' id='word_1_699' title='bbox 3214 4345 3306 4400; x_wconf 89' lang='grc' dir='ltr'><strong>τοῦ</strong></span> <span class='ocrx_word' id='word_1_700' title='bbox 3334 4345 3492 4401; x_wconf 87' lang='grc' dir='ltr'>Θεοῦ.</span> 
     </span>
    </p>
   </div>
   <div class='ocr_carea' id='block_1_104' title="bbox 2154 4432 3680 4505">
    <p class='ocr_par' dir='ltr' id='par_1_104' title="bbox 2154 4432 3680 4505">
     <span class='ocr_line' id='line_1_104' title="bbox 2154 4432 3680 4505; baseline 0.006 -20"><span class='ocrx_word' id='word_1_701' title='bbox 2154 4432 2344 4498; x_wconf 81' lang='grc' dir='ltr'>Βέλος</span> <span class='ocrx_word' id='word_1_702' title='bbox 2368 4433 2602 4501; x_wconf 75' lang='grc' dir='ltr'>νηπίων</span> <span class='ocrx_word' id='word_1_703' title='bbox 2635 4435 3035 4505; x_wconf 77' lang='grc' dir='ltr'>ἐγενήθησαν,</span> <span class='ocrx_word' id='word_1_704' title='bbox 3064 4456 3118 4492; x_wconf 88' lang='grc' dir='ltr'><strong>κ.</strong></span> <span class='ocrx_word' id='word_1_705' title='bbox 3151 4456 3203 4493; x_wconf 89' lang='grc' dir='ltr'><strong>τ.</strong></span> <span class='ocrx_word' id='word_1_706' title='bbox 3239 4441 3287 4493; x_wconf 84' lang='grc' dir='ltr'>ὲ.</span> <span class='ocrx_word' id='word_1_707' title='bbox 3316 4440 3426 4494; x_wconf 77' lang='grc' dir='ltr'><strong>Καὶ</strong></span> <span class='ocrx_word' id='word_1_708' title='bbox 3467 4439 3680 4504; x_wconf 81' lang='grc' dir='ltr'>πάντες</span> 
     </span>
    </p>
   </div>
   <div class='ocr_carea' id='block_1_105' title="bbox 2092 4523 3680 4600">
    <p class='ocr_par' dir='ltr' id='par_1_105' title="bbox 2092 4523 3680 4600">
     <span class='ocr_line' id='line_1_105' title="bbox 2092 4523 3680 4600; baseline 0.005 -24"><span class='ocrx_word' id='word_1_709' title='bbox 2092 4523 2435 4596; x_wconf 86' lang='grc' dir='ltr'>ἀπήγγελλον</span> <span class='ocrx_word' id='word_1_710' title='bbox 2459 4523 2592 4599; x_wconf 73' lang='lat'><strong>(27),</strong></span> <span class='ocrx_word' id='word_1_711' title='bbox 2623 4527 2706 4580; x_wconf 80' lang='grc' dir='ltr'>ὅτι</span> <span class='ocrx_word' id='word_1_712' title='bbox 2737 4527 2828 4580; x_wconf 84' lang='grc' dir='ltr'><strong>σὺν</strong></span> <span class='ocrx_word' id='word_1_713' title='bbox 2857 4527 3017 4600; x_wconf 77' lang='grc' dir='ltr'>ἔργον</span> <span class='ocrx_word' id='word_1_714' title='bbox 3039 4529 3215 4596; x_wconf 88' lang='grc' dir='ltr'>τοῦτο,</span> <span class='ocrx_word' id='word_1_715' title='bbox 3236 4531 3330 4584; x_wconf 80' lang='grc' dir='ltr'>καὶ</span> <span class='ocrx_word' id='word_1_716' title='bbox 3357 4531 3440 4584; x_wconf 72' lang='grc' dir='ltr'>σοὶ</span> <span class='ocrx_word' id='word_1_717' title='bbox 3471 4529 3542 4584; x_wconf 76' lang='grc' dir='ltr'>τὰ</span> <span class='ocrx_word' id='word_1_718' title='bbox 3590 4549 3680 4600; x_wconf 78' lang='grc' dir='ltr'>γι-</span> 
     </span>
    </p>
   </div>
   <div class='ocr_carea' id='block_1_106' title="bbox 2090 4617 3672 4695">
    <p class='ocr_par' dir='ltr' id='par_1_106' title="bbox 2090 4617 3672 4695">
     <span class='ocr_line' id='line_1_106' title="bbox 2090 4617 3672 4695; baseline 0.006 -25"><span class='ocrx_word' id='word_1_719' title='bbox 2090 4617 2330 4689; x_wconf 87' lang='grc' dir='ltr'>γνόμενα</span> <span class='ocrx_word' id='word_1_720' title='bbox 2361 4619 2702 4692; x_wconf 76' lang='grc' dir='ltr'>ἐπέγραψαν,</span> <span class='ocrx_word' id='word_1_721' title='bbox 2737 4621 3107 4694; x_wconf 88' lang='grc' dir='ltr'>γνωρίσαντες</span> <span class='ocrx_word' id='word_1_722' title='bbox 3136 4623 3211 4686; x_wconf 87' lang='grc' dir='ltr'>ὡς</span> <span class='ocrx_word' id='word_1_723' title='bbox 3241 4624 3342 4676; x_wconf 78' lang='grc' dir='ltr'>οὐκ</span> <span class='ocrx_word' id='word_1_724' title='bbox 3369 4619 3436 4695; x_wconf 80' lang='grc' dir='ltr'>ἦν</span> <span class='ocrx_word' id='word_1_725' title='bbox 3481 4623 3672 4679; x_wconf 74' lang='grc' dir='ltr'>ἄλλον.</span> 
     </span>
    </p>
   </div>
   <div class='ocr_carea' id='block_1_107' title="bbox 2083 4709 3676 4789">
    <p class='ocr_par' dir='ltr' id='par_1_107' title="bbox 2083 4709 3676 4789">
     <span class='ocr_line' id='line_1_107' title="bbox 2083 4709 3676 4789; baseline 0.005 -27"><span class='ocrx_word' id='word_1_726' title='bbox 2083 4709 2269 4776; x_wconf 85' lang='grc' dir='ltr'>υῦτως</span> <span class='ocrx_word' id='word_1_727' title='bbox 2297 4711 2479 4778; x_wconf 81' lang='grc' dir='ltr'>αὐτοῖς</span> <span class='ocrx_word' id='word_1_728' title='bbox 2511 4713 2692 4768; x_wconf 79' lang='grc' dir='ltr'>πᾶσαν</span> <span class='ocrx_word' id='word_1_729' title='bbox 2722 4712 2820 4786; x_wconf 84' lang='grc' dir='ltr'>τὴν</span> <span class='ocrx_word' id='word_1_730' title='bbox 2849 4714 3082 4787; x_wconf 79' lang='grc' dir='ltr'>σπουδὴν</span> <span class='ocrx_word' id='word_1_731' title='bbox 3110 4716 3191 4779; x_wconf 81' lang='grc' dir='ltr'><strong>είς</strong></span> <span class='ocrx_word' id='word_1_732' title='bbox 3221 4716 3282 4769; x_wconf 85' lang='grc' dir='ltr'>τὸ</span> <span class='ocrx_word' id='word_1_733' title='bbox 3318 4715 3488 4788; x_wconf 83' lang='grc' dir='ltr'>μηδὲν</span> <span class='ocrx_word' id='word_1_734' title='bbox 3511 4734 3676 4789; x_wconf 80' lang='grc' dir='ltr'>περι-</span> 
     </span>
    </p>
   </div>
   <div class='ocr_carea' id='block_1_108' title="bbox 2079 4799 3674 4878">
    <p class='ocr_par' dir='ltr' id='par_1_108' title="bbox 2079 4799 3674 4878">
     <span class='ocr_line' id='line_1_108' title="bbox 2079 4799 3674 4878; baseline 0.004 -25"><span class='ocrx_word' id='word_1_735' title='bbox 2079 4799 2274 4872; x_wconf 79' lang='grc' dir='ltr'>τρέψαι</span> <span class='ocrx_word' id='word_1_736' title='bbox 2307 4801 2336 4854; x_wconf 84' lang='grc' dir='ltr'><em>ὁ</em></span> <span class='ocrx_word' id='word_1_737' title='bbox 2365 4800 2509 4866; x_wconf 91' lang='grc' dir='ltr'>θεῖος</span> <span class='ocrx_word' id='word_1_738' title='bbox 2539 4802 2795 4877; x_wconf 83' lang='grc' dir='ltr'>ὲθέλησεν</span> <span class='ocrx_word' id='word_1_739' title='bbox 2830 4804 3126 4878; x_wconf 82' lang='grc' dir='ltr'>ὀφθαλμός·</span> <span class='ocrx_word' id='word_1_740' title='bbox 3153 4805 3466 4860; x_wconf 82' lang='grc' dir='ltr'>τούναντίον</span> <span class='ocrx_word' id='word_1_741' title='bbox 3487 4807 3544 4860; x_wconf 84' lang='grc' dir='ltr'>δὲ</span> <span class='ocrx_word' id='word_1_742' title='bbox 3573 4809 3674 4862; x_wconf 76' lang='grc' dir='ltr'>καὶ</span> 
     </span>
    </p>
   </div>
   <div class='ocr_carea' id='block_1_109' title="bbox 2078 4897 2842 4970">
    <p class='ocr_par' dir='ltr' id='par_1_109' title="bbox 2078 4897 2842 4970">
     <span class='ocr_line' id='line_1_109' title="bbox 2078 4897 2842 4970; baseline 0.009 -24"><span class='ocrx_word' id='word_1_743' title='bbox 2078 4897 2499 4968; x_wconf 77' lang='grc' dir='ltr'>τιμωρήσασθαι</span> <span class='ocrx_word' id='word_1_744' title='bbox 2532 4899 2842 4970; x_wconf 78' lang='grc' dir='ltr'>ᾐρετίσατο.</span> 
     </span>
    </p>
   </div>
   <div class='ocr_carea' id='block_1_110' title="bbox 2148 4988 3672 5062">
    <p class='ocr_par' dir='ltr' id='par_1_110' title="bbox 2148 4988 3672 5062">
     <span class='ocr_line' id='line_1_110' title="bbox 2148 4988 3672 5062; baseline 0.005 -20"><span class='ocrx_word' id='word_1_745' title='bbox 2148 4988 2644 5057; x_wconf 65' lang='grc' dir='ltr'>Εὐρρανθήσεται</span> <span class='ocrx_word' id='word_1_746' title='bbox 2685 4991 2916 5060; x_wconf 84' lang='grc' dir='ltr'>δίκαιος</span> <span class='ocrx_word' id='word_1_747' title='bbox 2936 4993 3008 5046; x_wconf 76' lang='grc' dir='ltr'><strong>ἐν</strong></span> <span class='ocrx_word' id='word_1_748' title='bbox 3041 4991 3118 5059; x_wconf 81' lang='grc' dir='ltr'>τῷ</span> <span class='ocrx_word' id='word_1_749' title='bbox 3151 4993 3364 5062; x_wconf 79' lang='grc' dir='ltr'>Κυρίῳ,</span> <span class='ocrx_word' id='word_1_750' title='bbox 3405 4995 3504 5048; x_wconf 72' lang='grc' dir='ltr'>καὶ</span> <span class='ocrx_word' id='word_1_751' title='bbox 3561 4995 3672 5050; x_wconf 71' lang='grc' dir='ltr'><strong>ἐλ-</strong></span> 
     </span>
    </p>
   </div>
   <div class='ocr_carea' id='block_1_111' title="bbox 2077 5078 3670 5153">
    <p class='ocr_par' dir='ltr' id='par_1_111' title="bbox 2077 5078 3670 5153">
     <span class='ocr_line' id='line_1_111' title="bbox 2077 5078 3670 5153; baseline 0.006 -21"><span class='ocrx_word' id='word_1_752' title='bbox 2077 5078 2203 5133; x_wconf 87' lang='grc' dir='ltr'>πιεῖ</span> <span class='ocrx_word' id='word_1_753' title='bbox 2235 5080 2329 5133; x_wconf 82' lang='grc' dir='ltr'><strong>ἐπ’</strong></span> <span class='ocrx_word' id='word_1_754' title='bbox 2375 5083 2593 5136; x_wconf 73' lang='grc' dir='ltr'>αὐτόν’</span> <span class='ocrx_word' id='word_1_755' title='bbox 2636 5082 2735 5138; x_wconf 78' lang='grc' dir='ltr'>καὶ</span> <span class='ocrx_word' id='word_1_756' title='bbox 2767 5083 3270 5151; x_wconf 76' lang='grc' dir='ltr'>ἐπαινεθήσονται</span> <span class='ocrx_word' id='word_1_757' title='bbox 3319 5084 3545 5153; x_wconf 72' lang='grc' dir='ltr'>πάντες</span> <span class='ocrx_word' id='word_1_758' title='bbox 3613 5090 3670 5141; x_wconf 76' lang='grc' dir='ltr'>οἱ</span> 
     </span>
    </p>
   </div>
   <div class='ocr_carea' id='block_1_112' title="bbox 2069 5171 3668 5251">
    <p class='ocr_par' dir='ltr' id='par_1_112' title="bbox 2069 5171 3668 5251">
     <span class='ocr_line' id='line_1_112' title="bbox 2069 5171 3668 5251; baseline 0.008 -27"><span class='ocrx_word' id='word_1_759' title='bbox 2069 5171 2266 5239; x_wconf 82' lang='grc' dir='ltr'>εὐθεῖς</span> <span class='ocrx_word' id='word_1_760' title='bbox 2293 5171 2367 5242; x_wconf 82' lang='grc' dir='ltr'>τῇ</span> <span class='ocrx_word' id='word_1_761' title='bbox 2412 5174 2648 5244; x_wconf 82' lang='grc' dir='ltr'>καρδίᾳ,</span> <span class='ocrx_word' id='word_1_762' title='bbox 2683 5194 2738 5232; x_wconf 91' lang='grc' dir='ltr'><strong>κ.</strong></span> <span class='ocrx_word' id='word_1_763' title='bbox 2786 5194 2837 5230; x_wconf 92' lang='grc' dir='ltr'><strong>τ.</strong></span> <span class='ocrx_word' id='word_1_764' title='bbox 2894 5179 2940 5233; x_wconf 82' lang='grc' dir='ltr'>ὲ.</span> <span class='ocrx_word' id='word_1_765' title='bbox 2984 5178 3282 5249; x_wconf 84' lang='grc' dir='ltr'>Εὐφραίνει</span> <span class='ocrx_word' id='word_1_766' title='bbox 3325 5178 3508 5232; x_wconf 81' lang='grc' dir='ltr'>ἄδικον</span> <span class='ocrx_word' id='word_1_767' title='bbox 3548 5179 3668 5251; x_wconf 69' lang='grc'>(28)</span> 
     </span>
    </p>
   </div>
   <div class='ocr_carea' id='block_1_113' title="bbox 2069 5263 3470 5341">
    <p class='ocr_par' dir='ltr' id='par_1_113' title="bbox 2069 5263 3470 5341">
     <span class='ocr_line' id='line_1_113' title="bbox 2069 5263 3470 5341; baseline 0.006 -25"><span class='ocrx_word' id='word_1_768' title='bbox 2069 5263 2300 5330; x_wconf 86' lang='grc' dir='ltr'>πλοῦτος</span> <span class='ocrx_word' id='word_1_769' title='bbox 2331 5266 2568 5340; x_wconf 87' lang='grc' dir='ltr'>φθαρτός</span> <span class='ocrx_word' id='word_1_770' title='bbox 2587 5286 2600 5298; x_wconf 93' lang='grc'><strong>·</strong></span> <span class='ocrx_word' id='word_1_771' title='bbox 2635 5269 2726 5324; x_wconf 86' lang='grc' dir='ltr'>τὸν</span> <span class='ocrx_word' id='word_1_772' title='bbox 2759 5269 2817 5324; x_wconf 83' lang='grc' dir='ltr'>δὲ</span> <span class='ocrx_word' id='word_1_773' title='bbox 2845 5271 3050 5325; x_wconf 87' lang='grc' dir='ltr'>δίκαιον</span> <span class='ocrx_word' id='word_1_774' title='bbox 3082 5270 3283 5341; x_wconf 84' lang='grc' dir='ltr'>γνῶσις</span> <span class='ocrx_word' id='word_1_775' title='bbox 3315 5271 3470 5325; x_wconf 82' lang='grc' dir='ltr'>θεοῦ.</span> 
     </span>
    </p>
   </div>
   <div class='ocr_carea' id='block_1_114' title="bbox 2151 5361 3659 5439">
    <p class='ocr_par' dir='ltr' id='par_1_114' title="bbox 2151 5361 3659 5439">
     <span class='ocr_line' id='line_1_114' title="bbox 2151 5361 3659 5439; baseline 0.004 -25"><span class='ocrx_word' id='word_1_776' title='bbox 2151 5361 2260 5414; x_wconf 81' lang='grc' dir='ltr'>Τοῦ</span> <span class='ocrx_word' id='word_1_777' title='bbox 2295 5361 2501 5416; x_wconf 84' lang='grc' dir='ltr'>αὐτοῦ.</span> <span class='ocrx_word' id='word_1_778' title='bbox 2533 5361 2777 5436; x_wconf 86' lang='grc' dir='ltr'>Καρδίαν</span> <span class='ocrx_word' id='word_1_779' title='bbox 2810 5363 3026 5418; x_wconf 78' lang='grc' dir='ltr'>εὐθεῖαν</span> <span class='ocrx_word' id='word_1_780' title='bbox 3060 5364 3171 5435; x_wconf 80' lang='lat'><strong>(29)</strong></span> <span class='ocrx_word' id='word_1_781' title='bbox 3197 5367 3408 5419; x_wconf 76' lang='grc' dir='ltr'>ἐπαινεῖ</span> <span class='ocrx_word' id='word_1_782' title='bbox 3428 5365 3659 5439; x_wconf 72' lang='grc' dir='ltr'>Κύριοςο</span> 
     </span>
    </p>
   </div>
   <div class='ocr_carea' id='block_1_115' title="bbox 2069 5448 3440 5528">
    <p class='ocr_par' dir='ltr' id='par_1_115' title="bbox 2069 5448 3440 5528">
     <span class='ocr_line' id='line_1_115' title="bbox 2069 5448 3440 5528; baseline 0.007 -26"><span class='ocrx_word' id='word_1_783' title='bbox 2069 5448 2508 5527; x_wconf 81' lang='grc' dir='ltr'>διεστραμμένην</span> <span class='ocrx_word' id='word_1_784' title='bbox 2541 5455 2598 5509; x_wconf 84' lang='grc' dir='ltr'>δὲ</span> <span class='ocrx_word' id='word_1_785' title='bbox 2620 5456 2798 5528; x_wconf 85' lang='grc' dir='ltr'>ψυχὴν</span> <span class='ocrx_word' id='word_1_786' title='bbox 2825 5455 3104 5511; x_wconf 85' lang='grc' dir='ltr'>ἀπώσεται</span> <span class='ocrx_word' id='word_1_787' title='bbox 3132 5457 3226 5510; x_wconf 82' lang='grc' dir='ltr'><strong>ἀπ’</strong></span> <span class='ocrx_word' id='word_1_788' title='bbox 3255 5457 3440 5512; x_wconf 85' lang='grc' dir='ltr'>αὐτοῦ.</span> 
     </span>
    </p>
   </div>
   <div class='ocr_carea' id='block_1_116' title="bbox 2146 5632 3660 5718">
    <p class='ocr_par' dir='ltr' id='par_1_116' title="bbox 2146 5632 3660 5718">
     <span class='ocr_line' id='line_1_116' title="bbox 2146 5632 3660 5718; baseline 0.005 -30"><span class='ocrx_word' id='word_1_789' title='bbox 2146 5635 2260 5718; x_wconf 56' lang='grc' dir='ltr'>(ᾖἸ)</span> <span class='ocrx_word' id='word_1_790' title='bbox 2284 5634 2396 5689; x_wconf 82' lang='lat' dir='ltr'><strong>Kal</strong></span> <span class='ocrx_word' id='word_1_791' title='bbox 2418 5632 2642 5704; x_wconf 82' lang='grc' dir='ltr'>πάντες</span> <span class='ocrx_word' id='word_1_792' title='bbox 2683 5637 3094 5710; x_wconf 73' lang='grc' dir='ltr'>ἀπήγγελλον,</span> <span class='ocrx_word' id='word_1_793' title='bbox 3139 5649 3243 5695; x_wconf 88' lang='lat' dir='ltr'><strong>etc.</strong></span> <span class='ocrx_word' id='word_1_794' title='bbox 3279 5638 3480 5695; x_wconf 81' lang='lat' dir='ltr'><strong>Catena</strong></span> <span class='ocrx_word' id='word_1_795' title='bbox 3517 5640 3660 5696; x_wconf 69' lang='lat' dir='ltr'><strong>Cor~</strong></span> 
     </span>
    </p>
   </div>
   <div class='ocr_carea' id='block_1_117' title="bbox 2073 5707 3644 5850">
    <p class='ocr_par' dir='ltr' id='par_1_117' title="bbox 2073 5707 3644 5850">
     <span class='ocr_line' id='line_1_117' title="bbox 2073 5707 3644 5850; baseline 0.004 -18"><span class='ocrx_word' id='word_1_796' title='bbox 2073 5707 2258 5850; x_wconf 46' lang='lat' dir='ltr'><strong>aegid)</strong></span> <span class='ocrx_word' id='word_1_797' title='bbox 2289 5780 2612 5849; x_wconf 63' lang='grc' dir='ltr'>Εὐφραίνει</span> <span class='ocrx_word' id='word_1_798' title='bbox 2643 5778 2872 5846; x_wconf 78' lang='grc' dir='ltr'>ἄδικον,</span> <span class='ocrx_word' id='word_1_799' title='bbox 2905 5791 3010 5837; x_wconf 87' lang='lat' dir='ltr'><strong>etc.</strong></span> <span class='ocrx_word' id='word_1_800' title='bbox 3041 5779 3225 5838; x_wconf 84' lang='lat' dir='ltr'><strong>Codex</strong></span> <span class='ocrx_word' id='word_1_801' title='bbox 3255 5779 3644 5839; x_wconf 79' lang='lat' dir='ltr'><strong>Coislinianus.</strong></span> 
     </span>
    </p>
   </div>
   <div class='ocr_carea' id='block_1_118' title="bbox 2137 5848 3152 5920">
    <p class='ocr_par' dir='ltr' id='par_1_118' title="bbox 2137 5848 3152 5920">
     <span class='ocr_line' id='line_1_118' title="bbox 2137 5848 3152 5920; baseline 0.004 -17"><span class='ocrx_word' id='word_1_802' title='bbox 2137 5848 2250 5916; x_wconf 78' lang='lat'><strong>(‘29)</strong></span> <span class='ocrx_word' id='word_1_803' title='bbox 2282 5848 2547 5920; x_wconf 69' lang='grc' dir='ltr'>Καρδίαν</span> <span class='ocrx_word' id='word_1_804' title='bbox 2568 5850 2824 5912; x_wconf 81' lang='grc' dir='ltr'>εὐθεῖαν.</span> <span class='ocrx_word' id='word_1_805' title='bbox 2859 5862 2964 5908; x_wconf 79' lang='lat' dir='ltr'><strong>etc.</strong></span> <span class='ocrx_word' id='word_1_806' title='bbox 2986 5852 3152 5909; x_wconf 82' lang='lat' dir='ltr'><strong>ldetu.</strong></span> 
     </span>
    </p>
   </div>
  </div>
