3808 6524
187 404 207 458 I
221 403 300 460 i95

1079 390 1392 449 SELECTA
1430 386 1495 444 IN
1538 377 1875 442 PSALMOS.
1914 404 1984 417 —
2018 371 2213 428 PSAL.
2253 366 2435 424 LXIV.

3263 357 3397 416 MM

247 520 344 575 Τοῦ
389 516 595 573 αὑτοῦ.
646 514 839 579 Εὐθεῖς
886 514 952 586 τῇ
1006 513 1204 585 καρδίᾳ
1235 508 1347 584 (50)
1376 508 1425 563 οἱ
1461 505 1521 571 ἐξ
1553 502 1723 559 ἐθνῶν

1900 494 2181 565 Ejusdem.
2224 488 2377 545 Recti
2428 484 2593 543 corde
2645 487 2772 535 sunt
2811 479 2864 534 bi
2912 477 3004 549 qui
3050 492 3117 532 ex
3150 477 3403 547 gentibus

184 613 542 677 πιστεύσαντες
562 628 575 642 ’
613 612 661 665 οἱ
700 610 756 663 δὲ
790 607 941 662 αὐτοὶ
974 607 1067 661 καὶ
1090 605 1309 671 δίκαιοι,
1338 603 1412 666 ὼς
1444 602 1511 672 τῇ
1546 598 1642 652 πίσ

181 710 566 773 δικαιωθέντεςο
600 707 777 771 εὐθεῖς
806 705 885 768 δὲ,
914 704 989 767 ὡς
1023 701 1289 774 μηδέποτε
1332 699 1400 768 τῇ
1436 693 1584 765 παρὰ

182 804 296 858 Θεοῦ
321 802 638 873 διδασκαλίᾳ
685 800 783 872 τὴν
817 798 1025 867 πλάνην
1061 794 1170 849 τῶν
1217 788 1449 844 εἰδώλων
1497 780 1730 856 προσμίέ

184 898 368 963 ξαντες,
397 898 532 968 ὅπερ
565 894 823 957 πολλάκις
872 894 920 944 οἱ
954 889 1142 951 παῖδες
1185 884 1293 940 τῶν
1331 879 1597 937 Ἰουδαίων
1631 891 1730 927 πε-

182 989 453 1060 ποιηκότες
495 989 794 1059 φαίνονται.
848 976 1007 1039 Οὗτοι
1042 981 1219 1035 τοίνυν
1267 974 1609 1049 εὐφρανθήσο

1644 613 1725 649 τει
1835 588 2183 645 crediderunt
2222 606 2232 639 :
2267 582 2428 636 iidem
2483 590 2694 647 quoque
2743 573 2874 643 justi
2906 580 3051 635 sunt,
3078 579 3261 639 utpote
3301 568 3403 621 lide

1632 686 1725 742 τοῦ
1828 678 2144 753 justiﬁcati;
2189 675 2323 731 recti
2372 688 2522 740 vero,
2553 680 2612 725 ut
2649 671 2740 740 qui
2777 666 3039 724 doctrina:
3073 664 3164 719 Dei
3197 662 3405 716 nullum

1838 773 2069 844 amplius
2104 769 2370 825 idolorum
2393 782 2636 823 errorem
2671 764 3035 830 admisceant,
3069 758 3211 830 quod
3236 755 3405 813 ,ιιιύωί

1842 883 1945 923 non
2004 879 2129 920 raro
2178 862 2382 917 fecisse
2428 863 2701 916 videntur.
2756 856 2819 912 Ili
2872 857 3036 927 igitur
3086 851 3409 908 laetabuntur

1612 984 1730 1022 νται
1842 971 2100 1029 tanquam
2151 955 2346 1024 seduli,
2394 962 2448 1010 et
2479 954 2573 1024 qui
2610 950 2995 1025 negligentium
3038 944 3411 1017 haereditatetu

181 1083 248 1146 ὡς
270 1049 548 1154 νήψαντες,
594 1080 688 1135 καὶ
716 1080 813 1151 τὴν
845 1076 952 1131 τῶν
994 1072 1423 1148 ρᾳθυμησάντων
1466 1066 1727 1136 κληρονο-

1876 1049 2027 1108 terati
2056 1049 2183 1105 sint.

185 1176 296 1248 μίαν
323 1174 696 1250 κερδάναντες.

730 1351 1020 1406 ΨΑΛΜΟΣ
1055 1350 1170 1406 ΞΔθ.

244 1446 337 1500 Σοὶ
390 1443 597 1514 πρέπει
647 1444 917 1515 ὕμνος,ό
967 1441 1225 1509 Θεὸς,ἐν
1277 1436 1448 1502 Σιὼν,
1485 1452 1539 1488 κ.
1581 1450 1630 1486 τ.
1688 1432 1732 1484 ὲ.

184 1560 203 1591 ‹
234 1540 315 1594 Ἐν
334 1537 469 1593 Σιὼν
495 1538 626 1610 (51),
654 1559 671 1591 ι
702 1541 766 1609 τῇ
803 1535 1108 1608 ἐπουρανίῳ
1129 1532 1349 1604 δηλαδὴ,
1381 1527 1624 1584 τουτέστι
1659 1523 1738 1595 τῷ

2360 1325 2679 1384 PSALMUS
2718 1323 2903 1382 LXIV.

1912 1424 2078 1480 Vsus.
2112 1423 2165 1477 2.
2203 1421 2272 1477 Te
2320 1421 2465 1476 decet
2504 1422 2749 1491 hymnus,
2811 1416 2984 1479 Deus,
3013 1414 3065 1469 in
3116 1411 3267 1477 Sion,
3304 1420 3415 1471 etc.

1847 1536 1864 1568 ι
1895 1516 1950 1570 1η
1985 1516 2138 1584 Sion,
2171 1534 2190 1567 ι
2218 1515 2433 1571 scilicet
2477 1512 2871 1583 superccelesti,
2907 1510 2958 1565 id
2982 1518 3064 1563 cst
3098 1508 3149 1562 in
3178 1505 3413 1578 spiritali

181 1632 341 1703 νοητῷ
400 1599 805 1701 σκοπεύτηρίῷο
850 1631 909 1682 ὲν
942 1599 1389 1697 ’γὰρ-αἰσθητοῖς
1439 1621 1499 1675 οὐ
1540 1618 1738 1690 πρέπει

1876 1609 2390 1679 pecula:siquidem
2433 1606 2487 1662 in
2537 1604 2885 1661 sensibilibus
2928 1617 3031 1655 non
3075 1601 3232 1655 decet
3264 1599 3419 1669 bym-

183 1724 335 1795 ὕμνος
374 1724 453 1795 τῷ
500 1722 650 1792 Θεῷ·
686 1722 767 1775 διὸ
798 1722 859 1773 οὐ
893 1718 1172 1790 ψαλοῦμεν
1225 1714 1439 1786 σώματι
1488 1712 1521 1782 ἢ
1560 1710 1741 1781 γράμ-

184 1836 323 1889 ματι,
353 1816 491 1871 ἀλλὰ
541 1815 833 1886 πνεύματι,
876 1813 970 1867 καὶ
1007 1813 1108 1865 οὐκ
1154 1809 1424 1880 αἰσθήσει,
1466 1806 1600 1860 ἀλλὰ
1638 1804 1738 1857 νοῒ.

182 1928 202 1959 ‹
243 1907 345 1961 Καὶ
380 1907 463 1960 col.
487 1905 877 1977 ἀποδοθήσεται
903 1901 1036 1973 εὐχὴ
1063 1902 1121 1957 ὲν
1162 1896 1531 1971 Ἰερουσαλὴμ,
1577 1915 1595 1946 ι
1636 1893 1743 1948 ἀπὸ

179 1998 349 2053 κοινοῦ
387 2018 404 2050 ι
455 2000 511 2052 ὲν
548 1997 716 2052 Σιών·
760 2016 778 2049 ›
817 1996 948 2067 εὐχὴ
981 1995 1037 2049 δὲ
1063 1992 1223 2047 ὁποία
1252 1991 1399 2045 ἐστὶν
1429 1992 1462 2062 ἡ
1504 1987 1596 2043 τοῦ
1630 1990 1744 2043 Να-

182 2091 431 2163 ζωραίου.

248 2180 625 2237 Εισάκουσον
646 2178 995 2249 προσευχῆς
1014 2196 1155 2248 μου,
1180 2195 1236 2232 κ.
1269 2196 1319 2231 τ.
1348 2178 1394 2230 ὲ.
1436 2195 1453 2228 ι
1486 2173 1746 2227 Είσάκουρ

180 2291 264 2327 σον
288 2273 398 2345 (52)
426 2272 732 2345 προσευχῆς
757 2289 856 2343 μου
896 2290 914 2322 ι
940 2273 998 2325 ὲν
1029 2271 1188 2327 Σιών⁶
1224 2291 1241 2323 ‹
1274 2271 1417 2343 Πρὸς
1442 2268 1500 2322 σὲ
1530 2288 1547 2320 ι
1578 2267 1633 2320 δὲ
1656 2265 1745 2321 τὸν

178 2366 324 2429 θεὸν,
358 2365 416 2429 ὃς
451 2364 666 2435 πνεῦμα
695 2366 885 2427 ποιεῖς,
928 2383 946 2415 ι
985 2366 1132 2417 πᾶσα
1164 2362 1299 2435 σὰρξ
1330 2360 1467 2432 ἥξει.
1513 2380 1531 2412 ι
1566 2361 1749 2414 Μετα-

180 2458 326 2509 Cale?
353 2456 459 2528 γὰρ
496 2458 529 2527 ἡ
575 2456 841 2528 γενομένη
871 2455 1008 2529 σὰρξ
1049 2456 1114 2509 δι’
1143 2454 1417 2527 ἁμαρτίαν
1448 2451 1617 2523 ψυχὴ,
1654 2452 1747 2507 καὶ

178 2551 325 2603 ἔσται
352 2548 589 2621 πνεῦμα.

249 2642 423 2712 Λόγοι
453 2643 692 2710 ἀνόμων
721 2640 1284 2710 ὐπερεδυνάμωσαν,
1320 2658 1373 2693 κ.
1412 2658 1460 2695 τ.
1498 2639 1544 2692 ὲ.
1588 2637 1749 2705 Λόγοι

178 2736 393 2805 ἀνόμων
462 2735 571 2805 (⁸55)
637 2734 983 2803 ἐγγενόμενοι
1055 2734 1186 2802 ἡμῖν
1250 2730 1748 2803 ὐπερεδυνάμωσαν

176 2829 344 2899 ἡμᾶς,
378 2828 443 2880 δι’
490 2826 583 2889 οὓς
615 2827 917 2897 γεγόναμεν
955 2826 1173 2895 σάρκες.
1220 2845 1238 2877 ί
1290 2827 1400 2879 Καὶ
1453 2826 1573 2887 ταῖς
1627 2823 1750 2876 ἀσε-

1846 1716 1946 1755 uus
1980 1700 2186 1766 Deum;
2215 1697 2473 1769 quocirca
2495 1712 2601 1751 non
2636 1692 2933 1764 psallemus
2956 1704 3179 1761 corpore
3207 1696 3298 1741 aut
3331 1686 3420 1739 lit-

1846 1801 1984 1857 tera,
2013 1792 2106 1847 sed
2133 1790 2352 1860 spiritu,
2382 1798 2437 1844 et
2468 1803 2576 1843 non
2611 1802 2797 1854 sensu,
2825 1784 2918 1840 sed
2953 1792 3151 1837 mente.
3192 1797 3209 1831 ι
3232 1779 3295 1834 Et
3322 1776 3419 1832 tibi

1847 1884 2104 1939 reddetur
2143 1892 2327 1939 votum
2374 1881 2428 1936 in
2487 1878 2812 1943 Jerusalem,
2839 1896 2858 1930 ›
2913 1873 3287 1931 subaudieudo
3327 1871 3418 1924 titt

1845 1977 2002 2033 Sion.
2028 1995 2045 2028 ι
2080 1974 2278 2033 Votum
2310 1989 2474 2047 porro
2510 1973 2671 2044 quale
2694 1980 2777 2027 est
2802 1969 3065 2024 Nazarzei.

1916 2163 2079 2220 Vens.
2101 2163 2155 2219 3.
2208 2159 2423 2216 Exaudi
2448 2159 2741 2214 orationem
2792 2170 2986 2219 meam,
3023 2162 3130 2208 etc.
3166 2169 3184 2203 ι
3214 2149 3424 2205 Exaudi

1848 2259 2147 2313 orationem
2181 2271 2354 2311 meam
2377 2275 2395 2309 ι
2432 2254 2487 2309 in
2520 2252 2650 2309 Sion
2679 2271 2693 2309 :
2730 2270 2745 2304 ι
2774 2250 2856 2306 Ad
2898 2258 2949 2305 te
2972 2266 2992 2302 ι
3023 2256 3201 2303 autem
3232 2248 3426 2311 Deum,

1849 2352 1939 2425 qni
1983 2351 2235 2421 spiritum
2273 2348 2466 2413 elIicis,
2502 2365 2520 2399 ι
2552 2347 2730 2403 omnis
2762 2360 2892 2400 caro
2937 2342 3142 2398 veniet.
3172 2361 3191 2395 ι
3229 2339 3424 2395 Anima

1851 2449 2019 2511 enim,
2058 2460 2176 2514 quae
2204 2459 2301 2514 per
2326 2450 2607 2512 peccatum
2632 2452 2763 2494 caro
2798 2436 2939 2492 facta
2963 2434 3166 2501 fuerat,
3194 2424 3422 2488 mutabi-

1856 2544 1943 2591 tur
1969 2547 2022 2593 et
2048 2537 2152 2593 erit
2176 2536 2421 2606 spiritus.

1927 2629 2088 2684 Vens.
2145 2630 2200 2683 4.
2271 2626 2440 2681 Verba
2489 2627 2791 2696 iniquorum
2843 2622 3271 2691 prmvaluerunt,
3321 2628 3429 2676 etc.

1854 2721 2029 2776 Verba
2062 2721 2369 2790 iniquorum
2409 2735 2529 2790 qua:
2579 2718 2632 2772 in
2675 2712 2831 2771 nobis
2860 2724 2985 2769 sunt
3028 2712 3434 2784 praevaluerunt

1854 2827 2017 2884 super
2047 2827 2165 2880 nos,
2202 2813 2330 2866 dum
2384 2826 2481 2880 per
2515 2824 2577 2865 ea
2626 2823 2821 2864 carnes
2854 2805 3031 2861 effecti
3082 2821 3288 2861 sumus.
3322 2823 3340 2857 ι
3372 2805 3438 2858 Et

176 2897 355 2983 θείαις
383 2922 414 2990 ἠ
426 2918 540 2989 μῶν
574 2920 637 2973 σὺ
668 2918 847 2989 ἱλάσῃ.
898 2938 916 2969 ι
954 2916 1056 2971 Σοῦ
1094 2917 1445 2988 ἱλασκομένου
1475 2918 1593 2979 ταῖς
1623 2916 1741 2968 ἀσε-

1881 2904 2231 2975 mpietatibus
2278 2903 2480 2959 nostris
2529 2910 2583 2956 tu
2632 2899 3039 2970 propitiaberis.
3068 2917 3086 2950 ο
3124 2897 3256 2964 Nos,
3285 2897 3435 2967 quia

174 3014 355 3077 ϐείαις
396 3016 427 3085 ἡ
438 3012 574 3084 μῶν,
606 3011 713 3068 τῶν
746 3012 851 3065 ὐπὸ
900 3011 1074 3081 λόγων
1105 3012 1323 3082 ἀνόμων
1359 3010 1741 3081 ὐπερδυναμω-

1876 2996 2040 3054 terbis
2084 2996 2283 3066 iniquis
2323 2994 2564 3064 superati
2606 3002 2661 3047 et
2709 3009 2903 3049 carnes
2937 2991 3115 3048 ell‘ecti
3140 3004 3348 3056 sumus,
3386 2997 3437 3043 te

176 3108 399 3172 εἶέντων,
428 3108 522 3162 καὶ
549 3107 856 3179 γενομένων
888 3105 1126 3177 σαρκῶν,
1160 3105 1235 3169 ὡς
1253 3106 1409 3176 ἥκειν
1440 3105 1591 3175 ἡμᾶς
1619 3104 1753 3175 πρὸς

176 3201 242 3252 σὲ
286 3201 413 3264 τοὺς
472 3199 800 3270 γενομένους
853 3199 1082 3270 σάρκας,
1120 3199 1582 3271 πιστεύομενότι‹
1619 3196 1755 3269 πρὸς

177 3293 243 3347 σὲ
273 3294 423 3345 πᾶσα
452 3292 588 3365 σὰρξ
612 3292 752 3364 ἣξει.
797 3309 817 3342 ι

249 3384 575 3453 Μακάριος,
611 3383 684 3437 ὃν
698 3382 977 3448 ἐξελέξω,
1002 3400 1056 3436 κ.
1088 3400 1139 3436 τ.
1168 3382 1214 3437 ὲ.
1243 3382 1305 3436 Εἰ
1339 3381 1606 3453 μακάριος
1624 3378 1757 3452 (54),

171 3478 239 3530 δν
264 3476 491 3545 ἐξελέξω
523 3478 618 3530 καὶ
674 3474 1011 3548 προσελάϐου
1031 3492 1045 3506 ο
1091 3475 1351 3547 μακάριοι
1388 3470 1479 3528 οὖν
1511 3473 1681 3542 ὀλίγοι
1710 3474 1759 3529 οἱ

175 3569 430 3623 ἐκλεκτοί
456 3586 470 3599 ο
509 3569 624 3623 ἀλλ’
664 3570 761 3638 οὐχ
802 3569 851 3621 οἱ
884 3568 1067 3621 πολλοὶ
1104 3567 1262 3638 μόνον
1297 3566 1504 3638 κλητοί.
1558 3567 1619 3620 Οἱ
1663 3564 1765 3636 μὲν

183 3661 291 3732 {ap
342 3661 511 3729 ὀλίγοι
554 3662 798 3715 ἐκλεκτοὶ
854 3660 1144 3732 εὑρήσουσι
1192 3658 1289 3730 τὴν
1331 3657 1547 3717 αἰώνιον
1596 3657 1759 3729 ζωὴν,

178 3753 505 3817 ἐδεύσαντες
547 3754 740 3824 στενὴν
769 3753 862 3806 καὶ
890 3751 1258 3823 τεθλιμμένην
1285 3751 1403 3805 ὁδὸν
1447 3751 1763 3819 ἀπάγουσαν

174 3845 274 3897 ἐπ’
309 3844 510 3914 αὐτὴν
539 3845 587 3897 oi.
628 3843 685 3896 δὲ
716 3841 902 3896 πολλοὶ
947 3842 1106 3913 μόνον
1150 3841 1359 3913 κλητοὶ,
1392 3840 1490 3913 τὴν
1524 3840 1766 3909 ἀπάγου-

178 3953 291 3991 σαν
322 3936 413 3989 ἐπὶ
446 3935 544 4007 τὴν
585 3934 861 3990 ἀπώλειαν
908 3935 1003 3989 καὶ
1050 3932 1359 4006 εὐρύχωρον
1416 3933 1532 3987 ὁδὸν
1568 3932 1768 3987 διοδεύ-

179 4047 405 4093 σαντες,
453 4030 511 4082 οὐ
550 4026 1065 4098 κατασκηνώσουσιν
1113 4028 1170 4080 ὲν
1210 4030 1329 4091 ταῖς
1361 4028 1551 4091 αὐλαῖς
1587 4044 1679 4080 σου
1710 4029 1767 4081 ὲν

177 4122 297 4184 σοὶ,
338 4121 459 4174 οὐδὲ
493 4120 890 4191 πεφυτευμένοι
921 4121 977 4173 ἐν
998 4118 1075 4190 τῷ
1098 4119 1232 4191 οἴκῳ
1263 4119 1355 4172 τοῦ
1379 4121 1584 4193 Κυρίου
1618 4119 1770 4186 ἐξαν-

176 4214 469 4284 Οήσουσιν.
501 4208 670 4267 Αῦται
702 4212 758 4264 δὲ
797 4212 855 4264 αἱ
899 4210 1064 4265 πύλαι
1109 4212 1246 4265 εἰσὶν
1291 4214 1347 4264 αί
1390 4211 1582 4265 πολλαὶ
1608 4214 1664 4265 ἐν
1691 4212 1770 4284 τῷ

1857 3088 2231 3157 impietatibus
2283 3088 2488 3142 nostris
2544 3084 2802 3154 prepitio,
2855 3085 2928 3138 ita
2980 3092 3060 3149 ut,
3113 3083 3204 3151 qui
3242 3094 3439 3135 carnes

1858 3194 2098 3243 eramus,
2133 3179 2200 3232 ad
2246 3188 2298 3233 te
2349 3178 2659 3243 veniamus,
2694 3179 2999 3243 credimus,
3025 3175 3285 3247 quoniam
3326 3191 3346 3227 ι
3370 3175 3437 3228 ad

1862 3280 1913 3328 te
1940 3271 2117 3327 omnis
2147 3284 2278 3326 caro
2300 3270 2501 3325 veniet.
2526 3289 2546 3323 ι

1932 3363 2098 3420 Vnus.
2132 3362 2186 3418 5.
2221 3359 2385 3435 746
2413 3359 2628 3424 Beatus,
2658 3376 2810 3431 quem
2831 3359 3055 3429 elegisti,
3083 3366 3192 3414 etc.
3222 3355 3280 3411 Si
3304 3356 3441 3412 bea-

1863 3465 1951 3513 tus
1999 3456 2072 3511 sit
2115 3469 2276 3525 quem
2330 3453 2540 3525 elegisti
2585 3460 2641 3509 et
2694 3450 3065 3520 assumpsisti,
3100 3448 3240 3504 beati
3276 3447 3442 3518 igitur

1863 3550 2020 3623 pauci
2054 3550 2149 3620 qui
2197 3548 2354 3603 electi
2384 3564 2396 3613 ;
2431 3546 2524 3601 sed
2556 3558 2662 3599 non
2694 3541 2851 3597 multi
2904 3542 2995 3611 qui
3046 3539 3221 3596 solum
3267 3537 3445 3594 vocati

1864 3652 1990 3700 sunt
2011 3643 2079 3697 ⁸⁸.
2105 3640 2241 3696 Nam
2275 3639 2433 3711 pauci
2466 3637 2542 3693 illi
2574 3635 2733 3690 electi
2781 3634 3057 3705 reperient
3089 3632 3258 3687 vitam
3287 3637 3447 3686 aeter-

1868 3753 2013 3803 nam,
2047 3751 2172 3792 cum
2208 3733 2576 3803 incedantper
2608 3731 2753 3785 viam
2806 3737 3015 3784 arctam
3048 3735 3104 3782 et
3131 3732 3445 3795 angustam,

1866 3847 1987 3902 quae
2008 3829 2237 3885 ducitad
2260 3841 2400 3882 eam.
2430 3826 2584 3883 Multi
2607 3840 2755 3890 vero,
2784 3808 2875 3894 qui
2902 3820 3074 3878 solum
3094 3819 3273 3874 vocati
3296 3825 3443 3879 sunt,

1868 3938 1990 3978 cum
2028 3920 2306 3975 ambulent
2344 3934 2440 3990 per
2470 3919 2610 3973 viam
2642 3917 2810 3971 latam
2849 3928 2969 3984 quae
3004 3912 3153 3967 ducit
3179 3912 3246 3964 ad
3274 3909 3448 3964 inter-

1870 4018 2028 4086 itum,
2072 4031 2178 4071 non
2228 4012 2551 4070 habitabunt
2591 4011 2644 4066 in
2695 4010 2851 4066 atriis
2894 4007 3001 4064 tuis
3044 4008 3098 4062 itt
3152 4013 3225 4071 te,
3276 4014 3453 4071 neque

1870 4111 2096 4183 plantati
2130 4110 2183 4165 in
2215 4109 2375 4165 domo
2406 4107 2621 4164 Domini
2653 4101 3014 4161 ﬂorebunt”.
3036 4098 3304 4154 Caeterum
3324 4108 3453 4164 por-

1874 4216 1938 4262 tae
1968 4205 2171 4269 multae,
2194 4211 2322 4259 sunt
2346 4201 2540 4265 multas
2588 4202 2705 4255 ista:
2736 4195 3050 4252 mansiones
3098 4205 3217 4261 quae
3259 4189 3314 4243 in
3353 4185 3450 4241 do-

178 4279 327 4373 οἴκῳ
356 4301 451 4355 τοῦ
478 4302 694 4373 Πατρὸς
720 4302 895 4373 μοναί.
921 4314 941 4353 ι
967 4301 1398 4374 Πλησθησόμεθα
1424 4305 1480 4357 ἐν
1503 4307 1615 4368 τοῖς
1640 4305 1741 4374 ἀγα

1878 4314 1965 4353 mo
2009 4297 2189 4353 Patris
2232 4294 2448 4351 sunt”.
2507 4291 2898 4362 (Replebimur
2950 4288 3004 4341 in
3054 4282 3211 4339 bonis
3252 4279 3450 4334 domus

2087 4390 2112 4395 ‘
2167 4389 2178 4395 ‘
2268 4388 2279 4395 ·
2442 4386 2454 4395 ·
2656 4386 2666 4395 ·
2756 4382 2768 4395 ⁸
2939 4374 3147 4395 ηηηξμε
3182 4380 3228 4395 ,ιι
3267 4369 3418 4395 ...ηυξ

175 4397 308 4459 Θοῖς
337 4394 430 4449 τοῦ
480 4397 629 4449 οἴκου
671 4413 784 4448 σου.
822 4415 841 4447 ι
874 4397 935 4449 οι
985 4397 1383 4467 πεφυτευμένοι
1431 4399 1488 4450 ἐν
1522 4397 1599 4468 τῷ
1640 4398 1741 4451 οἵκι

1880 4402 2005 4449 tum.
2026 4410 2044 4443 ι
2078 4389 2183 4457 Qui
2229 4386 2457 4460 plantati
2490 4395 2616 4442 sunt
2655 4386 2709 4439 in
2739 4382 2906 4438 domo.
2939 4374 3151 4433 Domini
3178 4380 3235 4427 et
3267 4369 3453 4427 multi-

179 4490 424 4562 Κυρίου,
456 4489 791 4561 πλησθέντες
838 4492 895 4545 ὲν
940 4493 1052 4554 τοῖς
1081 4491 1307 4560 ἀγαθοῖς
1334 4489 1520 4556 αὐτοῦ,
1550 4489 1776 4561 ἐξανθή-

177 4601 381 4637 σουσιν
413 4586 471 4637 ὲν
505 4578 594 4647 αἷς
620 4583 1035 4654 κατοικήσουσιν
1069 4583 1277 4651 αὐλαῖς.
1317 4602 1334 4635 ι
1375 4584 1561 4653 Ἄγιος
1590 4585 1618 4645 ό
1650 4583 1775 4646 ναός

178 4696 315 4741 σου,
359 4678 669 4749 θαυμαστὸς
716 4680 774 4731 ὲν
819 4676 1155 4750 δικαιοσύνῃ.
1196 4696 1214 4728 ι
1255 4678 1314 4729 '0
1362 4676 1614 4747 Χριστὸς,
1649 4676 1774 4741 ναὸς

174 4770 266 4825 ὢν
295 4770 389 4823 τοῦ
422 4771 636 4844 Ila-cpe;
663 4769 769 4826 τοῦ
782 4771 839 4823 ὲν
864 4768 1033 4841 αὐτῷ,
1063 4770 1154 4825 καὶ
1184 4769 1338 4838 ἆγιός
1365 4770 1480 4823 ἐστι
1521 4769 1615 4823 καὶ
1648 4768 1779 4824 θαυ-

177 4864 405 4937 μαστὸς
440 4867 496 4917 ὲν
524 4862 857 4934 δικαιοσύνῃ.
905 4863 1018 4933 Οὐχ
1048 4860 1280 4934 ἁρμόζει
1314 4862 1372 4915 δὲ
1417 4862 1479 4916 τὸ
1527 4862 1778 4933 δεύτερον

176 4954 292 5008 ἐπὶ
317 4954 410 5009 τοῦ
442 4954 700 5027 αἰσθητοῦ
728 4952 980 5022 λέγεσθαι
1012 4950 1161 5005 ναοῦ.
1199 4970 1217 5003 ι
1260 4952 1323 5005 Ὴ
1362 4953 1518 5017 ἐλπὶς
1559 4953 1778 5008 πάντων

174 5045 310 5100 τῶν
345 5046 595 5117 περάτων
616 5046 717 5116 τῆς
751 5045 873 5115 γῆς,
910 5063 928 5096 ι
960 5045 1055 5097 καὶ
1082 5043 1148 5096 τὰ
1172 5043 1315 5114 ἑξῆς.
1349 5045 1413 5097 Ὃ
1441 5044 1637 5113 λέγων,
1678 5060 1781 5115 μα-

177 5140 343 5212 κρὰν
373 5140 473 5209 τῆς
499 5139 773 5210 θαλάσσης
795 5136 892 5202 ὢν,
921 5138 1256 5209 προφητεύει
1285 5138 1412 5208 περὶ
1452 5135 1560 5189 τῶν
1593 5139 1651 5189 ὲν
1687 5137 1783 5190 θα-

178 5232 391 5311 λάσσῃ,
420 5230 635 5302 μακρὰν
684 5228 845 5285 αὐτοῦ
880 5228 1329 5300 κυματουμένων,
1364 5229 1395 5300 ἢ
1426 5227 1682 5298 περὶτῶν
1725 5230 1782 5281 ὲν

179 5323 534 5396 βαθυτάταις
559 5322 729 5377 ὅντων
762 5323 1138 5393 περιστάσεσι,
1174 5322 1267 5374 καὶ
1288 5320 1586 5389 λεγόντων·
1625 5316 1786 5374 «Ἦλ-

183 5417 297 5471 Οον
332 5418 412 5481 είς
435 5414 503 5470 τὰ
535 5415 674 5487 βάθη
700 5415 801 5487 τῆς
826 5414 1123 5487 θαλάσσης.
1159 5434 1178 5468 ι

272 5507 746 5566 Κατασκηνώσει
789 5507 859 5563 ὲν
901 5509 1029 5575 ταῖς
1074 5507 1291 5576 αὐλαῖς
1332 5508 1539 5573 αὐτοῦ,
1571 5526 1625 5562 κ.
1657 5526 1705 5562 τ.
1736 5510 1781 5560 ὲ.

1878 4484 2057 4553 plicati
2101 4484 2154 4537 in
2196 4482 2354 4538 bonis
2406 4479 2545 4549 ejus,
2585 4475 2925 4533 efﬂorescunt
2951 4470 3004 4525 in
3040 4465 3196 4521 atriis
3224 4478 3346 4534 quze
3373 4461 3459 4517 in-

1886 4576 2228 4631 ltabitabunt.
2278 4573 2591 4629 «Sanctum
2636 4578 2720 4622 est
2775 4563 3030 4633 templum
3090 4570 3262 4623 tuum,
3294 4555 3465 4610 mira!

1883 4667 1991 4723 bile
2020 4667 2075 4722 in
2112 4665 2350 4735 justitia.
2381 4681 2401 4716 ι
2432 4658 2688 4718 Christus
2721 4670 2845 4712 cum
2880 4653 3138 4723 templum
3172 4650 3243 4705 sit
3283 4646 3463 4702 Patris

1885 4760 1978 4830 qui
2018 4759 2072 4813 in
2102 4759 2219 4829 ipso
2248 4763 2354 4822 est,
2376 4765 2431 4810 et
2458 4761 2684 4809 sanctus
2714 4759 2768 4806 et
2796 4746 3141 4807 admirabilis
3166 4743 3218 4798 in
3247 4738 3462 4813 justitia

1886 4829 2126 4909 exsistit.
2155 4849 2275 4906 Non
2329 4846 2585 4905 convenit
2629 4853 2813 4899 autem
2862 4841 3005 4897 istud
3055 4836 3352 4894 secundum
3398 4829 3465 4888 de

1887 4945 2131 5003 sensibili
2167 4942 2369 5014 templo
2423 4940 2552 4995 dici.
2588 4937 2761 5008 «Spes
2808 4934 3054 4990 omnium
3109 4929 3300 4984 tinium
3352 4932 3464 4978 ter-

1886 5056 1981 5106 ne,
2014 5059 2032 5092 ι
2071 5049 2177 5093 etc.
2211 5035 2575 5099 Ilaec'dicens,
2607 5047 2728 5087 cum
2761 5028 2946 5100 procul
2980 5027 3195 5084 abesset
3233 5035 3265 5074 a
3304 5016 3465 5084 mari,

1887 5134 2223 5189 vaticinatur
2250 5130 2316 5186 de
2344 5130 2411 5185 iis
2436 5128 2525 5198 qui
2558 5126 2745 5197 procul
2790 5125 2859 5180 ab
2893 5124 3009 5191 ipso
3055 5124 3266 5173 stantes
3310 5108 3470 5164 undis

1890 5228 2196 5298 agitantur,
2230 5224 2314 5280 vel
2367 5223 2432 5277 de
2472 5222 2538 5277 iis
2569 5222 2661 5293 qui
2710 5223 2765 5275 in
2791 5212 3134 5290 gravissimis
3163 5201 3470 5298 amic‘tioni-

1892 5292 1993 5372 bus
2026 5324 2342 5381 versantur,
2387 5322 2553 5383 atque
2588 5311 2777 5367 dicunt
2814 5323 2831 5363 :
2874 5325 2893 5358 ι
2935 5301 3067 5359 Veni
3113 5292 3469 5371 injaltitudi-

1896 5425 2018 5465 nem
2055 5408 2221 5464 maris
2243 5409 2309 5461 ⁸⁵.
2332 5426 2351 5462 ι

1965 5502 2098 5561 lam.
2133 5499 2461 5555 Inhabitabit
2514 5498 2569 5552 in
2622 5494 2773 5549 atriis
2816 5489 2945 5558 luis,
2984 5495 3091 5543 etc.
3132 5479 3348 5540 Atrium
3372 5477 3475 5531 Do-

270 5651 323 5685 ³³
361 5645 760 5714 Matth.xx,16.
833 5646 879 5678 “
914 5645 1061 5701 Psai.
1090 5662 1198 5713 XCI,
1232 5645 1319 5700 M.
1391 5645 1440 5678 ³³
1469 5644 1630 5701 Joan.
1673 5661 1788 5716 xtv,
1813 5646 1868 5703 2.
1946 5644 1994 5677 ⁸⁸
2015 5640 2159 5699 Psal.
2203 5653 2394 5702 LXVIII,
2418 5634 2472 5689 5.

271 5770 395 5839 (30)
421 5767 630 5833 Εὑθεῖς
650 5766 724 5839 τῇ
747 5766 979 5839 xapetg.
1004 5775 1109 5839 etc.
1144 5763 1345 5821 Catena
1375 5764 1645 5822 Corderii.

275 5836 394 5911 (δι)
439 5838 738 5911 ἙνᾼΣιών,
765 5851 869 5892 etc.
907 5836 1125 5911 Eadem.

278 5906 816 5979 (5:!)Elo'dxovoor,
854 5919 960 5966 etc.
1002 5906 1227 5964 Eadem.

1967 5762 2079 5834 (⁸55)
2106 5762 2282 5830 Λόγοι
2309 5758 2570 5834 ἀνόμων,
2591 5762 2728 5834 etc;
2742 5751 2961 5834 Eadem.

1973 5822 2082 5907 ξω)
2108 5836 2176 5889 Et
2200 5822 2519 5902 ἰιακιὶρὶος,
2551 5833 2655 5881 etc.
2690 5822 2907 5878 Eadem.
