3808 6512
145 406 163 461 ί
174 406 254 462 197

1036 397 1341 456 SELECTA
1384 397 1450 453 IN
1487 396 1827 454 PSALMOS.
1866 430 1934 441 --
1974 399 2170 455 PSAL.
2211 397 2371 454 LXV.

3208 399 3346 455 MSS

198 521 536 593 Εὐλογήο-εις
568 518 673 579 τὸν
700 517 1005 589 στέφανον
1026 518 1131 572 τοῦ
1157 519 1454 581 ἐνιαυτοῦ,
1476 535 1529 572 κ.
1548 535 1598 570 τ.
1618 518 1664 569 ὲ.

1850 516 2013 572 Vens.
2054 518 2143 573 12.
2187 518 2469 572 Benedicta:
2511 532 2724 575 corona:
2769 515 2917 581 anui,
2965 524 3073 575 etc.
3113 513 3167 571 ln
3207 516 3347 573 Isaia

150 619 221 670 Ἐν
258 614 432 686 Ἡσαΐᾳ
458 612 570 684 (44)
598 611 751 683 φησί’
784 631 803 663 ι
842 609 1064 683 Πνεῦμα
1096 611 1302 683 Κυρίου
1348 613 1432 666 ἐπ’
1458 612 1578 682 ἐμὲ,
1605 602 1666 665 οὗ

137 710 290 763 ἕνεκεν
311 705 488 778 έχρισέ
517 723 604 777 με,
623 705 1077 774 εὐαγγελίσασθαι
1100 707 1333 775 πτωχοῖς
1362 703 1669 758 ἀπέσταλκέ

138 814 216 871 με,
257 798 491 854 ἰάσασθαι
528 799 654 865 τοὺς
713 797 1212 872 συντετριμμένους
1269 798 1369 870 τὴν
1420 797 1668 867 καρδίαν,

134 890 331 963 κηρύξαι
360 888 724 961 αἰχμαλώτοις
754 888 967 959 ἄφεσιν,
998 890 1092 942 καὶ
1117 889 1333 960 τυφλοῖς
1354 889 1669 960 ἀνάϐλεψιν,

134 988 213 1040 καὶ
230 984 430 1039 καλέσαι
455 981 697 1037 ἐνιαυτὸν
736 981 940 1054 Κυρίου
974 981 1179 1037 δεκτόν.
1211 1002 1229 1035 ι
1263 982 1534 1036 Ἐνιαυτὸν
1558 981 1670 1036 τοί-

131 1095 214 1133 νυν
232 1076 577 1149 χρηστότητος
590 1074 681 1129 τὸν
715 1073 850 1145 μετὰ
875 1073 975 1147 τὴν
1000 1072 1411 1147 ὲνανθρώπησιν
1443 1074 1537 1128 τοῦ
1560 1076 1674 1128 Σω-

52 1152 55 1157 ’
128 1170 271 1240 τῆρος
305 1166 550 1239 ὀνομάζει
584 1165 792 1237 χρόνον,
826 1166 901 1229 ὡς
937 1166 1065 1236 μίαν
1108 1166 1258 1238 αὑτῷ
1293 1166 1672 1239 καρποφορίαν

127 1260 457 1333 προσάγοντα.
495 1258 680 1329 Τούτῳ
710 1258 813 1334 τὴν
858 1257 1109 1329 εὐλογίαν
1140 1260 1167 1317 ὁ
1193 1260 1483 1332 προφήτης
1505 1258 1679 1333 ἐπηύ·

127 1353 256 1421 ξατο.

184 1442 601 1511 Πιαγθήσονται
650 1444 722 1498 τὰ
758 1441 940 1510 ὡραῖα
998 1442 1107 1513 τῆς
1147 1442 1392 1513 ἐρήμου,
1428 1460 1482 1499 κ.
1531 1460 1581 1497 τ.
1626 1442 1673 1496 ὲ.

129 1538 489 1609 Ἐπιφανείσης
523 1536 636 1607 (45)
682 1538 780 1611 τῆς
812 1537 1198 1611 χρηστότητος,
1252 1538 1457 1612 ἕρημος
1514 1537 1675 1593 δώσει

116 1631 325 1703 καρπὸν,
371 1632 467 1685 καὶ
504 1631 554 1683 οἱ
613 1629 810 1700 βουνοὶ,
859 1631 943 1701 ἐφ’
974 1624 1048 1687 ὦν
1082 1630 1237 1687 ἔθυον
1269 1633 1507 1706 δαίμοσι,
1551 1636 1678 1698 τοὺς

113 1718 438 1788 εὐαγγελικὸν
471 1720 749 1791 μετιόντας
778 1718 1126 1786 ὑποδέξονται
1155 1721 1290 1793 βίον,
1324 1724 1676 1798 περίϐλεπτοι

109 1811 194 1865 διὰ
208 1811 413 1875 τούτους
446 1811 745 1884 γενόμενοι.
782 1815 890 1870 Καὶ
914 1813 1009 1870 νῦν
1041 1814 1099 1868 δὲ
1132 1814 1373 1881 ἅπαντες
1399 1818 1537 1890 πρὸς
1552 1819 1676 1882 τοὺς

111 1902 204 1964 τὰς
233 1902 525 1974 ἀκρωρείας
554 1903 950 1976 κατειληφότας
982 1904 1260 1977 τρέχουσι.

175 1994 277 2048 Καὶ
313 1998 367 2048 al
416 1995 694 2063 κοιλάδες
735 1997 1141 2066 πληθυνοῦσι,
1172 2016 1226 2052 κ.
1261 2016 1312 2052 τ.
1350 2000 1398 2055 ὲ.
1442 2000 1567 2059 Ἐπὶ
1620 2001 1683 2055 τὸ

114 2085 306 2155 βέλτιον
345 2085 478 2156 (46),
529 2087 682 2158 φησὶ,
744 2088 1150 2159 μεταϐαλοῦσαι
1180 2092 1236 2147 αἱ
1265 2091 1530 2159 κοιλάδες,
1588 2094 1683 2149 καὶ

106 2174 479 2248 πληθυνοεῖσαι
516 2176 720 2250 νοητῶν
756 2178 1005 2251 καρπῶν,
1035 2180 1273 2247 ἐκτενῶς
1308 2199 1389 2236 σοι
1422 2183 1548 2249 τοὺς
1580 2183 1683 2261 ὓμ-

98 2285 223 2333 νους
246 2268 643 2341 ἀναπέμψουσι.

1774 607 1906 671 di_cit
1932 608 1977 639 ⁸⁸
2004 625 2018 662 :
2059 626 2076 658 ι
2108 608 2342 676 Spiritus
2372 609 2588 665 Domini
2624 624 2787 678 super
2821 623 2926 678 me,
2956 617 3176 679 propter
3204 608 3348 677 quod

1772 702 1933 755 unxit
1972 716 2080 766 me,
2117 702 2497 772 evangelizare
2529 704 2862 772 pauperibus
2908 702 3056 757 misit
3106 715 3213 767 me,
3263 717 3350 755 sa-

1772 809 1906 851 nare
1954 794 2227 849 contritos
2277 795 2461 859 corde,
2527 795 2827 861 praedicare
2879 794 3111 863 captivis
3159 794 3351 848 remis-

1774 888 2006 954 sionem,
2033 895 2085 942 et
2120 887 2284 940 cmcis
2320 886 2518 951 visum,
2565 896 2619 942 et
2658 902 2857 942 vocare
2899 902 3100 941 annum
3138 885 3350 940 Domini

1773 989 2074 1052 acceptum.
2111 999 2130 1033 ›
2168 980 2387 1034 Annum
2432 979 2597 1049 igitur
2627 981 2977 1051 benignitatis
3024 989 3180 1035 vocat
3216 990 3352 1034 tem-

1772 1092 1874 1149 pus
1908 1083 2032 1145 post
2072 1072 2371 1128 Salvatoris
2418 1072 2592 1125 nostri
2641 1071 3090 1137 incarnationem,
3152 1072 3353 1142 quippe

1775 1169 1922 1240 quod
1965 1169 2255 1237 quamdam
2310 1166 2611 1220 ubertatem
2650 1164 2749 1235 ipsi
2776 1164 2985 1225 aﬂ‘eral.
3015 1164 3151 1221 lluic
3188 1163 3354 1220 bene-

1776 1261 2066 1321 dictionem
2097 1259 2361 1333 propheta
2392 1259 2741 1329 precabatur.

1853 1444 2011 1501 Vens.
2056 1443 2143 1497 l5.
2189 1440 2537 1515 Pinguescant
2570 1440 2802 1511 speciosa
2840 1440 3051 1504 deserti,
3088 1448 3194 1503 etc.
3243 1439 3355 1493 llac

1778 1536 2110 1605 benignitate
2153 1536 2456 1603 exoriente,
2490 1535 2766 1589 desertum
2812 1534 2961 1587 dabit
2999 1531 3257 1597 fructum,
3300 1541 3356 1585 et

1778 1628 1967 1693 colles,
2032 1628 2086 1681 in
2147 1626 2345 1697 quibus
2414 1627 2644 1681 litabant
2692 1628 3062 1693 daemonibus,
3112 1641 3207 1680 eos
3260 1624 3353 1693 qui

1779 1721 2146 1792 evangelicum
2178 1722 2343 1775 vitam
2385 1720 2611 1786 ducunt,
2650 1721 2957 1789 excipient,
3016 1728 3065 1776 et
3119 1719 3357 1773 illustres

1782 1828 1878 1884 per
1910 1814 2006 1871 bos
2035 1813 2183 1871 ﬁent.
2233 1812 2371 1885 Quin
2412 1812 2578 1867 etiam
2629 1813 2785 1866 modo
2824 1826 3016 1868 Omnes
3064 1817 3360 1867 accurrunt

1706 1878 1749 1935 Β
1780 1907 1847 1958 ad
1880 1918 1974 1959 eos
1997 1904 2088 1973 qui
2128 1904 2395 1957 montium
2425 1904 2741 1973 crepidines
2770 1913 3128 1975 occuparunt.

1853 1996 2019 2055 Vsus.
2063 1997 2151 2052 M.
2186 1994 2253 2050 Et
2294 1996 2461 2053 valles
2495 1996 2866 2060 abundabunt,
2897 2005 3002 2050 etc.
3034 1995 3228 2059 Valles,
3276 1993 3359 2046 in-

1779 2093 1916 2165 quit,
1955 2092 2008 2146 in
2046 2090 2240 2147 melius
2288 2097 2529 2153 mutatae,
2573 2096 2627 2144 et
2662 2088 3042 2158 spiritualibus
3092 2086 3358 2143 fructibus

1779 2183 2178 2261 multiplicatae,
2217 2180 2428 2252 prolixe
2457 2183 2554 2238 tibi
2580 2182 2767 2238 laudes
2799 2179 3050 2237 offerent.

656 2460 949 2517 ΨΑΛΜΟΣ
982 2460 1101 2516 ΞΕν.

174 2546 535 2612 Ἄλαλάξατε
562 2548 642 2615 τῷ
672 2549 815 2616 Θεῷ,
854 2569 908 2608 κ.
943 2569 995 2607 τ.
1034 2554 1081 2609 ἐ.
1130 2553 1287 2611 Ἀλλὰ
1316 2557 1411 2610 καὶ
1445 2556 1554 2631 (47)
1578 2560 1678 2632 τῆς

89 2636 236 2708 μετὰ
271 2638 552 2708 μετάνοιαν
588 2641 937 2707 ἀναστάσεως
970 2645 1104 2699 πᾶσι
1138 2648 1509 2720 προκειμένης
1542 2650 1679 2704 πάνυ·

86 2743 183 2792 τες
227 2726 657 2791 ἁλαλαζέτωσαψ
694 2730 833 2801 πρὸς
861 2731 1091 2786 ἕκαστον
1122 2734 1231 2809 γὰρ
1259 2735 1499 2803 λέγεται·
1527 2736 1680 2805 «Μή-

86 2834 141 2869 τι
174 2818 205 2869 ὀ
237 2816 413 2870 πεσὼν
458 2818 557 2871 οὐκ
593 2818 910 2887 ἁνίσταται;
955 2842 973 2877 ι
1012 2824 1121 2878 Καὶ
1150 2824 1286 2896 πρὸς
1322 2825 1539 2881 ἃπασαν
1577 2828 1676 2902 τὴν

85 2907 202 2963 ἀπὸ
231 2906 336 2961 τῶν
370 2907 537 2962 ἐθνῶν
579 2911 903 2982 Ἐκκλησίαν
929 2913 960 2971 ό
992 2912 1196 2986 Κύριος
1237 2915 1408 2984 λέγει·
1443 2936 1461 2969 ι
1516 2918 1676 2975 Ἀνάε-

82 3017 212 3064 στα,
234 2996 351 3053 tios
374 3001 407 3070 ἡ
428 2999 652 3071 πλησίον
680 3020 800 3073 μου.
835 3023 853 3055 ›
897 3005 956 3057 ὐ
990 3004 1097 3077 γὰρ
1123 3006 1360 3069 ἀναστὰς
1391 3007 1479 3062 διὰ
1515 3026 1680 3084 μετα.-

79 3092 238 3155 νοίας
266 3092 363 3145 οὐκ
396 3091 511 3145 ἔστι
541 3093 731 3166 πόρρω
760 3096 1017 3168 Χριστοῦ.
1052 3096 1358 3175 Γενομένης
1386 3098 1445 3153 δὲ
1472 3100 1570 3171 τῆς
1618 3103 1677 3158 ἐν

76 3183 389 3255 ἀλαλαγμῷ
408 3183 549 3237 κατὰ
572 3186 680 3240 τῶν
708 3187 1040 3258 ἡττωμένων
1072 3190 1275 3260 φωνῆς,
1308 3192 1356 3246 οἱ
1378 3190 1679 3262 ἐλευθερωο

76 3276 273 3338 Θέντες
303 3277 727 3348 προστάττονται
746 3279 824 3349 τῷ
847 3279 947 3350 τῆς
973 3280 1130 3355 νίκης
1157 3282 1315 3354 αἰτίῳ
1343 3283 1511 3353 ψάλαι
1535 3284 1674 3356 Θεῷ.

70 3367 257 3433 Δόξαν
301 3369 359 3421 δὲ
405 3368 619 3422 δίδωσιν
651 3370 851 3423 αἰνέσει
902 3370 1068 3425 αὑτοῦ
1106 3374 1135 3426 ὁ
1177 3372 1315 3444 ἔχων
1359 3377 1424 3446 τῇ
1477 3376 1678 3430 αἰνέσει

67 3459 289 3530 πρᾶξιν
319 3460 673 3534 κατάλληλον’
705 3483 724 3518 ‹
781 3466 907 3531 Τοῖς
960 3462 1067 3536 γὰρ
1093 3463 1275 3525 εὐθέσι
1310 3466 1509 3538 πρέπει
1538 3468 1680 3523 αἴνε-

67 3570 188 3617 σις·
239 3572 258 3604 ι
298 3553 379 3606 διὸ
412 3554 678 3609 κωλύεται
703 3555 731 3607 ὁ
760 3553 961 3624 φαῦλος
988 3556 1145 3611 τοῦτο
1176 3561 1369 3617 ποιεῖν·
1405 3578 1422 3613 t
1460 3560 1561 3617 οὑκ
1594 3560 1681 3616 ὅν-

63 3659 164 3708 τος
201 3644 412 3716 ὡραίου
440 3646 589 3701 αἴνου
621 3648 677 3699 ὲν
699 3646 925 3717 στόματι
960 3647 1308 3720 ἀμαρτωλοῦ.
1354 3668 1372 3701 ι

141 3738 386 3791 Εἴπατε
416 3737 494 3804 τῷ
512 3733 1019 3811 ΘεῷθὩςφοϐερὰ,
1056 3756 1112 3794 κ.
1142 3756 1192 3793 τ.
1225 3740 1273 3795 ὲ.
1323 3740 1381 3793 '0
1415 3738 1536 3794 ἰδὼν
1567 3741 1678 3813 (48)

58 3829 353 3901 διαφορὰν
385 3828 481 3885 τοῦ
529 3829 950 3899 ἁναγγείλαντος
978 3829 1046 3883 τὰ
1075 3830 1211 3903 ἔργα
1244 3831 1337 3891 τοῦ
1376 3830 1511 3884 Θεοῦ
1546 3831 1680 3903 πρὸς

56 3922 147 3987 τὸ,
208 3941 228 3973 ι
268 3922 384 3979 Καὶ
415 3921 485 3975 τὰ
518 3924 800 3994 ποιήματα
833 3922 998 3976 αὐτοῦ
1037 3924 1296 3997 συνῆκαν·
1336 3942 1360 3983 ν»
1391 3925 1679 3995 εἰρημένον

53 4017 119 4068 ὲν
149 4013 450 4086 ἑξηκοστῷ
486 4015 654 4086 τρίτῳ
690 4013 907 4086 ιζιααλιιιῲ⁸
939 4015 1033 4069 καὶ
1066 4014 1184 4079 πῶς
1213 4015 1426 4087 εἴρηται
1459 4018 1515 4068 ὲν
1548 4018 1681 4071 ἑκα-

50 4108 257 4180 τοο·τῷ
293 4108 456 4179 ’ἐκτιρο
519 4127 537 4159 ι
576 4110 639 4162 Ol
690 4108 1108 4172 καταϐαίνοντες
1163 4110 1242 4173 είς
1298 4108 1570 4167 θάλασσαν
1623 4112 1680 4168 ὲν

46 4201 317 4265 πλοίοις,
363 4200 643 4264 ποιοῦντες
690 4199 953 4272 ἐργασίαν
982 4201 1039 4253 ὲν
1078 4199 1233 4254 ὕδασι
1270 4201 1504 4265 πολλοῖς,
1530 4202 1681 4255 αὐτοὶ

46 4293 215 4349 εἶδον
261 4294 335 4348 τὰ
368 4293 505 4367 ἔργα
539 4295 768 4366 Κυρίου,
795 4295 889 4348 καὶ.
929 4294 999 4348 τὰ
1024 4295 1304 4365 θαυμάσια
1325 4296 1490 4350 αὑτοῦ
1526 4297 1582 4350 ἐν
1604 4296 1682 4370 τῷ

46 4385 253 4458 βυθῷο
305 4406 324 4437 ι
365 4385 553 4456 ὄψεται
587 4387 705 4451 πῶς
723 4386 804 4439 δεῖ
831 4386 1009 4455 λέγειν
1037 4385 1113 4458 τῷ
1134 4386 1270 4458 Θεῷ·
1304 4405 1327 4437 ι
1362 4388 1447 4450 Ὠς
1477 4386 1683 4459 φοϐερὰ

42 4480 124 4535 τὰ
164 4478 328 4550 ἔργα
364 4495 480 4532 σουο
508 4497 526 4529 ι
551 4478 672 4549 οὐχὶ
695 4478 774 4544 δὲ,
808 4498 825 4529 t
864 4477 1074 4549 Φοϐερὰ
1106 4478 1172 4539 τὰ
1202 4468 1482 4550 ποιήματά
1514 4497 1625 4534 σου.
1660 4498 1678 4531 ι

38 4574 176 4626 Καὶ
236 4572 360 4645 γὰρ
393 4572 459 4626 τὰ
498 4571 635 4645 ἔργα
670 4572 875 4642 Κυρίου
919 4571 1131 4625 εῖδοσαν
1190 4574 1236 4633 οἱ
1264 4572 1685 4637 καταϐαίνοντες

2215 2464 2381 2537 748
2417 2461 2738 2525 PSALMUS
2772 2460 2947 2517 va.

1858 2561 2024 2625 Vens.
2065 2561 2121 2615 ἓ.
2162 2557 2400 2612 Jubilale
2446 2556 2576 2623 Deo,
2624 2566 2734 2609 etc.
2787 2554 2891 2608 Sed
2936 2562 2988 2606 et
3028 2560 3148 2622 post
3192 2552 3367 2619 paeni-

1784 2657 2013 2708 tentiam
2080 2651 2487 2706 resurrectione
2544 2648 2798 2703 omnibus
2849 2644 3126 2714 proposita
3175 2655 3366 2697 omnes

1771 2742 2010 2812 jubilent
2053 2759 2068 2808 ;
2110 2744 2176 2794 ad
2212 2752 2655 2808 unumquemque
2686 2736 2829 2790 enim
2878 2736 3122 2788 dicitur:
3160 2751 3177 2783 ι
3210 2731 3362 2785 Nun-

1776 2836 1910 2911 quid
1947 2834 2037 2905 qui
2079 2831 2300 2899 cecidit,
2351 2845 2456 2884 non
2515 2829 2752 2897 resurgit
2778 2827 2869 2879 89?
2902 2845 2918 2876 p
2957 2825 3020 2879 Et
3046 2824 3112 2878 ad
3144 2823 3367 2877 univer-

1784 2942 1903 2987 sam
1936 2924 2235 2989 Ecclesiam
2272 2937 2337 2975 ex
2368 2919 2622 2989 gentibus
2661 2918 2925 2971 Dominus
2954 2916 3032 2973 ait
3062 2936 3073 2971 ;
3112 2933 3130 2966 ι
3168 2914 3365 2984 Surge,

1784 3014 1906 3071 veni
1937 3012 2187 3083 proxima
2220 3023 2338 3064 mea
2370 3007 2437 3061 ⁸ο.
2471 3026 2489 3060 ›
2521 3006 2619 3077 Qui
2653 3006 2797 3059 enim
2843 3018 2939 3073 per
2984 3003 3364 3073 paenitentiam

1708 3095 1750 3152 C
1783 3105 2044 3172 resurgit,
2082 3116 2189 3156 non
2218 3108 2302 3154 est
2329 3097 2568 3168 procula
2604 3096 2844 3150 Christo.
2885 3095 3047 3150 Facta
3097 3107 3276 3149 autem
3312 3095 3366 3148 in

1771 3194 2092 3269 jubilatione
2114 3200 2304 3247 contra
2326 3189 2568 3247 devictos
2593 3202 2745 3251 voce,
2774 3187 2829 3242 lii
2854 3188 2943 3255 qui
2977 3186 3190 3241 liberati
3226 3195 3356 3240 sunt

1775 3288 2032 3357 jubentur
2080 3284 2190 3341 Deo
2254 3282 2497 3341 victoriae
2547 3280 2755 3334 auctori
2822 3279 3085 3348 pSaImum
3152 3277 3358 3333 dicere.

1782 3379 1953 3434 Porro
1984 3375 2211 3446 gloriam
2243 3372 2334 3427 dat
2374 3372 2515 3425 laudi
2551 3370 2688 3439 ejus,
2720 3371 2811 3442 qui
2841 3371 3062 3425 exhibet
3089 3372 3362 3425 actionem

1778 3467 1925 3531 laudi
1966 3474 2431 3521 consentaneam:
2473 3478 2493 3512 ι
2534 3461 2729 3517 Rectos
2765 3462 2907 3515 enim
2962 3462 3117 3516 decet
3152 3461 3363 3516 collau-

1781 3560 1930 3619 datio
1957 3559 2033 3610 ἰι
2058 3577 2076 3609 ι
2113 3556 2315 3615 idcirco
2340 3552 2662 3627 prohibetur
2685 3552 2965 3621 improbus
2986 3568 3105 3606 eam
3132 3552 3348 3618 facere;

1788 3671 1806 3703 ι
1845 3652 1972 3722 quia
2007 3665 2112 3704 non
2141 3658 2225 3703 est
2253 3646 2500 3716 speciosa
2530 3645 2647 3701 laus
2684 3647 2735 3700 in
2767 3659 2863 3699 ore
2893 3645 3197 3714 peccatoris
3222 3645 3290 3696 θ’.
3328 3662 3348 3696 ι

1857 3743 2022 3797 Vens.
2065 3742 2117 3795 ὃ.
2144 3738 2315 3794 Dicite
2335 3733 2469 3791 Deo:
2495 3736 2666 3802 Quam
2697 3736 2985 3801 terribilia,
3016 3744 3122 3789 etc.
3153 3735 3252 3800 Qui
3284 3737 3361 3788 vi-

1785 3837 1928 3891 derit
1964 3831 2326 3889 differentiam
2358 3829 2475 3900 ejus
2504 3829 2596 3899 qui
2632 3828 2923 3882 annuntiat
2954 3842 3116 3897 opera
3163 3826 3254 3880 Dei
3296 3826 3369 3881 ad

1783 3930 1934 3993 illud,
1972 3946 1990 3979 ι
2027 3927 2093 3980 Et
2141 3924 2287 3978 facta
2343 3923 2461 3996 ejus
2522 3921 2906 3978 intellexerunt
2971 3939 2987 3976 :
3034 3940 3053 3973 ι
3100 3920 3241 3991 quod
3280 3918 3364 3973 di-

1790 4033 1939 4079 ctum
1971 4032 2055 4075 est
2092 4020 2145 4075 in
2180 4018 2389 4089 psalmo
2420 4016 2759 4087 sexagesimo
2802 4014 2967 4069 tertio
2999 4012 3045 4046 ⁸³
3090 4030 3105 4067 :
3141 4021 3194 4066 et
3228 4026 3365 4079 quo-

1785 4116 1943 4173 modo
1974 4114 2173 4168 dictum
2199 4118 2282 4166 est
2309 4111 2362 4164 in
2393 4110 2692 4165 centesimo
2726 4114 2880 4163 sexto
2906 4106 2993 4160 ⁹⁵ι
3048 4122 3068 4156 ι
3123 4105 3224 4172 Qui
3268 4105 3367 4158 de-

1783 4206 2128 4277 scenduntin
2161 4219 2310 4258 mare
2326 4203 2383 4257 in
2414 4202 2669 4268 navibus,
2701 4200 2965 4255 facientes
2994 4198 3366 4268 operationem

1784 4303 1838 4359 in
1873 4303 2030 4373 aquis
2055 4299 2260 4367 multis,
2296 4297 2399 4368 ipsi
2432 4297 2684 4351 viderunt
2712 4309 2874 4364 opera
2914 4291 3148 4355 Domini,
3173 4300 3227 4343 ct
3263 4289 3368 4342 mi-

1791 4398 1979 4452 rabilia
2011 4395 2126 4465 ejus
2163 4395 2215 4449 in
2262 4390 2556 4463 profundo,
2597 4408 2615 4441 ›
2657 4388 2864 4442 videbit
2899 4384 3170 4456 quomodo
3202 4397 3366 4450 opor—

1717 4460 1761 4516 D
1791 4499 1902 4544 teat
1929 4460 2274 4551 Deo—dicere,
2295 4504 2312 4535 ι
2346 4482 2520 4549 Quam
2551 4479 2820 4566 terribilia
2855 4486 2981 4532 sunt
3009 4490 3172 4544 opera
3209 4484 3321 4540 tua,
3343 4490 3373 4525 ι.

1784 4595 2124 4652 nequaquam
2179 4592 2331 4641 vero,
2384 4593 2402 4625 ι
2457 4571 2746 4627 Terribilia
2804 4581 2931 4625 sunt
2982 4570 3127 4622 facta
3186 4576 3299 4621 tua.
3345 4584 3367 4616 ι

35 4667 137 4730 είς
176 4665 480 4720 Θάλασσαν
516 4667 571 4719 ὲν
598 4665 823 4729 πλοίοις,
850 4666 1150 4736 ἐπιτήδειοι
1187 4666 1329 4719 κατὰ
1358 4666 1515 4720 τοῦτο
1535 4667 1675 4732 ὅντες

1793 4671 2000 4727 Etenim
2037 4684 2199 4740 opera
2248 4667 2460 4724 Domini
2489 4666 2762 4727 viderunt,
2795 4664 2885 4733 qui
2922 4659 3265 4715 descendunt
3311 4658 3369 4711 in

33 4760 202 4813 ἰδεῖν
243 4758 324 4812 τὰ
360 4758 567 4830 φοϐερὰ
606 4758 743 4829 ἔργα
781 4759 1009 4830 Κυρίουο
1052 4758 1121 4812 τὰ
1139 4758 1247 4831 γὰρ
1285 4759 1523 4827 ἀνάλογα
1575 4763 1675 4824 τοῖς

1793 4779 1941 4819 mare
1968 4769 2020 4817 lu
2053 4761 2310 4828 navibus,
2359 4763 2468 4833 apti
2498 4758 2791 4816 secundum
2844 4756 2945 4809 hoc
2981 4753 3168 4807 videre
3203 4749 3366 4804 terri-

28 4855 363 4926 ποιήμασι
417 4855 624 4927 Κυρίου
677 4852 958 4925 θαυμάσια
1008 4852 1175 4913 αὐτοῦ
1209 4853 1374 4925 ἐντῷ
1418 4853 1565 4925 βυθῴ
1589 4856 1675 4908 οὐκ

1793 4856 1916 4912 bilia
1951 4868 2116 4924 opera
2169 4853 2382 4908 Domini
2437 4867 2612 4908 :nant
2665 4849 2891 4918 analoga
2950 4845 3111 4900 factis
3159 4840 3371 4899 Domini

24 4948 178 5003 50"“-
215 4946 467 5021 φοδερά·
1794 4944 2064 4999 mirabilia
2095 4942 2211 5011 ejus
2245 4943 2298 4998 in
2332 4942 2601 5011 profundo
2633 4956 2736 4995 non
2766 4947 2892 4995 sunt
2938 4933 3227 4991 terribilia.

117 5039 343 5099 Πᾶσα
396 5042 435 5109 ἡ
489 5040 565 5109 γῆ
609 5038 1234 5109 προσκυνησάτωσαν,
1287 5057 1341 5094 κ.
1385 5057 1437 5099 τ,
1481 5041 1529 5095 ὲ.
1578 5041 1675 5097 Καῖ

1866 5036 2031 5092 Vens.
2073 5036 2125 5093 Al.
2173 5034 2358 5090 Omnis
2390 5045 2534 5091 terra
2564 5034 2745 5088 adoret
2777 5040 2849 5096 te,
2878 5039 2985 5084 etc.
3015 5027 3186 5081 Etiam
3229 5021 3373 5091 apud

23 5133 226 5205 παρὰ
271 5131 358 5204 τῷ
415 5133 722 5206 Ἀποστόλῳ
750 5131 858 5205 (49)
899 5131 1113 5205 πρῶτον
1163 5150 1181 5183 ι
1224 5131 1613 5205 προσεύξομαι,
1662 5152 1675 5187 l

1793 5128 2117 5197 Apostolutn
2161 5128 2205 5159 ⁹⁶
2260 5128 2439 5198 primo
2489 5125 2607 5179 loco
2655 5120 2876 5193 ponitur
2932 5135 2949 5167 t
2984 5116 3173 5178 orabo,
3213 5131 3231 5162 ι

23 5199 347 5295 δεδτερον
377 5243 394 5276 ι
432 5224 607 5296 ψαλῶ.
646 5245 665 5277 ι
693 5199 1047 5296 ’Ἐπιστήσεις
1073 5224 1151 5289 δὲ,
1185 5226 1235 5278 εἰ
1266 5199 1452 5295 ἕτερόν
1472 5199 1675 5287 ἔστιτὸ,

1797 5219 1977 5275 cundo
2032 5238 2052 5271 ι
2110 5219 2357 5291 psallam.
2409 5237 2429 5271 ι
2475 5216 2710 5272 lnstabis
2762 5222 2966 5273 autem,
3009 5217 3187 5259 utrum
3227 5199 3377 5254 aliud

23 5342 43 5371 ι
94 5318 504 5373 Ψαλάτωσάν
538 5334 640 5381 σοι,
684 5336 701 5368 ι
741 5318 835 5371 καὶ
860 5316 1045 5387 ἕτερον
1076 5318 1158 5381 τὸ,
1190 5336 1206 5367 t
1232 5297 1577 5371 Ψαλάτωσαν

1796 5319 1887 5384 sit,
1933 5335 1952 5366 ι
1988 5314 2187 5370 Psallat
2218 5314 2333 5378 tibi,
2377 5332 2395 5365 ι
2424 5320 2476 5366 et
2514 5310 2677 5373 aliud,
2733 5327 2750 5359 ι
2789 5304 3059 5359 Psaltnum
3089 5299 3230 5354 dicat
3271 5312 3373 5349 no-

23 5410 317 5481 ὁνὸματί
360 5426 478 5463 σοιν
522 5428 539 5460 ›
563 5410 591 5462 ὁ
613 5408 669 5461 δὲ
703 5408 997 5479 Σύμμαχος
1024 5408 1275 5474 ἐξέδωκεο
1308 5427 1326 5460 ι
1364 5409 1571 5473 Πάντες

1802 5409 1930 5466 mini
1961 5418 2053 5462 tuo
2071 5426 2093 5474 ·;
2132 5426 2150 5458 ι
2189 5403 2548 5476 Symmachus
2596 5414 2723 5455 vero
2778 5394 3048 5464 exposuit,
3102 5408 3121 5441 ι
3173 5387 3379 5443 Omnes

110 5546 179 5578 ⁸⁸
213 5543 346 5599 lsa.
383 5558 492 5604 LXI,
524 5542 641 5596 1-5.
676 5612 679 5613 ν
720 5542 764 5575 ⁸⁸
791 5542 933 5597 Psal.
964 5558 1050 5608 ιι..
1077 5544 1130 5600 9.
1206 5543 1253 5575 ⁹⁰
1277 5541 1434 5603 Cant.
1462 5559 1523 5613 tt,
1559 5540 1646 5599 10.

1800 5542 1946 5599 Psal.
1982 5557 2157 5609 xxx",
2184 5542 2236 5597 1.
2314 5540 2358 5571 ⁵⁸
2388 5538 2553 5593 Eccli.
2581 5552 2671 5599 xv,
2694 5532 2746 5593 9,.
2851 5530 2896 5562 ”
2918 5527 3061 5583 Psal.
3084 5541 3265 5603 unt,
3288 5526 3377 5586 lO.

23 5615 70 5644 "‘
123 5614 307 5674 ibid.
351 5629 461 5678 CVI,
491 5613 582 5683 25,
622 5612 716 5667 24.
791 5613 1029 5671 “ltlor.
1064 5630 1175 5683 xw,
1208 5615 1296 5673 15.

110 5726 282 5799 (44)
331 5728 432 5780 Ἑν
467 5722 701 5793 Ἡσαΐᾳ,
745 5737 849 5782 etc.
880 5726 1082 5782 Catena
1114 5726 1381 5783 Corderii.

2219 5715 2340 5799 καί,
2366 5723 2484 5799 (διεἑ
2506 5709 2730 5799 Eadem.

110 5726 283 5868 (44)
331 5728 432 5780 Ἑν
467 5722 701 5793 Ἡσαΐᾳ,
745 5737 849 5782 etc.
880 5726 1082 5782 Catena
1114 5726 1381 5783 Corderii.

110 5800 252 5869 (45
333 5799 782 5867 Ἑπιςοανείσης,
814 5808 920 5852 etc.
961 5799 1183 5854 Eadem.

110 5870 282 5927 (46.)
334 5868 473 5925 Ἐπὶ
503 5868 569 5924 τὸ
594 5868 865 5927 βέλτιον.
890 5880 995 5924 etc.
1034 5869 1255 5926 Eadem.

1887 5720 1977 5788 47)
2018 5720 2196 5772 Ἀλλὰ
2219 5720 2339 5780 καί,
2366 5723 2472 5769 etc.
2506 5720 2667 5763 Eadet

1865 5720 1954 5862 £48
2018 5790 2069 5843 '0
2105 5787 2268 5851 ἰδών,
2294 5794 2399 5841 etc.
2446 5783 2667 5837 Eadem.

1866 5789 1980 5927 (49)
2008 5860 2117 5917 Kal
2149 5858 2309 5927 παρὰ
2345 5854 2425 5923 τῷ
2470 5855 2667 5909 Ἀποσι

107 5849 282 5942 ὶιὶἑὸ
334 5849 569 5933 Ἑέὶῖξὸ
593 5849 1000 5935 ζϐἐλῖιὶηὲζέιᾶ
1011 5849 1255 5926 me...

1866 5849 1980 5927 849)
2008 5860 2117 5917 Kal
2149 5849 2309 5928 παρὰ
2345 5854 2425 5923 τῷ
2470 5851 2826 5921 Ἀποστόλῳ,
2864 5859 2969 5906 etc.
3006 5849 3236 5905 Eadem.
