3944 6386
495 364 632 420 H99

1915 359 2008 418 EX
2047 358 2350 418 ORIGENE

3636 353 3755 414 l500

495 485 589 554 qui
617 500 781 555 supra
814 493 1017 541 terram
1064 491 1193 541 sunt
1233 483 1539 540 adorabunt
1571 493 1644 550 te,
1681 484 1848 540 melos
1884 487 2065 540 dantes

2193 485 2281 556 γῆς
2314 482 2750 555 προσκονήσουσί
2799 497 2901 547 σοι,
2943 479 3309 553 μελῳδοῦντες
3332 481 3530 553 ᾄσουσι
3555 481 3634 552 τῷ
3661 483 3762 536 ὀνό-

496 587 690 630 ranent
723 591 918 630 nomen
955 586 1122 631 tuum.
1169 594 1188 628 ι
1225 575 1501 647 Hymnum
1542 577 1728 644 dicite,
1778 577 1977 649 inquit,
2020 588 2079 634 ut

494 667 709 722 Exrclsi
750 669 1082 723 mentionem
1121 667 1406 723 facientes.

568 758 847 829 Ejusdem.
893 777 911 810 ι
952 759 1130 828 Equo
1161 761 1344 815 animo
1371 760 1494 829 quis
1517 771 1598 816 est
1622 761 1675 816 in
1718 762 1895 829 vobis,
1933 761 2079 834 psal-

493 851 566 906 l.xt
598 853 668 917 ",
701 871 720 904 ι
761 853 933 922 inquit
966 852 1273 924 Apostolus.

565 946 732 1002 Vens.
774 946 828 1001 5.
883 945 1065 1001 Venite
1111 957 1158 1001 et
1200 949 1367 1002 videte
1394 963 1552 1015 apera
1587 946 1706 1012 Dei,
1753 955 1862 1003 etc.
1897 945 2074 1014 Opera

491 1039 586 1095 Dei
637 1040 1042 1109 contemplatur
1097 1043 1142 1097 is
1188 1043 1283 1112 qui
1330 1041 1580 1113 intelligit
1633 1057 1799 1112 quam
1848 1042 2074 1114 pulchra

488 1133 628 1199 sint;
659 1142 715 1188 et
740 1144 829 1202 qut
855 1135 1153 1190 accesserit
1179 1135 1245 1190 ad
1285 1135 1538 1205 spiritum
1575 1135 1871 1204 dicentem,
1902 1155 1921 1189 ι
1963 1135 2071 1194 Ve-

490 1225 625 1291 nite,
668 1243 686 1277 »
735 1225 1012 1298 intelligit.
1053 1227 1488 1298 Quantacunque
1519 1229 1685 1283 homo
1714 1229 1780 1284 de
1818 1231 2074 1301 Operibus

493 1315 586 1372 Dei
619 1318 1044 1374 commentando
1072 1319 1295 1388 dixerit,
1327 1321 1440 1390 ipsa
1469 1331 1648 1376 tamen
1681 1337 1848 1391 opera
1895 1323 1987 1379 Dei
2018 1323 2072 1379 in

487 1423 548 1462 se
578 1409 747 1465 multo
778 1409 986 1477 majora
1035 1421 1188 1478 sunt,
1225 1413 1300 1468 ita
1347 1422 1404 1468 ut
1434 1429 1550 1484 pra:
1595 1422 1824 1484 stupore
1863 1426 2073 1485 perter-

489 1511 694 1568 ruatur,
743 1505 834 1574 qui
883 1504 1080 1560 viderit
1121 1520 1283 1576 quam
1321 1506 1584 1562 terribilis
1622 1507 1694 1563 sit
1729 1507 1780 1562 in
1828 1508 2074 1565 consiliis

488 1593 628 1649 Deus
658 1611 822 1667 super
857 1597 996 1653 filios
1031 1597 1334 1652 hominum.

564 1686 725 1744 Vlas.
767 1689 820 1744 6.
865 1690 968 1756 Qui
1028 1691 1285 1746 convertit
1335 1707 1500 1757 mare,
1532 1701 1641 1747 etc.
1684 1691 1925 1746 Primum
1975 1707 2074 1762 per

487 1778 709 1851 Moysen
745 1798 894 1838 mare
925 1783 1183 1851 siccatur,
1213 1784 1409 1840 deinde
1434 1801 1530 1855 per
1551 1783 1719 1841 Josuc
1768 1786 1820 1841 in
1850 1785 2072 1842 fluunine

488 1875 904 1940 pertransibunt
935 1877 1094 1944 pede.

561 1967 725 2040 749
760 1967 1039 2036 Ejusdem.
1085 1969 1201 2024 Non
1260 1970 1420 2035 dixit,
1475 1988 1494 2022 ι
1554 1971 1644 2041 qui
1694 1972 1984 2037 convertit,
2044 1991 2063 2024 ι

485 2062 578 2115 sed
616 2078 635 2111 ι
672 2071 1013 2118 convertens.
1055 2083 1072 2115 ι
1112 2062 1246 2117 Nam
1270 2063 1568 2119 secundum
1624 2064 1909 2120 historiam
1964 2065 2068 2120 hoc

483 2155 649 2211 semel
677 2157 731 2211 in
765 2155 950 2212 Judma
983 2157 1184 2212 factum
1210 2167 1293 2212 est
1315 2174 1330 2224 ;
1356 2167 1413 2211 at
1441 2159 1737 2213 secundum
1761 2159 2066 2230 spiritalem

482 2263 702 2302 sensum
737 2263 958 2321 semper
987 2250 1208 2315 accidit,
1241 2249 1351 2305 Deo
1384 2250 1448 2303 ad
1481 2252 1739 2306 virtutem
1783 2265 1838 2307 et
1884 2253 2069 2308 scien-

485 2337 614 2390 tiam
640 2337 891 2394 doetrina
946 2355 1042 2394 sua
1096 2350 1450 2395 couverteutc
1479 2342 1692 2397 animas
1738 2357 1861 2413 qua
1909 2342 2067 2400 falsis

481 2427 644 2497 hujus
689 2430 813 2485 vita:
860 2428 1112 2486 fluctibus
1159 2431 1556 2486 conturbantur
1599 2441 1655 2487 et
1698 2434 1846 2488 omni
1906 2444 2068 2490 vento

481 2519 964 2576 circumferuntur.
996 2523 1356 2594 Symmachus
1384 2526 1463 2579 sic
1491 2526 1657 2579 vertit
1687 2544 1700 2580 :
1735 2543 1754 2577 ι
1787 2526 2068 2583 Convertit

482 2627 630 2666 mare
655 2613 708 2667 in
743 2615 976 2676 aridam,
1015 2614 1212 2671 ﬂumen
1248 2617 1585 2672 transierunt
1622 2619 1778 2688 pede.
1815 2639 1836 2670 ι

553 2702 718 2759 Vens.
762 2706 816 2761 6.
859 2705 944 2760 Ibi
976 2707 1280 2763 [tutabimur
1308 2711 1363 2763 in
1399 2712 1535 2780 ipso,
1570 2721 1678 2770 etc.
1721 2732 1738 2764 ι
1763 2713 1860 2780 Ibi,
1903 2733 1922 2767 ι
1958 2715 2069 2772 sci-

484 2796 614 2851 licet
646 2797 697 2852 in
730 2798 913 2866 ﬂuvio,
953 2801 1042 2856 ubi
1073 2802 1378 2858 ltetabimur
1415 2805 1466 2859 in
1504 2806 1754 2872 Domino,
1789 2815 2065 2877 pertrans-

479 2897 675 2944 cuntes
715 2891 850 2959 pede
895 2892 949 2947 in
993 2891 1216 2949 flumine
1253 2913 1268 2961 ;
1299 2897 1518 2966 quando
1561 2899 1892 2969 contigerint
1949 2900 2062 2968 illa,

483 2997 714 3050 quorum
751 2992 910 3056 typus
947 2995 1066 3040 erat
1091 2987 1234 3041 istud
1279 2987 1408 3044 Jesu
1465 2991 1816 3058 miraculum,
1847 2992 2066 3062 quando

479 3076 840 3132 constiterunt
874 3093 1030 3149 aqua:
1059 3095 1295 3150 superne
1332 3081 1748 3140 descendentes.
1980 3155 1988 3163 Ι

551 3165 715 3224 Vsus.
755 3168 810 3223 7.
851 3170 1014 3225 Oculi
1043 3172 1158 3242 ejus
1190 3189 1348 3242 super
1379 3183 1581 3244 gentes,
1606 3185 1718 3231 etc.
1759 3175 1914 3234 Oculi
1946 3177 2064 3249 ejus

477 3260 549 3315 ob
573 3275 758 3316 casum
791 3261 1006 3320 lsraelis
1034 3281 1197 3336 super
1225 3278 1418 3338 gentes
1451 3269 1780 3338 respiciunt.

551 3447 680 3503 iBlD.
727 3446 833 3514 Qui
897 3461 1212 3520 exasperant
1269 3470 1373 3508 non
1433 3454 1773 3520 excitentur,
1812 3464 1918 3511 etc.
1961 3456 2063 3525 Qui

477 3555 808 3611 exasperant
845 3551 972 3598 sunt
1008 3543 1310 3600 Israelita}:
1357 3547 1411 3600 hi
1453 3547 1622 3617 igitur
1669 3565 1774 3604 non
1813 3551 2062 3607 exulten-

481 3647 570 3687 tur
603 3635 652 3687 in
683 3635 1018 3704 semetipsis,
1051 3637 1286 3692 scientes
1321 3637 1506 3692 oeulos
1544 3638 1636 3694 llei
1677 3656 1844 3710 super
1871 3654 2066 3714 gentes

478 3726 774 3795 respicere.

551 3819 830 3891 Ejusdem.
871 3822 1277 3893 Exasperautes
1315 3823 1391 3879 illi
1425 3835 1555 3881 sunt
1589 3828 1680 3898 qui
1709 3829 1976 3884 dederunt
2009 3829 2065 3884 in

479 3927 661 3986 eseam
709 3913 827 3980 ejus
871 3915 964 3981 fel,
1015 3925 1068 3970 et
1114 3916 1166 3969 in
1209 3917 1299 3971 siti
1346 3927 1674 3989 potaverunt
1722 3937 1844 3976 eum
1879 3930 2057 3977 aceto.

481 4002 589 4057 llos
619 4003 921 4062 Theodotio
949 4027 967 4060 ι
1005 4010 1339 4065 declinantes
1374 4031 1391 4064 ι
1432 4013 1670 4078 vocavit,
1693 4012 1886 4082 Aquila
1926 4031 1944 4066 ι
1977 4015 2068 4068 de-

481 4094 765 4163 ﬁcientes;
801 4116 818 4149 ι
853 4099 1194 4157 manifestius
1231 4111 1412 4157 autem
1465 4103 1832 4174 Symmachus
1882 4105 2059 4163 dixit:

495 4209 512 4241 ι
547 4189 648 4258 Qui
679 4189 941 4245 increduli
966 4202 1116 4259 sunt,
1141 4210 1246 4249 non
1267 4195 1580 4251 exaltentur
1607 4198 1659 4252 in
1683 4199 2014 4268 semetipsis.
2041 4220 2059 4254 ι

483 4281 593 4337 Non
635 4283 795 4354 igitur
826 4285 994 4340 altqu
1043 4287 1221 4357 sapiat
1272 4292 1545 4358 superbus
1586 4294 1818 4363 pepulus
1867 4293 2063 4364 Israel,

481 4387 656 4444 neque
693 4386 880 4430 contra
908 4379 1149 4449 gentium
1202 4380 1608 4437 multitudinem
1657 4384 1826 4438 altum
1871 4383 2066 4442 efferat

477 4465 849 4533 supercilium,
885 4484 1061 4538 neque
1103 4471 1246 4525 dicat
1297 4472 1434 4527 intra
1474 4489 1532 4529 se
1575 4493 1587 4530 :
1630 4475 1740 4546 Ego
1786 4480 2064 4550 primoge-

472 4555 624 4611 ltitus
668 4575 788 4614 sum
822 4561 874 4615 in
915 4561 1045 4617 filiis
1076 4563 1194 4619 Dei.

553 4717 717 4771 Vens.
761 4721 813 4775 9.
860 4723 964 4788 Qui
1009 4726 1188 4793 posuit
1239 4728 1476 4783 animum
1530 4745 1701 4784 nteant
1755 4732 1825 4786 ad
1881 4733 2064 4801 vitam,

475 4821 582 4867 etc.
628 4811 739 4880 Qui
769 4817 947 4884 posuit
1001 4821 1066 4873 ad
1120 4819 1287 4874 vitam
1338 4821 1490 4876 illum
1536 4823 1626 4893 qui
1659 4823 1839 4879 dicit:
1881 4842 1899 4877 ι
1951 4825 2066 4897 Ego

473 4919 594 4959 sum
646 4905 754 4959 vita
797 4907 864 4957 ’⁷.
919 4927 938 4962 ι
987 4907 1046 4964 lu
1085 4913 1513 4968 commotionem
1565 4915 1683 4970 dati
1736 4926 1863 4972 sunt
1896 4921 2066 4990 pedes

472 4994 652 5066 Cain-i,
705 5001 924 5069 quando
959 5021 978 5054 ι
1013 5018 1265 5074 egressus
1291 5020 1320 5058 a
1353 5004 1495 5062 facie
1541 5005 1660 5073 Dei,
1705 5010 1970 5066 habitavit
2007 5013 2059 5066 in

2183 578 2316 650 ματι
2353 595 2466 632 σου.
2509 597 2528 630 ι
2578 576 2912 649 ’Υμνήσατε,
2942 576 3130 646 φησὶν,
3163 575 3241 639 ὡς
3283 574 3529 647 ’Υψηλοῦ
3567 592 3758 648 μνημο-

2181 671 2445 736 νεύοντες.

2258 763 2365 818 Τοῦ
2399 763 2605 818 αὐτοῦ.
2631 783 2649 815 ι
2677 762 2923 835 Εὑθυμεῖ
2947 781 3030 828 τις
3051 763 3160 834 (50)
3187 763 3244 816 ὲν
3270 761 3420 833 ὑμῖν,
3443 761 3715 831 ψαλλέτω,
3737 782 3752 814 ι

2179 875 2254 929 φη
2262 857 2346 910 civ
2368 857 2396 909 ὁ
2435 855 2775 919 Ἀπόστολος.

2251 948 2451 1013 Δεῦτε,
2475 947 2575 1002 καὶ
2599 947 2752 1002 laete
2785 946 2858 1000 τὰ
2886 946 3030 1020 ἔργα
3052 945 3157 1001 τοῦ
3183 946 3349 1011 Θεοῦ,
3379 964 3433 1001 κ.
3469 964 3528 1002 τ.
3557 947 3606 1000 ἑ.
3643 947 3758 1001 Βλέ-

2176 1059 2269 1096 πει
2302 1043 2372 1097 τὰ
2400 1042 2536 1116 ἔργα
2564 1040 2676 1114 (51)
2703 1040 2798 1095 τοῦ
2845 1039 2979 1094 Θεοῦ
3011 1043 3041 1094 ὁ
3079 1041 3276 1104 συνιεὶς
3300 1039 3419 1104 πῶς
3452 1039 3604 1094 καλά
3635 1042 3755 1094 ἐστι·

2176 1137 2272 1191 καὶ
2301 1137 2330 1189 ὀ
2360 1135 2530 1191 ἐλθὼν
2561 1136 2696 1208 πρὸς
2722 1135 2784 1189 τὸ
2805 1134 2962 1204 λέγον
2989 1134 3224 1206 πνεῦμα,
3245 1154 3263 1185 ε
3299 1133 3493 1199 Δεῦτε,
3531 1154 3550 1186 ι
3586 1135 3761 1205 συνίη-

2177 1246 2282 1283 σιν.
2318 1229 2459 1282 Ὄσα
2506 1227 2565 1281 δὲ
2617 1227 2683 1281 ἂν
2739 1226 3165 1298 βουλευσάμενος
3199 1225 3486 1299 ἄνθρωπος
3529 1225 3664 1298 Mm
3701 1228 3759 1280 τὰ

2175 1321 2307 1395 περὶ
2334 1320 2444 1375 τῶν
2500 1319 2677 1394 ἔργων
2721 1320 2815 1373 τοῦ
2849 1319 3008 1386 Θεοῦ,
3064 1319 3268 1373 τούτων
3313 1317 3499 1390 πολλῷ
3545 1318 3760 1390 μείζονα

2175 1416 2290 1469 ἐστι
2319 1413 2388 1468 τὰ
2414 1413 2549 1486 ἔργα
2578 1412 2670 1467 τοῦ
2691 1411 2847 1478 Θεοῦ,
2877 1411 3018 1466 ὥστε
3046 1410 3344 1483 φοϐηθῆναι
3369 1410 3435 1466 ἄν
3462 1412 3759 1482 ἐκπλαγέν-

2173 1525 2240 1561 τα
2271 1506 2360 1561 τὸν
2398 1505 2572 1559 ἰδόντα
2603 1502 2721 1570 πῶς
2765 1503 2996 1574 φοϐερός
3041 1506 3188 1557 ἐστιν
3217 1504 3275 1557 ὲν
3310 1503 3532 1575 βουλαῖς·
3575 1507 3608 1558 ὁ
3639 1504 3761 1568 Θεὸς

2175 1599 2316 1672 ὑπὲρ
2347 1600 2473 1663 τοὺς
2501 1598 2652 1660 υἱοὺς
2681 1595 2790 1650 τῶν
2821 1595 3140 1668 ἀνθρώπων.

2258 1690 2311 1742 '0
2338 1689 2769 1760 μεταστρέφων
2794 1687 2910 1757 τὴν
2940 1687 3282 1754 θάλασσαν,
3304 1707 3359 1744 κ.
3389 1706 3440 1742 τ.
3474 1691 3522 1742 ὲ.
3544 1689 3764 1761 Πρῶτον

2173 1781 2260 1835 διὰ
2287 1782 2398 1854 (52)
2421 1782 2700 1846 Μωῦσέως
2725 1781 2968 1836 Θάλασσα
2987 1781 3318 1854 ξηραίνεται’
3339 1777 3462 1835 εἶτα
3487 1782 3581 1836 διὰ
3595 1784 3764 1856 Ἰησοῦ

2101 1867 2146 1929 Β
2175 1877 2233 1930 ὲν
2267 1875 2498 1946 ποταμῷ
2527 1875 2892 1928 διελεύσονται
2914 1875 3052 1928 ποδί.

2252 1971 2363 2026 Τοῦ
2391 1969 2598 2024 αὑτοῦ.
2635 1971 2747 2024 Οὐκ
2774 1967 2892 2024 εἷπε
2931 1971 3040 2043 (55)
3083 1990 3100 2022 ι
3132 1972 3536 2046 μεταστρέψας,
3589 1995 3608 2026 ι
3640 1973 3766 2028 ἀλλὰ

2183 2083 2200 2116 ‹
2233 2063 2640 2136 μεταστρέφωνο
2669 2083 2686 2115 ι
2719 2063 2860 2118 κατὰ
2886 2064 3106 2136 μὲνγὰρ
3135 2065 3236 2136 τὴν
3267 2065 3509 2138 ἱστορίαν
3543 2067 3642 2121 ἐπὶ

2189 2156 2446 2211 Ἰουδαίαν
2495 2155 2639 2224 ἅπαξ
2681 2156 2917 2226 ἐγένετο
2959 2156 3100 2210 κατὰ
3129 2157 3186 2210 δὲ
3218 2157 3460 2213 διάνοιαν
3489 2160 3582 2212 ἀεὶ
3614 2160 3764 2214 τοῦτο

2177 2247 2488 2318 συμϐαίνει,
2550 2246 2726 2318 ψυχὰς
2762 2247 3176 2319 τεταραγμένας
3217 2249 3321 2302 ὑπὸ
3355 2249 3466 2303 τῶν
3505 2250 3765 2321 ἁλμυρῶν

2175 2341 2268 2396 τοῦ
2317 2341 2431 2412 βίου
2461 2341 2722 2413 κυμάτων
2750 2342 2844 2394 καὶ
2871 2341 3306 2413 περιφερομένας
3350 2341 3516 2395 παντὶ
3556 2343 3761 2413 ἀνέμῳ,

2173 2435 2242 2504 τῇ
2276 2431 2593 2504 διδασκαλίᾳ
2631 2431 2717 2484 ἐπ’
2743 2432 2944 2503 ἀρετὴν
2994 2433 3088 2486 καὶ
3119 2432 3319 2501 γνῶσιν
3364 2433 3766 2504 μεταφέροντες

2173 2523 2331 2577 Θεοῦ.
2372 2519 2434 2576 '0
2477 2523 2768 2594 Σύμμαχος
2795 2521 2988 2586 οὕτως·
3036 2540 3055 2574 ι
3111 2523 3387 2577 Μετέϐαλε
3427 2528 3530 2596 τὴν
3567 2525 3764 2579 θαλατ-

2175 2632 2275 2670 σαν
2309 2617 2388 2679 είς
2419 2615 2609 2687 ξηρὰν,
2642 2615 2883 2686 ποταμὸν
2915 2614 3173 2686 διέϐησαν
3205 2615 3344 2670 ποδί.
3387 2635 3410 2668 ι

2259 2709 2411 2764 Ἐκεῖ
2432 2710 2969 2780 εἰιφρανθησόμεθα
2994 2710 3259 2777 ἐναῦτῷ,
3292 2729 3348 2768 κ.
3376 2729 3429 2766 τ.
3457 2713 3482 2764 ὲ
3518 2731 3538 2762 ι
3564 2712 3758 2774 Ἐκεῖ,ι

2172 2799 2412 2871 δηλονότι
2455 2797 2571 2871 (54)
2598 2801 2655 2852 ὲν
2702 2799 2954 2871 ποταμῷ,
2990 2800 3116 2854 ἔνθα
3149 2801 3648 2874 εύφρανθησόμεθα
3677 2805 3766 2856 ἐπὶ

2173 2890 2251 2962 τῷ
2274 2890 2483 2964 Κυρίῳ,
2519 2890 2820 2956 διελθόντες
2847 2888 2932 2960 τῷ
2961 2893 3080 2946 ποδὶ
3111 2895 3169 2946 ὲν
3193 2892 3442 2965 ποταμῷ
3481 2895 3576 2947 ὅτε
3611 2897 3741 2963 γεγέ

2173 2999 2326 3053 νητσι
2357 2981 2550 3047 ταῦτα,
2587 2974 2662 3036 ὧν
2688 2982 2858 3047 τύπος
2877 2979 2946 3054 ἦν
2971 2985 3032 3037 τὸ
3052 2986 3109 3038 ἐν
3126 2985 3202 3057 τῷ
3231 2985 3405 3058 Ἰησοῦ
3440 2986 3654 3058 θαῦμα,
3681 2989 3768 3040 ὅτε

2172 3073 2302 3148 ἔστη
2327 3074 2401 3129 τὰ
2432 3073 2602 3130 ὕδατα
2633 3075 3029 3132 καταϐαίνοντα
3075 3077 3298 3133 ἄνωθεν.

2246 3171 2310 3222 οι
2363 3168 2657 3238 ὀφθαλμοὶ
2699 3168 2886 3224 αὑτοῦ
2925 3169 3024 3223 ἐπὶ
3067 3169 3138 3224 τὰ
3181 3171 3346 3240 ἔθνη,
3393 3190 3448 3226 κ.
3497 3191 3550 3226 τ.
3596 3174 3645 3226 ἐ.
3707 3175 3768 3227 Oi

2091 3247 2135 3307 (εἶ
2167 3261 2437 3334 ὀφθαλμοὶ
2456 3263 2567 3335 (55)
2591 3263 2755 3318 αὑτοῦ
2776 3263 2853 3337 τῷ
2875 3264 3278 3337 παραπτώματι
3301 3265 3392 3319 τοῦ
3420 3268 3645 3340 Ἰσραὴλ

2173 3354 2244 3409 τὰ
2266 3353 2393 3425 ἔθνη
2426 3353 2832 3411 ἐπιϐλέπουσιν.

2247 3451 2310 3502 0i
2341 3448 2756 3516 πικραίνοντες
2800 3449 2888 3519 μὴ
2939 3451 3373 3519 ὺψούσθωσαν,
3415 3470 3468 3505 κ.
3519 3471 3573 3507 τ.
3618 3455 3670 3508 ἑ.
3708 3455 3770 3508 Οί

2173 3538 2710 3609 παραπικραίνοντες
2740 3538 2851 3611 (56)
2874 3541 2922 3593 οἱ
2955 3540 3014 3607 ἐξ
3059 3541 3279 3614 Ἰσραήλ
3307 3543 3465 3596 εἰσιν·
3499 3539 3653 3598 οὗτοι
3680 3540 3772 3598 ὧν

2177 3630 2250 3701 μὴ
2274 3629 2630 3701 ὑψούσθωσαν
2657 3631 2888 3698 ἑαυτοῖς,
2909 3631 3292 3702 γινώσκοντες,
3316 3634 3399 3688 ὅτι
3424 3636 3475 3688 οἱ
3499 3635 3773 3708 ὀφθαλμοὶ

2171 3721 2265 3776 τοῦ
2293 3723 2426 3776 Θεοῦ
2455 3723 2547 3776 ἐπὶ
2572 3722 2642 3776 τὰ
2670 3723 2795 3796 ἔθνη
2818 3724 3190 3781 ὲπιϐλέπουσι.

2250 3813 2360 3867 Τοῦ
2397 3813 2604 3868 αὑτοῦ.
2636 3815 3172 3888 Παραπικραίνοντές
3199 3817 3310 3890 (57)
3361 3819 3504 3872 εἰσιν
3531 3821 3578 3874 οξ
3611 3820 3778 3874 δεδω-

2174 3904 2330 3970 κότες
2371 3906 2452 3970 εἰς
2490 3905 2552 3959 τὸ
2585 3905 2782 3978 βρῶμα
2820 3907 2986 3962 αὐτοῦ
3022 3909 3205 3982 χολὴν,
3231 3912 3324 3964 καὶ
3349 3914 3431 3976 είς
3461 3912 3567 3985 τὴν
3612 3913 3777 3983 δίψαν

2174 3997 2494 4062 ποτίσαντες
2541 3998 2684 4064 ὅξος.
2729 3997 2965 4065 Τούτους
3006 4004 3034 4055 ὁ
3068 4003 3166 4074 μὲν
3195 4003 3490 4058 Θεοδοτὶων
3524 4024 3544 4057 ε
3581 4007 3778 4060 ἐκκλί-

2173 4105 2375 4152 ναντας
2425 4107 2444 4141 ι
2482 4082 2656 4152 εἶπεν,
2697 4108 2715 4140 ι
2752 4090 3156 4162 ἀφισταμένους
3184 4113 3202 4145 ι
3237 4093 3340 4148 δὲὸ
3374 4094 3636 4160 Ἀκύλας·
3681 4115 3778 4150 σα-

2175 4178 2435 4250 φέστερον
2468 4180 2524 4233 δὲ
2552 4183 2580 4234 ὁ
2613 4181 2909 4254 Σύμμαχος
2955 4184 3194 4257 εἴρηκεψ
3231 4207 3249 4238 ι
3296 4190 3359 4241 0i
3401 4189 3664 4254 ἀπειθεῖς
3701 4191 3775 4262 μὴ

2174 4272 2494 4343 ὑψούτωσαν
2552 4275 2798 4339 ἑαυτούς.
2834 4295 2853 4329 ›
2906 4277 2998 4350 Μὴ
3024 4279 3202 4332 τοίνυν
3233 4279 3374 4354 μέγα
3414 4284 3698 4354 φρονείτω
3749 4287 3777 4338 ὀ

2174 4366 2481 4438 ὑπέροπτος
2527 4367 2656 4432 λαὸς
2697 4368 2790 4422 τοῦ
2847 4369 3083 4444 Ἰσραὴλ,
3135 4373 3268 4444 μηδὲ
3314 4374 3454 4428 κατὰ
3508 4376 3617 4446 τῆς
3668 4378 3775 4431 τῶν

2173 4456 2344 4510 ὲθνῶν
2392 4457 2630 4531 πληθύος
2676 4460 2887 4534 ὑψηλὴν
2923 4463 3197 4536 ὲπαιρέτω
3243 4466 3344 4538 τὴν
3394 4468 3596 4538 ὀφρὺν,
3640 4471 3776 4541 μηδὲ

2174 4549 2378 4621 λεγέτω
2405 4553 2756 4610 καθ’ἐαυτόν·
2803 4555 2944 4627 Ἐγὼ
2976 4558 3447 4633 πρωτότοκόςείμι
3467 4563 3525 4615 ὲν
3556 4563 3774 4628 τέκνοις

2100 4635 2146 4692 D
2173 4644 2332 4699 Θεοῦ.

2250 4737 2362 4792 Τοῦ
2391 4739 2642 4810 θεμένου
2678 4740 2797 4812 τὴν
2828 4742 3043 4813 ψυχήν
3065 4761 3184 4813 μου
3222 4746 3310 4812 εὶς
3339 4743 3517 4814 ζωὴν,
3544 4765 3605 4801 κ.
3645 4765 3698 4802 τ.
3722 4747 3770 4801 ὲ.

2173 4829 2280 4883 Τοῦ
2312 4831 2540 4903 θεμένου
2565 4815 2651 4899 είς
2685 4832 2830 4907 ζωὴν
2863 4835 2978 4909 (58)
3007 4837 3099 4890 τὸν
3127 4838 3368 4891 είπὸντα’
3403 4858 3421 4891 ι
3470 4839 3621 4910 Ἐγώ
3657 4843 3770 4913 εἰμι

2169 4924 2201 4994 ή
2260 4921 2392 4997 ζωή.
2429 4944 2446 4973 ι
2482 4927 2576 4991 Et;
2622 4927 2781 4983 σάλον
2832 4929 3093 5005 ἐδόθησαν
3137 4933 3187 4986 οἱ
3245 4932 3402 4997 πόδες
3443 4934 3618 5000 Κάῐν,
3659 4937 3770 4996 ὅτε,

2176 5032 2194 5065 ι
2233 5013 2463 5082 ἐξελθὼν
2509 5019 2618 5072 ἀπὸ
2664 5021 2954 5092 προσώπου
2996 5023 3089 5079 τοῦ
3141 5024 3298 5091 Θεοῦ,
3345 5026 3569 5100 ᾤκησεν
3613 5033 3675 5083 ἐν
3701 5031 3773 5098 τῇ

474 5102 618 5146 terra
650 5091 796 5146 Nacti
822 5095 892 5160 ”,
933 5113 952 5147 ι
982 5095 1126 5163 quod
1161 5106 1243 5150 est
1267 5100 1596 5166 commotio;
1629 5104 1724 5155 sed
1757 5120 1863 5156 non
1898 5105 2062 5174 pedes

2193 5109 2340 5182 ῗαὴδ,
2385 5130 2403 5162 ι
2431 5112 2458 5165 ὃ
2491 5113 2608 5191 ἐστι
2630 5091 2845 5184 σάλος·
2869 5117 2983 5173 ἀλλ’
3009 5120 3108 5193 οὐχ
3138 5122 3187 5174 οἱ
3206 5091 3506 5186 Μωῦσέως,
3540 5117 3591 5192 ᾧ
3619 5091 3776 5195 εἶρτςἶ

473 5177 701 5252 Μν)ἰ,ῐε,
727 5187 811 5239 cui
846 5188 1074 5253 dictum,
1102 5208 1118 5240 ι
1147 5187 1225 5242 Tu
1254 5201 1434 5245 autem
1462 5202 1544 5246 sta
1573 5209 1783 5248 mecum
1811 5215 1824 5251 :
1858 5215 1877 5249 ι
1907 5195 2064 5268 cujus

2193 5177 2290 5257 ται-⁷
2324 5221 2342 5256 ι
2378 5204 2451 5258 Σὺ
2481 5179 2746 5281 δὲ’στῆθι
2778 5177 2897 5282 μετ’
2920 5177 3137 5283 ἐμοῦιῇι
3172 5207 3233 5268 οῦ
3257 5214 3313 5268 αι
3340 5177 3773 5285 Menaeis;

547 5341 593 5372 “
623 5338 811 5399 Jacob.
841 5359 896 5413 ν,
921 5344 1010 5401 l5.
1088 5347 1133 5380 ’⁷
1165 5345 1321 5405 Joan.
1355 5366 1468 5420 xiv,
1501 5351 1586 5407 l6.
1665 5352 1710 5386 ³⁸
1733 5351 1873 5408 Gen.
1897 5368 1973 5423 tv,
2002 5353 2090 5410 l6.

546 5504 662 5578 (50)
683 5507 948 5578 Εὐθυμεῖ
973 5528 1082 5578 τις,
1107 5520 1216 5572 etc.
1252 5512 1431 5570 Codex
1459 5513 1847 5571 Coislimanus.

2391 5528 2455 5580 Ol
2489 5529 3096 5597 παραπικραίνοντες,
3120 5539 3225 5586 etc.
3253 5526 3477 5584 Eadem.

689 5575 911 5664 Eleiet
944 5583 1017 5664 ζὰ
1037 5575 1215 5664 ςὲργα,
1239 5594 1355 5664 etc.
1375 5585 1578 5643 Catena
1608 5586 1882 5664 Corderii.

2212 5596 2362 5680 “(57)
2391 5596 2986 5668 Παραπικραὶνοντές
3005 5604 3183 5667 εἰσιν,
3209 5610 3314 5656 etc.
3357 5600 3593 5657 Scheda:
3623 5599 3771 5658 Gra-

549 5646 665 5723 (ᾕξ)
688 5649 933 5723 Πρῶτοξ·
951 5646 1212 5714 διάξεις,
1244 5656 1468 5712 Eadem.
1879 5660 1882 5664 ’
2173 5646 2272 5723 bii‘.

851 5719 1156 5816 ξῖῖξεκειρ>
1194 5726 1666 5816 διτιξεάειλςτοὺίξ,
1756 5802 1767 5816 Ι
1838 5803 1872 5816 Ν

2193 5716 2360 5816 7,’,.(-⁵8)
2397 5739 2507 5798 Τοῦ
2538 5740 2790 5812 θεμένου
2834 5745 2923 5812 είς
2955 5743 3126 5816 ᾶυήν,
3179 5754 3286 5801 etc.
3315 5742 3521 5802 Catena
3550 5742 3772 5800 Corde

713 5788 892 5866 Ἐκεῖ,
928 5786 1233 5864 δηλονότι,
1257 5807 1365 5853 etc.
1396 5799 1599 5857 Catena
1627 5802 1895 5860 Corderii.
2173 5786 2259 5866 rii:

545 5857 659 5921 (55)
693 5863 757 5914 Ui
795 5857 1115 5929 ὀφθαλμοί,
1145 5857 1254 5927 etc.
1293 5871 1510 5928 Eadem.
