3944 6386
182 465 203 504 ,ι
228 405 359 466 1301

1199 412 1509 471 SELECTA
1549 414 1620 468 IN
1651 411 1993 471 PSALMOS.
2032 445 2102 455 -—
2143 413 2338 473 PSAL.
2374 416 2534 474 LXV.

3366 417 3385 471 ι
3398 417 3501 472 3θῖ

193 525 362 601 Ξῆσαν
390 531 746 604 μαρμάρινοι,
774 533 1227 608 τεθεμελιωμένοι
1260 538 1351 590 ἐπὶ
1367 536 1552 609 βάσεις
1582 540 1801 612 χρυσᾶς.

1922 551 2080 591 crura
2128 548 2283 591 erant
2334 538 2601 593 columna
2654 552 3011 604 marmoreae,
3060 536 3296 593 fundata:
3340 551 3500 608 super

223 624 301 691 ὡς
334 627 390 681 ὲν
413 625 491 699 τῷ
519 626 757 700 ’ᾼσματι
785 628 893 683 τῷν
912 630 1173 702 ᾀσμάτων
1190 631 1423 703 εἴρηται.

301 811 421 866 Ὀτι
448 811 815 881 ἐδοκίμασας
849 813 1027 884 ἡμᾶς,
1063 817 1096 870 ὀ
1134 814 1299 882 Θεὸς,
1343 832 1397 870 κ.
1439 832 1491 872 τ.
1536 816 1584 870 ὲ.
1620 816 1814 885 Σαφῶς

223 902 383 956 τοῦτο
414 902 525 975 (59)
574 904 697 975 ὄψει
739 905 847 960 ἀπὸ
874 906 968 960 τοῦ
1015 906 1293 979 Ἰεζεκιὴλ,
1320 905 1450 961 ἔνθα
1478 906 1809 978 γέγραπται·

231 1018 251 1049 ι
298 999 409 1053 Καί
454 999 671 1068 ἐγένετο
714 998 875 1069 λόγος
922 1000 1128 1074 Κυρίου
1172 1001 1310 1074 πρὸς
1352 1000 1420 1072 με
1467 1000 1659 1070 λέγων·
1715 1001 1814 1056 Υἱὲ

224 1091 539 1165 ἀνθρώπου,
582 1092 691 1147 ίδοὺ
734 1092 991 1163 γεγόνασί
1025 1110 1114 1164 μοι
1144 1086 1292 1156 οἶκος
1333 1091 1569 1164 Ἰσραὴλ,
1604 1094 1812 1164 ἀναμε-

227 1183 483 1255 μιγμένοι
508 1184 708 1246 πάντες
732 1181 940 1254 χαλκῷ,
965 1181 1058 1237 καὶ
1083 1178 1413 1252 κασσιτέρῳ,
1445 1180 1538 1235 καὶ
1556 1178 1810 1252 μολίϐδῳ,

223 1276 320 1330 καὶ
347 1276 572 1350 σιδήρῳ,
604 1279 662 1331 ὲν
696 1277 846 1350 μέσῳ
873 1276 1104 1350 καμίνου
1134 1274 1398 1348 ἀργυρίου
1429 1274 1813 1346 ἀναμεμιγμέ-

224 1386 316 1435 νος
337 1369 478 1424 ὲστί.
510 1388 531 1423 ι

292 1460 631 1533 Είσήγαγες
670 1461 830 1534 ἡμᾶς
874 1464 962 1531 εἰς
993 1460 1110 1530 τὴν
1156 1460 1399 1531 παγίδα,
1439 1477 1496 1515 κ.
1535 1477 1587 1515 τ.
1630 1461 1678 1515 ἑ.
1712 1460 1811 1517 Διὰ

222 1553 333 1628 γὰρ
363 1554 573 1609 πολλῶν
598 1555 829 1626 θλίψεων
864 1556 977 1623 (60)
1019 1553 1283 1609 εἰσελθεῖν
1310 1553 1391 1607 δεῖ
1420 1554 1501 1617 είς
1525 1552 1622 1625 τὴν
1653 1552 1810 1624 βασι-

220 1648 372 1704 λείαν
398 1649 509 1705 τῶν
536 1648 803 1722 οὐρανῶν.
843 1649 980 1704 Ἀλλ’
1017 1650 1067 1703 εί
1102 1649 1198 1703 καὶ
1227 1646 1566 1710 ὲπεδίὸασας
1600 1645 1811 1719 ἀνθρὼ-

218 1759 358 1807 πους
380 1743 473 1796 ἐπὶ
500 1741 601 1807 τάς
634 1741 875 1811 κεφαλὰς
904 1741 1083 1814 ήμῶν,
1114 1739 1230 1794 ἀλλ’
1256 1734 1350 1794 οὖν
1380 1737 1691 1811 θαρροῦμεν
1720 1738 1808 1793 διὰ

219 1834 500 1906 ὑπομονῆς
562 1834 891 1907 μετεωρίσαι
954 1832 1145 1898 αὐτάς,
1215 1832 1665 1902 κατασπωμένων
1710 1833 1806 1887 ἀπ’

216 1929 398 1983 αὐτῶν
419 1928 528 1982 τῶν
555 1928 914 2000 ἐπικειμένων
938 1926 1210 1998 πολεμίων
1243 1925 1544 1999 ἀνθρώπων

290 2022 729 2093 Εἰσελεύσομαι
749 2024 837 2088 είς
865 2021 975 2076 τόν
1007 2020 1176 2075 οἶκόν
1197 2036 1335 2084 σου,
1371 2038 1425 2073 κ.
1460 2038 1512 2073 τ.
1540 2020 1587 2073 ὲ.
1617 2021 1681 2073 "A
1712 2020 1810 2093 ηὐ-

216 2114 398 2187 ξάμην
422 2115 555 2187 (61),
592 2115 746 2188 φησὶ,
774 2114 1090 2186 θλιὸόμενος
1113 2112 1381 2167 ἀποδώσω
1409 2132 1509 2169 σοι.
1542 2113 1807 2187 Ηύξάμην

211 2206 273 2260 δὲ
295 2207 389 2272 ὡς,
408 2208 505 2279 τῆς
528 2206 757 2277 θλίψεως
783 2207 881 2278 τῆς
922 2205 1202 2279 παρούσης
1237 2206 1475 2278 ρυσθεὶς,
1514 2207 1807 2273 διαπαντὸς

213 2299 522 2371 ἀναπέμψω
547 2318 627 2354 σοι
660 2300 758 2364 τὰς
790 2301 1045 2365 αίνέιειεις⁸
1078 2301 1196 2372 ἦτοι
1227 2300 1326 2363 τὰς
1360 2300 1501 2354 κατὰ
1526 2300 1691 2372 νόμον
1711 2300 1806 2354 θυ-

214 2397 338 2461 σίας
369 2395 477 2468 πρὸ
496 2396 595 2467 τῆς
624 2393 720 2449 τοῦ
743 2396 997 2467 Σωτῆρος
1024 2395 1180 2465 ὲπιδη
1191 2395 1339 2466 μίας·
1376 2394 1409 2466 ἢ
1437 2394 1537 2458 τὰς
1561 2410 1805 2465 πνευμα-

209 2489 386 2553 τικὰς.
413 2489 797 2562 εἰσερχόμενος
828 2488 909 2551 είς
938 2487 1028 2541 τὸν
1060 2484 1206 2541 οἶκον
1236 2486 1330 2540 τοῦ
1359 2485 1517 2549 Θεοῦ,
1543 2486 1641 2558 τὴν
1678 2488 1803 2540 Ἑκ-

210 2580 463 2653 κλησίαν,
487 2583 543 2634 ὲν
574 2580 1009 2652 όλοκαυτώμασι,
1031 2580 1242 2644 τελείας
1273 2597 1330 2633 τε
1361 2580 1456 2634 καὶ
1481 2580 1804 2653 ὁλοκλήρους

211 2673 415 2746 ἀρετὰς
445 2674 505 2739 ἐξ
544 2673 682 2728 ὅλων
710 2673 1031 2746 ἱερουργῶν,
1059 2673 1153 2726 καὶ
1186 2673 1285 2737 τὰς
1315 2672 1684 2746 καταλλήλους
1706 2674 1802 2727 αύ-

210 2771 323 2832 τοῖς
354 2767 647 2821 ἐκτιννύων
679 2767 863 2837 εύχάς.

291 2860 777 2929 Ὁλοκαυτώματα
817 2857 1279 2928 μεμυιιλωμένα,
1312 2876 1366 2911 κ.
1417 2876 1468 2911 τ.
1521 2858 1568 2911 ὲ.
1610 2859 1673 2911 Εἰ
1713 2857 1802 2911 εύ-

208 2948 278 3021 χὴ
312 2948 445 3020 (62),
488 2968 506 3001 ι
533 2948 595 3003 τὸ
617 2948 977 3019 δλοκαύτωμά
1004 2965 1096 3001 σου
1134 2947 1402 3001 πιανάτω’
1438 2966 1458 3001 ι
1490 2947 1800 3013 ἀκολούθως

209 3038 347 3110 αὐτῇ
397 3036 630 3111 ἐροῦμεν
660 3039 740 3102 τὺ,
781 3058 799 3089 ι
847 3036 1275 3108 ὁλοκαυτώματα
1312 3038 1733 3110 μεμυαλωμένα·
1774 3058 1793 3092 ι

207 3129 236 3183 ὃ
261 3132 541 3202 τυγχάνει,
583 3133 672 3186 ὅτε
728 3132 804 3203 μὴ
850 3130 1009 3186 ἄλλου
1063 3130 1343 3201 τυγχάνει,
1394 3130 1528 3185 ἀλλὰ
1568 3130 1647 3203 τῷ
1681 3130 1799 3201 Θεῷ

207 3224 538 3297 ἀναφέρεται
585 3224 705 3279 καθ’
749 3224 807 3279 ὃν
841 3225 1041 3295 τρόπον
1076 3224 1156 3276 δεῖ
1193 3224 1254 3277 τὸ
1282 3223 1535 3297 θυμίαμα
1569 3223 1797 3280 ἐνώπιον
1826 3264 1869 3320 c

207 3319 394 3375 αὑτοῦ.
417 3313 685 3392 Καῖμετά
713 3319 881 3391 κριῶν
910 3318 967 3372 δὲ
996 3319 1029 3390 ή
1067 3316 1343 3389 προσευχὴ
1375 3318 1584 3385 γίνεται
1616 3320 1733 3389 ἦτοι
1762 3321 1795 3391 ή

207 3413 517 3487 προσφορά.
545 3414 668 3467 Εἰσὶ
695 3414 751 3467 δὲ
796 3413 939 3485 κριοὶ
968 3412 1212 3483 κινήσεις
1231 3411 1324 3466 καὶ
1343 3412 1531 3485 ὁρμαὶ,
1568 3412 1675 3467 ἀπὸ
1703 3411 1795 3466 τοῦ

207 3506 441 3579 θυμικοῦ
471 3507 568 3577 τῆς
598 3507 775 3578 ψυχῆς
803 3507 901 3579 τὴν
932 3504 1106 3580 ἀρχὴν
1142 3505 1381 3577 ἔχουσαι,
1416 3506 1571 3560 Μετὰ
1606 3506 1661 3560 δὲ
1688 3506 1797 3560 τῶν

206 3601 515 3674 εἰρημένων
533 3601 627 3654 καὶ
658 3600 804 3670 βόας,
841 3601 994 3672 φησὶ,
1027 3598 1167 3670 μετὰ
1192 3599 1442 3671 χιμάρων
1470 3600 1688 3654 ἁνοίσιο⁸
1721 3603 1797 3655 ἱε-

210 3693 568 3768 ῳυργοῦντος
608 3695 751 3765 τάχα
778 3693 906 3764 γοῦν
938 3692 1033 3747 τοῦ
1073 3693 1441 3766 προσάγοντος
1470 3692 1659 3747 θυσίαν
1692 3694 1796 3759 ζῷ-

206 3803 307 3840 σαν
334 3787 411 3859 τῷ
432 3784 551 3856 Θεῷ
584 3786 647 3839 τὸ
676 3786 806 3839 ῐδιον
837 3784 1018 3856 σῶμα.
1051 3786 1328 3857 Ἀναλογεῖ
1355 3785 1463 3857 γὰρ
1484 3785 1561 3857 τῷ
1585 3784 1796 3857 σώματι

202 3880 479 3949 γεωπόνον
514 3878 759 3950 ὑπάρχον
788 3877 849 3931 τὸ
874 3879 1032 3944 ζῷον,
1064 3878 1187 3949 ἔχον
1217 3878 1317 3950 τὴν
1356 3878 1551 3933 πλάσιν
1581 3880 1645 3931 ὲκ
1670 3878 1792 3949 γῆς.

202 3972 447 4044 Χίμαροι
501 3972 558 4026 δὲ
613 3972 903 4043 μετανοίας
948 3971 1105 4044 ἔργα·
1173 3971 1303 4044 περὶ
1358 3972 1467 4043 γὰρ
1523 3971 1797 4043 ἁμαρτίας

205 4065 638 4138 προσεφέροντο.

282 4252 393 4307 Τοῦ
417 4251 625 4306 αὑτοῦ.
661 4252 775 4317 Πᾶς
809 4253 836 4306 ό
864 4251 1001 4323 ἔχων
1037 4249 1148 4322 (65)
1181 4249 1243 4303 τὸ
1266 4248 1593 4322 ἡγεμονικὸν
1626 4248 1795 4304 καθα-

205 4345 321 4418 ρδν,
353 4343 447 4397 καὶ
479 4344 915 4416 προσευχόμενος
938 4343 1015 4415 τῷ
1044 4343 1184 4416 Θεῷ,
1206 4335 1361 4407 οὗτος
1382 4341 1632 4415 θυμίαμα
1658 4343 1796 4414 μετὰ

204 4436 379 4509 κριῶν
406 4435 705 4509 προσφέρει
735 4432 875 4505 Θεῷ.
1056 4495 1061 4501 ι

276 4528 476 4594 Δεῦτε,
508 4530 827 4592 ἀκούσατε,
874 4528 971 4581 καὶ
1010 4525 1389 4596 διηγήσομαι,
1432 4543 1487 4579 κ.
1516 4543 1566 4579 τ.
1601 4526 1647 4579 ἑ.
1678 4526 1793 4580 Ούκ

1918 629 2077 684 bases
2129 644 2350 695 aureas,
2396 631 2473 686 uti
2534 630 2585 685 in
2635 631 2867 689 Cantico
2913 631 3253 688 canticorum
3303 630 3348 663 "
3392 639 3527 707 trag

1915 719 2080 775 ditur.

1989 812 2154 870 Vens.
2205 812 2291 869 10.
2337 812 2602 879 Quoniam
2634 814 2869 884 probasti
2897 832 3014 880 nos,
3059 814 3223 880 Deus,
3256 825 3363 870 etc.
3395 812 3479 868 Ma

1918 903 2116 961 nifeste
2139 907 2240 961 hoc
2269 905 2481 961 videbis
2497 922 2565 961 ex
2583 905 2888 974 Ezechiele,
2911 908 2999 963 ubi
3019 908 3280 978 scriptum
3310 916 3393 962 est
3423 906 3436 937 '
3479 924 3494 961 :

1921 1012 1941 1048 ι
1976 997 2045 1052 Et
2077 996 2280 1052 factum
2315 1007 2399 1054 est
2432 1000 2662 1052 verbum
2694 998 2902 1055 Domini
2932 1001 2998 1055 ad
3034 1016 3121 1057 me
3143 1001 3366 1055 dicens:
3393 998 3497 1055 Fili

1914 1089 2175 1157 hominis,
2215 1105 2344 1147 ecce
2398 1091 2525 1146 facti
2573 1100 2701 1147 sant
2754 1094 2886 1148 mihi
2937 1094 3132 1150 domus
3178 1093 3361 1159 lsrael,
3401 1094 3497 1148 ad-

1914 1182 2066 1238 misti
2099 1198 2292 1240 omnes
2326 1198 2458 1251 iere,
2492 1194 2551 1240 et
2580 1194 2802 1251 stanno,
2843 1195 2897 1240 et
2932 1185 3174 1256 plumbo,
3222 1197 3280 1243 et
3325 1185 3492 1253 ferro,

1912 1272 1970 1331 in
2007 1275 2185 1331 medio
2226 1275 2470 1334 fornacis
2503 1286 2734 1348 argento
2763 1276 2996 1334 admista
3028 1286 3132 1334 est.
3164 1296 3184 1332 ι

1982 1461 2151 1519 Vens.
2193 1464 2282 1520 ll.
2321 1462 2594 1520 Induxisti
2645 1481 2739 1519 nos
2792 1465 2849 1520 in
2900 1463 3166 1536 laqueum.
3221 1473 3330 1523 etc.
3388 1464 3496 1521 Per

1913 1556 2114 1611 multas
2152 1556 2298 1611 enim
2345 1556 2729 1613 tribulationes
2775 1558 2984 1613 intrare
3036 1565 3257 1628 oportet
3306 1558 3357 1611 in
3405 1574 3494 1612 re-

1910 1664 2076 1721 gnum
2110 1647 2396 1704 caelorum.
2429 1649 2493 1703 Et
2531 1648 2660 1704 licet
2713 1648 2877 1703 etiam
2917 1650 3167 1706 homines
3214 1650 3494 1706 induxeris

1910 1757 2078 1813 super
2125 1742 2301 1811 capita
2349 1749 2556 1809 nostra,
2610 1743 2967 1799 nihilominus
3016 1759 3112 1812 per
3172 1743 3490 1814 patientiam

1912 1836 2240 1893 conﬁdimus
2270 1837 2359 1890 illa
2388 1851 2488 1893 nos
2517 1844 2820 1905 erecturos,
2848 1838 2936 1890 tibi
2965 1837 3494 1907 750immiuentes

1910 1928 2120 1985 inimici
2155 1930 2406 1986 homines
2444 1928 2649 1984 fuerint
2684 1930 2751 1985 ab
2791 1930 2925 2000 ipsis
2955 1931 3150 1986 avulsi.

1984 2021 2150 2077 Vens.
2194 2020 2283 2076 l3.
2330 2020 2572 2075 Introibo
2626 2020 2681 2073 in
2730 2021 2945 2074 domum
2995 2030 3164 2087 tuam,
3212 2031 3320 2075 etc.
3363 2021 3493 2087 Qua:

1908 2114 2056 2179 vovi,
2107 2114 2309 2183 inquit,
2346 2128 2467 2167 cum
2517 2111 2853 2178 tribularer,
2908 2113 3135 2168 reddam
3180 2114 3299 2167 tibi.
3357 2111 3491 2167 Vovi

1907 2215 2087 2262 autem
2114 2222 2202 2262 me
2242 2224 2270 2261 a
2313 2208 2561 2278 praesenti
2612 2206 2906 2263 allliclione
2939 2208 3229 2263 liberatum
3276 2221 3492 2276 semper

1908 2301 2002 2355 tibi
2052 2300 2242 2355 laudes
2295 2299 2605 2355 oblaturum
2655 2320 2668 2355 :
2728 2302 2941 2357 scilicet
2986 2299 3178 2371 legalia
3218 2299 3485 2354 sacriﬁcia

1904 2406 2022 2462 qua:
2048 2401 2205 2447 erant
2226 2400 2351 2447 ante
2375 2392 2669 2447 adventum
2700 2390 3035 2456 Salvatoris;
3073 2390 3154 2444 vel
3194 2389 3486 2460 spiritalia,

1906 2501 2030 2542 cum
2074 2485 2293 2541 intrabo
2341 2485 2395 2540 in
2439 2485 2662 2541 domum
2698 2485 2816 2553 Dei,
2856 2484 3178 2549 Ecclesium,
3230 2484 3281 2537 in
3339 2482 3490 2537 holo-

1903 2578 2130 2645 caustis,
2164 2577 2552 2649 perfectasque
2587 2587 2748 2648 atque
2784 2578 3026 2651 integras
3060 2579 3293 2633 virtutes
3319 2577 3491 2632 sacri-

1903 2668 2093 2737 ficans,
2132 2682 2526 2727 consentaneas
2562 2671 2628 2728 iis
2664 2687 2856 2743 preces
2900 2673 3177 2729 exsolvam
3199 2711 3214 2725 .

1974 2854 2140 2910 Vens.
2188 2856 2274 2913 l5.
2322 2854 2655 2911 Holocausta
2702 2855 3020 2921 medullula,
3068 2864 3175 2911 etc.
3209 2854 3265 2911 Si
3310 2854 3489 2910 oratio

1901 2958 2004 3016 est,
2037 2967 2056 3002 ι
2091 2950 2471 3005 holocaustum
2499 2957 2649 3002 tuum
2684 2948 2885 3018 pingue
2916 2948 3033 3011 ﬁat,
3060 2967 3079 3003 ι
3117 2963 3489 3003 consentaneo

1901 3057 2064 3098 sensu
2120 3042 2367 3097 dicemus
2415 3040 2571 3106 illud,
2632 3060 2651 3092 ι
2706 3041 3027 3097 holocausta
3080 3041 3373 3095 medullata
3412 3059 3425 3095 :
3464 3061 3483 3095 ι

1900 3136 2043 3207 quod
2098 3137 2159 3190 lit
2208 3134 2427 3205 quando
2481 3132 2710 3188 alterius
2768 3150 2875 3190 non
2934 3145 3039 3200 est,
3090 3134 3186 3190 sed
3241 3133 3340 3189 soli
3377 3132 3488 3186 Deo

1901 3226 2131 3283 offertur
2170 3241 2237 3282 eo
2289 3225 2452 3281 modo
2502 3242 2609 3297 quo
2653 3237 2873 3299 Oportet
2925 3229 3212 3283 incensum
3260 3227 3311 3281 in
3353 3240 3486 3281 eon-

1900 3333 2089 3389 spectu
2141 3320 2280 3389 ejus.
2332 3319 2523 3377 Oratio
2579 3337 2799 3392 quoque
2844 3321 2926 3376 vel
2966 3321 3173 3376 oblatio
3215 3320 3273 3374 fit
3318 3320 3487 3375 etiam

1898 3428 2021 3468 cum
2059 3413 2344 3470 arietibus.
2386 3414 2528 3469 Sunt
2564 3424 2747 3469 autem
2777 3414 2982 3470 arietes
3012 3424 3190 3469 motus
3223 3424 3277 3467 et
3315 3413 3487 3482 impc-

1899 3515 2009 3575 tus,
2044 3508 2135 3577 qui
2169 3508 2237 3563 ab
2265 3507 2531 3563 irascibili
2562 3508 2759 3562 animm
2794 3516 2952 3577 parte
3009 3506 3335 3578 principium
3383 3506 3486 3559 du-

1899 3608 2051 3655 cunt.
2098 3598 2233 3654 Cum
2288 3599 2568 3668 praedictis
2619 3608 2823 3663 autem,
2868 3597 3066 3668 inquit,
3103 3596 3267 3651 etiam
3320 3597 3486 3651 boves

1897 3707 2018 3747 cum
2063 3690 2235 3746 hircis
2267 3690 2491 3745 offeram
2525 3706 2541 3754 ς
2572 3690 2920 3745 sacrificante
2954 3688 3190 3744 forsitan
3234 3687 3347 3755 illo,
3393 3689 3485 3757 qui

1899 3786 1951 3840 in
1988 3784 2220 3838 hostiam
2274 3783 2545 3837 viventem
2585 3781 2691 3836 Deo
2729 3796 2927 3851 corpus
2975 3781 3259 3852 proprium
3304 3781 3483 3836 all‘ert.

1897 3878 2071 3936 Habet
2115 3880 2263 3935 enim
2319 3880 2416 3934 bos
2456 3878 2767 3943 analogiam
2817 3892 2940 3933 cum
2998 3891 3247 3948 corpore,
3302 3888 3488 3948 utpote

1895 3973 2096 4028 animal
2128 3974 2272 4043 quod
2312 3984 2518 4029 terram
2556 3973 2830 4038 elaborat,
2874 3981 2927 4027 et
2957 3971 3347 4026 formationem
3381 3971 3483 4025 lia-

1894 4066 1988 4123 bet
2036 4081 2068 4121 e
2118 4077 2289 4121 terra.
2340 4066 2486 4121 Hirci
2539 4082 2668 4122 vero
2726 4075 2853 4122 sunt
2912 4079 3077 4136 opera
3124 4065 3483 4137 ptenitentim,

1899 4175 2023 4215 nam
2059 4174 2157 4228 pro
2185 4160 2425 4229 peccatis
2454 4159 2847 4216 offerebantur.
3270 4224 3275 4227 ς

1971 4251 2249 4322 Ejusdem.
2293 4252 2484 4308 Omnis
2518 4252 2609 4323 qui
2654 4254 2985 4324 prmeipuam
3038 4252 3235 4305 animm
3271 4259 3480 4318 partem

1897 4345 2061 4400 habet
2108 4358 2302 4415 puram
2340 4356 2397 4400 et
2447 4345 2558 4400 Deo
2594 4357 2872 4416 precatur,
2929 4344 2975 4398 is
3019 4343 3306 4398 incensum
3358 4358 3484 4398 cum

1895 4439 2157 4494 arietibus
2182 4438 2346 4494 offert
2372 4439 2502 4494 Deo.

1972 4530 2135 4587 Vens.
2179 4531 2269 4586 16.
2320 4530 2528 4593 Venite,
2574 4530 2782 4598 audite,
2839 4538 2888 4585 et
2942 4530 3193 4597 narrabo,
3226 4537 3335 4585 etc.
3366 4525 3485 4584 Non

200 4620 448 4693 ἀρχαίων
482 4620 591 4692 (64)
622 4619 978 4693 διηγημάτων
1011 4621 1247 4672 ποιεῖται
1284 4620 1526 4691 μνήμην,
1562 4617 1676 4672 ἀλλ’
1698 4618 1792 4672 ού-

1917 4621 2031 4676 'acit
2079 4622 2418 4677 mentionem
2471 4620 2853 4675 narrationum
2898 4622 3271 4691 antiquarum,
3308 4636 3487 4692 neque

198 4711 260 4768 δὲ
286 4712 408 4766 τίνα
429 4711 629 4783 τρόπον
660 4710 719 4777 ἐξ
733 4710 1009 4781 Αἰγύπτου
1037 4710 1368 4782 λελύτρωται
1399 4711 1542 4765 κατὰ
1566 4712 1793 4783 καιροὺς

199 4805 232 4857 ὁ
270 4803 507 4877 Ἰσραήλ.
541 4803 793 4858 Διδάσκει
824 4803 881 4857 δὲ
903 4804 964 4857 ού
995 4802 1157 4866 κατὰ,
1191 4802 1345 4874 φησὶ,
1388 4801 1447 4855 τὸ
1473 4801 1708 4874 γράμμα
1731 4802 1792 4856 τὸ

201 4897 445 4968 νομικὸν,
488 4897 602 4952 ἀλλ’
642 4897 717 4962 ὡς
744 4898 889 4961 Νέας
926 4896 1200 4969 Διαθήκης
1234 4893 1433 4966 κήρυξ,
1464 4896 1534 4949 τὰ
1560 4896 1655 4949 νέα
1695 4895 1789 4950 τοῦ

200 4988 457 5060 Σωτῆρος
508 4990 664 5061 ήμῶν
714 4986 984 5060 θαυμάζει
1044 4984 1466 5059 κατορθώματα,
1518 4987 1620 5041 ὅσα
1670 4990 1791 5051 ταῖς

199 5081 459 5137 ἁπάντων
498 5083 656 5156 ήμῶν
686 5082 979 5156 ἐχαρίσατο
1003 5081 1223 5153 ψυχαῖς.

279 5176 391 5230 Τοῦ
427 5175 634 5231 αὐτοῦ.
679 5176 845 5230 Μόνοι
900 5177 948 5230 οἱ
998 5174 1108 5247 (65)
1151 5173 1475 5247 φοϐούμενοι
1532 5174 1623 5229 τὸν
1658 5174 1790 5229 Θεὸν

200 5270 420 5324 ἀκούειν
444 5269 695 5323 δύνανται
718 5269 1071 5341 διηγημάτων
1099 5268 1504 5340 πνευματικῶν.

286 5362 541 5417 Ἀδικίαν
559 5365 611 5416 εὶ
635 5360 927 5431 ἐθεώρουν
953 5363 1024 5416 ἐν
1056 5362 1269 5432 καρδίᾳ
1292 5381 1433 5433 μου,
1470 5380 1524 5417 κ.
1563 5381 1613 5417 τ.
1643 5364 1689 5417 ὲ.
1718 5362 1793 5417 Τὸ

172 5524 173 5527 η
202 5454 281 5528 μὴ
304 5455 530 5527 θεωρεῖν
558 5455 669 5527 (66)
697 5456 911 5510 ἀδικίαν
946 5458 1004 5511 ὲν
1026 5459 1091 5529 τῇ
1119 5457 1319 5530 καρδίᾳ
1361 5456 1653 5528 σύμφωνον
1690 5456 1788 5529 τῷ,

274 5570 321 5602 ⁹⁹
351 5569 509 5625 Cant.
535 5584 587 5639 v,
626 5569 709 5627 l3.
788 5571 805 5602 ¹
846 5571 1048 5628 Ezech.
1087 5589 1221 5640 χιιι,
1257 5573 1346 5629 18.

277 5712 389 5781 (59)
420 5712 630 5783 Σαφῶς
659 5714 856 5778 τοῦτο.
889 5726 994 5772 etc.
1031 5717 1238 5772 Catena
1267 5717 1536 5775 C(H'tlel'll.

276 5785 391 5857 (60)
414 5786 517 5840 Διὰ
547 5787 937 5857 γὰρίπολλῶν
963 5788 1253 5857 θλίψεων,
1284 5800 1390 5848 etc.
1418 5791 1639 5848 Eadem.

280 5855 391 5927 (6i)
430 5858 489 5909 Ἀ
523 5855 824 5927 ηὐξάμην,
859 5869 965 5913 etc.
997 5855 1223 5917 Eailcm.

277 5926 389 5990 (62)
408 5928 475 5982 Et
498 5926 733 5995 εὐχή,ο
760 5946 810 5985 c.
841 5928 1061 5986 Eadem.

1900 4731 2005 4786 qua
2045 4716 2256 4770 ratione
2283 4713 2448 4769 lsrael
2479 4714 2608 4768 olim
2646 4730 2711 4769 ex
2750 4713 2984 4785 .Egyplo
3034 4716 3347 4785 redemptus
3392 4716 3482 4770 sit.

1900 4806 2068 4862 Docet
2101 4815 2307 4873 autem,
2345 4806 2541 4874 inquit,
2578 4821 2684 4860 non
2722 4806 2865 4861 sicut
2917 4805 3101 4862 littera
3143 4807 3355 4879 legalis,
3388 4807 3484 4862 sed

1898 4900 2041 4955 sicut
2071 4914 2247 4970 praeco
2274 4897 2411 4953 Novi
2444 4898 2816 4967 Testanienti,
2854 4915 2990 4954 nova
3032 4900 3332 4956 Salvatnris
3387 4914 3483 4952 no-

1899 4994 1995 5049 stri
2028 4994 2296 5049 beneﬁcia
2317 4992 2779 5062 demiratur,quaa
2810 5004 3057 5049 nostrum
3090 4994 3333 5048 omnium
3364 4990 3471 5044 ani-

1898 5087 2001 5142 mis
2031 5087 2257 5158 largitus
2282 5099 2386 5143 est.

1971 5180 2248 5249 Ejusdem.
2293 5180 2394 5249 Qui
2432 5180 2625 5237 timent
2649 5182 2840 5252 Deum,
2870 5182 2968 5239 soli
2995 5181 3185 5247 audire
3207 5176 3482 5251 spiritales

1898 5273 2242 5328 narrationes
2274 5284 2521 5344 possunt.

1970 5365 2132 5421 Vens.
2195 5364 2282 5419 18.
2339 5364 2685 5438 [iniquitatem
2745 5368 2793 5422 ei
2846 5364 3165 5434 aspiciebam
3220 5361 3274 5415 in
3332 5361 3489 5416 corde

1896 5474 2031 5529 meo,
2064 5468 2169 5515 etc.
2200 5459 2315 5515 Non
2352 5462 2604 5533 aspicere
2651 5461 2992 5532 iniquitatem
3036 5458 3089 5513 in
3130 5455 3300 5512 corde
3346 5455 3488 5511 idem

1975 5720 2089 5791 (65)
2117 5718 2245 5787 Πᾶς
2274 5723 2307 5776 d
2338 5721 2516 5791 ἔχων,
2552 5726 2659 5772 etc.
2688 5715 2870 5791 codex
2914 5713 3305 5791 coisliniantis.

1971 5784 2083 5862 (64)
2110 5784 2235 5845 Οὐκ
2259 5784 2545 5861 ἁρχὶὶίων,
2587 5800 2700 5862 etc.
2722 5784 3225 5862 C:it_cna_Corderii.

1976 5857 2085 5934 (65)
2115 5857 2309 5934 Μόνοί
2339 5857 2417 5924 οἱ,
2448 5871 2558 5913 etc.
2591 5859 2773 5934 Codcg
2802 5857 3195 5934 (loislinianns.

1958 5928 2077 6000 (66)
2105 5933 2173 5990 Τὸ
2205 5932 2284 5999 μὴ
2317 5937 2575 5998 θεωρεῖν,
2598 5941 2706 5987 cie.
2732 5931 2937 5987 Catena
2971 5928 3243 5987 Cordcrii.
