3944 6386
165 255 186 311 l
197 254 308 312 505

1100 241 1406 302 SELECTA
1433 239 1500 297 lN
1527 236 1868 295 PSALMOS.
1905 267 1977 277 —
2013 235 2208 294 PSAL.
2249 231 2456 292 LXV“.

3289 235 3427 292 1506

159 377 268 452 γὰρ
305 373 438 440 Θεὸς
475 373 664 445 ἀγάπη
699 371 868 427 ἐστίν.
899 373 920 426 i
954 355 1024 425 Ἦ
1075 353 1366 443 μισοῦντας
1401 366 1536 422 Θεδν
1575 373 1742 419 κατα-

1861 359 1942 415 Vel
1979 355 2069 415 Dei
2115 374 2302 416 osores
2336 359 2607 433 fugientes
2639 371 2668 415 a
2703 349 2840 415 facie
2876 358 2994 429 ejus
3025 368 3182 414 vocat
3213 372 3306 415 eos
3332 363 3423 430 qni

160 469 462 541 φεύγοντας
487 466 594 521 ἀπὸ
613 463 908 538 προσώπου
934 463 1096 520 αὐτοῦ
1121 463 1268 533 λέγει
1296 463 1422 526 τοὺς
1451 457 1577 533 περὶ
1599 477 1740 533 πρα-

159 563 352 636 κτικὴν
381 560 578 615 κακίαν
610 559 846 632 ἔχοντας.
874 559 937 612 Εἰ
962 555 1071 629 γὰρ
1097 559 1126 611 6
1143 556 1371 626 ἀγαπῶν
1402 554 1562 609 αὑτὸν
1584 543 1742 625 τηρεῖ

158 655 256 720 τὰς
289 653 511 717 ἐντολὰς
536 650 722 716 αὐτοῦ,
750 653 779 705 6
811 651 884 724 μὴ
910 653 1096 724 τηρῶν
1117 649 1285 712 αύτὰς
1317 647 1417 702 οὐκ
1440 643 1630 716 ἀγαπᾷ
1653 645 1744 698 αὐ-

159 749 270 806 τόν.
302 740 460 803 υῦτοι
492 745 547 800 δέ
571 746 707 800 εἰσιν
736 743 785 798 oi
817 743 1102 818 μισοῦντες
1135 741 1226 798 τὸν
1257 741 1428 824 Θεονκ,
1461 741 1510 794 oi
1551 739 1619 795 τὰ
1647 756 1741 812 με-

165 839 440 913 μισημένα
469 837 617 908 αύτῷ
647 837 999 910 πράττοντες.

239 935 340 1000 Ὧς
385 932 648 987 ἐκλείπει
717 929 977 996 καπνὸς,
1030 948 1085 984 κ.
1121 947 1173 983 τ.
1223 928 1270 982 ὲ.
1310 926 1442 989 Ταῖς
1485 925 1741 997 παραδο-

159 1027 279 1092 λαῖς
313 1025 423 1099 (75)
465 1023 949 1098 ἐμφαντικωτέραν
1006 1022 1116 1076 τῶν
1165 1021 1423 1076 ἐναντίων
1460 1019 1575 1090 ξτὴν
1629 1019 1739 1072 ἀπ-

160 1119 356 1190 ώλειαν
382 1117 720 1192 ἐργάσασθαι
753 1115 1090 1190 βουλόμενος,
1119 1115 1488 1188 ἐμνημόνευσε
1513 1115 1607 1168 καὶ
1640 1131 1740 1168 κειὁ

162 1211 295 1266 πνοῦ
322 1211 416 1266 καὶ
447 1209 619 1284 κηροῦ
644 1229 658 1240 ·
688 1209 962 1283 αῦτηθγὰρ
997 1212 1027 1282 ἡ
1058 1207 1230 1281 κηροῦ
1264 1207 1424 1278 φύσις
1447 1207 1580 1280 πυρὶ
1607 1207 1742 1280 πλη-

161 1304 436 1368 σιάζοντος
495 1303 758 1376 τήκεσθαι
816 1303 909 1358 καὶ
977 1301 1328 1357 ἀπόλλυσθαι.
1390 1301 1577 1366 Οὕτως
1625 1297 1740 1366 οὖν,

162 1398 348 1472 φησὶν,
378 1396 624 1461 ἅπαντας
652 1397 850 1462 αὐτοὺς
873 1395 1188 1461 ἀναλώσεις,
1212 1395 1402 1468 ὥσπερ
1427 1395 1487 1449 τὸ
1520 1391 1630 1468 πῦρ
1653 1393 1742 1449 τὸν

161 1490 348 1564 κηρόν.

237 1583 346 1639 Τοῦ
375 1583 578 1638 αὑτοῦ.
609 1583 683 1637 Οὐ
717 1581 827 1653 πῦρ
856 1581 932 1646 ὡς
959 1580 1181 1651 ἄγγελοι
1211 1579 1344 1654 (76),
1373 1577 1494 1635 οὒδέ
1530 1579 1646 1650 φῶς
1668 1578 1744 1644 ὡς

156 1674 206 1728 οἱ
233 1674 450 1739 δίκαιοι,
479 1673 592 1727 ἀλλ’
621 1673 697 1738 ὡς
720 1672 924 1736 καπνός
948 1675 1086 1726 εἰσιν
1112 1674 1163 1727 οἱ
1202 1669 1505 1745 μισοῦντες,
1537 1671 1712 1726 καπνὺ

155 1767 185 1820 6
210 1765 470 1838 βλαϐερὸς
494 1766 755 1838 ὄμμασιν.
791 1783 808 1816 ι
859 1765 946 1829 Ὠς
973 1767 1198 1837 τήκεται
1237 1763 1406 1837 κηρὸς
1438 1763 1545 1819 ἀπὸ
1573 1777 1743 1837 προσ-

154 1857 306 1912 ὡπου
343 1858 534 1931 πυρὸς,
573 1879 590 1911 ι
622 1859 715 1912 καὶ
747 1857 815 1912 τὰ
838 1857 983 1930 ἑξῆς.
1019 1859 1228 1928 Ὠσπερ
1267 1861 1411 1922 σῖτος
1448 1859 1545 1930 μὲν
1580 1857 1629 1912 oi
1674 1856 1744 1911 δί-

155 1966 302 2003 καιοι
327 1990 342 2012 ,
390 1950 591 2022 ἄχυρον
616 1949 672 2004 δὲ
716 1949 766 2003 οί
797 1949 971 2004 ἄδικοι
990 1966 1004 1980 ’
1035 1948 1179 2003 οὕτω
1207 1949 1327 2021 μέλι
1359 1950 1457 2021 μὲν
1483 1950 1531 2003 oi
1568 1949 1741 2018 σοφοὶ,

155 2043 326 2114 κηρὸς
357 2042 414 2097 δὲ
436 2043 483 2096 ot
517 2040 829 2114 ἑτερόδοξοι,
853 2041 912 2108 ὃς
944 2044 1039 2097 καὶ
1066 2044 1291 2116 τήκεται
1326 2043 1431 2097 ὑπὸ
1461 2042 1553 2097 τοῦ
1583 2045 1640 2097 ἐν
1667 2042 1744 2114 τῷ

1844 453 1897 508 in
1935 453 2086 522 praxi
2115 453 2294 523 inique
2325 469 2385 509 se
2418 462 2631 524 gerunt.
2666 452 2722 508 Si
2754 453 2897 508 enim
2925 453 3014 522 qui
3042 451 3190 507 illum
3229 452 3426 521 diligit,

1842 545 2094 599 mandata
2129 543 2246 612 ejus
2280 542 2440 613 752
2471 550 2673 608 servat,
2719 543 2903 613 utique
2929 541 3019 612 qui
3049 557 3151 596 non
3189 542 3278 597 illa
3309 559 3428 598 ser-

1841 643 1952 702 vin,
1991 642 2096 690 non
2131 635 2307 707 diligit
2329 653 2475 689 eum.
2513 633 2574 688 lli
2619 652 2780 705 porro
2815 644 2942 690 sunt
2975 633 3064 690 Dei
3089 650 3297 704 osores.
3329 638 3426 708 qui

1841 744 1961 801 quae
1990 729 2103 800 ipse
2125 728 2251 785 odio
2276 729 2457 796 habet,
2489 712 2714 786 faciunt.

1913 901 2075 959 Vens.
2107 902 2160 958 ’5.
2204 901 2353 958 Sicut
2401 903 2576 970 deﬁcit
2617 905 2830 974 Iunius,
2860 919 2966 965 etc.
3007 901 3140 967 Cum
3184 911 3421 968 hostium

1845 981 2121 1051 interitum
2178 1009 2273 1064 per
2324 998 2758 1066 comparationes
2809 1002 2980 1073 magis
3031 1003 3233 1060 diserte
3259 1003 3424 1060 vellet

1843 1088 2149 1160 explicare,
2184 1083 2319 1143 fumi
2366 1096 2419 1142 et
2462 1093 2602 1146 'cerze
2649 1093 2979 1150 mentionem
3028 1093 3202 1152 fecit:
3247 1098 3422 1168 siqui-

1843 1183 1963 1236 dem
2007 1183 2094 1237 illa
2141 1195 2280 1239 certe
2319 1191 2403 1238 est
2436 1193 2624 1242 natura
2647 1229 2662 1253 ,
2707 1193 2766 1242 ut
2798 1187 2919 1259 igne
2955 1193 3426 1263 appropinquante

1823 1272 2200 1346 __colliquescat
2243 1282 2296 1329 et
2345 1286 2554 1344 pereat.
2610 1277 2702 1334 Sic
2747 1279 2949 1348 igitur,
2983 1281 3189 1352 inquit,
3232 1291 3426 1341 clunes

1843 1371 2152 1434 consumes,
2182 1365 2321 1422 sicut
2351 1367 2490 1439 ignis
2518 1377 2720 1424 ceram.

1918 1544 2192 1619 Ejusdem.
2224 1545 2338 1606 Nan
2369 1549 2512 1622 ign.s
2549 1550 2690 1606 sicut
2722 1549 2922 1622 angeli,
2963 1559 3138 1623 neque
3170 1552 3255 1607 lux‘
3287 1555 3430 1611 sicut

1715 1639 1744 1736 ξ
1775 1724 1816 1736 __
1841 1640 2002 1711 justi,
2033 1639 2124 1720 sed
2160 1641 2304 1700 sicut
2347 1639 2529 1700 fumus
2557 1643 2732 1700 oculis
2761 1645 2973 1711 noxius,
2999 1654 3123 1701 sum
3163 1647 3255 1716 qui
3293 1645 3426 1703 ode-

1775 1724 1817 1783 Β
1847 1746 1972 1790 runt
1995 1752 2140 1791 eum.
2177 1753 2196 1788 ι
2250 1735 2404 1791 Sicut
2436 1734 2553 1791 ﬂuit
2580 1751 2706 1792 cera
2736 1752 2768 1792 a
2811 1735 2948 1792 facie
2979 1737 3142 1808 ignis.
3183 1759 3201 1791 ι
3237 1749 3291 1794 et
3318 1747 3429 1794 cte-

1848 1838 1986 1884 tera.
2011 1829 2478 1896 Quemadmodum
2521 1827 2849 1884 frumentum
2885 1831 3104 1900 quidem
3131 1821 3428 1899 sttntiitsti,

1847 1923 1998 1992 palea
2023 1933 2204 1979 autem
2234 1923 2454 1995 injustl;
2483 1923 2561 1978 sic
2593 1923 2696 1978 mel
2728 1921 2946 1993 quidem
2980 1931 3107 1978 sunt
3133 1923 3428 1994 sapientes,

1846 2025 1970 2073 cera
1997 2033 2126 2074 vero
2168 2017 2509 2081 heterodoxi.
2538 2031 2656 2089 quae
2684 2025 2806 2073 cera
2832 2018 3037 2089 liquelit
3066 2019 3134 2072 nh
3161 2033 3226 2073 eo
3258 2018 3349 2086 qui
3374 2019 3428 2072 in

151 2134 348 2205 δικαίῳ
374 2135 544 2207 πυρὸς
572 2134 960 2206 καθαιροῦντος
981 2135 1042 2188 τὸ
1071 2134 1324 2206 σύστημα
1351 2135 1459 2189 τῶν
1488 2134 1744 2190 ἐναντίων

1861 2119 1987 2167 usto
2027 2112 2182 2165 ardet
2213 2111 2356 2182 igne,
2401 2111 2603 2181 quique
2645 2117 2832 2164 eorum
2863 2109 2954 2180 qui
2991 2119 3131 2164 Verte
3168 2109 3432 2164 doctrinae

151 2225 233 2297 τῷ
265 2224 454 2296 ἀληθεῖ
482 2224 643 2296 λόγῳ.
675 2225 746 2278 Τὸ
774 2225 829 2278 δὲ
857 2225 967 2296 πῦρ
995 2223 1156 2278 τοῦτο
1187 2226 1216 2278 6
1239 2223 1370 2287 Θεός
1403 2227 1545 2278 ἐστι’
1589 2224 1650 2278 τὸ
1688 2225 1745 2281 δὲ

150 2318 287 2372 αὐτὸ
315 2317 603 2388 πρόσωπον
631 2316 724 2370 τοῦ
751 2315 885 2371 Θεοῦ
916 2316 1072 2389 τήκει
1112 2313 1212 2388 μὲν
1247 2315 1606 2388 ἁμαρτωλοὺς
1625 2357 1640 2382 ,
1666 2317 1747 2372 δι-

152 2411 343 2474 καίους
375 2409 433 2463 δὲ
467 2409 766 2481 εὐφραίνει.

232 2501 342 2558 Ἰῐοῦ
372 2503 575 2557 αὐτοῦ.
610 2501 810 2556 Τοῦτον
835 2492 926 2555 τὸν
962 2501 1167 2556 καπνὸν
1201 2501 1312 2573 (77)
1353 2501 1648 2557 ἀποδιώκει
1685 2503 1746 2559 τδ

152 2595 271 2669 πῦρ
298 2595 325 2649 6
346 2591 510 2668 ἦλθεν
538 2596 566 2646 ὁ
595 2595 800 2667 Κύριος
830 2593 1010 2665 βαλεῖν
1047 2595 1140 2648 ἐπὶ
1167 2596 1268 2667 τὴν
1299 2595 1422 2666 γῆν.

227 2687 338 2742 Καὶ
365 2690 417 2740 οἱ
449 2685 663 2739 δίκαιοι
687 2681 1215 2754 εὐφρανθήτωσαν,
1235 2682 1748 2752 ἀγαλλιάσθωσαν

149 2779 411 2835 ἐνώπιον
439 2777 547 2832 τοῦ
582 2777 729 2832 Θεοῦ
756 2818 770 2842 ,
800 2776 1226 2847 τερφθήτωσαν
1265 2774 1336 2827 ἐν
1370 2777 1744 2846 εὐφροσύνῃ,

150 2891 212 2926 κ.
238 2885 288 2926 τ.
318 2873 363 2925 ἐ.
410 2869 473 2924 Ἡ
502 2870 610 2924 τῶν
641 2857 861 2924 δικαίων
903 2868 1013 2941 (78)
1049 2868 1277 2922 ἐνώπιον
1301 2866 1395 2920 τοῦ
1421 2867 1556 2921 Θεοῦ
1581 2869 1748 2938 ἀγαλ-

150 2965 333 3029 λίασις
356 3006 371 3029 ,
398 2964 543 3036 χαρά
570 2981 654 3028 τις
681 2957 815 3017 οὖσα
837 3004 852 3029 ,
889 2962 1099 3034 καρπός
1129 2963 1245 3016 ἐστι
1267 2962 1362 3017 τοῦ
1396 2961 1706 3032 πνεύματος
1728 2977 1742 2990 ·

1846 2202 2204 2256 adversantur
2245 2210 2482 2272 systenia
2531 2200 2750 2254 evertit.
2800 2198 2898 2254 llic
2954 2199 3092 2269 ignis
3128 2201 3272 2254 Deus
3317 2207 3426 2265 est,

1847 2294 1962 2365 ipsa
1997 2303 2176 2348 autem
2217 2291 2386 2349 facies
2412 2291 2502 2349 Dei
2538 2292 2810 2350 consumit
2844 2291 3059 2362 quidem
3095 2299 3428 2364 peccatores,

1841 2386 2018 2456 justos
2039 2401 2168 2442 vero
2197 2386 2386 2442 laetitia
2425 2385 2616 2443 allicit.

1920 2475 2194 2550 Ejusdem.
2221 2475 2378 2535 Hunc
2409 2477 2610 2534 fumum
2651 2478 2872 2550 expellit
2899 2478 3040 2549 ignis
3065 2491 3225 2550 quem
3251 2477 3434 2534 Domi-

1849 2589 1950 2626 nns
1975 2572 2124 2627 venit
2154 2573 2367 2626 mittere
2393 2573 2445 2627 in
2472 2573 2696 2630 terram.

1922 2669 2084 2724 Vatis.
2108 2669 2157 2722 4.
2204 2667 2267 2721 Et
2287 2667 2424 2738 justi
2451 2671 2748 2732 epulantur,
2772 2679 2818 2722 et
2839 2667 3101 2724 exsultent
3141 2668 3192 2719 in
3218 2677 3438 2735 compta

1849 2773 1934 2818 ctu
1965 2763 2079 2828 Dei,
2101 2773 2149 2818 et
2180 2757 2505 2818 delectentur
2553 2763 2607 2816 in
2651 2755 2875 2825 fertilia,
2913 2771 3023 2816 etc.
3072 2759 3351 2815 Justorum
3381 2759 3434 2812 in

1851 2865 2141 2927 conspectu
2183 2849 2276 2910 Dei
2329 2855 2656 2919 exsultatio,
2689 2867 2810 2922 qua?
2860 2853 3115 2925 gaudium
3166 2850 3435 2921 quoddam

1850 2957 1955 3014 est,
1999 2947 2210 3004 fructus
2235 2956 2318 3003 est
2350 2947 2575 3016 spiritus
2608 2961 2622 2999 :
2668 2945 2880 3000 fructus
2919 2944 3064 2998 enim
3094 2942 3318 3012 spiritus
3351 2949 3440 2995 est

150 3060 368 3132 καρπὸς
401 3058 510 3129 γάρ
549 3055 664 3111 ἐστι
692 3057 786 3110 τοῦ
840 3056 1148 3127 πνεύματος
1187 3057 1364 3128 χαρὰ,
1396 3055 1608 3126 εἰρήνη.
1645 3055 1746 3108 Εὐ-

1861 3042 2129 3113 gaudium,
2167 3056 2293 3111 pax.
2336 3037 2550 3095 Laetitia
2592 3047 2775 3093 autem
2816 3052 2920 3107 qua
2950 3052 3045 3108 per
3075 3036 3312 3089 animam
3347 3043 3440 3089 sa-

149 3153 398 3226 φροσύνη
431 3152 487 3206 δὲ
506 3193 520 3217 ,
555 3153 589 3223 ἡ
621 3150 910 3222 διαχέουσα
946 3149 1044 3221 τῆς
1070 3149 1250 3221 ψυχῆς
1272 3148 1332 3202 τὸ
1364 3145 1624 3220 φρονοῦν,
1653 3146 1746 3200 εύ-

147 3246 372 3301 πάθεια.

230 3340 444 3412 ’ᾉσατε
479 3335 560 3402 τῷ
607 3335 765 3403 Θεῷ,
803 3335 1038 3406 curuare
1090 3333 1172 3401 τῷ
1231 3334 1474 3406 ὀνόματι
1520 3332 1744 3400 αὑτοῦ,

149 3429 555 3498 ὀδοποιήσατε
593 3427 672 3496 τῷ
703 3424 1074 3495 ἐπιϐεϐηκότι
1100 3426 1200 3480 ἐπὶ
1231 3425 1502 3496 δυσμῶν,
1530 3424 1747 3493 Κύριος

150 3525 346 3594 ὄνομα
369 3523 529 3590 αὐτῷ
551 3567 566 3591 ,
599 3540 652 3576 κ.
681 3540 732 3576 τ.
770 3521 817 3575 ἐ.
856 3519 1063 3574 Ψάλλει
1093 3518 1171 3592 τῷ
1209 3519 1302 3574 τοῦ
1329 3515 1462 3576 Θεοῦ
1496 3517 1606 3594 (79)
1626 3521 1746 3576 ὀνό-

152 3631 290 3687 ματι
325 3615 354 3667 6
394 3613 480 3668 διὰ
509 3611 571 3666 τὸ
612 3611 781 3682 ὄνομα
813 3609 1002 3665 αὐτοῦ.
1033 3609 1097 3664 Et
1129 3610 1224 3665 καὶ
1253 3610 1354 3682 τῆς
1389 3612 1666 3685 ἡμετέρας
1690 3612 1748 3667 δὲ

148 3706 434 3778 πτωχείας
465 3703 664 3776 ἐπέϐη,
711 3703 806 3757 καὶ
850 3701 947 3774 τὴν
977 3703 1182 3756 οἰκείαν
1211 3703 1531 3758 συνεσκίασε
1567 3704 1744 3772 δόξαν,

145 3796 231 3863 ὡς
281 3800 344 3851 ἐκ
389 3795 610 3868 δυσμῶν
643 3792 983 3858 ἀνατέλλων,
1029 3793 1144 3848 ἀλλ’
1189 3791 1282 3848 οῦν
1329 3793 1534 3868 Κύριος
1577 3795 1749 3868 ὄνομα

149 3889 329 3961 αὐτῷ.
369 3879 480 3944 Καὶ
505 3887 614 3958 γὰρ
657 3887 942 3960 ἄνθρωπος
978 3886 1238 3957 γεγονὼς,
1272 3889 1371 3942 οὐκ
1411 3885 1652 3943 ἀπέϐαλε
1686 3885 1749 3944 τδ

149 3975 298 4033 εἶναι
332 3977 537 4050 Κύριος
563 3979 592 4031 6
623 3976 775 4041 Θεός.

235 4073 721 4144 Ταραχθήσονται
758 4074 876 4129 ἀπὸ
916 4073 1240 4145 προσώπου
1277 4077 1465 4132 αὐτοῦ
1501 4077 1610 4134 τοῦ
1638 4097 1751 4136 παρ-

147 4167 299 4238 τρὸς
324 4166 442 4222 τῶν
475 4165 752 4237 ὀρφανῶν
785 4166 882 4221 καὶ
911 4165 1113 4236 κριτοῦ
1142 4166 1262 4222 τῶν
1290 4167 1512 4239 χηρῶν,
1544 4188 1598 4226 κ.
1623 4190 1674 4227 τ.
1697 4173 1745 4228 ἐ.

166 4259 439 4333 ὀρφανός
457 4262 604 4314 ἐστιν
629 4259 737 4332 (80)
763 4263 792 4316 6
822 4259 1105 4333 στερηθεὶς
1127 4260 1214 4316 διὰ
1237 4262 1438 4316 κακίαν
1470 4262 1563 4317 τοῦ
1588 4264 1751 4320 ἐπου-

156 4353 349 4430 ρανίου
383 4353 615 4426 Πατρὸς,
633 4353 700 4426 ἣν
729 4353 890 4418 αὐτὸς
916 4352 1057 4408 ἑκὼν
1079 4354 1444 4409 ἐπεσπάσατο.
1485 4375 1503 4407 ι
1537 4349 1596 4410 Ὅ
1617 4356 1750 4423 Θεὸς

1852 3135 2054 3206 pientia
2089 3133 2436 3198 dili‘nnditur,
2473 3129 2709 3187 felicitas
2737 3141 2840 3186 est.

1920 3314 2085 3371 νέης.
2117 3311 2420 3381 5.,ίῖαηιαιε
2449 3303 2576 3374 Deo.
2611 3309 2821 3382 psallite
2851 3323 3049 3364 nomint
3075 3310 3210 3380 ejus,
3231 3309 3332 3364 iter
3354 3298 3439 3379 fa-

1849 3411 1948 3464 cite
1987 3410 2036 3463 ei
2074 3410 2165 3479 qui
2197 3405 2428 3461 asCen‘dit
2461 3419 2618 3472 super
2646 3415 2912 3470 occasum,
2941 3395 3198 3458 Dominus
3252 3411 3439 3456 nomen

1847 3501 1952 3567 illi,
1988 3511 2092 3558 etc.
2123 3487 2309 3556 Psallit
2339 3513 2535 3555 nomen
2571 3487 2691 3562 Dei,
2717 3497 2808 3566 qni
2849 3507 3068 3568 propter
3095 3512 3293 3552 nomen
3323 3493 3441 3565 ejus

1849 3594 2049 3666 psallit.
2069 3593 2330 3662 Quamvis
2355 3597 2518 3663 super
2557 3600 2930 3661 paupertatem
2977 3601 3219 3645 nostram
3245 3603 3442 3644 ascen-

1849 3688 1991 3744 derit
2040 3697 2090 3742 et
2145 3687 2420 3756 propriam
2470 3684 2697 3755 gloriam
2750 3683 3259 3747 subobscuraverit,
3311 3698 3443 3738 cum

1849 3781 2095 3836 ascendit
2131 3791 2293 3848 super
2331 3792 2610 3840 occasum,
2649 3773 3006 3830 nihilominus
3057 3775 3316 3829 Dominus
3350 3788 3446 3829 no-

1851 3881 1971 3928 men
2003 3871 2104 3926 illi.
2125 3869 2259 3925 Nam
2292 3869 2453 3925 homo
2479 3871 2676 3935 factus,
2709 3883 2814 3922 non
2849 3866 3060 3922 destitit
3101 3875 3220 3922 esse
3261 3865 3443 3922 Domio

1848 3979 1954 4020 nus
1994 3962 2160 4019 Deus.

1920 4059 2085 4115 Vens.
2105 4057 2161 4122 5,
2195 4055 2250 4110 6.
2281 4055 2659 4110 Turbabuntur
2679 4070 2710 4108 a
2733 4052 2870 4122 [acie
2890 4051 3027 4122 ejus,
3058 4045 3224 4120 patris
3247 4041 3446 4120 orpha-

1851 4159 2040 4208 nOr'um
2069 4159 2118 4206 et
2153 4149 2360 4222 judicia
2405 4147 2715 4210 viduarum,
2766 4154 2875 4200 etc.
2919 4142 3208 4214 Orphanus
3231 4152 3314 4198 est
3349 4145 3452 4214 qui

1851 4263 2077 4326 propter
2107 4249 2372 4306 malitiam
2399 4257 2564 4320 quam
2607 4237 2710 4301 sibi
2745 4253 2938 4314 sponte
2971 4242 3196 4305 ascivit,
3227 4240 3438 4295 caelesti

1852 4341 2013 4403 Patre
2036 4347 2301 4418 privatur.
2333 4363 2352 4396 ι
2401 4343 2543 4398 Deus
2588 4340 2641 4394 in
2683 4337 2803 4394 loco
2837 4343 3028 4392 sancto
3067 4348 3184 4390 suo.
3217 4352 3236 4386 ι
3265 4333 3446 4389 Locus

152 4425 219 4500 ἐν
263 4445 414 4517 τόπῳ
467 4445 605 4517 ἁγίῳ
648 4425 832 4500 αὐτοῦ.
875 4465 893 4498 ι
927 4447 1103 4511 Τόπος
1145 4446 1280 4500 Θεοῦ
1311 4446 1457 4520 ψυχὴ
1499 4446 1746 4522 καθαράο

1861 4441 1951 4498 Dei
1987 4457 2118 4514 pura
2149 4449 2229 4496 est
2266 4439 2468 4494 anima.
2507 4438 2849 4506 Quapmpter
2877 4429 3044 4486 infert
3079 4443 3141 4482 ε(
3183 4425 3324 4483 Deus
3347 4427 3443 4498 qui

149 4535 242 4591 διὸ
270 4536 361 4590 καὶ
404 4534 687 4609 ἐπιφέρει·
723 4553 742 4588 t
778 4535 836 4590 '0
865 4535 996 4600 Θεὸς
1035 4537 1332 4602 κατοικίζει
1386 4538 1752 4610 μονοτρόπους

151 4630 220 4682 ὲν
265 4627 418 4700 οἴκῳ.
450 4648 469 4681 ι
501 4628 884 4700 Μονοτρόπους
917 4628 1054 4698 φησι
1101 4630 1226 4693 τοὺς
1273 4629 1422 4700 αὐτῷ
1473 4632 1566 4685 καὶ
1605 4631 1752 4703 μόνῳ

151 4720 465 4787 ἀναθέντας
514 4721 614 4794 τὴν
661 4721 796 4776 ἰδίαν
841 4720 987 4792 ζωὴν
1013 4759 1028 4786 ,
1073 4721 1254 4792 πάσης
1297 4722 1614 4793 διχοψυχίας
1659 4723 1753 4778 καὶ

152 4815 440 4886 κοσμικῆς
471 4815 766 4888 ἐπιθυμίας
797 4815 966 4887 αὐτὴν
995 4813 1481 4887 ἀλλοτριὼσαντας.
1519 4815 1755 4882 Τούτους

153 4910 231 4983 δὴ
261 4904 354 4963 οὖν
381 4911 477 4964 καὶ
509 4911 567 4964 ἐν
599 4911 676 4983 τῷ
697 4909 831 4982 οἴκῳ
860 4909 1046 4978 αὑτοῦ,
1072 4909 1317 4964 τουτέστι
1349 4912 1415 4982 τῇ
1446 4910 1754 4984 ἐπουρανίῳ

153 5001 322 5058 πόλει
353 5003 760 5070 κατοικίζεσθαι
795 5003 1205 5074 ἐπαγγέλλεται.
1237 4997 1359 5058 Οἵδε
1393 5003 1451 5058 δὲ
1495 5003 1528 5076 ὴ
1561 5003 1751 5076 Γραφὴ

153 5097 265 5153 καὶ
303 5096 372 5150 τὰ
411 5097 819 5170 ἐπιτηδεύματα
863 5099 1024 5154 τόπον
1076 5097 1280 5154 καλεῖν.
1340 5098 1428 5152 Ἐν
1468 5087 1618 5169 τόπῳ
1657 5094 1750 5153 οὖν

154 5189 330 5262 ἁγίῳ,
359 5189 524 5244 οἱονεὶ
557 5191 615 5244 ἐν
647 5192 759 5255 τοῖς
791 5190 1149 5263 ἐξῃρημένοις
1179 5192 1274 5245 καὶ
1306 5190 1621 5260 ἁγνοτάτοις
1651 5190 1753 5244 αὐ-

150 5279 263 5336 τοῦ
298 5281 740 5354 ἐπιτηδεύμασιν.
781 5301 799 5334 ι
849 5282 1088 5353 Ἐξάγων
1129 5282 1538 5355 πεπεδημένους
1566 5284 1625 5336 ἐν
1658 5285 1754 5339 ἁν-

150 5371 327 5444 δρεία
349 5389 363 5403 ’
400 5373 601 5442 ὁμοίως
632 5372 756 5436 τοὺς
789 5373 1352 5446 παραπικραίνοντας,
1385 5375 1510 5438 τοὺς
1568 5391 1754 5429 κατοι-

245 5539 358 5610 (75)
402 5541 536 5608 Ταῖς
572 5543 964 5611 παραϐολαῖς,
990 5554 1094 5598 etc.
1127 5544 1331 5600 Catena
1355 5544 1623 5602 Corderii.

245 5611 359 5681 (76)
397 5615 480 5666 ῡὺ
514 5612 634 5682 πῦρ
685 5615 764 5681 ὡς
794 5614 1056 5685 ἄγγελοι,
1086 5625 1192 5672 etc.
1239 5616 1419 5673 Codex
1464 5617 1757 5674 Coislinia-

159 5698 279 5740 nns
312 5685 612 5738 secundus.

253 5753 361 5823 (Π)
403 5754 622 5811 Τοῦτον
648 5757 756 5812 τὸν
798 5756 1056 5824 καπνόν,
1087 5767 1192 5815 etc.
1229 5757 1597 5816 Coislinianns
1645 5758 1758 5830 pri-

1859 4533 2169 4591 inhabitare
2199 4533 2330 4589 facit
2365 4529 2526 4587 unius
2553 4529 2724 4585 moris
2751 4527 2808 4581 in
2843 4529 3024 4582 duino.
3061 4544 3080 4578 ι
3115 4521 3286 4580 Unius
3321 4531 3442 4578 tuo-

1861 4630 1936 4686 ris
1967 4629 2216 4684 homines
2253 4635 2412 4683 vocat
2457 4625 2576 4682 illos
2625 4625 2717 4695 qui
2752 4623 2916 4678 vitam
2972 4638 3127 4678 suam
3183 4617 3249 4676 ab
3294 4619 3446 4674 omni

1862 4723 2135 4779 anxietate
2157 4733 2212 4778 et
2237 4720 2506 4777 mundana
2533 4719 2976 4792 concupiscentia
3007 4715 3230 4772 liberam
3260 4715 3308 4772 ei
3340 4713 3443 4771 soli

1861 4817 2273 4870 consecrarunt.
2301 4807 2414 4868 ﬂos
2443 4827 2572 4883 ergo
2599 4809 2651 4866 in
2677 4811 2840 4868 domo
2874 4827 2995 4875 sua,
3032 4810 3133 4865 hoc
3159 4817 3243 4864 est
3278 4806 3440 4863 caste-

1861 4908 1930 4966 sti
1955 4907 2175 4966 civitate
2218 4909 2276 4964 se
2317 4906 2706 4964 collocatnrum
2744 4904 3030 4976 promittit.
3063 4901 3223 4960 Novit
3262 4909 3444 4956 autem

1860 4997 2139 5073 Scriptura
2173 5003 2338 5056 etiam
2368 5001 2547 5058 studia
2581 4999 2757 5056 locum
2794 5015 3010 5055 vocare.
3033 4995 3090 5052 In
3123 5007 3313 5052 sancto
3343 4993 3445 5062 igi-

1861 5103 1953 5152 tur
1973 5096 2114 5161 loco,
2147 5105 2405 5166 tanquam
2441 5095 2493 5150 in
2520 5095 2739 5154 selectis
2759 5104 2814 5152 et
2830 5091 3154 5151 castissimis
3183 5087 3302 5158 ejus
3328 5096 3444 5144 stu-

1860 5189 1986 5245 diis.
2011 5207 2030 5241 ι
2054 5189 2155 5257 Qui
2181 5186 2366 5244 educit
2394 5188 2602 5245 vinctos
2625 5189 2680 5244 in
2705 5185 3040 5252 fortitudine,
3065 5181 3320 5240 similiter
3347 5194 3446 5234 eos

1861 5283 1954 5354 qui
1983 5292 2329 5352 exasperant,
2355 5283 2454 5352 ‘qui
2498 5283 2746 5339 habitant
2774 5282 2828 5337 in
2865 5277 3159 5350 ‘sepulcris.
3193 5293 3214 5328 ο
3247 5273 3445 5343 Quent-

1863 5373 2154 5431 admodum
2186 5374 2396 5430 vinctos
2428 5375 2612 5432 educit
2642 5376 2694 5430 in
2736 5373 2896 5447 753
2920 5370 3255 5436 fortitudine,
3277 5367 3357 5424 sic
3389 5377 3444 5422 ct

1866 5562 2049 5685 Im3.8)
2081 5619 2144 5672 Ἡ
2172 5617 2292 5672 τῶν
2317 5618 2585 5684 δικαίων,
2605 5626 2711 5672 etc.
2742 5611 3118 5673 Coisli'nianus
3143 5617 3438 5675 semmdus.

1939 5686 2053 5756 (79)
2090 5686 2317 5744 Ψὰλλει
2345 5689 2424 5754 τῷ
2453 5687 2558 5744 τοῦ
2586 5687 2756 5750 Θεοῦ,
2781 5697 2890 5743 etc.
2925 5687 3085 5756 Iden).

1939 5749 2054 5832 (80)
2083 5760 2370 5827 Ὀρφανός
2391 5749 2592 5825 ἐστιν,
2631 5749 2991 5817 etc.Schedw
3017 5749 3222 5812 Grabii.
