3944 6386
511 242 647 297 15⁸17

1932 230 2023 287 EX
2064 228 2366 286 ORIGENE

3659 231 3783 289 15ίὲ

509 365 740 440 injustas
759 362 942 419 educit
963 359 1269 431 iniustitia,
1289 368 1344 417 et
1370 358 1684 431 insipientes
1715 357 1768 412 in
1798 355 2088 426 sapientia.

2217 355 2430 418 ιοῦντας
2463 354 2520 408 ἐν
2547 352 2759 424 τάφοις.
2798 373 2816 404 ι
2849 352 3058 426 Ὠσπερ
3096 353 3225 418 τοὺς
3269 351 3688 424 πεπεδημένους
3712 351 3786 417 ἐξ,-

511 662 518 666 -
573 625 738 684 Vzus.
763 627 815 683 8.
846 626 1006 693 Deus,
1029 641 1147 680 cum
1173 621 1494 693 egredereris
1528 621 1581 674 in
1603 629 1879 687 conspectu
1908 618 2089 689 populi

510 723 608 789 tui,
631 737 752 776 cum
781 719 1128 787 pertransires
1168 716 1223 768 in
1269 715 1493 776 deserto,
1527 724 1631 768 etc.
1674 710 1940 766 Videntur
1967 710 2089 780 qni-

510 815 631 870 dem
673 814 787 868 haec
808 811 1098 868 convenire
1127 808 1193 863 iis
1223 823 1344 878 quae
1382 807 1433 862 in
1467 806 1685 862 deserto
1713 804 2082 874 contigerunt,

510 916 569 963 at
593 922 806 973 semper
836 904 1108 960 accidunt.
1149 899 1457 970 Aliquando
1484 910 1612 964 stat,
1651 898 1943 968 aliquando
1976 912 2092 968 per-

511 1000 728 1057 transit.
757 998 920 1054 Stetit
949 999 1001 1052 in
1054 996 1171 1052 loco
1205 1005 1397 1050 sancto
1440 1007 1560 1058 suo,
1594 991 1892 1062 pertransit
1921 992 1975 1046 in
2005 993 2092 1046 de-

509 1101 676 1146 serto.
704 1108 723 1142 σ
765 1088 933 1144 Terra
968 1095 1111 1141 mota
1145 1092 1253 1149 est,
1289 1083 1489 1138 etenim
1536 1083 1658 1138 coeli
1690 1081 2092 1136 distillaverunt

509 1199 539 1239 a
563 1182 701 1238 facie
735 1179 1046 1246 Dci.Sinai,
1097 1195 1115 1230 ι
1149 1178 1251 1232 hoc
1279 1187 1360 1232 est
1389 1175 1486 1230 Dei
1517 1175 1608 1246 qui
1649 1175 1701 1229 in
1750 1173 1880 1228 Sina
1919 1187 2089 1243 appa-

510 1278 643 1332 ruit.

577 1369 741 1423 Veus.
799 1366 882 1422 10.
918 1363 1157 1420 Pluviam
1193 1362 1541 1420 uoluntariam
1571 1359 1890 1430 segregabis,
1928 1359 2089 1425 Deus,

507 1461 807 1518 Ita'reditali
834 1472 962 1527 tum,
983 1469 1089 1515 etc.
1121 1457 1219 1512 Cui
1254 1455 1562 1512 voluntaria
1592 1454 1772 1523 pluvia
1805 1469 1912 1508 non
1946 1453 2092 1507 obti-

507 1555 604 1625 git,
640 1553 688 1610 is
709 1553 963 1608 imbrium
994 1552 1276 1623 penuriam
1306 1549 1531 1620 patitur.
1560 1548 1880 1605 Voluntaria
1907 1559 2088 1602 autem

512 1647 689 1718 pluvia
725 1655 808 1700 est
829 1644 1083 1699 Christus
1113 1643 1202 1710 qui
1233 1643 1300 1698 de
1327 1641 1466 1697 caelo
1497 1640 1798 1705 descendit,
1834 1641 2086 1710 quemad-

509 1740 728 1794 modum
773 1737 904 1792 dicit
927 1737 990 1790 ³ος
1027 1755 1045 1787 ι
1089 1735 1200 1804 Ego
1227 1749 1346 1788 smu
1383 1732 1538 1802 panis
1567 1733 1741 1789 vivus.
1784 1751 1803 1785 ι

582 1829 745 1885 Vens.
785 1830 867 1887 11.
899 1828 1166 1883 Animalia
1214 1835 1305 1879 tua
1334 1826 1646 1878 habitabant
1675 1826 1729 1878 in
1768 1841 1852 1878 ea.
1879 1822 2093 1877 Parasti

509 1927 566 1980 in
599 1925 876 1980 dulcedine
919 1933 1010 1976 tua
1052 1921 1310 1991 pauperi,
1350 1928 1460 1974 etc.
1517 1917 1784 1972 Animalia
1825 1917 2090 1972 cherubin

506 2027 563 2074 et
596 2016 870 2087 seraphim
919 2014 1164 2069 habitant
1193 2013 1246 2066 in
1277 2010 1596 2066 haereditate
1629 2009 1744 2075 Dei,
1783 2013 1850 2064 de
1873 2008 2090 2078 quibus,

506 2112 698 2180 opinor
722 2151 738 2177 ,
771 2111 974 2164 dictum
1007 2110 1136 2164 est’
1168 2124 1182 2162 :
1227 2125 1246 2158 ι
1279 2105 1335 2161 ln
1387 2104 1564 2160 medio
1594 2103 1826 2158 duorum
1879 2101 2092 2156 anima-

506 2203 635 2258 lium
660 2202 1026 2274 cognosceris.
1061 2219 1080 2253 ι

577 2295 852 2366 Ejusdem.
871 2292 1142 2348 Animalia
1177 2291 1310 2346 dicit
1337 2299 1560 2346 naturas
1585 2285 1957 2352 rationabiles,
1975 2286 2095 2357 qui-

507 2387 607 2442 bus
639 2387 860 2441 hahitus
886 2396 1017 2441 esta
1046 2385 1255 2440 ratione
1291 2383 1524 2439 alienus.

581 2481 745 2536 Vens.
782 2479 870 2536 14.
901 2479 961 2536 Si
993 2480 1273 2534 dormiatis
1298 2480 1437 2534 inter
1465 2481 1664 2535 medios
1690 2479 1879 2542 cleros,
1911 2493 2096 2549 penna:

511 2574 770 2630 columba:
794 2575 1174 2643 deargentatm,
1202 2583 1249 2628 et
1266 2575 1560 2642 posteriora
1587 2573 1734 2626 dorsi
1761 2571 1875 2642 ejus
1899 2573 1952 2626 in
1979 2571 2098 2641 pal-

511 2669 625 2724 lore
650 2671 793 2736 auri,
821 2679 928 2726 etc.
963 2670 1152 2726 Cleros
1185 2679 1240 2724 et
1273 2682 1478 2738 pennas
1512 2667 1603 2721 alii
1645 2665 1906 2720 dixerunt
1933 2665 2097 2721 Vetus

509 2774 567 2819 et
597 2764 804 2818 Novum
841 2762 1252 2819 Testamentum
1279 2780 1295 2817 :
1322 2761 1412 2816 alii
1448 2761 1716 2817 actionem
1761 2771 1817 2816 et
1857 2769 2101 2815 contem-

509 2855 837 2925 plationem;
881 2855 970 2909 alii
1025 2853 1392 2926 cognitionem
1429 2868 1718 2922 corporum
1755 2859 1808 2906 et
1844 2855 2098 2922 incorpo-

509 2962 728 3002 rt-orum
754 2965 768 3013 ;
802 2949 892 3003 alii
921 2948 1289 3020 cognitionem
1322 2947 1418 3004 Dei
1454 2955 1508 3004 et
1539 2946 1740 3003 Christi
1769 2947 1860 3018 qui
1889 2946 1957 3002 ab
1981 2946 2098 3017 ipso

512 3043 711 3099 missus
743 3051 847 3098 est.

586 3215 752 3276 Vens.
789 3218 876 3272 l5.
907 3217 1042 3272 Dum
1077 3217 1326 3272 discernit
1351 3217 1573 3272 caelestis
1601 3232 1746 3288 reges
1781 3232 1938 3285 super
1957 3231 2098 3279 eam,

510 3319 618 3366 etc.
647 3306 825 3377 Reges
855 3318 982 3364 sunt
1010 3307 1093 3362 vel
1119 3308 1209 3378 qui
1244 3308 1442 3363 anima:
1472 3306 1698 3363 allectus
1722 3307 2096 3378 suhjecerunt,

511 3400 598 3454 vel
645 3402 736 3471 qui
772 3417 949 3456 rermn
1001 3399 1514 3471 contemplationem
1565 3399 1942 3456 obtinuerunt.
1993 3398 2102 3455 Re-

513 3506 617 3562 gna
648 3502 835 3548 autem
871 3494 1128 3549 dicuntur
1158 3496 1324 3550 etiam
1369 3494 1483 3564 ipsa
1511 3491 1753 3563 Spiritus
1795 3493 1970 3554 sancti
2002 3493 2102 3548 do-

515 3597 625 3650 ua,
665 3585 960 3639 secundum
1004 3598 1124 3654 quae
1178 3599 1404 3657 regnare
1445 3583 1698 3640 dicuntur
1746 3584 1839 3655 qui
1887 3583 2102 3640 illorum

512 3673 808 3744 participes
838 3685 986 3728 sunt.

587 3769 754 3826 Vens.
805 3769 894 3825 I8.
934 3770 1134 3825 Currus
1169 3769 1267 3826 Dei
1307 3771 1482 3826 decem
1534 3769 1768 3825 millibus
1801 3767 2102 3840 multiplex,

2191 451 2314 521 άγει
2347 449 2667 522 ὲν¹ἀνδρείᾳ,
2691 448 2860 512 οὕτως
2887 450 2980 504 καὶ
3010 449 3138 513 τοὺς
3170 448 3391 511 ἀδίκους
3415 447 3610 517 ἐξάγει
3639 447 3694 499 ἐν
3715 445 3785 500 δ.-

2193 541 2477 616 καιοσύνῃ,
2513 542 2756 606 καὶτοὺς
2785 540 3025 614 ἄφρονας
3057 541 3115 594 ἐν
3149 543 3432 614 φρονήσει.

2273 634 2334 685 '0
2377 632 2522 698 Θεὸς
2543 671 2558 697 ,
2588 632 2657 685 ἐν
2689 630 2769 698 τῷ
2809 632 3242 701 ἐκπορεύεσθαί
3274 650 3348 688 σε
3396 630 3666 686 ἐνώπιον
3691 632 3784 686 τοῦ

2189 725 2341 781 λαοῦ
2365 739 2502 793 σου,
2527 725 2598 779 ἐν
2615 723 2696 790 τῷ
2715 724 3040 778 διαϐαίνειν
3066 739 3140 778 σε
3169 723 3286 794 τὴν
3316 725 3576 795 ἔρημον,
3597 743 3652 778 κ.
3674 742 3722 778 τ.
3743 726 3780 778 ἐ.

2189 819 2349 871 Δοκεῖ
2372 819 2468 890 μὲν
2491 817 2749 890 ἁρμόζειν
2769 817 2880 888 (8-1)
2911 815 3084 870 ταῦτα
3113 819 3226 882 τοῖς
3255 816 3396 870 κατὰ
3423 817 3532 888 τὴν
3566 817 3780 888 ἔρημον,

2191 910 2279 964 ἀεὶ
2301 910 2357 964 δὲ
2381 911 2607 979 γίνεται.
2641 911 2814 964 Ὅπου
2849 912 2946 982 μὲν
2976 909 3230 982 ἕστηκεν,
3253 911 3386 964 ὅπου
3413 911 3474 964 δὲ
3505 910 3779 964 διαϐαίνει.

2191 1003 2447 1074 Εἱστήκει
2478 1001 2577 1074 μὲν
2604 1003 2662 1056 ὲν
2680 1001 2830 1074 τόπῳ
2861 1002 3001 1074 ἁγίῳ
3036 1000 3221 1066 αὑτοῦ,
3244 1001 3517 1056 διαϐαίνει
3550 1001 3612 1054 δὲ
3646 1004 3701 1056 ὲν
3728 1005 3781 1075 τῇ

2192 1095 2405 1168 ἐρήμῳ.
2444 1115 2460 1147 ι
2486 1095 2564 1167 Γῆ
2593 1095 2831 1167 ἐσείσθη,
2852 1097 2944 1149 καὶ
2967 1095 3076 1168 γὰρ
3102 1099 3150 1149 nl
3174 1096 3395 1169 οὐρανοὶ
3420 1095 3666 1160 ἔστιξαν
3693 1097 3784 1150 ἀπὸ

2194 1187 2490 1261 προσώπου
2523 1188 2618 1243 τοῦ
2665 1187 2800 1243 Θεοῦ
2831 1189 2924 1243 τοῦ
2957 1191 3106 1256 Σινᾶ,
3151 1209 3171 1242 ι
3203 1189 3450 1243 τουτέστι
3495 1189 3598 1243 τοῦ
3633 1191 3694 1243 ἐν
3719 1189 3785 1261 τῷ

2192 1282 2323 1354 Σινᾷ
2349 1281 2630 1353 φανέντος.

2266 1373 2508 1442 Βροχὴν
2529 1373 2814 1428 ἑκούσιον
2845 1372 3130 1443 ἀφοριεῖς,
3151 1377 3185 1428 ό
3207 1374 3371 1440 Θεὸς,
3393 1373 3477 1442 τῇ
3507 1377 3788 1442 κληρονο-

2186 1465 2295 1535 μίᾳ
2343 1479 2490 1530 σου,
2519 1484 2572 1520 κ.
2609 1483 2659 1519 τ.
2691 1467 2737 1520 ὲ.
2786 1467 2843 1520 ’0
2891 1467 2967 1538 μὴ
3018 1466 3197 1537 τυχὼν
3241 1466 3355 1536 (89.)
3395 1467 3504 1536 τῆς
3547 1468 3786 1521 ἑκουσίου

2194 1557 2397 1630 βροχῆς
2435 1560 2492 1612 ὲν
2537 1557 2769 1631 ἀδροχίᾳ
2811 1559 2946 1612 ἐστί.
2993 1559 3171 1631 Βροχὴ
3211 1559 3268 1612 δὲ
3297 1559 3554 1622 έκοὺσιός
3589 1561 3738 1612 ἐστιν
3763 1562 3788 1612 6

2192 1652 2424 1724 Χριστὸς
2453 1653 2482 1704 6
2506 1653 2570 1705 ὲκ
2597 1651 2690 1705 τοῦ
2717 1651 2945 1723 οὐρανοῦ
2980 1651 3240 1720 καταϐὰς,
3263 1653 3339 1716 ὥς
3367 1671 3538 1725 φησιν
3564 1671 3582 1684 ·
3621 1673 3640 1704 ι
3665 1654 3790 1722 Ἐ-ρίι

2127 1751 2168 1806 Β
2198 1745 2312 1816 είμι
2336 1746 2364 1798 6
2392 1743 2555 1816 ἄρτος
2585 1747 2612 1798 6
2637 1743 2765 1809 ζῶν.
2809 1763 2828 1798 t

2271 1836 2345 1889 Τὰ
2379 1834 2488 1896 ζ’ῶὰ
2511 1853 2627 1892 σου
2675 1837 3059 1892 κατοικοῦσιν
3107 1838 3178 1892 ἐν
3211 1838 3389 1907 αὐτῇ.
3434 1840 3790 1907 Ἠτοὶμασας

2191 1927 2262 1980 ὲν
2288 1927 2362 1997 τῇ
2398 1931 2762 1999 χρηστότητι
2790 1945 2908 1984 σου
2938 1931 3017 1998 τῷ
3043 1932 3285 2001 πτωχῷ,
3316 1951 3369 1987 κ.
3401 1950 3456 1987 τ.
3494 1934 3542 1984 ὲ.
3583 1933 3706 1986 Ζῶα
3735 1935 3794 1986 τὰ

2193 2020 2458 2092 χερουσὶμ
2479 2021 2588 2092 (83)
2621 2023 2714 2076 καὶ
2740 2021 2808 2074 τὰ
2835 2024 3076 2095 σεραφὶμ
3104 2024 3455 2078 κατοικοῦσιν
3487 2025 3553 2076 ἐν
3579 2028 3650 2096 τῇ
3676 2026 3793 2094 κλη-

2199 2112 2427 2184 ρονομίᾳ
2450 2113 2544 2166 τοῦ
2570 2113 2726 2179 Θεοῦ,
2763 2117 2889 2187 περὶ
2915 2109 3010 2178 ὧν,
3043 2111 3196 2188 οἶμαι
3223 2159 3238 2183 ,
3273 2117 3491 2190 εἴρηται
3523 2119 3610 2182 τὸ,
3645 2139 3662 2170 ι
3717 2120 3793 2172 Ἐν

2200 2203 2354 2276 μέσῳ
2383 2205 2477 2259 δύο
2507 2205 2663 2270 ζώων
2696 2208 3011 2282 γνωσθήσῃ.
3059 2229 3079 2263 ι

2273 2297 2383 2352 Τοῦ
2407 2299 2616 2354 αὐτοῦ.
2644 2299 2768 2355 Ζῶα
2791 2301 2941 2371 λέγει
2964 2301 3076 2374 (84)
3108 2304 3298 2372 φύσεις
3321 2303 3578 2374 λογικὰς,
3603 2304 3794 2374 ἀλογω-

2195 2388 2365 2461 τέρας
2394 2390 2560 2464 οὔσης
2583 2392 2988 2458 καταστάσεως.

2283 2486 2417 2540 Ἐὰν
2445 2487 2765 2558 κοιμηθῆτε
2789 2489 3101 2559 ἀναμέσον
3131 2489 3250 2542 τῶν
3279 2490 3550 2558 κλήρων,
3585 2492 3792 2558 πτέρν-

2199 2593 2302 2647 γες
2345 2576 2703 2646 περιστερᾶς
2748 2579 3324 2649 περιηργυρωμέναι,
3364 2583 3464 2634 καί
3517 2591 3596 2634 τα
3625 2580 3794 2649 perti-

2198 2686 2388 2740 φρενα
2411 2669 2602 2739 αὐτῆς
2638 2671 2710 2724 ἐν
2739 2672 3070 2740 χλωρότητι
3099 2675 3380 2740 χρυσίου,
3419 2688 3474 2724 κ.
3503 2689 3561 2724 τ.
3592 2672 3642 2724 ὲ.
3669 2672 3795 2734 Τοὺς

2199 2763 2435 2835 κλήρους
2465 2761 2576 2835 (85)
2623 2762 2716 2816 καὶ
2747 2762 2842 2825 τὰς
2884 2763 3160 2834 πτέρυγας
3191 2763 3239 2816 oi
3283 2762 3382 2834 μὲν
3412 2764 3679 2834 εἰρήκασι
3703 2760 3796 2814 lla.

2199 2855 2358 2909 λαιὰν
2391 2855 2486 2909 καὶ
2501 2854 2711 2926 Καινὴν
2741 2854 3022 2928 Διαθήκην
3044 2873 3057 2886 °
3103 2858 3152 2910 oi
3196 2855 3254 2909 δὲ
3300 2856 3506 2926 πρᾶξιν
3535 2857 3634 2909 καὶ
3669 2855 3798 2910 θεω-

2205 2946 2358 3020 ρίανο
2400 2946 2548 3001 ἄλλοι
2594 2945 2652 3000 δὲ
2715 2947 2917 3016 γνῶσιν
2968 2948 3237 3020 σωμάτων
3295 2947 3390 3000 καὶ
3441 2946 3762 3016 ἀσωμάτων
3783 2962 3794 2974 ·

2202 3039 2380 3113 ἕτεροι
2401 3040 2458 3094 δὲ
2485 3039 2687 3109 γνῶσιν
2709 3039 2867 3106 Θεοῦ,
2895 3042 2988 3095 καὶ
3017 3039 3111 3094 τοῦ
3145 3036 3553 3102 ἀποσταλέντος
3578 3039 3678 3091 ὑπ’
3710 3037 3800 3090 αὒ-

2126 3111 2169 3170 C
2202 3111 2311 3187 τοῦ
2329 3131 2589 3205 Χριστοῦ.

2287 3225 2390 3280 Ἑν
2420 3223 2500 3291 τῷ
2545 3223 2927 3278 διαστέλλειν
2967 3222 3076 3277 τὸν
3103 3220 3471 3291 ἐπουράνιον
3516 3222 3806 3287 ,βασιλεῖς

2202 3318 2294 3373 ἐπ’
2325 3315 2550 3386 αὐτῆς,
2583 3335 2638 3371 κ.
2667 3334 2718 3370 τ.
2754 3318 2802 3371 ὲ.
2831 3315 3079 3380 Βασιλεῖς
3112 3315 3250 3368 εἰσιν
3280 3314 3393 3386 (86)
3431 3316 3562 3387 ἦτοι
3589 3317 3646 3369 οἱ
3680 3317 3810 3370 ὑπο-

2201 3407 2462 3474 τάξαντες
2508 3407 2577 3461 τὰ
2607 3406 2753 3479 πάθη
2775 3447 2791 3472 ,
2833 3406 2866 3478 ἦ
2891 3410 2941 3461 οἱ
2964 3407 3062 3479 τῆς
3091 3407 3321 3479 θεωρίας
3350 3406 3460 3461 τῶν
3499 3409 3808 3477 γεγονότων

2204 3499 2586 3570 τετυχηκότες.
2615 3498 2880 3568 Λέγονται
2926 3497 2984 3551 δὲ
3016 3497 3280 3569 βασιλεῖαι
3313 3501 3406 3552 καὶ
3434 3500 3587 3553 αὐτὰ
3621 3501 3697 3552 τὰ
3723 3519 3810 3571 κιο

2207 3591 2448 3664 ρίσματα
2469 3591 2562 3644 τοῦ
2596 3590 2914 3662 Πνεῦματος
2945 3591 3040 3645 τοῦ
3069 3591 3246 3661 ἁγίου,
3282 3591 3404 3647 καθ’
3433 3591 3473 3648 ἃ.
3503 3593 3810 3664 βασιλεύειν

2205 3683 2455 3754 λέγονται
2487 3685 2535 3738 οἱ
2567 3684 2786 3756 μέτοχοι
2814 3685 3014 3738 αὐτῶν.

2284 3776 2354 3830 Τὸ
2381 3776 2538 3848 ἅρμα
2566 3776 2674 3832 τοῦ
2707 3777 2857 3831 Θεοῦ
2875 3775 3342 3847 μυριοπλάσιον,
3366 3797 3423 3834 κ.
3461 3796 3516 3836 τ.
3553 3781 3605 3832 ὲ.
3631 3780 3810 3850 ’Δρμα

516 3873 626 3921 etc.
686 3863 893 3919 (iurrus
932 3863 1073 3928 Dei,
1114 3878 1264 3934 purae
1315 3874 1443 3919 sunt
1489 3863 1705 3932 aniuue,
1755 3876 1919 3935 super
1969 3877 2096 3934 quas

2217 3869 2340 3924 Θεοῦ
2369 3871 2481 3943 (87)
2511 3870 2682 3942 ψυχαὶ
2705 3871 2966 3943 καθαραὶ,
2983 3871 3066 3939 ἐφ’
3088 3870 3154 3935 ἃς
3181 3870 3476 3926 ἐπιϐαίνει·
3509 3892 3529 3927 ι
3553 3873 3770 3945 Ἐπέεις
3788 3892 3807 3926 ι

517 3957 810 4012 ascendit:
851 3973 976 4012 nam
1027 3973 1046 4008 ι
1085 3955 1330 4014 ascendit
1364 3973 1531 4030 super
1578 3953 1862 4012 cherubim
1897 3962 1954 4012 et
2002 3969 2102 4009 vo-

517 4048 734 4105 lavit”.
773 4070 792 4104 ι

589 4144 756 4201 Vnus.
778 4145 866 4201 I9.
895 4145 1191 4201 Ascendeus
1220 4147 1277 4200 in
1306 4145 1469 4200 altum
1501 4145 1766 4208 captivam
1794 4141 1978 4214 cepisti
2009 4157 2105 4195 ca-

2205 3963 2315 4037 γὰρ
2346 3983 2365 4017 ι
2399 3965 2494 4019 ἐπὶ
2522 3964 2810 4036 χερουῦὶμ,
2832 3965 2925 4017 κα)⁸
2947 3962 3238 4036 emacem
3275 3983 3295 4018 ι

2293 4147 2545 4214 Ἀναϐὰς
2566 4149 2653 4214 εὶς
2669 4147 2846 4218 ὕψος,
2864 4147 3338 4218 ’ᾐχμαλώτευσας
3359 4151 3416 4204 a1
3420 4153 3809 4220 χμαιωσίσγ·

515 4241 825 4310 ριίυίιαιεηι,
848 4243 1094 4313 accepisti
1131 4241 1272 4297 dona
1307 4242 1361 4296 in
1403 4240 1632 4306 homine,
1656 4249 1765 4296 etc.
1806 4236 2096 4308 Captivitas

2217 4240 2424 4324 ἕλαᾷες
2459 4241 2687 4311 δόματα
2728 4242 2799 4295 ἐν
2843 4242 3160 4312 ἀνθρώπῳ,
3197 4260 3248 4296 κ.
3281 4259 3332 4295 τ.
3366 4243 3411 4296 ὲ.
3444 4243 3810 4314 Αἰχμαλωσία

517 4333 716 4391 Christi
753 4345 854 4406 est,
875 4345 1082 4392 natura:
1113 4334 1453 4392 rationabilis
1479 4349 1508 4390 a
1535 4335 1739 4389 malitia
1765 4341 1820 4390 et
1847 4333 2105 4404 ignoran-

2207 4332 2325 4386 ἐστὶ
2355 4331 2593 4406 Χριστοῦ
2627 4331 2762 4405 (88),
2797 4331 3012 4403 φύσεως
3056 4333 3280 4404 λογικῆς
3321 4332 3430 4385 ἀπὸ
3479 4335 3688 4397 κακίαι,
3721 4334 3807 4386 καῖ

521 4427 595 4483 tia
636 4430 702 4482 ad
747 4429 998 4484 virtutem
1042 4437 1097 4484 et
1131 4427 1498 4498 cognitionem
1530 4427 1754 4482 reditus.
1783 4427 1848 4481 Et
1881 4425 1986 4479 alia
2021 4438 2096 4477 ra-

2217 4426 2484 4495 ἀγνωσίας
2507 4426 2594 4479 ἐπ’
2626 4425 2832 4500 ἀρετὴν
2858 4427 2953 4480 καὶ
2985 4427 3185 4497 γνῶσιν
3229 4425 3510 4491 ἐπάνοδος.
3553 4427 3675 4480 Καὶ
3720 4426 3810 4480 ἅλ-

519 4522 667 4578 tione
701 4522 899 4579 Paulus
927 4525 1005 4578 ait
1037 4523 1104 4580 de
1150 4524 1370 4580 Christo
1394 4525 1434 4556 “
1462 4541 1478 4582 :
1520 4541 1539 4576 ι
1586 4521 1901 4580 Ascendens
1933 4519 1986 4574 in
2021 4517 2102 4573 al-

520 4623 634 4669 tum
662 4617 929 4685 captivam
956 4616 1100 4686 cepit
1141 4617 1536 4688 captivitatem,
1565 4625 1621 4672 et
1651 4614 1800 4672 dedit
1842 4615 1980 4671 dona
2007 4613 2102 4671 lm-

519 4704 782 4771 minibus,
821 4724 840 4759 ι
871 4706 963 4762 ubi
1007 4707 1152 4762 dona
1200 4717 1357 4763 vocat
1399 4706 1636 4779 Spiritus
1675 4707 1846 4762 sancti
1876 4707 2100 4778 gratias.

521 4797 615 4856 Sic
640 4809 922 4872 postquam
955 4800 1278 4858 descensum
1313 4801 1614 4858 Salvatoris
1647 4802 1888 4857 ostendit
1916 4810 1972 4856 et
1997 4801 2105 4856 dae-

523 4893 831 4948 moniorum
890 4893 1170 4950 interitum
1191 4937 1206 4962 ,
1238 4896 1476 4953 ostendit
1511 4895 1686 4966 ipsum
1718 4895 2102 4950 ascendentem

520 4994 575 5039 et
599 4987 839 5054 captivos
870 4986 1214 5046 liberantem.
1237 4989 1333 5046 Vel
1357 4989 1522 5044 etiam
1551 4988 1892 5044 altitudinem
1924 4989 2104 5043 crucis

475 5076 488 5155 ζ
521 5076 686 5150 ’15ἀι
705 5087 876 5142 vocat,
902 5079 958 5134 in
989 5096 1154 5151 quam
1189 5082 1512 5147 ascendens,
1535 5090 1589 5136 et
1609 5081 1700 5152 qui
1726 5081 1778 5135 in
1809 5094 1934 5134 aere
1955 5090 2101 5145 sunt,

520 5169 816 5237 «lieutones,
849 5172 1077 5243 spiritus
1113 5174 1389 5243 nequitiae,
1429 5175 1498 5230 ab
1526 5188 1591 5230 ea
1623 5187 1785 5245 quam
1811 5172 2101 5238 habebant,

591 5313 613 5346 '
639 5314 795 5370 Joau.
829 5329 902 5382 νι,
927 5315 1018 5372 5i.
1093 5317 1115 5347 '
1140 5315 1342 5372 Hahae.
1373 5316 1532 5382 una.
1613 5315 1656 5348 ¹⁰
1687 5315 1835 5372 Psal,
1865 5330 1998 5379 xm,
2039 5316 2128 5372 ῃ,

592 5452 708 5526 (εί)
741 5455 917 5530 Δοκεῖ
931 5455 1048 5526 μὲν
1081 5456 1374 5528 ἁρμόζειν,
1407 5466 1516 5513 etc.
1573 5456 1758 5514 Codex
1801 5455 2095 5513 Coisliuia-

522 5544 624 5582 nus
649 5533 944 5582 secundus.

613 5596 702 5666 8‘2)
753 5597 818 5668 'Q
835 5597 921 5666 μὴ
953 5597 1171 5668 τυχών,
1209 5611 1316 5656 etc.
1360 5601 1527 5656 Idem.

616 5668 705 5741 83)
735 5666 867 5741 Ζῷα
897 5669 973 5741 τὰν
997 5666 1297 5741 χερουϐίμ.
1337 5683 1444 5728 etc.
1488 5672 1658 5726 ldem.

596 5739 706 5802 (84)
738 5737 870 5792 Ζῶα
907 5737 1089 5810 λέγει,
1119 5737 1632 5799 οὶρίϐοἱειίιιίσιιηε
1662 5743 1894 5814 primus.

2209 4520 2316 4586 λως
2343 4525 2372 4576 6
2402 4520 2612 4586 Παῦλός
2643 4539 2776 4594 φησι
2808 4523 2939 4593 περὶ
2969 4520 3061 4574 τοῦ
3090 4519 3328 4593 Χριστοῦ
3348 4537 3361 4550 ·
3403 4540 3423 4572 ι
3463 4521 3708 4585 Ἀναϐὰς
3735 4521 3810 4580 είς

2211 4614 2364 4686 ὕψος,
2390 4614 2808 4688 ᾐχμαλώτευσεν
2832 4613 3210 4688 αἰχμαλωσίαν
3231 4631 3245 4644 ·
3277 4613 3371 4666 καὶ
3392 4612 3572 4668 ἔδωκε
3602 4615 3808 4685 δόματα

2208 4711 2321 4772 τοῖς
2365 4707 2704 4783 ἀνθρὼποις’
2751 4728 2771 4762 ι
2827 4711 3038 4782 δόματα
3063 4711 3234 4780 λέγων
3261 4708 3329 4762 τὰ
3363 4707 3696 4778 χαρίσματα

2210 4799 2368 4869 ἁγίου
2399 4800 2735 4874 Πνεῦματος.
2767 4803 2922 4856 Οὕτω
2948 4803 3046 4874 τὴν
3075 4799 3374 4855 κατάϐασιν
3423 4798 3520 4850 τοῦ
3555 4799 3808 4871 Σωτῆρος

2209 4892 2390 4958 δείξας
2419 4894 2512 4947 καὶ
2545 4895 2644 4965 τὴν
2672 4895 2781 4949 τῶν
2824 4895 3115 4966 δαιμονίων
3160 4892 3480 4956 κατάλυσιν,
3527 4893 3808 4946 δείκνυσιν

2211 4985 2373 5042 αὐτὸν
2403 4987 2625 5042 ἀνιόντα
2656 4989 2751 5042 καὶ
2778 4990 2903 5054 τοὺς
2935 4989 3064 5061 πρὶν
3096 4985 3474 5059 αἰχμαλώτους
3505 4985 3812 5059 ἐλευθεριώ-

2213 5095 2402 5134 σαντα.
2431 5079 2502 5132 Ἦ
2531 5079 2625 5133 καὶ
2653 5079 2786 5150 ὕψος
2812 5081 2874 5133 τὺ
2900 5079 2994 5133 τοῦ
3024 5077 3260 5151 σταυροῦ
3289 5078 3438 5147 λέγει
3457 5121 3472 5147 ,
3505 5081 3572 5134 ἐν
3606 5075 3654 5150 ᾧ
3685 5081 3810 5134 ἀνα-

2212 5175 2312 5242 ϐὰς
2345 5177 2440 5232 καὶ
2467 5177 2595 5242 τοὺς
2625 5179 2682 5231 ὲν
2713 5179 2836 5252 ἀέρι
2874 5177 3134 5250 δαίμονας
3154 5177 3222 5232 τὰ
3253 5175 3548 5249 πνεύματα
3578 5178 3683 5248 τῆς
3729 5194 3813 5229 τιο-

2207 5319 2250 5350 “
2273 5323 2475 5391 uphes.
2500 5335 2576 5384 Iv,
2609 5321 2664 5376 8.

2304 5460 2396 5531 85)
2432 5459 2578 5526 Τοὺς
2614 5457 2908 5531 κλήρους,
2935 5467 3042 5513 etc.
3073 5458 3244 5531 Idem.

2303 5529 2393 5597 86)
2428 5529 2713 5597 Βασιλεῖς
2739 5533 2920 5592 εἰσιν,
2953 5540 3062 5584 etc.
3095 5529 3262 5582 Idem.

2307 5534 2370 5586 86
2428 5534 2713 5597 Βασιλεῖς
2739 5534 2920 5592 εἰσιν,
2953 5540 3062 5584 etc.
3095 5534 3172 5582 Ide

2307 5534 2395 5674 87)
2429 5603 2612 5671 Ἅρμα
2645 5601 2816 5674 Θεοῦ,
2849 5610 2956 5674 etc.
3001 5598 3172 5674 ίιίριη.

2290 5669 2401 5747 (88)
2454 5669 2844 5744 Ᾱὶχμαλωσία
2899 5669 3374 5747 εστι-Χριστοῦ.
3413 5679 3526 5747 etc.
3589 5669 3818 5726 δριμεῖ

2216 5742 2404 5801 Grahii
2425 5785 2440 5812 ,
2488 5742 2803 5816 partimque
2834 5745 3000 5800 codex
3027 5742 3405 5798 Coisliniauus
3432 5745 3678 5813 primus.

2281 5465 2302 5672 ἓ
