3944 6386
230 200 245 255 I
258 198 362 257 509

1179 203 1488 262 SELECTA
1519 203 1585 259 IN
1619 205 1960 264 PSALMOS.
1993 240 2062 250 —
2096 207 2289 264 PSAL.
2324 207 2530 266 LXVII.

3360 219 3499 276 I510

219 317 410 389 νηρίας
433 316 526 386 ἀφ’
552 311 621 389 ἦς
670 311 815 389 εἶχον
857 317 1236 391 ὑπερηφανίας
1278 323 1670 387 κατασπάσας,
1706 322 1790 388 τὰς

1914 326 2166 395 superbia
2187 326 2450 393 avellens,
2477 326 2694 382 animas
2722 341 2860 398 quas
2900 343 2995 399 per
3024 329 3162 385 mala
3194 346 3358 402 opera
3408 352 3492 386 ra.

220 410 310 463 ὑπ’
337 409 516 463 αὐτῶν
540 410 1067 481 αἰχμαλωτισθείσας
1086 414 1264 484 ψυχὰς
1291 417 1378 470 διὰ
1410 417 1518 471 τῶν
1551 417 1802 490 πονηρῶν

219 501 490 575 πράξεων,
515 504 609 556 καὶ⁵
640 502 747 555 ἀπὸ
777 502 912 556 Θεοῦ
935 505 1267 571 ἀποστάσας,
1288 508 1539 581 καθάπερ
1567 510 1688 564 τινὰ
1721 512 1805 564 αἰ-

216 593 534 666 χμαλωσίαν
564 593 673 647 ἀπὸ
700 594 809 647 τῶν
840 594 933 648 τοῦ
968 593 1096 666 ᾆδον
1132 597 1465 669 κευθμώνων
1501 601 1803 667 ἀνελκύσας

215 684 611 758 ἠλευθέρωσεν.

285 777 461 846 Πλὴν
484 781 516 832 ό
538 778 681 845 Θεὸς
704 778 1035 836 συνθλάσει
1058 783 1323 853 κεφαλὰς
1337 784 1567 854 ἐχθρῶν
1590 787 1798 853 αὐτοῦ,

214 869 490 940 κορυφὴν
516 888 604 939 τρι
610 871 718 939 χὸς
736 871 1253 945 διαπορευομένων
1271 877 1342 930 ἐν
1363 880 1703 948 πλημμελεῖ
1704 900 1800 947 ιιις

212 960 431 1027 αὐτῶν,
463 979 516 1016 κ.
552 980 603 1015 τ.
641 964 687 1017 ἑ.
726 965 971 1035 Κεφαλαὶ
998 967 1209 1039 ἐχθρῶν
1243 968 1353 1040 (89)
1381 973 1430 1024 οἱ
1461 972 1737 1043 ἄρχοντες,
1764 975 1796 1048 ἢ

210 1054 280 1109 τὰ
304 1055 625 1127 ήγεμονικά.
658 1057 721 1110 Οἱ
746 1056 929 1129 ἐχθροὶ
954 1052 1194 1123 οὗτοι,ὀί
1223 1061 1377 1127 ὄντες
1404 1065 1467 1117 ἐκ
1493 1065 1587 1118 τοῦ
1618 1066 1723 1129 πλη
1733 1085 1800 1137 μ-

214 1146 428 1219 μελεῖν,
465 1148 877 1220 διαπορεύονται
925 1152 982 1204 ὲν
1023 1152 1426 1224 πλημμελείαις
1479 1158 1679 1211 αὐτῶν.
1728 1160 1797 1212 Ἢ

210 1241 424 1313 ἐχθρῶν
468 1243 701 1311 κεφαλαὶ
741 1244 809 1298 τὰ
850 1241 1080 1316 πρώτως
1120 1249 1183 1301 ὲκ
1229 1248 1337 1301 τῶν
1379 1249 1651 1322 δαιμόνων
1676 1253 1796 1305 ἐπι-

211 1333 571 1405 συμόαίνοντα
596 1339 689 1408 νοή
700 1354 842 1407 ματα
870 1341 935 1409 τῇ
964 1338 1133 1410 ψυχῇ.

278 1421 428 1480 Eine
450 1428 683 1496 Κύριος·
705 1429 805 1482 Ἐκ
835 1430 1043 1483 Βασὰν
1062 1432 1426 1503 ἐπιστρέψω,
1455 1434 1797 1504 ἐπιστρέψω

204 1516 276 1571 ἐν
307 1518 522 1585 βυθοῖς
549 1519 899 1588 θαλάσσης,
933 1522 1092 1589 ὅπως
1129 1523 1206 1578 ἂν
1227 1525 1402 1596 βαφῇ
1433 1530 1466 1581 ό
1493 1528 1646 1595 ποῦς
1680 1545 1796 1583 σου

203 1611 276 1665 ἐν
297 1612 517 1681 αἵματι,
552 1629 606 1666 κ.
639 1630 688 1665 1.
725 1614 772 1665 ὲ.
810 1614 987 1668 Basia-
1016 1617 1377 1689 ἑρμηνεύεται
1392 1621 1503 1689 (09)
1521 1623 1794 1691 αἰσχύνη,

1908 419 2086 488 ptivas
2134 430 2391 490 ceperant
2430 435 2657 491 quaeque
2707 436 2736 475 a
2783 423 2891 478 Deo
2922 424 3252 489 deiecerant,
3278 442 3375 481 ceu
3407 443 3496 481 Cn-

1906 509 2213 581 ptivitatcm
2260 514 2552 582 quamdam
2590 514 2658 568 ab
2697 513 2892 571 inferni
2941 516 3168 574 latebris
3193 521 3498 575 extrahens

1904 600 2181 658 liberavit.

1976 782 2137 836 Vens.
2170 782 2263 838 22.
2297 782 2669 841 Verumtamen
2703 786 2841 844 Deus
2869 789 3163 860 confringet
3193 793 3365 862 capita
3406 796 3490 849 in-

1901 871 2178 926 imicorum
2230 891 2467 941 suorum,
2507 877 2748 931 verticem
2801 880 2981 948 capilli
3009 884 3492 949 perambulan'ium

1901 964 1955 1017 in
1978 964 2179 1019 delictis
2204 968 2337 1032 suis,
2364 979 2472 1022 etc.
2508 967 2700 1038 Capita
2729 971 3076 1028 inimicorum
3123 985 3251 1030 sunt
3290 978 3492 1046 prim-i-

1902 1073 1995 1127 pes
2024 1058 2105 1113 vel
2134 1060 2491 1129 principatus.
2512 1060 2576 1114 Ili
2620 1062 2842 1129 inimici,
2875 1081 3000 1120 cum
3031 1083 3059 1121 a
3082 1068 3284 1124 delicto
3305 1071 3491 1124 orian-

1903 1156 2012 1210 tur,
2045 1160 2429 1217 pertranseunt
2460 1150 2512 1204 in
2560 1151 2774 1207 delictis
2810 1156 2944 1211 suis.
2980 1155 3076 1212 Vel
3105 1160 3284 1229 capita
3310 1163 3490 1217 inimi-

1901 1255 2087 1294 eorum
2115 1258 2193 1297 eae
2231 1255 2355 1297 sunt
2392 1244 2751 1315 cngitationes
2786 1263 2907 1314 qua:
2952 1250 3192 1320 primum
3216 1268 3245 1306 a
3289 1258 3489 1310 daemo-

1901 1335 2056 1388 uibtts
2087 1336 2279 1390 anima:
2302 1340 2622 1393 obveniunt.

1974 1426 2132 1482 Vens.
2155 1429 2246 1495 25,
2264 1430 2354 1485 24.
2389 1432 2531 1486 Dixit
2560 1434 2834 1498 Dominus.
2865 1438 2947 1493 Ex
2973 1440 3147 1497 Basan
3172 1456 3486 1511 convertam,

1899 1532 2194 1590 convertam
2226 1526 2278 1578 in
2303 1526 2623 1594 profundum
2655 1532 2837 1594 maris,
2859 1542 2914 1585 ut
2935 1534 3229 1604 intingatur
3257 1555 3343 1605 pes
3366 1550 3487 1590 tuus

1900 1612 1952 1665 in
1978 1616 2251 1685 sanguine,
2295 1630 2403 1672 etc.
2451 1619 2625 1674 Basan
2682 1623 3075 1692 interpretatur
3123 1629 3387 1696 confusio,
3419 1633 3485 1683 ad

203 1703 271 1773 ἣν
295 1704 360 1756 δι’
386 1705 531 1774 ἡμᾶς
554 1704 755 1777 κατέϐη
777 1708 804 1759 0
828 1706 1050 1780 Κύριος,
1075 1711 1337 1783 αἰσχύνης
1356 1715 1790 1786 καταφρονήσας.

1914 1718 2061 1773 {nam
2120 1708 2403 1763 descendit
2457 1712 2720 1768 Dominus
2775 1716 3102 1775 confusione
3155 1732 3484 1791 contempta.

204 1799 479 1853 Βάπτεται
503 1799 559 1851 δὲ
594 1799 687 1853 καὶ
708 1800 736 1851 0
770 1800 905 1865 ποῦς
933 1803 1096 1856 αὑτοῦ
1126 1805 1320 1876 αἵματι
1348 1805 1427 1877 τῷ
1460 1808 1524 1860 ὲκ
1548 1808 1646 1879 τῆς
1670 1807 1799 1861 ἐκά-

202 1908 330 1945 στου
402 1891 648 1962 κεφαλῆς
687 1893 797 1946 τῶν
865 1894 1076 1968 ἐχθρῶν
1146 1898 1488 1971 ἀπορρέοντι.
1558 1919 1577 1951 ι
1646 1903 1795 1954 Κατ-

200 1985 452 2056 επάτησα
475 2004 494 2036 ι
523 1984 630 2057 γὰρ
662 2005 680 2037 ‹
710 1987 926 2052 αὐτοὺς,
969 2007 987 2039 ι
1028 1990 1191 2061 φησὶν
1215 1992 1459 2056 Ἡσαΐας,
1499 2009 1517 2042 ι
1550 1992 1608 2045 ἐν
1638 1991 1796 2065 θυμῷ

203 2096 331 2150 μου.
376 2100 395 2130 ι

281 2168 734 2237 Ἐθεωρήθησαν
764 2174 822 2225 αἱ
852 2172 1084 2241 πορεῖαί
1113 2189 1251 2239 σου,
1288 2176 1322 2227 ό
1351 2173 1526 2240 Θεὸς,
1562 2192 1615 2227 κ.
1650 2192 1701 2227 τ.
1744 2176 1790 2228 ὲ.

208 2260 299 2314 Ἐν
346 2264 411 2332 τῇ
472 2262 707 2332 Χριστοῦ
768 2264 1033 2335 ἐπιδημίᾳ
1094 2265 1242 2336 (91)
1300 2265 1686 2338 ὲθεωρὴθησαν
1735 2267 1791 2320 αἰ

195 2355 413 2424 πορεῖαι
438 2353 532 2406 τοῦ
561 2352 697 2406 Θεοῦ
724 2355 829 2407 ὑπὸ
874 2356 984 2409 τῶν
1018 2359 1449 2429 κεκοσμημένων
1482 2359 1625 2431 λόγῳ
1650 2359 1791 2429 γνώ-

196 2462 355 2510 σεως.

283 2541 784 2610 ἘνἘκκλησίαις
812 2542 1113 2613 εὐλογεῖτε
1142 2543 1249 2598 τὸν
1273 2544 1423 2599 Θεὸν
1441 2545 1547 2599 τὸν
1570 2547 1791 2614 Κύριον

191 2631 264 2686 ἐκ
302 2634 512 2703 πηγῶν
559 2636 837 2705 Ἰσραὴλ,
881 2654 935 2689 κ.
970 2654 1022 2691 1.
1069 2637 1116 2690 ὲ.
1152 2637 1228 2690 υύ
1269 2637 1464 2692 ταυτόν
1497 2640 1644 2691 ἐστιν
1676 2638 1787 2710 (92)

192 2724 287 2778 ἐπὶ
312 2724 420 2778 τῶν
444 2724 548 2791 ἔξω
579 2727 678 2798 τῆς
716 2729 1042 2799 Ἐκκλησιας
1073 2728 1192 2799 Θεῷ
1218 2729 1462 2798 εὐλογεῖν
1488 2729 1564 2800 τῷ
1585 2732 1641 2783 ὲν
1677 2732 1790 2784 Ἐκ-

192 2814 393 2889 κλησία
450 2818 608 2873 τοῦτο
662 2824 856 2875 ποιεῖν.
913 2822 1024 2875 Καὶ
1086 2821 1196 2876 ἀπὸ
1262 2822 1361 2892 μὲν
1419 2822 1528 2875 τῶν
1587 2822 1783 2893 πηγῶν

206 2906 422 2980 Ἰσραὴλ
460 2910 673 2978 εὐλογεί
702 2910 793 2965 τὸν
839 2911 971 2965 Θεὸν
1014 2914 1042 2965 0
1080 2911 1221 2966 κατὰ
1263 2913 1355 2965 10v
1399 2914 1455 2965 ὲν
1497 2915 1616 2976 ταῖς
1650 2914 1787 2985 Γρα-

193 3003 322 3069 (pair.
369 3000 640 3075 θησαυρὸν
702 3004 803 3075 τῆς
862 3005 1052 3073 σοφίας
1097 3003 1192 3057 τοῦ
1241 3003 1376 3057 Θεοῦ
1431 3005 1667 3074 εὐλογῶν
1691 3023 1703 3036 ·
1757 3009 1785 3061 0

1903 1797 2192 1869 Intingitur
2247 1811 2426 1856 autem
2474 1804 2637 1858 etiam
2687 1819 2781 1873 pes
2827 1807 2945 1876 ejus
2987 1812 3253 1881 sanguine
3288 1815 3378 1883 qui
3416 1830 3482 1868 ex

1901 1888 2329 1960 uniuscujusque
2359 1894 2702 1949 inimicorum
2728 1900 2907 1965 capite
2943 1900 3266 1961 etfunditur.
3292 1924 3312 1955 ι
3343 1907 3486 1962 Con-

1899 1978 2107 2034 culcavi
2149 1999 2169 2033 ι
2222 1982 2390 2049 enim,
2439 1982 2621 2054 inquit
2667 1985 2838 2046 Isaias
2875 1992 2939 2059 ¹²,
2978 2010 2997 2043 ι
3040 1992 3161 2050 illos
3210 1996 3261 2050 in
3303 1996 3485 2052 furore

1899 2085 2039 2125 meo.
2074 2089 2092 2122 1

1970 2163 2130 2220 Vens.
2155 2165 2243 2220 25.
2272 2166 2412 2223 Visa:
2434 2182 2555 2224 sunt
2584 2173 2682 2227 via:
2709 2185 2835 2240 lure,
2865 2175 3024 2243 Deus,
3053 2187 3161 2233 etc.
3198 2177 3253 2233 In
3277 2179 3482 2236 Christi

1895 2258 2126 2311 adventu
2153 2260 2281 2314 visae
2311 2272 2441 2316 sunt
2473 2263 2572 2318 viae
2603 2264 2694 2320 Ιὶεὶ
2713 2267 2781 2320 ab
2801 2268 2883 2323 eis
2909 2270 3000 2340 qui
3030 2285 3281 2327 sermone
3307 2274 3482 2328 scicn-

1900 2350 1987 2404 tia:
2013 2353 2224 2418 prasditi
2258 2365 2440 2408 erant.

1963 2533 2129 2589 Vens.
2165 2535 2255 2590 27.
2289 2535 2357 2591 In
2397 2538 2649 2595 Ecclesiis
2684 2542 2969 2599 benedicile
3015 2544 3123 2600 Deo
3164 2546 3389 2602 Domino
3418 2550 3480 2602 de

1892 2626 2123 2694 fontibus
2156 2626 2344 2692 Israel,
2377 2639 2491 2684 etc.
2536 2630 2651 2685 Non
2694 2634 2835 2688 idem
2864 2647 2946 2690 est
2982 2638 3047 2691 de
3076 2639 3142 2692 iis
3178 2654 3296 2707 qua:
3316 2630 3478 2694 extra

1890 2716 2193 2773 Ecclesiam
2241 2719 2376 2775 Ilunt
2417 2722 2525 2778 Deo
2572 2723 2900 2780 benedicere
2947 2742 3012 2782 ac
3053 2729 3181 2783 illud
3213 2732 3263 2783 in
3296 2731 3481 2785 Eccle-

1890 2810 1969 2865 sia
2004 2811 2207 2867 facere.
2248 2811 2324 2867 De
2348 2813 2591 2870 fontibus
2622 2817 2843 2885 quidem
2871 2816 3030 2871 Israel
3062 2820 3337 2877 benedicit
3370 2821 3480 2877 Deo

1892 2903 1937 2958 is
1967 2905 2060 2974 qui
2094 2908 2395 2962 secundum
2436 2909 2588 2962 illum
2613 2911 2703 2977 qui
2741 2912 2794 2964 in
2829 2911 3127 2981 Scripturis
3154 2924 3237 2969 est
3267 2917 3480 2986 sapien-

1891 2997 1980 3052 tia:
2020 2998 2111 3053 Dei
2158 2999 2469 3054 thesaurum
2519 3002 2793 3056 benedicit
2831 3003 2941 3057 Deo
2973 3021 2988 3069 ;
3022 3006 3112 3074 qui
3153 3016 3334 3062 autem
3369 3023 3475 3062 non

189 3092 248 3147 Gl
280 3093 355 3167 μὴ
386 3071 528 3151 κατὰ
548 3071 716 3151 ’τοῦτο
743 3071 842 3151 οὐκ
867 3071 1153 3169 ἐκήπηγῶν
1193 3098 1411 3171 Ἰσραὴλ
1445 3071 1660 3168 εὐλογεῖ
1692 3099 1783 3154 τὸν

1919 3092 1987 3158 ic,
2024 3091 2069 3147 is
2106 3107 2211 3147 non
2242 3093 2307 3147 de
2330 3092 2577 3149 fontibus
2604 3096 2777 3151 Israel
2807 3071 3082 3153 benedicit
3117 3098 3247 3154 Deo.

188 3186 344 3241 Θεόν.

275 3281 433 3336 Ἐκεῖ
482 3284 766 3355 Βενιαμὶν
814 3286 1139 3354 νεώτερος,
1172 3304 1224 3342 κ.
1276 3304 1329 3341 τ.
1373 3288 1418 3342 ὲ.
1453 3287 1588 3359 Περὶ
1634 3287 1783 3341 Παύ-

185 3369 283 3428 λου
318 3376 450 3445 (95),
483 3378 636 3447 φασὶ,
668 3378 827 3433 τοῦτο
852 3380 1206 3453 προφητεύει.

273 3462 419 3519 Ἀπὸ
465 3466 571 3520 τοῦ
617 3467 768 3522 ναοῦ
812 3484 928 3522 σου
972 3469 1067 3521 ἐπὶ
1112 3469 1508 3541 Ἰερουσαλήμ
1550 3487 1647 3526 σοι
1694 3473 1780 3526 οἵ-

183 3572 372 3612 σουσι
399 3557 687 3624 ,Βασιλεῖς
718 3557 910 3627 δῶρα,
958 3577 1011 3612 κ.
1041 3576 1091 3612 τ.
1124 3561 1169 3613 ὲ.
1212 3562 1270 3613 '0
1306 3560 1518 3626 Παῦλος
1566 3563 1677 3635 (94)
1715 3563 1774 3616 οὐ

187 3650 351 3722 μόνον
381 3650 541 3715 αὐτὸς
567 3651 759 3705 ἑαυτὸν
794 3652 1037 3724 προσῆγε
1077 3652 1216 3724 Θεῷ,
1250 3653 1385 3707 ἀλλὰ
1419 3654 1528 3727 γὰρ
1558 3656 1651 3709 καὶ
1684 3655 1778 3710 ἄλ-

181 3743 309 3805 λους
335 3743 424 3797 διὰ
452 3743 552 3814 τῆς
577 3744 923 3808 διδασκαλίας
951 3745 1255 3817 προσέφερε
1283 3746 1360 3817 τῷ
1392 3747 1531 3818 Θεῷ.

260 3835 373 3890 Τοῦ
391 3834 813 3907 ἐγκλεισθῆναι
833 3837 975 3904 τοὺς
1001 3837 1546 3909 δεδοκιμασμένους
1573 3839 1649 3905 τῷ
1673 3842 1776 3910 ἁρ-

175 3929 367 3997 γυρὶῳ
390 3967 404 3992 ,
435 3944 489 3980 κ.
519 3944 571 3981 1.
608 3929 654 3981 ὲ.
684 3927 789 3982 Τοῦ
821 3929 1159 4001 χωρισθῆναι
1189 3929 1298 4001 (95)
1331 3930 1453 3994 τοὺς
1485 3930 1775 4001 δεδοκιμα-

176 4019 416 4091 σμένους
438 4020 512 4084 ὡς
542 4022 823 4094 ἁργύριοι.

256 4112 516 4178 Ἦξουσι
543 4114 822 4183 πρέσϐεις
847 4114 917 4181 ἐξ
951 4116 1283 4187 Αἰγύπτου,
1317 4118 1590 4170 Αἰθιοπιά
1626 4130 1772 4185 προ-

1954 3273 2123 3331 Vens.
2152 3276 2241 3333 28.
2292 3276 2378 3332 lbi
2422 3279 2702 3350 Benjamin
2754 3281 3203 3348 adolescentums,
3241 3291 3349 3339 etc.
3400 3284 3475 3339 De

1879 3367 2072 3434 Paulo,
2096 3370 2365 3439 inquiunt,
2392 3373 2495 3426 hoc
2524 3375 2793 3435 praedicit.

1952 3462 2115 3521 Vens.
2148 3461 2218 3516 50
2266 3465 2308 3517 Α
2344 3464 2534 3531 templo
2582 3466 2750 3519 tuoin
2792 3465 3091 3521 Jerusalem
3124 3467 3220 3520 tibi
3250 3468 3471 3537 offerent

1879 3569 2027 3624 reges
2056 3570 2302 3619 munera,
2329 3565 2439 3609 etc.
2479 3553 2677 3609 Paulus
2707 3570 2810 3609 neu
2857 3558 3034 3612 solum
3081 3557 3343 3627 seipsum,
3377 3558 3469 3612 sed

1877 3656 1934 3701 et
1962 3646 2102 3702 alios
2131 3662 2229 3716 per
2253 3647 2558 3702 doctrinam
2586 3647 2787 3702 obtulit
2817 3650 2946 3704 Deo.

1948 3830 2115 3886 Vnus.
2144 3831 2232 3886 51.
2265 3830 2333 3885 Ut
2376 3830 2653 3887 includant
2700 3849 2789 3888 eos
2825 3834 2917 3901 qui
2963 3834 3174 3902 probati
3216 3842 3339 3888 sunt
3374 3848 3468 3886 ar-

1872 3939 2048 3998 gento,
2074 3938 2179 3982 etc.
2213 3926 2284 3983 Ilt
2331 3939 2662 3998 separentur
2704 3929 2798 3998 qui
2834 3930 3048 3999 probati
3090 3938 3219 3985 sunt
3244 3944 3345 3985 ceu
3375 3946 3467 3983 ar-

1872 4033 2114 4093 gentum.

1946 4115 2107 4171 Vens.
2143 4115 2235 4171 32.
2272 4115 2496 4171 Venient
2544 4114 2706 4186 legati
2756 4130 2822 4169 ea:
2874 4113 3137 4185 .Egypto,
3186 4111 3465 4180 Ethiopia

173 4203 399 4276 φθάσει
430 4206 595 4275 χεζοα
620 4207 811 4278 αὐτῆς
841 4209 921 4276 τῷ
953 4208 1096 4275 Θεῷ,
1132 4227 1188 4264 κ.
1217 4227 1269 4263 1.
1305 4210 1352 4263 ὲ.
1394 4210 1505 4281 Τὴν
1537 4209 1634 4281 μὲν
1658 4210 1769 4283 (96)

1914 4209 2148 4263 mreuiet
2198 4225 2389 4262 manus
2418 4208 2534 4278 ejus
2584 4208 2713 4273 Deo,
2740 4219 2849 4264 etc.
2878 4206 3095 4261 Malitia:
3145 4204 3463 4272 dispositio-

169 4296 417 4351 διάθεσιν
440 4299 538 4370 τῆς
564 4300 760 4363 κακίας
788 4300 876 4353 διὰ
903 4300 1011 4355 τῶν
1040 4300 1353 4370 Αἰγυπτίων
1379 4298 1599 4372 ᾐνίξατο
1624 4318 1637 4332 ·
1668 4301 1767 4375 τὴν

1914 4313 1993 4355 em
2020 4316 2117 4371 per
2139 4298 2431 4371 Egyptios
2452 4299 2631 4354 innuit
2654 4299 2933 4365 ;habltum
2970 4311 3099 4351 vero
3125 4309 3221 4366 per
3245 4293 3463 4351 Altinio-

168 4391 232 4445 δὲ
262 4391 375 4458 ἕξιν
406 4390 493 4445 διὰ
525 4391 634 4447 τῶν
665 4392 936 4447 Αἰθιόπων
963 4394 1287 4466 δεδήλωκεν.

1914 4408 1966 4447 as
2006 4395 2262 4448 ostendit.

251 4483 493 4539 Ψάλατε
511 4483 590 4551 τῷ
616 4484 737 4551 Θεῷ
768 4484 848 4552 τῷ
871 4486 1241 4556 ἐπιϐεϐηκότι
1266 4485 1364 4539 ἐπὶ
1380 4485 1489 4540 τὸν
1504 4485 1766 4555 οὐρανὸν

1946 4482 2107 4539 Vens.
2146 4483 2237 4538 34.
2271 4483 2492 4539 Psallite
2530 4484 2638 4538 Deo
2677 4482 2770 4552 qui
2809 4480 3042 4533 ascendit
3071 4494 3228 4547 super
3268 4477 3453 4532 calum

166 4576 282 4632 τοῦ
319 4579 579 4647 οὐρανοῦ
634 4579 783 4634 κατὰ
828 4580 1167 4646 ἀνατολὰς,
1208 4598 1261 4634 κ.
1313 4597 1363 4634 1.
1405 4581 1450 4633 ὲ.
1491 4578 1763 4651 Πρότερον

1914 4576 1985 4631 eli
2016 4578 2084 4630 ad
2119 4580 2403 4641 orientem,
2450 4584 2556 4633 etc.
2598 4575 2839 4629 Primum
2879 4572 3097 4642 quidem
3129 4588 3149 4623 ι
3184 4571 3288 4627 iter
3326 4572 3459 4625 Ieci-

170 4670 276 4744 μὲν
308 4672 418 4743 (97)
455 4692 474 4726 ι
510 4673 874 4745 ὡδοποιήσατε
892 4673 968 4746 τῷ
988 4673 1341 4745 ὲπιϐεϐηκότι
1362 4674 1455 4727 ἐπὶ
1476 4673 1715 4746 δυσμῶνο
1739 4693 1758 4725 ι

1914 4669 1969 4723 iis
2017 4671 2065 4725 ei
2124 4670 2214 4738 qui
2270 4669 2514 4724 ascendit
2563 4681 2731 4737 super
2772 4679 3049 4731 occasum,
3090 4683 3108 4716 ι
3146 4678 3294 4719 nunc
3329 4678 3457 4718 vero

163 4764 270 4820 νῦν
296 4765 353 4820 δὲ
388 4784 407 4817 ι
434 4766 641 4837 ψάλατε
669 4767 747 4840 τῷ
779 4767 1130 4838 ὲπιϐεόηκότι
1155 4767 1248 4820 ἐπὶ
1282 4766 1373 4820 τὸν
1411 4767 1639 4838 οὐρανὸν
1669 4765 1762 4820 τοῦ

1948 4761 2160 4831 psallite
2212 4761 2260 4815 ei
2299 4760 2391 4831 qui
2440 4759 2689 4815 ascendit
2739 4772 2903 4827 super
2953 4755 3155 4813 etelum
3206 4754 3331 4811 caeli
3386 4755 3454 4809 ad

162 4859 400 4933 οὐρανοῦ
426 4862 567 4915 κατὰ
585 4862 868 4927 ἀνατολάς.
891 4880 909 4914 ι
931 4863 988 4915 Ὀ
1008 4860 1119 4935 γὰρ
1141 4878 1159 4912 ι
1180 4860 1441 4924 καταϐὰς,
1462 4860 1624 4924 αὑτός
1643 4862 1761 4913 ἐστι

1914 4854 2156 4909 rientem.
2203 4872 2222 4905 ι
2256 4851 2390 4907 Nam
2421 4871 2439 4904 ι
2472 4854 2561 4922 qui
2611 4852 2917 4917 descendit,
2972 4851 3087 4920 ipse
3124 4858 3203 4905 est
3250 4858 3305 4903 et
3357 4851 3450 4918 qui

158 4953 262 5009 καὶ
303 4952 333 5004 0
374 4952 578 5017 ἀναϐὰς
634 4954 890 5028 ὑπεράνω
936 4953 1153 5007 πάντων
1209 4950 1318 5005 τῶν
1367 4949 1609 5024 οὐρανῶν
1673 4950 1761 5004 ἴνα

1914 4945 2032 5017 '55
2068 4946 2313 5002 ascendit
2341 4961 2506 5017 super
2541 4959 2732 5001 omnes
2754 4945 2923 5001 cados
2950 4953 3008 4999 ut
3044 4942 3292 5012 impleret
3327 4957 3448 4994 on:-

160 5042 434 5117 πληρώσῃ
465 5043 533 5097 τὰ
568 5044 795 5099 πάντα.»
1402 5133 1411 5136 _
1535 5133 1546 5136 Δ

235 5134 380 5189 Δότε
406 5134 595 5200 δόξαν
630 5133 712 5202 τῷ
755 5133 906 5202 Θεῷ,
946 5134 1045 5190 ἐπὶ
1072 5133 1182 5189 τὸν
1223 5133 1473 5204 Ἰσραὴλ
1514 5133 1553 5202 ἡ
1576 5149 1759 5204 μεγα-

1941 5129 2105 5186 Vens.
2146 5129 2237 5187 35.
2284 5127 2419 5185 Date
2445 5129 2673 5200 gloriam
2716 5131 2844 5199 Deo,
2872 5145 3030 5200 super
3051 5125 3222 5183 Israel
3244 5126 3449 5197 magni-

239 5280 282 5310 “
308 5279 411 5336 lsa.
444 5296 602 5350 um,
629 5280 681 5335 ὅ.
760 5282 803 5313 ¹³
836 5280 1034 5352 Eplies.
1065 5295 1141 5348 ιν,
1167 5280 1257 5337 10.

232 5455 654 5539 (89)_ngpa.1at
701 5457 953 5529 ἐχθρῶν,
986 5468 1093 5515 etc.
1147 5458 1334 5516 Codex
1387 5456 1753 5514 Coislinianus

1940 5453 2054 5539 £9?)
2085 5451 2885 5539 ζζξρζῐζαρλουῃειθλ[δείξω
2922 5538 2950 5539 7,
2981 5536 2997 5539 Α
3306 5518 3309 5521 .

157 5521 482 5584 secundus.‘
734 5521 771 5529 "
805 5521 823 5529 ⁷
939 5521 949 5525 ⁷
1938 5521 2052 5594 (St)
2097 5525 2151 5576 Ὁ
2193 5523 2458 5589 Παῦλος,
2478 5535 2605 5594 Δοις.
2638 5521 3004 5594 Cuislinianus
3030 5521 3258 5592 primus.

378 5600 611 5679 ῌιισὰν⁵
623 5600 1173 5679 ἑρμηνεύ-εζαιιθιο.
1210 5600 1379 5656 Idem.
1408 5673 1423 5679 _
1449 5672 1462 5679 _

2089 5594 2198 5679 [οὗ
2232 5592 2626 5679 χωρισθῆιίαιι,
2658 5604 2765 5647 etc.
2800 5592 2963 5648 Idem.

256 5601 354 5670 L90)
378 5601 591 5654 Βασὰν
623 5601 1031 5671 ἑρμηνεύεται,
1059 5610 1173 5656 etc.
1210 5601 1379 5656 Idem.

256 5671 346 5737 9|)
390 5671 495 5725 Ἐν
534 5670 611 5740 τῇ
642 5673 900 5740 Χριστοῦ
923 5671 1226 5743 ἐπιδημίᾳ,
1260 5684 1366 5729 etc.
1408 5672 1575 5730 Idem.

258 5741 349 5809 92)
377 5743 461 5799 Οὐ
489 5744 716 5799 ταυτόν
752 5744 945 5811 ἐστιν,
975 5754 1084 5802 etc.
1118 5743 1287 5802 Idem.

1961 5601 2029 5649 95
2089 5601 2198 5649 Τοῦ
2232 5601 2626 5663 χωρισθῆναι,
2658 5605 2700 5647 el

1962 5667 2029 5721 96
2091 5666 2210 5735 Tim
2228 5665 2367 5735 μέν,
2400 5674 2506 5719 clc.
2536 5664 2700 5718 Idem.

1936 5601 2051 5811 397$
2076 5739 2379 5803 ιιοότεοον
2407 5734 2536 5804 ιιέν,
2568 5744 2673 5791 etc.

233 5675 346 5805 ξω)
390 5675 495 5725 Ἐν
534 5675 610 5740 τῇ
642 5675 900 5740 Χριστοῦ
923 5675 1226 5743 ἐπιδημίᾳ,
1260 5684 1366 5729 etc.
1408 5675 1575 5730 Idem.

258 5741 349 5809 92)
377 5743 461 5799 Οὐ
489 5744 716 5799 ταυτόν
752 5744 945 5813 ἐστιν,
975 5754 1084 5802 etc.
1118 5743 1287 5802 Idem.

1962 5675 2029 5721 96
2091 5675 2210 5735 Tim
2228 5675 2367 5735 μέν,
2400 5675 2506 5719 clc.
2536 5675 2700 5718 Idem.

1938 5675 2051 5811 imi
2076 5739 2379 5803 ιιοότεοον
2407 5734 2536 5804 ιιέν,
2568 5744 2673 5791 etc.
2709 5735 2874 5791 Idem.
