3808 6502
497 300 632 357 {529

1913 283 2005 342 EX
2046 280 2348 341 ORIGENE
3491 315 3565 373 is”

492 436 612 477 esse
663 415 834 474 Deum
871 423 1145 488 precatur.
1178 411 1278 486 Qui
1310 409 1441 466 dicit
1475 428 1486 464 :
1525 427 1542 460 ι
1568 407 1677 479 Ego
1704 406 1757 463 in
1788 405 1948 463 Patre
1971 406 2069 472 ’⁷,ι

2184 421 2322 474 γων·
2359 423 2377 456 ι
2415 402 2556 474 Ἐγὼ
2591 402 2648 457 ὲν
2687 402 2763 475 τῷ
2799 403 2996 476 Πατρὶ,
3020 421 3038 455 t
3077 405 3193 478 (pqu
3227 411 3301 466 καὶ
3326 416 3387 486 τό,
3415 424 3569 492 (Ἐπὶςξ

495 519 574 573 ait
595 500 758 571 et'iam
785 532 797 568 :
833 530 852 565 ι
881 509 938 564 In
963 519 1014 574 te
1041 506 1320 578 projectus
1351 520 1468 559 sutn
1493 519 1556 559 ex
1580 511 1758 569 utero.
1792 501 1859 557 de
1885 511 2075 557 ventre

495 609 689 666 matris
739 617 872 662 mea:
906 612 961 658 tu
1010 617 1071 657 es
1100 607 1377 671 protector
1411 612 1594 651 meus:
1631 615 1650 649 ι
1689 594 1818 650 illud
1854 593 2073 666 quidem

493 717 558 758 eo
585 699 729 773 quod
763 715 790 754 a
817 696 1105 753 nativitate
1135 695 1304 749 sensit
1337 691 1501 746 Deum
1531 699 1585 744 et
1609 689 1662 743 in
1701 687 1792 744 illo
1821 686 2064 751 conlidit;

494 791 638 848 istutl
672 803 800 844 vero
831 796 1051 859 prapter
1091 782 1318 840 insidias
1359 796 1493 851 quas
1529 781 1580 835 in
1613 779 1935 834 adoratione
1961 775 2075 830 Ma-

493 897 684 956 gorum
730 878 974 937 llerodes
1017 875 1217 932 struxit
1264 872 1484 928 Christo
1515 871 1610 941 qui
1639 869 1773 925 nihil
1801 869 1924 923 mali
1953 883 2076 939 pas-

493 993 586 1034 sus
632 986 738 1043 est,
766 983 1088 1048 protegente
1116 971 1265 1026 illum
1301 970 1429 1034 Deo,
1469 966 1687 1036 quando
1727 980 1756 1020 a
1787 963 1991 1019 bintatu
2024 969 2078 1016 et

493 1067 638 1126 infra
684 1067 1030 1124 necabantur
1063 1062 1215 1135 pueri
1256 1062 1309 1116 in
1366 1059 1563 1115 finibus
1586 1056 1921 1113 Bethlebetn.
1947 1054 2079 1123 Quis

491 1179 624 1219 vero
661 1161 824 1215 etiam
846 1177 864 1211 ι
892 1157 1077 1226 adjicit
1106 1170 1271 1224 super
1297 1167 1517 1210 onmem
1541 1149 1756 1206 laudem
1787 1167 1806 1201 ι
1836 1147 1929 1202 Dei
1960 1161 2079 1216 qua:

492 1258 546 1310 in
585 1255 703 1324 lege
734 1261 786 1308 et
814 1248 1095 1322 pr0pltetis
1122 1254 1226 1313 est,
1262 1244 1366 1299 nisi
1395 1241 1601 1298 Filius?
1629 1239 1726 1295 llic
1748 1254 1878 1293 vero
1917 1237 2081 1292 mise-

494 1364 582 1403 ros
618 1342 925 1416 prmdicaits
971 1340 1221 1403 Set-ibas,
1258 1353 1364 1392 non
1410 1335 1663 1408 cognovit
1712 1333 2076 1388 litteraturam

489 1457 699 1496 eorum.
742 1438 950 1495 Etenim
1005 1433 1153 1490 novit
1203 1431 1541 1487 occidentem
1589 1428 1827 1483 litteram
1883 1426 2080 1482 docere

490 1551 611 1604 qua:
654 1544 782 1588 sunt
815 1531 1143 1586 viviﬁcantis
1189 1528 1446 1598 Spiritus.
1482 1524 1560 1580 Ex
1611 1523 1838 1578 mortuis
1896 1532 2078 1576 autem

491 1627 772 1683 redivivus
801 1634 1087 1696 postquam
1119 1620 1462 1678 annuntiavit
1492 1616 1775 1675 brachium
1807 1615 1900 1671 Dei
1929 1614 2077 1670 omni

490 1718 854 1792 generationi,
887 1717 962 1771 ait
995 1715 1140 1770 Patri
1172 1731 1186 1767 :
1225 1732 1242 1765 ι
1274 1712 1354 1768 Ex
1403 1710 1616 1784 abyssis
1669 1720 1830 1765 terra:
1881 1708 2077 1764 iterum

497 1814 763 1870 reduxisti
795 1827 903 1868 me.
938 1831 957 1864 ι

565 1908 728 1962 Vens.
765 1907 821 1961 2.
862 1905 924 1958 ln
960 1915 1030 1969 te,
1066 1903 1312 1967 Domine,
1359 1900 1602 1971 speravi:
1627 1914 1732 1952 non
1779 1896 2078 1966 confundat

489 2002 544 2055 in
575 2010 852 2062 a’t‘crnum,
887 2009 997 2052 etc.
1023 1996 1081 2050 Si
1117 1996 1170 2049 in
1200 1992 1645 2050 tribulationibus
1680 1990 2076 2054 sustineamus,

491 2106 596 2146 non
625 2088 1022 2145 conlundemur
1060 2087 1114 2141 in
1163 2086 1348 2141 futuro
1373 2082 1609 2149 smeulo;
1641 2097 1764 2136 nam
1803 2099 1822 2133 ι
1853 2079 2081 2135 tribula-

491 2185 567 2239 tio
598 2181 921 2254 patientiam
957 2188 1233 2251 operatur,
1269 2176 1534 2249 patientia
1566 2183 1751 2230 autem
1796 2175 2079 2244 probatio.

492 2289 635 2338 nent,
666 2273 916 2343 probatio
953 2285 1084 2326 vero
1120 2286 1295 2341 spent,
1328 2283 1454 2340 spes
1492 2277 1672 2323 autem
1705 2281 1813 2322 non
1847 2265 2079 2322 conluu-

488 2367 564 2422 dit
587 2365 652 2420 ".
688 2386 707 2419 ι

561 2456 728 2513 Vens.
756 2458 810 2513 4.
842 2456 980 2512 Deus
1005 2472 1174 2521 meus,
1209 2455 1353 2523 eripe
1377 2470 1458 2508 me
1487 2454 1550 2508 de
1574 2468 1737 2507 manu
1761 2451 2076 2523 peccatoris,

488 2551 552 2606 de
588 2568 748 2606 manu
797 2565 985 2606 contra
1037 2551 1200 2620 legem
1238 2549 1444 2620 agentis
1477 2558 1524 2602 et
1561 2547 1754 2618 iniqui,
1775 2556 1884 2601 etc.
1915 2545 2078 2600 Sata-

494 2660 619 2700 nam
675 2645 807 2701 dicit
852 2655 1222 2715 peccatoretn,
1254 2651 1451 2698 contra
1505 2639 1676 2711 legem
1708 2647 1983 2711 agentem,
2026 2649 2081 2692 et

495 2739 776 2809 iniquum:
818 2748 1162 2806 peceatorcm
1187 2739 1257 2793 ob
1295 2735 1593 2806 pessimum
1628 2735 1913 2796 habitum;
1945 2750 2080 2788 cou-

495 2840 580 2887 tra
628 2833 801 2903 legem
863 2841 1153 2902 agentem,
1205 2839 1497 2901 propterea
1560 2828 1709 2900 quod
1774 2828 2077 2883 naturalem

491 2927 666 2998 legem
698 2925 1168 2994 transgrediatur;
1205 2923 1452 2995 iniquum
1481 2937 1634 2991 vero,
1664 2923 1807 2994 quod
1839 2922 2075 2993 seipsum

488 3018 706 3075 fraudet
733 3017 1043 3089 cognitione
1073 3017 1191 3072 Dei.

560 3111 727 3167 Vens.
755 3111 807 3166 6.
831 3109 897 3165 In
920 3118 969 3165 te
998 3110 1346 3180 conﬁrmatus
1368 3128 1483 3168 sum
1516 3126 1582 3166 ea:
1606 3122 1794 3165 utero:
1824 3109 1887 3164 de
1904 3117 2077 3164 ventre

2179 503 2485 590 ἐπερρίφην
2533 505 2598 556 ὲκ
2645 503 2914 574 γαστρός·
2945 503 3008 555 ἐκ
3055 502 3236 570 κοιλίας
3281 513 3434 583 μητρός
3461 531 3571 590 μωῇ

2182 612 2281 666 μου
2305 589 2358 648 εἴ
2391 595 2702 666 σκεπαστής
2722 612 2735 625 ’
2766 615 2785 647 ι
2825 594 2886 648 τὸ
2934 595 3053 665 μὲν,
3080 596 3152 659 εἰς
3191 597 3286 668 ἅμα
3317 607 3469 669 γενέσει
3491 617 3574 684 μάθὲ

2181 689 2588 762 συνῃσθημένος
2618 689 2774 753 Θεοῦ,
2810 689 2904 742 καὶ
2931 690 3315 762 ἐπερεισάμενος
3332 699 3462 764 αὐτῷ’
3482 709 3519 759 τὸ
3536 712 3566 764 ξε

2179 783 2268 837 διὰ
2312 783 2411 856 τὴν
2457 784 2552 837 ἐπὶ
2598 786 2664 855 τῇ
2703 784 3063 854 προσκυνήσει
3099 782 3194 836 τῶν
3237 790 3384 858 μάγων
3408 755 3579 858 ἐπιδιυῆ

2136 893 2138 895 ‘
2180 879 2260 943 εἰς
2287 878 2544 951 Χριστὸν,
2593 874 2834 950 Ἡρώδου
2869 877 3034 948 μηδὲν
3068 877 3277 934 παθόντα
3293 883 3354 955 τῷ
3377 863 3582 950 tuast-6;;

2182 971 2288 1025 ὑπὸ
2320 969 2453 1024 Θεοῦ
2483 971 2574 1024 ὅτε
2603 969 2672 1024 τὰ
2700 971 2808 1024 ἀπὸ
2833 969 3043 1034 διετοῦς
3073 972 3159 1024 καὶ
3185 978 3420 1048 κατωτέρω
3439 984 3585 1057 ἀνῃρεξτς

2181 1064 2368 1119 παιδία
2400 1067 2459 1119 ὲν
2505 1064 2674 1137 ὁρίοις
2710 1064 2978 1136 Βηθλεέμ.
3028 1064 3123 1127 Τίς
3152 1065 3200 1118 δὲ
3230 1067 3306 1120 καὶ
3353 1073 3404 1124 «ὁ
3436 1081 3586 1146 προῄεις

2180 1158 2273 1211 ἐπὶ
2315 1159 2493 1212 πᾶσαν
2535 1157 2632 1229 τὴν
2667 1156 2873 1212 αἴνεσιν
2901 1179 2919 1209 ›
2952 1155 3048 1210 τοῦ
3094 1157 3216 1210 Θεοῦ
3255 1160 3334 1232 τὴν
3358 1163 3590 1238 tut-6319133

2182 1250 2546 1323 προφήταιςῆ
2595 1252 2622 1304 ὁ
2672 1251 2830 1316 Υἱός;
2873 1245 3041 1313 Οὗτος
3075 1249 3151 1317 δὲ,
3177 1251 3420 1316 ταλανὶζων
3439 1275 3590 1331 τρίμμα.

2180 1347 2311 1409 τεῖς,
2345 1344 2445 1396 οὑκ
2488 1342 2629 1413 ἔγνω
2685 1343 2784 1407 τὰς
2827 1342 3203 1416 γραμματείας
3245 1345 3403 1400 αὐτῶν.
3437 1351 3510 1405 Καὶ
3537 1359 3594 1426 γὰρ

2180 1433 2288 1490 οἶδε
2331 1437 2395 1490 τὸ
2434 1437 2755 1490 ἀποκτεῖνον
2795 1437 3031 1510 γράμμα
3072 1435 3315 1490 διδάσκειν
3346 1440 3398 1492 τὰ
3431 1443 3494 1494 to?
3525 1447 3594 1507 ζα,

2184 1527 2464 1592 ποιοῦντος
2488 1528 2629 1582 Πνεῦ
2639 1545 2823 1600 ματος.
2860 1521 3029 1590 Οὗτος
3067 1525 3143 1589 δὲ,
3171 1529 3230 1580 ὲκ
3253 1529 3421 1600 νεκρῶν
3446 1534 3597 1600 ὼηπᾶς,

2183 1614 2336 1687 οὗτος
2387 1622 2484 1676 καὶ
2522 1619 2866 1692 ἀπαγγείλας
2911 1619 3169 1692 βραχίονα
3197 1620 3281 1674 τοῦ
3316 1621 3420 1675 Θεοῦ
3447 1629 3490 1695 τῇ
3512 1635 3599 1695 γενεᾷ

2183 1715 2354 1788 πάσῃ,
2392 1717 2525 1788 φησὶ
2559 1716 2638 1787 τῷ
2685 1713 2888 1787 Πατρίο
2929 1735 2947 1766 ι
2981 1714 3075 1768 Ἐκ
3106 1712 3207 1768 τῶν
3249 1713 3603 1790 ἀϐύσσωντῆςγῇς

2188 1787 2346 1864 πάλιν
2378 1787 2655 1881 ἀνῆγαγές
2689 1826 2777 1879 με.
2805 1828 2824 1861 ›
3193 1793 3198 1798 ’
3275 1787 3278 1792 ’

2270 1902 2394 1955 Ἐπὶ
2441 1903 2560 1967 σοὶ,
2611 1903 2809 1971 Κύριε,
2859 1900 3116 1969 ἤλπισα,
3144 1900 3224 1972 μὴ
3259 1909 3607 1974 καταισχιγῠιίηγ

2186 1998 2273 2062 εἰς
2305 1995 2412 2049 τὸν
2443 1993 2649 2058 αἰῶνα,
2685 2011 2739 2050 κ.
2779 2011 2828 2048 τ.
2869 1995 2917 2048 ὲ.
2975 1993 3103 2048 Ἐὰν
3136 1995 3189 2047 ὲν
3221 1997 3326 2057 ταῖς
3353 1993 3528 2064 θλίψεσιν
3552 2002 3607 2062 (ξιξ)

2188 2089 2568 2160 ὑπομένωμεν,
2617 2088 2718 2142 οὑκ
2753 2085 3226 2158 αἱσχυνθησόμεθα
3266 2085 3316 2139 ὲν
3352 2086 3415 2157 τῷ
3450 2089 3551 2141 αἰῶνι
3575 2093 3611 2162 ἐρ

2191 2183 2434 2257 μέλλοντι
2455 2200 2468 2213 °
2507 2203 2526 2234 ι
2563 2183 2628 2236 Ἥ
2656 2181 2765 2255 γὰρ
2799 2180 2976 2252 θλίψις
3026 2180 3294 2251 ὑπομονὴν
3319 2182 3609 2251 κατεργάζετα-

2187 2280 2293 2351 ήδὲ
2321 2278 2565 2349 ὑπομονὴ
2591 2277 2704 2330 δοκι
2713 2278 2818 2348 μήν
2838 2292 2850 2305 ’
2884 2278 2917 2346 ἡ
2942 2273 2998 2327 δὲ
3018 2271 3214 2345 δοκιμῆ
3238 2271 3424 2326 ἐλπίδα·
3444 2275 3470 2344 ἡ
3487 2273 3615 2339 iiiis;-

2187 2374 2247 2426 οὐ
2273 2370 2646 2442 καταισχύνει.
2675 2388 2704 2437 »ί
3297 2432 3304 2439 _

2268 2465 2333 2520 Ὀ
2359 2467 2504 2532 Θεός
2527 2481 2667 2534 μου,
2686 2461 2878 2532 ῥῦσαί
2903 2477 2979 2530 με
3005 2461 3075 2514 ἐκ
3092 2460 3282 2530 χειρὸς
3301 2458 3620 2528 ἀμαρτωλρῦ,ἑι

2187 2559 2389 2630 χειρὸς
2439 2555 2932 2627 παρανομοῦντος
2979 2555 3078 2610 καὶ
3123 2553 3456 2618 ἀδικοῦντος,
3486 2570 3524 2604 κ.
3552 2556 3619 2604 at.

2189 2653 2294 2706 Τὸν
2328 2653 2570 2706 Σατανᾶν
2615 2648 2763 2719 λέγει
2803 2649 2911 2720 (59)
2947 2646 3288 2721 ἁμαρτωλὸν,
3325 2645 3404 2699 καὶ
3427 2644 3623 2717 astringo
3694 2636 3695 2650 ¹

2189 2743 2282 2796 καὶ
2310 2741 2519 2796 ἄδικον*
2558 2739 2885 2812 ἁμαρτωλὸν
2922 2739 3018 2811 μὲν
3053 2737 3143 2792 διὰ
3189 2738 3281 2808 τὴν
3310 2736 3526 2808 χειρίστην
3547 2736 3624 2800 {Enr

2189 2835 2505 2907 παράνομον
2538 2834 2593 2888 δὲ
2642 2831 2730 2886 διὰ
2774 2832 2836 2886 τὸ
2870 2831 3188 2904 παραϐῆναι
3219 2831 3303 2884 τὸν
3342 2828 3518 2898 φυσικὸν
3538 2828 3627 2897 riga

2187 2927 2352 2984 αὑτοῦ
2375 2945 2387 2958 ·
2422 2927 2604 2983 ἄδικον
2637 2925 2694 2980 δὲ
2732 2924 2821 2980 διὰ
2851 2925 2913 2980 τὸ
2947 2925 3113 2979 αὑτὸν
3144 2925 3438 2994 ἀποστερεῖν
3460 2921 3530 2991 τῆς
3555 2921 3629 2988 7mi-

2191 3039 2329 3086 σεως
2353 3019 2448 3074 τοῦ
2479 3018 2637 3074 Θεοῦ.

2273 3113 2402 3168 Ἐπὶ
2431 3113 2505 3168 σὲ
2526 3113 2973 3184 ἐπεστηρίχθην
2997 3110 3117 3166 ἀπὸ
3147 3109 3410 3180 γαστρόςο
3432 3107 3484 3160 ἐκ
3502 3106 3634 3168 mlite

487 3210 675 3262 matris
705 3223 834 3263 mea:
874 3219 929 3262 tu
953 3225 1008 3262 es
1039 3217 1306 3278 protector
1337 3223 1503 3274 meus,
1539 3217 1646 3261 etc.
1683 3205 1786 3274 Qui
1829 3204 1979 3260 solus
2009 3205 2075 3258 ab

2184 3209 2406 3279 μητρός
2435 3225 2555 3278 μου
2590 3209 2671 3264 σύ
2694 3224 2833 3278 ,μου
2869 3207 2926 3261 εἷ
2949 3203 3326 3271 σκεπαστὴς,
3354 3219 3401 3255 κ.
3426 3219 3467 3254 τ.
3491 3199 3524 3252 ὲ.
3551 3198 3587 3251 '0
3600 3201 3635 3250 εἱα

486 3310 647 3356 utero
676 3300 732 3354 in
765 3301 873 3356 Deo
903 3301 1219 3356 conﬁrmari
1272 3300 1426 3356 novit
1454 3299 1636 3365 Jesus,
1671 3301 1784 3353 tunc
1812 3298 1906 3352 ait.
1942 3296 2076 3352 Pro-

491 3400 664 3445 tector
699 3405 828 3445 vero
879 3389 995 3460 ejus
1028 3389 1150 3457 fuit,
1184 3392 1406 3462 quando
1437 3389 1600 3461 Magi,
1632 3392 1688 3445 in
1723 3391 1934 3445 somnis
1961 3405 2078 3445 mo-

488 3487 611 3550 niti,
631 3502 728 3557 per
756 3485 916 3542 aliam
951 3488 1096 3541 viam
1133 3487 1341 3543 reversi
1365 3495 1493 3542 sunt
1520 3487 1572 3540 in
1599 3485 1876 3557 regionem
1904 3498 2077 3552 suam,

487 3591 542 3634 et
578 3577 802 3649 Joseplt,
861 3591 1085 3650 accepto
1142 3595 1311 3651 puero
1355 3594 1477 3634 cum
1512 3589 1688 3634 matre
1719 3577 1854 3646 ejus,
1897 3577 2082 3648 jussus

489 3684 572 3727 est
606 3675 657 3727 in
697 3671 994 3745 Egyptum
1027 3673 1202 3740 abire,
1239 3689 1307 3729 ue
1358 3672 1520 3728 simul
1553 3687 1676 3728 cum
1725 3671 1850 3726 aliis
1899 3668 2081 3739 pueris

491 3766 900 3824 interﬁceretur
921 3766 1097 3824 Jcsus.

564 3947 726 4005 Vens.
761 3949 812 4005 7.
851 3948 1127 4021 Tanquam
1171 3949 1473 4019 prodigium
1531 3947 1706 4017 factus
1756 3963 1871 4001 sum
1940 3946 2080 4001 mul-

491 4043 582 4110 tis,
613 4055 720 4098 etc.
749 4043 819 4098 lis
850 4045 942 4114 qui
965 4045 1018 4099 in
1055 4043 1162 4097 lata
1192 4055 1246 4098 et
1273 4042 1511 4114 spatiosa
1544 4051 1596 4097 et
1627 4040 1825 4096 multos
1848 4041 2083 4096 ducente

493 4136 547 4190 in
582 4135 943 4205 perditionem
994 4135 1323 4204 gradiuntur
1354 4136 1461 4189 via.
1497 4133 1648 4189 Multi
1703 4135 1850 4190 enim
1893 4149 1988 4205 per
2025 4135 2083 4188 il-

490 4228 596 4284 laut
632 4237 940 4288 transeunt.
971 4229 1255 4300 Tanquam
1291 4229 1598 4300 prodigium
1633 4228 1811 4285 factus
1859 4240 1944 4286 est
1985 4229 2080 4287 Je-

489 4335 601 4382 sus,
634 4321 728 4376 sed
758 4335 865 4375 non
907 4320 1097 4391 paucis
1138 4319 1234 4392 qui
1280 4319 1566 4375 inveniunt
1593 4329 1802 4374 arctam
1830 4330 1883 4376 et
1911 4336 2079 4392 angu-

487 4423 627 4467 stam
658 4413 802 4467 viam
829 4428 950 4484 quae
973 4412 1126 4468 ducit
1155 4413 1220 4468 ad
1257 4415 1444 4468 vitam.

2184 3301 2289 3364 δὼς
2339 3299 2448 3371 (40)
2508 3300 2617 3354 ἀπὸ
2658 3299 2898 3370 γαστρὸς
2953 3298 3115 3368 μόνος
3171 3292 3548 3367 ὲπῑστηρίζεςθιι
3577 3290 3638 3358 Θεῷ

2195 3394 2403 3464 Ἰησοῦς
2432 3393 2607 3449 ταῦτά
2635 3411 2786 3464 φησι.
2819 3392 3147 3463 Σκεπαστὴς
3173 3391 3230 3445 δὲ
3263 3388 3410 3444 αὑτοῦ
3432 3388 3580 3457 ἐγένετο
3596 3388 3640 3437 Et:

2183 3489 2231 3542 οἱ
2268 3488 2434 3560 μάγοι
2465 3490 2598 3560 ὲχρη
2611 3487 2951 3559 ματίσθησαν
2974 3485 3041 3540 δι’
3070 3486 3244 3557 ἄλλης
3276 3483 3388 3538 ὁδοῦ
3411 3480 3641 3550 ἁναχιυρῆτπι

2183 3583 2264 3645 εἰς
2296 3580 2392 3652 τὴν
2444 3579 2628 3652 χώραν
2673 3577 2873 3644 αὑτῶν,
2921 3579 3017 3632 καὶ
3081 3577 3305 3648 Ἰωσὴφ,
3353 3568 3641 3645 παραλιῆὼηιτὲ

2185 3674 2398 3728 παιδίον
2421 3673 2538 3745 ἆμα
2557 3675 2626 3745 τῇ
2653 3673 2821 3745 μητρὶ
2843 3670 3028 3738 αὑτοῦ,
3060 3672 3145 3736 εἰς
3170 3670 3429 3738 Αἴγυπτον
3451 3662 3645 3720 ualeatis:

2183 3767 2446 3840 ἀπῆλθεν,
2483 3767 2571 3822 ἵνα
2609 3768 2682 3840 μὴ
2715 3767 2972 3840 ἀναιρεθῇ
3020 3766 3163 3839 μετὰ
3214 3764 3321 3818 τῶν
3364 3757 3647 3824 traicitur”,-

2186 3861 2333 3926 σοῦς.

2265 3953 2424 4009 Ὠσεὶ
2473 3955 2650 4023 τέρας
2705 3952 3004 4025 ἐγενήθην
3065 3951 3197 4019 τοῖς
3237 3948 3483 4014 πολλοῖς.
3515 3964 3552 3999 κ.
3580 3943 3650 3994 τιὶ

2185 4046 2308 4110 Τοῖς
2337 4045 2438 4116 τὴν
2472 4045 2732 4099 πλατεῖαν
2759 4044 2870 4115 (41)
2908 4044 3002 4097 καὶ
3042 4041 3361 4115 εὐρύχωρον
3398 4038 3580 4092 ὁδεύοντι
3609 4035 3652 4084 ιιςῖ

2184 4139 2496 4207 ἐπάγουσαν
2538 4139 2630 4190 ἐπὶ
2673 4136 2770 4208 τὴν
2818 4135 3094 4191 ἀπώλειαν
3148 4134 3392 4198 πολλούς·
3430 4130 3565 4184 πολλοὶ
3598 4128 3650 4194 τις

2183 4232 2233 4284 οἱ
2291 4230 2630 4302 διερχόμενοι
2682 4231 2751 4284 δι’
2809 4229 2999 4301 αὐτῆς·
3067 4229 3209 4282 ὡσεὶ
3259 4227 3417 4299 τέρας
3460 4220 3657 4292 ἐγγενῆ]τᾶ

2196 4323 2432 4394 Ἰησοῦς·
2469 4321 2584 4376 ἀλλ’
2615 4322 2676 4376 οὑ
2705 4324 2821 4386 τοῖς
2868 4321 3068 4390 ὀλίγοις
3109 4321 3426 4392 εὑρίσκουσι
3454 4315 3529 4387 τὴν
3551 4305 3654 4375 πεεῆ

2184 4417 2279 4470 καὶ
2301 4414 2666 4488 τεθλιμμένην
2692 4414 3013 4484 ἁπάγουσαν
3037 4415 3116 4478 εἰς
3148 4414 3324 4484 ζωήν.
3570 4418 3574 4422 ’

563 4505 724 4561 Vens.
765 4507 819 4562 8.
841 4505 1128 4576 chleatur
1156 4523 1211 4561 os
1243 4521 1417 4561 meum
1437 4505 1618 4571 laude,
1645 4515 1702 4561 ut
1729 4517 1934 4562 cantem
1957 4507 2074 4577 glo-

2254 4506 2630 4576 Πληρωθήτω
2657 4505 2722 4560 τὸ
2753 4506 2948 4575 στόμα
2969 4521 3090 4575 μου
3125 4503 3434 4567 αινέσεως,
3465 4499 3582 4559 ὅπως
3605 4494 3658 4556 ἰπν-

488 4597 624 4650 riam
657 4608 826 4665 tuam,
853 4607 963 4653 tota
994 4599 1079 4655 die
1103 4597 1522 4668 magnitudinem
1565 4608 1737 4667 tuam,
1772 4609 1880 4655 etc.
1913 4599 2077 4672 760

489 4688 603 4744 Nisi
657 4706 811 4745 mens
868 4692 1142 4763 repleatur
1190 4699 1366 4766 gratia
1409 4695 1526 4760 Dei,
1566 4705 1789 4750 cantare
1843 4693 2074 4764 gloriam

491 4781 584 4836 Dei
624 4797 730 4837 non
784 4791 983 4853 potest.
1015 4783 1089 4840 Os
1146 4787 1293 4841 enim
1335 4786 1532 4843 anima:
1569 4797 1808 4842 mentem
1839 4785 2076 4851 vocavit,

491 4870 721 4942 gloriam
746 4881 927 4928 autem
961 4872 1160 4930 Filium
1193 4875 1310 4932 Dei.

562 5045 727 5102 Vens.
769 5047 856 5104 Η.
918 5047 1162 5106 Dicentes
1189 5070 1206 5106 :
1233 5051 1373 5109 Deus
1414 5055 1698 5126 dereliquit
1756 5073 1902 5121 eum,
1964 5065 2073 5111 etc.

492 5137 604 5194 llas
646 5156 806 5196 voces
855 5144 1036 5212 posuit
1076 5151 1332 5200 taneuam
1373 5163 1403 5201 a
1440 5149 1776 5206 daemonibus
1811 5150 2074 5220 prolatas.

563 5395 605 5427 ³⁷
636 5393 798 5454 Joatt.
833 5415 887 5460 χ,
916 5398 1005 5454 38.
1088 5400 1131 5432 ⁵⁸
1161 5398 1320 5456 Rom.
1351 5415 1400 5469 ν,
1437 5401 1491 5465 5.
1526 5401 1579 5456 4.

564 5538 675 5611 (58)
701 5540 846 5594 Ἐὰν
876 5539 946 5592 ἐν
979 5538 1108 5606 ταῖς
1146 5540 1456 5610 θλίψεσιν,
1504 5551 1612 5596 etc.
1664 5541 1890 5604 Selteda:
1937 5546 2076 5601 Gra-

491 5609 594 5682 bii,
623 5609 675 5664 et
699 5613 866 5682 codex
900 5609 1268 5682 Coisliniauus
1303 5615 1533 5682 primus.

562 5681 675 5753 (59)
739 5681 849 5735 Τὸν
892 5681 1165 5753 σατανᾶν
1193 5681 1376 5753 λέγει,
1429 5696 1533 5740 etc.
1584 5685 1797 5740 Etcdem
1841 5686 2077 5743 schcdm.

561 5751 676 5822 (ιο)
722 5753 786 5806 '0
821 5751 1010 5822 εἰδώς,
1040 5763 1146 5812 etc.
1179 5751 1360 5811 Codex
1395 5756 1760 5814 Coisliuianus
1784 5761 2079 5818 secundus.

2183 4600 2354 4668 νήσω
2379 4599 2493 4670 τὴν
2539 4599 2730 4665 δόξαν
2761 4614 2900 4663 σου,
2929 4598 3083 4665 ὅλην
3123 4596 3249 4664 τὴν
3298 4588 3663 4666 magar-rimat-

2185 4692 2626 4764 γαλοπρέπειάν
2659 4708 2796 4757 σου,
2827 4710 2880 4746 κ.
2921 4707 2972 4745 τ.
3006 4691 3053 4744 ὲ.
3101 4689 3239 4745 Ἐὰν
3277 4688 3352 4760 μὴ
3382 4681 3589 4756 πληρωθῇ
3609 4676 3661 4734 iiii

2184 4787 2212 4839 ὁ
2245 4785 2370 4849 νοῦς
2396 4786 2616 4858 χάριτος
2644 4783 2804 4850 Θεοῦ,
2836 4783 3073 4856 ὑμνῆσαι
3109 4782 3218 4855 τὴν
3256 4781 3411 4848 δόξαν
3440 4775 3548 4831 θεοῦ
3570 4771 3667 4826 ρεξπ

2188 4895 2365 4933 ναται.
2386 4878 2568 4950 Στόμα
2589 4878 2698 4951 γὰρ
2719 4878 2816 4950 τῆς
2836 4876 3013 4949 ψυχῆς
3043 4875 3136 4931 τὸν
3167 4875 3299 4928 νοῦν
3326 4873 3562 4942 ὠνόμασε,
3582 4863 3664 4924 δέξω

2187 4972 2244 5026 δὲ
2273 4972 2364 5026 τὸν
2395 4973 2523 5028 Υἱὸν
2555 4972 2648 5028 τοῦ
2681 4971 2838 5027 θεοῦ.

2257 5067 2575 5137 Λέγοντες·
2616 5067 2671 5120 Ὁ
2712 5067 2856 5133 Θεὸς
2884 5064 3293 5136 ἐγκατέλιπεν
3321 5060 3510 5123 αὐτὸν,
3541 5073 3566 5106 κ
3603 5048 3668 5101 at.

2186 5159 2400 5223 Ταύτας
2427 5160 2526 5224 τὰς
2559 5159 2743 5230 φωνὰς
2768 5159 2878 5232 (45)
2912 5159 3160 5213 τέθεικεν
3193 5157 3278 5222 ὡς
3320 5155 3424 5210 ὑπὸ
3457 5152 3546 5206 τῶν
3566 5141 3674 5211 611,15-

2187 5267 2292 5305 νων
2326 5251 2644 5323 λεγομένας.

2263 5546 2373 5614 (41)
2416 5543 2544 5611 Τοῖς
2563 5544 2677 5613 τὴν
2700 5545 3012 5610 πλατεῖαν,
3043 5553 3150 5599 etc.
3189 5545 3370 5614 Idem.
3509 5610 3529 5614 _

2262 5607 2373 5688 (42)
2589 5607 2675 5685 μὴ
2719 5607 3028 5684 πληρωθῇ,
3081 5627 3194 5672 εις.
3237 5613 3468 5670 Schedte
3496 5607 3628 5666 Grut-ii
3657 5615 3680 5648 εἰ

2191 5686 2362 5744 codex
2389 5686 2756 5742 Coisliniantts
2777 5689 3002 5755 primus.

2264 5758 2376 5831 (45)
2407 5758 2630 5824 Ταύτας
2665 5757 2770 5824 τὰς
2801 5756 3024 5827 φωνάς,
3055 5766 3162 5815 etc.
3208 5757 3390 5814 Iidem
3416 5772 3532 5811 mss.
