  <div class='ocr_page' id='page_1' title='image "/cluster/home/n/w/nwhite01/storage/ocr_20150623/12/hvd.32044019207638/764.png"; bbox 0 0 3944 6386; ppageno 0'>
   <div class='ocr_carea' id='block_1_1' title="bbox 222 342 358 399">
    <p class='ocr_par' dir='ltr' id='par_1_1' title="bbox 222 342 358 399">
     <span class='ocr_line' id='line_1_1' title="bbox 222 342 358 399; baseline 0 -2"><span class='ocrx_word' id='word_1_1' title='bbox 222 342 358 399; x_wconf 71' lang='grc'>1521</span> 
     </span>
    </p>
   </div>
   <div class='ocr_carea' id='block_1_2' title="bbox 1137 332 2511 399">
    <p class='ocr_par' dir='ltr' id='par_1_2' title="bbox 1137 332 2511 399">
     <span class='ocr_line' id='line_1_2' title="bbox 1137 332 2511 399; baseline -0.002 -1"><span class='ocrx_word' id='word_1_2' title='bbox 1137 339 1448 399; x_wconf 78' lang='lat' dir='ltr'><strong>SELECTA</strong></span> <span class='ocrx_word' id='word_1_3' title='bbox 1489 337 1554 394; x_wconf 84' lang='lat' dir='ltr'><strong>IN</strong></span> <span class='ocrx_word' id='word_1_4' title='bbox 1592 332 1933 394; x_wconf 82' lang='lat' dir='ltr'><strong>PSALMOS.</strong></span> <span class='ocrx_word' id='word_1_5' title='bbox 1976 368 2046 377; x_wconf 94' lang='lat'><strong><em>—</em></strong></span> <span class='ocrx_word' id='word_1_6' title='bbox 2085 338 2282 394; x_wconf 81' lang='lat' dir='ltr'><strong>PSAL.</strong></span> <span class='ocrx_word' id='word_1_7' title='bbox 2325 337 2511 395; x_wconf 74' lang='lat' dir='ltr'><strong>LXXI.</strong></span> 
     </span>
    </p>
   </div>
   <div class='ocr_carea' id='block_1_3' title="bbox 3353 335 3490 393">
    <p class='ocr_par' dir='ltr' id='par_1_3' title="bbox 3353 335 3490 393">
     <span class='ocr_line' id='line_1_3' title="bbox 3353 335 3490 393; baseline 0.015 -2"><span class='ocrx_word' id='word_1_8' title='bbox 3353 335 3373 391; x_wconf 86' lang='grc'><strong>1</strong></span> <span class='ocrx_word' id='word_1_9' title='bbox 3384 337 3490 393; x_wconf 69' lang='lat'><strong>592</strong></span> 
     </span>
    </p>
   </div>
   <div class='ocr_carea' id='block_1_4' title="bbox 303 458 1792 537">
    <p class='ocr_par' dir='ltr' id='par_1_4' title="bbox 303 460 1792 537">
     <span class='ocr_line' id='line_1_4' title="bbox 303 460 1792 537; baseline -0.003 -18"><span class='ocrx_word' id='word_1_10' title='bbox 303 464 367 518; x_wconf 90' lang='lat'><strong>&#39;0</strong></span> <span class='ocrx_word' id='word_1_11' title='bbox 388 464 551 533; x_wconf 81' lang='grc' dir='ltr'>Θεὸς,</span> <span class='ocrx_word' id='word_1_12' title='bbox 571 464 657 536; x_wconf 82' lang='grc' dir='ltr'>μὴ</span> <span class='ocrx_word' id='word_1_13' title='bbox 686 466 999 537; x_wconf 78' lang='grc' dir='ltr'>μακρύνῃς</span> <span class='ocrx_word' id='word_1_14' title='bbox 1022 464 1123 521; x_wconf 79' lang='grc' dir='ltr'><strong>ἀπ’</strong></span> <span class='ocrx_word' id='word_1_15' title='bbox 1147 464 1314 536; x_wconf 81' lang='grc' dir='ltr'>ἐμοῦ,</span> <span class='ocrx_word' id='word_1_16' title='bbox 1341 484 1394 519; x_wconf 90' lang='grc' dir='ltr'><strong>κ.</strong></span> <span class='ocrx_word' id='word_1_17' title='bbox 1422 482 1473 518; x_wconf 89' lang='grc' dir='ltr'><strong>τ.</strong></span> <span class='ocrx_word' id='word_1_18' title='bbox 1506 464 1554 517; x_wconf 80' lang='grc' dir='ltr'><strong>ἐ.</strong></span> <span class='ocrx_word' id='word_1_19' title='bbox 1578 460 1792 525; x_wconf 75' lang='grc' dir='ltr'>Τὸ,‹Μ1</span> 
     </span>
    </p>
   </div>
   <div class='ocr_carea' id='block_1_5' title="bbox 1925 458 3489 537">
    <p class='ocr_par' dir='ltr' id='par_1_5' title="bbox 1988 458 3489 532">
     <span class='ocr_line' id='line_1_5' title="bbox 1988 458 3489 532; baseline 0.001 -17"><span class='ocrx_word' id='word_1_20' title='bbox 1988 462 2165 517; x_wconf 57' lang='lat' dir='ltr'><strong>Vens.</strong></span> <span class='ocrx_word' id='word_1_21' title='bbox 2184 462 2270 518; x_wconf 71' lang='grc'>12.</span> <span class='ocrx_word' id='word_1_22' title='bbox 2300 461 2460 526; x_wconf 78' lang='lat' dir='ltr'><strong>Deus,</strong></span> <span class='ocrx_word' id='word_1_23' title='bbox 2494 477 2556 517; x_wconf 85' lang='lat' dir='ltr'><strong>ne</strong></span> <span class='ocrx_word' id='word_1_24' title='bbox 2579 460 2836 532; x_wconf 80' lang='lat' dir='ltr'><strong>elongeris</strong></span> <span class='ocrx_word' id='word_1_25' title='bbox 2868 478 2898 514; x_wconf 88' lang='lat' dir='ltr'><strong>a</strong></span> <span class='ocrx_word' id='word_1_26' title='bbox 2927 476 3031 525; x_wconf 83' lang='lat' dir='ltr'><strong>me,</strong></span> <span class='ocrx_word' id='word_1_27' title='bbox 3064 466 3170 517; x_wconf 90' lang='lat' dir='ltr'><strong>etc.</strong></span> <span class='ocrx_word' id='word_1_28' title='bbox 3195 479 3215 512; x_wconf 77' lang='grc' dir='ltr'><strong>ι</strong></span> <span class='ocrx_word' id='word_1_29' title='bbox 3240 458 3317 517; x_wconf 81' lang='lat' dir='ltr'><strong>Ne</strong></span> <span class='ocrx_word' id='word_1_30' title='bbox 3334 459 3489 517; x_wconf 87' lang='lat' dir='ltr'><strong>elon-</strong></span> 
     </span>
    </p>
   </div>
   <div class='ocr_carea' id='block_1_6' title="bbox 224 554 1800 631">
    <p class='ocr_par' dir='ltr' id='par_1_6' title="bbox 224 554 1800 631">
     <span class='ocr_line' id='line_1_6' title="bbox 224 554 1800 631; baseline -0.002 -20"><span class='ocrx_word' id='word_1_31' title='bbox 224 557 654 630; x_wconf 71' lang='grc' dir='ltr'>μακρύνῃςμιί),</span> <span class='ocrx_word' id='word_1_32' title='bbox 684 578 703 611; x_wconf 78' lang='lat' dir='ltr'><strong>s</strong></span> <span class='ocrx_word' id='word_1_33' title='bbox 729 560 847 613; x_wconf 78' lang='grc' dir='ltr'>ἀντὶ</span> <span class='ocrx_word' id='word_1_34' title='bbox 874 558 989 625; x_wconf 86' lang='grc' dir='ltr'>τοῦ,</span> <span class='ocrx_word' id='word_1_35' title='bbox 1017 557 1109 629; x_wconf 83' lang='grc' dir='ltr'><strong>Μὴ</strong></span> <span class='ocrx_word' id='word_1_36' title='bbox 1131 557 1349 631; x_wconf 82' lang='grc' dir='ltr'>μακρὰν</span> <span class='ocrx_word' id='word_1_37' title='bbox 1368 557 1501 629; x_wconf 80' lang='grc' dir='ltr'>γένῃ</span> <span class='ocrx_word' id='word_1_38' title='bbox 1528 557 1621 610; x_wconf 85' lang='grc' dir='ltr'>ἀπ’</span> <span class='ocrx_word' id='word_1_39' title='bbox 1645 554 1800 627; x_wconf 87' lang='grc' dir='ltr'>ἐμοῦ.</span> 
     </span>
    </p>
   </div>
   <div class='ocr_carea' id='block_1_7' title="bbox 295 648 1804 724">
    <p class='ocr_par' dir='ltr' id='par_1_7' title="bbox 295 648 1804 724">
     <span class='ocr_line' id='line_1_7' title="bbox 295 648 1804 724; baseline -0.002 -20"><span class='ocrx_word' id='word_1_40' title='bbox 295 650 405 706; x_wconf 83' lang='grc' dir='ltr'>Τοῦ</span> <span class='ocrx_word' id='word_1_41' title='bbox 435 651 645 706; x_wconf 80' lang='grc' dir='ltr'>αὑτοῦ.</span> <span class='ocrx_word' id='word_1_42' title='bbox 678 652 908 724; x_wconf 78' lang='grc' dir='ltr'>Μακρὰν</span> <span class='ocrx_word' id='word_1_43' title='bbox 942 651 1050 705; x_wconf 83' lang='grc' dir='ltr'><strong>ἀπὸ</strong></span> <span class='ocrx_word' id='word_1_44' title='bbox 1090 649 1381 722; x_wconf 81' lang='grc' dir='ltr'>ἀνθρώπου</span> <span class='ocrx_word' id='word_1_45' title='bbox 1418 650 1529 723; x_wconf 68' lang='grc'>(45)</span> <span class='ocrx_word' id='word_1_46' title='bbox 1592 648 1804 719; x_wconf 85' lang='grc' dir='ltr'>γίνεται</span> 
     </span>
    </p>
   </div>
   <div class='ocr_carea' id='block_1_8' title="bbox 216 742 1803 816">
    <p class='ocr_par' dir='ltr' id='par_1_8' title="bbox 216 742 1803 816">
     <span class='ocr_line' id='line_1_8' title="bbox 216 742 1803 816; baseline -0.001 -21"><span class='ocrx_word' id='word_1_47' title='bbox 216 743 248 795; x_wconf 86' lang='grc' dir='ltr'>ὁ</span> <span class='ocrx_word' id='word_1_48' title='bbox 271 742 424 806; x_wconf 79' lang='grc' dir='ltr'>Θεὸς,</span> <span class='ocrx_word' id='word_1_49' title='bbox 457 743 517 796; x_wconf 82' lang='grc' dir='ltr'><strong>οὐ</strong></span> <span class='ocrx_word' id='word_1_50' title='bbox 544 743 686 797; x_wconf 84' lang='grc' dir='ltr'>κατᾶ</span> <span class='ocrx_word' id='word_1_51' title='bbox 718 745 815 816; x_wconf 78' lang='grc' dir='ltr'>τὴν</span> <span class='ocrx_word' id='word_1_52' title='bbox 843 744 1050 799; x_wconf 79' lang='grc' dir='ltr'>οὐσίαν·</span> <span class='ocrx_word' id='word_1_53' title='bbox 1085 742 1383 815; x_wconf 79' lang='grc' dir='ltr'><strong>(πανταχοῦ</strong></span> <span class='ocrx_word' id='word_1_54' title='bbox 1416 744 1526 815; x_wconf 84' lang='grc' dir='ltr'><strong>γὰρ</strong></span> <span class='ocrx_word' id='word_1_55' title='bbox 1571 743 1803 815; x_wconf 89' lang='grc' dir='ltr'>πάρεστι</span> 
     </span>
    </p>
   </div>
   <div class='ocr_carea' id='block_1_9' title="bbox 217 835 1804 909">
    <p class='ocr_par' dir='ltr' id='par_1_9' title="bbox 217 835 1804 909">
     <span class='ocr_line' id='line_1_9' title="bbox 217 835 1804 909; baseline 0.001 -21"><span class='ocrx_word' id='word_1_56' title='bbox 217 835 313 888; x_wconf 79' lang='grc' dir='ltr'><strong>καὶ</strong></span> <span class='ocrx_word' id='word_1_57' title='bbox 342 835 411 889; x_wconf 76' lang='grc' dir='ltr'>τὰ</span> <span class='ocrx_word' id='word_1_58' title='bbox 443 835 620 890; x_wconf 87' lang='grc' dir='ltr'>πάντα</span> <span class='ocrx_word' id='word_1_59' title='bbox 649 836 896 909; x_wconf 80' lang='grc' dir='ltr'>πληροῖ·)</span> <span class='ocrx_word' id='word_1_60' title='bbox 924 837 1059 893; x_wconf 83' lang='grc' dir='ltr'><strong>ἀλλά</strong></span> <span class='ocrx_word' id='word_1_61' title='bbox 1089 837 1228 892; x_wconf 87' lang='grc' dir='ltr'><strong>κατά</strong></span> <span class='ocrx_word' id='word_1_62' title='bbox 1273 838 1373 909; x_wconf 79' lang='grc' dir='ltr'><strong>τὴν</strong></span> <span class='ocrx_word' id='word_1_63' title='bbox 1415 837 1516 907; x_wconf 82' lang='grc' dir='ltr'>τῆς</span> <span class='ocrx_word' id='word_1_64' title='bbox 1543 835 1804 907; x_wconf 86' lang='grc' dir='ltr'>προνοίας</span> 
     </span>
    </p>
   </div>
   <div class='ocr_carea' id='block_1_10' title="bbox 218 927 1804 1001">
    <p class='ocr_par' dir='ltr' id='par_1_10' title="bbox 218 927 1804 1001">
     <span class='ocr_line' id='line_1_10' title="bbox 218 927 1804 1001; baseline 0.001 -21"><span class='ocrx_word' id='word_1_65' title='bbox 218 927 312 980; x_wconf 77' lang='grc' dir='ltr'><strong>καὶ</strong></span> <span class='ocrx_word' id='word_1_66' title='bbox 338 928 436 999; x_wconf 78' lang='grc' dir='ltr'><strong>τὴν</strong></span> <span class='ocrx_word' id='word_1_67' title='bbox 465 928 564 999; x_wconf 85' lang='grc' dir='ltr'><strong>τῆς</strong></span> <span class='ocrx_word' id='word_1_68' title='bbox 606 928 855 1001; x_wconf 80' lang='grc' dir='ltr'><strong>βοηθείας</strong></span> <span class='ocrx_word' id='word_1_69' title='bbox 884 930 1181 1001; x_wconf 77' lang='grc' dir='ltr'>ἐνέργειαν.</span> <span class='ocrx_word' id='word_1_70' title='bbox 1219 928 1527 1001; x_wconf 76' lang='grc' dir='ltr'>Χωρίζεται</span> <span class='ocrx_word' id='word_1_71' title='bbox 1560 928 1617 982; x_wconf 84' lang='grc' dir='ltr'><strong>δὲ</strong></span> <span class='ocrx_word' id='word_1_72' title='bbox 1647 928 1804 1000; x_wconf 81' lang='grc' dir='ltr'>ἡμῶν</span> 
     </span>
    </p>
   </div>
   <div class='ocr_carea' id='block_1_11' title="bbox 215 1018 1802 1094">
    <p class='ocr_par' dir='ltr' id='par_1_11' title="bbox 215 1018 1802 1094">
     <span class='ocr_line' id='line_1_11' title="bbox 215 1018 1802 1094; baseline 0.002 -22"><span class='ocrx_word' id='word_1_73' title='bbox 215 1018 303 1072; x_wconf 78' lang='grc' dir='ltr'><strong>διὰ</strong></span> <span class='ocrx_word' id='word_1_74' title='bbox 331 1020 394 1072; x_wconf 84' lang='grc' dir='ltr'><strong>τὸ</strong></span> <span class='ocrx_word' id='word_1_75' title='bbox 420 1020 657 1084; x_wconf 81' lang='grc' dir='ltr'><strong>δυσῶδες</strong></span> <span class='ocrx_word' id='word_1_76' title='bbox 683 1020 803 1075; x_wconf 84' lang='grc' dir='ltr'><strong>τῶν</strong></span> <span class='ocrx_word' id='word_1_77' title='bbox 822 1022 1107 1094; x_wconf 82' lang='grc' dir='ltr'><strong>ἡμετέρων</strong></span> <span class='ocrx_word' id='word_1_78' title='bbox 1152 1021 1589 1094; x_wconf 83' lang='grc' dir='ltr'><strong>ἁμαρτημάτων,</strong></span> <span class='ocrx_word' id='word_1_79' title='bbox 1620 1020 1802 1087; x_wconf 86' lang='grc' dir='ltr'>καθώς</span> 
     </span>
    </p>
   </div>
   <div class='ocr_carea' id='block_1_12' title="bbox 216 1113 1805 1187">
    <p class='ocr_par' dir='ltr' id='par_1_12' title="bbox 216 1113 1805 1187">
     <span class='ocr_line' id='line_1_12' title="bbox 216 1113 1805 1187; baseline 0.002 -23"><span class='ocrx_word' id='word_1_80' title='bbox 216 1129 349 1182; x_wconf 87' lang='grc' dir='ltr'>φησι</span> <span class='ocrx_word' id='word_1_81' title='bbox 378 1114 662 1185; x_wconf 83' lang='grc' dir='ltr'>προφήτης</span> <span class='ocrx_word' id='word_1_82' title='bbox 680 1113 883 1186; x_wconf 75' lang='grc' dir='ltr'>ἔτερος·</span> <span class='ocrx_word' id='word_1_83' title='bbox 915 1134 933 1167; x_wconf 79' lang='grc' dir='ltr'><strong>ι</strong></span> <span class='ocrx_word' id='word_1_84' title='bbox 956 1115 1021 1167; x_wconf 77' lang='grc' dir='ltr'><strong>Αἱ</strong></span> <span class='ocrx_word' id='word_1_85' title='bbox 1051 1116 1316 1187; x_wconf 82' lang='grc' dir='ltr'>ἁμαρτίαι</span> <span class='ocrx_word' id='word_1_86' title='bbox 1350 1114 1502 1187; x_wconf 83' lang='grc' dir='ltr'>ὑμῶν</span> <span class='ocrx_word' id='word_1_87' title='bbox 1532 1114 1805 1169; x_wconf 81' lang='grc' dir='ltr'>διῖστῶσιν</span> 
     </span>
    </p>
   </div>
   <div class='ocr_carea' id='block_1_13' title="bbox 214 1202 1057 1278">
    <p class='ocr_par' dir='ltr' id='par_1_13' title="bbox 214 1202 1057 1278">
     <span class='ocr_line' id='line_1_13' title="bbox 214 1202 1057 1278; baseline 0.004 -22"><span class='ocrx_word' id='word_1_88' title='bbox 214 1202 321 1257; x_wconf 83' lang='grc' dir='ltr'><strong>άνά</strong></span> <span class='ocrx_word' id='word_1_89' title='bbox 358 1203 520 1274; x_wconf 78' lang='grc' dir='ltr'>μέσον</span> <span class='ocrx_word' id='word_1_90' title='bbox 548 1205 682 1276; x_wconf 86' lang='grc' dir='ltr'>ἐμοῦ</span> <span class='ocrx_word' id='word_1_91' title='bbox 712 1206 807 1260; x_wconf 77' lang='grc' dir='ltr'><strong>καὶ</strong></span> <span class='ocrx_word' id='word_1_92' title='bbox 836 1205 1010 1278; x_wconf 82' lang='grc' dir='ltr'>ὑμῶν.</span> <span class='ocrx_word' id='word_1_93' title='bbox 1039 1227 1057 1259; x_wconf 71' lang='grc' dir='ltr'><strong>ι</strong></span> 
     </span>
    </p>
   </div>
   <div class='ocr_carea' id='block_1_14' title="bbox 284 1297 1803 1369">
    <p class='ocr_par' dir='ltr' id='par_1_14' title="bbox 284 1297 1803 1369">
     <span class='ocr_line' id='line_1_14' title="bbox 284 1297 1803 1369; baseline 0.003 -20"><span class='ocrx_word' id='word_1_94' title='bbox 284 1297 822 1365; x_wconf 77' lang='grc' dir='ltr'>Περιϐαλέσθωσαν</span> <span class='ocrx_word' id='word_1_95' title='bbox 877 1301 1181 1369; x_wconf 74' lang='grc' dir='ltr'><strong>αἰσχύνην</strong></span> <span class='ocrx_word' id='word_1_96' title='bbox 1240 1300 1337 1354; x_wconf 79' lang='grc' dir='ltr'>καὶ</span> <span class='ocrx_word' id='word_1_97' title='bbox 1397 1298 1698 1367; x_wconf 75' lang='grc' dir='ltr'>ἐντροπὴν</span> <span class='ocrx_word' id='word_1_98' title='bbox 1750 1302 1803 1353; x_wconf 78' lang='grc' dir='ltr'>οἱ</span> 
     </span>
    </p>
   </div>
   <div class='ocr_carea' id='block_1_15' title="bbox 215 1386 1803 1464">
    <p class='ocr_par' dir='ltr' id='par_1_15' title="bbox 215 1386 1803 1464">
     <span class='ocr_line' id='line_1_15' title="bbox 215 1386 1803 1464; baseline 0.003 -22"><span class='ocrx_word' id='word_1_99' title='bbox 215 1386 530 1457; x_wconf 79' lang='grc' dir='ltr'>ζητοῦντές</span> <span class='ocrx_word' id='word_1_100' title='bbox 550 1408 653 1460; x_wconf 80' lang='grc' dir='ltr'><strong>μοι</strong></span> <span class='ocrx_word' id='word_1_101' title='bbox 682 1391 855 1457; x_wconf 83' lang='grc' dir='ltr'>κακὰ,</span> <span class='ocrx_word' id='word_1_102' title='bbox 890 1410 943 1447; x_wconf 82' lang='grc' dir='ltr'><strong>κ.</strong></span> <span class='ocrx_word' id='word_1_103' title='bbox 979 1412 1028 1447; x_wconf 87' lang='grc' dir='ltr'>τ.</span> <span class='ocrx_word' id='word_1_104' title='bbox 1066 1395 1112 1446; x_wconf 84' lang='grc' dir='ltr'>ὲ.</span> <span class='ocrx_word' id='word_1_105' title='bbox 1150 1393 1244 1460; x_wconf 82' lang='grc' dir='ltr'>Τὸ,</span> <span class='ocrx_word' id='word_1_106' title='bbox 1279 1412 1296 1445; x_wconf 75' lang='grc' dir='ltr'><strong>ι</strong></span> <span class='ocrx_word' id='word_1_107' title='bbox 1329 1395 1498 1463; x_wconf 75' lang='grc' dir='ltr'>’Ἄφες</span> <span class='ocrx_word' id='word_1_108' title='bbox 1524 1390 1803 1464; x_wconf 76' lang='grc' dir='ltr'><strong>αὐτῷ(46)</strong></span> 
     </span>
    </p>
   </div>
   <div class='ocr_carea' id='block_1_16' title="bbox 214 1483 1803 1559">
    <p class='ocr_par' dir='ltr' id='par_1_16' title="bbox 214 1483 1803 1559">
     <span class='ocr_line' id='line_1_16' title="bbox 214 1483 1803 1559; baseline 0.001 -23"><span class='ocrx_word' id='word_1_109' title='bbox 214 1483 273 1536; x_wconf 77' lang='grc' dir='ltr'><strong>τὸ</strong></span> <span class='ocrx_word' id='word_1_110' title='bbox 308 1485 540 1555; x_wconf 87' lang='grc' dir='ltr'>ἱμάτιον,</span> <span class='ocrx_word' id='word_1_111' title='bbox 569 1505 586 1537; x_wconf 74' lang='grc' dir='ltr'><strong>ι</strong></span> <span class='ocrx_word' id='word_1_112' title='bbox 624 1484 847 1540; x_wconf 84' lang='grc' dir='ltr'>δύναται</span> <span class='ocrx_word' id='word_1_113' title='bbox 881 1487 1251 1559; x_wconf 77' lang='grc' dir='ltr'>ἀναφέρεσθαι</span> <span class='ocrx_word' id='word_1_114' title='bbox 1283 1488 1374 1541; x_wconf 78' lang='grc' dir='ltr'>ἐπὶ</span> <span class='ocrx_word' id='word_1_115' title='bbox 1408 1488 1508 1559; x_wconf 83' lang='grc' dir='ltr'>τὴν</span> <span class='ocrx_word' id='word_1_116' title='bbox 1541 1485 1803 1557; x_wconf 83' lang='grc' dir='ltr'>αἰσχύνην</span> 
     </span>
    </p>
   </div>
   <div class='ocr_carea' id='block_1_17' title="bbox 213 1576 1445 1653">
    <p class='ocr_par' dir='ltr' id='par_1_17' title="bbox 213 1576 1445 1653">
     <span class='ocr_line' id='line_1_17' title="bbox 213 1576 1445 1653; baseline 0.006 -24"><span class='ocrx_word' id='word_1_117' title='bbox 213 1576 308 1630; x_wconf 79' lang='grc' dir='ltr'><strong>καὶ</strong></span> <span class='ocrx_word' id='word_1_118' title='bbox 340 1578 627 1651; x_wconf 77' lang='grc' dir='ltr'>ἐντροπὴν,</span> <span class='ocrx_word' id='word_1_119' title='bbox 660 1580 727 1644; x_wconf 78' lang='grc' dir='ltr'><strong>ἃς</strong></span> <span class='ocrx_word' id='word_1_120' title='bbox 759 1581 1142 1653; x_wconf 83' lang='grc' dir='ltr'>περιὸἁλλεται</span> <span class='ocrx_word' id='word_1_121' title='bbox 1169 1583 1197 1635; x_wconf 83' lang='grc' dir='ltr'>ὁ</span> <span class='ocrx_word' id='word_1_122' title='bbox 1220 1582 1445 1636; x_wconf 87' lang='grc' dir='ltr'>τοιόσδε.</span> 
     </span>
    </p>
   </div>
   <div class='ocr_carea' id='block_1_18' title="bbox 295 1668 1797 1744">
    <p class='ocr_par' dir='ltr' id='par_1_18' title="bbox 295 1668 1797 1744">
     <span class='ocr_line' id='line_1_18' title="bbox 295 1668 1797 1744; baseline 0.003 -22"><span class='ocrx_word' id='word_1_123' title='bbox 295 1668 444 1738; x_wconf 80' lang='grc' dir='ltr'>Ἐγὼ</span> <span class='ocrx_word' id='word_1_124' title='bbox 473 1668 541 1723; x_wconf 84' lang='grc' dir='ltr'><strong>δὲ</strong></span> <span class='ocrx_word' id='word_1_125' title='bbox 568 1670 664 1725; x_wconf 83' lang='grc' dir='ltr'><strong>διὰ</strong></span> <span class='ocrx_word' id='word_1_126' title='bbox 692 1673 921 1741; x_wconf 80' lang='grc' dir='ltr'>παντὸς</span> <span class='ocrx_word' id='word_1_127' title='bbox 960 1673 1168 1740; x_wconf 74' lang='grc' dir='ltr'>ἐλπιῶ,</span> <span class='ocrx_word' id='word_1_128' title='bbox 1201 1675 1299 1728; x_wconf 80' lang='grc' dir='ltr'>καὶ</span> <span class='ocrx_word' id='word_1_129' title='bbox 1334 1674 1662 1744; x_wconf 75' lang='grc' dir='ltr'>προσθήσω</span> <span class='ocrx_word' id='word_1_130' title='bbox 1701 1673 1797 1727; x_wconf 76' lang='grc' dir='ltr'><strong>ἐπὶ</strong></span> 
     </span>
    </p>
   </div>
   <div class='ocr_carea' id='block_1_19' title="bbox 211 1762 1797 1840">
    <p class='ocr_par' dir='ltr' id='par_1_19' title="bbox 211 1762 1797 1840">
     <span class='ocr_line' id='line_1_19' title="bbox 211 1762 1797 1840; baseline 0.003 -24"><span class='ocrx_word' id='word_1_131' title='bbox 211 1762 417 1817; x_wconf 77' lang='grc' dir='ltr'>πᾶσαν</span> <span class='ocrx_word' id='word_1_132' title='bbox 437 1763 553 1833; x_wconf 80' lang='grc' dir='ltr'>τὴν</span> <span class='ocrx_word' id='word_1_133' title='bbox 572 1765 813 1821; x_wconf 82' lang='grc' dir='ltr'>αἷνεσίν</span> <span class='ocrx_word' id='word_1_134' title='bbox 835 1780 973 1831; x_wconf 87' lang='grc' dir='ltr'>σου,</span> <span class='ocrx_word' id='word_1_135' title='bbox 997 1786 1052 1822; x_wconf 89' lang='grc' dir='ltr'><strong>κ.</strong></span> <span class='ocrx_word' id='word_1_136' title='bbox 1069 1784 1119 1821; x_wconf 87' lang='grc' dir='ltr'><strong>τ.</strong></span> <span class='ocrx_word' id='word_1_137' title='bbox 1144 1770 1190 1822; x_wconf 88' lang='grc' dir='ltr'><strong>ἐ.</strong></span> <span class='ocrx_word' id='word_1_138' title='bbox 1214 1767 1414 1821; x_wconf 77' lang='grc' dir='ltr'>Πολλαὶ</span> <span class='ocrx_word' id='word_1_139' title='bbox 1435 1767 1671 1832; x_wconf 81' lang='grc' dir='ltr'>αίνέσεις</span> <span class='ocrx_word' id='word_1_140' title='bbox 1686 1766 1797 1840; x_wconf 74' lang='grc'>(47)</span> 
     </span>
    </p>
   </div>
   <div class='ocr_carea' id='block_1_20' title="bbox 209 1854 1798 1932">
    <p class='ocr_par' dir='ltr' id='par_1_20' title="bbox 209 1854 1798 1932">
     <span class='ocr_line' id='line_1_20' title="bbox 209 1854 1798 1932; baseline 0.006 -25"><span class='ocrx_word' id='word_1_141' title='bbox 209 1854 455 1927; x_wconf 79' lang='grc' dir='ltr'>εἴρηνται</span> <span class='ocrx_word' id='word_1_142' title='bbox 488 1856 580 1910; x_wconf 89' lang='grc' dir='ltr'><strong>τοῦ</strong></span> <span class='ocrx_word' id='word_1_143' title='bbox 604 1856 737 1911; x_wconf 83' lang='grc' dir='ltr'>Θεοῦ</span> <span class='ocrx_word' id='word_1_144' title='bbox 763 1860 819 1912; x_wconf 77' lang='grc' dir='ltr'><strong>ἐν</strong></span> <span class='ocrx_word' id='word_1_145' title='bbox 840 1859 989 1931; x_wconf 82' lang='grc' dir='ltr'>νόμῳ</span> <span class='ocrx_word' id='word_1_146' title='bbox 1011 1862 1106 1913; x_wconf 76' lang='grc' dir='ltr'><strong>καὶ</strong></span> <span class='ocrx_word' id='word_1_147' title='bbox 1128 1862 1454 1932; x_wconf 79' lang='grc' dir='ltr'>προφήταις,</span> <span class='ocrx_word' id='word_1_148' title='bbox 1471 1856 1557 1925; x_wconf 77' lang='grc' dir='ltr'>αἶς</span> <span class='ocrx_word' id='word_1_149' title='bbox 1578 1862 1798 1932; x_wconf 87' lang='grc' dir='ltr'>προστί-</span> 
     </span>
    </p>
   </div>
   <div class='ocr_carea' id='block_1_21' title="bbox 211 1946 1798 2024">
    <p class='ocr_par' dir='ltr' id='par_1_21' title="bbox 211 1946 1798 2024">
     <span class='ocr_line' id='line_1_21' title="bbox 211 1946 1798 2024; baseline 0.004 -23"><span class='ocrx_word' id='word_1_150' title='bbox 211 1946 369 2020; x_wconf 90' lang='grc' dir='ltr'>θησιν</span> <span class='ocrx_word' id='word_1_151' title='bbox 396 1950 628 2006; x_wconf 72' lang='grc' dir='ltr'>ὁεξπώψ</span> <span class='ocrx_word' id='word_1_152' title='bbox 655 1972 671 2003; x_wconf 79' lang='grc' dir='ltr'><strong>ι</strong></span> <span class='ocrx_word' id='word_1_153' title='bbox 696 1952 809 2005; x_wconf 82' lang='grc' dir='ltr'><strong>υύκ</strong></span> <span class='ocrx_word' id='word_1_154' title='bbox 833 1949 996 2023; x_wconf 79' lang='grc' dir='ltr'>ἦλθον</span> <span class='ocrx_word' id='word_1_155' title='bbox 1017 1952 1318 2007; x_wconf 84' lang='grc' dir='ltr'>καταλῦσαι</span> <span class='ocrx_word' id='word_1_156' title='bbox 1340 1954 1429 2006; x_wconf 78' lang='grc' dir='ltr'><strong>τὸν</strong></span> <span class='ocrx_word' id='word_1_157' title='bbox 1446 1953 1607 2024; x_wconf 88' lang='grc' dir='ltr'>νόμον</span> <span class='ocrx_word' id='word_1_158' title='bbox 1629 1954 1798 2020; x_wconf 81' lang='grc' dir='ltr'>ἢτοῦς</span> 
     </span>
    </p>
   </div>
   <div class='ocr_carea' id='block_1_22' title="bbox 209 2044 1797 2118">
    <p class='ocr_par' dir='ltr' id='par_1_22' title="bbox 209 2044 1797 2118">
     <span class='ocr_line' id='line_1_22' title="bbox 209 2044 1797 2118; baseline 0.003 -23"><span class='ocrx_word' id='word_1_159' title='bbox 209 2044 518 2114; x_wconf 78' lang='grc' dir='ltr'>προφήτας,</span> <span class='ocrx_word' id='word_1_160' title='bbox 572 2044 711 2099; x_wconf 83' lang='grc' dir='ltr'>ἀλλὰ</span> <span class='ocrx_word' id='word_1_161' title='bbox 762 2045 1071 2118; x_wconf 83' lang='grc' dir='ltr'>πληρῶσαι,</span> <span class='ocrx_word' id='word_1_162' title='bbox 1102 2065 1120 2098; x_wconf 74' lang='grc' dir='ltr'><strong>ι</strong></span> <span class='ocrx_word' id='word_1_163' title='bbox 1172 2046 1246 2110; x_wconf 84' lang='grc' dir='ltr'>ὡς</span> <span class='ocrx_word' id='word_1_164' title='bbox 1305 2046 1528 2118; x_wconf 86' lang='grc' dir='ltr'>ἀρέσκει</span> <span class='ocrx_word' id='word_1_165' title='bbox 1582 2049 1647 2117; x_wconf 77' lang='grc' dir='ltr'>τῇ</span> <span class='ocrx_word' id='word_1_166' title='bbox 1703 2045 1797 2100; x_wconf 88' lang='grc' dir='ltr'><strong>τοῦ</strong></span> 
     </span>
    </p>
   </div>
   <div class='ocr_carea' id='block_1_23' title="bbox 208 2134 1563 2209">
    <p class='ocr_par' dir='ltr' id='par_1_23' title="bbox 208 2134 1563 2209">
     <span class='ocr_line' id='line_1_23' title="bbox 208 2134 1563 2209; baseline 0.004 -22"><span class='ocrx_word' id='word_1_167' title='bbox 208 2134 446 2206; x_wconf 81' lang='grc' dir='ltr'>Χριστοῦ</span> <span class='ocrx_word' id='word_1_168' title='bbox 479 2137 753 2209; x_wconf 75' lang='grc' dir='ltr'>ἐπωνύμῳ</span> <span class='ocrx_word' id='word_1_169' title='bbox 799 2137 1120 2209; x_wconf 73' lang='grc' dir='ltr'>Ἐκκλησία.</span> <span class='ocrx_word' id='word_1_170' title='bbox 1562 2136 1563 2139; x_wconf 45' lang='grc'><em>“</em></span> 
     </span>
    </p>
   </div>
   <div class='ocr_carea' id='block_1_24' title="bbox 282 2225 1799 2300">
    <p class='ocr_par' dir='ltr' id='par_1_24' title="bbox 282 2225 1799 2300">
     <span class='ocr_line' id='line_1_24' title="bbox 282 2225 1799 2300; baseline 0.002 -22"><span class='ocrx_word' id='word_1_171' title='bbox 282 2225 410 2279; x_wconf 78' lang='grc' dir='ltr'>Ὀτι</span> <span class='ocrx_word' id='word_1_172' title='bbox 461 2229 575 2281; x_wconf 83' lang='grc' dir='ltr'>οὐκ</span> <span class='ocrx_word' id='word_1_173' title='bbox 625 2229 816 2299; x_wconf 72' lang='grc' dir='ltr'>ἔγνων</span> <span class='ocrx_word' id='word_1_174' title='bbox 870 2229 1286 2300; x_wconf 63' lang='grc' dir='ltr'>πραμματείας,</span> <span class='ocrx_word' id='word_1_175' title='bbox 1323 2247 1373 2283; x_wconf 91' lang='grc' dir='ltr'><strong>κ.</strong></span> <span class='ocrx_word' id='word_1_176' title='bbox 1403 2246 1452 2283; x_wconf 89' lang='grc' dir='ltr'><strong>τ.</strong></span> <span class='ocrx_word' id='word_1_177' title='bbox 1509 2231 1555 2283; x_wconf 86' lang='grc' dir='ltr'>ὲ.</span> <span class='ocrx_word' id='word_1_178' title='bbox 1588 2230 1650 2283; x_wconf 80' lang='lat' dir='ltr'><strong>Et</strong></span> <span class='ocrx_word' id='word_1_179' title='bbox 1683 2229 1799 2283; x_wconf 80' lang='grc' dir='ltr'>ἔστι</span> 
     </span>
    </p>
   </div>
   <div class='ocr_carea' id='block_1_25' title="bbox 206 2317 1794 2393">
    <p class='ocr_par' dir='ltr' id='par_1_25' title="bbox 206 2317 1794 2393">
     <span class='ocr_line' id='line_1_25' title="bbox 206 2317 1794 2393; baseline 0.004 -22"><span class='ocrx_word' id='word_1_180' title='bbox 206 2317 441 2390; x_wconf 84' lang='grc' dir='ltr'>γράμμα</span> <span class='ocrx_word' id='word_1_181' title='bbox 464 2318 576 2391; x_wconf 67' lang='grc'>(18)</span> <span class='ocrx_word' id='word_1_182' title='bbox 623 2322 721 2392; x_wconf 84' lang='grc' dir='ltr'>μὲν</span> <span class='ocrx_word' id='word_1_183' title='bbox 750 2323 1090 2385; x_wconf 84' lang='grc' dir='ltr'>άποκτεῖνον,</span> <span class='ocrx_word' id='word_1_184' title='bbox 1127 2322 1343 2393; x_wconf 75' lang='grc' dir='ltr'>πνεῦμα</span> <span class='ocrx_word' id='word_1_185' title='bbox 1374 2322 1431 2376; x_wconf 85' lang='grc' dir='ltr'>δὲ</span> <span class='ocrx_word' id='word_1_186' title='bbox 1478 2322 1794 2388; x_wconf 80' lang='grc' dir='ltr'>ζωοποιοῦν,</span> 
     </span>
    </p>
   </div>
   <div class='ocr_carea' id='block_1_26' title="bbox 204 2412 1797 2487">
    <p class='ocr_par' dir='ltr' id='par_1_26' title="bbox 204 2412 1797 2487">
     <span class='ocr_line' id='line_1_26' title="bbox 204 2412 1797 2487; baseline 0.004 -23"><span class='ocrx_word' id='word_1_187' title='bbox 204 2412 267 2464; x_wconf 78' lang='grc' dir='ltr'><strong>τὸ</strong></span> <span class='ocrx_word' id='word_1_188' title='bbox 294 2412 391 2483; x_wconf 82' lang='grc' dir='ltr'><strong>μὲν</strong></span> <span class='ocrx_word' id='word_1_189' title='bbox 420 2412 749 2485; x_wconf 82' lang='grc' dir='ltr'>παρώνυμον</span> <span class='ocrx_word' id='word_1_190' title='bbox 774 2414 869 2469; x_wconf 89' lang='grc' dir='ltr'><strong>τοῦ</strong></span> <span class='ocrx_word' id='word_1_191' title='bbox 898 2416 1224 2487; x_wconf 86' lang='grc' dir='ltr'>γράμματος</span> <span class='ocrx_word' id='word_1_192' title='bbox 1252 2417 1350 2469; x_wconf 81' lang='grc' dir='ltr'><strong>οὐκ</strong></span> <span class='ocrx_word' id='word_1_193' title='bbox 1377 2416 1517 2486; x_wconf 78' lang='grc' dir='ltr'>ἔγνω</span> <span class='ocrx_word' id='word_1_194' title='bbox 1545 2420 1573 2472; x_wconf 87' lang='grc' dir='ltr'>ὁ</span> <span class='ocrx_word' id='word_1_195' title='bbox 1602 2416 1797 2487; x_wconf 79' lang='grc' dir='ltr'>γινώσ-</span> 
     </span>
    </p>
   </div>
   <div class='ocr_carea' id='block_1_27' title="bbox 204 2505 1792 2584">
    <p class='ocr_par' dir='ltr' id='par_1_27' title="bbox 204 2505 1792 2584">
     <span class='ocr_line' id='line_1_27' title="bbox 204 2505 1792 2584; baseline 0.004 -26"><span class='ocrx_word' id='word_1_196' title='bbox 204 2521 319 2559; x_wconf 84' lang='grc' dir='ltr'><strong>κων</strong></span> <span class='ocrx_word' id='word_1_197' title='bbox 358 2505 560 2579; x_wconf 80' lang='grc' dir='ltr'>Κύριος</span> <span class='ocrx_word' id='word_1_198' title='bbox 584 2506 712 2574; x_wconf 78' lang='grc' dir='ltr'>τοὺς</span> <span class='ocrx_word' id='word_1_199' title='bbox 743 2508 908 2573; x_wconf 76' lang='grc' dir='ltr'>ὄντας</span> <span class='ocrx_word' id='word_1_200' title='bbox 935 2509 1118 2564; x_wconf 82' lang='grc' dir='ltr'>αὑτοῦ·</span> <span class='ocrx_word' id='word_1_201' title='bbox 1148 2510 1211 2563; x_wconf 82' lang='grc' dir='ltr'>τὸ</span> <span class='ocrx_word' id='word_1_202' title='bbox 1255 2510 1310 2563; x_wconf 87' lang='grc' dir='ltr'><strong>δὲ</strong></span> <span class='ocrx_word' id='word_1_203' title='bbox 1347 2509 1676 2584; x_wconf 83' lang='grc' dir='ltr'>παρώνυμον</span> <span class='ocrx_word' id='word_1_204' title='bbox 1700 2511 1792 2565; x_wconf 88' lang='grc' dir='ltr'><strong>τοῦ</strong></span> 
     </span>
    </p>
   </div>
   <div class='ocr_carea' id='block_1_28' title="bbox 206 2595 709 2667">
    <p class='ocr_par' dir='ltr' id='par_1_28' title="bbox 206 2595 709 2667">
     <span class='ocr_line' id='line_1_28' title="bbox 206 2595 709 2667; baseline 0.01 -20"><span class='ocrx_word' id='word_1_205' title='bbox 206 2595 517 2667; x_wconf 85' lang='grc' dir='ltr'>πνεύματος</span> <span class='ocrx_word' id='word_1_206' title='bbox 549 2596 709 2667; x_wconf 77' lang='grc' dir='ltr'>ἔγνω.</span> 
     </span>
    </p>
   </div>
   <div class='ocr_carea' id='block_1_29' title="bbox 278 2690 1797 2762">
    <p class='ocr_par' dir='ltr' id='par_1_29' title="bbox 278 2690 1797 2762">
     <span class='ocr_line' id='line_1_29' title="bbox 278 2690 1797 2762; baseline 0.003 -19"><span class='ocrx_word' id='word_1_207' title='bbox 278 2690 472 2759; x_wconf 85' lang='grc' dir='ltr'>Κύριε,</span> <span class='ocrx_word' id='word_1_208' title='bbox 510 2690 942 2762; x_wconf 80' lang='grc' dir='ltr'>μνησθήσομαι</span> <span class='ocrx_word' id='word_1_209' title='bbox 977 2691 1089 2761; x_wconf 82' lang='grc' dir='ltr'>τῆς</span> <span class='ocrx_word' id='word_1_210' title='bbox 1117 2692 1509 2761; x_wconf 78' lang='grc' dir='ltr'>δικαιοσύνης</span> <span class='ocrx_word' id='word_1_211' title='bbox 1542 2708 1658 2747; x_wconf 89' lang='grc' dir='ltr'><strong>σου</strong></span> <span class='ocrx_word' id='word_1_212' title='bbox 1689 2695 1797 2762; x_wconf 84' lang='grc' dir='ltr'><strong>μό-</strong></span> 
     </span>
    </p>
   </div>
   <div class='ocr_carea' id='block_1_30' title="bbox 203 2782 1796 2858">
    <p class='ocr_par' dir='ltr' id='par_1_30' title="bbox 203 2782 1796 2858">
     <span class='ocr_line' id='line_1_30' title="bbox 203 2782 1796 2858; baseline 0.002 -23"><span class='ocrx_word' id='word_1_213' title='bbox 203 2799 338 2847; x_wconf 77' lang='grc' dir='ltr'>νου,</span> <span class='ocrx_word' id='word_1_214' title='bbox 358 2798 411 2836; x_wconf 87' lang='grc' dir='ltr'><strong>κ.</strong></span> <span class='ocrx_word' id='word_1_215' title='bbox 431 2800 483 2838; x_wconf 91' lang='grc' dir='ltr'><strong>τ.</strong></span> <span class='ocrx_word' id='word_1_216' title='bbox 504 2785 552 2839; x_wconf 84' lang='grc' dir='ltr'>ὲ.</span> <span class='ocrx_word' id='word_1_217' title='bbox 570 2782 683 2854; x_wconf 84' lang='grc' dir='ltr'><strong>Τῆς</strong></span> <span class='ocrx_word' id='word_1_218' title='bbox 709 2784 803 2838; x_wconf 89' lang='grc' dir='ltr'><strong>τοῦ</strong></span> <span class='ocrx_word' id='word_1_219' title='bbox 823 2784 1040 2858; x_wconf 82' lang='grc' dir='ltr'>Πατρδς</span> <span class='ocrx_word' id='word_1_220' title='bbox 1060 2784 1168 2857; x_wconf 71' lang='grc'>(49)</span> <span class='ocrx_word' id='word_1_221' title='bbox 1184 2785 1532 2857; x_wconf 80' lang='grc' dir='ltr'>δικαιοσύνης</span> <span class='ocrx_word' id='word_1_222' title='bbox 1562 2783 1796 2855; x_wconf 78' lang='grc' dir='ltr'>Χριστὸς</span> 
     </span>
    </p>
   </div>
   <div class='ocr_carea' id='block_1_31' title="bbox 208 2873 607 2946">
    <p class='ocr_par' dir='ltr' id='par_1_31' title="bbox 208 2873 607 2946">
     <span class='ocr_line' id='line_1_31' title="bbox 208 2873 607 2946; baseline 0.01 -20"><span class='ocrx_word' id='word_1_223' title='bbox 208 2873 607 2946; x_wconf 79' lang='grc' dir='ltr'>μνησθήσεται.</span> 
     </span>
    </p>
   </div>
   <div class='ocr_carea' id='block_1_32' title="bbox 281 2966 1793 3041">
    <p class='ocr_par' dir='ltr' id='par_1_32' title="bbox 281 2966 1793 3041">
     <span class='ocr_line' id='line_1_32' title="bbox 281 2966 1793 3041; baseline 0.003 -20"><span class='ocrx_word' id='word_1_224' title='bbox 281 2966 436 3035; x_wconf 85' lang='grc' dir='ltr'>Ἕως</span> <span class='ocrx_word' id='word_1_225' title='bbox 473 2967 550 3023; x_wconf 85' lang='grc' dir='ltr'>ἂν</span> <span class='ocrx_word' id='word_1_226' title='bbox 587 2970 928 3041; x_wconf 72' lang='grc' dir='ltr'>ἀπαγγείλω</span> <span class='ocrx_word' id='word_1_227' title='bbox 962 2971 1070 3025; x_wconf 86' lang='grc' dir='ltr'>τὸν</span> <span class='ocrx_word' id='word_1_228' title='bbox 1108 2970 1410 3041; x_wconf 70' lang='grc' dir='ltr'>,βραχίονα</span> <span class='ocrx_word' id='word_1_229' title='bbox 1460 2985 1577 3026; x_wconf 91' lang='grc' dir='ltr'><strong>σου</strong></span> <span class='ocrx_word' id='word_1_230' title='bbox 1623 2970 1793 3041; x_wconf 76' lang='grc' dir='ltr'>πάσῃ</span> 
     </span>
    </p>
   </div>
   <div class='ocr_carea' id='block_1_33' title="bbox 201 3057 1791 3136">
    <p class='ocr_par' dir='ltr' id='par_1_33' title="bbox 201 3057 1791 3136">
     <span class='ocr_line' id='line_1_33' title="bbox 201 3057 1791 3136; baseline 0.004 -24"><span class='ocrx_word' id='word_1_231' title='bbox 201 3058 278 3127; x_wconf 76' lang='grc' dir='ltr'>τῇ</span> <span class='ocrx_word' id='word_1_232' title='bbox 312 3057 489 3130; x_wconf 76' lang='grc' dir='ltr'>γενεᾷ</span> <span class='ocrx_word' id='word_1_233' title='bbox 526 3060 601 3130; x_wconf 79' lang='grc' dir='ltr'>τῇ</span> <span class='ocrx_word' id='word_1_234' title='bbox 630 3062 950 3133; x_wconf 82' lang='grc' dir='ltr'>ἐρχομένῃ,</span> <span class='ocrx_word' id='word_1_235' title='bbox 992 3081 1047 3118; x_wconf 87' lang='grc' dir='ltr'><strong>κ.</strong></span> <span class='ocrx_word' id='word_1_236' title='bbox 1096 3081 1147 3119; x_wconf 87' lang='grc' dir='ltr'><strong>τ.</strong></span> <span class='ocrx_word' id='word_1_237' title='bbox 1184 3065 1229 3116; x_wconf 85' lang='grc' dir='ltr'><strong>ἐ.</strong></span> <span class='ocrx_word' id='word_1_238' title='bbox 1277 3063 1526 3136; x_wconf 86' lang='grc' dir='ltr'>Βραχίων</span> <span class='ocrx_word' id='word_1_239' title='bbox 1556 3063 1670 3135; x_wconf 83' lang='grc'>(50)</span> <span class='ocrx_word' id='word_1_240' title='bbox 1698 3062 1791 3117; x_wconf 88' lang='grc' dir='ltr'><strong>τοῦ</strong></span> 
     </span>
    </p>
   </div>
   <div class='ocr_carea' id='block_1_34' title="bbox 199 3151 667 3225">
    <p class='ocr_par' dir='ltr' id='par_1_34' title="bbox 199 3151 667 3225">
     <span class='ocr_line' id='line_1_34' title="bbox 199 3151 667 3225; baseline 0 -20"><span class='ocrx_word' id='word_1_241' title='bbox 199 3151 338 3206; x_wconf 80' lang='grc' dir='ltr'>Θεοῦ</span> <span class='ocrx_word' id='word_1_242' title='bbox 362 3152 391 3205; x_wconf 84' lang='grc' dir='ltr'>ὁ</span> <span class='ocrx_word' id='word_1_243' title='bbox 415 3154 667 3225; x_wconf 88' lang='grc' dir='ltr'>Χριστός.</span> 
     </span>
    </p>
   </div>
   <div class='ocr_carea' id='block_1_35' title="bbox 284 3246 1790 3321">
    <p class='ocr_par' dir='ltr' id='par_1_35' title="bbox 284 3246 1790 3321">
     <span class='ocr_line' id='line_1_35' title="bbox 284 3246 1790 3321; baseline 0 -20"><span class='ocrx_word' id='word_1_244' title='bbox 284 3246 348 3301; x_wconf 89' lang='lat'><strong>&#39;0</strong></span> <span class='ocrx_word' id='word_1_245' title='bbox 401 3248 565 3314; x_wconf 80' lang='grc' dir='ltr'>Θεὸς,</span> <span class='ocrx_word' id='word_1_246' title='bbox 614 3248 725 3316; x_wconf 80' lang='grc' dir='ltr'>ἕως</span> <span class='ocrx_word' id='word_1_247' title='bbox 768 3250 1046 3320; x_wconf 70' lang='grc' dir='ltr'>ὑψίστων</span> <span class='ocrx_word' id='word_1_248' title='bbox 1088 3249 1128 3305; x_wconf 78' lang='grc' dir='ltr'><em>ἂ</em></span> <span class='ocrx_word' id='word_1_249' title='bbox 1159 3250 1453 3318; x_wconf 82' lang='grc' dir='ltr'>ἐποίησας</span> <span class='ocrx_word' id='word_1_250' title='bbox 1480 3248 1790 3321; x_wconf 72' lang='grc' dir='ltr'>μεγαλεῖα,</span> 
     </span>
    </p>
   </div>
   <div class='ocr_carea' id='block_1_36' title="bbox 197 3338 1792 3414">
    <p class='ocr_par' dir='ltr' id='par_1_36' title="bbox 197 3338 1792 3414">
     <span class='ocr_line' id='line_1_36' title="bbox 197 3338 1792 3414; baseline 0.001 -23"><span class='ocrx_word' id='word_1_251' title='bbox 197 3355 255 3391; x_wconf 83' lang='grc' dir='ltr'><strong>κ.</strong></span> <span class='ocrx_word' id='word_1_252' title='bbox 288 3356 339 3394; x_wconf 91' lang='grc' dir='ltr'><strong>τ.</strong></span> <span class='ocrx_word' id='word_1_253' title='bbox 368 3340 413 3392; x_wconf 82' lang='grc' dir='ltr'><strong>ἐ.</strong></span> <span class='ocrx_word' id='word_1_254' title='bbox 454 3358 471 3392; x_wconf 83' lang='lat' dir='ltr'><strong>t</strong></span> <span class='ocrx_word' id='word_1_255' title='bbox 498 3341 933 3413; x_wconf 83' lang='grc' dir='ltr'>Είρηνοποιήσας</span> <span class='ocrx_word' id='word_1_256' title='bbox 958 3341 1040 3414; x_wconf 89' lang='grc'>(51</span> <span class='ocrx_word' id='word_1_257' title='bbox 1053 3358 1069 3412; x_wconf 83' lang='grc'><strong>)</strong></span> <span class='ocrx_word' id='word_1_258' title='bbox 1102 3341 1189 3395; x_wconf 68' lang='grc' dir='ltr'>διὰ</span> <span class='ocrx_word' id='word_1_259' title='bbox 1229 3342 1323 3395; x_wconf 90' lang='grc' dir='ltr'><strong>τοῦ</strong></span> <span class='ocrx_word' id='word_1_260' title='bbox 1359 3344 1596 3414; x_wconf 78' lang='grc' dir='ltr'>αἵματος</span> <span class='ocrx_word' id='word_1_261' title='bbox 1623 3338 1792 3395; x_wconf 84' lang='grc' dir='ltr'>αὐτοῦ</span> 
     </span>
    </p>
   </div>
   <div class='ocr_carea' id='block_1_37' title="bbox 196 3430 1168 3505">
    <p class='ocr_par' dir='ltr' id='par_1_37' title="bbox 196 3430 1168 3505">
     <span class='ocr_line' id='line_1_37' title="bbox 196 3430 1168 3505; baseline 0.002 -21"><span class='ocrx_word' id='word_1_262' title='bbox 196 3430 270 3485; x_wconf 83' lang='grc' dir='ltr'>τὰ</span> <span class='ocrx_word' id='word_1_263' title='bbox 295 3433 351 3485; x_wconf 84' lang='grc' dir='ltr'><strong>ἐν</strong></span> <span class='ocrx_word' id='word_1_264' title='bbox 378 3432 630 3505; x_wconf 78' lang='grc' dir='ltr'>οὐρανοῖς</span> <span class='ocrx_word' id='word_1_265' title='bbox 658 3433 845 3488; x_wconf 76' lang='grc' dir='ltr'>καὶτὰ</span> <span class='ocrx_word' id='word_1_266' title='bbox 873 3436 967 3487; x_wconf 78' lang='grc' dir='ltr'><strong>ἐπὶ</strong></span> <span class='ocrx_word' id='word_1_267' title='bbox 994 3433 1119 3505; x_wconf 83' lang='grc' dir='ltr'>γῆς.</span> <span class='ocrx_word' id='word_1_268' title='bbox 1150 3454 1168 3486; x_wconf 75' lang='grc' dir='ltr'><strong>ι</strong></span> 
     </span>
    </p>
   </div>
   <div class='ocr_carea' id='block_1_38' title="bbox 276 3523 1791 3595">
    <p class='ocr_par' dir='ltr' id='par_1_38' title="bbox 276 3523 1791 3595">
     <span class='ocr_line' id='line_1_38' title="bbox 276 3523 1791 3595; baseline 0.007 -19"><span class='ocrx_word' id='word_1_269' title='bbox 276 3524 459 3590; x_wconf 84' lang='grc' dir='ltr'>Ὅσας</span> <span class='ocrx_word' id='word_1_270' title='bbox 489 3523 727 3593; x_wconf 81' lang='grc' dir='ltr'>ἕδειξάς</span> <span class='ocrx_word' id='word_1_271' title='bbox 749 3544 851 3595; x_wconf 82' lang='grc' dir='ltr'><strong>μοι</strong></span> <span class='ocrx_word' id='word_1_272' title='bbox 882 3527 1119 3595; x_wconf 69' lang='grc' dir='ltr'>θλίψεις</span> <span class='ocrx_word' id='word_1_273' title='bbox 1156 3526 1392 3594; x_wconf 73' lang='grc' dir='ltr'>πολλὰς</span> <span class='ocrx_word' id='word_1_274' title='bbox 1436 3527 1534 3581; x_wconf 78' lang='grc' dir='ltr'>καὶ</span> <span class='ocrx_word' id='word_1_275' title='bbox 1564 3526 1791 3595; x_wconf 65' lang='grc' dir='ltr'>κακᾶς]</span> 
     </span>
    </p>
   </div>
   <div class='ocr_carea' id='block_1_39' title="bbox 196 3615 1790 3692">
    <p class='ocr_par' dir='ltr' id='par_1_39' title="bbox 196 3615 1790 3692">
     <span class='ocr_line' id='line_1_39' title="bbox 196 3615 1790 3692; baseline 0.004 -23"><span class='ocrx_word' id='word_1_276' title='bbox 196 3616 297 3669; x_wconf 78' lang='grc' dir='ltr'>καὶ</span> <span class='ocrx_word' id='word_1_277' title='bbox 329 3615 706 3687; x_wconf 73' lang='grc' dir='ltr'>ἐπιστρέψας</span> <span class='ocrx_word' id='word_1_278' title='bbox 718 3616 1231 3692; x_wconf 78' lang='grc' dir='ltr'>ἐζωοποίησάςμε,</span> <span class='ocrx_word' id='word_1_279' title='bbox 1254 3621 1351 3675; x_wconf 77' lang='grc' dir='ltr'>καὶ</span> <span class='ocrx_word' id='word_1_280' title='bbox 1376 3622 1445 3674; x_wconf 79' lang='grc' dir='ltr'><strong>ἐκ</strong></span> <span class='ocrx_word' id='word_1_281' title='bbox 1462 3618 1582 3675; x_wconf 83' lang='grc' dir='ltr'>τῶν</span> <span class='ocrx_word' id='word_1_282' title='bbox 1601 3620 1790 3676; x_wconf 80' lang='grc' dir='ltr'>ἀϐύσ-</span> 
     </span>
    </p>
   </div>
   <div class='ocr_carea' id='block_1_40' title="bbox 194 3707 1790 3786">
    <p class='ocr_par' dir='ltr' id='par_1_40' title="bbox 194 3707 1790 3786">
     <span class='ocr_line' id='line_1_40' title="bbox 194 3707 1790 3786; baseline 0.005 -25"><span class='ocrx_word' id='word_1_283' title='bbox 194 3721 330 3761; x_wconf 86' lang='grc' dir='ltr'><strong>σων</strong></span> <span class='ocrx_word' id='word_1_284' title='bbox 348 3707 460 3778; x_wconf 80' lang='grc' dir='ltr'>τῆς</span> <span class='ocrx_word' id='word_1_285' title='bbox 480 3708 595 3780; x_wconf 76' lang='grc' dir='ltr'>γῆς</span> <span class='ocrx_word' id='word_1_286' title='bbox 614 3711 801 3767; x_wconf 72' lang='grc' dir='ltr'>πάλιν</span> <span class='ocrx_word' id='word_1_287' title='bbox 824 3712 1123 3785; x_wconf 72' lang='grc' dir='ltr'>ἀνήγαγες</span> <span class='ocrx_word' id='word_1_288' title='bbox 1133 3734 1230 3786; x_wconf 82' lang='grc' dir='ltr'>με,</span> <span class='ocrx_word' id='word_1_289' title='bbox 1249 3734 1303 3769; x_wconf 89' lang='grc' dir='ltr'><strong>κ.</strong></span> <span class='ocrx_word' id='word_1_290' title='bbox 1326 3732 1377 3767; x_wconf 89' lang='grc' dir='ltr'><strong>τ.</strong></span> <span class='ocrx_word' id='word_1_291' title='bbox 1403 3716 1447 3767; x_wconf 89' lang='grc' dir='ltr'><strong>ἐ.</strong></span> <span class='ocrx_word' id='word_1_292' title='bbox 1468 3712 1664 3783; x_wconf 85' lang='grc' dir='ltr'>Σαφῶς</span> <span class='ocrx_word' id='word_1_293' title='bbox 1679 3712 1790 3785; x_wconf 68' lang='grc'>(52)</span> 
     </span>
    </p>
   </div>
   <div class='ocr_carea' id='block_1_41' title="bbox 198 3801 1625 3879">
    <p class='ocr_par' dir='ltr' id='par_1_41' title="bbox 198 3801 1625 3879">
     <span class='ocr_line' id='line_1_41' title="bbox 198 3801 1625 3879; baseline 0.003 -23"><span class='ocrx_word' id='word_1_294' title='bbox 198 3801 333 3874; x_wconf 72' lang='grc' dir='ltr'>περὶ</span> <span class='ocrx_word' id='word_1_295' title='bbox 354 3802 454 3873; x_wconf 81' lang='grc' dir='ltr'>τῆς</span> <span class='ocrx_word' id='word_1_296' title='bbox 486 3804 550 3857; x_wconf 85' lang='grc' dir='ltr'><strong>ἐκ</strong></span> <span class='ocrx_word' id='word_1_297' title='bbox 576 3805 784 3876; x_wconf 81' lang='grc' dir='ltr'>νεκρῶν</span> <span class='ocrx_word' id='word_1_298' title='bbox 807 3806 1160 3874; x_wconf 81' lang='grc' dir='ltr'>ἀναστάσεως</span> <span class='ocrx_word' id='word_1_299' title='bbox 1183 3808 1356 3861; x_wconf 88' lang='grc' dir='ltr'>ταῦτα</span> <span class='ocrx_word' id='word_1_300' title='bbox 1389 3807 1625 3879; x_wconf 77' lang='grc' dir='ltr'>εἴρηται.</span> 
     </span>
    </p>
   </div>
   <div class='ocr_carea' id='block_1_42' title="bbox 274 3894 1789 3974">
    <p class='ocr_par' dir='ltr' id='par_1_42' title="bbox 274 3894 1789 3974">
     <span class='ocr_line' id='line_1_42' title="bbox 274 3894 1789 3974; baseline 0.003 -26"><span class='ocrx_word' id='word_1_301' title='bbox 274 3894 386 3949; x_wconf 87' lang='grc' dir='ltr'>Τοῦ</span> <span class='ocrx_word' id='word_1_302' title='bbox 416 3895 625 3954; x_wconf 78' lang='grc' dir='ltr'>αὑτοῦ.</span> <span class='ocrx_word' id='word_1_303' title='bbox 661 3899 931 3955; x_wconf 72' lang='grc' dir='ltr'>Ἀὁυσσον</span> <span class='ocrx_word' id='word_1_304' title='bbox 963 3900 1058 3956; x_wconf 92' lang='grc' dir='ltr'><strong>νῦν</strong></span> <span class='ocrx_word' id='word_1_305' title='bbox 1076 3901 1185 3973; x_wconf 79' lang='grc'>(55)</span> <span class='ocrx_word' id='word_1_306' title='bbox 1216 3901 1466 3972; x_wconf 83' lang='grc' dir='ltr'>ὠνόμασε</span> <span class='ocrx_word' id='word_1_307' title='bbox 1499 3901 1560 3954; x_wconf 90' lang='grc' dir='ltr'><strong>τὸ</strong></span> <span class='ocrx_word' id='word_1_308' title='bbox 1588 3901 1789 3974; x_wconf 81' lang='grc' dir='ltr'>χωρίον</span> 
     </span>
    </p>
   </div>
   <div class='ocr_carea' id='block_1_43' title="bbox 100 3985 1790 4063">
    <p class='ocr_par' dir='ltr' id='par_1_43' title="bbox 100 3985 1790 4063">
     <span class='ocr_line' id='line_1_43' title="bbox 100 3985 1790 4063; baseline 0.004 -25"><span class='ocrx_word' id='word_1_309' title='bbox 100 4020 103 4021; x_wconf 51' lang='grc' dir='ltr'><em>ν</em></span> <span class='ocrx_word' id='word_1_310' title='bbox 190 3985 306 4039; x_wconf 81' lang='grc' dir='ltr'><strong>τῶν</strong></span> <span class='ocrx_word' id='word_1_311' title='bbox 334 3987 708 4059; x_wconf 87' lang='grc' dir='ltr'>καταχθονίων</span> <span class='ocrx_word' id='word_1_312' title='bbox 736 3990 1026 4063; x_wconf 85' lang='grc' dir='ltr'>δαιμόνων.</span> <span class='ocrx_word' id='word_1_313' title='bbox 1062 3993 1185 4046; x_wconf 76' lang='grc' dir='ltr'>Εἰσὶ</span> <span class='ocrx_word' id='word_1_314' title='bbox 1231 3991 1288 4045; x_wconf 81' lang='grc' dir='ltr'><strong>δέ</strong></span> <span class='ocrx_word' id='word_1_315' title='bbox 1315 4008 1459 4055; x_wconf 87' lang='grc' dir='ltr'>τινες</span> <span class='ocrx_word' id='word_1_316' title='bbox 1488 3992 1536 4045; x_wconf 86' lang='grc' dir='ltr'>οἳ</span> <span class='ocrx_word' id='word_1_317' title='bbox 1566 3992 1660 4045; x_wconf 73' lang='grc' dir='ltr'>καὶ</span> <span class='ocrx_word' id='word_1_318' title='bbox 1691 3991 1790 4045; x_wconf 84' lang='grc' dir='ltr'>αὐ-</span> 
     </span>
    </p>
   </div>
   <div class='ocr_carea' id='block_1_44' title="bbox 190 4079 1787 4158">
    <p class='ocr_par' dir='ltr' id='par_1_44' title="bbox 190 4079 1787 4158">
     <span class='ocr_line' id='line_1_44' title="bbox 190 4079 1787 4158; baseline 0.006 -29"><span class='ocrx_word' id='word_1_319' title='bbox 190 4079 326 4143; x_wconf 72' lang='grc' dir='ltr'>τοὺς</span> <span class='ocrx_word' id='word_1_320' title='bbox 355 4080 482 4144; x_wconf 78' lang='grc' dir='ltr'>τοὺς</span> <span class='ocrx_word' id='word_1_321' title='bbox 511 4080 772 4153; x_wconf 85' lang='grc' dir='ltr'>δαίμονας</span> <span class='ocrx_word' id='word_1_322' title='bbox 801 4084 1072 4150; x_wconf 84' lang='grc' dir='ltr'>ἀϐύσσους</span> <span class='ocrx_word' id='word_1_323' title='bbox 1093 4085 1307 4154; x_wconf 80' lang='grc' dir='ltr'>λέγουσι</span> <span class='ocrx_word' id='word_1_324' title='bbox 1332 4084 1418 4138; x_wconf 85' lang='grc' dir='ltr'>διὰ</span> <span class='ocrx_word' id='word_1_325' title='bbox 1446 4086 1508 4138; x_wconf 85' lang='grc' dir='ltr'><strong>τὸ</strong></span> <span class='ocrx_word' id='word_1_326' title='bbox 1546 4086 1787 4158; x_wconf 83' lang='grc' dir='ltr'>ἀπέραν-</span> 
     </span>
    </p>
   </div>
   <div class='ocr_carea' id='block_1_45' title="bbox 190 4171 880 4243">
    <p class='ocr_par' dir='ltr' id='par_1_45' title="bbox 190 4171 880 4243">
     <span class='ocr_line' id='line_1_45' title="bbox 190 4171 880 4243; baseline 0.013 -21"><span class='ocrx_word' id='word_1_327' title='bbox 190 4186 290 4223; x_wconf 86' lang='grc' dir='ltr'><strong>τον</strong></span> <span class='ocrx_word' id='word_1_328' title='bbox 320 4171 420 4243; x_wconf 84' lang='grc' dir='ltr'>τῆς</span> <span class='ocrx_word' id='word_1_329' title='bbox 452 4174 655 4239; x_wconf 87' lang='grc' dir='ltr'>κακίας</span> <span class='ocrx_word' id='word_1_330' title='bbox 679 4176 880 4231; x_wconf 76' lang='grc' dir='ltr'>αὐτῶν.</span> 
     </span>
    </p>
   </div>
   <div class='ocr_carea' id='block_1_46' title="bbox 269 4263 1788 4342">
    <p class='ocr_par' dir='ltr' id='par_1_46' title="bbox 269 4263 1788 4342">
     <span class='ocr_line' id='line_1_46' title="bbox 269 4263 1788 4342; baseline 0.007 -26"><span class='ocrx_word' id='word_1_331' title='bbox 269 4263 378 4317; x_wconf 79' lang='grc' dir='ltr'><strong>Καὶ</strong></span> <span class='ocrx_word' id='word_1_332' title='bbox 420 4264 531 4335; x_wconf 75' lang='grc' dir='ltr'><strong>γὰρ</strong></span> <span class='ocrx_word' id='word_1_333' title='bbox 566 4266 682 4337; x_wconf 76' lang='grc' dir='ltr'>ἐγὼ</span> <span class='ocrx_word' id='word_1_334' title='bbox 727 4267 1249 4342; x_wconf 76' lang='grc' dir='ltr'>ἐξομολογήσομαι</span> <span class='ocrx_word' id='word_1_335' title='bbox 1288 4270 1359 4324; x_wconf 82' lang='grc' dir='ltr'>ὲν</span> <span class='ocrx_word' id='word_1_336' title='bbox 1387 4271 1593 4325; x_wconf 86' lang='grc' dir='ltr'>σκεύει</span> <span class='ocrx_word' id='word_1_337' title='bbox 1630 4273 1788 4341; x_wconf 72' lang='grc' dir='ltr'><strong>ψαλ-</strong></span> 
     </span>
    </p>
   </div>
   <div class='ocr_carea' id='block_1_47' title="bbox 185 4354 1785 4437">
    <p class='ocr_par' dir='ltr' id='par_1_47' title="bbox 185 4354 1785 4437">
     <span class='ocr_line' id='line_1_47' title="bbox 185 4354 1785 4437; baseline 0.007 -29"><span class='ocrx_word' id='word_1_338' title='bbox 185 4354 313 4427; x_wconf 75' lang='grc' dir='ltr'><strong>μοῦ</strong></span> <span class='ocrx_word' id='word_1_339' title='bbox 342 4356 458 4426; x_wconf 78' lang='grc' dir='ltr'>τὴν</span> <span class='ocrx_word' id='word_1_340' title='bbox 492 4358 786 4427; x_wconf 74' lang='grc' dir='ltr'>ἀλήθειάν</span> <span class='ocrx_word' id='word_1_341' title='bbox 814 4379 954 4427; x_wconf 89' lang='grc' dir='ltr'>σου,</span> <span class='ocrx_word' id='word_1_342' title='bbox 986 4381 1040 4418; x_wconf 90' lang='grc' dir='ltr'><strong>κ.</strong></span> <span class='ocrx_word' id='word_1_343' title='bbox 1070 4382 1119 4418; x_wconf 87' lang='grc' dir='ltr'><strong>τ.</strong></span> <span class='ocrx_word' id='word_1_344' title='bbox 1147 4365 1191 4419; x_wconf 82' lang='grc' dir='ltr'><strong>ἐ.</strong></span> <span class='ocrx_word' id='word_1_345' title='bbox 1214 4362 1418 4428; x_wconf 86' lang='grc' dir='ltr'>Σκεῦος</span> <span class='ocrx_word' id='word_1_346' title='bbox 1434 4363 1651 4435; x_wconf 76' lang='grc' dir='ltr'>ψαλμοῦ</span> <span class='ocrx_word' id='word_1_347' title='bbox 1674 4364 1785 4437; x_wconf 75' lang='grc'>(54)</span> 
     </span>
    </p>
   </div>
   <div class='ocr_carea' id='block_1_48' title="bbox 189 4446 610 4523">
    <p class='ocr_par' dir='ltr' id='par_1_48' title="bbox 189 4446 610 4523">
     <span class='ocr_line' id='line_1_48' title="bbox 189 4446 610 4523; baseline 0.017 -24"><span class='ocrx_word' id='word_1_348' title='bbox 189 4446 343 4520; x_wconf 72' lang='grc' dir='ltr'>ψυχὴ</span> <span class='ocrx_word' id='word_1_349' title='bbox 377 4449 610 4523; x_wconf 87' lang='grc' dir='ltr'>καθαρά.</span> 
     </span>
    </p>
   </div>
   <div class='ocr_carea' id='block_1_49' title="bbox 765 4633 1223 4690">
    <p class='ocr_par' dir='ltr' id='par_1_49' title="bbox 765 4633 1223 4690">
     <span class='ocr_line' id='line_1_49' title="bbox 765 4633 1223 4690; baseline 0.004 -2"><span class='ocrx_word' id='word_1_350' title='bbox 765 4633 1061 4690; x_wconf 79' lang='grc' dir='ltr'><strong>ΨΑΛΜΟΣ</strong></span> <span class='ocrx_word' id='word_1_351' title='bbox 1100 4636 1223 4690; x_wconf 81' lang='lat' dir='ltr'><strong>OA’.</strong></span> 
     </span>
    </p>
   </div>
   <div class='ocr_carea' id='block_1_50' title="bbox 265 4725 1781 4798">
    <p class='ocr_par' dir='ltr' id='par_1_50' title="bbox 265 4725 1781 4798">
     <span class='ocr_line' id='line_1_50' title="bbox 265 4725 1781 4798; baseline 0.005 -22"><span class='ocrx_word' id='word_1_352' title='bbox 265 4725 370 4789; x_wconf 72' lang='grc' dir='ltr'><strong>Εἰς</strong></span> <span class='ocrx_word' id='word_1_353' title='bbox 400 4725 711 4797; x_wconf 73' lang='grc' dir='ltr'>Σαλομὼν,</span> <span class='ocrx_word' id='word_1_354' title='bbox 740 4745 796 4783; x_wconf 92' lang='grc' dir='ltr'><strong>κ.</strong></span> <span class='ocrx_word' id='word_1_355' title='bbox 826 4746 876 4782; x_wconf 88' lang='grc' dir='ltr'><strong>τ.</strong></span> <span class='ocrx_word' id='word_1_356' title='bbox 905 4728 953 4781; x_wconf 85' lang='grc' dir='ltr'><strong>ἐ.</strong></span> <span class='ocrx_word' id='word_1_357' title='bbox 990 4728 1085 4792; x_wconf 84' lang='grc' dir='ltr'><strong>Εἰς</strong></span> <span class='ocrx_word' id='word_1_358' title='bbox 1113 4726 1376 4798; x_wconf 83' lang='grc' dir='ltr'>Σαλομὼν</span> <span class='ocrx_word' id='word_1_359' title='bbox 1404 4725 1518 4798; x_wconf 88' lang='grc'>(55)</span> <span class='ocrx_word' id='word_1_360' title='bbox 1552 4728 1643 4782; x_wconf 82' lang='grc' dir='ltr'><strong>τὸν</strong></span> <span class='ocrx_word' id='word_1_361' title='bbox 1667 4728 1781 4783; x_wconf 82' lang='grc' dir='ltr'>υἱὸν</span> 
     </span>
    </p>
   </div>
   <div class='ocr_carea' id='block_1_51' title="bbox 190 4816 1782 4894">
    <p class='ocr_par' dir='ltr' id='par_1_51' title="bbox 190 4816 1782 4894">
     <span class='ocr_line' id='line_1_51' title="bbox 190 4816 1782 4894; baseline 0.003 -25"><span class='ocrx_word' id='word_1_362' title='bbox 190 4816 417 4871; x_wconf 70' lang='grc' dir='ltr'>Δαυΐδοι</span> <span class='ocrx_word' id='word_1_363' title='bbox 442 4820 631 4885; x_wconf 82' lang='grc' dir='ltr'>Βίϐλος</span> <span class='ocrx_word' id='word_1_364' title='bbox 676 4823 787 4894; x_wconf 86' lang='grc' dir='ltr'><strong>γάρ</strong></span> <span class='ocrx_word' id='word_1_365' title='bbox 818 4822 1091 4891; x_wconf 82' lang='grc' dir='ltr'>γενέσεως</span> <span class='ocrx_word' id='word_1_366' title='bbox 1156 4822 1332 4892; x_wconf 87' lang='grc' dir='ltr'>Ἰησοῦ</span> <span class='ocrx_word' id='word_1_367' title='bbox 1372 4822 1612 4894; x_wconf 86' lang='grc' dir='ltr'>Χριστοῦ</span> <span class='ocrx_word' id='word_1_368' title='bbox 1663 4820 1782 4877; x_wconf 83' lang='grc' dir='ltr'>υἱοῦ</span> 
     </span>
    </p>
   </div>
   <div class='ocr_carea' id='block_1_52' title="bbox 189 4911 1786 4988">
    <p class='ocr_par' dir='ltr' id='par_1_52' title="bbox 189 4911 1786 4988">
     <span class='ocr_line' id='line_1_52' title="bbox 189 4911 1786 4988; baseline 0.005 -25"><span class='ocrx_word' id='word_1_369' title='bbox 189 4911 374 4967; x_wconf 78' lang='grc' dir='ltr'>Δαυῒδ.</span> <span class='ocrx_word' id='word_1_370' title='bbox 399 4931 417 4965; x_wconf 74' lang='grc' dir='ltr'><strong>ι</strong></span> <span class='ocrx_word' id='word_1_371' title='bbox 451 4914 712 4987; x_wconf 80' lang='grc' dir='ltr'>Σαλομὼν</span> <span class='ocrx_word' id='word_1_372' title='bbox 743 4916 853 4988; x_wconf 84' lang='grc' dir='ltr'><strong>γὰρ</strong></span> <span class='ocrx_word' id='word_1_373' title='bbox 878 4916 1239 4988; x_wconf 85' lang='grc' dir='ltr'>ἑρμηνεύεται</span> <span class='ocrx_word' id='word_1_374' title='bbox 1272 4918 1603 4985; x_wconf 71' lang='grc' dir='ltr'>εἰρηνικόςο-</span> <span class='ocrx_word' id='word_1_375' title='bbox 1623 4918 1786 4982; x_wconf 77' lang='grc' dir='ltr'>αὐτὸς</span> 
     </span>
    </p>
   </div>
   <div class='ocr_carea' id='block_1_53' title="bbox 191 5001 967 5082">
    <p class='ocr_par' dir='ltr' id='par_1_53' title="bbox 191 5001 967 5082">
     <span class='ocr_line' id='line_1_53' title="bbox 191 5001 967 5082; baseline 0.006 -26"><span class='ocrx_word' id='word_1_376' title='bbox 191 5001 306 5075; x_wconf 86' lang='grc' dir='ltr'><strong>γάρ</strong></span> <span class='ocrx_word' id='word_1_377' title='bbox 336 5006 485 5060; x_wconf 89' lang='grc' dir='ltr'>ἐστιν</span> <span class='ocrx_word' id='word_1_378' title='bbox 514 5008 547 5079; x_wconf 82' lang='grc' dir='ltr'><strong>ἡ</strong></span> <span class='ocrx_word' id='word_1_379' title='bbox 573 5009 762 5082; x_wconf 74' lang='grc' dir='ltr'>εἰρήνη</span> <span class='ocrx_word' id='word_1_380' title='bbox 793 5008 967 5081; x_wconf 79' lang='grc' dir='ltr'>ἡμῶν,</span> 
     </span>
    </p>
   </div>
   <div class='ocr_carea' id='block_1_54' title="bbox 270 5125 1725 5196">
    <p class='ocr_par' dir='ltr' id='par_1_54' title="bbox 270 5125 1725 5196">
     <span class='ocr_line' id='line_1_54' title="bbox 270 5125 1725 5196; baseline 0.001 -15"><span class='ocrx_word' id='word_1_381' title='bbox 270 5125 318 5158; x_wconf 84' lang='grc'><strong>²⁹</strong></span> <span class='ocrx_word' id='word_1_382' title='bbox 342 5127 441 5181; x_wconf 82' lang='grc' dir='ltr'><strong>Ιε;ιὶ</strong></span> <span class='ocrx_word' id='word_1_383' title='bbox 497 5143 605 5182; x_wconf 80' lang='lat' dir='ltr'><strong>th.</strong></span> <span class='ocrx_word' id='word_1_384' title='bbox 631 5128 688 5184; x_wconf 72' lang='grc'>2.</span> <span class='ocrx_word' id='word_1_385' title='bbox 767 5129 811 5161; x_wconf 77' lang='grc'><strong>⁸⁸</strong></span> <span class='ocrx_word' id='word_1_386' title='bbox 842 5128 1034 5185; x_wconf 80' lang='lat' dir='ltr'><strong>Matth.</strong></span> <span class='ocrx_word' id='word_1_387' title='bbox 1069 5129 1234 5196; x_wconf 56' lang='grc' dir='ltr'>νμίυ.</span> <span class='ocrx_word' id='word_1_388' title='bbox 1314 5129 1354 5160; x_wconf 85' lang='grc'><strong>³¹</strong></span> <span class='ocrx_word' id='word_1_389' title='bbox 1389 5128 1522 5183; x_wconf 84' lang='lat' dir='ltr'><strong>ibid.</strong></span> <span class='ocrx_word' id='word_1_390' title='bbox 1552 5143 1603 5194; x_wconf 82' lang='grc' dir='ltr'><strong>ν,</strong></span> <span class='ocrx_word' id='word_1_391' title='bbox 1640 5128 1725 5183; x_wconf 88' lang='grc'>17.</span> 
     </span>
    </p>
   </div>
   <div class='ocr_carea' id='block_1_55' title="bbox 266 5243 1778 5329">
    <p class='ocr_par' dir='ltr' id='par_1_55' title="bbox 266 5243 1778 5329">
     <span class='ocr_line' id='line_1_55' title="bbox 266 5243 1778 5329; baseline -0.003 -27"><span class='ocrx_word' id='word_1_392' title='bbox 266 5248 380 5329; x_wconf 63' lang='lat' dir='ltr'><strong>(tt)</strong></span> <span class='ocrx_word' id='word_1_393' title='bbox 422 5246 514 5307; x_wconf 81' lang='grc' dir='ltr'><strong>Τὸ,</strong></span> <span class='ocrx_word' id='word_1_394' title='bbox 547 5245 635 5317; x_wconf 80' lang='grc' dir='ltr'>μὴ</span> <span class='ocrx_word' id='word_1_395' title='bbox 660 5251 998 5319; x_wconf 78' lang='grc' dir='ltr'>μακρύνῃς,</span> <span class='ocrx_word' id='word_1_396' title='bbox 1037 5256 1143 5303; x_wconf 88' lang='lat' dir='ltr'><strong>etc.</strong></span> <span class='ocrx_word' id='word_1_397' title='bbox 1180 5245 1361 5302; x_wconf 86' lang='lat' dir='ltr'><strong>Codex</strong></span> <span class='ocrx_word' id='word_1_398' title='bbox 1408 5243 1778 5301; x_wconf 86' lang='lat' dir='ltr'><strong>Coislinianus</strong></span> 
     </span>
    </p>
   </div>
   <div class='ocr_carea' id='block_1_56' title="bbox 238 5335 427 5376">
    <p class='ocr_par' dir='ltr' id='par_1_56' title="bbox 238 5335 427 5376">
     <span class='ocr_line' id='line_1_56' title="bbox 238 5335 427 5376; baseline 0.032 -6"><span class='ocrx_word' id='word_1_399' title='bbox 238 5335 427 5376; x_wconf 74' lang='lat' dir='ltr'><strong>rtmus.</strong></span> 
     </span>
    </p>
   </div>
   <div class='ocr_carea' id='block_1_57' title="bbox 192 5336 1776 5465">
    <p class='ocr_par' dir='ltr' id='par_1_57' title="bbox 192 5336 1776 5465">
     <span class='ocr_line' id='line_1_57' title="bbox 192 5336 1776 5465; baseline -0.003 -20"><span class='ocrx_word' id='word_1_400' title='bbox 192 5336 673 5465; x_wconf 36' lang='grc' dir='ltr'><strong>1&gt;1⁹1(Ιιῗὲὶκῦῐιυηράν</strong></span> <span class='ocrx_word' id='word_1_401' title='bbox 694 5391 809 5447; x_wconf 83' lang='grc' dir='ltr'><strong>ἀπὸ</strong></span> <span class='ocrx_word' id='word_1_402' title='bbox 838 5386 1550 5465; x_wconf 57' lang='lat' dir='ltr'><strong>drﬂpquv,_etc._scliedae</strong></span> <span class='ocrx_word' id='word_1_403' title='bbox 1567 5384 1776 5444; x_wconf 80' lang='lat' dir='ltr'><strong>Crahii.</strong></span> 
     </span>
    </p>
   </div>
   <div class='ocr_carea' id='block_1_58' title="bbox 268 5459 1781 5536">
    <p class='ocr_par' dir='ltr' id='par_1_58' title="bbox 268 5459 1781 5536">
     <span class='ocr_line' id='line_1_58' title="bbox 268 5459 1781 5536; baseline -0.003 -18"><span class='ocrx_word' id='word_1_404' title='bbox 268 5459 383 5535; x_wconf 70' lang='grc'>(16)</span> <span class='ocrx_word' id='word_1_405' title='bbox 423 5459 704 5536; x_wconf 66' lang='grc' dir='ltr'>Τό.’Ᾰφες</span> <span class='ocrx_word' id='word_1_406' title='bbox 731 5462 914 5536; x_wconf 58' lang='grc' dir='ltr'>αὐτῷ,</span> <span class='ocrx_word' id='word_1_407' title='bbox 932 5459 1054 5536; x_wconf 72' lang='lat' dir='ltr'><strong>etc.</strong></span> <span class='ocrx_word' id='word_1_408' title='bbox 1087 5461 1273 5518; x_wconf 80' lang='lat' dir='ltr'><strong>Codex</strong></span> <span class='ocrx_word' id='word_1_409' title='bbox 1298 5459 1665 5517; x_wconf 86' lang='lat' dir='ltr'><strong>Coislinianus</strong></span> <span class='ocrx_word' id='word_1_410' title='bbox 1691 5471 1781 5513; x_wconf 89' lang='lat' dir='ltr'><strong>se-</strong></span> 
     </span>
    </p>
   </div>
   <div class='ocr_carea' id='block_1_59' title="bbox 194 5534 987 5600">
    <p class='ocr_par' dir='ltr' id='par_1_59' title="bbox 194 5534 987 5600">
     <span class='ocr_line' id='line_1_59' title="bbox 194 5534 987 5600; baseline -0.011 -4"><span class='ocrx_word' id='word_1_411' title='bbox 194 5534 429 5600; x_wconf 84' lang='lat' dir='ltr'><strong>cundus,</strong></span> <span class='ocrx_word' id='word_1_412' title='bbox 456 5548 511 5591; x_wconf 93' lang='lat' dir='ltr'><strong>et</strong></span> <span class='ocrx_word' id='word_1_413' title='bbox 538 5534 753 5593; x_wconf 69' lang='lat' dir='ltr'><strong>schedte</strong></span> <span class='ocrx_word' id='word_1_414' title='bbox 778 5534 987 5591; x_wconf 87' lang='lat' dir='ltr'><strong>Grabii.</strong></span> 
     </span>
    </p>
   </div>
   <div class='ocr_carea' id='block_1_60' title="bbox 270 5598 1782 5680">
    <p class='ocr_par' dir='ltr' id='par_1_60' title="bbox 270 5598 1782 5680">
     <span class='ocr_line' id='line_1_60' title="bbox 270 5598 1782 5680; baseline -0.007 -17"><span class='ocrx_word' id='word_1_415' title='bbox 270 5607 384 5680; x_wconf 77' lang='grc'>(47)</span> <span class='ocrx_word' id='word_1_416' title='bbox 419 5598 651 5663; x_wconf 65' lang='lat' dir='ltr'><strong>nouat</strong></span> <span class='ocrx_word' id='word_1_417' title='bbox 679 5606 961 5672; x_wconf 78' lang='grc' dir='ltr'>αἰνέσεις,</span> <span class='ocrx_word' id='word_1_418' title='bbox 996 5614 1104 5661; x_wconf 88' lang='lat' dir='ltr'><strong>etc.</strong></span> <span class='ocrx_word' id='word_1_419' title='bbox 1129 5602 1274 5660; x_wconf 88' lang='lat' dir='ltr'><strong>ldem</strong></span> <span class='ocrx_word' id='word_1_420' title='bbox 1299 5601 1469 5660; x_wconf 81' lang='lat' dir='ltr'><strong>codex</strong></span> <span class='ocrx_word' id='word_1_421' title='bbox 1493 5598 1782 5659; x_wconf 87' lang='lat' dir='ltr'><strong>Coislinia—</strong></span> 
     </span>
    </p>
   </div>
   <div class='ocr_carea' id='block_1_61' title="bbox 193 5679 1351 5735">
    <p class='ocr_par' dir='ltr' id='par_1_61' title="bbox 193 5679 1351 5735">
     <span class='ocr_line' id='line_1_61' title="bbox 193 5679 1351 5735; baseline -0.001 0"><span class='ocrx_word' id='word_1_422' title='bbox 193 5679 301 5735; x_wconf 81' lang='lat' dir='ltr'><strong>nus</strong></span> <span class='ocrx_word' id='word_1_423' title='bbox 331 5687 626 5734; x_wconf 80' lang='lat' dir='ltr'><strong>secundus.</strong></span> <span class='ocrx_word' id='word_1_424' title='bbox 1347 5679 1351 5683; x_wconf 79' lang='grc'><strong>’</strong></span> 
     </span>
    </p>
   </div>
   <div class='ocr_carea' id='block_1_62' title="bbox 292 5744 1246 5885">
    <p class='ocr_par' dir='ltr' id='par_1_62' title="bbox 292 5744 1246 5885">
     <span class='ocr_line' id='line_1_62' title="bbox 292 5744 1246 5885; baseline -0.003 -80"><span class='ocrx_word' id='word_1_425' title='bbox 292 5749 385 5885; x_wconf 66' lang='grc'><strong>18)</strong></span> <span class='ocrx_word' id='word_1_426' title='bbox 413 5753 484 5805; x_wconf 77' lang='lat' dir='ltr'><strong>Et</strong></span> <span class='ocrx_word' id='word_1_427' title='bbox 505 5752 636 5806; x_wconf 81' lang='grc' dir='ltr'>ἐστι</span> <span class='ocrx_word' id='word_1_428' title='bbox 664 5749 917 5822; x_wconf 78' lang='grc' dir='ltr'>γράμμα,</span> <span class='ocrx_word' id='word_1_429' title='bbox 942 5755 1049 5802; x_wconf 89' lang='lat' dir='ltr'><strong>etc.</strong></span> <span class='ocrx_word' id='word_1_430' title='bbox 1082 5744 1246 5803; x_wconf 86' lang='lat' dir='ltr'><strong>Idem.</strong></span> 
     </span>
     <span class='ocr_line' id='line_1_63' title="bbox 292 5819 1246 5885; baseline -0.005 -9"><span class='ocrx_word' id='word_1_431' title='bbox 292 5822 363 5876; x_wconf 66' lang='lat'>49</span> <span class='ocrx_word' id='word_1_432' title='bbox 419 5821 533 5885; x_wconf 79' lang='grc' dir='ltr'><strong>Τῆς</strong></span> <span class='ocrx_word' id='word_1_433' title='bbox 557 5820 659 5875; x_wconf 87' lang='grc' dir='ltr'><strong>τοῦ</strong></span> <span class='ocrx_word' id='word_1_434' title='bbox 690 5821 943 5885; x_wconf 87' lang='grc' dir='ltr'>Πατρός,</span> <span class='ocrx_word' id='word_1_435' title='bbox 972 5830 1079 5871; x_wconf 87' lang='lat' dir='ltr'><strong>etc.</strong></span> <span class='ocrx_word' id='word_1_436' title='bbox 1112 5819 1246 5873; x_wconf 85' lang='lat' dir='ltr'><strong>Idem</strong></span> 
     </span>
    </p>
   </div>
   <div class='ocr_carea' id='block_1_63' title="bbox 292 5819 1275 5891">
    <p class='ocr_par' dir='ltr' id='par_1_63' title="bbox 292 5819 1275 5891">
     <span class='ocr_line' id='line_1_64' title="bbox 292 5819 1275 5891; baseline -0.004 -15"><span class='ocrx_word' id='word_1_437' title='bbox 292 5819 385 5885; x_wconf 72' lang='grc'><strong>49)</strong></span> <span class='ocrx_word' id='word_1_438' title='bbox 419 5821 533 5891; x_wconf 79' lang='grc' dir='ltr'><strong>Τῆς</strong></span> <span class='ocrx_word' id='word_1_439' title='bbox 557 5819 943 5889; x_wconf 75' lang='grc' dir='ltr'>τοῦπατρός,</span> <span class='ocrx_word' id='word_1_440' title='bbox 972 5830 1079 5871; x_wconf 89' lang='lat' dir='ltr'><strong>etc.</strong></span> <span class='ocrx_word' id='word_1_441' title='bbox 1112 5819 1275 5891; x_wconf 69' lang='lat' dir='ltr'><strong>Idem.</strong></span> 
     </span>
    </p>
   </div>
   <div class='ocr_carea' id='block_1_64' title="bbox 269 5888 1755 5965">
    <p class='ocr_par' dir='ltr' id='par_1_64' title="bbox 269 5888 1755 5965">
     <span class='ocr_line' id='line_1_65' title="bbox 269 5888 1755 5965; baseline -0.004 -16"><span class='ocrx_word' id='word_1_442' title='bbox 269 5888 384 5965; x_wconf 76' lang='grc'>(50)</span> <span class='ocrx_word' id='word_1_443' title='bbox 416 5888 709 5965; x_wconf 77' lang='grc' dir='ltr'>Βραχίων,</span> <span class='ocrx_word' id='word_1_444' title='bbox 752 5888 857 5949; x_wconf 84' lang='lat' dir='ltr'><strong>etc.</strong></span> <span class='ocrx_word' id='word_1_445' title='bbox 896 5890 1081 5947; x_wconf 80' lang='lat' dir='ltr'><strong>Codex</strong></span> <span class='ocrx_word' id='word_1_446' title='bbox 1115 5888 1474 5947; x_wconf 81' lang='lat' dir='ltr'><strong>Coisliniauus</strong></span> <span class='ocrx_word' id='word_1_447' title='bbox 1509 5889 1755 5961; x_wconf 55' lang='lat' dir='ltr'><strong>primus,</strong></span> 
     </span>
    </p>
   </div>
   <div class='ocr_carea' id='block_1_65' title="bbox 1908 554 3347 626">
    <p class='ocr_par' dir='ltr' id='par_1_65' title="bbox 1908 554 3347 626">
     <span class='ocr_line' id='line_1_66' title="bbox 1908 554 3347 626; baseline 0.001 -18"><span class='ocrx_word' id='word_1_448' title='bbox 1908 554 2053 623; x_wconf 80' lang='lat' dir='ltr'><strong>geris</strong></span> <span class='ocrx_word' id='word_1_449' title='bbox 2077 574 2096 607; x_wconf 74' lang='grc' dir='ltr'><strong>ο</strong></span> <span class='ocrx_word' id='word_1_450' title='bbox 2137 555 2278 610; x_wconf 88' lang='lat' dir='ltr'><strong>idem</strong></span> <span class='ocrx_word' id='word_1_451' title='bbox 2310 564 2394 611; x_wconf 91' lang='lat' dir='ltr'><strong>est</strong></span> <span class='ocrx_word' id='word_1_452' title='bbox 2426 569 2489 611; x_wconf 89' lang='lat' dir='ltr'><strong>ac</strong></span> <span class='ocrx_word' id='word_1_453' title='bbox 2520 556 2565 611; x_wconf 87' lang='lat' dir='ltr'><strong>si</strong></span> <span class='ocrx_word' id='word_1_454' title='bbox 2592 555 2758 622; x_wconf 89' lang='lat' dir='ltr'><strong>dicat,</strong></span> <span class='ocrx_word' id='word_1_455' title='bbox 2779 555 2854 612; x_wconf 82' lang='lat' dir='ltr'><strong>Ne</strong></span> <span class='ocrx_word' id='word_1_456' title='bbox 2883 555 3044 626; x_wconf 79' lang='lat' dir='ltr'><strong>longe</strong></span> <span class='ocrx_word' id='word_1_457' title='bbox 3072 555 3149 610; x_wconf 87' lang='lat' dir='ltr'><strong>sis</strong></span> <span class='ocrx_word' id='word_1_458' title='bbox 3179 570 3207 609; x_wconf 94' lang='lat' dir='ltr'><strong>a</strong></span> <span class='ocrx_word' id='word_1_459' title='bbox 3240 570 3347 610; x_wconf 88' lang='lat' dir='ltr'><strong>me.</strong></span> 
     </span>
    </p>
   </div>
   <div class='ocr_carea' id='block_1_66' title="bbox 1984 647 3492 719">
    <p class='ocr_par' dir='ltr' id='par_1_66' title="bbox 1984 647 3492 719">
     <span class='ocr_line' id='line_1_67' title="bbox 1984 647 3492 719; baseline 0.002 -17"><span class='ocrx_word' id='word_1_460' title='bbox 1984 648 2266 719; x_wconf 73' lang='lat' dir='ltr'><strong>Ejusdem;</strong></span> <span class='ocrx_word' id='word_1_461' title='bbox 2291 647 2477 719; x_wconf 83' lang='lat' dir='ltr'><strong>Longe</strong></span> <span class='ocrx_word' id='word_1_462' title='bbox 2499 652 2567 705; x_wconf 88' lang='lat' dir='ltr'><strong>ab</strong></span> <span class='ocrx_word' id='word_1_463' title='bbox 2604 649 2829 705; x_wconf 86' lang='lat' dir='ltr'><strong>homine</strong></span> <span class='ocrx_word' id='word_1_464' title='bbox 2850 660 2936 705; x_wconf 89' lang='lat' dir='ltr'><strong>est</strong></span> <span class='ocrx_word' id='word_1_465' title='bbox 2965 650 3127 717; x_wconf 83' lang='lat' dir='ltr'><strong>Deus,</strong></span> <span class='ocrx_word' id='word_1_466' title='bbox 3151 664 3260 705; x_wconf 90' lang='lat' dir='ltr'><strong>non</strong></span> <span class='ocrx_word' id='word_1_467' title='bbox 3293 665 3492 707; x_wconf 88' lang='lat' dir='ltr'><strong>secun-</strong></span> 
     </span>
    </p>
   </div>
   <div class='ocr_carea' id='block_1_67' title="bbox 1908 741 3490 815">
    <p class='ocr_par' dir='ltr' id='par_1_67' title="bbox 1908 741 3490 815">
     <span class='ocr_line' id='line_1_68' title="bbox 1908 741 3490 815; baseline 0 -18"><span class='ocrx_word' id='word_1_468' title='bbox 1908 743 2033 797; x_wconf 87' lang='lat' dir='ltr'><strong>dum</strong></span> <span class='ocrx_word' id='word_1_469' title='bbox 2065 741 2425 797; x_wconf 86' lang='lat' dir='ltr'><strong>substantiam</strong></span> <span class='ocrx_word' id='word_1_470' title='bbox 2463 741 2609 815; x_wconf 87' lang='lat' dir='ltr'><strong>(nam</strong></span> <span class='ocrx_word' id='word_1_471' title='bbox 2646 744 2846 813; x_wconf 85' lang='lat' dir='ltr'><strong>ubique</strong></span> <span class='ocrx_word' id='word_1_472' title='bbox 2887 758 3126 813; x_wconf 72' lang='lat' dir='ltr'><strong>praesens</strong></span> <span class='ocrx_word' id='word_1_473' title='bbox 3167 753 3251 800; x_wconf 87' lang='lat' dir='ltr'><strong>est</strong></span> <span class='ocrx_word' id='word_1_474' title='bbox 3287 753 3342 800; x_wconf 89' lang='lat' dir='ltr'><strong>et</strong></span> <span class='ocrx_word' id='word_1_475' title='bbox 3371 758 3490 798; x_wconf 90' lang='lat' dir='ltr'><strong>om-</strong></span> 
     </span>
    </p>
   </div>
   <div class='ocr_carea' id='block_1_68' title="bbox 1909 835 3491 908">
    <p class='ocr_par' dir='ltr' id='par_1_68' title="bbox 1909 835 3491 908">
     <span class='ocr_line' id='line_1_69' title="bbox 1909 835 3491 908; baseline 0.001 -18"><span class='ocrx_word' id='word_1_476' title='bbox 1909 836 1998 890; x_wconf 88' lang='lat' dir='ltr'><strong>nia</strong></span> <span class='ocrx_word' id='word_1_477' title='bbox 2029 835 2244 908; x_wconf 86' lang='lat' dir='ltr'><strong>replet),</strong></span> <span class='ocrx_word' id='word_1_478' title='bbox 2278 836 2372 892; x_wconf 85' lang='lat' dir='ltr'><strong>sed</strong></span> <span class='ocrx_word' id='word_1_479' title='bbox 2418 836 2716 892; x_wconf 90' lang='lat' dir='ltr'><strong>secundum</strong></span> <span class='ocrx_word' id='word_1_480' title='bbox 2770 837 3123 905; x_wconf 72' lang='lat' dir='ltr'><strong>providentia:</strong></span> <span class='ocrx_word' id='word_1_481' title='bbox 3147 847 3203 892; x_wconf 90' lang='lat' dir='ltr'><strong>et</strong></span> <span class='ocrx_word' id='word_1_482' title='bbox 3232 835 3491 907; x_wconf 86' lang='lat' dir='ltr'><strong>adjutorii</strong></span> 
     </span>
    </p>
   </div>
   <div class='ocr_carea' id='block_1_69' title="bbox 1914 927 3492 1000">
    <p class='ocr_par' dir='ltr' id='par_1_69' title="bbox 1914 927 3492 1000">
     <span class='ocr_line' id='line_1_70' title="bbox 1914 927 3492 1000; baseline 0.001 -17"><span class='ocrx_word' id='word_1_483' title='bbox 1914 927 2235 985; x_wconf 78' lang='lat' dir='ltr'><strong>elﬁcaciam.</strong></span> <span class='ocrx_word' id='word_1_484' title='bbox 2267 927 2566 1000; x_wconf 84' lang='lat' dir='ltr'><strong>Separatur</strong></span> <span class='ocrx_word' id='word_1_485' title='bbox 2586 939 2767 983; x_wconf 87' lang='lat' dir='ltr'><strong>autem</strong></span> <span class='ocrx_word' id='word_1_486' title='bbox 2799 943 2829 983; x_wconf 86' lang='lat' dir='ltr'><strong>a</strong></span> <span class='ocrx_word' id='word_1_487' title='bbox 2865 929 3024 984; x_wconf 88' lang='lat' dir='ltr'><strong>nobis</strong></span> <span class='ocrx_word' id='word_1_488' title='bbox 3056 937 3278 1000; x_wconf 78' lang='lat' dir='ltr'><strong>propter</strong></span> <span class='ocrx_word' id='word_1_489' title='bbox 3302 943 3492 999; x_wconf 83' lang='lat' dir='ltr'><strong>pecca-</strong></span> 
     </span>
    </p>
   </div>
   <div class='ocr_carea' id='block_1_70' title="bbox 1908 1020 3493 1092">
    <p class='ocr_par' dir='ltr' id='par_1_70' title="bbox 1908 1020 3493 1092">
     <span class='ocr_line' id='line_1_71' title="bbox 1908 1020 3493 1092; baseline 0.003 -16"><span class='ocrx_word' id='word_1_490' title='bbox 1908 1030 2083 1077; x_wconf 90' lang='lat' dir='ltr'><strong>torum</strong></span> <span class='ocrx_word' id='word_1_491' title='bbox 2144 1033 2458 1078; x_wconf 84' lang='lat' dir='ltr'><strong>nostrorum</strong></span> <span class='ocrx_word' id='word_1_492' title='bbox 2513 1020 2785 1085; x_wconf 61' lang='lat' dir='ltr'><strong>faetorem,</strong></span> <span class='ocrx_word' id='word_1_493' title='bbox 2832 1025 3292 1092; x_wconf 78' lang='lat' dir='ltr'><strong>quemadmodum</strong></span> <span class='ocrx_word' id='word_1_494' title='bbox 3354 1023 3493 1080; x_wconf 83' lang='lat' dir='ltr'><strong>alius</strong></span> 
     </span>
    </p>
   </div>
   <div class='ocr_carea' id='block_1_71' title="bbox 1911 1112 3492 1184">
    <p class='ocr_par' dir='ltr' id='par_1_71' title="bbox 1911 1112 3492 1184">
     <span class='ocr_line' id='line_1_72' title="bbox 1911 1112 3492 1184; baseline 0.003 -17"><span class='ocrx_word' id='word_1_495' title='bbox 1911 1113 2174 1184; x_wconf 81' lang='lat' dir='ltr'><strong>prOpheta</strong></span> <span class='ocrx_word' id='word_1_496' title='bbox 2213 1113 2380 1169; x_wconf 88' lang='lat' dir='ltr'><strong>dicit:</strong></span> <span class='ocrx_word' id='word_1_497' title='bbox 2414 1112 2688 1171; x_wconf 73' lang='lat' dir='ltr'><strong>«Peccata</strong></span> <span class='ocrx_word' id='word_1_498' title='bbox 2726 1127 2907 1172; x_wconf 82' lang='lat' dir='ltr'><strong>vestra</strong></span> <span class='ocrx_word' id='word_1_499' title='bbox 2946 1124 3200 1184; x_wconf 88' lang='lat' dir='ltr'><strong>separant</strong></span> <span class='ocrx_word' id='word_1_500' title='bbox 3235 1116 3377 1171; x_wconf 83' lang='lat' dir='ltr'><strong>inter</strong></span> <span class='ocrx_word' id='word_1_501' title='bbox 3406 1129 3492 1171; x_wconf 85' lang='lat' dir='ltr'><strong>me</strong></span> 
     </span>
    </p>
   </div>
   <div class='ocr_carea' id='block_1_72' title="bbox 1906 1205 2221 1259">
    <p class='ocr_par' dir='ltr' id='par_1_72' title="bbox 1906 1205 2221 1259">
     <span class='ocr_line' id='line_1_73' title="bbox 1906 1205 2221 1259; baseline 0 -2"><span class='ocrx_word' id='word_1_502' title='bbox 1906 1213 1962 1258; x_wconf 91' lang='lat' dir='ltr'><strong>ct</strong></span> <span class='ocrx_word' id='word_1_503' title='bbox 1987 1220 2083 1259; x_wconf 83' lang='lat' dir='ltr'><strong>vos</strong></span> <span class='ocrx_word' id='word_1_504' title='bbox 2100 1205 2163 1257; x_wconf 83' lang='grc'>²⁹.</span> <span class='ocrx_word' id='word_1_505' title='bbox 2202 1224 2221 1257; x_wconf 72' lang='grc' dir='ltr'><strong>ι</strong></span> 
     </span>
    </p>
   </div>
   <div class='ocr_carea' id='block_1_73' title="bbox 1978 1296 3488 1369">
    <p class='ocr_par' dir='ltr' id='par_1_73' title="bbox 1978 1296 3488 1369">
     <span class='ocr_line' id='line_1_74' title="bbox 1978 1296 3488 1369; baseline 0.001 -18"><span class='ocrx_word' id='word_1_506' title='bbox 1978 1296 2142 1353; x_wconf 70' lang='lat' dir='ltr'><strong>Vnus.</strong></span> <span class='ocrx_word' id='word_1_507' title='bbox 2172 1298 2256 1353; x_wconf 80' lang='grc'>15.</span> <span class='ocrx_word' id='word_1_508' title='bbox 2315 1297 2640 1368; x_wconf 83' lang='lat' dir='ltr'><strong>Operiantur</strong></span> <span class='ocrx_word' id='word_1_509' title='bbox 2694 1299 3007 1356; x_wconf 78' lang='lat' dir='ltr'><strong>confusione</strong></span> <span class='ocrx_word' id='word_1_510' title='bbox 3062 1309 3110 1355; x_wconf 85' lang='lat' dir='ltr'><strong>et</strong></span> <span class='ocrx_word' id='word_1_511' title='bbox 3150 1300 3352 1369; x_wconf 82' lang='lat' dir='ltr'><strong>pudore</strong></span> <span class='ocrx_word' id='word_1_512' title='bbox 3398 1300 3488 1369; x_wconf 79' lang='lat' dir='ltr'><strong>qui</strong></span> 
     </span>
    </p>
   </div>
   <div class='ocr_carea' id='block_1_74' title="bbox 1904 1389 3488 1461">
    <p class='ocr_par' dir='ltr' id='par_1_74' title="bbox 1904 1389 3488 1461">
     <span class='ocr_line' id='line_1_75' title="bbox 1904 1389 3488 1461; baseline 0.003 -20"><span class='ocrx_word' id='word_1_513' title='bbox 1904 1400 2144 1457; x_wconf 73' lang='lat' dir='ltr'><strong>qumrunt</strong></span> <span class='ocrx_word' id='word_1_514' title='bbox 2182 1389 2323 1445; x_wconf 88' lang='lat' dir='ltr'><strong>mala</strong></span> <span class='ocrx_word' id='word_1_515' title='bbox 2378 1391 2534 1455; x_wconf 81' lang='lat' dir='ltr'><strong>mihi,</strong></span> <span class='ocrx_word' id='word_1_516' title='bbox 2574 1401 2681 1446; x_wconf 86' lang='lat' dir='ltr'><strong>etc.</strong></span> <span class='ocrx_word' id='word_1_517' title='bbox 2741 1390 2901 1456; x_wconf 89' lang='lat' dir='ltr'><strong>lllud,</strong></span> <span class='ocrx_word' id='word_1_518' title='bbox 2952 1391 3210 1447; x_wconf 75' lang='lat' dir='ltr'><strong>oDimitte</strong></span> <span class='ocrx_word' id='word_1_519' title='bbox 3246 1393 3319 1446; x_wconf 90' lang='lat' dir='ltr'><strong>illi</strong></span> <span class='ocrx_word' id='word_1_520' title='bbox 3373 1391 3488 1461; x_wconf 90' lang='lat' dir='ltr'><strong>pal-</strong></span> 
     </span>
    </p>
   </div>
   <div class='ocr_carea' id='block_1_75' title="bbox 1908 1480 3486 1555">
    <p class='ocr_par' dir='ltr' id='par_1_75' title="bbox 1908 1480 3486 1555">
     <span class='ocr_line' id='line_1_76' title="bbox 1908 1480 3486 1555; baseline 0.004 -23"><span class='ocrx_word' id='word_1_521' title='bbox 1908 1480 2035 1535; x_wconf 89' lang='lat' dir='ltr'><strong>lium</strong></span> <span class='ocrx_word' id='word_1_522' title='bbox 2062 1480 2128 1547; x_wconf 78' lang='grc'>³⁸,</span> <span class='ocrx_word' id='word_1_523' title='bbox 2160 1501 2179 1535; x_wconf 70' lang='grc' dir='ltr'><strong>ι</strong></span> <span class='ocrx_word' id='word_1_524' title='bbox 2213 1482 2403 1537; x_wconf 80' lang='lat' dir='ltr'><strong>referri</strong></span> <span class='ocrx_word' id='word_1_525' title='bbox 2461 1494 2638 1553; x_wconf 81' lang='lat' dir='ltr'><strong>potest</strong></span> <span class='ocrx_word' id='word_1_526' title='bbox 2677 1484 2743 1539; x_wconf 91' lang='lat' dir='ltr'><strong>ad</strong></span> <span class='ocrx_word' id='word_1_527' title='bbox 2792 1483 3169 1540; x_wconf 79' lang='lat' dir='ltr'><strong>confusionem</strong></span> <span class='ocrx_word' id='word_1_528' title='bbox 3206 1494 3259 1539; x_wconf 86' lang='lat' dir='ltr'><strong>et</strong></span> <span class='ocrx_word' id='word_1_529' title='bbox 3314 1485 3486 1555; x_wconf 83' lang='lat' dir='ltr'><strong>pudo-</strong></span> 
     </span>
    </p>
   </div>
   <div class='ocr_carea' id='block_1_76' title="bbox 1910 1572 3086 1644">
    <p class='ocr_par' dir='ltr' id='par_1_76' title="bbox 1910 1572 3086 1644">
     <span class='ocr_line' id='line_1_77' title="bbox 1910 1572 3086 1644; baseline 0.002 -19"><span class='ocrx_word' id='word_1_530' title='bbox 1910 1587 2023 1625; x_wconf 88' lang='lat' dir='ltr'><strong>rem</strong></span> <span class='ocrx_word' id='word_1_531' title='bbox 2060 1573 2257 1642; x_wconf 85' lang='lat' dir='ltr'><strong>quibus</strong></span> <span class='ocrx_word' id='word_1_532' title='bbox 2283 1574 2534 1644; x_wconf 80' lang='lat' dir='ltr'><strong>Operitur</strong></span> <span class='ocrx_word' id='word_1_533' title='bbox 2565 1573 2659 1644; x_wconf 88' lang='lat' dir='ltr'><strong>qui</strong></span> <span class='ocrx_word' id='word_1_534' title='bbox 2693 1572 2958 1643; x_wconf 86' lang='lat' dir='ltr'><strong>ejusmodi</strong></span> <span class='ocrx_word' id='word_1_535' title='bbox 2981 1584 3086 1629; x_wconf 86' lang='lat' dir='ltr'><strong>est.</strong></span> 
     </span>
    </p>
   </div>
   <div class='ocr_carea' id='block_1_77' title="bbox 1980 1665 3489 1735">
    <p class='ocr_par' dir='ltr' id='par_1_77' title="bbox 1980 1665 3489 1735">
     <span class='ocr_line' id='line_1_78' title="bbox 1980 1665 3489 1735; baseline 0 -15"><span class='ocrx_word' id='word_1_536' title='bbox 1980 1665 2145 1720; x_wconf 70' lang='lat' dir='ltr'><strong>Vens.</strong></span> <span class='ocrx_word' id='word_1_537' title='bbox 2184 1665 2267 1721; x_wconf 73' lang='lat' dir='ltr'><strong>M.</strong></span> <span class='ocrx_word' id='word_1_538' title='bbox 2309 1665 2419 1735; x_wconf 86' lang='lat' dir='ltr'><strong>Ego</strong></span> <span class='ocrx_word' id='word_1_539' title='bbox 2447 1675 2623 1719; x_wconf 89' lang='lat' dir='ltr'><strong>autem</strong></span> <span class='ocrx_word' id='word_1_540' title='bbox 2643 1680 2847 1735; x_wconf 87' lang='lat' dir='ltr'><strong>semper</strong></span> <span class='ocrx_word' id='word_1_541' title='bbox 2871 1665 3112 1735; x_wconf 78' lang='lat' dir='ltr'><strong>sperabo,</strong></span> <span class='ocrx_word' id='word_1_542' title='bbox 3161 1674 3208 1720; x_wconf 84' lang='lat' dir='ltr'><strong>et</strong></span> <span class='ocrx_word' id='word_1_543' title='bbox 3233 1665 3489 1735; x_wconf 80' lang='lat' dir='ltr'><strong>adjiciam</strong></span> 
     </span>
    </p>
   </div>
   <div class='ocr_carea' id='block_1_78' title="bbox 1906 1758 3491 1826">
    <p class='ocr_par' dir='ltr' id='par_1_78' title="bbox 1906 1758 3491 1826">
     <span class='ocr_line' id='line_1_79' title="bbox 1906 1758 3491 1826; baseline 0.001 -15"><span class='ocrx_word' id='word_1_544' title='bbox 1906 1774 2064 1826; x_wconf 80' lang='lat' dir='ltr'><strong>super</strong></span> <span class='ocrx_word' id='word_1_545' title='bbox 2091 1774 2295 1813; x_wconf 86' lang='lat' dir='ltr'><strong>omnem</strong></span> <span class='ocrx_word' id='word_1_546' title='bbox 2322 1758 2535 1814; x_wconf 88' lang='lat' dir='ltr'><strong>laudem</strong></span> <span class='ocrx_word' id='word_1_547' title='bbox 2561 1767 2729 1826; x_wconf 88' lang='lat' dir='ltr'><strong>tuam,</strong></span> <span class='ocrx_word' id='word_1_548' title='bbox 2755 1767 2864 1813; x_wconf 88' lang='lat' dir='ltr'><strong>etc.</strong></span> <span class='ocrx_word' id='word_1_549' title='bbox 2894 1758 3151 1813; x_wconf 81' lang='lat' dir='ltr'><strong>Plurimae</strong></span> <span class='ocrx_word' id='word_1_550' title='bbox 3181 1759 3339 1815; x_wconf 75' lang='lat' dir='ltr'><strong>dieue</strong></span> <span class='ocrx_word' id='word_1_551' title='bbox 3363 1768 3491 1814; x_wconf 88' lang='lat' dir='ltr'><strong>sunt</strong></span> 
     </span>
    </p>
   </div>
   <div class='ocr_carea' id='block_1_79' title="bbox 1907 1850 3489 1923">
    <p class='ocr_par' dir='ltr' id='par_1_79' title="bbox 1907 1850 3489 1923">
     <span class='ocr_line' id='line_1_80' title="bbox 1907 1850 3489 1923; baseline 0.001 -18"><span class='ocrx_word' id='word_1_552' title='bbox 1907 1852 1958 1905; x_wconf 92' lang='lat' dir='ltr'><strong>in</strong></span> <span class='ocrx_word' id='word_1_553' title='bbox 1992 1852 2107 1921; x_wconf 77' lang='lat' dir='ltr'><strong>lege</strong></span> <span class='ocrx_word' id='word_1_554' title='bbox 2138 1859 2193 1905; x_wconf 88' lang='lat' dir='ltr'><strong>et</strong></span> <span class='ocrx_word' id='word_1_555' title='bbox 2232 1851 2518 1921; x_wconf 88' lang='lat' dir='ltr'><strong>prophetis</strong></span> <span class='ocrx_word' id='word_1_556' title='bbox 2564 1850 2657 1906; x_wconf 84' lang='lat' dir='ltr'><strong>Dei</strong></span> <span class='ocrx_word' id='word_1_557' title='bbox 2714 1851 2922 1917; x_wconf 89' lang='lat' dir='ltr'><strong>laudes,</strong></span> <span class='ocrx_word' id='word_1_558' title='bbox 2953 1851 3151 1921; x_wconf 87' lang='lat' dir='ltr'><strong>quibus</strong></span> <span class='ocrx_word' id='word_1_559' title='bbox 3184 1851 3371 1923; x_wconf 89' lang='lat' dir='ltr'><strong>adjicit</strong></span> <span class='ocrx_word' id='word_1_560' title='bbox 3394 1851 3489 1921; x_wconf 90' lang='lat' dir='ltr'><strong>qui</strong></span> 
     </span>
    </p>
   </div>
   <div class='ocr_carea' id='block_1_80' title="bbox 1904 1942 3487 2014">
    <p class='ocr_par' dir='ltr' id='par_1_80' title="bbox 1904 1942 3487 2014">
     <span class='ocr_line' id='line_1_81' title="bbox 1904 1942 3487 2014; baseline -0.001 -16"><span class='ocrx_word' id='word_1_561' title='bbox 1904 1943 2095 1998; x_wconf 76' lang='lat' dir='ltr'><strong>dixit“</strong></span> <span class='ocrx_word' id='word_1_562' title='bbox 2128 1961 2141 1998; x_wconf 90' lang='lat'><strong>:</strong></span> <span class='ocrx_word' id='word_1_563' title='bbox 2178 1962 2196 1994; x_wconf 77' lang='grc' dir='ltr'><strong>ι</strong></span> <span class='ocrx_word' id='word_1_564' title='bbox 2230 1942 2344 1998; x_wconf 84' lang='lat' dir='ltr'><strong>Non</strong></span> <span class='ocrx_word' id='word_1_565' title='bbox 2375 1943 2502 1998; x_wconf 85' lang='lat' dir='ltr'><strong>veni</strong></span> <span class='ocrx_word' id='word_1_566' title='bbox 2557 1942 2770 1999; x_wconf 83' lang='lat' dir='ltr'><strong>solvere</strong></span> <span class='ocrx_word' id='word_1_567' title='bbox 2819 1942 2991 2014; x_wconf 75' lang='lat' dir='ltr'><strong>legem</strong></span> <span class='ocrx_word' id='word_1_568' title='bbox 3028 1950 3123 1996; x_wconf 85' lang='lat' dir='ltr'><strong>aut</strong></span> <span class='ocrx_word' id='word_1_569' title='bbox 3168 1942 3487 2012; x_wconf 83' lang='lat' dir='ltr'><strong>prephetas,</strong></span> 
     </span>
    </p>
   </div>
   <div class='ocr_carea' id='block_1_81' title="bbox 1902 2033 3486 2106">
    <p class='ocr_par' dir='ltr' id='par_1_81' title="bbox 1902 2033 3486 2106">
     <span class='ocr_line' id='line_1_82' title="bbox 1902 2033 3486 2106; baseline -0.002 -15"><span class='ocrx_word' id='word_1_570' title='bbox 1902 2035 1997 2092; x_wconf 85' lang='lat' dir='ltr'><strong>sed</strong></span> <span class='ocrx_word' id='word_1_571' title='bbox 2034 2036 2351 2106; x_wconf 85' lang='lat' dir='ltr'><strong>adimplere,</strong></span> <span class='ocrx_word' id='word_1_572' title='bbox 2375 2054 2393 2087; x_wconf 73' lang='grc' dir='ltr'><strong>ι</strong></span> <span class='ocrx_word' id='word_1_573' title='bbox 2431 2036 2886 2106; x_wconf 83' lang='lat' dir='ltr'><strong>quemadmodum</strong></span> <span class='ocrx_word' id='word_1_574' title='bbox 2918 2035 2990 2090; x_wconf 92' lang='lat' dir='ltr'><strong>illi</strong></span> <span class='ocrx_word' id='word_1_575' title='bbox 3017 2036 3190 2105; x_wconf 76' lang='lat' dir='ltr'><strong>placet</strong></span> <span class='ocrx_word' id='word_1_576' title='bbox 3230 2033 3486 2088; x_wconf 66' lang='lat' dir='ltr'><strong>Ecclesia:</strong></span> 
     </span>
    </p>
   </div>
   <div class='ocr_carea' id='block_1_82' title="bbox 1902 2130 2887 2203">
    <p class='ocr_par' dir='ltr' id='par_1_82' title="bbox 1902 2130 2887 2203">
     <span class='ocr_line' id='line_1_83' title="bbox 1902 2130 2887 2203; baseline -0.001 -19"><span class='ocrx_word' id='word_1_577' title='bbox 1902 2140 2022 2203; x_wconf 66' lang='lat' dir='ltr'><strong>qua:</strong></span> <span class='ocrx_word' id='word_1_578' title='bbox 2048 2144 2078 2184; x_wconf 88' lang='lat' dir='ltr'><strong>a</strong></span> <span class='ocrx_word' id='word_1_579' title='bbox 2109 2130 2326 2186; x_wconf 84' lang='lat' dir='ltr'><strong>Christo</strong></span> <span class='ocrx_word' id='word_1_580' title='bbox 2357 2145 2553 2186; x_wconf 88' lang='lat' dir='ltr'><strong>nomen</strong></span> <span class='ocrx_word' id='word_1_581' title='bbox 2586 2130 2772 2185; x_wconf 84' lang='lat' dir='ltr'><strong>habet.</strong></span> <span class='ocrx_word' id='word_1_582' title='bbox 2880 2140 2887 2151; x_wconf 90' lang='lat'>&#39;</span> 
     </span>
    </p>
   </div>
   <div class='ocr_carea' id='block_1_83' title="bbox 1975 2225 3483 2297">
    <p class='ocr_par' dir='ltr' id='par_1_83' title="bbox 1975 2225 3483 2297">
     <span class='ocr_line' id='line_1_84' title="bbox 1975 2225 3483 2297; baseline -0.003 -16"><span class='ocrx_word' id='word_1_583' title='bbox 1975 2227 2140 2285; x_wconf 73' lang='lat' dir='ltr'><strong>Vens.</strong></span> <span class='ocrx_word' id='word_1_584' title='bbox 2175 2227 2263 2283; x_wconf 87' lang='grc'>15.</span> <span class='ocrx_word' id='word_1_585' title='bbox 2289 2228 2557 2294; x_wconf 84' lang='lat' dir='ltr'><strong>Quoniam</strong></span> <span class='ocrx_word' id='word_1_586' title='bbox 2587 2243 2692 2282; x_wconf 86' lang='lat' dir='ltr'><strong>non</strong></span> <span class='ocrx_word' id='word_1_587' title='bbox 2721 2227 2936 2297; x_wconf 83' lang='lat' dir='ltr'><strong>cognovi</strong></span> <span class='ocrx_word' id='word_1_588' title='bbox 2966 2225 3349 2288; x_wconf 80' lang='lat' dir='ltr'><strong>litteraturam,</strong></span> <span class='ocrx_word' id='word_1_589' title='bbox 3374 2231 3483 2277; x_wconf 90' lang='lat' dir='ltr'><strong>etc.</strong></span> 
     </span>
    </p>
   </div>
   <div class='ocr_carea' id='block_1_84' title="bbox 1903 2311 3481 2389">
    <p class='ocr_par' dir='ltr' id='par_1_84' title="bbox 1903 2311 3481 2389">
     <span class='ocr_line' id='line_1_85' title="bbox 1903 2311 3481 2389; baseline -0.006 -12"><span class='ocrx_word' id='word_1_590' title='bbox 1903 2319 1959 2378; x_wconf 89' lang='lat' dir='ltr'><strong>Si</strong></span> <span class='ocrx_word' id='word_1_591' title='bbox 1989 2331 2076 2376; x_wconf 89' lang='lat' dir='ltr'><strong>est</strong></span> <span class='ocrx_word' id='word_1_592' title='bbox 2103 2320 2282 2375; x_wconf 87' lang='lat' dir='ltr'><strong>littera</strong></span> <span class='ocrx_word' id='word_1_593' title='bbox 2306 2317 2587 2385; x_wconf 88' lang='lat' dir='ltr'><strong>occidens,</strong></span> <span class='ocrx_word' id='word_1_594' title='bbox 2623 2318 2851 2389; x_wconf 88' lang='lat' dir='ltr'><strong>spiritus</strong></span> <span class='ocrx_word' id='word_1_595' title='bbox 2880 2326 3065 2371; x_wconf 88' lang='lat' dir='ltr'><strong>autem</strong></span> <span class='ocrx_word' id='word_1_596' title='bbox 3098 2313 3403 2380; x_wconf 69' lang='lat' dir='ltr'><strong>viviﬁcaris,</strong></span> <span class='ocrx_word' id='word_1_597' title='bbox 3426 2311 3481 2367; x_wconf 85' lang='lat' dir='ltr'><strong>id</strong></span> 
     </span>
    </p>
   </div>
   <div class='ocr_carea' id='block_1_85' title="bbox 1900 2406 3485 2485">
    <p class='ocr_par' dir='ltr' id='par_1_85' title="bbox 1900 2406 3485 2485">
     <span class='ocr_line' id='line_1_86' title="bbox 1900 2406 3485 2485; baseline -0.005 -18"><span class='ocrx_word' id='word_1_598' title='bbox 1900 2414 2045 2485; x_wconf 90' lang='lat' dir='ltr'><strong>quod</strong></span> <span class='ocrx_word' id='word_1_599' title='bbox 2098 2428 2129 2468; x_wconf 90' lang='lat' dir='ltr'><strong>a</strong></span> <span class='ocrx_word' id='word_1_600' title='bbox 2176 2413 2361 2468; x_wconf 86' lang='lat' dir='ltr'><strong>littera</strong></span> <span class='ocrx_word' id='word_1_601' title='bbox 2402 2410 2910 2467; x_wconf 87' lang='lat' dir='ltr'><strong>denominationem</strong></span> <span class='ocrx_word' id='word_1_602' title='bbox 2946 2409 3131 2475; x_wconf 85' lang='lat' dir='ltr'><strong>habet,</strong></span> <span class='ocrx_word' id='word_1_603' title='bbox 3167 2423 3272 2462; x_wconf 90' lang='lat' dir='ltr'><strong>non</strong></span> <span class='ocrx_word' id='word_1_604' title='bbox 3333 2406 3485 2461; x_wconf 84' lang='lat' dir='ltr'><strong>novit</strong></span> 
     </span>
    </p>
   </div>
   <div class='ocr_carea' id='block_1_86' title="bbox 1902 2496 3486 2577">
    <p class='ocr_par' dir='ltr' id='par_1_86' title="bbox 1902 2496 3486 2577">
     <span class='ocr_line' id='line_1_87' title="bbox 1902 2496 3486 2577; baseline -0.006 -15"><span class='ocrx_word' id='word_1_605' title='bbox 1902 2508 2162 2563; x_wconf 85' lang='lat' dir='ltr'><strong>Dominus</strong></span> <span class='ocrx_word' id='word_1_606' title='bbox 2184 2506 2275 2577; x_wconf 92' lang='lat' dir='ltr'><strong>qui</strong></span> <span class='ocrx_word' id='word_1_607' title='bbox 2301 2505 2450 2561; x_wconf 82' lang='lat' dir='ltr'><strong>novit</strong></span> <span class='ocrx_word' id='word_1_608' title='bbox 2482 2518 2578 2560; x_wconf 85' lang='lat' dir='ltr'><strong>eos</strong></span> <span class='ocrx_word' id='word_1_609' title='bbox 2628 2504 2720 2574; x_wconf 87' lang='lat' dir='ltr'><strong>qui</strong></span> <span class='ocrx_word' id='word_1_610' title='bbox 2756 2512 2885 2558; x_wconf 90' lang='lat' dir='ltr'><strong>sunt</strong></span> <span class='ocrx_word' id='word_1_611' title='bbox 2909 2503 3070 2567; x_wconf 87' lang='lat' dir='ltr'><strong>ejus;</strong></span> <span class='ocrx_word' id='word_1_612' title='bbox 3106 2502 3159 2555; x_wconf 91' lang='lat' dir='ltr'><strong>id</strong></span> <span class='ocrx_word' id='word_1_613' title='bbox 3186 2515 3318 2555; x_wconf 85' lang='lat' dir='ltr'><strong>vero</strong></span> <span class='ocrx_word' id='word_1_614' title='bbox 3339 2496 3486 2569; x_wconf 89' lang='lat' dir='ltr'><strong>quod</strong></span> 
     </span>
    </p>
   </div>
   <div class='ocr_carea' id='block_1_87' title="bbox 1900 2597 2788 2667">
    <p class='ocr_par' dir='ltr' id='par_1_87' title="bbox 1900 2597 2788 2667">
     <span class='ocr_line' id='line_1_88' title="bbox 1900 2597 2788 2667; baseline -0.003 -13"><span class='ocrx_word' id='word_1_615' title='bbox 1900 2616 1929 2654; x_wconf 90' lang='lat' dir='ltr'><strong>a</strong></span> <span class='ocrx_word' id='word_1_616' title='bbox 1958 2600 2151 2667; x_wconf 77' lang='lat' dir='ltr'><strong>Spiritu</strong></span> <span class='ocrx_word' id='word_1_617' title='bbox 2181 2598 2586 2664; x_wconf 89' lang='lat' dir='ltr'><strong>denominatur,</strong></span> <span class='ocrx_word' id='word_1_618' title='bbox 2616 2597 2788 2652; x_wconf 81' lang='lat' dir='ltr'><strong>novit.</strong></span> 
     </span>
    </p>
   </div>
   <div class='ocr_carea' id='block_1_88' title="bbox 1975 2687 3486 2757">
    <p class='ocr_par' dir='ltr' id='par_1_88' title="bbox 1975 2687 3486 2757">
     <span class='ocr_line' id='line_1_89' title="bbox 1975 2687 3486 2757; baseline -0.004 -13"><span class='ocrx_word' id='word_1_619' title='bbox 1975 2693 2138 2746; x_wconf 74' lang='lat' dir='ltr'><strong>Vens.</strong></span> <span class='ocrx_word' id='word_1_620' title='bbox 2191 2691 2279 2747; x_wconf 84' lang='lat' dir='ltr'><strong>l6.</strong></span> <span class='ocrx_word' id='word_1_621' title='bbox 2319 2691 2563 2756; x_wconf 87' lang='lat' dir='ltr'><strong>Domine,</strong></span> <span class='ocrx_word' id='word_1_622' title='bbox 2596 2689 2929 2745; x_wconf 75' lang='lat' dir='ltr'><strong>nit-morabor</strong></span> <span class='ocrx_word' id='word_1_623' title='bbox 2957 2687 3191 2757; x_wconf 64' lang='lat' dir='ltr'><strong>justitia;</strong></span> <span class='ocrx_word' id='word_1_624' title='bbox 3244 2696 3349 2740; x_wconf 80' lang='lat' dir='ltr'><strong>tute</strong></span> <span class='ocrx_word' id='word_1_625' title='bbox 3399 2699 3486 2739; x_wconf 78' lang='lat' dir='ltr'><strong>so-</strong></span> 
     </span>
    </p>
   </div>
   <div class='ocr_carea' id='block_1_89' title="bbox 1900 2778 3485 2853">
    <p class='ocr_par' dir='ltr' id='par_1_89' title="bbox 1900 2778 3485 2853">
     <span class='ocr_line' id='line_1_90' title="bbox 1900 2778 3485 2853; baseline -0.003 -15"><span class='ocrx_word' id='word_1_626' title='bbox 1900 2785 2028 2847; x_wconf 80' lang='lat' dir='ltr'><strong>lius,</strong></span> <span class='ocrx_word' id='word_1_627' title='bbox 2073 2795 2177 2840; x_wconf 86' lang='lat' dir='ltr'><strong>etc.</strong></span> <span class='ocrx_word' id='word_1_628' title='bbox 2220 2783 2470 2839; x_wconf 64' lang='lat' dir='ltr'><strong>Paterna:</strong></span> <span class='ocrx_word' id='word_1_629' title='bbox 2520 2782 2746 2853; x_wconf 72' lang='lat' dir='ltr'><strong>iustitiae</strong></span> <span class='ocrx_word' id='word_1_630' title='bbox 2782 2781 3032 2837; x_wconf 83' lang='lat' dir='ltr'><strong>Christus</strong></span> <span class='ocrx_word' id='word_1_631' title='bbox 3062 2778 3485 2837; x_wconf 88' lang='lat' dir='ltr'><strong>memorabitur.</strong></span> 
     </span>
    </p>
   </div>
   <div class='ocr_carea' id='block_1_90' title="bbox 1972 2968 3483 3038">
    <p class='ocr_par' dir='ltr' id='par_1_90' title="bbox 1972 2968 3483 3038">
     <span class='ocr_line' id='line_1_91' title="bbox 1972 2968 3483 3038; baseline -0.003 -12"><span class='ocrx_word' id='word_1_632' title='bbox 1972 2971 2137 3027; x_wconf 67' lang='lat' dir='ltr'><strong>Vens.</strong></span> <span class='ocrx_word' id='word_1_633' title='bbox 2171 2970 2259 3026; x_wconf 90' lang='grc'>18.</span> <span class='ocrx_word' id='word_1_634' title='bbox 2291 2970 2467 3025; x_wconf 83' lang='lat' dir='ltr'><strong>Donec</strong></span> <span class='ocrx_word' id='word_1_635' title='bbox 2510 2970 2819 3025; x_wconf 88' lang='lat' dir='ltr'><strong>annuntiem</strong></span> <span class='ocrx_word' id='word_1_636' title='bbox 2846 2968 3119 3022; x_wconf 82' lang='lat' dir='ltr'><strong>brachium</strong></span> <span class='ocrx_word' id='word_1_637' title='bbox 3149 2977 3298 3021; x_wconf 85' lang='lat' dir='ltr'><strong>tuum</strong></span> <span class='ocrx_word' id='word_1_638' title='bbox 3326 2983 3483 3038; x_wconf 81' lang='lat' dir='ltr'><strong>gene-</strong></span> 
     </span>
    </p>
   </div>
   <div class='ocr_carea' id='block_1_91' title="bbox 1901 3060 3485 3135">
    <p class='ocr_par' dir='ltr' id='par_1_91' title="bbox 1901 3060 3485 3135">
     <span class='ocr_line' id='line_1_92' title="bbox 1901 3060 3485 3135; baseline -0.002 -16"><span class='ocrx_word' id='word_1_639' title='bbox 1901 3066 2098 3121; x_wconf 84' lang='lat' dir='ltr'><strong>rationi</strong></span> <span class='ocrx_word' id='word_1_640' title='bbox 2131 3066 2274 3120; x_wconf 87' lang='lat' dir='ltr'><strong>omni</strong></span> <span class='ocrx_word' id='word_1_641' title='bbox 2315 3080 2433 3135; x_wconf 77' lang='lat' dir='ltr'><strong>qua:</strong></span> <span class='ocrx_word' id='word_1_642' title='bbox 2482 3075 2704 3119; x_wconf 84' lang='lat' dir='ltr'><strong>ventura</strong></span> <span class='ocrx_word' id='word_1_643' title='bbox 2747 3077 2845 3128; x_wconf 86' lang='lat' dir='ltr'><strong>est,</strong></span> <span class='ocrx_word' id='word_1_644' title='bbox 2883 3071 2991 3117; x_wconf 88' lang='lat' dir='ltr'><strong>etc.</strong></span> <span class='ocrx_word' id='word_1_645' title='bbox 3047 3060 3334 3115; x_wconf 83' lang='lat' dir='ltr'><strong>Brachium</strong></span> <span class='ocrx_word' id='word_1_646' title='bbox 3386 3061 3485 3117; x_wconf 85' lang='lat' dir='ltr'><strong>Dei</strong></span> 
     </span>
    </p>
   </div>
   <div class='ocr_carea' id='block_1_92' title="bbox 1818 3161 2283 3230">
    <p class='ocr_par' dir='ltr' id='par_1_92' title="bbox 1818 3161 2283 3230">
     <span class='ocr_line' id='line_1_93' title="bbox 1818 3161 2283 3230; baseline -0.015 -12"><span class='ocrx_word' id='word_1_647' title='bbox 1818 3170 1863 3230; x_wconf 73' lang='grc' dir='ltr'>(ι</span> <span class='ocrx_word' id='word_1_648' title='bbox 1896 3161 2146 3218; x_wconf 77' lang='lat' dir='ltr'><strong>Christus</strong></span> <span class='ocrx_word' id='word_1_649' title='bbox 2180 3168 2283 3215; x_wconf 87' lang='lat' dir='ltr'><strong>est.</strong></span> 
     </span>
    </p>
   </div>
   <div class='ocr_carea' id='block_1_93' title="bbox 1971 3243 3485 3317">
    <p class='ocr_par' dir='ltr' id='par_1_93' title="bbox 1971 3243 3485 3317">
     <span class='ocr_line' id='line_1_94' title="bbox 1971 3243 3485 3317; baseline -0.005 -10"><span class='ocrx_word' id='word_1_650' title='bbox 1971 3251 2257 3311; x_wconf 74' lang='lat' dir='ltr'><strong>Vsus.&#39;i9.</strong></span> <span class='ocrx_word' id='word_1_651' title='bbox 2308 3251 2470 3317; x_wconf 84' lang='lat' dir='ltr'><strong>Deus,</strong></span> <span class='ocrx_word' id='word_1_652' title='bbox 2508 3266 2672 3317; x_wconf 86' lang='lat' dir='ltr'><strong>usque</strong></span> <span class='ocrx_word' id='word_1_653' title='bbox 2727 3249 2781 3303; x_wconf 85' lang='lat' dir='ltr'><strong>in</strong></span> <span class='ocrx_word' id='word_1_654' title='bbox 2840 3247 3105 3302; x_wconf 86' lang='lat' dir='ltr'><strong>altissima</strong></span> <span class='ocrx_word' id='word_1_655' title='bbox 3164 3262 3282 3317; x_wconf 77' lang='lat' dir='ltr'><strong>qua:</strong></span> <span class='ocrx_word' id='word_1_656' title='bbox 3310 3243 3485 3314; x_wconf 77' lang='lat' dir='ltr'><strong>fecisti</strong></span> 
     </span>
    </p>
   </div>
   <div class='ocr_carea' id='block_1_94' title="bbox 1897 3334 3484 3417">
    <p class='ocr_par' dir='ltr' id='par_1_94' title="bbox 1897 3334 3484 3417">
     <span class='ocr_line' id='line_1_95' title="bbox 1897 3334 3484 3417; baseline -0.007 -17"><span class='ocrx_word' id='word_1_657' title='bbox 1897 3345 2189 3417; x_wconf 83' lang='lat' dir='ltr'><strong>magnalia,</strong></span> <span class='ocrx_word' id='word_1_658' title='bbox 2231 3352 2337 3399; x_wconf 89' lang='lat' dir='ltr'><strong>etc.</strong></span> <span class='ocrx_word' id='word_1_659' title='bbox 2375 3361 2394 3394; x_wconf 80' lang='grc' dir='ltr'><strong>ι</strong></span> <span class='ocrx_word' id='word_1_660' title='bbox 2421 3339 2723 3397; x_wconf 80' lang='lat' dir='ltr'><strong>Paciﬁcans</strong></span> <span class='ocrx_word' id='word_1_661' title='bbox 2770 3354 2867 3410; x_wconf 88' lang='lat' dir='ltr'><strong>per</strong></span> <span class='ocrx_word' id='word_1_662' title='bbox 2916 3336 3238 3407; x_wconf 82' lang='lat' dir='ltr'><strong>sanguinem</strong></span> <span class='ocrx_word' id='word_1_663' title='bbox 3285 3334 3403 3405; x_wconf 87' lang='lat' dir='ltr'><strong>ejus</strong></span> <span class='ocrx_word' id='word_1_664' title='bbox 3431 3342 3484 3390; x_wconf 87' lang='lat' dir='ltr'><strong>et</strong></span> 
     </span>
    </p>
   </div>
   <div class='ocr_carea' id='block_1_95' title="bbox 1898 3430 3091 3510">
    <p class='ocr_par' dir='ltr' id='par_1_95' title="bbox 1898 3430 3091 3510">
     <span class='ocr_line' id='line_1_96' title="bbox 1898 3430 3091 3510; baseline -0.007 -20"><span class='ocrx_word' id='word_1_665' title='bbox 1898 3456 2015 3510; x_wconf 74' lang='lat' dir='ltr'><strong>qua:</strong></span> <span class='ocrx_word' id='word_1_666' title='bbox 2048 3439 2100 3491; x_wconf 88' lang='lat' dir='ltr'><strong>in</strong></span> <span class='ocrx_word' id='word_1_667' title='bbox 2137 3435 2295 3492; x_wconf 68' lang='lat' dir='ltr'><strong>caelis</strong></span> <span class='ocrx_word' id='word_1_668' title='bbox 2318 3447 2373 3491; x_wconf 91' lang='lat' dir='ltr'><strong>et</strong></span> <span class='ocrx_word' id='word_1_669' title='bbox 2402 3450 2524 3506; x_wconf 72' lang='lat' dir='ltr'><strong>qua:</strong></span> <span class='ocrx_word' id='word_1_670' title='bbox 2558 3434 2611 3489; x_wconf 94' lang='lat' dir='ltr'><strong>in</strong></span> <span class='ocrx_word' id='word_1_671' title='bbox 2643 3443 2787 3489; x_wconf 84' lang='lat' dir='ltr'><strong>terra</strong></span> <span class='ocrx_word' id='word_1_672' title='bbox 2820 3440 2946 3488; x_wconf 91' lang='lat' dir='ltr'><strong>sunt</strong></span> <span class='ocrx_word' id='word_1_673' title='bbox 2970 3430 3034 3484; x_wconf 76' lang='grc'><strong>³³.</strong></span> <span class='ocrx_word' id='word_1_674' title='bbox 3072 3448 3091 3482; x_wconf 68' lang='grc' dir='ltr'><strong>ι</strong></span> 
     </span>
    </p>
   </div>
   <div class='ocr_carea' id='block_1_96' title="bbox 1970 3520 3482 3595">
    <p class='ocr_par' dir='ltr' id='par_1_96' title="bbox 1970 3520 3482 3595">
     <span class='ocr_line' id='line_1_97' title="bbox 1970 3520 3482 3595; baseline -0.007 -9"><span class='ocrx_word' id='word_1_675' title='bbox 1970 3530 2136 3586; x_wconf 72' lang='lat' dir='ltr'><strong>Vens.</strong></span> <span class='ocrx_word' id='word_1_676' title='bbox 2174 3528 2265 3588; x_wconf 70' lang='grc'><strong>90.</strong></span> <span class='ocrx_word' id='word_1_677' title='bbox 2304 3528 2547 3595; x_wconf 84' lang='lat' dir='ltr'><strong>Quantas</strong></span> <span class='ocrx_word' id='word_1_678' title='bbox 2593 3527 2870 3582; x_wconf 81' lang='lat' dir='ltr'><strong>ostendisti</strong></span> <span class='ocrx_word' id='word_1_679' title='bbox 2922 3525 3053 3579; x_wconf 77' lang='lat' dir='ltr'><strong>mihi</strong></span> <span class='ocrx_word' id='word_1_680' title='bbox 3108 3520 3482 3577; x_wconf 78' lang='lat' dir='ltr'><strong>tribulationes</strong></span> 
     </span>
    </p>
   </div>
   <div class='ocr_carea' id='block_1_97' title="bbox 1896 3614 3481 3688">
    <p class='ocr_par' dir='ltr' id='par_1_97' title="bbox 1896 3614 3481 3688">
     <span class='ocr_line' id='line_1_98' title="bbox 1896 3614 3481 3688; baseline -0.006 -9"><span class='ocrx_word' id='word_1_681' title='bbox 1896 3626 2093 3679; x_wconf 87' lang='lat' dir='ltr'><strong>multas</strong></span> <span class='ocrx_word' id='word_1_682' title='bbox 2124 3637 2172 3680; x_wconf 85' lang='lat' dir='ltr'><strong>et</strong></span> <span class='ocrx_word' id='word_1_683' title='bbox 2211 3623 2423 3678; x_wconf 81' lang='lat' dir='ltr'><strong>malas!</strong></span> <span class='ocrx_word' id='word_1_684' title='bbox 2450 3633 2496 3676; x_wconf 86' lang='lat' dir='ltr'><strong>et</strong></span> <span class='ocrx_word' id='word_1_685' title='bbox 2524 3636 2804 3675; x_wconf 78' lang='lat' dir='ltr'><strong>conversus</strong></span> <span class='ocrx_word' id='word_1_686' title='bbox 2842 3618 3122 3688; x_wconf 78' lang='lat' dir='ltr'><strong>viuiﬁcasti</strong></span> <span class='ocrx_word' id='word_1_687' title='bbox 3168 3632 3268 3679; x_wconf 86' lang='lat' dir='ltr'><strong>me,</strong></span> <span class='ocrx_word' id='word_1_688' title='bbox 3318 3623 3366 3669; x_wconf 89' lang='lat' dir='ltr'><strong>et</strong></span> <span class='ocrx_word' id='word_1_689' title='bbox 3418 3614 3481 3670; x_wconf 76' lang='lat' dir='ltr'><strong>de</strong></span> 
     </span>
    </p>
   </div>
   <div class='ocr_carea' id='block_1_98' title="bbox 1897 3706 3480 3789">
    <p class='ocr_par' dir='ltr' id='par_1_98' title="bbox 1897 3706 3480 3789">
     <span class='ocr_line' id='line_1_99' title="bbox 1897 3706 3480 3789; baseline -0.007 -16"><span class='ocrx_word' id='word_1_690' title='bbox 1897 3719 2100 3789; x_wconf 78' lang='lat' dir='ltr'><strong>abyssis</strong></span> <span class='ocrx_word' id='word_1_691' title='bbox 2128 3728 2282 3773; x_wconf 74' lang='lat' dir='ltr'><strong>terra:</strong></span> <span class='ocrx_word' id='word_1_692' title='bbox 2308 3717 2501 3772; x_wconf 81' lang='lat' dir='ltr'><strong>iterum</strong></span> <span class='ocrx_word' id='word_1_693' title='bbox 2536 3714 2798 3770; x_wconf 79' lang='lat' dir='ltr'><strong>reduxisti</strong></span> <span class='ocrx_word' id='word_1_694' title='bbox 2823 3728 2927 3778; x_wconf 86' lang='lat' dir='ltr'><strong>me,</strong></span> <span class='ocrx_word' id='word_1_695' title='bbox 2957 3720 3067 3766; x_wconf 91' lang='lat' dir='ltr'><strong>ctc.</strong></span> <span class='ocrx_word' id='word_1_696' title='bbox 3100 3708 3386 3764; x_wconf 79' lang='lat' dir='ltr'><strong>Manifeste</strong></span> <span class='ocrx_word' id='word_1_697' title='bbox 3412 3706 3480 3762; x_wconf 85' lang='lat' dir='ltr'><strong>de</strong></span> 
     </span>
    </p>
   </div>
   <div class='ocr_carea' id='block_1_99' title="bbox 1897 3805 3164 3867">
    <p class='ocr_par' dir='ltr' id='par_1_99' title="bbox 1897 3805 3164 3867">
     <span class='ocr_line' id='line_1_100' title="bbox 1897 3805 3164 3867; baseline -0.008 -1"><span class='ocrx_word' id='word_1_698' title='bbox 1897 3809 2305 3867; x_wconf 85' lang='lat' dir='ltr'><strong>resurrectione</strong></span> <span class='ocrx_word' id='word_1_699' title='bbox 2331 3823 2399 3865; x_wconf 82' lang='lat' dir='ltr'><strong>ex</strong></span> <span class='ocrx_word' id='word_1_700' title='bbox 2430 3809 2663 3864; x_wconf 88' lang='lat' dir='ltr'><strong>mortuis</strong></span> <span class='ocrx_word' id='word_1_701' title='bbox 2692 3807 2808 3861; x_wconf 70' lang='lat' dir='ltr'><strong>haec</strong></span> <span class='ocrx_word' id='word_1_702' title='bbox 2836 3805 2980 3858; x_wconf 86' lang='lat' dir='ltr'><strong>dicta</strong></span> <span class='ocrx_word' id='word_1_703' title='bbox 3014 3811 3164 3858; x_wconf 86' lang='lat' dir='ltr'><strong>sunt.</strong></span> 
     </span>
    </p>
   </div>
   <div class='ocr_carea' id='block_1_100' title="bbox 1967 3888 3482 3974">
    <p class='ocr_par' dir='ltr' id='par_1_100' title="bbox 1967 3888 3482 3974">
     <span class='ocr_line' id='line_1_101' title="bbox 1967 3888 3482 3974; baseline -0.01 -16"><span class='ocrx_word' id='word_1_704' title='bbox 1967 3903 2244 3974; x_wconf 84' lang='lat' dir='ltr'><strong>Ejusdem.</strong></span> <span class='ocrx_word' id='word_1_705' title='bbox 2281 3902 2553 3973; x_wconf 81' lang='lat' dir='ltr'><strong>Ahyssum</strong></span> <span class='ocrx_word' id='word_1_706' title='bbox 2610 3914 2753 3953; x_wconf 89' lang='lat' dir='ltr'><strong>nunc</strong></span> <span class='ocrx_word' id='word_1_707' title='bbox 2810 3905 2967 3952; x_wconf 79' lang='lat' dir='ltr'><strong>vocat</strong></span> <span class='ocrx_word' id='word_1_708' title='bbox 3007 3894 3185 3949; x_wconf 91' lang='lat' dir='ltr'><strong>locum</strong></span> <span class='ocrx_word' id='word_1_709' title='bbox 3237 3888 3482 3945; x_wconf 82' lang='lat' dir='ltr'><strong>inferno-</strong></span> 
     </span>
    </p>
   </div>
   <div class='ocr_carea' id='block_1_101' title="bbox 1897 3978 3481 4056">
    <p class='ocr_par' dir='ltr' id='par_1_101' title="bbox 1897 3978 3481 4056">
     <span class='ocr_line' id='line_1_102' title="bbox 1897 3978 3481 4056; baseline -0.007 -5"><span class='ocrx_word' id='word_1_710' title='bbox 1897 4013 2015 4051; x_wconf 89' lang='lat' dir='ltr'><strong>rum</strong></span> <span class='ocrx_word' id='word_1_711' title='bbox 2058 3978 2411 4052; x_wconf 35' lang='lat' dir='ltr'><strong>daemonum?</strong></span> <span class='ocrx_word' id='word_1_712' title='bbox 2434 3994 2575 4050; x_wconf 86' lang='lat' dir='ltr'><strong>Sunt</strong></span> <span class='ocrx_word' id='word_1_713' title='bbox 2627 4002 2805 4047; x_wconf 89' lang='lat' dir='ltr'><strong>autem</strong></span> <span class='ocrx_word' id='word_1_714' title='bbox 2850 3986 3093 4045; x_wconf 87' lang='lat' dir='ltr'><strong>nonnulli</strong></span> <span class='ocrx_word' id='word_1_715' title='bbox 3128 3986 3219 4056; x_wconf 89' lang='lat' dir='ltr'><strong>qui</strong></span> <span class='ocrx_word' id='word_1_716' title='bbox 3247 3993 3300 4040; x_wconf 93' lang='lat' dir='ltr'><strong>et</strong></span> <span class='ocrx_word' id='word_1_717' title='bbox 3335 3983 3481 4053; x_wconf 78' lang='lat' dir='ltr'><strong>ipsos</strong></span> 
     </span>
    </p>
   </div>
   <div class='ocr_carea' id='block_1_102' title="bbox 1894 4082 3479 4161">
    <p class='ocr_par' dir='ltr' id='par_1_102' title="bbox 1894 4082 3479 4161">
     <span class='ocr_line' id='line_1_103' title="bbox 1894 4082 3479 4161; baseline -0.008 -16"><span class='ocrx_word' id='word_1_718' title='bbox 1894 4091 2167 4145; x_wconf 70' lang='lat' dir='ltr'><strong>da&#39;tnones</strong></span> <span class='ocrx_word' id='word_1_719' title='bbox 2221 4089 2447 4161; x_wconf 81' lang='lat' dir='ltr'><strong>abyssos</strong></span> <span class='ocrx_word' id='word_1_720' title='bbox 2494 4087 2681 4143; x_wconf 85' lang='lat' dir='ltr'><strong>dicunt</strong></span> <span class='ocrx_word' id='word_1_721' title='bbox 2740 4092 2959 4154; x_wconf 85' lang='lat' dir='ltr'><strong>propter</strong></span> <span class='ocrx_word' id='word_1_722' title='bbox 3016 4082 3339 4134; x_wconf 70' lang='lat' dir='ltr'><strong>immensam</strong></span> <span class='ocrx_word' id='word_1_723' title='bbox 3386 4092 3479 4133; x_wconf 84' lang='lat' dir='ltr'><strong>eo-</strong></span> 
     </span>
    </p>
   </div>
   <div class='ocr_carea' id='block_1_103' title="bbox 1893 4181 2347 4237">
    <p class='ocr_par' dir='ltr' id='par_1_103' title="bbox 1893 4181 2347 4237">
     <span class='ocr_line' id='line_1_104' title="bbox 1893 4181 2347 4237; baseline -0.007 0"><span class='ocrx_word' id='word_1_724' title='bbox 1893 4198 2013 4237; x_wconf 88' lang='lat' dir='ltr'><strong>rum</strong></span> <span class='ocrx_word' id='word_1_725' title='bbox 2061 4181 2347 4237; x_wconf 88' lang='lat' dir='ltr'><strong>malitiam.</strong></span> 
     </span>
    </p>
   </div>
   <div class='ocr_carea' id='block_1_104' title="bbox 1965 4261 3553 4342">
    <p class='ocr_par' dir='ltr' id='par_1_104' title="bbox 1965 4261 3553 4342">
     <span class='ocr_line' id='line_1_105' title="bbox 1965 4261 3553 4342; baseline -0.015 -10"><span class='ocrx_word' id='word_1_726' title='bbox 1965 4274 2133 4332; x_wconf 71' lang='lat' dir='ltr'><strong>Vatts.</strong></span> <span class='ocrx_word' id='word_1_727' title='bbox 2163 4273 2257 4330; x_wconf 72' lang='lat'><strong>22.</strong></span> <span class='ocrx_word' id='word_1_728' title='bbox 2294 4273 2437 4328; x_wconf 85' lang='lat' dir='ltr'><strong>Nam</strong></span> <span class='ocrx_word' id='word_1_729' title='bbox 2482 4283 2530 4328; x_wconf 87' lang='lat' dir='ltr'><strong>et</strong></span> <span class='ocrx_word' id='word_1_730' title='bbox 2560 4287 2652 4342; x_wconf 85' lang='lat' dir='ltr'><strong>ego</strong></span> <span class='ocrx_word' id='word_1_731' title='bbox 2681 4270 2967 4338; x_wconf 75' lang='lat' dir='ltr'><strong>conﬁtebor</strong></span> <span class='ocrx_word' id='word_1_732' title='bbox 2995 4266 3089 4319; x_wconf 86' lang='lat' dir='ltr'><strong>tibi</strong></span> <span class='ocrx_word' id='word_1_733' title='bbox 3114 4264 3167 4317; x_wconf 84' lang='lat' dir='ltr'><strong>in</strong></span> <span class='ocrx_word' id='word_1_734' title='bbox 3192 4276 3314 4315; x_wconf 83' lang='lat' dir='ltr'><strong>vase</strong></span> <span class='ocrx_word' id='word_1_735' title='bbox 3332 4261 3481 4330; x_wconf 80' lang='lat' dir='ltr'><strong>psal-</strong></span> <span class='ocrx_word' id='word_1_736' title='bbox 3545 4302 3553 4307; x_wconf 91' lang='lat'><strong>.</strong></span> 
     </span>
    </p>
   </div>
   <div class='ocr_carea' id='block_1_105' title="bbox 1893 4356 3369 4435">
    <p class='ocr_par' dir='ltr' id='par_1_105' title="bbox 1893 4356 3369 4435">
     <span class='ocr_line' id='line_1_106' title="bbox 1893 4356 3369 4435; baseline -0.012 -13"><span class='ocrx_word' id='word_1_737' title='bbox 1893 4370 1966 4423; x_wconf 87' lang='lat' dir='ltr'><strong>mi</strong></span> <span class='ocrx_word' id='word_1_738' title='bbox 1990 4368 2259 4424; x_wconf 81' lang='lat' dir='ltr'><strong>veritatem</strong></span> <span class='ocrx_word' id='word_1_739' title='bbox 2291 4375 2459 4435; x_wconf 85' lang='lat' dir='ltr'><strong>tuam,</strong></span> <span class='ocrx_word' id='word_1_740' title='bbox 2493 4375 2599 4420; x_wconf 88' lang='lat' dir='ltr'><strong>etc.</strong></span> <span class='ocrx_word' id='word_1_741' title='bbox 2643 4361 2745 4417; x_wconf 73' lang='lat' dir='ltr'><strong>Vas</strong></span> <span class='ocrx_word' id='word_1_742' title='bbox 2780 4359 2978 4431; x_wconf 79' lang='lat' dir='ltr'><strong>psalmi</strong></span> <span class='ocrx_word' id='word_1_743' title='bbox 3003 4356 3183 4409; x_wconf 87' lang='lat' dir='ltr'><strong>anima</strong></span> <span class='ocrx_word' id='word_1_744' title='bbox 3212 4366 3369 4423; x_wconf 87' lang='lat' dir='ltr'><strong>pura.</strong></span> 
     </span>
    </p>
   </div>
   <div class='ocr_carea' id='block_1_106' title="bbox 2305 4624 3059 4708">
    <p class='ocr_par' dir='ltr' id='par_1_106' title="bbox 2305 4624 3059 4708">
     <span class='ocr_line' id='line_1_107' title="bbox 2305 4624 3059 4708; baseline -0.008 -22"><span class='ocrx_word' id='word_1_745' title='bbox 2305 4635 2463 4708; x_wconf 65' lang='grc' dir='ltr'>νει</span> <span class='ocrx_word' id='word_1_746' title='bbox 2508 4625 2831 4688; x_wconf 65' lang='lat' dir='ltr'><strong>essemus</strong></span> <span class='ocrx_word' id='word_1_747' title='bbox 2872 4624 3059 4682; x_wconf 81' lang='lat' dir='ltr'><strong>LXXI.</strong></span> 
     </span>
    </p>
   </div>
   <div class='ocr_carea' id='block_1_107' title="bbox 1967 4708 3481 4787">
    <p class='ocr_par' dir='ltr' id='par_1_107' title="bbox 1967 4708 3481 4787">
     <span class='ocr_line' id='line_1_108' title="bbox 1967 4708 3481 4787; baseline -0.011 -3"><span class='ocrx_word' id='word_1_748' title='bbox 1967 4729 2133 4787; x_wconf 71' lang='lat' dir='ltr'><strong>Vsus.</strong></span> <span class='ocrx_word' id='word_1_749' title='bbox 2174 4728 2225 4782; x_wconf 93' lang='grc'><strong>1.</strong></span> <span class='ocrx_word' id='word_1_750' title='bbox 2266 4726 2335 4781; x_wconf 82' lang='grc' dir='ltr'>1η</span> <span class='ocrx_word' id='word_1_751' title='bbox 2385 4724 2744 4787; x_wconf 85' lang='lat' dir='ltr'><strong>Satomonem,</strong></span> <span class='ocrx_word' id='word_1_752' title='bbox 2778 4726 2884 4775; x_wconf 86' lang='lat' dir='ltr'><strong>etc.</strong></span> <span class='ocrx_word' id='word_1_753' title='bbox 2938 4718 2994 4774; x_wconf 92' lang='lat' dir='ltr'><strong>In</strong></span> <span class='ocrx_word' id='word_1_754' title='bbox 3037 4715 3389 4774; x_wconf 87' lang='lat' dir='ltr'><strong>Salomonem</strong></span> <span class='ocrx_word' id='word_1_755' title='bbox 3413 4708 3481 4769; x_wconf 79' lang='lat' dir='ltr'><strong>ﬂ-</strong></span> 
     </span>
    </p>
   </div>
   <div class='ocr_carea' id='block_1_108' title="bbox 1893 4805 3478 4885">
    <p class='ocr_par' dir='ltr' id='par_1_108' title="bbox 1893 4805 3478 4885">
     <span class='ocr_line' id='line_1_109' title="bbox 1893 4805 3478 4885; baseline -0.015 -5"><span class='ocrx_word' id='word_1_756' title='bbox 1893 4825 2024 4880; x_wconf 91' lang='lat' dir='ltr'><strong>lium</strong></span> <span class='ocrx_word' id='word_1_757' title='bbox 2060 4823 2270 4879; x_wconf 83' lang='lat' dir='ltr'><strong>David:</strong></span> <span class='ocrx_word' id='word_1_758' title='bbox 2300 4834 2424 4874; x_wconf 88' lang='lat' dir='ltr'><strong>nam</strong></span> <span class='ocrx_word' id='word_1_759' title='bbox 2459 4837 2477 4870; x_wconf 86' lang='grc'><em>‹</em></span> <span class='ocrx_word' id='word_1_760' title='bbox 2509 4816 2670 4871; x_wconf 83' lang='lat' dir='ltr'><strong>Liber</strong></span> <span class='ocrx_word' id='word_1_761' title='bbox 2700 4810 3069 4885; x_wconf 79' lang='lat' dir='ltr'><strong>generationis</strong></span> <span class='ocrx_word' id='word_1_762' title='bbox 3108 4808 3235 4865; x_wconf 79' lang='lat' dir='ltr'><strong>Jesu</strong></span> <span class='ocrx_word' id='word_1_763' title='bbox 3274 4805 3478 4862; x_wconf 86' lang='lat' dir='ltr'><strong>Christi</strong></span> 
     </span>
    </p>
   </div>
   <div class='ocr_carea' id='block_1_109' title="bbox 1896 4897 3476 4975">
    <p class='ocr_par' dir='ltr' id='par_1_109' title="bbox 1896 4897 3476 4975">
     <span class='ocr_line' id='line_1_110' title="bbox 1896 4897 3476 4975; baseline -0.013 -4"><span class='ocrx_word' id='word_1_764' title='bbox 1896 4918 1989 4973; x_wconf 92' lang='lat' dir='ltr'><strong>lilii</strong></span> <span class='ocrx_word' id='word_1_765' title='bbox 2028 4916 2195 4972; x_wconf 82' lang='lat' dir='ltr'><strong>David</strong></span> <span class='ocrx_word' id='word_1_766' title='bbox 2221 4915 2289 4967; x_wconf 85' lang='grc'><strong>³³.</strong></span> <span class='ocrx_word' id='word_1_767' title='bbox 2315 4932 2333 4967; x_wconf 77' lang='grc' dir='ltr'><strong>ι</strong></span> <span class='ocrx_word' id='word_1_768' title='bbox 2368 4912 2631 4969; x_wconf 87' lang='lat' dir='ltr'><strong>Salomon</strong></span> <span class='ocrx_word' id='word_1_769' title='bbox 2669 4918 2849 4964; x_wconf 87' lang='lat' dir='ltr'><strong>autem</strong></span> <span class='ocrx_word' id='word_1_770' title='bbox 2898 4906 3294 4975; x_wconf 85' lang='lat' dir='ltr'><strong>interpretatur</strong></span> <span class='ocrx_word' id='word_1_771' title='bbox 3322 4897 3476 4969; x_wconf 56' lang='lat' dir='ltr'><strong>paci-</strong></span> 
     </span>
    </p>
   </div>
   <div class='ocr_carea' id='block_1_110' title="bbox 1893 5009 2885 5082">
    <p class='ocr_par' dir='ltr' id='par_1_110' title="bbox 1893 5009 2885 5082">
     <span class='ocr_line' id='line_1_111' title="bbox 1893 5009 2885 5082; baseline -0.009 -18"><span class='ocrx_word' id='word_1_772' title='bbox 1893 5013 2026 5080; x_wconf 77' lang='lat' dir='ltr'><strong>ﬁcus</strong></span> <span class='ocrx_word' id='word_1_773' title='bbox 2058 5028 2074 5065; x_wconf 91' lang='lat'><em>:</em></span> <span class='ocrx_word' id='word_1_774' title='bbox 2108 5012 2221 5082; x_wconf 84' lang='lat' dir='ltr'><strong>ipse</strong></span> <span class='ocrx_word' id='word_1_775' title='bbox 2244 5009 2391 5065; x_wconf 85' lang='lat' dir='ltr'><strong>enim</strong></span> <span class='ocrx_word' id='word_1_776' title='bbox 2421 5018 2505 5063; x_wconf 89' lang='lat' dir='ltr'><strong>est</strong></span> <span class='ocrx_word' id='word_1_777' title='bbox 2537 5021 2638 5074; x_wconf 79' lang='lat' dir='ltr'><strong>pax</strong></span> <span class='ocrx_word' id='word_1_778' title='bbox 2673 5011 2885 5060; x_wconf 88' lang='lat' dir='ltr'><strong>nostra.</strong></span> 
     </span>
    </p>
   </div>
   <div class='ocr_carea' id='block_1_111' title="bbox 1823 5122 2794 5196">
    <p class='ocr_par' dir='ltr' id='par_1_111' title="bbox 1823 5122 2794 5196">
     <span class='ocr_line' id='line_1_112' title="bbox 1823 5122 2794 5196; baseline -0.007 -13"><span class='ocrx_word' id='word_1_779' title='bbox 1823 5129 1871 5160; x_wconf 69' lang='grc' dir='ltr'><strong>δ’</strong></span> <span class='ocrx_word' id='word_1_780' title='bbox 1897 5128 2108 5184; x_wconf 79' lang='lat' dir='ltr'><strong>Coloss.</strong></span> <span class='ocrx_word' id='word_1_781' title='bbox 2146 5127 2314 5196; x_wconf 68' lang='lat'><strong>1,20.</strong></span> <span class='ocrx_word' id='word_1_782' title='bbox 2391 5125 2437 5156; x_wconf 72' lang='grc'>³³</span> <span class='ocrx_word' id='word_1_783' title='bbox 2459 5123 2652 5179; x_wconf 73' lang='lat' dir='ltr'><strong>Matth.</strong></span> <span class='ocrx_word' id='word_1_784' title='bbox 2677 5137 2717 5189; x_wconf 84' lang='grc' dir='ltr'><strong>ι,</strong></span> <span class='ocrx_word' id='word_1_785' title='bbox 2744 5122 2794 5176; x_wconf 80' lang='grc' dir='ltr'><strong>ι.</strong></span> 
     </span>
    </p>
   </div>
   <div class='ocr_carea' id='block_1_112' title="bbox 1961 5227 3476 5329">
    <p class='ocr_par' dir='ltr' id='par_1_112' title="bbox 1961 5227 3476 5329">
     <span class='ocr_line' id='line_1_113' title="bbox 1961 5227 3476 5329; baseline -0.015 -27"><span class='ocrx_word' id='word_1_786' title='bbox 1961 5243 2073 5329; x_wconf 40' lang='lat' dir='ltr'><strong>(Si).</strong></span> <span class='ocrx_word' id='word_1_787' title='bbox 2104 5242 2609 5314; x_wconf 67' lang='grc' dir='ltr'>Εἰρηνοποιήσας,</span> <span class='ocrx_word' id='word_1_788' title='bbox 2639 5250 2745 5295; x_wconf 89' lang='lat' dir='ltr'><strong>etc.</strong></span> <span class='ocrx_word' id='word_1_789' title='bbox 2773 5235 2915 5294; x_wconf 86' lang='lat' dir='ltr'><strong>Idem</strong></span> <span class='ocrx_word' id='word_1_790' title='bbox 2968 5231 3139 5290; x_wconf 84' lang='lat' dir='ltr'><strong>codex</strong></span> <span class='ocrx_word' id='word_1_791' title='bbox 3178 5238 3231 5286; x_wconf 91' lang='lat' dir='ltr'><strong>et</strong></span> <span class='ocrx_word' id='word_1_792' title='bbox 3260 5227 3476 5283; x_wconf 81' lang='lat' dir='ltr'><strong>scheda:</strong></span> 
     </span>
    </p>
   </div>
   <div class='ocr_carea' id='block_1_113' title="bbox 1888 5315 3476 5461">
    <p class='ocr_par' dir='ltr' id='par_1_113' title="bbox 1888 5315 3476 5461">
     <span class='ocr_line' id='line_1_114' title="bbox 1888 5315 3476 5461; baseline -0.011 -14"><span class='ocrx_word' id='word_1_793' title='bbox 1888 5315 2322 5461; x_wconf 36' lang='lat' dir='ltr'><strong>Grgizliiayéc</strong></span> <span class='ocrx_word' id='word_1_794' title='bbox 2363 5387 2493 5455; x_wconf 77' lang='grc' dir='ltr'>περὶ</span> <span class='ocrx_word' id='word_1_795' title='bbox 2542 5381 2672 5452; x_wconf 81' lang='grc' dir='ltr'>τῆς,</span> <span class='ocrx_word' id='word_1_796' title='bbox 2711 5390 2818 5435; x_wconf 88' lang='lat' dir='ltr'><strong>etc.</strong></span> <span class='ocrx_word' id='word_1_797' title='bbox 2871 5377 3057 5433; x_wconf 78' lang='lat' dir='ltr'><strong>Codex</strong></span> <span class='ocrx_word' id='word_1_798' title='bbox 3103 5372 3476 5430; x_wconf 81' lang='lat' dir='ltr'><strong>Coislinianus</strong></span> 
     </span>
    </p>
   </div>
   <div class='ocr_carea' id='block_1_114' title="bbox 1888 5461 3470 5615">
    <p class='ocr_par' dir='ltr' id='par_1_114' title="bbox 1888 5461 3470 5615">
     <span class='ocr_line' id='line_1_115' title="bbox 1888 5461 3470 5615; baseline -0.012 -27"><span class='ocrx_word' id='word_1_799' title='bbox 1888 5461 2412 5615; x_wconf 41' lang='lat' dir='ltr'><strong>ieiggi‘fiiewm</strong></span> <span class='ocrx_word' id='word_1_800' title='bbox 2436 5527 2568 5595; x_wconf 79' lang='grc' dir='ltr'>νῦν,</span> <span class='ocrx_word' id='word_1_801' title='bbox 2599 5537 2707 5583; x_wconf 90' lang='lat' dir='ltr'><strong>etc.</strong></span> <span class='ocrx_word' id='word_1_802' title='bbox 2736 5520 2959 5578; x_wconf 83' lang='lat' dir='ltr'><strong>Scheda:</strong></span> <span class='ocrx_word' id='word_1_803' title='bbox 2995 5515 3202 5582; x_wconf 88' lang='lat' dir='ltr'><strong>Grabii,</strong></span> <span class='ocrx_word' id='word_1_804' title='bbox 3222 5525 3275 5571; x_wconf 85' lang='lat' dir='ltr'><strong>et</strong></span> <span class='ocrx_word' id='word_1_805' title='bbox 3302 5515 3470 5571; x_wconf 79' lang='lat' dir='ltr'><strong>codex</strong></span> 
     </span>
    </p>
   </div>
   <div class='ocr_carea' id='block_1_115' title="bbox 1884 5601 2511 5670">
    <p class='ocr_par' dir='ltr' id='par_1_115' title="bbox 1884 5601 2511 5670">
     <span class='ocr_line' id='line_1_116' title="bbox 1884 5601 2511 5670; baseline -0.01 -9"><span class='ocrx_word' id='word_1_806' title='bbox 1884 5601 2262 5661; x_wconf 36' lang='lat' dir='ltr'><strong>Coisli&#39;nianus</strong></span> <span class='ocrx_word' id='word_1_807' title='bbox 2280 5610 2511 5670; x_wconf 85' lang='lat' dir='ltr'><strong>primus.</strong></span> 
     </span>
    </p>
   </div>
   <div class='ocr_carea' id='block_1_116' title="bbox 1958 5660 3315 5757">
    <p class='ocr_par' dir='ltr' id='par_1_116' title="bbox 1958 5660 3315 5757">
     <span class='ocr_line' id='line_1_117' title="bbox 1958 5660 3315 5757; baseline 0 0"><span class='ocrx_word' id='word_1_808' title='bbox 1958 5673 2072 5757; x_wconf 71' lang='lat' dir='ltr'><strong>l§él</strong></span> <span class='ocrx_word' id='word_1_809' title='bbox 2096 5660 2317 5757; x_wconf 57' lang='grc' dir='ltr'><strong>ἱθξεῦές</strong></span> <span class='ocrx_word' id='word_1_810' title='bbox 2344 5660 3315 5757; x_wconf 57' lang='grc' dir='ltr'><strong>Ψαλμοῧο,,ίέίθλὲ⁵;¹ξ⁵1“,ἒ,ίξξ¹ἔέ;ιὶτῖἓῗ;</strong></span> 
     </span>
    </p>
   </div>
   <div class='ocr_carea' id='block_1_117' title="bbox 1956 5730 3471 5816">
    <p class='ocr_par' dir='ltr' id='par_1_117' title="bbox 1956 5730 3471 5816">
     <span class='ocr_line' id='line_1_118' title="bbox 1956 5730 3471 5816; baseline -0.012 -14"><span class='ocrx_word' id='word_1_811' title='bbox 1956 5730 2072 5816; x_wconf 79' lang='grc'>(55)</span> <span class='ocrx_word' id='word_1_812' title='bbox 2114 5747 2219 5813; x_wconf 78' lang='grc' dir='ltr'>Εις</span> <span class='ocrx_word' id='word_1_813' title='bbox 2252 5730 2561 5811; x_wconf 60' lang='grc' dir='ltr'>Σολομὼν,</span> <span class='ocrx_word' id='word_1_814' title='bbox 2597 5730 2702 5796; x_wconf 82' lang='lat' dir='ltr'><strong>etc.</strong></span> <span class='ocrx_word' id='word_1_815' title='bbox 2741 5736 2923 5793; x_wconf 84' lang='lat' dir='ltr'><strong>Codex</strong></span> <span class='ocrx_word' id='word_1_816' title='bbox 2955 5731 3323 5790; x_wconf 86' lang='lat' dir='ltr'><strong>Coislinianus</strong></span> <span class='ocrx_word' id='word_1_817' title='bbox 3357 5730 3471 5800; x_wconf 71' lang='lat' dir='ltr'><strong>pri-</strong></span> 
     </span>
    </p>
   </div>
   <div class='ocr_carea' id='block_1_118' title="bbox 1888 5834 2029 5875">
    <p class='ocr_par' dir='ltr' id='par_1_118' title="bbox 1888 5834 2029 5875">
     <span class='ocr_line' id='line_1_119' title="bbox 1888 5834 2029 5875; baseline -0.007 -2"><span class='ocrx_word' id='word_1_818' title='bbox 1888 5834 2029 5875; x_wconf 88' lang='lat' dir='ltr'><strong>mus.</strong></span> 
     </span>
    </p>
   </div>
  </div>
