3914 6374
213 345 348 403 I525

1132 348 1442 407 SELECTA
1480 348 1548 403 IN
1588 350 1927 408 PSALMOS.
1977 383 2033 397 —
2071 354 2269 413 PSAL.
2312 356 2520 417 LXXII.

3324 359 3347 413 I
3357 359 3461 415 526

276 462 386 517 Καὶ
417 460 675 530 Mearm,
712 464 810 518 καὶ
860 464 1180 533 δοθήσεται
1210 469 1371 537 αὑτῷ
1408 470 1476 525 ἐκ
1510 471 1613 525 τοῦ
1640 490 1771 541 χρυ-

1962 473 2125 530 V'ttus.
2169 476 2251 532 I5.
2288 476 2354 531 Et
2381 478 2529 543 vivet,
2560 487 2607 533 et
2634 477 2848 532 dabitur
2882 479 2930 531 ei
2959 480 3023 532 de
3060 494 3190 532 auro
3219 480 3454 545 Arabia',

205 553 346 609 σίου
374 553 486 623 τῆς
520 556 803 624 Ἀραϐίας,
840 574 895 613 κ.
934 576 985 611 τ.
1016 560 1060 613 έ.
1095 561 1170 631 Ζῇ
1199 561 1435 633 Χριστὸς
1455 562 1566 633 (65)
1600 566 1785 629 ἐντοῖς

204 647 512 719 δεχομένοις
534 649 694 703 αὐτόν
709 667 723 681 ·
754 668 773 703 ι
796 650 885 704 Ζῶ
904 671 921 703 ι
956 650 1085 724 γὰρ,
1110 655 1293 723 φησὶν,
1322 675 1340 706 ‹
1361 656 1541 711 οὐκέτι
1563 658 1691 727 ὲγὼ⁶
1716 659 1781 732 ζῇ

203 737 259 792 δὲ
290 740 348 793 ὲν
379 738 503 809 ἐμοὶ
523 741 777 812 Χριστός.
806 760 824 795 ι
855 743 1082 816 Ἕτερος
1105 744 1163 799 δέ
1186 762 1318 816 φησι
1349 750 1477 820 περ)⁵
1502 750 1782 822 Σολομῶν-

205 846 296 894 τος
323 832 405 884 ὅτι
433 833 529 886 καὶ
552 833 791 905 Ἄραϐες
808 837 902 889 καὶ
928 838 982 889 οἳ
1000 842 1283 911 προσεχεῖς
1308 840 1590 914 ἐπιχώριοι
1621 844 1783 917 φόρον

207 921 355 993 αὑτῷ
388 923 651 983 τελοῦσιν.

274 1014 388 1067 Καὶ
410 1017 847 1083 προσεύξονται
871 1022 1003 1090 περὶ
1031 1022 1219 1077 αὐτοῦ
1249 1023 1594 1094 διαπαντός·
1631 1029 1783 1099 ὅλην

202 1103 319 1173 τὴν
355 1106 585 1177 ἡμέραν
621 1111 1070 1182 εὐλογήσουσιν
1097 1118 1304 1181 αὐτὸν,
1330 1135 1384 1171 κ.
1412 1137 1461 1173 τ.
1498 1121 1545 1173 ὲ.
1585 1122 1784 1191 Λέγονρ

202 1214 294 1262 τες
326 1198 438 1272 (66)
459 1218 473 1232 ·
502 1203 645 1260 (Τὸν
683 1205 847 1279 ἄρτον
891 1208 1049 1282 ἡμῶν
1082 1210 1171 1265 τὸν
1207 1211 1481 1267 ἐπιούσιον
1516 1214 1603 1279 δὸς
1650 1217 1782 1287 ἡμῖν

200 1290 263 1344 τὸ
284 1292 404 1346 καθ’
437 1294 669 1367 ἡμέραν.
690 1319 723 1353 ι.

275 1385 386 1439 Τοῦ
408 1388 615 1443 αὑτοῦ.
647 1390 927 1459 Μαθόντες
946 1392 1058 1465 (67)
1093 1396 1143 1447 οἱ
1177 1396 1340 1465 ἃγιοι,
1368 1399 1445 1463 ὼς
1478 1398 1652 1464 οὐδεὶς
1674 1399 1781 1454 τῶν

199 1479 476 1549 γεννητῶν
517 1481 848 1555 λυτρὼσεται
882 1489 1008 1553 τοὺς
1037 1488 1359 1562 ἀνθρώπους
1387 1494 1453 1548 ἐκ
1487 1494 1586 1565 τῆς
1624 1511 1783 1548 κατε-

200 1570 400 1643 χούσης
443 1578 842 1648 κακοπραγίας,
878 1582 1008 1653 περ).
1049 1583 1143 1637 τοῦ
1174 1585 1470 1657 δυναμένου
1517 1587 1782 1659 ῥύσασθαι

199 1664 266 1718 ὲκ
298 1666 479 1737 χειρὸς
520 1668 781 1726 δυνάστου
830 1674 1068 1746 συνεχῶς
1107 1676 1273 1759 εὐχὴν
1317 1678 1397 1750 τῷ
1443 1680 1617 1752 Πατρὶ
1660 1680 1783 1735 ἀνέ-

198 1772 268 1810 πε
276 1775 438 1829 μπον.

1886 576 1992 621 etc.
2029 565 2169 621 Vivit
2226 567 2479 626 Christus
2526 569 2579 625 in
2634 568 2859 640 illisqui
2920 569 3092 639 ipsum
3151 569 3445 639 recipiunt.

1892 677 1911 711 ι
1940 657 2069 712 Vivo
2096 660 2264 725 enim,
2291 660 2486 732 inquit,
2510 662 2623 734 jam
2656 648 2761 718 non
2793 676 2927 732 ego;
2956 660 3090 717 vivit
3120 676 3253 716 vero
3292 661 3344 715 in
3369 677 3455 716 me

1884 750 2211 809 Christus”.
2244 773 2261 805 ι
2296 754 2445 811 Alius
2493 765 2672 810 autem
2726 755 2795 810 de
2846 754 3138 811 Salomone
3180 755 3309 810 dicit
3342 753 3451 812 fore

1885 854 1942 899 ut
1971 854 2024 901 et
2052 845 2258 902 Arabes
2278 845 2658 915 etadjacentes
2690 846 2885 903 incola:
2916 846 3116 903 tributa
3147 846 3195 902 ei
3220 846 3449 903 solvant

1953 1029 2079 1085 Isto.
2114 1030 2183 1086 Et
2209 1034 2430 1086 orabunt
2462 1032 2527 1087 de
2555 1033 2667 1100 ipso
2716 1049 2951 1099 semper:
2977 1043 3083 1086 tota
3115 1033 3199 1088 die
3238 1031 3451 1088 benedi-

1883 1135 1992 1177 ceut
2040 1125 2107 1188 ei,
2161 1132 2269 1177 etc.
2306 1123 2591 1179 Dicentes:
2626 1141 2644 1175 ι
2673 1122 2874 1180 Panem
2912 1133 3156 1178 nostrum
3183 1121 3454 1193 quotidia-

1884 1231 2013 1270 num
2051 1217 2117 1270 da
2145 1214 2301 1271 nobis
2327 1215 2491 1270 hodie
2514 1215 2579 1268 ”.
2615 1232 2635 1268 ι

1954 1394 2229 1464 Ejusdem.
2259 1393 2394 1450 Cum
2426 1393 2742 1450 didicissent
2767 1393 2944 1449 sancti
2982 1407 3011 1447 a
3043 1394 3261 1449 nemine
3309 1408 3455 1449 mor-

1885 1487 2073 1544 talium
2110 1487 2330 1544 liberari
2359 1502 2521 1557 posse
2547 1487 2801 1545 homines
2822 1501 2853 1542 ε
2883 1485 3040 1541 malis
3070 1486 3187 1563 suis
3219 1486 3449 1551 actibus,

1884 1580 1951 1636 de
1976 1579 2067 1634 illo
2096 1579 2187 1649 qui
2238 1580 2473 1636 liberare
2515 1589 2729 1650 poterat
2769 1594 2801 1636 e
2830 1595 2993 1637 manu
3023 1580 3284 1652 potentis,
3322 1577 3456 1633 assi-

1884 1675 2019 1731 duas
2048 1686 2239 1745 preces
2261 1671 2412 1728 Patri
2434 1672 2761 1730 offerebant.

279 1850 781 1923 Ὑπεραρθήσεται
821 1860 975 1929 ὑπὲρ
1017 1861 1125 1915 τὸν
1170 1865 1429 1919 Λίϐανον
1467 1868 1500 1920 ό
1549 1867 1771 1936 καρπὸς

1954 1852 2117 1912 Vsus.
2145 1852 2233 1910 16.
2263 1852 2719 1923 Superextoiletur
2770 1869 2933 1924 super
2955 1852 3212 1906 Libanum
3246 1848 3451 1920 {ructus

196 1941 405 2007 αὐτοῦ,
439 1960 495 1998 κ.
526 1962 576 1999 τ.
611 1947 659 2000 ἑ.
689 1947 918 2004 Λίϐανον
952 1951 1099 2022 λέγει
1129 1953 1241 2027 (68)
1273 1955 1540 2029 πολλαχοῦ
1566 1958 1626 2012 τὸ
1654 1958 1780 2030 ὅρος

198 2032 292 2087 καὶ
322 2034 412 2089 τὸν
439 2036 585 2102 ναὸν,
624 2040 870 2109 καὶτοὺς
896 2045 1043 2109 υἱοὺς
1087 2044 1325 2119 Ἰσραήλ.

271 2126 382 2181 Τοῦ
409 2129 617 2185 αὑτοῦ.
654 2130 881 2206 Καρπδς
915 2136 1153 2208 Χριστοῦ
1178 2137 1289 2215 (69)
1320 2138 1388 2193 τὰ
1415 2140 1780 2196 πιστεύσαντα

194 2212 324 2286 ῑθνη
354 2217 446 2270 καὶ
472 2219 753 2289 ύψωθέντα
779 2224 872 2278 ἐπὶ
905 2224 1183 2299 θεοσεϐείᾳ
1222 2212 1358 2301 ύπὲρ
1408 2232 1499 2285 τὸν
1541 2231 1777 2304 Ἰσραὴλ,

190 2304 252 2358 ὃν
276 2309 552 2380 τροπικῶς
576 2312 804 2369 Λίϐανον
835 2316 1005 2370 καλεῖ.

254 2400 461 2455 Πάντα
490 2403 561 2459 τὰ
583 2407 728 2476 ἔθνη
759 2412 1168 2479 μακαριοῦσιν
1200 2412 1408 2480 αὐτὸν,
1437 2433 1490 2471 κ.
1526 2434 1578 2471 τ.
1614 2417 1659 2471 ἐ.
1712 2419 1773 2471 '0

1881 1949 2015 2020 ejus,
2045 1960 2149 2005 etc.
2186 1947 2368 2005 Multis
2397 1949 2449 2002 in
2474 1948 2605 2002 locis
2638 1945 2901 2003 Libanum
2939 1955 3092 2002 vocat
3123 1955 3366 2001 montem
3400 1952 3455 1998 et

1884 2041 2165 2111 templum,
2192 2051 2246 2097 et
2273 2039 2413 2096 ﬁlios
2438 2040 2629 2097 Israel.

1950 2134 2227 2205 Ejusdem.
2255 2133 2495 2189 Fructus
2523 2134 2724 2191 Christi
2754 2142 2942 2204 gentes
2971 2127 3444 2199 suntqmecredi-

1880 2228 2095 2294 derun',
2132 2237 2186 2282 et
2219 2226 2418 2297 pietate
2448 2226 2702 2282 exaltatze
2727 2235 2855 2283 sunt
2878 2240 3041 2296 super
3064 2222 3254 2285 Israel,
3290 2235 3451 2291 quem

1879 2318 2112 2391 ﬁgurate
2149 2317 2410 2373 Libanum
2444 2326 2618 2372 vocat.

1953 2413 2112 2469 \‘ens.
2160 2412 2247 2469 I7.
2279 2411 2474 2466 Omnes
2514 2419 2687 2483 gentes
2723 2410 3136 2481 magniﬁcabuut
3176 2423 3314 2473 eum,
3340 2416 3458 2462 etc.

193 2493 407 2595 Παῢλός
441 2496 552 2571 (70)
601 2516 795 2573 φησιν’
858 2522 877 2555 ι
908 2504 966 2557 '0
1014 2507 1283 2581 μακάριος
1333 2510 1428 2563 καὶ
1483 2510 1641 2581 μόνος
1684 2510 1771 2565 δυ-

1902 2510 2075 2566 ’aulus
2103 2510 2327 2566 dicit":
2361 2510 2606 2581 cBeatus
2636 2516 2693 2563 et
2726 2506 2875 2563 solus
2900 2514 3177 2577 potens.»

190 2585 415 2659 κάστης.
442 2608 461 2641 ι

756 2781 1045 2839 ΨᾹΛΜΟΣ
1082 2786 1201 2846 OB".

270 2867 373 2936 Ὧς
403 2870 625 2939 ἀγαθὸς
657 2875 691 2927 ὁ
726 2875 871 2943 Θεὸς
909 2878 1017 2933 τοῦ
1076 2880 1346 2950 Ἰσραὴλ,
1404 2883 1528 2951 τοῖς
1566 2885 1769 2941 amem

191 2960 423 3029 καρδίᾳ,
457 2980 511 3016 κ.
543 2982 591 3017 τ.
626 2965 673 3022 ἐ.
703 2967 797 3031 Εξς
824 2969 885 3021 τὸ
911 2970 995 3039 ἐφ’
1026 2971 1205 3042 ἐαυτῷ
1231 2972 1339 3045 (71)
1374 2976 1540 3029 πᾶσιν
1567 2976 1770 3046 ἀγαθός

190 3057 338 3111 ἐστιν
365 3058 393 3109 6
425 3057 586 3123 Θεός’
626 3080 643 3111 ι
665 3061 856 3138 Σωτὴρ
882 3082 900 3115 ι
934 3065 1045 3137 γάρ
1100 3068 1255 3122 ιὲστι
1300 3069 1517 3125 πάντων
1561 3072 1770 3146 ἀνθρώ-

191 3166 331 3211 πων,
374 3149 606 3220 μάλιστα
639 3154 865 3208 πιστῶν.
895 3174 914 3207 ι
961 3157 1186 3228 Μήποτε
1214 3158 1272 3212 δὲ
1305 3160 1366 3213 τὸ
1394 3164 1772 3235 γεγραμμένον

191 3239 307 3293 ισον
331 3238 553 3295 δύναται
581 3241 678 3313 τῷ,
715 3242 1012 3317 Θεωρεῖται
1041 3251 1153 3314 τοῖς
1188 3250 1372 3305 εύθέσι
1405 3256 1470 3325 τῇ
1507 3254 1704 3327 καρδίᾳ

184 3332 394 3401 ἀγαθός
426 3337 575 3388 ἐστιν
608 3339 637 3390 6
664 3337 816 3401 Θεός.
851 3339 975 3404 Πῶς
1012 3340 1120 3413 γὰρ
1148 3342 1268 3415 οὐχ).
1302 3345 1395 3397 καὶ
1434 3349 1544 3411 τοῖς
1588 3347 1773 3413 κακῶς

185 3422 402 3495 ἔχουσιν
436 3427 639 3497 ἀγαθός
673 3429 821 3484 ὲστιν
847 3430 876 3482 6
911 3430 1114 3502 ἰατρὸς,
1140 3423 1200 3486 οὗ
1231 3432 1559 3507 χρῄζουσιν;

263 3609 392 3664 Ὀτι
425 3608 699 3680 ἐζήλωσα
736 3611 808 3666 ἐν
842 3611 969 3678 τοῖς
1004 3613 1272 3685 ἀνόμοις,
1307 3616 1555 3685 εῑρήνην
1591 3620 1773 3688 ἁμαρ-

183 3700 397 3755 τωλῶν
423 3700 673 3771 θεωρῶν,
701 3720 754 3757 κ.
779 3721 830 3757 τ.
856 3704 903 3758 ἑ.
930 3704 1168 3778 Εἰρήνην
1187 3706 1281 3764 νῦν
1294 3707 1406 3780 (72)
1424 3709 1521 3781 τὴν
1555 3709 1771 3781 εὔροιαν

186 3791 286 3846 τοῦ
315 3792 575 3864 αἰσθητοῦ
605 3794 719 3865 βίου
747 3794 1052 3867 ὠνόμασεν.
1674 3864 1677 3869 ν

265 3885 393 3939 Ὀτι
421 3889 532 3941 οὐκ
556 3888 729 3942 ἐστιν
750 3886 1078 3955 ἀνάνευσις
1099 3888 1168 3943 ἐν
1194 3889 1274 3957 τῷ
1294 3891 1525 3958 θανάτῳ
1550 3892 1766 3957 αὐτῶν,

183 3997 247 4037 κ.
275 3997 326 4034 τ.
356 3980 403 4035 έ.
450 3980 758 4037 Ἀνάνευσιν
785 3979 931 4049 λέγει
953 3979 1065 4052 (75)
1094 3981 1192 4053 τὴν
1226 3984 1444 4055 μνήμην
1476 3984 1569 4038 τοῦ
1604 3985 1769 4041 θανά-

180 4086 306 4124 του·
338 4069 458 4123 ὅθεν
491 4070 521 4123 6
550 4070 864 4143 Σύμμαχος,
900 4091 919 4123 ι
942 4073 1062 4126 ’Ότι
1100 4072 1200 4126 οὐκ
1240 4073 1598 4146 ὲνεθυμοῦντο
1643 4079 1770 4150 περ).

179 4162 283 4217 τοῦ
318 4163 549 4218 θανάτου
580 4164 807 4228 ἑαυτῶν,
834 4183 852 4216 ι
891 4166 1209 4237 πεποίηκεν.

260 4255 688 4323 Περιεόάλοντο
708 4254 947 4312 ἀδικίαν
960 4257 1057 4311 καὶ
1079 4256 1363 4312 ἀσέϐειαν
1372 4257 1589 4322 αὐτῶν,
1603 4263 1765 4315 κ.τ.έ;

196 4347 266 4400 Ἦ
304 4347 401 4418 μὲν
434 4345 616 4401 ἀδικία
646 4346 756 4418 (74)
793 4349 849 4399 ὲν
881 4346 961 4421 τῷ
995 4347 1151 4419 κακῷ
1181 4347 1281 4419 βίῳ
1309 4347 1615 4419 θεωρεῖται,
1644 4353 1677 4421 ἡ
1712 4351 1768 4404 δὲ

182 4437 414 4494 ἀσέϐεια
444 4439 501 4491 ὲν
524 4441 638 4501 τοῖς
669 4437 888 4507 ψευδέσι
912 4438 1165 4509 δόγμασι.

271 4530 688 4595 Ἔξελεύσεται
741 4531 820 4595 ὡς
870 4529 942 4583 ἐκ
1005 4530 1259 4597 στέατος
1303 4533 1342 4599 ἡ
1401 4531 1602 4586 ἀδικία
1660 4534 1765 4587 αὐ-

184 4621 327 4687 τῶν,
360 4640 412 4676 κ.
448 4640 497 4675 τ.
546 4624 593 4676 ὲ.
630 4641 647 4675 ‹
680 4621 923 4687 Ἐξίεσαν
956 4621 1065 4676 ἀπὸ
1106 4621 1298 4686 λίπους
1324 4622 1434 4693 (75)
1478 4624 1527 4676 οἱ
1569 4623 1771 4695 ὀφθαλ-

185 4715 303 4791 μοὶ,
326 4734 345 4765 ι
378 4712 518 4767 κατὰ
563 4713 879 4785 Σύμμαχον.

267 4808 505 4863 Ἕθεντο
552 4809 639 4873 εἰς
685 4805 944 4875 οὐρανὸν
991 4805 1058 4860 τὸ
1097 4806 1291 4876 στόμα
1332 4806 1548 4867 αὐτῶν,
1588 4808 1686 4862 καί
1725 4809 1764 4878 ἡ

186 4901 444 4972 γλῶσσα
479 4899 676 4956 αὐτῶν
706 4898 950 4968 διῆλθεν
978 4899 1075 4954 ἐπὶ
1108 4898 1218 4967 τῆς
1246 4898 1382 4970 τῆς,
1408 4917 1462 4953 κ.
1499 4918 1551 4956 τ.
1583 4903 1631 4959 ὲ.
1672 4902 1765 4967 Τὸ,

2371 2780 2693 2839 PSALMUS
2732 2778 2935 2836 LXXII.

1953 2876 2117 2933 Vens.
2148 2875 2198 2929 I.
2236 2873 2409 2941 Quam
2457 2874 2623 2927 bonus
2662 2871 2803 2926 Deus
2836 2867 3007 2924 Israel
3032 2868 3115 2922 Itis
3168 2868 3259 2936 qui
3314 2875 3467 2919 recto»

1877 2980 1999 3027 sunt
2031 2969 2207 3033 corde,
2236 2975 2342 3022 etc.
2377 2964 2649 3037 Quantum
2679 2964 2734 3017 in
2773 2977 2833 3018 se
2863 2971 2969 3024 est,
2991 2958 3246 3013 omnibus
3276 2959 3469 3013 bonus

1876 3066 1958 3115 est
1981 3058 2123 3111 Deus
2150 3071 2165 3110 :
2197 3074 2215 3107 ι
2240 3053 2492 3109 Salvator
2525 3052 2668 3108 enim
2713 3060 2798 3107 est
2842 3050 3082 3105 omnium
3147 3047 3449 3112 hominum,

1876 3150 2111 3207 maxime
2133 3148 2371 3203 ﬁdelium
2390 3145 2456 3201 ⁸³.
2490 3163 2510 3199 ι
2543 3144 2675 3201 Vide
2699 3150 2879 3198 autem
2906 3156 2974 3197 ne
3004 3141 3147 3211 quod
3181 3140 3448 3209 scriptum

1874 3252 1960 3299 est
1988 3241 2233 3299 eamdem
2282 3236 2741 3311 signiﬁcationem
2775 3234 2975 3291 habeat
3030 3249 3094 3289 ac
3117 3234 3164 3289 si
3194 3232 3402 3289 diceret
3430 3249 3447 3285 :

1876 3334 2103 3390 Videtur
2124 3333 2209 3389 his
2238 3332 2328 3404 qui
2354 3341 2503 3388 recto
2531 3336 2658 3387 sunt
2678 3330 2845 3385 corde
2865 3327 2955 3383 cui
2984 3325 3157 3382 bonus
3174 3337 3258 3382 est
3283 3326 3445 3381 Deus.

1874 3427 2158 3499 Quomodo
2187 3425 2333 3482 enim
2361 3424 2524 3479 etiam
2573 3420 2713 3476 male
2749 3418 3081 3475 habentibus
3126 3434 3233 3475 non
3273 3420 3448 3475 bonus

1871 3529 1956 3576 est
1986 3518 2248 3582 medicus,
2279 3532 2389 3588 quo
2417 3516 2710 3587 indigent?

1943 3612 2108 3667 Vens.
2134 3609 2189 3664 '5.
2219 3609 2358 3675 Quia
2388 3607 2552 3663 zelavi
2590 3623 2746 3677 super
2796 3605 3024 3676 iniquos,
3056 3619 3235 3668 pacem
3266 3620 3449 3673 pecca-

1874 3713 2044 3757 torum
2074 3702 2274 3765 m’deus,
2306 3711 2425 3757 etc.
2454 3698 2648 3755 Pacem
2679 3699 2784 3755 hoc
2838 3700 2959 3754 loco
2983 3709 3317 3766 prosperum.
3353 3695 3455 3750 hu—

1869 3796 1959 3867 jus
1991 3794 2117 3849 vitae
2150 3809 2367 3848 cursqu
2395 3791 2633 3846 vocavit.

1947 3884 2111 3942 Vens.
2136 3882 2189 3937 4.
2229 3880 2370 3948 Quia
2402 3896 2507 3935 non
2533 3890 2609 3934 est
2644 3884 2902 3947 respectus
2932 3877 2987 3931 in
3032 3885 3196 3932 morte
3240 3889 3457 3939 eorum,

1872 3983 1980 4031 etc.
2009 3973 2170 4046 763
2201 3972 2524 4042 Respectum
2557 3981 2718 4026 vocat
2754 3972 2947 4027 mortis
2990 3967 3442 4026 recordationem.

1873 4069 2218 4137 QuaprOpter
2250 4064 2614 4137 Symmachus
2644 4064 2845 4120 vertit:
2877 4082 2896 4118 ι
2925 4062 3190 4133 Quoniam
3220 4075 3326 4116 non
3353 4074 3453 4117 co-

1872 4160 2121 4233 gitabant
2146 4159 2213 4214 de
2246 4168 2420 4212 morte
2446 4173 2604 4213 sua.)

1946 4252 2107 4311 Vens.
2145 4253 2196 4309 6.
2233 4252 2415 4324 Operti
2446 4261 2567 4307 sunt
2600 4251 2877 4324 iniquitate
2930 4256 2983 4303 et
3027 4247 3295 4316 impietate
3325 4259 3445 4307 sua,

1872 4358 1978 4404 etc.
2015 4348 2275 4418 Iuiquitas
2304 4349 2358 4401 in
2390 4347 2495 4400 vita
2549 4322 2712 4410 mala,
2745 4340 2995 4411 impietas
3042 4338 3096 4393 in
3160 4335 3311 4390 falsis
3350 4335 3449 4390 do-

1798 4457 1846 4516 ι)
1872 4441 2143 4512 gmatibus
2176 4439 2528 4510 conspicitur.

1946 4532 2111 4588 Vens.
2134 4532 2190 4588 7.
2219 4530 2462 4585 Prodibit
2496 4527 2649 4600 quasi
2676 4542 2741 4581 eat
2764 4524 2917 4594 adipe
2950 4524 3200 4597 iniquitas
3240 4538 3451 4587 eorum,

1872 4634 1979 4683 etc.
2002 4622 2163 4680 Juxta
2191 4622 2583 4693 Symmachum
2619 4634 2633 4673 :
2671 4635 2689 4669 ‹
2724 4617 2986 4672 Exierunt
3031 4633 3061 4672 a
3119 4616 3449 4688 pinguedine

1871 4718 2033 4774 oculi.
2082 4735 2101 4770 ι

1946 4810 2110 4866 Vens.
2136 4808 2189 4865 9.
2229 4807 2529 4864 Posuerunt
2576 4808 2632 4862 in
2658 4806 2841 4861 cmlum
2891 4821 2948 4860 os
2978 4820 3152 4869 suum,
3179 4816 3225 4857 et
3262 4804 3443 4873 lingua

1872 4922 2052 4961 eorum
2085 4905 2327 4960 transivit
2381 4904 2441 4956 in
2488 4913 2649 4968 terra,
2684 4910 2787 4956 etc.
2832 4918 2851 4952 ι
2890 4898 3228 4963 Posucruut,
3266 4916 3295 4949 ι
3322 4910 3451 4965 pro,

299 5058 343 5093 ³⁸
371 5058 489 5116 Gal.
514 5074 576 5126 tt,
608 5059 703 5114 20.
776 5059 819 5091 ”
843 5057 974 5114 Luc.
1000 5072 1060 5123 tt,
1095 5056 1150 5115 3.
1227 5024 1275 5090 δέ
1308 5057 1489 5114 ITim.
1518 5076 1595 5127 vt,
1624 5062 1711 5118 15.

1902 5066 2028 5122 l‘im.
2057 5081 2130 5132 tv,
2156 5065 2246 5122 I0.

266 5175 380 5259 (ϐξ)
544 5175 822 5245 Χριστός,
858 5174 1133 5232 ειο.1ι1ειιι
1164 5176 1333 5232 codex
1369 5191 1502 5233 mss.
1535 5188 1590 5236 et
1611 5183 1773 5238 sche-

187 5251 275 5304 «ιω
304 5246 511 5303 Grabii.

268 5316 383 5387 (66)
410 5315 721 5387 Λέγοντες.
757 5315 1125 5373 Coislininnus
1152 5319 1379 5387 primus.

267 5387 382 5455 (67)
420 5389 753 5455 Μαθόντες,
787 5398 893 5442 etc.
923 5388 1292 5445 Coisliuianus
1325 5392 1623 5449 secundus.

267 5388 359 5451 (67
420 5389 753 5455 Μαθόντες,
787 5398 893 5442 etc.
923 5388 1292 5445 Coisliuianus
1325 5392 1623 5449 secundus.

264 5388 382 5531 (68)
404 5459 666 5533 Λίϐανον
687 5460 869 5533 aerei,
901 5469 1006 5513 etc.
1035 5461 1215 5515 Codex
1260 5463 1629 5521 Coisliniauus
1659 5464 1770 5533 pri.-

194 5529 339 5589 mus,
361 5529 418 5584 et
438 5529 653 5583 schcda:
677 5529 885 5584 Grabii.

198 5598 381 5725 1"$69)
410 5598 650 5668 Καρπδς
691 5599 971 5670 Χριστοῦ,
1002 5608 1107 5655 etc.
1159 5600 1527 5660 Coislinianus
1574 5619 1767 5661 secun-

415 5740 469 5817 ’ρ
498 5741 763 5817 ιζᾳῦᾷοις,
808 5753 912 5800 etc.
944 5742 1123 5802 Codex
1153 5744 1526 5802 Coislinianus
1557 5746 1773 5817 primus

191 5824 261 5868 et
282 5813 498 5870 schedu:
529 5812 737 5872 Grahii.

1953 5182 2064 5254 (71)
2090 5183 2194 5249 Εἰς
2224 5182 2292 5237 τὸ
2325 5183 2419 5254 ego?
2446 5182 2660 5252 ἐαυτῷ,
2693 5191 2801 5239 etc.
2846 5180 3025 5238 Codex
3075 5177 3445 5234 Coislinianus

1882 5254 2365 5394 δθῗξὲἲιὲίρήνην
2407 5324 2544 5390 νῦν,
2571 5333 2680 5381 etc.
2719 5320 3088 5381 Coislinianus
3132 5317 3360 5390 primus,
3391 5324 3445 5372 et

1880 5395 2096 5451 schedia
2120 5394 2328 5451 Grahii.

1951 5465 2065 5548 (7})
2101 5464 2461 5548 Ἀγάνευσιν
2485 5468 2670 5538 λέγει,
2695 5473 2800 5521 etc.
2826 5462 2971 5519 Idem
3007 5464 3179 5547 codex
3208 5465 3263 5516 et
3288 5458 3449 5515 sche-

1879 5535 2301 5689 ia‘i'agalgl'ﬁr
2344 5607 2565 5671 ἀδικία,
2602 5614 2717 5661 etc.
2750 5604 2893 5659 Idem
2927 5602 3098 5658 codex
3130 5609 3185 5657 et
3234 5598 3449 5657 schedia

1879 5677 2371 5817 ϐῗξιὲίλεειεσαν
2419 5746 2537 5804 ἀπὸ
2590 5746 2831 5813 λίπους,
2859 5755 2968 5802 etc.
3025 5743 3207 5801 Codex
3255 5737 3450 5797 Coisli»

1877 5819 2075 5876 uiantis
2103 5819 2401 5876 secundus.
