  <div class='ocr_page' id='page_1' title='image "/cluster/home/n/w/nwhite01/storage/ocr_20150623/12/hvd.32044019207638/768.png"; bbox 0 0 3800 6604; ppageno 0'>
   <div class='ocr_carea' id='block_1_1' title="bbox 140 374 268 432">
    <p class='ocr_par' dir='ltr' id='par_1_1' title="bbox 140 374 268 432">
     <span class='ocr_line' id='line_1_1' title="bbox 140 374 268 432; baseline 0.016 -2"><span class='ocrx_word' id='word_1_1' title='bbox 140 374 268 432; x_wconf 74' lang='grc'><strong>1529</strong></span> 
     </span>
    </p>
   </div>
   <div class='ocr_carea' id='block_1_2' title="bbox 1065 368 2455 436">
    <p class='ocr_par' dir='ltr' id='par_1_2' title="bbox 1065 368 2455 436">
     <span class='ocr_line' id='line_1_2' title="bbox 1065 368 2455 436; baseline 0.003 -4"><span class='ocrx_word' id='word_1_2' title='bbox 1065 373 1375 432; x_wconf 80' lang='lat' dir='ltr'><strong>SELECTA</strong></span> <span class='ocrx_word' id='word_1_3' title='bbox 1409 369 1473 427; x_wconf 82' lang='lat' dir='ltr'><strong>IN</strong></span> <span class='ocrx_word' id='word_1_4' title='bbox 1512 368 1855 428; x_wconf 79' lang='lat' dir='ltr'><strong>PSALMOS.</strong></span> <span class='ocrx_word' id='word_1_5' title='bbox 1888 403 1958 414; x_wconf 97' lang='lat'><strong>—</strong></span> <span class='ocrx_word' id='word_1_6' title='bbox 1990 373 2183 432; x_wconf 78' lang='lat' dir='ltr'><strong>PSAL.</strong></span> <span class='ocrx_word' id='word_1_7' title='bbox 2220 374 2455 436; x_wconf 78' lang='lat' dir='ltr'><strong>LXXIII.</strong></span> 
     </span>
    </p>
   </div>
   <div class='ocr_carea' id='block_1_3' title="bbox 3255 384 3394 443">
    <p class='ocr_par' dir='ltr' id='par_1_3' title="bbox 3255 384 3394 443">
     <span class='ocr_line' id='line_1_3' title="bbox 3255 384 3394 443; baseline 0.029 -4"><span class='ocrx_word' id='word_1_8' title='bbox 3255 384 3394 443; x_wconf 72' lang='grc'><strong>1550</strong></span> 
     </span>
    </p>
   </div>
   <div class='ocr_carea' id='block_1_4' title="bbox 140 493 1695 571">
    <p class='ocr_par' dir='ltr' id='par_1_4' title="bbox 140 495 1695 571">
     <span class='ocr_line' id='line_1_4' title="bbox 140 495 1695 571; baseline -0.001 -22"><span class='ocrx_word' id='word_1_9' title='bbox 140 517 158 549; x_wconf 79' lang='lat' dir='ltr'><strong>s</strong></span> <span class='ocrx_word' id='word_1_10' title='bbox 196 499 248 553; x_wconf 83' lang='grc' dir='ltr'>Ὀ</span> <span class='ocrx_word' id='word_1_11' title='bbox 272 495 607 571; x_wconf 83' lang='grc' dir='ltr'><strong>κολλώμενος</strong></span> <span class='ocrx_word' id='word_1_12' title='bbox 636 497 714 570; x_wconf 82' lang='grc' dir='ltr'>τῷ</span> <span class='ocrx_word' id='word_1_13' title='bbox 743 498 932 571; x_wconf 84' lang='grc' dir='ltr'>Κυρίῳ</span> <span class='ocrx_word' id='word_1_14' title='bbox 959 497 1016 553; x_wconf 78' lang='grc' dir='ltr'>ἓν</span> <span class='ocrx_word' id='word_1_15' title='bbox 1050 498 1269 570; x_wconf 87' lang='grc' dir='ltr'>πνεῦμά</span> <span class='ocrx_word' id='word_1_16' title='bbox 1303 500 1470 551; x_wconf 75' lang='grc' dir='ltr'>ἐστιν.</span> <span class='ocrx_word' id='word_1_17' title='bbox 1497 515 1515 548; x_wconf 72' lang='grc' dir='ltr'><strong>ι</strong></span> <span class='ocrx_word' id='word_1_18' title='bbox 1550 496 1695 565; x_wconf 73' lang='grc' dir='ltr'>’Ἅμα</span> 
     </span>
    </p>
   </div>
   <div class='ocr_carea' id='block_1_5' title="bbox 1862 493 3385 571">
    <p class='ocr_par' dir='ltr' id='par_1_5' title="bbox 1865 493 3385 568">
     <span class='ocr_line' id='line_1_5' title="bbox 1865 493 3385 568; baseline 0.01 -21"><span class='ocrx_word' id='word_1_19' title='bbox 1865 493 1979 563; x_wconf 87' lang='lat' dir='ltr'><strong>ino,</strong></span> <span class='ocrx_word' id='word_1_20' title='bbox 2012 512 2150 553; x_wconf 86' lang='lat' dir='ltr'><strong>unus</strong></span> <span class='ocrx_word' id='word_1_21' title='bbox 2179 499 2402 568; x_wconf 76' lang='lat' dir='ltr'><strong>spiritus</strong></span> <span class='ocrx_word' id='word_1_22' title='bbox 2447 506 2552 555; x_wconf 90' lang='lat' dir='ltr'><strong>est.</strong></span> <span class='ocrx_word' id='word_1_23' title='bbox 2585 518 2604 553; x_wconf 75' lang='grc' dir='ltr'><strong>ι</strong></span> <span class='ocrx_word' id='word_1_24' title='bbox 2643 496 2779 556; x_wconf 85' lang='lat' dir='ltr'><strong>IIittc</strong></span> <span class='ocrx_word' id='word_1_25' title='bbox 2819 499 2982 558; x_wconf 88' lang='lat' dir='ltr'><strong>etiam</strong></span> <span class='ocrx_word' id='word_1_26' title='bbox 3026 500 3188 559; x_wconf 88' lang='lat' dir='ltr'><strong>simul</strong></span> <span class='ocrx_word' id='word_1_27' title='bbox 3217 504 3385 562; x_wconf 81' lang='lat' dir='ltr'><strong>disci-</strong></span> 
     </span>
    </p>
   </div>
   <div class='ocr_carea' id='block_1_6' title="bbox 134 584 1703 664">
    <p class='ocr_par' dir='ltr' id='par_1_6' title="bbox 134 584 1703 664">
     <span class='ocr_line' id='line_1_6' title="bbox 134 584 1703 664; baseline -0.004 -20"><span class='ocrx_word' id='word_1_28' title='bbox 134 592 186 645; x_wconf 85' lang='grc' dir='ltr'>δὲ</span> <span class='ocrx_word' id='word_1_29' title='bbox 214 592 299 644; x_wconf 77' lang='grc' dir='ltr'><strong>καὶ</strong></span> <span class='ocrx_word' id='word_1_30' title='bbox 331 591 673 664; x_wconf 81' lang='grc' dir='ltr'>μανθάνομεν</span> <span class='ocrx_word' id='word_1_31' title='bbox 720 593 809 647; x_wconf 88' lang='grc' dir='ltr'><strong>διὰ</strong></span> <span class='ocrx_word' id='word_1_32' title='bbox 837 591 1043 646; x_wconf 78' lang='grc' dir='ltr'>τούτων</span> <span class='ocrx_word' id='word_1_33' title='bbox 1070 592 1170 664; x_wconf 81' lang='grc' dir='ltr'><strong>τὴν</strong></span> <span class='ocrx_word' id='word_1_34' title='bbox 1210 590 1304 660; x_wconf 81' lang='grc' dir='ltr'><strong>τοῦ</strong></span> <span class='ocrx_word' id='word_1_35' title='bbox 1335 586 1540 661; x_wconf 87' lang='grc' dir='ltr'>ἀγαθοῦ</span> <span class='ocrx_word' id='word_1_36' title='bbox 1566 584 1703 641; x_wconf 82' lang='grc' dir='ltr'><strong>Θεοῦ</strong></span> 
     </span>
    </p>
   </div>
   <div class='ocr_carea' id='block_1_7' title="bbox 133 684 325 739">
    <p class='ocr_par' dir='ltr' id='par_1_7' title="bbox 133 684 325 739">
     <span class='ocr_line' id='line_1_7' title="bbox 133 684 325 739; baseline 0.005 -1"><span class='ocrx_word' id='word_1_37' title='bbox 133 684 325 739; x_wconf 73' lang='grc' dir='ltr'>οὐσίαν.</span> 
     </span>
    </p>
   </div>
   <div class='ocr_carea' id='block_1_8' title="bbox 685 877 1136 933">
    <p class='ocr_par' dir='ltr' id='par_1_8' title="bbox 685 877 1136 933">
     <span class='ocr_line' id='line_1_8' title="bbox 685 877 1136 933; baseline 0.002 -2"><span class='ocrx_word' id='word_1_38' title='bbox 685 877 978 932; x_wconf 82' lang='grc' dir='ltr'><strong>ΨΑΛΜΟΣ</strong></span> <span class='ocrx_word' id='word_1_39' title='bbox 1017 878 1136 933; x_wconf 87' lang='grc' dir='ltr'><strong>ΟΓ’.</strong></span> 
     </span>
    </p>
   </div>
   <div class='ocr_carea' id='block_1_9' title="bbox 201 965 1711 1036">
    <p class='ocr_par' dir='ltr' id='par_1_9' title="bbox 201 965 1711 1036">
     <span class='ocr_line' id='line_1_9' title="bbox 201 965 1711 1036; baseline -0.005 -12"><span class='ocrx_word' id='word_1_40' title='bbox 201 968 326 1024; x_wconf 85' lang='grc' dir='ltr'>Ἵνα</span> <span class='ocrx_word' id='word_1_41' title='bbox 348 969 425 1036; x_wconf 84' lang='grc' dir='ltr'><strong>τί,</strong></span> <span class='ocrx_word' id='word_1_42' title='bbox 471 971 505 1024; x_wconf 84' lang='grc' dir='ltr'><em>ὀ</em></span> <span class='ocrx_word' id='word_1_43' title='bbox 540 969 705 1036; x_wconf 83' lang='grc' dir='ltr'><strong>Θεὸς,</strong></span> <span class='ocrx_word' id='word_1_44' title='bbox 744 969 963 1024; x_wconf 79' lang='grc' dir='ltr'>ἀπώσω</span> <span class='ocrx_word' id='word_1_45' title='bbox 988 973 1074 1036; x_wconf 79' lang='grc' dir='ltr'><strong>εὶς</strong></span> <span class='ocrx_word' id='word_1_46' title='bbox 1116 968 1308 1036; x_wconf 74' lang='grc' dir='ltr'>τέλος,</span> <span class='ocrx_word' id='word_1_47' title='bbox 1338 985 1393 1023; x_wconf 90' lang='grc' dir='ltr'><strong>κ.</strong></span> <span class='ocrx_word' id='word_1_48' title='bbox 1431 985 1482 1022; x_wconf 90' lang='grc' dir='ltr'><strong>τ.</strong></span> <span class='ocrx_word' id='word_1_49' title='bbox 1523 968 1570 1020; x_wconf 85' lang='grc' dir='ltr'>ὲ.</span> <span class='ocrx_word' id='word_1_50' title='bbox 1623 965 1711 1030; x_wconf 84' lang='grc' dir='ltr'>Ὦς</span> 
     </span>
    </p>
   </div>
   <div class='ocr_carea' id='block_1_10' title="bbox 134 1058 1713 1134">
    <p class='ocr_par' dir='ltr' id='par_1_10' title="bbox 134 1058 1713 1134">
     <span class='ocr_line' id='line_1_10' title="bbox 134 1058 1713 1134; baseline -0.001 -21"><span class='ocrx_word' id='word_1_51' title='bbox 134 1060 260 1129; x_wconf 85' lang='grc' dir='ltr'>πρὸς</span> <span class='ocrx_word' id='word_1_52' title='bbox 288 1061 349 1114; x_wconf 90' lang='grc' dir='ltr'><strong>τὸ</strong></span> <span class='ocrx_word' id='word_1_53' title='bbox 379 1061 541 1133; x_wconf 78' lang='grc' dir='ltr'>ῥητὸν</span> <span class='ocrx_word' id='word_1_54' title='bbox 583 1061 696 1134; x_wconf 85' lang='grc'><strong>(89)</strong></span> <span class='ocrx_word' id='word_1_55' title='bbox 732 1062 903 1117; x_wconf 87' lang='grc' dir='ltr'>ταῦτά</span> <span class='ocrx_word' id='word_1_56' title='bbox 944 1079 1108 1132; x_wconf 82' lang='grc' dir='ltr'>φασιν</span> <span class='ocrx_word' id='word_1_57' title='bbox 1150 1063 1197 1115; x_wconf 80' lang='grc' dir='ltr'>οἱ</span> <span class='ocrx_word' id='word_1_58' title='bbox 1233 1062 1291 1114; x_wconf 88' lang='grc' dir='ltr'>ὲν</span> <span class='ocrx_word' id='word_1_59' title='bbox 1333 1063 1400 1133; x_wconf 83' lang='grc' dir='ltr'>τῇ</span> <span class='ocrx_word' id='word_1_60' title='bbox 1435 1058 1713 1130; x_wconf 76' lang='grc' dir='ltr'>αἰχμαλω-</span> 
     </span>
    </p>
   </div>
   <div class='ocr_carea' id='block_1_11' title="bbox 132 1148 1709 1223">
    <p class='ocr_par' dir='ltr' id='par_1_11' title="bbox 132 1148 1709 1223">
     <span class='ocr_line' id='line_1_11' title="bbox 132 1148 1709 1223; baseline -0.002 -19"><span class='ocrx_word' id='word_1_61' title='bbox 132 1155 236 1221; x_wconf 78' lang='grc' dir='ltr'>σίᾳ.</span> <span class='ocrx_word' id='word_1_62' title='bbox 290 1151 615 1205; x_wconf 85' lang='grc' dir='ltr'>Ἀπωθεῖται</span> <span class='ocrx_word' id='word_1_63' title='bbox 661 1151 716 1205; x_wconf 84' lang='grc' dir='ltr'><strong>δὲ</strong></span> <span class='ocrx_word' id='word_1_64' title='bbox 762 1152 859 1218; x_wconf 48' lang='grc' dir='ltr'>οὓς,</span> <span class='ocrx_word' id='word_1_65' title='bbox 893 1152 1191 1206; x_wconf 81' lang='grc' dir='ltr'>ἀπωθεῖται</span> <span class='ocrx_word' id='word_1_66' title='bbox 1238 1150 1441 1223; x_wconf 82' lang='grc' dir='ltr'>Κύριος</span> <span class='ocrx_word' id='word_1_67' title='bbox 1469 1148 1612 1204; x_wconf 83' lang='grc' dir='ltr'>κατὰ</span> <span class='ocrx_word' id='word_1_68' title='bbox 1647 1148 1709 1201; x_wconf 93' lang='grc' dir='ltr'><strong>τὸ</strong></span> 
     </span>
    </p>
   </div>
   <div class='ocr_carea' id='block_1_12' title="bbox 130 1243 1704 1316">
    <p class='ocr_par' dir='ltr' id='par_1_12' title="bbox 130 1243 1704 1316">
     <span class='ocr_line' id='line_1_12' title="bbox 130 1243 1704 1316; baseline -0.001 -19"><span class='ocrx_word' id='word_1_69' title='bbox 130 1245 325 1316; x_wconf 81' lang='grc' dir='ltr'>πλῆθος</span> <span class='ocrx_word' id='word_1_70' title='bbox 355 1245 464 1300; x_wconf 92' lang='grc' dir='ltr'><strong>τῶν</strong></span> <span class='ocrx_word' id='word_1_71' title='bbox 508 1244 771 1299; x_wconf 89' lang='grc' dir='ltr'>ἀσεϐειῶν</span> <span class='ocrx_word' id='word_1_72' title='bbox 807 1245 1017 1299; x_wconf 83' lang='grc' dir='ltr'>αὐτῶν·</span> <span class='ocrx_word' id='word_1_73' title='bbox 1051 1247 1144 1299; x_wconf 87' lang='grc' dir='ltr'><strong>καί</strong></span> <span class='ocrx_word' id='word_1_74' title='bbox 1184 1264 1336 1309; x_wconf 89' lang='grc' dir='ltr'>τινας</span> <span class='ocrx_word' id='word_1_75' title='bbox 1380 1243 1704 1308; x_wconf 86' lang='grc' dir='ltr'>ἀπωθεῖται,</span> 
     </span>
    </p>
   </div>
   <div class='ocr_carea' id='block_1_13' title="bbox 129 1336 1708 1410">
    <p class='ocr_par' dir='ltr' id='par_1_13' title="bbox 129 1336 1708 1410">
     <span class='ocr_line' id='line_1_13' title="bbox 129 1336 1708 1410; baseline -0.001 -20"><span class='ocrx_word' id='word_1_76' title='bbox 129 1337 202 1400; x_wconf 84' lang='grc' dir='ltr'>ὡς</span> <span class='ocrx_word' id='word_1_77' title='bbox 229 1338 559 1409; x_wconf 87' lang='grc' dir='ltr'>γέγραπται,</span> <span class='ocrx_word' id='word_1_78' title='bbox 599 1337 703 1403; x_wconf 88' lang='grc' dir='ltr'>’έως</span> <span class='ocrx_word' id='word_1_79' title='bbox 752 1338 974 1410; x_wconf 76' lang='grc' dir='ltr'>σφόδραο</span> <span class='ocrx_word' id='word_1_80' title='bbox 1019 1338 1113 1403; x_wconf 87' lang='grc' dir='ltr'><strong>οὒς</strong></span> <span class='ocrx_word' id='word_1_81' title='bbox 1143 1339 1199 1392; x_wconf 82' lang='grc' dir='ltr'><strong>δὲ</strong></span> <span class='ocrx_word' id='word_1_82' title='bbox 1235 1358 1253 1389; x_wconf 74' lang='grc' dir='ltr'><strong>ι</strong></span> <span class='ocrx_word' id='word_1_83' title='bbox 1277 1339 1356 1402; x_wconf 80' lang='grc' dir='ltr'>εἰς</span> <span class='ocrx_word' id='word_1_84' title='bbox 1386 1337 1537 1400; x_wconf 83' lang='grc' dir='ltr'>τέλος</span> <span class='ocrx_word' id='word_1_85' title='bbox 1559 1356 1577 1388; x_wconf 71' lang='grc' dir='ltr'><strong>ι</strong></span> <span class='ocrx_word' id='word_1_86' title='bbox 1613 1336 1708 1389; x_wconf 81' lang='grc' dir='ltr'>καὶ</span> 
     </span>
    </p>
   </div>
   <div class='ocr_carea' id='block_1_14' title="bbox 128 1427 437 1501">
    <p class='ocr_par' dir='ltr' id='par_1_14' title="bbox 128 1427 437 1501">
     <span class='ocr_line' id='line_1_14' title="bbox 128 1427 437 1501; baseline 0.016 -20"><span class='ocrx_word' id='word_1_87' title='bbox 128 1427 193 1483; x_wconf 79' lang='grc' dir='ltr'>τὰ</span> <span class='ocrx_word' id='word_1_88' title='bbox 216 1428 437 1501; x_wconf 79' lang='grc' dir='ltr'><strong>ἔσχατα.</strong></span> 
     </span>
    </p>
   </div>
   <div class='ocr_carea' id='block_1_15' title="bbox 207 1627 1703 1699">
    <p class='ocr_par' dir='ltr' id='par_1_15' title="bbox 207 1627 1703 1699">
     <span class='ocr_line' id='line_1_15' title="bbox 207 1627 1703 1699; baseline 0.001 -17"><span class='ocrx_word' id='word_1_89' title='bbox 207 1627 479 1699; x_wconf 77' lang='grc' dir='ltr'>Ὠρτίσοη</span> <span class='ocrx_word' id='word_1_90' title='bbox 529 1631 562 1683; x_wconf 83' lang='grc' dir='ltr'><em>ό</em></span> <span class='ocrx_word' id='word_1_91' title='bbox 610 1630 798 1698; x_wconf 84' lang='grc' dir='ltr'>θυμός</span> <span class='ocrx_word' id='word_1_92' title='bbox 849 1643 965 1682; x_wconf 87' lang='grc' dir='ltr'>σου</span> <span class='ocrx_word' id='word_1_93' title='bbox 1035 1628 1135 1682; x_wconf 77' lang='grc' dir='ltr'><strong>ἐπὶ</strong></span> <span class='ocrx_word' id='word_1_94' title='bbox 1192 1630 1457 1698; x_wconf 79' lang='grc' dir='ltr'>πρόϐατα</span> <span class='ocrx_word' id='word_1_95' title='bbox 1509 1628 1703 1699; x_wconf 78' lang='grc' dir='ltr'>νομῆς</span> 
     </span>
    </p>
   </div>
   <div class='ocr_carea' id='block_1_16' title="bbox 1814 590 2637 649">
    <p class='ocr_par' dir='ltr' id='par_1_16' title="bbox 1814 590 2637 649">
     <span class='ocr_line' id='line_1_16' title="bbox 1814 590 2637 649; baseline 0.009 -7"><span class='ocrx_word' id='word_1_96' title='bbox 1814 602 1934 642; x_wconf 91' lang='lat' dir='ltr'><strong>mus</strong></span> <span class='ocrx_word' id='word_1_97' title='bbox 1966 590 2091 644; x_wconf 88' lang='lat' dir='ltr'><strong>boni</strong></span> <span class='ocrx_word' id='word_1_98' title='bbox 2125 590 2217 646; x_wconf 90' lang='lat' dir='ltr'><strong>Dei</strong></span> <span class='ocrx_word' id='word_1_99' title='bbox 2256 593 2637 649; x_wconf 84' lang='lat' dir='ltr'><strong>substantiam.</strong></span> 
     </span>
    </p>
   </div>
   <div class='ocr_carea' id='block_1_17' title="bbox 2307 867 2898 926">
    <p class='ocr_par' dir='ltr' id='par_1_17' title="bbox 2307 867 2898 926">
     <span class='ocr_line' id='line_1_17' title="bbox 2307 867 2898 926; baseline 0.003 -3"><span class='ocrx_word' id='word_1_100' title='bbox 2307 867 2627 926; x_wconf 83' lang='lat' dir='ltr'><strong>PSALMUS</strong></span> <span class='ocrx_word' id='word_1_101' title='bbox 2666 869 2898 925; x_wconf 78' lang='lat' dir='ltr'><strong>LXXIII.</strong></span> 
     </span>
    </p>
   </div>
   <div class='ocr_carea' id='block_1_18' title="bbox 1890 956 3390 1036">
    <p class='ocr_par' dir='ltr' id='par_1_18' title="bbox 1890 956 3390 1036">
     <span class='ocr_line' id='line_1_18' title="bbox 1890 956 3390 1036; baseline 0.008 -21"><span class='ocrx_word' id='word_1_102' title='bbox 1890 959 2047 1015; x_wconf 75' lang='lat' dir='ltr'><strong>Vens.</strong></span> <span class='ocrx_word' id='word_1_103' title='bbox 2074 960 2125 1015; x_wconf 80' lang='grc' dir='ltr'>Ι.</span> <span class='ocrx_word' id='word_1_104' title='bbox 2160 956 2227 1014; x_wconf 86' lang='lat' dir='ltr'><strong>Ut</strong></span> <span class='ocrx_word' id='word_1_105' title='bbox 2259 962 2406 1031; x_wconf 88' lang='lat' dir='ltr'><strong>quid,</strong></span> <span class='ocrx_word' id='word_1_106' title='bbox 2451 963 2611 1029; x_wconf 84' lang='lat' dir='ltr'><strong>Deus,</strong></span> <span class='ocrx_word' id='word_1_107' title='bbox 2671 967 2910 1034; x_wconf 84' lang='lat' dir='ltr'><strong>repulisti</strong></span> <span class='ocrx_word' id='word_1_108' title='bbox 2943 968 2994 1020; x_wconf 87' lang='lat' dir='ltr'><strong>in</strong></span> <span class='ocrx_word' id='word_1_109' title='bbox 3030 966 3231 1036; x_wconf 82' lang='lat' dir='ltr'><strong>ﬁnem?</strong></span> <span class='ocrx_word' id='word_1_110' title='bbox 3283 980 3390 1027; x_wconf 84' lang='lat' dir='ltr'><strong>etc.</strong></span> 
     </span>
    </p>
   </div>
   <div class='ocr_carea' id='block_1_19' title="bbox 1812 1052 3394 1131">
    <p class='ocr_par' dir='ltr' id='par_1_19' title="bbox 1812 1052 3394 1131">
     <span class='ocr_line' id='line_1_19' title="bbox 1812 1052 3394 1131; baseline 0.007 -26"><span class='ocrx_word' id='word_1_111' title='bbox 1812 1054 2087 1121; x_wconf 86' lang='lat' dir='ltr'><strong>Quantum</strong></span> <span class='ocrx_word' id='word_1_112' title='bbox 2118 1054 2185 1107; x_wconf 88' lang='lat' dir='ltr'><strong>ad</strong></span> <span class='ocrx_word' id='word_1_113' title='bbox 2213 1052 2449 1108; x_wconf 78' lang='lat' dir='ltr'><strong>litteram</strong></span> <span class='ocrx_word' id='word_1_114' title='bbox 2480 1065 2711 1126; x_wconf 78' lang='lat' dir='ltr'><strong>spectat,</strong></span> <span class='ocrx_word' id='word_1_115' title='bbox 2742 1058 2859 1112; x_wconf 71' lang='lat' dir='ltr'><strong>htec</strong></span> <span class='ocrx_word' id='word_1_116' title='bbox 2904 1058 3091 1114; x_wconf 85' lang='lat' dir='ltr'><strong>dicunt</strong></span> <span class='ocrx_word' id='word_1_117' title='bbox 3143 1061 3232 1131; x_wconf 88' lang='lat' dir='ltr'><strong>qui</strong></span> <span class='ocrx_word' id='word_1_118' title='bbox 3267 1072 3394 1116; x_wconf 91' lang='lat' dir='ltr'><strong>sunt</strong></span> 
     </span>
    </p>
   </div>
   <div class='ocr_carea' id='block_1_20' title="bbox 1800 1141 3391 1221">
    <p class='ocr_par' dir='ltr' id='par_1_20' title="bbox 1800 1141 3391 1221">
     <span class='ocr_line' id='line_1_20' title="bbox 1800 1141 3391 1221; baseline 0.006 -25"><span class='ocrx_word' id='word_1_119' title='bbox 1800 1141 1864 1217; x_wconf 77' lang='lat' dir='ltr'><strong>in</strong></span> <span class='ocrx_word' id='word_1_120' title='bbox 1898 1141 2230 1211; x_wconf 79' lang='lat' dir='ltr'><strong>captivitate.</strong></span> <span class='ocrx_word' id='word_1_121' title='bbox 2267 1142 2499 1212; x_wconf 80' lang='lat' dir='ltr'><strong>Repellit</strong></span> <span class='ocrx_word' id='word_1_122' title='bbox 2547 1156 2727 1201; x_wconf 90' lang='lat' dir='ltr'><strong>autem</strong></span> <span class='ocrx_word' id='word_1_123' title='bbox 2756 1163 2895 1218; x_wconf 91' lang='lat' dir='ltr'><strong>quos</strong></span> <span class='ocrx_word' id='word_1_124' title='bbox 2948 1151 3162 1221; x_wconf 84' lang='lat' dir='ltr'><strong>repellit</strong></span> <span class='ocrx_word' id='word_1_125' title='bbox 3200 1153 3391 1206; x_wconf 85' lang='lat' dir='ltr'><strong>Domi-</strong></span> 
     </span>
    </p>
   </div>
   <div class='ocr_carea' id='block_1_21' title="bbox 1810 1235 3391 1311">
    <p class='ocr_par' dir='ltr' id='par_1_21' title="bbox 1810 1235 3391 1311">
     <span class='ocr_line' id='line_1_21' title="bbox 1810 1235 3391 1311; baseline 0.008 -23"><span class='ocrx_word' id='word_1_126' title='bbox 1810 1250 1913 1289; x_wconf 91' lang='lat' dir='ltr'><strong>nus</strong></span> <span class='ocrx_word' id='word_1_127' title='bbox 1966 1235 2265 1291; x_wconf 89' lang='lat' dir='ltr'><strong>secundum</strong></span> <span class='ocrx_word' id='word_1_128' title='bbox 2316 1235 2720 1293; x_wconf 86' lang='lat' dir='ltr'><strong>multitudinem</strong></span> <span class='ocrx_word' id='word_1_129' title='bbox 2776 1241 3117 1311; x_wconf 90' lang='lat' dir='ltr'><strong>impietatum</strong></span> <span class='ocrx_word' id='word_1_130' title='bbox 3179 1259 3391 1301; x_wconf 88' lang='lat' dir='ltr'><strong>eorum.</strong></span> 
     </span>
    </p>
   </div>
   <div class='ocr_carea' id='block_1_22' title="bbox 1809 1328 3391 1404">
    <p class='ocr_par' dir='ltr' id='par_1_22' title="bbox 1809 1328 3391 1404">
     <span class='ocr_line' id='line_1_22' title="bbox 1809 1328 3391 1404; baseline 0.004 -21"><span class='ocrx_word' id='word_1_131' title='bbox 1809 1328 1876 1383; x_wconf 80' lang='lat' dir='ltr'><strong>Et</strong></span> <span class='ocrx_word' id='word_1_132' title='bbox 1929 1328 2191 1397; x_wconf 86' lang='lat' dir='ltr'><strong>quosdam</strong></span> <span class='ocrx_word' id='word_1_133' title='bbox 2245 1329 2459 1397; x_wconf 82' lang='lat' dir='ltr'><strong>quidem</strong></span> <span class='ocrx_word' id='word_1_134' title='bbox 2490 1330 2722 1400; x_wconf 87' lang='lat' dir='ltr'><strong>repellit,</strong></span> <span class='ocrx_word' id='word_1_135' title='bbox 2774 1333 2917 1387; x_wconf 90' lang='lat' dir='ltr'><strong>sicut</strong></span> <span class='ocrx_word' id='word_1_136' title='bbox 2965 1336 3227 1404; x_wconf 89' lang='lat' dir='ltr'><strong>scriptum</strong></span> <span class='ocrx_word' id='word_1_137' title='bbox 3284 1347 3391 1403; x_wconf 88' lang='lat' dir='ltr'><strong>est,</strong></span> 
     </span>
    </p>
   </div>
   <div class='ocr_carea' id='block_1_23' title="bbox 1810 1424 3393 1501">
    <p class='ocr_par' dir='ltr' id='par_1_23' title="bbox 1810 1424 3393 1501">
     <span class='ocr_line' id='line_1_23' title="bbox 1810 1424 3393 1501; baseline 0.007 -25"><span class='ocrx_word' id='word_1_138' title='bbox 1810 1424 2192 1490; x_wconf 80' lang='lat' dir='ltr'><strong>vehementer,</strong></span> <span class='ocrx_word' id='word_1_139' title='bbox 2247 1424 2512 1495; x_wconf 86' lang='lat' dir='ltr'><strong>quosdam</strong></span> <span class='ocrx_word' id='word_1_140' title='bbox 2566 1439 2696 1479; x_wconf 86' lang='lat' dir='ltr'><strong>vero</strong></span> <span class='ocrx_word' id='word_1_141' title='bbox 2729 1443 2747 1478; x_wconf 76' lang='grc' dir='ltr'><strong>ι</strong></span> <span class='ocrx_word' id='word_1_142' title='bbox 2787 1427 2839 1481; x_wconf 93' lang='lat' dir='ltr'><strong>in</strong></span> <span class='ocrx_word' id='word_1_143' title='bbox 2897 1427 3057 1484; x_wconf 86' lang='lat' dir='ltr'><strong>ﬁnem</strong></span> <span class='ocrx_word' id='word_1_144' title='bbox 3090 1449 3107 1481; x_wconf 78' lang='grc' dir='ltr'><strong>ι</strong></span> <span class='ocrx_word' id='word_1_145' title='bbox 3141 1439 3195 1485; x_wconf 90' lang='lat' dir='ltr'><strong>et</strong></span> <span class='ocrx_word' id='word_1_146' title='bbox 3222 1447 3393 1501; x_wconf 87' lang='lat' dir='ltr'><strong>usque</strong></span> 
     </span>
    </p>
   </div>
   <div class='ocr_carea' id='block_1_24' title="bbox 1807 1517 2220 1573">
    <p class='ocr_par' dir='ltr' id='par_1_24' title="bbox 1807 1517 2220 1573">
     <span class='ocr_line' id='line_1_24' title="bbox 1807 1517 2220 1573; baseline 0 -1"><span class='ocrx_word' id='word_1_147' title='bbox 1807 1517 1873 1572; x_wconf 85' lang='lat' dir='ltr'><strong>ad</strong></span> <span class='ocrx_word' id='word_1_148' title='bbox 1903 1518 2220 1573; x_wconf 89' lang='lat' dir='ltr'><strong>novissima.</strong></span> 
     </span>
    </p>
   </div>
   <div class='ocr_carea' id='block_1_25' title="bbox 1881 1612 3386 1687">
    <p class='ocr_par' dir='ltr' id='par_1_25' title="bbox 1881 1612 3386 1687">
     <span class='ocr_line' id='line_1_25' title="bbox 1881 1612 3386 1687; baseline 0.005 -21"><span class='ocrx_word' id='word_1_149' title='bbox 1881 1614 2009 1668; x_wconf 84' lang='lat' dir='ltr'><strong>lBlD.</strong></span> <span class='ocrx_word' id='word_1_150' title='bbox 2035 1612 2217 1668; x_wconf 79' lang='lat' dir='ltr'><strong>Iratus</strong></span> <span class='ocrx_word' id='word_1_151' title='bbox 2256 1624 2331 1671; x_wconf 88' lang='lat' dir='ltr'><strong>est</strong></span> <span class='ocrx_word' id='word_1_152' title='bbox 2362 1615 2516 1685; x_wconf 82' lang='lat' dir='ltr'><strong>furor</strong></span> <span class='ocrx_word' id='word_1_153' title='bbox 2541 1625 2660 1671; x_wconf 80' lang='lat' dir='ltr'><strong>tuus</strong></span> <span class='ocrx_word' id='word_1_154' title='bbox 2681 1634 2841 1687; x_wconf 86' lang='lat' dir='ltr'><strong>super</strong></span> <span class='ocrx_word' id='word_1_155' title='bbox 2866 1634 2982 1672; x_wconf 83' lang='lat' dir='ltr'><strong>oves</strong></span> <span class='ocrx_word' id='word_1_156' title='bbox 3012 1635 3224 1687; x_wconf 74' lang='lat' dir='ltr'><strong>pascam</strong></span> <span class='ocrx_word' id='word_1_157' title='bbox 3262 1630 3386 1684; x_wconf 75' lang='lat' dir='ltr'><strong>tum,</strong></span> 
     </span>
    </p>
   </div>
   <div class='ocr_carea' id='block_1_26' title="bbox 128 1688 1695 1796">
    <p class='ocr_par' dir='ltr' id='par_1_26' title="bbox 128 1688 1695 1796">
     <span class='ocr_line' id='line_1_26' title="bbox 128 1688 1695 1796; baseline -0.001 -20"><span class='ocrx_word' id='word_1_158' title='bbox 128 1688 343 1786; x_wconf 45' lang='grc' dir='ltr'>σουξκ.</span> <span class='ocrx_word' id='word_1_159' title='bbox 378 1740 429 1775; x_wconf 59' lang='grc' dir='ltr'>τη.</span> <span class='ocrx_word' id='word_1_160' title='bbox 552 1721 646 1786; x_wconf 92' lang='grc' dir='ltr'><strong>Τὸ,</strong></span> <span class='ocrx_word' id='word_1_161' title='bbox 680 1688 1110 1796; x_wconf 43' lang='grc' dir='ltr'>ιΕίσελεύσεται</span> <span class='ocrx_word' id='word_1_162' title='bbox 1135 1688 1269 1794; x_wconf 72' lang='grc'><strong>(90),</strong></span> <span class='ocrx_word' id='word_1_163' title='bbox 1307 1723 1401 1776; x_wconf 78' lang='grc' dir='ltr'><strong>καὶ</strong></span> <span class='ocrx_word' id='word_1_164' title='bbox 1432 1688 1695 1789; x_wconf 46' lang='grc' dir='ltr'>ὲξελεῦσέζ</span> 
     </span>
    </p>
   </div>
   <div class='ocr_carea' id='block_1_27' title="bbox 1862 1688 3385 1796">
    <p class='ocr_par' dir='ltr' id='par_1_27' title="bbox 1867 1706 3385 1781">
     <span class='ocr_line' id='line_1_27' title="bbox 1867 1706 3385 1781; baseline 0.002 -18"><span class='ocrx_word' id='word_1_165' title='bbox 1867 1725 1915 1763; x_wconf 87' lang='lat' dir='ltr'><strong>c.</strong></span> <span class='ocrx_word' id='word_1_166' title='bbox 1952 1706 2087 1763; x_wconf 89' lang='lat' dir='ltr'><strong>Illud</strong></span> <span class='ocrx_word' id='word_1_167' title='bbox 2110 1707 2181 1774; x_wconf 75' lang='lat'><strong>“,</strong></span> <span class='ocrx_word' id='word_1_168' title='bbox 2213 1728 2230 1761; x_wconf 80' lang='grc' dir='ltr'><strong>ι</strong></span> <span class='ocrx_word' id='word_1_169' title='bbox 2263 1708 2627 1781; x_wconf 88' lang='lat' dir='ltr'><strong>lngredietur,</strong></span> <span class='ocrx_word' id='word_1_170' title='bbox 2656 1721 2710 1766; x_wconf 91' lang='lat' dir='ltr'><strong>et</strong></span> <span class='ocrx_word' id='word_1_171' title='bbox 2733 1711 3065 1781; x_wconf 82' lang='lat' dir='ltr'><strong>egredietur,</strong></span> <span class='ocrx_word' id='word_1_172' title='bbox 3110 1722 3162 1766; x_wconf 89' lang='lat' dir='ltr'><strong>et</strong></span> <span class='ocrx_word' id='word_1_173' title='bbox 3189 1728 3385 1781; x_wconf 79' lang='lat' dir='ltr'><strong>pascua</strong></span> 
     </span>
    </p>
   </div>
   <div class='ocr_carea' id='block_1_28' title="bbox 124 1811 1395 1884">
    <p class='ocr_par' dir='ltr' id='par_1_28' title="bbox 124 1811 1395 1884">
     <span class='ocr_line' id='line_1_28' title="bbox 124 1811 1395 1884; baseline 0.002 -21"><span class='ocrx_word' id='word_1_174' title='bbox 124 1827 229 1875; x_wconf 88' lang='grc' dir='ltr'>ται,</span> <span class='ocrx_word' id='word_1_175' title='bbox 262 1813 355 1865; x_wconf 73' lang='grc' dir='ltr'><strong>καὶ</strong></span> <span class='ocrx_word' id='word_1_176' title='bbox 386 1811 558 1883; x_wconf 82' lang='grc' dir='ltr'>νομὴν</span> <span class='ocrx_word' id='word_1_177' title='bbox 587 1812 830 1883; x_wconf 80' lang='grc' dir='ltr'><strong>εὑρήσει,</strong></span> <span class='ocrx_word' id='word_1_178' title='bbox 859 1831 875 1863; x_wconf 71' lang='grc' dir='ltr'><strong>ι</strong></span> <span class='ocrx_word' id='word_1_179' title='bbox 907 1811 1082 1883; x_wconf 85' lang='grc' dir='ltr'>τούτῳ</span> <span class='ocrx_word' id='word_1_180' title='bbox 1108 1813 1395 1884; x_wconf 86' lang='grc' dir='ltr'>χρήσιμον.</span> 
     </span>
    </p>
   </div>
   <div class='ocr_carea' id='block_1_29' title="bbox 193 1898 1702 1974">
    <p class='ocr_par' dir='ltr' id='par_1_29' title="bbox 193 1898 1702 1974">
     <span class='ocr_line' id='line_1_29' title="bbox 193 1898 1702 1974; baseline 0.001 -20"><span class='ocrx_word' id='word_1_181' title='bbox 193 1902 504 1970; x_wconf 78' lang='grc' dir='ltr'>Μνήσθητι</span> <span class='ocrx_word' id='word_1_182' title='bbox 530 1901 641 1970; x_wconf 87' lang='grc' dir='ltr'><strong>τῆς</strong></span> <span class='ocrx_word' id='word_1_183' title='bbox 674 1900 1030 1973; x_wconf 71' lang='grc' dir='ltr'><strong>συναγωγῆς</strong></span> <span class='ocrx_word' id='word_1_184' title='bbox 1066 1917 1183 1957; x_wconf 85' lang='grc' dir='ltr'>σου</span> <span class='ocrx_word' id='word_1_185' title='bbox 1223 1898 1299 1974; x_wconf 81' lang='grc' dir='ltr'><strong>ἧς</strong></span> <span class='ocrx_word' id='word_1_186' title='bbox 1331 1903 1567 1972; x_wconf 78' lang='grc' dir='ltr'><strong>ἐκτήσω</strong></span> <span class='ocrx_word' id='word_1_187' title='bbox 1601 1904 1702 1957; x_wconf 83' lang='grc' dir='ltr'>ἀπ’</span> 
     </span>
    </p>
   </div>
   <div class='ocr_carea' id='block_1_30' title="bbox 124 1993 1705 2068">
    <p class='ocr_par' dir='ltr' id='par_1_30' title="bbox 124 1993 1705 2068">
     <span class='ocr_line' id='line_1_30' title="bbox 124 1993 1705 2068; baseline 0.001 -21"><span class='ocrx_word' id='word_1_188' title='bbox 124 1993 331 2064; x_wconf 79' lang='grc' dir='ltr'>ἀρχῆς,</span> <span class='ocrx_word' id='word_1_189' title='bbox 361 2013 413 2049; x_wconf 89' lang='grc' dir='ltr'><strong>κ.</strong></span> <span class='ocrx_word' id='word_1_190' title='bbox 448 2013 496 2048; x_wconf 92' lang='grc' dir='ltr'><strong>τ.</strong></span> <span class='ocrx_word' id='word_1_191' title='bbox 528 1996 574 2059; x_wconf 69' lang='grc' dir='ltr'><strong>ἐν</strong></span> <span class='ocrx_word' id='word_1_192' title='bbox 594 1997 857 2068; x_wconf 83' lang='grc' dir='ltr'>Ζητήσεις</span> <span class='ocrx_word' id='word_1_193' title='bbox 887 1996 995 2049; x_wconf 87' lang='grc' dir='ltr'><strong>ἀπὸ</strong></span> <span class='ocrx_word' id='word_1_194' title='bbox 1027 1996 1186 2060; x_wconf 84' lang='grc' dir='ltr'>ποίας</span> <span class='ocrx_word' id='word_1_195' title='bbox 1211 1994 1322 2068; x_wconf 82' lang='lat' dir='ltr'><strong>(9i)</strong></span> <span class='ocrx_word' id='word_1_196' title='bbox 1354 1997 1525 2068; x_wconf 85' lang='grc' dir='ltr'>ἀρχῆς</span> <span class='ocrx_word' id='word_1_197' title='bbox 1553 1996 1705 2067; x_wconf 75' lang='grc' dir='ltr'>ἐκτή-</span> 
     </span>
    </p>
   </div>
   <div class='ocr_carea' id='block_1_31' title="bbox 127 2087 1705 2159">
    <p class='ocr_par' dir='ltr' id='par_1_31' title="bbox 127 2087 1705 2159">
     <span class='ocr_line' id='line_1_31' title="bbox 127 2087 1705 2159; baseline 0 -18"><span class='ocrx_word' id='word_1_198' title='bbox 127 2105 253 2141; x_wconf 88' lang='grc' dir='ltr'>σατο</span> <span class='ocrx_word' id='word_1_199' title='bbox 298 2087 396 2159; x_wconf 75' lang='grc' dir='ltr'><strong>τὴν</strong></span> <span class='ocrx_word' id='word_1_200' title='bbox 450 2088 772 2159; x_wconf 74' lang='grc' dir='ltr'>συναγωγὴν</span> <span class='ocrx_word' id='word_1_201' title='bbox 824 2088 1014 2141; x_wconf 81' lang='grc' dir='ltr'>ἑαυτοῦ</span> <span class='ocrx_word' id='word_1_202' title='bbox 1053 2091 1081 2143; x_wconf 90' lang='lat'><strong>6</strong></span> <span class='ocrx_word' id='word_1_203' title='bbox 1128 2089 1281 2154; x_wconf 85' lang='grc' dir='ltr'>Θεὸς,</span> <span class='ocrx_word' id='word_1_204' title='bbox 1323 2089 1510 2143; x_wconf 77' lang='grc' dir='ltr'>καὶτὸ</span> <span class='ocrx_word' id='word_1_205' title='bbox 1546 2090 1705 2142; x_wconf 84' lang='grc' dir='ltr'>πότε-</span> 
     </span>
    </p>
   </div>
   <div class='ocr_carea' id='block_1_32' title="bbox 126 2179 1705 2255">
    <p class='ocr_par' dir='ltr' id='par_1_32' title="bbox 126 2179 1705 2255">
     <span class='ocr_line' id='line_1_32' title="bbox 126 2179 1705 2255; baseline 0.003 -23"><span class='ocrx_word' id='word_1_206' title='bbox 126 2196 214 2251; x_wconf 85' lang='grc' dir='ltr'>ρον</span> <span class='ocrx_word' id='word_1_207' title='bbox 244 2179 568 2253; x_wconf 76' lang='grc' dir='ltr'>προγνώσει,</span> <span class='ocrx_word' id='word_1_208' title='bbox 596 2181 629 2251; x_wconf 80' lang='grc' dir='ltr'>ἢ</span> <span class='ocrx_word' id='word_1_209' title='bbox 661 2181 855 2245; x_wconf 82' lang='grc' dir='ltr'>ἄλλως.</span> <span class='ocrx_word' id='word_1_210' title='bbox 884 2182 971 2240; x_wconf 91' lang='grc' dir='ltr'>Τὸ,</span> <span class='ocrx_word' id='word_1_211' title='bbox 1013 2200 1031 2233; x_wconf 77' lang='grc' dir='ltr'><strong>ι</strong></span> <span class='ocrx_word' id='word_1_212' title='bbox 1059 2183 1145 2235; x_wconf 85' lang='grc' dir='ltr'><strong>ἵνα</strong></span> <span class='ocrx_word' id='word_1_213' title='bbox 1172 2182 1225 2236; x_wconf 87' lang='grc' dir='ltr'><strong>τί</strong></span> <span class='ocrx_word' id='word_1_214' title='bbox 1251 2202 1269 2234; x_wconf 88' lang='grc'><strong>›</strong></span> <span class='ocrx_word' id='word_1_215' title='bbox 1303 2183 1442 2255; x_wconf 89' lang='grc' dir='ltr'>πρὸς</span> <span class='ocrx_word' id='word_1_216' title='bbox 1467 2183 1599 2237; x_wconf 90' lang='grc' dir='ltr'>Θεὸν</span> <span class='ocrx_word' id='word_1_217' title='bbox 1625 2184 1705 2236; x_wconf 84' lang='grc' dir='ltr'>λε-</span> 
     </span>
    </p>
   </div>
   <div class='ocr_carea' id='block_1_33' title="bbox 120 2276 1701 2350">
    <p class='ocr_par' dir='ltr' id='par_1_33' title="bbox 120 2276 1701 2350">
     <span class='ocr_line' id='line_1_33' title="bbox 120 2276 1701 2350; baseline 0.003 -23"><span class='ocrx_word' id='word_1_218' title='bbox 120 2276 347 2345; x_wconf 77' lang='grc' dir='ltr'>γόμενον</span> <span class='ocrx_word' id='word_1_219' title='bbox 394 2276 723 2340; x_wconf 86' lang='grc' dir='ltr'>πευστικῶς,</span> <span class='ocrx_word' id='word_1_220' title='bbox 755 2277 1037 2348; x_wconf 73' lang='grc' dir='ltr'><strong>αἰτητικὸν</strong></span> <span class='ocrx_word' id='word_1_221' title='bbox 1076 2278 1224 2331; x_wconf 82' lang='grc' dir='ltr'>ἐστιν</span> <span class='ocrx_word' id='word_1_222' title='bbox 1253 2278 1597 2350; x_wconf 79' lang='grc' dir='ltr'>ἀποκρίσεως</span> <span class='ocrx_word' id='word_1_223' title='bbox 1622 2279 1701 2332; x_wconf 90' lang='grc' dir='ltr'>δι-</span> 
     </span>
    </p>
   </div>
   <div class='ocr_carea' id='block_1_34' title="bbox 119 2369 1700 2447">
    <p class='ocr_par' dir='ltr' id='par_1_34' title="bbox 119 2369 1700 2447">
     <span class='ocr_line' id='line_1_34' title="bbox 119 2369 1700 2447; baseline 0.004 -25"><span class='ocrx_word' id='word_1_224' title='bbox 119 2369 422 2441; x_wconf 84' lang='grc' dir='ltr'>δασκούσης</span> <span class='ocrx_word' id='word_1_225' title='bbox 456 2371 549 2442; x_wconf 85' lang='grc' dir='ltr'>τὴν</span> <span class='ocrx_word' id='word_1_226' title='bbox 591 2372 770 2426; x_wconf 73' lang='grc' dir='ltr'>αἰτίαν</span> <span class='ocrx_word' id='word_1_227' title='bbox 812 2372 910 2443; x_wconf 85' lang='grc' dir='ltr'><strong>τῆς</strong></span> <span class='ocrx_word' id='word_1_228' title='bbox 942 2372 1210 2436; x_wconf 87' lang='grc' dir='ltr'>ἀπώσεως</span> <span class='ocrx_word' id='word_1_229' title='bbox 1240 2374 1334 2427; x_wconf 77' lang='grc' dir='ltr'><strong>καὶ</strong></span> <span class='ocrx_word' id='word_1_230' title='bbox 1376 2373 1475 2445; x_wconf 85' lang='grc' dir='ltr'>τῆς</span> <span class='ocrx_word' id='word_1_231' title='bbox 1509 2374 1700 2447; x_wconf 68' lang='grc' dir='ltr'><strong>ἀργῆς⁹</strong></span> 
     </span>
    </p>
   </div>
   <div class='ocr_carea' id='block_1_35' title="bbox 118 2459 1702 2535">
    <p class='ocr_par' dir='ltr' id='par_1_35' title="bbox 118 2459 1702 2535">
     <span class='ocr_line' id='line_1_35' title="bbox 118 2459 1702 2535; baseline 0.002 -22"><span class='ocrx_word' id='word_1_232' title='bbox 118 2459 180 2513; x_wconf 91' lang='grc' dir='ltr'><strong>τὸ</strong></span> <span class='ocrx_word' id='word_1_233' title='bbox 220 2461 295 2523; x_wconf 83' lang='grc' dir='ltr'>δὲ,</span> <span class='ocrx_word' id='word_1_234' title='bbox 354 2480 371 2512; x_wconf 74' lang='grc' dir='ltr'><strong>ι</strong></span> <span class='ocrx_word' id='word_1_235' title='bbox 396 2461 675 2533; x_wconf 87' lang='grc' dir='ltr'>ώργίσθης</span> <span class='ocrx_word' id='word_1_236' title='bbox 722 2464 814 2516; x_wconf 76' lang='grc' dir='ltr'><strong>ἐπὶ</strong></span> <span class='ocrx_word' id='word_1_237' title='bbox 862 2462 1130 2535; x_wconf 80' lang='grc' dir='ltr'>πρόϐατα,</span> <span class='ocrx_word' id='word_1_238' title='bbox 1156 2484 1173 2517; x_wconf 74' lang='grc' dir='ltr'><strong>ι</strong></span> <span class='ocrx_word' id='word_1_239' title='bbox 1212 2463 1302 2517; x_wconf 84' lang='grc' dir='ltr'><strong>διὰ</strong></span> <span class='ocrx_word' id='word_1_240' title='bbox 1347 2463 1573 2535; x_wconf 79' lang='grc' dir='ltr'>ἱλασμὸν</span> <span class='ocrx_word' id='word_1_241' title='bbox 1606 2462 1702 2518; x_wconf 89' lang='grc' dir='ltr'><strong>τοῦ</strong></span> 
     </span>
    </p>
   </div>
   <div class='ocr_carea' id='block_1_36' title="bbox 120 2554 1704 2631">
    <p class='ocr_par' dir='ltr' id='par_1_36' title="bbox 120 2554 1704 2631">
     <span class='ocr_line' id='line_1_36' title="bbox 120 2554 1704 2631; baseline 0.003 -25"><span class='ocrx_word' id='word_1_242' title='bbox 120 2554 469 2626; x_wconf 75' lang='grc' dir='ltr'>ὀργιζομένου</span> <span class='ocrx_word' id='word_1_243' title='bbox 499 2554 715 2625; x_wconf 86' lang='grc' dir='ltr'>λέγεται</span> <span class='ocrx_word' id='word_1_244' title='bbox 734 2572 748 2587; x_wconf 75' lang='grc' dir='ltr'><strong>ο</strong></span> <span class='ocrx_word' id='word_1_245' title='bbox 782 2559 897 2621; x_wconf 83' lang='grc' dir='ltr'>τοῖς</span> <span class='ocrx_word' id='word_1_246' title='bbox 936 2556 1046 2630; x_wconf 83' lang='grc' dir='ltr'>γὰρ</span> <span class='ocrx_word' id='word_1_247' title='bbox 1075 2557 1149 2622; x_wconf 83' lang='grc' dir='ltr'>ὡς</span> <span class='ocrx_word' id='word_1_248' title='bbox 1179 2557 1425 2629; x_wconf 86' lang='grc' dir='ltr'>πρόϐατα</span> <span class='ocrx_word' id='word_1_249' title='bbox 1457 2560 1704 2631; x_wconf 84' lang='grc' dir='ltr'>ἀνοήτοις</span> 
     </span>
    </p>
   </div>
   <div class='ocr_carea' id='block_1_37' title="bbox 122 2643 1699 2721">
    <p class='ocr_par' dir='ltr' id='par_1_37' title="bbox 122 2643 1699 2721">
     <span class='ocr_line' id='line_1_37' title="bbox 122 2643 1699 2721; baseline 0.002 -23"><span class='ocrx_word' id='word_1_250' title='bbox 122 2646 451 2719; x_wconf 83' lang='grc' dir='ltr'><strong>συγγνώμην</strong></span> <span class='ocrx_word' id='word_1_251' title='bbox 478 2649 571 2702; x_wconf 73' lang='grc' dir='ltr'><strong>ἐπὶ</strong></span> <span class='ocrx_word' id='word_1_252' title='bbox 595 2650 708 2712; x_wconf 87' lang='grc' dir='ltr'>τοῖς</span> <span class='ocrx_word' id='word_1_253' title='bbox 734 2650 814 2712; x_wconf 79' lang='grc' dir='ltr'>εἰς</span> <span class='ocrx_word' id='word_1_254' title='bbox 840 2648 1081 2702; x_wconf 87' lang='grc' dir='ltr'>διάνοιαν</span> <span class='ocrx_word' id='word_1_255' title='bbox 1102 2643 1512 2721; x_wconf 69' lang='grc' dir='ltr'>ήμαρτημῖένοις</span> <span class='ocrx_word' id='word_1_256' title='bbox 1540 2651 1699 2703; x_wconf 83' lang='grc' dir='ltr'>αίτεῖ.</span> 
     </span>
    </p>
   </div>
   <div class='ocr_carea' id='block_1_38' title="bbox 128 2738 1702 2812">
    <p class='ocr_par' dir='ltr' id='par_1_38' title="bbox 128 2738 1702 2812">
     <span class='ocr_line' id='line_1_38' title="bbox 128 2738 1702 2812; baseline 0.009 -21"><span class='ocrx_word' id='word_1_257' title='bbox 128 2738 286 2792; x_wconf 83' lang='grc' dir='ltr'>Ἀλλά</span> <span class='ocrx_word' id='word_1_258' title='bbox 340 2740 435 2792; x_wconf 75' lang='grc' dir='ltr'><strong>καὶ</strong></span> <span class='ocrx_word' id='word_1_259' title='bbox 490 2740 883 2811; x_wconf 78' lang='grc' dir='ltr'>ἐπιλαθόμενος</span> <span class='ocrx_word' id='word_1_260' title='bbox 926 2740 1016 2794; x_wconf 77' lang='grc' dir='ltr'><strong>διὰ</strong></span> <span class='ocrx_word' id='word_1_261' title='bbox 1061 2741 1130 2794; x_wconf 82' lang='grc' dir='ltr'><strong>τὰ</strong></span> <span class='ocrx_word' id='word_1_262' title='bbox 1181 2742 1556 2812; x_wconf 83' lang='grc' dir='ltr'>ἁμαρτήματα</span> <span class='ocrx_word' id='word_1_263' title='bbox 1603 2741 1702 2812; x_wconf 81' lang='grc' dir='ltr'>τῆς</span> 
     </span>
    </p>
   </div>
   <div class='ocr_carea' id='block_1_39' title="bbox 116 2830 1701 2905">
    <p class='ocr_par' dir='ltr' id='par_1_39' title="bbox 116 2830 1701 2905">
     <span class='ocr_line' id='line_1_39' title="bbox 116 2830 1701 2905; baseline 0.002 -22"><span class='ocrx_word' id='word_1_264' title='bbox 116 2831 454 2902; x_wconf 75' lang='grc' dir='ltr'>συναγωγῆς,</span> <span class='ocrx_word' id='word_1_265' title='bbox 502 2830 770 2902; x_wconf 87' lang='grc' dir='ltr'>μνήσθητι</span> <span class='ocrx_word' id='word_1_266' title='bbox 830 2830 1001 2901; x_wconf 80' lang='grc' dir='ltr'>αὐτῆς</span> <span class='ocrx_word' id='word_1_267' title='bbox 1039 2832 1339 2903; x_wconf 82' lang='grc' dir='ltr'>γενομένης</span> <span class='ocrx_word' id='word_1_268' title='bbox 1392 2833 1486 2885; x_wconf 84' lang='grc' dir='ltr'>ἀπ’</span> <span class='ocrx_word' id='word_1_269' title='bbox 1526 2833 1701 2905; x_wconf 79' lang='grc' dir='ltr'>ἀρχῆς</span> 
     </span>
    </p>
   </div>
   <div class='ocr_carea' id='block_1_40' title="bbox 114 2923 1698 2995">
    <p class='ocr_par' dir='ltr' id='par_1_40' title="bbox 114 2923 1698 2995">
     <span class='ocr_line' id='line_1_40' title="bbox 114 2923 1698 2995; baseline 0.002 -19"><span class='ocrx_word' id='word_1_270' title='bbox 114 2925 408 2995; x_wconf 81' lang='grc' dir='ltr'>κτήματος.</span> <span class='ocrx_word' id='word_1_271' title='bbox 438 2923 561 2987; x_wconf 88' lang='grc' dir='ltr'>Πῶς</span> <span class='ocrx_word' id='word_1_272' title='bbox 585 2923 643 2979; x_wconf 87' lang='grc' dir='ltr'><strong>δὲ</strong></span> <span class='ocrx_word' id='word_1_273' title='bbox 676 2943 694 2975; x_wconf 77' lang='grc' dir='ltr'><strong>ι</strong></span> <span class='ocrx_word' id='word_1_274' title='bbox 722 2924 815 2977; x_wconf 88' lang='grc' dir='ltr'>ἀπ’</span> <span class='ocrx_word' id='word_1_275' title='bbox 835 2923 1030 2995; x_wconf 81' lang='grc' dir='ltr'>ἀρχῆς,</span> <span class='ocrx_word' id='word_1_276' title='bbox 1054 2943 1071 2975; x_wconf 75' lang='grc' dir='ltr'><strong>ι</strong></span> <span class='ocrx_word' id='word_1_277' title='bbox 1099 2924 1198 2977; x_wconf 80' lang='grc' dir='ltr'><strong>οὐκ</strong></span> <span class='ocrx_word' id='word_1_278' title='bbox 1224 2923 1566 2995; x_wconf 76' lang='grc' dir='ltr'>ἐμφαίνεται,</span> <span class='ocrx_word' id='word_1_279' title='bbox 1589 2925 1698 2979; x_wconf 84' lang='grc' dir='ltr'>οὐδ’</span> 
     </span>
    </p>
   </div>
   <div class='ocr_carea' id='block_1_41' title="bbox 110 3010 1606 3088">
    <p class='ocr_par' dir='ltr' id='par_1_41' title="bbox 110 3010 1606 3088">
     <span class='ocr_line' id='line_1_41' title="bbox 110 3010 1606 3088; baseline 0.001 -17"><span class='ocrx_word' id='word_1_280' title='bbox 110 3016 181 3071; x_wconf 80' lang='grc' dir='ltr'><strong>ἂν</strong></span> <span class='ocrx_word' id='word_1_281' title='bbox 203 3015 261 3081; x_wconf 78' lang='grc' dir='ltr'>ἐξ</span> <span class='ocrx_word' id='word_1_282' title='bbox 281 3014 557 3085; x_wconf 77' lang='grc' dir='ltr'>Αἰγύπτου</span> <span class='ocrx_word' id='word_1_283' title='bbox 579 3018 705 3087; x_wconf 83' lang='grc' dir='ltr'>νοῇς</span> <span class='ocrx_word' id='word_1_284' title='bbox 728 3016 898 3088; x_wconf 78' lang='grc' dir='ltr'>αὐτὴν</span> <span class='ocrx_word' id='word_1_285' title='bbox 923 3016 1116 3087; x_wconf 82' lang='grc' dir='ltr'>κτῆσιν</span> <span class='ocrx_word' id='word_1_286' title='bbox 1144 3010 1423 3086; x_wconf 73' lang='grc' dir='ltr'>γεγονέναι</span> <span class='ocrx_word' id='word_1_287' title='bbox 1448 3017 1606 3072; x_wconf 88' lang='grc' dir='ltr'>Θεοῦ.</span> 
     </span>
    </p>
   </div>
   <div class='ocr_carea' id='block_1_42' title="bbox 205 3107 1704 3180">
    <p class='ocr_par' dir='ltr' id='par_1_42' title="bbox 205 3107 1704 3180">
     <span class='ocr_line' id='line_1_42' title="bbox 205 3107 1704 3180; baseline 0.003 -19"><span class='ocrx_word' id='word_1_288' title='bbox 205 3107 548 3177; x_wconf 81' lang='grc' dir='ltr'>Ἐλυτρώσω</span> <span class='ocrx_word' id='word_1_289' title='bbox 559 3107 790 3176; x_wconf 78' lang='grc' dir='ltr'>ῥάϐδον</span> <span class='ocrx_word' id='word_1_290' title='bbox 811 3111 1215 3179; x_wconf 74' lang='grc' dir='ltr'>κληρονομίας</span> <span class='ocrx_word' id='word_1_291' title='bbox 1237 3126 1371 3164; x_wconf 84' lang='grc' dir='ltr'>σου·</span> <span class='ocrx_word' id='word_1_292' title='bbox 1392 3111 1530 3180; x_wconf 82' lang='grc' dir='ltr'>ὅρος</span> <span class='ocrx_word' id='word_1_293' title='bbox 1549 3112 1704 3166; x_wconf 89' lang='grc' dir='ltr'>Σιὼν</span> 
     </span>
    </p>
   </div>
   <div class='ocr_carea' id='block_1_43' title="bbox 106 3199 1704 3275">
    <p class='ocr_par' dir='ltr' id='par_1_43' title="bbox 106 3199 1704 3275">
     <span class='ocr_line' id='line_1_43' title="bbox 106 3199 1704 3275; baseline 0.002 -21"><span class='ocrx_word' id='word_1_294' title='bbox 106 3202 288 3256; x_wconf 80' lang='grc' dir='ltr'>τοῦτο</span> <span class='ocrx_word' id='word_1_295' title='bbox 313 3201 345 3255; x_wconf 85' lang='grc' dir='ltr'><strong><em>ὃ</em></strong></span> <span class='ocrx_word' id='word_1_296' title='bbox 373 3199 849 3268; x_wconf 83' lang='grc' dir='ltr'>κατεσκήνωσας</span> <span class='ocrx_word' id='word_1_297' title='bbox 879 3201 951 3254; x_wconf 86' lang='grc' dir='ltr'><strong>ἐν</strong></span> <span class='ocrx_word' id='word_1_298' title='bbox 972 3201 1153 3269; x_wconf 84' lang='grc' dir='ltr'>αὐτῷ,</span> <span class='ocrx_word' id='word_1_299' title='bbox 1188 3220 1241 3256; x_wconf 89' lang='grc' dir='ltr'><strong>κ.</strong></span> <span class='ocrx_word' id='word_1_300' title='bbox 1272 3221 1321 3257; x_wconf 90' lang='grc' dir='ltr'><strong>τ.</strong></span> <span class='ocrx_word' id='word_1_301' title='bbox 1357 3204 1403 3257; x_wconf 86' lang='grc' dir='ltr'><strong>έ.</strong></span> <span class='ocrx_word' id='word_1_302' title='bbox 1436 3205 1704 3275; x_wconf 88' lang='grc' dir='ltr'>Ζητήσεις</span> 
     </span>
    </p>
   </div>
   <div class='ocr_carea' id='block_1_44' title="bbox 102 3292 1704 3368">
    <p class='ocr_par' dir='ltr' id='par_1_44' title="bbox 102 3292 1704 3368">
     <span class='ocr_line' id='line_1_44' title="bbox 102 3292 1704 3368; baseline 0.002 -20"><span class='ocrx_word' id='word_1_303' title='bbox 102 3296 223 3349; x_wconf 81' lang='grc' dir='ltr'>εἴτε</span> <span class='ocrx_word' id='word_1_304' title='bbox 246 3293 357 3365; x_wconf 65' lang='lat'><strong>(92)</strong></span> <span class='ocrx_word' id='word_1_305' title='bbox 420 3295 690 3365; x_wconf 82' lang='grc' dir='ltr'>ἐκτήσατο</span> <span class='ocrx_word' id='word_1_306' title='bbox 728 3294 757 3346; x_wconf 89' lang='lat'><strong>6</strong></span> <span class='ocrx_word' id='word_1_307' title='bbox 793 3292 925 3358; x_wconf 86' lang='grc' dir='ltr'>Θεὸς</span> <span class='ocrx_word' id='word_1_308' title='bbox 966 3294 1092 3364; x_wconf 78' lang='grc' dir='ltr'>ὅρος</span> <span class='ocrx_word' id='word_1_309' title='bbox 1140 3295 1298 3359; x_wconf 87' lang='grc' dir='ltr'>Σιὼν,</span> <span class='ocrx_word' id='word_1_310' title='bbox 1330 3297 1439 3349; x_wconf 85' lang='grc' dir='ltr'>εῐτε</span> <span class='ocrx_word' id='word_1_311' title='bbox 1476 3296 1704 3368; x_wconf 73' lang='grc' dir='ltr'>ἐλυτρώ-</span> 
     </span>
    </p>
   </div>
   <div class='ocr_carea' id='block_1_45' title="bbox 103 3384 1698 3460">
    <p class='ocr_par' dir='ltr' id='par_1_45' title="bbox 103 3384 1698 3460">
     <span class='ocr_line' id='line_1_45' title="bbox 103 3384 1698 3460; baseline 0.001 -19"><span class='ocrx_word' id='word_1_312' title='bbox 103 3404 243 3441; x_wconf 85' lang='grc' dir='ltr'>σατο</span> <span class='ocrx_word' id='word_1_313' title='bbox 273 3386 425 3453; x_wconf 81' lang='grc' dir='ltr'>αὐτὸ,</span> <span class='ocrx_word' id='word_1_314' title='bbox 479 3385 597 3450; x_wconf 85' lang='grc' dir='ltr'><strong>πῶς</strong></span> <span class='ocrx_word' id='word_1_315' title='bbox 626 3386 720 3440; x_wconf 79' lang='grc' dir='ltr'>ἀπ’</span> <span class='ocrx_word' id='word_1_316' title='bbox 748 3384 925 3459; x_wconf 83' lang='grc' dir='ltr'>ἀρχὴς</span> <span class='ocrx_word' id='word_1_317' title='bbox 976 3388 1244 3460; x_wconf 77' lang='grc' dir='ltr'>ἐκτήσατο</span> <span class='ocrx_word' id='word_1_318' title='bbox 1269 3387 1301 3459; x_wconf 87' lang='grc' dir='ltr'><strong>ἢ</strong></span> <span class='ocrx_word' id='word_1_319' title='bbox 1336 3387 1698 3460; x_wconf 88' lang='grc' dir='ltr'>ὲλυτρώσατο.</span> 
     </span>
    </p>
   </div>
   <div class='ocr_carea' id='block_1_46' title="bbox 100 3479 607 3551">
    <p class='ocr_par' dir='ltr' id='par_1_46' title="bbox 100 3479 607 3551">
     <span class='ocr_line' id='line_1_46' title="bbox 100 3479 607 3551; baseline 0 -17"><span class='ocrx_word' id='word_1_320' title='bbox 100 3480 275 3550; x_wconf 80' lang='grc' dir='ltr'>Ζήτει</span> <span class='ocrx_word' id='word_1_321' title='bbox 307 3479 607 3551; x_wconf 81' lang='grc' dir='ltr'>μυστικῶς.</span> 
     </span>
    </p>
   </div>
   <div class='ocr_carea' id='block_1_47' title="bbox 182 3572 1698 3646">
    <p class='ocr_par' dir='ltr' id='par_1_47' title="bbox 182 3572 1698 3646">
     <span class='ocr_line' id='line_1_47' title="bbox 182 3572 1698 3646; baseline 0.003 -20"><span class='ocrx_word' id='word_1_322' title='bbox 182 3575 340 3627; x_wconf 84' lang='grc' dir='ltr'>Ὅσα</span> <span class='ocrx_word' id='word_1_323' title='bbox 366 3573 816 3641; x_wconf 84' lang='grc' dir='ltr'>ἐπονηρεύσατο</span> <span class='ocrx_word' id='word_1_324' title='bbox 859 3575 893 3627; x_wconf 80' lang='grc' dir='ltr'><em>ὁ</em></span> <span class='ocrx_word' id='word_1_325' title='bbox 938 3572 1151 3642; x_wconf 79' lang='grc' dir='ltr'>ἐχθρὸς</span> <span class='ocrx_word' id='word_1_326' title='bbox 1181 3574 1251 3628; x_wconf 79' lang='grc' dir='ltr'><strong>ἐν</strong></span> <span class='ocrx_word' id='word_1_327' title='bbox 1277 3573 1358 3641; x_wconf 86' lang='grc' dir='ltr'><strong>τῷ</strong></span> <span class='ocrx_word' id='word_1_328' title='bbox 1386 3574 1533 3646; x_wconf 77' lang='grc' dir='ltr'>ἁγίῳ</span> <span class='ocrx_word' id='word_1_329' title='bbox 1561 3592 1698 3641; x_wconf 87' lang='grc' dir='ltr'>σου,</span> 
     </span>
    </p>
   </div>
   <div class='ocr_carea' id='block_1_48' title="bbox 97 3665 1702 3739">
    <p class='ocr_par' dir='ltr' id='par_1_48' title="bbox 97 3665 1702 3739">
     <span class='ocr_line' id='line_1_48' title="bbox 97 3665 1702 3739; baseline 0.002 -20"><span class='ocrx_word' id='word_1_330' title='bbox 97 3667 208 3720; x_wconf 69' lang='grc' dir='ltr'><strong>καὶ</strong></span> <span class='ocrx_word' id='word_1_331' title='bbox 235 3665 730 3736; x_wconf 79' lang='grc' dir='ltr'>ἐνεκαυχήσαντο</span> <span class='ocrx_word' id='word_1_332' title='bbox 752 3671 807 3722; x_wconf 82' lang='grc' dir='ltr'>οὶ</span> <span class='ocrx_word' id='word_1_333' title='bbox 828 3668 1154 3739; x_wconf 78' lang='grc' dir='ltr'>μισοῦντές</span> <span class='ocrx_word' id='word_1_334' title='bbox 1184 3682 1279 3735; x_wconf 83' lang='grc' dir='ltr'><strong>σε,</strong></span> <span class='ocrx_word' id='word_1_335' title='bbox 1310 3668 1392 3723; x_wconf 86' lang='grc' dir='ltr'><strong>ἐν·</strong></span> <span class='ocrx_word' id='word_1_336' title='bbox 1400 3668 1569 3739; x_wconf 83' lang='grc' dir='ltr'>μέσῳ</span> <span class='ocrx_word' id='word_1_337' title='bbox 1592 3670 1702 3738; x_wconf 84' lang='grc' dir='ltr'><strong>τῆς</strong></span> 
     </span>
    </p>
   </div>
   <div class='ocr_carea' id='block_1_49' title="bbox 89 3758 1701 3833">
    <p class='ocr_par' dir='ltr' id='par_1_49' title="bbox 89 3758 1701 3833">
     <span class='ocr_line' id='line_1_49' title="bbox 89 3758 1701 3833; baseline -0.001 -20"><span class='ocrx_word' id='word_1_338' title='bbox 89 3758 320 3829; x_wconf 70' lang='grc' dir='ltr'><strong>ἑορτῆς</strong></span> <span class='ocrx_word' id='word_1_339' title='bbox 357 3776 494 3824; x_wconf 87' lang='grc' dir='ltr'>σου,</span> <span class='ocrx_word' id='word_1_340' title='bbox 533 3778 586 3815; x_wconf 88' lang='grc' dir='ltr'><strong>κ.</strong></span> <span class='ocrx_word' id='word_1_341' title='bbox 631 3777 684 3813; x_wconf 86' lang='grc' dir='ltr'><strong>τ.</strong></span> <span class='ocrx_word' id='word_1_342' title='bbox 721 3760 769 3815; x_wconf 79' lang='grc' dir='ltr'>ἐ.</span> <span class='ocrx_word' id='word_1_343' title='bbox 811 3761 888 3814; x_wconf 85' lang='grc' dir='ltr'><strong>Οὐ</strong></span> <span class='ocrx_word' id='word_1_344' title='bbox 933 3758 1254 3831; x_wconf 80' lang='grc' dir='ltr'>τόπου(95),</span> <span class='ocrx_word' id='word_1_345' title='bbox 1292 3760 1406 3813; x_wconf 85' lang='grc' dir='ltr'>ἀλλ’</span> <span class='ocrx_word' id='word_1_346' title='bbox 1446 3761 1647 3833; x_wconf 85' lang='grc' dir='ltr'>ἀρετῆς</span> <span class='ocrx_word' id='word_1_347' title='bbox 1671 3760 1701 3812; x_wconf 92' lang='lat'><strong>6</strong></span> 
     </span>
    </p>
   </div>
   <div class='ocr_carea' id='block_1_50' title="bbox 89 3852 1701 3927">
    <p class='ocr_par' dir='ltr' id='par_1_50' title="bbox 89 3852 1701 3927">
     <span class='ocr_line' id='line_1_50' title="bbox 89 3852 1701 3927; baseline 0.002 -20"><span class='ocrx_word' id='word_1_348' title='bbox 89 3855 261 3918; x_wconf 76' lang='grc' dir='ltr'>Θεός.</span> <span class='ocrx_word' id='word_1_349' title='bbox 320 3854 384 3907; x_wconf 86' lang='grc' dir='ltr'><strong>Ἦ</strong></span> <span class='ocrx_word' id='word_1_350' title='bbox 430 3854 487 3906; x_wconf 83' lang='grc' dir='ltr'><strong>δὲ</strong></span> <span class='ocrx_word' id='word_1_351' title='bbox 538 3852 632 3908; x_wconf 88' lang='grc' dir='ltr'><strong>τοῦ</strong></span> <span class='ocrx_word' id='word_1_352' title='bbox 681 3854 850 3908; x_wconf 88' lang='grc' dir='ltr'>τόπου</span> <span class='ocrx_word' id='word_1_353' title='bbox 908 3854 1095 3926; x_wconf 85' lang='grc' dir='ltr'>μνήμη</span> <span class='ocrx_word' id='word_1_354' title='bbox 1148 3854 1237 3908; x_wconf 85' lang='grc' dir='ltr'>διά</span> <span class='ocrx_word' id='word_1_355' title='bbox 1286 3853 1701 3927; x_wconf 77' lang='grc' dir='ltr'>φιλανθρωπίας</span> 
     </span>
    </p>
   </div>
   <div class='ocr_carea' id='block_1_51' title="bbox 88 3944 1700 4022">
    <p class='ocr_par' dir='ltr' id='par_1_51' title="bbox 88 3944 1700 4022">
     <span class='ocr_line' id='line_1_51' title="bbox 88 3944 1700 4022; baseline 0 -21"><span class='ocrx_word' id='word_1_356' title='bbox 88 3946 331 4001; x_wconf 80' lang='grc' dir='ltr'>ὲλπίδα’</span> <span class='ocrx_word' id='word_1_357' title='bbox 359 3944 499 3999; x_wconf 85' lang='grc' dir='ltr'>ὥστε</span> <span class='ocrx_word' id='word_1_358' title='bbox 538 3946 666 4009; x_wconf 78' lang='grc' dir='ltr'>τοὺς</span> <span class='ocrx_word' id='word_1_359' title='bbox 708 3945 1009 4010; x_wconf 73' lang='grc' dir='ltr'>ἐπιϐάντας</span> <span class='ocrx_word' id='word_1_360' title='bbox 1047 3949 1160 4011; x_wconf 79' lang='grc' dir='ltr'>τοῖς</span> <span class='ocrx_word' id='word_1_361' title='bbox 1202 3947 1554 4022; x_wconf 83' lang='grc' dir='ltr'>ἀφιερωθεῖσι</span> <span class='ocrx_word' id='word_1_362' title='bbox 1581 3949 1700 4020; x_wconf 83' lang='grc' dir='ltr'><strong>Θεῷ</strong></span> 
     </span>
    </p>
   </div>
   <div class='ocr_carea' id='block_1_52' title="bbox 86 4037 1700 4114">
    <p class='ocr_par' dir='ltr' id='par_1_52' title="bbox 86 4037 1700 4114">
     <span class='ocr_line' id='line_1_52' title="bbox 86 4037 1700 4114; baseline 0.004 -23"><span class='ocrx_word' id='word_1_363' title='bbox 86 4040 329 4111; x_wconf 82' lang='grc' dir='ltr'>χωρίοις</span> <span class='ocrx_word' id='word_1_364' title='bbox 345 4037 668 4110; x_wconf 87' lang='grc' dir='ltr'>ἀμείϐεσθαί</span> <span class='ocrx_word' id='word_1_365' title='bbox 709 4056 843 4110; x_wconf 81' lang='grc' dir='ltr'>φησι</span> <span class='ocrx_word' id='word_1_366' title='bbox 892 4038 1070 4104; x_wconf 89' lang='grc' dir='ltr'>τοῦτο,</span> <span class='ocrx_word' id='word_1_367' title='bbox 1085 4040 1168 4093; x_wconf 84' lang='grc' dir='ltr'><strong>ὅτι</strong></span> <span class='ocrx_word' id='word_1_368' title='bbox 1188 4042 1215 4093; x_wconf 91' lang='lat'><strong>6</strong></span> <span class='ocrx_word' id='word_1_369' title='bbox 1238 4039 1394 4109; x_wconf 87' lang='grc' dir='ltr'>λόγος</span> <span class='ocrx_word' id='word_1_370' title='bbox 1415 4042 1443 4094; x_wconf 97' lang='lat'><strong>6</strong></span> <span class='ocrx_word' id='word_1_371' title='bbox 1464 4043 1700 4114; x_wconf 88' lang='grc' dir='ltr'>πονηρὸς</span> 
     </span>
    </p>
   </div>
   <div class='ocr_carea' id='block_1_53' title="bbox 84 4130 1700 4205">
    <p class='ocr_par' dir='ltr' id='par_1_53' title="bbox 84 4130 1700 4205">
     <span class='ocr_line' id='line_1_53' title="bbox 84 4130 1700 4205; baseline 0.003 -21"><span class='ocrx_word' id='word_1_372' title='bbox 84 4130 301 4201; x_wconf 75' lang='grc' dir='ltr'>ἐχθρὸς</span> <span class='ocrx_word' id='word_1_373' title='bbox 339 4131 397 4183; x_wconf 82' lang='grc' dir='ltr'>ὲν</span> <span class='ocrx_word' id='word_1_374' title='bbox 433 4132 546 4193; x_wconf 81' lang='grc' dir='ltr'>τοῖς</span> <span class='ocrx_word' id='word_1_375' title='bbox 590 4130 766 4199; x_wconf 90' lang='grc' dir='ltr'>ἀγίοις</span> <span class='ocrx_word' id='word_1_376' title='bbox 808 4131 943 4185; x_wconf 80' lang='grc' dir='ltr'>ἐστί.</span> <span class='ocrx_word' id='word_1_377' title='bbox 984 4132 1094 4184; x_wconf 71' lang='grc' dir='ltr'><strong>Καὶ</strong></span> <span class='ocrx_word' id='word_1_378' title='bbox 1135 4130 1229 4185; x_wconf 85' lang='grc' dir='ltr'><strong>νῦν</strong></span> <span class='ocrx_word' id='word_1_379' title='bbox 1270 4134 1631 4205; x_wconf 85' lang='grc' dir='ltr'>πονηρεύεται</span> <span class='ocrx_word' id='word_1_380' title='bbox 1670 4136 1700 4188; x_wconf 90' lang='lat'><strong>6</strong></span> 
     </span>
    </p>
   </div>
   <div class='ocr_carea' id='block_1_54' title="bbox 83 4221 1699 4299">
    <p class='ocr_par' dir='ltr' id='par_1_54' title="bbox 83 4221 1699 4299">
     <span class='ocr_line' id='line_1_54' title="bbox 83 4221 1699 4299; baseline 0.004 -23"><span class='ocrx_word' id='word_1_381' title='bbox 83 4222 302 4293; x_wconf 73' lang='grc' dir='ltr'>ἐχθρὸς</span> <span class='ocrx_word' id='word_1_382' title='bbox 342 4223 400 4275; x_wconf 84' lang='grc' dir='ltr'>ὲν</span> <span class='ocrx_word' id='word_1_383' title='bbox 427 4221 506 4293; x_wconf 81' lang='grc' dir='ltr'>τῷ</span> <span class='ocrx_word' id='word_1_384' title='bbox 536 4222 695 4293; x_wconf 87' lang='grc' dir='ltr'>ἀγίῳ,</span> <span class='ocrx_word' id='word_1_385' title='bbox 728 4222 1007 4277; x_wconf 83' lang='grc' dir='ltr'>τουτέστιν</span> <span class='ocrx_word' id='word_1_386' title='bbox 1036 4225 1094 4278; x_wconf 84' lang='grc' dir='ltr'>ὲν</span> <span class='ocrx_word' id='word_1_387' title='bbox 1122 4227 1190 4297; x_wconf 77' lang='grc' dir='ltr'>τῇ</span> <span class='ocrx_word' id='word_1_388' title='bbox 1228 4224 1548 4299; x_wconf 75' lang='grc' dir='ltr'>Ἐκκλησία.</span> <span class='ocrx_word' id='word_1_389' title='bbox 1589 4230 1699 4283; x_wconf 84' lang='grc' dir='ltr'>Καὶ</span> 
     </span>
    </p>
   </div>
   <div class='ocr_carea' id='block_1_55' title="bbox 83 4314 1698 4390">
    <p class='ocr_par' dir='ltr' id='par_1_55' title="bbox 83 4314 1698 4390">
     <span class='ocr_line' id='line_1_55' title="bbox 83 4314 1698 4390; baseline 0.002 -18"><span class='ocrx_word' id='word_1_390' title='bbox 83 4316 200 4372; x_wconf 72' lang='grc' dir='ltr'><strong>ἐὰν</strong></span> <span class='ocrx_word' id='word_1_391' title='bbox 232 4314 442 4390; x_wconf 80' lang='grc' dir='ltr'>ἐκπέσῃ</span> <span class='ocrx_word' id='word_1_392' title='bbox 468 4332 554 4379; x_wconf 88' lang='grc' dir='ltr'><strong>τις</strong></span> <span class='ocrx_word' id='word_1_393' title='bbox 599 4315 709 4369; x_wconf 90' lang='grc' dir='ltr'><strong>τῶν</strong></span> <span class='ocrx_word' id='word_1_394' title='bbox 755 4316 958 4388; x_wconf 82' lang='grc' dir='ltr'>ἑορτῶν</span> <span class='ocrx_word' id='word_1_395' title='bbox 990 4315 1085 4370; x_wconf 87' lang='grc' dir='ltr'><strong>τοῦ</strong></span> <span class='ocrx_word' id='word_1_396' title='bbox 1127 4316 1290 4384; x_wconf 83' lang='grc' dir='ltr'>Θεοῦ,</span> <span class='ocrx_word' id='word_1_397' title='bbox 1324 4319 1698 4390; x_wconf 79' lang='grc' dir='ltr'>ἐγκαυχῶνται</span> 
     </span>
    </p>
   </div>
   <div class='ocr_carea' id='block_1_56' title="bbox 1805 1801 2592 1868">
    <p class='ocr_par' dir='ltr' id='par_1_56' title="bbox 1805 1801 2592 1868">
     <span class='ocr_line' id='line_1_56' title="bbox 1805 1801 2592 1868; baseline 0.005 -12"><span class='ocrx_word' id='word_1_398' title='bbox 1805 1801 2069 1868; x_wconf 82' lang='lat' dir='ltr'><strong>inveniet,</strong></span> <span class='ocrx_word' id='word_1_399' title='bbox 2104 1820 2124 1854; x_wconf 73' lang='grc' dir='ltr'><strong>ι</strong></span> <span class='ocrx_word' id='word_1_400' title='bbox 2156 1802 2222 1857; x_wconf 90' lang='lat' dir='ltr'><strong>ad</strong></span> <span class='ocrx_word' id='word_1_401' title='bbox 2253 1802 2303 1856; x_wconf 92' lang='lat' dir='ltr'><strong>id</strong></span> <span class='ocrx_word' id='word_1_402' title='bbox 2332 1802 2463 1858; x_wconf 88' lang='lat' dir='ltr'><strong>utile</strong></span> <span class='ocrx_word' id='word_1_403' title='bbox 2488 1812 2592 1861; x_wconf 90' lang='lat' dir='ltr'><strong>est.</strong></span> 
     </span>
    </p>
   </div>
   <div class='ocr_carea' id='block_1_57' title="bbox 1880 1892 3389 1970">
    <p class='ocr_par' dir='ltr' id='par_1_57' title="bbox 1880 1892 3389 1970">
     <span class='ocr_line' id='line_1_57' title="bbox 1880 1892 3389 1970; baseline 0.004 -24"><span class='ocrx_word' id='word_1_404' title='bbox 1880 1894 2043 1948; x_wconf 73' lang='lat' dir='ltr'><strong>Vens.</strong></span> <span class='ocrx_word' id='word_1_405' title='bbox 2095 1894 2151 1950; x_wconf 72' lang='grc' dir='ltr'>Ξ.</span> <span class='ocrx_word' id='word_1_406' title='bbox 2206 1892 2413 1949; x_wconf 77' lang='lat' dir='ltr'><strong>Memor</strong></span> <span class='ocrx_word' id='word_1_407' title='bbox 2459 1904 2568 1950; x_wconf 83' lang='lat' dir='ltr'><strong>esto</strong></span> <span class='ocrx_word' id='word_1_408' title='bbox 2616 1900 3040 1969; x_wconf 79' lang='lat' dir='ltr'><strong>congregationis</strong></span> <span class='ocrx_word' id='word_1_409' title='bbox 3090 1910 3194 1955; x_wconf 79' lang='lat' dir='ltr'><strong>tua:</strong></span> <span class='ocrx_word' id='word_1_410' title='bbox 3230 1917 3389 1970; x_wconf 83' lang='lat' dir='ltr'><strong>quam</strong></span> 
     </span>
    </p>
   </div>
   <div class='ocr_carea' id='block_1_58' title="bbox 1803 1986 3393 2063">
    <p class='ocr_par' dir='ltr' id='par_1_58' title="bbox 1803 1986 3393 2063">
     <span class='ocr_line' id='line_1_58' title="bbox 1803 1986 3393 2063; baseline 0.005 -23"><span class='ocrx_word' id='word_1_411' title='bbox 1803 1987 2085 2057; x_wconf 80' lang='lat' dir='ltr'><strong>possedisti</strong></span> <span class='ocrx_word' id='word_1_412' title='bbox 2116 1986 2180 2041; x_wconf 83' lang='lat' dir='ltr'><strong>ab</strong></span> <span class='ocrx_word' id='word_1_413' title='bbox 2209 1987 2382 2053; x_wconf 85' lang='lat' dir='ltr'><strong>initio,</strong></span> <span class='ocrx_word' id='word_1_414' title='bbox 2417 1997 2522 2042; x_wconf 86' lang='lat' dir='ltr'><strong>etc.</strong></span> <span class='ocrx_word' id='word_1_415' title='bbox 2557 1987 2783 2055; x_wconf 62' lang='lat' dir='ltr'><strong>Quaeres</strong></span> <span class='ocrx_word' id='word_1_416' title='bbox 2811 2007 2838 2045; x_wconf 88' lang='lat' dir='ltr'><strong>a</strong></span> <span class='ocrx_word' id='word_1_417' title='bbox 2867 2006 2974 2059; x_wconf 87' lang='lat' dir='ltr'><strong>quo</strong></span> <span class='ocrx_word' id='word_1_418' title='bbox 3020 1992 3176 2048; x_wconf 87' lang='lat' dir='ltr'><strong>initio</strong></span> <span class='ocrx_word' id='word_1_419' title='bbox 3204 2008 3393 2063; x_wconf 90' lang='lat' dir='ltr'><strong>posse-</strong></span> 
     </span>
    </p>
   </div>
   <div class='ocr_carea' id='block_1_59' title="bbox 1804 2081 3388 2155">
    <p class='ocr_par' dir='ltr' id='par_1_59' title="bbox 1804 2081 3388 2155">
     <span class='ocr_line' id='line_1_59' title="bbox 1804 2081 3388 2155; baseline 0.002 -20"><span class='ocrx_word' id='word_1_420' title='bbox 1804 2081 1880 2135; x_wconf 86' lang='lat' dir='ltr'><strong>dit</strong></span> <span class='ocrx_word' id='word_1_421' title='bbox 1911 2081 2384 2151; x_wconf 81' lang='lat' dir='ltr'><strong>congregationem</strong></span> <span class='ocrx_word' id='word_1_422' title='bbox 2413 2095 2567 2136; x_wconf 88' lang='lat' dir='ltr'><strong>suam</strong></span> <span class='ocrx_word' id='word_1_423' title='bbox 2606 2082 2768 2148; x_wconf 75' lang='lat' dir='ltr'><strong>Deus,</strong></span> <span class='ocrx_word' id='word_1_424' title='bbox 2825 2099 2891 2137; x_wconf 90' lang='lat' dir='ltr'><strong>an</strong></span> <span class='ocrx_word' id='word_1_425' title='bbox 2922 2084 3282 2155; x_wconf 80' lang='lat' dir='ltr'><strong>pra-scientia,</strong></span> <span class='ocrx_word' id='word_1_426' title='bbox 3321 2099 3388 2139; x_wconf 90' lang='lat' dir='ltr'><strong>an</strong></span> 
     </span>
    </p>
   </div>
   <div class='ocr_carea' id='block_1_60' title="bbox 1806 2174 3391 2248">
    <p class='ocr_par' dir='ltr' id='par_1_60' title="bbox 1806 2174 3391 2248">
     <span class='ocr_line' id='line_1_60' title="bbox 1806 2174 3391 2248; baseline 0.002 -20"><span class='ocrx_word' id='word_1_427' title='bbox 1806 2174 1987 2228; x_wconf 81' lang='lat' dir='ltr'><strong>aliter.</strong></span> <span class='ocrx_word' id='word_1_428' title='bbox 2026 2174 2178 2241; x_wconf 89' lang='lat' dir='ltr'><strong>Illud,</strong></span> <span class='ocrx_word' id='word_1_429' title='bbox 2222 2191 2241 2225; x_wconf 78' lang='grc' dir='ltr'><strong>ι</strong></span> <span class='ocrx_word' id='word_1_430' title='bbox 2275 2184 2331 2229; x_wconf 89' lang='lat' dir='ltr'><strong>ut</strong></span> <span class='ocrx_word' id='word_1_431' title='bbox 2364 2176 2495 2245; x_wconf 89' lang='lat' dir='ltr'><strong>quid</strong></span> <span class='ocrx_word' id='word_1_432' title='bbox 2527 2194 2546 2228; x_wconf 72' lang='grc' dir='ltr'><strong>ι</strong></span> <span class='ocrx_word' id='word_1_433' title='bbox 2586 2177 2653 2232; x_wconf 88' lang='lat' dir='ltr'><strong>ad</strong></span> <span class='ocrx_word' id='word_1_434' title='bbox 2686 2176 2851 2231; x_wconf 86' lang='lat' dir='ltr'><strong>Deum</strong></span> <span class='ocrx_word' id='word_1_435' title='bbox 2890 2177 3280 2248; x_wconf 81' lang='lat' dir='ltr'><strong>interrogative</strong></span> <span class='ocrx_word' id='word_1_436' title='bbox 3308 2177 3391 2231; x_wconf 87' lang='lat' dir='ltr'><strong>di-</strong></span> 
     </span>
    </p>
   </div>
   <div class='ocr_carea' id='block_1_61' title="bbox 1806 2254 3395 2341">
    <p class='ocr_par' dir='ltr' id='par_1_61' title="bbox 1806 2254 3395 2341">
     <span class='ocr_line' id='line_1_61' title="bbox 1806 2254 3395 2341; baseline -0.001 -16"><span class='ocrx_word' id='word_1_437' title='bbox 1806 2254 1974 2335; x_wconf 86' lang='lat' dir='ltr'><strong>ctum,</strong></span> <span class='ocrx_word' id='word_1_438' title='bbox 2004 2269 2245 2339; x_wconf 87' lang='lat' dir='ltr'><strong>postulat</strong></span> <span class='ocrx_word' id='word_1_439' title='bbox 2277 2284 2618 2341; x_wconf 86' lang='lat' dir='ltr'><strong>responsum,</strong></span> <span class='ocrx_word' id='word_1_440' title='bbox 2652 2286 2760 2341; x_wconf 92' lang='lat' dir='ltr'><strong>quo</strong></span> <span class='ocrx_word' id='word_1_441' title='bbox 2810 2270 3067 2325; x_wconf 84' lang='lat' dir='ltr'><strong>doceatur</strong></span> <span class='ocrx_word' id='word_1_442' title='bbox 3115 2286 3277 2325; x_wconf 87' lang='lat' dir='ltr'><strong>causa</strong></span> <span class='ocrx_word' id='word_1_443' title='bbox 3310 2285 3395 2325; x_wconf 89' lang='lat' dir='ltr'><strong>re-</strong></span> 
     </span>
    </p>
   </div>
   <div class='ocr_carea' id='block_1_62' title="bbox 1806 2362 3389 2435">
    <p class='ocr_par' dir='ltr' id='par_1_62' title="bbox 1806 2362 3389 2435">
     <span class='ocr_line' id='line_1_62' title="bbox 1806 2362 3389 2435; baseline -0.001 -18"><span class='ocrx_word' id='word_1_444' title='bbox 1806 2364 2075 2435; x_wconf 87' lang='lat' dir='ltr'><strong>pulsionis</strong></span> <span class='ocrx_word' id='word_1_445' title='bbox 2132 2372 2188 2420; x_wconf 90' lang='lat' dir='ltr'><strong>et</strong></span> <span class='ocrx_word' id='word_1_446' title='bbox 2246 2364 2375 2431; x_wconf 70' lang='lat' dir='ltr'><strong>irae;</strong></span> <span class='ocrx_word' id='word_1_447' title='bbox 2440 2364 2583 2418; x_wconf 89' lang='lat' dir='ltr'><strong>istud</strong></span> <span class='ocrx_word' id='word_1_448' title='bbox 2633 2378 2787 2428; x_wconf 90' lang='lat' dir='ltr'><strong>vero,</strong></span> <span class='ocrx_word' id='word_1_449' title='bbox 2832 2383 2849 2414; x_wconf 76' lang='grc' dir='ltr'><strong>σ</strong></span> <span class='ocrx_word' id='word_1_450' title='bbox 2905 2362 3081 2418; x_wconf 80' lang='lat' dir='ltr'><strong>Iratus</strong></span> <span class='ocrx_word' id='word_1_451' title='bbox 3136 2379 3198 2418; x_wconf 91' lang='lat' dir='ltr'><strong>es</strong></span> <span class='ocrx_word' id='word_1_452' title='bbox 3224 2378 3389 2431; x_wconf 90' lang='lat' dir='ltr'><strong>super</strong></span> 
     </span>
    </p>
   </div>
   <div class='ocr_carea' id='block_1_63' title="bbox 1805 2455 3382 2526">
    <p class='ocr_par' dir='ltr' id='par_1_63' title="bbox 1805 2455 3382 2526">
     <span class='ocr_line' id='line_1_63' title="bbox 1805 2455 3382 2526; baseline -0.001 -16"><span class='ocrx_word' id='word_1_453' title='bbox 1805 2469 1957 2521; x_wconf 82' lang='lat' dir='ltr'><strong>oves,</strong></span> <span class='ocrx_word' id='word_1_454' title='bbox 1992 2472 2014 2509; x_wconf 71' lang='grc' dir='ltr'><strong>ι</strong></span> <span class='ocrx_word' id='word_1_455' title='bbox 2049 2463 2270 2526; x_wconf 90' lang='lat' dir='ltr'><strong>propter</strong></span> <span class='ocrx_word' id='word_1_456' title='bbox 2306 2456 2745 2512; x_wconf 86' lang='lat' dir='ltr'><strong>misericordiam</strong></span> <span class='ocrx_word' id='word_1_457' title='bbox 2791 2456 3083 2510; x_wconf 82' lang='lat' dir='ltr'><strong>irascentis</strong></span> <span class='ocrx_word' id='word_1_458' title='bbox 3134 2455 3382 2510; x_wconf 89' lang='lat' dir='ltr'><strong>dicitur:</strong></span> 
     </span>
    </p>
   </div>
   <div class='ocr_carea' id='block_1_64' title="bbox 1805 2547 3393 2620">
    <p class='ocr_par' dir='ltr' id='par_1_64' title="bbox 1805 2547 3393 2620">
     <span class='ocr_line' id='line_1_64' title="bbox 1805 2547 3393 2620; baseline 0.001 -18"><span class='ocrx_word' id='word_1_459' title='bbox 1805 2564 1929 2603; x_wconf 90' lang='lat' dir='ltr'><strong>nam</strong></span> <span class='ocrx_word' id='word_1_460' title='bbox 1962 2547 2029 2604; x_wconf 87' lang='lat' dir='ltr'><strong>iis</strong></span> <span class='ocrx_word' id='word_1_461' title='bbox 2055 2549 2147 2619; x_wconf 90' lang='lat' dir='ltr'><strong>qui</strong></span> <span class='ocrx_word' id='word_1_462' title='bbox 2179 2549 2474 2605; x_wconf 88' lang='lat' dir='ltr'><strong>sicutoves</strong></span> <span class='ocrx_word' id='word_1_463' title='bbox 2514 2549 2835 2620; x_wconf 84' lang='lat' dir='ltr'><strong>insipientes</strong></span> <span class='ocrx_word' id='word_1_464' title='bbox 2884 2558 3012 2604; x_wconf 89' lang='lat' dir='ltr'><strong>sunt</strong></span> <span class='ocrx_word' id='word_1_465' title='bbox 3041 2550 3259 2604; x_wconf 82' lang='lat' dir='ltr'><strong>veniam</strong></span> <span class='ocrx_word' id='word_1_466' title='bbox 3294 2563 3393 2619; x_wconf 83' lang='lat' dir='ltr'><strong>pro</strong></span> 
     </span>
    </p>
   </div>
   <div class='ocr_carea' id='block_1_65' title="bbox 1804 2641 3393 2715">
    <p class='ocr_par' dir='ltr' id='par_1_65' title="bbox 1804 2641 3393 2715">
     <span class='ocr_line' id='line_1_65' title="bbox 1804 2641 3393 2715; baseline 0.001 -18"><span class='ocrx_word' id='word_1_467' title='bbox 1804 2641 2133 2713; x_wconf 70' lang='lat' dir='ltr'><strong>insipientia:</strong></span> <span class='ocrx_word' id='word_1_468' title='bbox 2162 2644 2400 2712; x_wconf 88' lang='lat' dir='ltr'><strong>peccatis</strong></span> <span class='ocrx_word' id='word_1_469' title='bbox 2426 2642 2581 2713; x_wconf 90' lang='lat' dir='ltr'><strong>petit.</strong></span> <span class='ocrx_word' id='word_1_470' title='bbox 2635 2641 2738 2709; x_wconf 82' lang='lat' dir='ltr'><strong>Qui</strong></span> <span class='ocrx_word' id='word_1_471' title='bbox 2784 2642 3234 2715; x_wconf 79' lang='lat' dir='ltr'><strong>congregationis</strong></span> <span class='ocrx_word' id='word_1_472' title='bbox 3287 2651 3393 2698; x_wconf 70' lang='lat' dir='ltr'><strong>tua:</strong></span> 
     </span>
    </p>
   </div>
   <div class='ocr_carea' id='block_1_66' title="bbox 1802 2736 3391 2807">
    <p class='ocr_par' dir='ltr' id='par_1_66' title="bbox 1802 2736 3391 2807">
     <span class='ocr_line' id='line_1_66' title="bbox 1802 2736 3391 2807; baseline -0.001 -15"><span class='ocrx_word' id='word_1_473' title='bbox 1802 2736 2003 2792; x_wconf 87' lang='lat' dir='ltr'><strong>oblitus</strong></span> <span class='ocrx_word' id='word_1_474' title='bbox 2034 2752 2093 2791; x_wconf 90' lang='lat' dir='ltr'><strong>es</strong></span> <span class='ocrx_word' id='word_1_475' title='bbox 2122 2746 2346 2806; x_wconf 89' lang='lat' dir='ltr'><strong>propter</strong></span> <span class='ocrx_word' id='word_1_476' title='bbox 2381 2747 2628 2806; x_wconf 86' lang='lat' dir='ltr'><strong>peccata,</strong></span> <span class='ocrx_word' id='word_1_477' title='bbox 2658 2753 2868 2792; x_wconf 88' lang='lat' dir='ltr'><strong>memor</strong></span> <span class='ocrx_word' id='word_1_478' title='bbox 2899 2747 3018 2792; x_wconf 90' lang='lat' dir='ltr'><strong>esto</strong></span> <span class='ocrx_word' id='word_1_479' title='bbox 3046 2737 3211 2799; x_wconf 87' lang='lat' dir='ltr'><strong>illius.</strong></span> <span class='ocrx_word' id='word_1_480' title='bbox 3270 2752 3391 2807; x_wconf 83' lang='lat' dir='ltr'><strong>quae</strong></span> 
     </span>
    </p>
   </div>
   <div class='ocr_carea' id='block_1_67' title="bbox 1804 2827 3390 2898">
    <p class='ocr_par' dir='ltr' id='par_1_67' title="bbox 1804 2827 3390 2898">
     <span class='ocr_line' id='line_1_67' title="bbox 1804 2827 3390 2898; baseline 0.001 -17"><span class='ocrx_word' id='word_1_481' title='bbox 1804 2827 1873 2881; x_wconf 89' lang='lat' dir='ltr'><strong>ab</strong></span> <span class='ocrx_word' id='word_1_482' title='bbox 1918 2828 2073 2882; x_wconf 90' lang='lat' dir='ltr'><strong>initio</strong></span> <span class='ocrx_word' id='word_1_483' title='bbox 2136 2828 2280 2883; x_wconf 81' lang='lat' dir='ltr'><strong>facta</strong></span> <span class='ocrx_word' id='word_1_484' title='bbox 2315 2836 2400 2883; x_wconf 89' lang='lat' dir='ltr'><strong>est</strong></span> <span class='ocrx_word' id='word_1_485' title='bbox 2454 2829 2727 2898; x_wconf 75' lang='lat' dir='ltr'><strong>possessio</strong></span> <span class='ocrx_word' id='word_1_486' title='bbox 2789 2839 2899 2881; x_wconf 87' lang='lat' dir='ltr'><strong>tua.</strong></span> <span class='ocrx_word' id='word_1_487' title='bbox 2936 2827 3221 2896; x_wconf 86' lang='lat' dir='ltr'><strong>Quomodo</strong></span> <span class='ocrx_word' id='word_1_488' title='bbox 3255 2846 3274 2880; x_wconf 74' lang='grc' dir='ltr'><strong>ι</strong></span> <span class='ocrx_word' id='word_1_489' title='bbox 3321 2828 3390 2882; x_wconf 88' lang='lat' dir='ltr'><strong>ab</strong></span> 
     </span>
    </p>
   </div>
   <div class='ocr_carea' id='block_1_68' title="bbox 1805 2914 3393 2989">
    <p class='ocr_par' dir='ltr' id='par_1_68' title="bbox 1805 2914 3393 2989">
     <span class='ocr_line' id='line_1_68' title="bbox 1805 2914 3393 2989; baseline 0.002 -21"><span class='ocrx_word' id='word_1_490' title='bbox 1805 2914 1985 2981; x_wconf 90' lang='lat' dir='ltr'><strong>initio,</strong></span> <span class='ocrx_word' id='word_1_491' title='bbox 2015 2933 2035 2967; x_wconf 75' lang='grc' dir='ltr'><strong>ι</strong></span> <span class='ocrx_word' id='word_1_492' title='bbox 2075 2928 2183 2970; x_wconf 91' lang='lat' dir='ltr'><strong>non</strong></span> <span class='ocrx_word' id='word_1_493' title='bbox 2213 2916 2525 2972; x_wconf 89' lang='lat' dir='ltr'><strong>declaratur</strong></span> <span class='ocrx_word' id='word_1_494' title='bbox 2561 2935 2574 2973; x_wconf 92' lang='lat'>:</span> <span class='ocrx_word' id='word_1_495' title='bbox 2607 2933 2784 2989; x_wconf 89' lang='lat' dir='ltr'><strong>neque</strong></span> <span class='ocrx_word' id='word_1_496' title='bbox 2838 2918 2883 2973; x_wconf 92' lang='lat' dir='ltr'><strong>si</strong></span> <span class='ocrx_word' id='word_1_497' title='bbox 2938 2933 3004 2971; x_wconf 78' lang='lat' dir='ltr'><strong>ex</strong></span> <span class='ocrx_word' id='word_1_498' title='bbox 3032 2916 3267 2989; x_wconf 59' lang='lat' dir='ltr'><strong>:Egypto</strong></span> <span class='ocrx_word' id='word_1_499' title='bbox 3300 2933 3393 2971; x_wconf 86' lang='lat' dir='ltr'><strong>co-</strong></span> 
     </span>
    </p>
   </div>
   <div class='ocr_carea' id='block_1_69' title="bbox 1729 3008 3130 3100">
    <p class='ocr_par' dir='ltr' id='par_1_69' title="bbox 1729 3008 3130 3100">
     <span class='ocr_line' id='line_1_69' title="bbox 1729 3008 3130 3100; baseline 0.002 -38"><span class='ocrx_word' id='word_1_500' title='bbox 1729 3043 1773 3100; x_wconf 66' lang='grc' dir='ltr'>ο</span> <span class='ocrx_word' id='word_1_501' title='bbox 1806 3009 1945 3080; x_wconf 89' lang='lat' dir='ltr'><strong>gites</strong></span> <span class='ocrx_word' id='word_1_502' title='bbox 1974 3008 2146 3078; x_wconf 87' lang='lat' dir='ltr'><strong>ipsam</strong></span> <span class='ocrx_word' id='word_1_503' title='bbox 2188 3008 2389 3065; x_wconf 82' lang='lat' dir='ltr'><strong>factam</strong></span> <span class='ocrx_word' id='word_1_504' title='bbox 2427 3025 2550 3067; x_wconf 88' lang='lat' dir='ltr'><strong>esse</strong></span> <span class='ocrx_word' id='word_1_505' title='bbox 2578 3012 2979 3083; x_wconf 85' lang='lat' dir='ltr'><strong>possessionem</strong></span> <span class='ocrx_word' id='word_1_506' title='bbox 3015 3012 3130 3067; x_wconf 85' lang='lat' dir='ltr'><strong>Dei.</strong></span> 
     </span>
    </p>
   </div>
   <div class='ocr_carea' id='block_1_70' title="bbox 1875 3100 3393 3174">
    <p class='ocr_par' dir='ltr' id='par_1_70' title="bbox 1875 3100 3393 3174">
     <span class='ocr_line' id='line_1_70' title="bbox 1875 3100 3393 3174; baseline 0.002 -18"><span class='ocrx_word' id='word_1_507' title='bbox 1875 3100 2007 3156; x_wconf 83' lang='lat' dir='ltr'><strong>lem.</strong></span> <span class='ocrx_word' id='word_1_508' title='bbox 2056 3100 2343 3156; x_wconf 80' lang='lat' dir='ltr'><strong>Redemisti</strong></span> <span class='ocrx_word' id='word_1_509' title='bbox 2396 3104 2598 3174; x_wconf 72' lang='lat' dir='ltr'><strong>uirgam</strong></span> <span class='ocrx_word' id='word_1_510' title='bbox 2650 3106 2977 3159; x_wconf 78' lang='lat' dir='ltr'><strong>Itwredilatis</strong></span> <span class='ocrx_word' id='word_1_511' title='bbox 3032 3117 3193 3160; x_wconf 67' lang='lat' dir='ltr'><strong>nam:</strong></span> <span class='ocrx_word' id='word_1_512' title='bbox 3241 3122 3393 3159; x_wconf 80' lang='lat' dir='ltr'><strong>mons</strong></span> 
     </span>
    </p>
   </div>
   <div class='ocr_carea' id='block_1_71' title="bbox 1806 3194 3389 3267">
    <p class='ocr_par' dir='ltr' id='par_1_71' title="bbox 1806 3194 3389 3267">
     <span class='ocr_line' id='line_1_71' title="bbox 1806 3194 3389 3267; baseline 0.002 -17"><span class='ocrx_word' id='word_1_513' title='bbox 1806 3194 1960 3261; x_wconf 76' lang='lat' dir='ltr'><strong>Sion,</strong></span> <span class='ocrx_word' id='word_1_514' title='bbox 1989 3196 2044 3249; x_wconf 86' lang='lat' dir='ltr'><strong>in</strong></span> <span class='ocrx_word' id='word_1_515' title='bbox 2068 3212 2171 3267; x_wconf 88' lang='lat' dir='ltr'><strong>quo</strong></span> <span class='ocrx_word' id='word_1_516' title='bbox 2197 3196 2449 3252; x_wconf 82' lang='lat' dir='ltr'><strong>habitasti</strong></span> <span class='ocrx_word' id='word_1_517' title='bbox 2472 3198 2527 3252; x_wconf 87' lang='lat' dir='ltr'><strong>in</strong></span> <span class='ocrx_word' id='word_1_518' title='bbox 2557 3214 2639 3264; x_wconf 84' lang='lat' dir='ltr'><strong>eo,</strong></span> <span class='ocrx_word' id='word_1_519' title='bbox 2677 3208 2783 3254; x_wconf 91' lang='lat' dir='ltr'><strong>etc.</strong></span> <span class='ocrx_word' id='word_1_520' title='bbox 2819 3198 2946 3253; x_wconf 87' lang='lat' dir='ltr'><strong>Sive</strong></span> <span class='ocrx_word' id='word_1_521' title='bbox 2981 3208 3219 3253; x_wconf 90' lang='lat' dir='ltr'><strong>montem</strong></span> <span class='ocrx_word' id='word_1_522' title='bbox 3257 3198 3389 3253; x_wconf 91' lang='lat' dir='ltr'><strong>Sion</strong></span> 
     </span>
    </p>
   </div>
   <div class='ocr_carea' id='block_1_72' title="bbox 1804 3291 3392 3363">
    <p class='ocr_par' dir='ltr' id='par_1_72' title="bbox 1804 3291 3392 3363">
     <span class='ocr_line' id='line_1_72' title="bbox 1804 3291 3392 3363; baseline 0.003 -19"><span class='ocrx_word' id='word_1_523' title='bbox 1804 3292 2109 3360; x_wconf 88' lang='lat' dir='ltr'><strong>possederit</strong></span> <span class='ocrx_word' id='word_1_524' title='bbox 2157 3291 2322 3358; x_wconf 89' lang='lat' dir='ltr'><strong>Deus,</strong></span> <span class='ocrx_word' id='word_1_525' title='bbox 2377 3291 2494 3347; x_wconf 83' lang='lat' dir='ltr'><strong>sive</strong></span> <span class='ocrx_word' id='word_1_526' title='bbox 2530 3292 2856 3359; x_wconf 86' lang='lat' dir='ltr'><strong>redemerit,</strong></span> <span class='ocrx_word' id='word_1_527' title='bbox 2886 3308 3096 3362; x_wconf 63' lang='lat' dir='ltr'><strong>quaeres</strong></span> <span class='ocrx_word' id='word_1_528' title='bbox 3118 3293 3392 3363; x_wconf 87' lang='lat' dir='ltr'><strong>quomodo</strong></span> 
     </span>
    </p>
   </div>
   <div class='ocr_carea' id='block_1_73' title="bbox 1804 3383 3389 3456">
    <p class='ocr_par' dir='ltr' id='par_1_73' title="bbox 1804 3383 3389 3456">
     <span class='ocr_line' id='line_1_73' title="bbox 1804 3383 3389 3456; baseline 0.004 -20"><span class='ocrx_word' id='word_1_529' title='bbox 1804 3383 1872 3437; x_wconf 87' lang='lat' dir='ltr'><strong>ab</strong></span> <span class='ocrx_word' id='word_1_530' title='bbox 1897 3384 2050 3439; x_wconf 89' lang='lat' dir='ltr'><strong>initio</strong></span> <span class='ocrx_word' id='word_1_531' title='bbox 2093 3383 2398 3455; x_wconf 87' lang='lat' dir='ltr'><strong>possederit</strong></span> <span class='ocrx_word' id='word_1_532' title='bbox 2425 3397 2513 3440; x_wconf 85' lang='lat' dir='ltr'><strong>vet</strong></span> <span class='ocrx_word' id='word_1_533' title='bbox 2541 3384 2854 3440; x_wconf 87' lang='lat' dir='ltr'><strong>redemerit.</strong></span> <span class='ocrx_word' id='word_1_534' title='bbox 2902 3384 3094 3453; x_wconf 57' lang='grc' dir='ltr'>ρελιξτο</span> <span class='ocrx_word' id='word_1_535' title='bbox 3139 3387 3389 3456; x_wconf 87' lang='lat' dir='ltr'><strong>mystice.</strong></span> 
     </span>
    </p>
   </div>
   <div class='ocr_carea' id='block_1_74' title="bbox 1877 3560 3393 3645">
    <p class='ocr_par' dir='ltr' id='par_1_74' title="bbox 1877 3560 3393 3645">
     <span class='ocr_line' id='line_1_74' title="bbox 1877 3560 3393 3645; baseline 0 -16"><span class='ocrx_word' id='word_1_536' title='bbox 1877 3572 2044 3629; x_wconf 75' lang='lat' dir='ltr'><strong>Vens.</strong></span> <span class='ocrx_word' id='word_1_537' title='bbox 2072 3572 2129 3628; x_wconf 77' lang='grc'>5.</span> <span class='ocrx_word' id='word_1_538' title='bbox 2160 3573 2377 3641; x_wconf 81' lang='lat' dir='ltr'><strong>Quanta</strong></span> <span class='ocrx_word' id='word_1_539' title='bbox 2426 3560 2750 3645; x_wconf 71' lang='lat' dir='ltr'><strong>ntalignatus</strong></span> <span class='ocrx_word' id='word_1_540' title='bbox 2788 3582 2863 3629; x_wconf 84' lang='lat' dir='ltr'><strong>est</strong></span> <span class='ocrx_word' id='word_1_541' title='bbox 2914 3574 3158 3629; x_wconf 86' lang='lat' dir='ltr'><strong>inimicus</strong></span> <span class='ocrx_word' id='word_1_542' title='bbox 3183 3575 3235 3629; x_wconf 87' lang='lat' dir='ltr'><strong>in</strong></span> <span class='ocrx_word' id='word_1_543' title='bbox 3269 3591 3393 3629; x_wconf 83' lang='lat' dir='ltr'><strong>san-</strong></span> 
     </span>
    </p>
   </div>
   <div class='ocr_carea' id='block_1_75' title="bbox 1803 3666 3393 3738">
    <p class='ocr_par' dir='ltr' id='par_1_75' title="bbox 1803 3666 3393 3738">
     <span class='ocr_line' id='line_1_75' title="bbox 1803 3666 3393 3738; baseline 0.001 -18"><span class='ocrx_word' id='word_1_544' title='bbox 1803 3678 1911 3734; x_wconf 86' lang='lat' dir='ltr'><strong>cto,</strong></span> <span class='ocrx_word' id='word_1_545' title='bbox 1937 3677 1984 3721; x_wconf 87' lang='lat' dir='ltr'><strong>et</strong></span> <span class='ocrx_word' id='word_1_546' title='bbox 2013 3666 2233 3738; x_wconf 83' lang='lat' dir='ltr'><strong>gloriati</strong></span> <span class='ocrx_word' id='word_1_547' title='bbox 2266 3676 2386 3727; x_wconf 83' lang='lat' dir='ltr'><strong>sunt</strong></span> <span class='ocrx_word' id='word_1_548' title='bbox 2419 3667 2509 3734; x_wconf 87' lang='lat' dir='ltr'><strong>qui</strong></span> <span class='ocrx_word' id='word_1_549' title='bbox 2536 3667 2756 3721; x_wconf 86' lang='lat' dir='ltr'><strong>oderunt</strong></span> <span class='ocrx_word' id='word_1_550' title='bbox 2806 3676 2855 3722; x_wconf 87' lang='lat' dir='ltr'><strong>te</strong></span> <span class='ocrx_word' id='word_1_551' title='bbox 2876 3707 2892 3734; x_wconf 91' lang='lat'><strong>,</strong></span> <span class='ocrx_word' id='word_1_552' title='bbox 2938 3668 2992 3721; x_wconf 81' lang='lat' dir='ltr'><strong>in</strong></span> <span class='ocrx_word' id='word_1_553' title='bbox 3041 3668 3208 3722; x_wconf 83' lang='lat' dir='ltr'><strong>medio</strong></span> <span class='ocrx_word' id='word_1_554' title='bbox 3263 3673 3393 3722; x_wconf 75' lang='lat' dir='ltr'><strong>sote-</strong></span> 
     </span>
    </p>
   </div>
   <div class='ocr_carea' id='block_1_76' title="bbox 1802 3760 3387 3828">
    <p class='ocr_par' dir='ltr' id='par_1_76' title="bbox 1802 3760 3387 3828">
     <span class='ocr_line' id='line_1_76' title="bbox 1802 3760 3387 3828; baseline 0 -13"><span class='ocrx_word' id='word_1_555' title='bbox 1802 3762 2047 3816; x_wconf 83' lang='lat' dir='ltr'><strong>nmitatis</strong></span> <span class='ocrx_word' id='word_1_556' title='bbox 2084 3772 2211 3828; x_wconf 68' lang='lat' dir='ltr'><strong>tum,</strong></span> <span class='ocrx_word' id='word_1_557' title='bbox 2241 3770 2349 3818; x_wconf 91' lang='lat' dir='ltr'><strong>etc.</strong></span> <span class='ocrx_word' id='word_1_558' title='bbox 2381 3760 2498 3816; x_wconf 90' lang='lat' dir='ltr'><strong>Non</strong></span> <span class='ocrx_word' id='word_1_559' title='bbox 2534 3760 2661 3826; x_wconf 92' lang='lat' dir='ltr'><strong>loci,</strong></span> <span class='ocrx_word' id='word_1_560' title='bbox 2705 3761 2798 3818; x_wconf 89' lang='lat' dir='ltr'><strong>sed</strong></span> <span class='ocrx_word' id='word_1_561' title='bbox 2826 3761 3046 3817; x_wconf 80' lang='lat' dir='ltr'><strong>virtutis</strong></span> <span class='ocrx_word' id='word_1_562' title='bbox 3095 3762 3234 3816; x_wconf 88' lang='lat' dir='ltr'><strong>Dens</strong></span> <span class='ocrx_word' id='word_1_563' title='bbox 3284 3769 3387 3815; x_wconf 77' lang='lat' dir='ltr'><strong>est.</strong></span> 
     </span>
    </p>
   </div>
   <div class='ocr_carea' id='block_1_77' title="bbox 1802 3854 3387 3925">
    <p class='ocr_par' dir='ltr' id='par_1_77' title="bbox 1802 3854 3387 3925">
     <span class='ocr_line' id='line_1_77' title="bbox 1802 3854 3387 3925; baseline -0.003 -14"><span class='ocrx_word' id='word_1_564' title='bbox 1802 3856 1929 3912; x_wconf 84' lang='lat' dir='ltr'><strong>Luci</strong></span> <span class='ocrx_word' id='word_1_565' title='bbox 1965 3866 2142 3913; x_wconf 89' lang='lat' dir='ltr'><strong>autem</strong></span> <span class='ocrx_word' id='word_1_566' title='bbox 2170 3856 2620 3914; x_wconf 83' lang='lat' dir='ltr'><strong>commemoratio</strong></span> <span class='ocrx_word' id='word_1_567' title='bbox 2642 3856 2703 3910; x_wconf 79' lang='lat' dir='ltr'><strong>tit</strong></span> <span class='ocrx_word' id='word_1_568' title='bbox 2727 3855 2797 3910; x_wconf 86' lang='lat' dir='ltr'><strong>ob</strong></span> <span class='ocrx_word' id='word_1_569' title='bbox 2825 3868 2973 3925; x_wconf 90' lang='lat' dir='ltr'><strong>spem</strong></span> <span class='ocrx_word' id='word_1_570' title='bbox 3012 3854 3387 3925; x_wconf 81' lang='lat' dir='ltr'><strong>benignitatis,</strong></span> 
     </span>
    </p>
   </div>
   <div class='ocr_carea' id='block_1_78' title="bbox 1804 3947 3389 4019">
    <p class='ocr_par' dir='ltr' id='par_1_78' title="bbox 1804 3947 3389 4019">
     <span class='ocr_line' id='line_1_78' title="bbox 1804 3947 3389 4019; baseline -0.001 -17"><span class='ocrx_word' id='word_1_571' title='bbox 1804 3949 1879 4002; x_wconf 88' lang='lat' dir='ltr'><strong>ita</strong></span> <span class='ocrx_word' id='word_1_572' title='bbox 1911 3958 1971 4003; x_wconf 91' lang='lat' dir='ltr'><strong>ut</strong></span> <span class='ocrx_word' id='word_1_573' title='bbox 2017 3949 2109 4019; x_wconf 88' lang='lat' dir='ltr'><strong>qui</strong></span> <span class='ocrx_word' id='word_1_574' title='bbox 2152 3951 2219 4002; x_wconf 87' lang='lat' dir='ltr'><strong>ad</strong></span> <span class='ocrx_word' id='word_1_575' title='bbox 2261 3949 2376 4006; x_wconf 90' lang='lat' dir='ltr'><strong>loca</strong></span> <span class='ocrx_word' id='word_1_576' title='bbox 2409 3950 2521 4006; x_wconf 92' lang='lat' dir='ltr'><strong>Deo</strong></span> <span class='ocrx_word' id='word_1_577' title='bbox 2570 3957 2894 4006; x_wconf 88' lang='lat' dir='ltr'><strong>consecrata</strong></span> <span class='ocrx_word' id='word_1_578' title='bbox 2928 3947 3252 4011; x_wconf 87' lang='lat' dir='ltr'><strong>ascendunt,</strong></span> <span class='ocrx_word' id='word_1_579' title='bbox 3298 3964 3389 4001; x_wconf 89' lang='lat' dir='ltr'><strong>re-</strong></span> 
     </span>
    </p>
   </div>
   <div class='ocr_carea' id='block_1_79' title="bbox 1802 4040 3387 4113">
    <p class='ocr_par' dir='ltr' id='par_1_79' title="bbox 1802 4040 3387 4113">
     <span class='ocr_line' id='line_1_79' title="bbox 1802 4040 3387 4113; baseline -0.001 -18"><span class='ocrx_word' id='word_1_580' title='bbox 1802 4042 2129 4110; x_wconf 89' lang='lat' dir='ltr'><strong>spondeant,</strong></span> <span class='ocrx_word' id='word_1_581' title='bbox 2177 4043 2372 4113; x_wconf 83' lang='lat' dir='ltr'><strong>inquit,</strong></span> <span class='ocrx_word' id='word_1_582' title='bbox 2428 4058 2738 4099; x_wconf 88' lang='lat' dir='ltr'><strong>sermonem</strong></span> <span class='ocrx_word' id='word_1_583' title='bbox 2782 4044 2983 4099; x_wconf 87' lang='lat' dir='ltr'><strong>malum</strong></span> <span class='ocrx_word' id='word_1_584' title='bbox 3020 4042 3296 4097; x_wconf 89' lang='lat' dir='ltr'><strong>inimicum</strong></span> <span class='ocrx_word' id='word_1_585' title='bbox 3335 4040 3387 4094; x_wconf 92' lang='lat' dir='ltr'><strong>in</strong></span> 
     </span>
    </p>
   </div>
   <div class='ocr_carea' id='block_1_80' title="bbox 1802 4134 3393 4208">
    <p class='ocr_par' dir='ltr' id='par_1_80' title="bbox 1802 4134 3393 4208">
     <span class='ocr_line' id='line_1_80' title="bbox 1802 4134 3393 4208; baseline -0.001 -20"><span class='ocrx_word' id='word_1_586' title='bbox 1802 4134 2008 4191; x_wconf 90' lang='lat' dir='ltr'><strong>sanctis</strong></span> <span class='ocrx_word' id='word_1_587' title='bbox 2037 4150 2177 4191; x_wconf 89' lang='lat' dir='ltr'><strong>esse.</strong></span> <span class='ocrx_word' id='word_1_588' title='bbox 2228 4136 2292 4191; x_wconf 85' lang='lat' dir='ltr'><strong>Et</strong></span> <span class='ocrx_word' id='word_1_589' title='bbox 2332 4152 2474 4192; x_wconf 91' lang='lat' dir='ltr'><strong>nunc</strong></span> <span class='ocrx_word' id='word_1_590' title='bbox 2525 4138 2855 4208; x_wconf 84' lang='lat' dir='ltr'><strong>malignatur</strong></span> <span class='ocrx_word' id='word_1_591' title='bbox 2882 4136 3142 4192; x_wconf 87' lang='lat' dir='ltr'><strong>inimicus</strong></span> <span class='ocrx_word' id='word_1_592' title='bbox 3172 4136 3225 4189; x_wconf 94' lang='lat' dir='ltr'><strong>in</strong></span> <span class='ocrx_word' id='word_1_593' title='bbox 3260 4150 3393 4189; x_wconf 85' lang='lat' dir='ltr'><strong>san-</strong></span> 
     </span>
    </p>
   </div>
   <div class='ocr_carea' id='block_1_81' title="bbox 1802 4228 3389 4301">
    <p class='ocr_par' dir='ltr' id='par_1_81' title="bbox 1802 4228 3389 4301">
     <span class='ocr_line' id='line_1_81' title="bbox 1802 4228 3389 4301; baseline 0 -19"><span class='ocrx_word' id='word_1_594' title='bbox 1802 4237 1914 4293; x_wconf 90' lang='lat' dir='ltr'><strong>cto,</strong></span> <span class='ocrx_word' id='word_1_595' title='bbox 1944 4228 2045 4284; x_wconf 84' lang='lat' dir='ltr'><strong>hoc</strong></span> <span class='ocrx_word' id='word_1_596' title='bbox 2087 4229 2249 4301; x_wconf 75' lang='lat'><strong>765</strong></span> <span class='ocrx_word' id='word_1_597' title='bbox 2279 4238 2363 4285; x_wconf 89' lang='lat' dir='ltr'><strong>est</strong></span> <span class='ocrx_word' id='word_1_598' title='bbox 2401 4232 2455 4285; x_wconf 92' lang='lat' dir='ltr'><strong>in</strong></span> <span class='ocrx_word' id='word_1_599' title='bbox 2488 4231 2754 4287; x_wconf 89' lang='lat' dir='ltr'><strong>Ecclesia.</strong></span> <span class='ocrx_word' id='word_1_600' title='bbox 2807 4231 2874 4286; x_wconf 89' lang='lat' dir='ltr'><strong>Et</strong></span> <span class='ocrx_word' id='word_1_601' title='bbox 2929 4230 2973 4285; x_wconf 92' lang='lat' dir='ltr'><strong>si</strong></span> <span class='ocrx_word' id='word_1_602' title='bbox 3012 4230 3138 4300; x_wconf 86' lang='lat' dir='ltr'><strong>quis</strong></span> <span class='ocrx_word' id='word_1_603' title='bbox 3176 4243 3204 4283; x_wconf 83' lang='lat' dir='ltr'><strong>a</strong></span> <span class='ocrx_word' id='word_1_604' title='bbox 3241 4228 3389 4283; x_wconf 88' lang='lat' dir='ltr'><strong>sule-</strong></span> 
     </span>
    </p>
   </div>
   <div class='ocr_carea' id='block_1_82' title="bbox 1802 4320 3388 4393">
    <p class='ocr_par' dir='ltr' id='par_1_82' title="bbox 1802 4320 3388 4393">
     <span class='ocr_line' id='line_1_82' title="bbox 1802 4320 3388 4393; baseline -0.003 -19"><span class='ocrx_word' id='word_1_605' title='bbox 1802 4320 2122 4376; x_wconf 85' lang='lat' dir='ltr'><strong>nmitatibus</strong></span> <span class='ocrx_word' id='word_1_606' title='bbox 2175 4321 2268 4377; x_wconf 90' lang='lat' dir='ltr'><strong>Dei</strong></span> <span class='ocrx_word' id='word_1_607' title='bbox 2324 4322 2614 4387; x_wconf 85' lang='lat' dir='ltr'><strong>exciderit,</strong></span> <span class='ocrx_word' id='word_1_608' title='bbox 2656 4323 2962 4393; x_wconf 77' lang='lat' dir='ltr'><strong>gloriantur</strong></span> <span class='ocrx_word' id='word_1_609' title='bbox 3004 4320 3094 4389; x_wconf 87' lang='lat' dir='ltr'><strong>qui</strong></span> <span class='ocrx_word' id='word_1_610' title='bbox 3151 4320 3388 4372; x_wconf 88' lang='lat' dir='ltr'><strong>oderunt</strong></span> 
     </span>
    </p>
   </div>
   <div class='ocr_carea' id='block_1_83' title="bbox 80 4409 1695 4483">
    <p class='ocr_par' dir='ltr' id='par_1_83' title="bbox 80 4409 1695 4483">
     <span class='ocr_line' id='line_1_83' title="bbox 80 4409 1695 4483; baseline 0.002 -19"><span class='ocrx_word' id='word_1_611' title='bbox 80 4412 147 4465; x_wconf 84' lang='grc' dir='ltr'>οἱ</span> <span class='ocrx_word' id='word_1_612' title='bbox 186 4409 470 4481; x_wconf 87' lang='grc' dir='ltr'>μισοῦντες</span> <span class='ocrx_word' id='word_1_613' title='bbox 493 4411 583 4463; x_wconf 91' lang='grc' dir='ltr'><strong>τὸν</strong></span> <span class='ocrx_word' id='word_1_614' title='bbox 608 4410 844 4482; x_wconf 89' lang='grc' dir='ltr'>Χριστὸν</span> <span class='ocrx_word' id='word_1_615' title='bbox 872 4411 965 4464; x_wconf 78' lang='grc' dir='ltr'><strong>καὶ</strong></span> <span class='ocrx_word' id='word_1_616' title='bbox 992 4410 1346 4483; x_wconf 87' lang='grc' dir='ltr'>ἀναιροῦντες</span> <span class='ocrx_word' id='word_1_617' title='bbox 1373 4412 1557 4481; x_wconf 81' lang='grc' dir='ltr'>αὐτὸν,</span> <span class='ocrx_word' id='word_1_618' title='bbox 1586 4414 1695 4469; x_wconf 79' lang='grc' dir='ltr'>εἴτε</span> 
     </span>
    </p>
   </div>
   <div class='ocr_carea' id='block_1_84' title="bbox 1862 4409 3389 4483">
    <p class='ocr_par' dir='ltr' id='par_1_84' title="bbox 1862 4412 3389 4483">
     <span class='ocr_line' id='line_1_84' title="bbox 1862 4412 3389 4483; baseline 0.001 -16"><span class='ocrx_word' id='word_1_619' title='bbox 1862 4416 2079 4470; x_wconf 75' lang='lat' dir='ltr'><strong>:tristum</strong></span> <span class='ocrx_word' id='word_1_620' title='bbox 2120 4424 2175 4470; x_wconf 90' lang='lat' dir='ltr'><strong>et</strong></span> <span class='ocrx_word' id='word_1_621' title='bbox 2206 4414 2541 4471; x_wconf 81' lang='lat' dir='ltr'><strong>interﬁciunt</strong></span> <span class='ocrx_word' id='word_1_622' title='bbox 2573 4415 2747 4482; x_wconf 91' lang='lat' dir='ltr'><strong>illum,</strong></span> <span class='ocrx_word' id='word_1_623' title='bbox 2799 4417 2915 4471; x_wconf 84' lang='lat' dir='ltr'><strong>sive</strong></span> <span class='ocrx_word' id='word_1_624' title='bbox 2963 4413 3217 4483; x_wconf 89' lang='lat' dir='ltr'><strong>p0pulus,</strong></span> <span class='ocrx_word' id='word_1_625' title='bbox 3272 4412 3389 4468; x_wconf 84' lang='lat' dir='ltr'><strong>sive</strong></span> 
     </span>
    </p>
   </div>
   <div class='ocr_carea' id='block_1_85' title="bbox 78 4503 1253 4576">
    <p class='ocr_par' dir='ltr' id='par_1_85' title="bbox 78 4503 1253 4576">
     <span class='ocr_line' id='line_1_85' title="bbox 78 4503 1253 4576; baseline -0.001 -16"><span class='ocrx_word' id='word_1_626' title='bbox 78 4508 119 4560; x_wconf 83' lang='grc' dir='ltr'>ὁ</span> <span class='ocrx_word' id='word_1_627' title='bbox 156 4503 310 4569; x_wconf 80' lang='grc' dir='ltr'>λαὸς,</span> <span class='ocrx_word' id='word_1_628' title='bbox 345 4504 454 4558; x_wconf 79' lang='grc' dir='ltr'>εἴτε</span> <span class='ocrx_word' id='word_1_629' title='bbox 487 4506 542 4557; x_wconf 76' lang='grc' dir='ltr'>αἱ</span> <span class='ocrx_word' id='word_1_630' title='bbox 574 4504 946 4575; x_wconf 87' lang='grc' dir='ltr'>ἀντικείμεναι</span> <span class='ocrx_word' id='word_1_631' title='bbox 977 4504 1253 4576; x_wconf 86' lang='grc' dir='ltr'>δυνάμεις.</span> 
     </span>
    </p>
   </div>
   <div class='ocr_carea' id='block_1_86' title="bbox 184 4594 1698 4668">
    <p class='ocr_par' dir='ltr' id='par_1_86' title="bbox 184 4594 1698 4668">
     <span class='ocr_line' id='line_1_86' title="bbox 184 4594 1698 4668; baseline 0.005 -19"><span class='ocrx_word' id='word_1_632' title='bbox 184 4597 282 4663; x_wconf 83' lang='grc' dir='ltr'><strong>Ὠς</strong></span> <span class='ocrx_word' id='word_1_633' title='bbox 307 4597 377 4649; x_wconf 87' lang='grc' dir='ltr'><strong>ὲν</strong></span> <span class='ocrx_word' id='word_1_634' title='bbox 400 4594 602 4666; x_wconf 81' lang='grc' dir='ltr'>δρυμῷ</span> <span class='ocrx_word' id='word_1_635' title='bbox 623 4595 825 4661; x_wconf 79' lang='grc' dir='ltr'><em>ξύλων</em></span> <span class='ocrx_word' id='word_1_636' title='bbox 843 4596 1082 4664; x_wconf 79' lang='grc' dir='ltr'>ἀξίναις</span> <span class='ocrx_word' id='word_1_637' title='bbox 1118 4598 1426 4668; x_wconf 75' lang='grc' dir='ltr'>ἐξέκοψαν</span> <span class='ocrx_word' id='word_1_638' title='bbox 1459 4599 1566 4668; x_wconf 87' lang='grc' dir='ltr'><em>τὰς</em></span> <span class='ocrx_word' id='word_1_639' title='bbox 1595 4603 1698 4657; x_wconf 87' lang='grc' dir='ltr'><strong>θύ-</strong></span> 
     </span>
    </p>
   </div>
   <div class='ocr_carea' id='block_1_87' title="bbox 68 4687 1694 4766">
    <p class='ocr_par' dir='ltr' id='par_1_87' title="bbox 68 4687 1694 4766">
     <span class='ocr_line' id='line_1_87' title="bbox 68 4687 1694 4766; baseline 0.004 -24"><span class='ocrx_word' id='word_1_640' title='bbox 68 4705 211 4759; x_wconf 79' lang='grc' dir='ltr'><strong>ρας</strong></span> <span class='ocrx_word' id='word_1_641' title='bbox 239 4687 451 4757; x_wconf 81' lang='grc' dir='ltr'>αὐτῆς,</span> <span class='ocrx_word' id='word_1_642' title='bbox 490 4705 549 4741; x_wconf 89' lang='grc' dir='ltr'><strong>κ.</strong></span> <span class='ocrx_word' id='word_1_643' title='bbox 579 4706 630 4741; x_wconf 92' lang='grc' dir='ltr'><strong>τ.</strong></span> <span class='ocrx_word' id='word_1_644' title='bbox 660 4688 708 4741; x_wconf 82' lang='grc' dir='ltr'>ὲ.</span> <span class='ocrx_word' id='word_1_645' title='bbox 753 4687 938 4743; x_wconf 88' lang='grc' dir='ltr'>Ταῦτα</span> <span class='ocrx_word' id='word_1_646' title='bbox 966 4689 1145 4744; x_wconf 86' lang='grc' dir='ltr'>πάντα</span> <span class='ocrx_word' id='word_1_647' title='bbox 1179 4691 1291 4762; x_wconf 71' lang='grc'><strong>(94)</strong></span> <span class='ocrx_word' id='word_1_648' title='bbox 1333 4694 1694 4766; x_wconf 85' lang='grc' dir='ltr'>πεπλήρωται</span> 
     </span>
    </p>
   </div>
   <div class='ocr_carea' id='block_1_88' title="bbox 76 4780 1691 4862">
    <p class='ocr_par' dir='ltr' id='par_1_88' title="bbox 76 4780 1691 4862">
     <span class='ocr_line' id='line_1_88' title="bbox 76 4780 1691 4862; baseline 0.004 -27"><span class='ocrx_word' id='word_1_649' title='bbox 76 4785 157 4835; x_wconf 84' lang='grc' dir='ltr'><strong>ὲν</strong></span> <span class='ocrx_word' id='word_1_650' title='bbox 205 4784 277 4854; x_wconf 82' lang='grc' dir='ltr'>τῇ</span> <span class='ocrx_word' id='word_1_651' title='bbox 334 4781 444 4834; x_wconf 90' lang='grc' dir='ltr'><strong>τῶν</strong></span> <span class='ocrx_word' id='word_1_652' title='bbox 506 4780 894 4853; x_wconf 86' lang='grc' dir='ltr'>Ἰεροσολύμων</span> <span class='ocrx_word' id='word_1_653' title='bbox 942 4782 1174 4847; x_wconf 87' lang='grc' dir='ltr'>ἁλώσει,</span> <span class='ocrx_word' id='word_1_654' title='bbox 1238 4784 1430 4858; x_wconf 85' lang='grc' dir='ltr'>ὥσπερ</span> <span class='ocrx_word' id='word_1_655' title='bbox 1503 4787 1691 4862; x_wconf 88' lang='grc' dir='ltr'>Ἰώση-</span> 
     </span>
    </p>
   </div>
   <div class='ocr_carea' id='block_1_89' title="bbox 77 4874 1693 4953">
    <p class='ocr_par' dir='ltr' id='par_1_89' title="bbox 77 4874 1693 4953">
     <span class='ocr_line' id='line_1_89' title="bbox 77 4874 1693 4953; baseline 0.003 -23"><span class='ocrx_word' id='word_1_656' title='bbox 77 4893 201 4940; x_wconf 77' lang='grc' dir='ltr'><strong>πος</strong></span> <span class='ocrx_word' id='word_1_657' title='bbox 248 4876 455 4946; x_wconf 77' lang='grc' dir='ltr'>ἱστορεί</span> <span class='ocrx_word' id='word_1_658' title='bbox 511 4874 718 4929; x_wconf 85' lang='grc' dir='ltr'>καθένα</span> <span class='ocrx_word' id='word_1_659' title='bbox 773 4874 1134 4946; x_wconf 85' lang='grc' dir='ltr'>διηγούμενος</span> <span class='ocrx_word' id='word_1_660' title='bbox 1194 4876 1304 4931; x_wconf 90' lang='grc' dir='ltr'><strong>τῶν</strong></span> <span class='ocrx_word' id='word_1_661' title='bbox 1367 4882 1693 4953; x_wconf 87' lang='grc' dir='ltr'>πεπραγμέ-</span> 
     </span>
    </p>
   </div>
   <div class='ocr_carea' id='block_1_90' title="bbox 75 4984 227 5021">
    <p class='ocr_par' dir='ltr' id='par_1_90' title="bbox 75 4984 227 5021">
     <span class='ocr_line' id='line_1_90' title="bbox 75 4984 227 5021; baseline 0.007 -1"><span class='ocrx_word' id='word_1_662' title='bbox 75 4984 227 5021; x_wconf 86' lang='grc' dir='ltr'>νων.</span> 
     </span>
    </p>
   </div>
   <div class='ocr_carea' id='block_1_91' title="bbox 180 5059 1694 5135">
    <p class='ocr_par' dir='ltr' id='par_1_91' title="bbox 180 5059 1694 5135">
     <span class='ocr_line' id='line_1_91' title="bbox 180 5059 1694 5135; baseline 0.007 -23"><span class='ocrx_word' id='word_1_663' title='bbox 180 5060 586 5128; x_wconf 79' lang='grc' dir='ltr'>Ἑνεπύρισαν</span> <span class='ocrx_word' id='word_1_664' title='bbox 616 5059 687 5113; x_wconf 81' lang='grc' dir='ltr'><strong>ἐν</strong></span> <span class='ocrx_word' id='word_1_665' title='bbox 726 5060 868 5129; x_wconf 81' lang='grc' dir='ltr'>πυρὶ</span> <span class='ocrx_word' id='word_1_666' title='bbox 910 5059 976 5113; x_wconf 82' lang='grc' dir='ltr'>τὸ</span> <span class='ocrx_word' id='word_1_667' title='bbox 1026 5062 1420 5132; x_wconf 76' lang='grc' dir='ltr'>ἁγιαστήριόν</span> <span class='ocrx_word' id='word_1_668' title='bbox 1450 5080 1568 5120; x_wconf 86' lang='grc' dir='ltr'>σου</span> <span class='ocrx_word' id='word_1_669' title='bbox 1602 5071 1694 5135; x_wconf 78' lang='grc' dir='ltr'>εἰς</span> 
     </span>
    </p>
   </div>
   <div class='ocr_carea' id='block_1_92' title="bbox 71 5152 1693 5227">
    <p class='ocr_par' dir='ltr' id='par_1_92' title="bbox 71 5152 1693 5227">
     <span class='ocr_line' id='line_1_92' title="bbox 71 5152 1693 5227; baseline 0.002 -18"><span class='ocrx_word' id='word_1_670' title='bbox 71 5154 216 5223; x_wconf 78' lang='grc' dir='ltr'>τὴν</span> <span class='ocrx_word' id='word_1_671' title='bbox 251 5152 390 5223; x_wconf 74' lang='grc' dir='ltr'>γῆν·</span> <span class='ocrx_word' id='word_1_672' title='bbox 430 5152 813 5218; x_wconf 74' lang='grc' dir='ltr'>ἐϐεϐἠλωσαν</span> <span class='ocrx_word' id='word_1_673' title='bbox 847 5152 914 5205; x_wconf 86' lang='grc' dir='ltr'>τὸ</span> <span class='ocrx_word' id='word_1_674' title='bbox 946 5152 1238 5224; x_wconf 77' lang='grc' dir='ltr'>σκήνωμα</span> <span class='ocrx_word' id='word_1_675' title='bbox 1265 5156 1371 5211; x_wconf 86' lang='grc' dir='ltr'><strong>τοῦ</strong></span> <span class='ocrx_word' id='word_1_676' title='bbox 1402 5157 1693 5227; x_wconf 83' lang='grc' dir='ltr'>ὀνόματός</span> 
     </span>
    </p>
   </div>
   <div class='ocr_carea' id='block_1_93' title="bbox 73 5246 1691 5321">
    <p class='ocr_par' dir='ltr' id='par_1_93' title="bbox 73 5246 1691 5321">
     <span class='ocr_line' id='line_1_93' title="bbox 73 5246 1691 5321; baseline 0.004 -19"><span class='ocrx_word' id='word_1_677' title='bbox 73 5264 241 5313; x_wconf 70' lang='grc' dir='ltr'>σου,</span> <span class='ocrx_word' id='word_1_678' title='bbox 284 5264 340 5300; x_wconf 85' lang='grc' dir='ltr'><strong>κ.</strong></span> <span class='ocrx_word' id='word_1_679' title='bbox 374 5262 426 5299; x_wconf 90' lang='grc' dir='ltr'><strong>τ.</strong></span> <span class='ocrx_word' id='word_1_680' title='bbox 465 5246 513 5299; x_wconf 83' lang='grc' dir='ltr'>ὲ.</span> <span class='ocrx_word' id='word_1_681' title='bbox 554 5246 828 5319; x_wconf 85' lang='grc' dir='ltr'>Σκήνωμα</span> <span class='ocrx_word' id='word_1_682' title='bbox 858 5247 952 5301; x_wconf 84' lang='grc' dir='ltr'><strong>τοῦ</strong></span> <span class='ocrx_word' id='word_1_683' title='bbox 987 5247 1251 5320; x_wconf 84' lang='grc' dir='ltr'>ὀνόματος</span> <span class='ocrx_word' id='word_1_684' title='bbox 1288 5249 1399 5321; x_wconf 86' lang='grc'><strong>(95)</strong></span> <span class='ocrx_word' id='word_1_685' title='bbox 1427 5251 1520 5305; x_wconf 89' lang='grc' dir='ltr'><strong>τοῦ</strong></span> <span class='ocrx_word' id='word_1_686' title='bbox 1556 5253 1691 5309; x_wconf 87' lang='grc' dir='ltr'>Θεοῦ</span> 
     </span>
    </p>
   </div>
   <div class='ocr_carea' id='block_1_94' title="bbox 72 5338 1695 5417">
    <p class='ocr_par' dir='ltr' id='par_1_94' title="bbox 72 5338 1695 5417">
     <span class='ocr_line' id='line_1_94' title="bbox 72 5338 1695 5417; baseline 0.002 -23"><span class='ocrx_word' id='word_1_687' title='bbox 72 5344 253 5394; x_wconf 82' lang='grc' dir='ltr'>ἐστιν</span> <span class='ocrx_word' id='word_1_688' title='bbox 287 5341 316 5393; x_wconf 89' lang='lat'><strong>6</strong></span> <span class='ocrx_word' id='word_1_689' title='bbox 343 5338 489 5403; x_wconf 87' lang='grc' dir='ltr'>νοῦς,</span> <span class='ocrx_word' id='word_1_690' title='bbox 523 5339 671 5404; x_wconf 79' lang='grc' dir='ltr'>ὅστις</span> <span class='ocrx_word' id='word_1_691' title='bbox 706 5338 1050 5412; x_wconf 83' lang='grc' dir='ltr'>βεϐηλοῦται,</span> <span class='ocrx_word' id='word_1_692' title='bbox 1078 5342 1265 5413; x_wconf 86' lang='grc' dir='ltr'>γήϊνος</span> <span class='ocrx_word' id='word_1_693' title='bbox 1299 5342 1419 5397; x_wconf 74' lang='grc' dir='ltr'>ἀντὶ</span> <span class='ocrx_word' id='word_1_694' title='bbox 1464 5344 1695 5417; x_wconf 83' lang='grc' dir='ltr'>ἐπουρα-</span> 
     </span>
    </p>
   </div>
   <div class='ocr_carea' id='block_1_95' title="bbox 69 5431 554 5502">
    <p class='ocr_par' dir='ltr' id='par_1_95' title="bbox 69 5431 554 5502">
     <span class='ocr_line' id='line_1_95' title="bbox 69 5431 554 5502; baseline -0.006 -15"><span class='ocrx_word' id='word_1_695' title='bbox 69 5433 212 5488; x_wconf 84' lang='grc' dir='ltr'>νίου</span> <span class='ocrx_word' id='word_1_696' title='bbox 238 5431 554 5502; x_wconf 79' lang='grc' dir='ltr'>γενόμενος.</span> 
     </span>
    </p>
   </div>
   <div class='ocr_carea' id='block_1_96' title="bbox 167 5527 581 5593">
    <p class='ocr_par' dir='ltr' id='par_1_96' title="bbox 167 5527 581 5593">
     <span class='ocr_line' id='line_1_96' title="bbox 167 5527 581 5593; baseline -0.005 -10"><span class='ocrx_word' id='word_1_697' title='bbox 167 5528 219 5560; x_wconf 59' lang='grc'><strong>⁸³</strong></span> <span class='ocrx_word' id='word_1_698' title='bbox 244 5527 404 5583; x_wconf 68' lang='lat' dir='ltr'><strong>Joan.</strong></span> <span class='ocrx_word' id='word_1_699' title='bbox 429 5543 484 5593; x_wconf 74' lang='grc' dir='ltr'>ι,</span> <span class='ocrx_word' id='word_1_700' title='bbox 525 5527 581 5583; x_wconf 87' lang='grc'><strong>9.</strong></span> 
     </span>
    </p>
   </div>
   <div class='ocr_carea' id='block_1_97' title="bbox 171 5619 1699 5692">
    <p class='ocr_par' dir='ltr' id='par_1_97' title="bbox 171 5619 1699 5692">
     <span class='ocr_line' id='line_1_97' title="bbox 171 5619 1699 5692; baseline 0.002 -17"><span class='ocrx_word' id='word_1_701' title='bbox 171 5620 292 5692; x_wconf 87' lang='lat'><strong>(89)</strong></span> <span class='ocrx_word' id='word_1_702' title='bbox 334 5621 428 5688; x_wconf 87' lang='grc' dir='ltr'><strong>Ὡς</strong></span> <span class='ocrx_word' id='word_1_703' title='bbox 456 5620 606 5689; x_wconf 79' lang='grc' dir='ltr'>πρὸς</span> <span class='ocrx_word' id='word_1_704' title='bbox 631 5619 697 5674; x_wconf 83' lang='grc' dir='ltr'>τὸ</span> <span class='ocrx_word' id='word_1_705' title='bbox 717 5619 930 5690; x_wconf 76' lang='grc' dir='ltr'>ῥητόν,</span> <span class='ocrx_word' id='word_1_706' title='bbox 948 5628 1060 5678; x_wconf 89' lang='lat' dir='ltr'><strong>etc.</strong></span> <span class='ocrx_word' id='word_1_707' title='bbox 1084 5620 1127 5675; x_wconf 84' lang='lat' dir='ltr'><strong>E</strong></span> <span class='ocrx_word' id='word_1_708' title='bbox 1145 5620 1336 5678; x_wconf 85' lang='lat' dir='ltr'><strong>codice</strong></span> <span class='ocrx_word' id='word_1_709' title='bbox 1357 5621 1699 5679; x_wconf 77' lang='lat' dir='ltr'><strong>Coisliniano</strong></span> 
     </span>
    </p>
   </div>
   <div class='ocr_carea' id='block_1_98' title="bbox 67 5694 1405 5834">
    <p class='ocr_par' dir='ltr' id='par_1_98' title="bbox 67 5694 1405 5834">
     <span class='ocr_line' id='line_1_98' title="bbox 67 5694 1405 5834; baseline 0.001 -16"><span class='ocrx_word' id='word_1_710' title='bbox 67 5694 422 5834; x_wconf 42' lang='grc' dir='ltr'>δυῶίῗῖίῖὸ,</span> <span class='ocrx_word' id='word_1_711' title='bbox 455 5763 902 5834; x_wconf 81' lang='grc' dir='ltr'>Είσελεύσεται,</span> <span class='ocrx_word' id='word_1_712' title='bbox 934 5770 1043 5816; x_wconf 86' lang='lat' dir='ltr'><strong>etc.</strong></span> <span class='ocrx_word' id='word_1_713' title='bbox 1086 5738 1159 5816; x_wconf 58' lang='lat' dir='ltr'><strong>Es</strong></span> <span class='ocrx_word' id='word_1_714' title='bbox 1194 5764 1405 5819; x_wconf 87' lang='lat' dir='ltr'><strong>eodem.</strong></span> 
     </span>
    </p>
   </div>
   <div class='ocr_carea' id='block_1_99' title="bbox 168 5832 1503 5901">
    <p class='ocr_par' dir='ltr' id='par_1_99' title="bbox 168 5832 1503 5901">
     <span class='ocr_line' id='line_1_99' title="bbox 168 5832 1503 5901; baseline 0.001 -14"><span class='ocrx_word' id='word_1_715' title='bbox 168 5832 291 5901; x_wconf 82' lang='grc'><strong>(91)</strong></span> <span class='ocrx_word' id='word_1_716' title='bbox 324 5832 619 5901; x_wconf 78' lang='grc' dir='ltr'>Ζητήσεις</span> <span class='ocrx_word' id='word_1_717' title='bbox 660 5833 779 5888; x_wconf 82' lang='grc' dir='ltr'><strong>ἀπὸ</strong></span> <span class='ocrx_word' id='word_1_718' title='bbox 806 5834 1005 5899; x_wconf 80' lang='grc' dir='ltr'>ποίας,</span> <span class='ocrx_word' id='word_1_719' title='bbox 1039 5845 1145 5887; x_wconf 87' lang='lat' dir='ltr'><strong>etc.</strong></span> <span class='ocrx_word' id='word_1_720' title='bbox 1178 5835 1251 5888; x_wconf 78' lang='lat' dir='ltr'><strong>Ex</strong></span> <span class='ocrx_word' id='word_1_721' title='bbox 1288 5838 1503 5893; x_wconf 82' lang='lat' dir='ltr'><strong>eodem.</strong></span> 
     </span>
    </p>
   </div>
   <div class='ocr_carea' id='block_1_100' title="bbox 171 5904 1291 5976">
    <p class='ocr_par' dir='ltr' id='par_1_100' title="bbox 171 5904 1291 5976">
     <span class='ocr_line' id='line_1_100' title="bbox 171 5904 1291 5976; baseline 0.004 -19"><span class='ocrx_word' id='word_1_722' title='bbox 171 5904 292 5976; x_wconf 69' lang='lat'><strong>(99.)</strong></span> <span class='ocrx_word' id='word_1_723' title='bbox 327 5904 621 5973; x_wconf 78' lang='grc' dir='ltr'>Ζητήσεις</span> <span class='ocrx_word' id='word_1_724' title='bbox 651 5905 792 5973; x_wconf 77' lang='grc' dir='ltr'>εἴτε,</span> <span class='ocrx_word' id='word_1_725' title='bbox 824 5916 931 5962; x_wconf 87' lang='lat' dir='ltr'><strong>etc.</strong></span> <span class='ocrx_word' id='word_1_726' title='bbox 967 5904 1046 5960; x_wconf 78' lang='lat' dir='ltr'><strong>Ex</strong></span> <span class='ocrx_word' id='word_1_727' title='bbox 1076 5908 1291 5961; x_wconf 84' lang='lat' dir='ltr'><strong>eodem.</strong></span> 
     </span>
    </p>
   </div>
   <div class='ocr_carea' id='block_1_101' title="bbox 1805 4510 2481 4579">
    <p class='ocr_par' dir='ltr' id='par_1_101' title="bbox 1805 4510 2481 4579">
     <span class='ocr_line' id='line_1_101' title="bbox 1805 4510 2481 4579; baseline 0.004 -17"><span class='ocrx_word' id='word_1_728' title='bbox 1805 4510 2130 4564; x_wconf 71' lang='lat' dir='ltr'><strong>adversaria:</strong></span> <span class='ocrx_word' id='word_1_729' title='bbox 2162 4519 2481 4579; x_wconf 78' lang='lat' dir='ltr'><strong>potestates.</strong></span> 
     </span>
    </p>
   </div>
   <div class='ocr_carea' id='block_1_102' title="bbox 1874 4597 3441 4669">
    <p class='ocr_par' dir='ltr' id='par_1_102' title="bbox 1874 4597 3441 4669">
     <span class='ocr_line' id='line_1_102' title="bbox 1874 4597 3441 4669; baseline 0 -16"><span class='ocrx_word' id='word_1_730' title='bbox 1874 4597 2042 4654; x_wconf 72' lang='lat' dir='ltr'><strong>Vens.</strong></span> <span class='ocrx_word' id='word_1_731' title='bbox 2099 4600 2216 4655; x_wconf 81' lang='lat'><strong>5-6.</strong></span> <span class='ocrx_word' id='word_1_732' title='bbox 2275 4598 2444 4665; x_wconf 77' lang='lat' dir='ltr'><strong>Quasi</strong></span> <span class='ocrx_word' id='word_1_733' title='bbox 2494 4601 2549 4653; x_wconf 83' lang='lat' dir='ltr'><strong>in</strong></span> <span class='ocrx_word' id='word_1_734' title='bbox 2599 4600 2729 4653; x_wconf 72' lang='lat' dir='ltr'><strong>silva</strong></span> <span class='ocrx_word' id='word_1_735' title='bbox 2789 4599 3054 4669; x_wconf 84' lang='lat' dir='ltr'><strong>lignorum</strong></span> <span class='ocrx_word' id='word_1_736' title='bbox 3118 4599 3387 4655; x_wconf 80' lang='lat' dir='ltr'><strong>securibus</strong></span> <span class='ocrx_word' id='word_1_737' title='bbox 3440 4656 3441 4659; x_wconf 32' lang='grc' dir='ltr'><strong>η</strong></span> 
     </span>
    </p>
   </div>
   <div class='ocr_carea' id='block_1_103' title="bbox 1801 4692 3387 4763">
    <p class='ocr_par' dir='ltr' id='par_1_103' title="bbox 1801 4692 3387 4763">
     <span class='ocr_line' id='line_1_103' title="bbox 1801 4692 3387 4763; baseline 0.002 -18"><span class='ocrx_word' id='word_1_738' title='bbox 1801 4692 2331 4762; x_wconf 77' lang='lat' dir='ltr'><strong>excideruntjanuas</strong></span> <span class='ocrx_word' id='word_1_739' title='bbox 2361 4693 2498 4762; x_wconf 84' lang='lat' dir='ltr'><strong>ejus,</strong></span> <span class='ocrx_word' id='word_1_740' title='bbox 2527 4700 2634 4746; x_wconf 89' lang='lat' dir='ltr'><strong>etc.</strong></span> <span class='ocrx_word' id='word_1_741' title='bbox 2662 4692 2786 4747; x_wconf 62' lang='lat' dir='ltr'><strong>Haec</strong></span> <span class='ocrx_word' id='word_1_742' title='bbox 2809 4694 2991 4747; x_wconf 90' lang='lat' dir='ltr'><strong>omnia</strong></span> <span class='ocrx_word' id='word_1_743' title='bbox 3014 4693 3232 4763; x_wconf 88' lang='lat' dir='ltr'><strong>impleta</strong></span> <span class='ocrx_word' id='word_1_744' title='bbox 3257 4702 3387 4748; x_wconf 84' lang='lat' dir='ltr'><strong>sunt</strong></span> 
     </span>
    </p>
   </div>
   <div class='ocr_carea' id='block_1_104' title="bbox 1801 4784 3387 4861">
    <p class='ocr_par' dir='ltr' id='par_1_104' title="bbox 1801 4784 3387 4861">
     <span class='ocr_line' id='line_1_104' title="bbox 1801 4784 3387 4861; baseline 0.002 -22"><span class='ocrx_word' id='word_1_745' title='bbox 1801 4784 1856 4839; x_wconf 93' lang='lat' dir='ltr'><strong>in</strong></span> <span class='ocrx_word' id='word_1_746' title='bbox 1885 4785 2238 4858; x_wconf 70' lang='lat' dir='ltr'><strong>Jerosolymaa</strong></span> <span class='ocrx_word' id='word_1_747' title='bbox 2264 4788 2689 4861; x_wconf 85' lang='lat' dir='ltr'><strong>expugnatione,</strong></span> <span class='ocrx_word' id='word_1_748' title='bbox 2738 4789 3194 4858; x_wconf 82' lang='lat' dir='ltr'><strong>quemadmodum</strong></span> <span class='ocrx_word' id='word_1_749' title='bbox 3257 4804 3387 4842; x_wconf 89' lang='lat' dir='ltr'><strong>nar-</strong></span> 
     </span>
    </p>
   </div>
   <div class='ocr_carea' id='block_1_105' title="bbox 1803 4878 3379 4955">
    <p class='ocr_par' dir='ltr' id='par_1_105' title="bbox 1803 4878 3379 4955">
     <span class='ocr_line' id='line_1_105' title="bbox 1803 4878 3379 4955; baseline 0.003 -22"><span class='ocrx_word' id='word_1_750' title='bbox 1803 4890 1889 4935; x_wconf 87' lang='lat' dir='ltr'><strong>rat</strong></span> <span class='ocrx_word' id='word_1_751' title='bbox 1910 4878 2181 4952; x_wconf 85' lang='lat' dir='ltr'><strong>.Iosepltus</strong></span> <span class='ocrx_word' id='word_1_752' title='bbox 2206 4883 2298 4952; x_wconf 92' lang='lat' dir='ltr'><strong>qui</strong></span> <span class='ocrx_word' id='word_1_753' title='bbox 2328 4883 2647 4955; x_wconf 88' lang='lat' dir='ltr'><strong>singillatim</strong></span> <span class='ocrx_word' id='word_1_754' title='bbox 2680 4898 2766 4939; x_wconf 88' lang='lat' dir='ltr'><strong>res</strong></span> <span class='ocrx_word' id='word_1_755' title='bbox 2796 4892 2980 4954; x_wconf 80' lang='lat' dir='ltr'><strong>gestas</strong></span> <span class='ocrx_word' id='word_1_756' title='bbox 3006 4884 3379 4954; x_wconf 87' lang='lat' dir='ltr'><strong>persequitur.</strong></span> 
     </span>
    </p>
   </div>
   <div class='ocr_carea' id='block_1_106' title="bbox 1873 5059 3381 5132">
    <p class='ocr_par' dir='ltr' id='par_1_106' title="bbox 1873 5059 3381 5132">
     <span class='ocr_line' id='line_1_106' title="bbox 1873 5059 3381 5132; baseline 0.002 -18"><span class='ocrx_word' id='word_1_757' title='bbox 1873 5061 2037 5116; x_wconf 66' lang='lat' dir='ltr'><strong>Vens.</strong></span> <span class='ocrx_word' id='word_1_758' title='bbox 2068 5061 2123 5115; x_wconf 84' lang='lat'><strong>7.</strong></span> <span class='ocrx_word' id='word_1_759' title='bbox 2161 5059 2519 5115; x_wconf 85' lang='lat' dir='ltr'><strong>Incenderunt</strong></span> <span class='ocrx_word' id='word_1_760' title='bbox 2572 5063 2683 5132; x_wconf 81' lang='lat' dir='ltr'><strong>igni</strong></span> <span class='ocrx_word' id='word_1_761' title='bbox 2729 5066 3094 5118; x_wconf 83' lang='lat' dir='ltr'><strong>snnctunrium</strong></span> <span class='ocrx_word' id='word_1_762' title='bbox 3132 5075 3278 5118; x_wconf 89' lang='lat' dir='ltr'><strong>tuum</strong></span> <span class='ocrx_word' id='word_1_763' title='bbox 3327 5064 3381 5117; x_wconf 81' lang='lat' dir='ltr'><strong>in</strong></span> 
     </span>
    </p>
   </div>
   <div class='ocr_carea' id='block_1_107' title="bbox 1801 5152 3379 5225">
    <p class='ocr_par' dir='ltr' id='par_1_107' title="bbox 1801 5152 3379 5225">
     <span class='ocr_line' id='line_1_107' title="bbox 1801 5152 3379 5225; baseline 0.002 -17"><span class='ocrx_word' id='word_1_764' title='bbox 1801 5165 1980 5219; x_wconf 80' lang='lat' dir='ltr'><strong>terra;</strong></span> <span class='ocrx_word' id='word_1_765' title='bbox 2022 5152 2325 5225; x_wconf 85' lang='lat' dir='ltr'><strong>polluerunt</strong></span> <span class='ocrx_word' id='word_1_766' title='bbox 2376 5155 2776 5210; x_wconf 84' lang='lat' dir='ltr'><strong>tabernaculum</strong></span> <span class='ocrx_word' id='word_1_767' title='bbox 2830 5159 3059 5212; x_wconf 80' lang='lat' dir='ltr'><strong>nominis</strong></span> <span class='ocrx_word' id='word_1_768' title='bbox 3110 5158 3207 5221; x_wconf 85' lang='lat' dir='ltr'><strong>tui,</strong></span> <span class='ocrx_word' id='word_1_769' title='bbox 3272 5164 3379 5211; x_wconf 89' lang='lat' dir='ltr'><strong>etc.</strong></span> 
     </span>
    </p>
   </div>
   <div class='ocr_carea' id='block_1_108' title="bbox 1804 5244 3383 5320">
    <p class='ocr_par' dir='ltr' id='par_1_108' title="bbox 1804 5244 3383 5320">
     <span class='ocr_line' id='line_1_108' title="bbox 1804 5244 3383 5320; baseline 0 -18"><span class='ocrx_word' id='word_1_770' title='bbox 1804 5246 2239 5303; x_wconf 88' lang='lat' dir='ltr'><strong>Tabernaculum</strong></span> <span class='ocrx_word' id='word_1_771' title='bbox 2275 5244 2514 5301; x_wconf 88' lang='lat' dir='ltr'><strong>nominis</strong></span> <span class='ocrx_word' id='word_1_772' title='bbox 2566 5249 2655 5303; x_wconf 91' lang='lat' dir='ltr'><strong>Dei</strong></span> <span class='ocrx_word' id='word_1_773' title='bbox 2688 5260 2770 5304; x_wconf 92' lang='lat' dir='ltr'><strong>est</strong></span> <span class='ocrx_word' id='word_1_774' title='bbox 2805 5264 2976 5314; x_wconf 90' lang='lat' dir='ltr'><strong>mens,</strong></span> <span class='ocrx_word' id='word_1_775' title='bbox 3036 5264 3157 5320; x_wconf 72' lang='lat' dir='ltr'><strong>qua:</strong></span> <span class='ocrx_word' id='word_1_776' title='bbox 3186 5249 3383 5320; x_wconf 89' lang='lat' dir='ltr'><strong>pollui-</strong></span> 
     </span>
    </p>
   </div>
   <div class='ocr_carea' id='block_1_109' title="bbox 1803 5339 2756 5410">
    <p class='ocr_par' dir='ltr' id='par_1_109' title="bbox 1803 5339 2756 5410">
     <span class='ocr_line' id='line_1_109' title="bbox 1803 5339 2756 5410; baseline 0.001 -15"><span class='ocrx_word' id='word_1_777' title='bbox 1803 5350 1891 5395; x_wconf 85' lang='lat' dir='ltr'><strong>tur</strong></span> <span class='ocrx_word' id='word_1_778' title='bbox 1915 5356 2038 5397; x_wconf 90' lang='lat' dir='ltr'><strong>cum</strong></span> <span class='ocrx_word' id='word_1_779' title='bbox 2063 5354 2162 5410; x_wconf 89' lang='lat' dir='ltr'><strong>pro</strong></span> <span class='ocrx_word' id='word_1_780' title='bbox 2186 5339 2398 5396; x_wconf 68' lang='lat' dir='ltr'><strong>cmlesti</strong></span> <span class='ocrx_word' id='word_1_781' title='bbox 2427 5341 2490 5397; x_wconf 84' lang='lat' dir='ltr'><strong>ﬁt</strong></span> <span class='ocrx_word' id='word_1_782' title='bbox 2516 5352 2756 5400; x_wconf 86' lang='lat' dir='ltr'><strong>terrena.</strong></span> 
     </span>
    </p>
   </div>
   <div class='ocr_carea' id='block_1_110' title="bbox 1872 5615 2806 5686">
    <p class='ocr_par' dir='ltr' id='par_1_110' title="bbox 1872 5615 2806 5686">
     <span class='ocr_line' id='line_1_110' title="bbox 1872 5615 2806 5686; baseline -0.002 -14"><span class='ocrx_word' id='word_1_783' title='bbox 1872 5615 1985 5686; x_wconf 81' lang='grc'><strong>(95)</strong></span> <span class='ocrx_word' id='word_1_784' title='bbox 2003 5618 2086 5671; x_wconf 87' lang='grc' dir='ltr'><strong>Οὐ</strong></span> <span class='ocrx_word' id='word_1_785' title='bbox 2120 5622 2329 5680; x_wconf 80' lang='grc' dir='ltr'>τόπου,</span> <span class='ocrx_word' id='word_1_786' title='bbox 2362 5628 2467 5669; x_wconf 83' lang='lat' dir='ltr'><strong>etc.</strong></span> <span class='ocrx_word' id='word_1_787' title='bbox 2495 5616 2572 5670; x_wconf 84' lang='lat' dir='ltr'><strong>Ex</strong></span> <span class='ocrx_word' id='word_1_788' title='bbox 2598 5615 2806 5686; x_wconf 85' lang='lat' dir='ltr'><strong>eodem.</strong></span> 
     </span>
    </p>
   </div>
   <div class='ocr_carea' id='block_1_111' title="bbox 1868 5684 3368 5759">
    <p class='ocr_par' dir='ltr' id='par_1_111' title="bbox 1868 5684 3368 5759">
     <span class='ocr_line' id='line_1_111' title="bbox 1868 5684 3368 5759; baseline 0.001 -17"><span class='ocrx_word' id='word_1_789' title='bbox 1868 5684 1979 5759; x_wconf 67' lang='grc'><strong>(94)</strong></span> <span class='ocrx_word' id='word_1_790' title='bbox 2026 5686 2217 5742; x_wconf 86' lang='grc' dir='ltr'>Ταῦτα</span> <span class='ocrx_word' id='word_1_791' title='bbox 2255 5687 2473 5751; x_wconf 86' lang='grc' dir='ltr'>πάντα,</span> <span class='ocrx_word' id='word_1_792' title='bbox 2501 5699 2606 5742; x_wconf 85' lang='lat' dir='ltr'><strong>etc.</strong></span> <span class='ocrx_word' id='word_1_793' title='bbox 2635 5685 2677 5741; x_wconf 88' lang='lat' dir='ltr'>E</span> <span class='ocrx_word' id='word_1_794' title='bbox 2702 5686 2888 5742; x_wconf 87' lang='lat' dir='ltr'><strong>codice</strong></span> <span class='ocrx_word' id='word_1_795' title='bbox 2914 5684 3138 5743; x_wconf 89' lang='lat' dir='ltr'><strong>Coislin.</strong></span> <span class='ocrx_word' id='word_1_796' title='bbox 3173 5688 3368 5759; x_wconf 83' lang='lat' dir='ltr'><strong>primo,</strong></span> 
     </span>
    </p>
   </div>
   <div class='ocr_carea' id='block_1_112' title="bbox 1796 5759 2326 5824">
    <p class='ocr_par' dir='ltr' id='par_1_112' title="bbox 1796 5759 2326 5824">
     <span class='ocr_line' id='line_1_112' title="bbox 1796 5759 2326 5824; baseline -0.009 -10"><span class='ocrx_word' id='word_1_797' title='bbox 1796 5771 1847 5814; x_wconf 82' lang='lat' dir='ltr'><strong>et</strong></span> <span class='ocrx_word' id='word_1_798' title='bbox 1878 5759 2096 5813; x_wconf 83' lang='lat' dir='ltr'><strong>seltedis</strong></span> <span class='ocrx_word' id='word_1_799' title='bbox 2119 5759 2326 5824; x_wconf 81' lang='lat' dir='ltr'><strong>Grabii.</strong></span> 
     </span>
    </p>
   </div>
   <div class='ocr_carea' id='block_1_113' title="bbox 1858 5829 3369 5900">
    <p class='ocr_par' dir='ltr' id='par_1_113' title="bbox 1858 5829 3369 5900">
     <span class='ocr_line' id='line_1_113' title="bbox 1858 5829 3369 5900; baseline -0.001 -15"><span class='ocrx_word' id='word_1_800' title='bbox 1858 5830 1969 5900; x_wconf 80' lang='grc'><strong>(95)</strong></span> <span class='ocrx_word' id='word_1_801' title='bbox 1998 5830 2289 5899; x_wconf 70' lang='grc' dir='ltr'>Σκήνωμα</span> <span class='ocrx_word' id='word_1_802' title='bbox 2316 5830 2421 5882; x_wconf 81' lang='grc' dir='ltr'><strong>τοῦ</strong></span> <span class='ocrx_word' id='word_1_803' title='bbox 2454 5829 2766 5900; x_wconf 69' lang='grc' dir='ltr'>ὀνόματος,</span> <span class='ocrx_word' id='word_1_804' title='bbox 2798 5839 2908 5886; x_wconf 89' lang='lat' dir='ltr'><strong>etc.</strong></span> <span class='ocrx_word' id='word_1_805' title='bbox 2948 5830 3023 5887; x_wconf 80' lang='lat' dir='ltr'><strong>Ex</strong></span> <span class='ocrx_word' id='word_1_806' title='bbox 3052 5831 3241 5888; x_wconf 87' lang='lat' dir='ltr'><strong>eodem</strong></span> <span class='ocrx_word' id='word_1_807' title='bbox 3274 5846 3369 5885; x_wconf 78' lang='lat' dir='ltr'><strong>c0-</strong></span> 
     </span>
    </p>
   </div>
   <div class='ocr_carea' id='block_1_114' title="bbox 1788 5899 2475 5960">
    <p class='ocr_par' dir='ltr' id='par_1_114' title="bbox 1788 5899 2475 5960">
     <span class='ocr_line' id='line_1_114' title="bbox 1788 5899 2475 5960; baseline -0.003 -3"><span class='ocrx_word' id='word_1_808' title='bbox 1788 5899 1904 5960; x_wconf 66' lang='lat' dir='ltr'><strong>diec</strong></span> <span class='ocrx_word' id='word_1_809' title='bbox 1934 5912 1989 5956; x_wconf 83' lang='lat' dir='ltr'><strong>et</strong></span> <span class='ocrx_word' id='word_1_810' title='bbox 2014 5903 2231 5958; x_wconf 81' lang='lat' dir='ltr'><strong>scitedis</strong></span> <span class='ocrx_word' id='word_1_811' title='bbox 2264 5899 2475 5956; x_wconf 80' lang='lat' dir='ltr'><strong>Grabii.</strong></span> 
     </span>
    </p>
   </div>
  </div>
