3914 6374
228 303 371 360 1553

1157 306 1465 364 SELECTA
1507 306 1572 363 IN
1612 307 1952 366 PSAMIOS.
1989 342 2051 353 —
2094 311 2289 371 PSAL.
2329 314 2563 371 LXXIV.

3363 326 3502 384 1554

220 424 349 489 ἕως,
388 443 405 477 ι
443 424 573 495 ὃλην
600 425 700 498 τὴν
721 425 957 497 ἡμέραν.
1005 446 1023 479 ι
1060 428 1174 482 Οὐκ
1204 426 1346 495 εἷπε,
1372 430 1472 503 τὴν
1498 430 1652 503 δίκην
1679 448 1798 501 μου,

1917 434 1983 485 ad
2032 432 2181 497 illud,
2220 452 2239 485 ι
2284 444 2395 490 tota
2450 437 2557 494 die.
2596 457 2615 490 ι
2653 436 2770 494 Non
2825 440 2983 508 dixit,
3041 455 3259 498 causam
3296 459 3494 513 meam,

220 519 359 575 ἀλλὰ
389 539 407 572 ι
434 520 534 592 τὴν
563 520 721 594 δίκην
762 536 877 579 σου.
928 543 946 575 ι
998 523 1139 593 Ἐγὼ
1175 526 1275 597 μὲν
1308 527 1439 598 γὰρ,
1482 527 1636 598 φησὶ,
1674 526 1812 581 ἐνδί-

221 631 334 678 κως
383 613 641 686 ὑπομένω
670 614 876 670 ταῦτα*
921 616 1119 671 ἐκεῖνοι
1154 617 1212 671 δέ
1260 618 1460 682 πολλάς
1504 619 1813 690 ἐτόλμησαν

221 705 365 759 κατὰ
403 704 497 758 σοῦ
553 704 922 779 βλασφημίας.
971 708 1067 772 Είς
1114 707 1216 779 τὴν
1263 709 1373 763 τῶν
1411 710 1811 781 ἁπατησάντων

221 799 311 853 τὸν
345 798 473 852 λαὸν
503 798 773 870 τιμωρίαν
801 800 1107 872 διανίστησι
1142 803 1235 856 τὸν
1274 802 1426 856 Θεόν.
1481 803 1553 855 Ἢ
1594 802 1689 856 καὶ
1726 800 1813 855 οὖ-

217 907 348 955 τωςο
394 889 682 962 Μνήσθητι
724 892 825 963 τῆς
887 893 1166 967 συνθήκης
1233 912 1326 949 σου
1364 894 1549 958 αὐτοῖς
1587 892 1678 948 διά
1713 893 1809 948 τοῦ

219 981 457 1054 Χριστοῦ
493 981 893 1055 δεδωρημένης.
932 986 995 1040 Ei
1026 986 1135 1058 γάρ
1163 986 1258 1041 καὶ
1289 985 1359 1041 τά
1387 987 1622 1059 μάλιστα
1648 986 1809 1057 γεγό-

217 1076 343 1130 νασί
372 1092 515 1141 τινες
536 1076 911 1149 ἐσκοτωμένοι
936 1078 1034 1151 τὴν
1057 1080 1316 1146 διάνοιαν,
1364 1082 1459 1136 καὶ
1498 1081 1663 1135 οῐκων
1686 1081 1810 1134 άνο-

223 1164 376 1237 μιῶν·
414 1165 834 1239 πεπληρωμένοι
880 1172 931 1224 οἱ
958 1171 1034 1243 μὴ
1073 1166 1498 1244 καταδεξάμενοι
1541 1172 1632 1226 τὸν
1671 1173 1807 1243 Χρι-

220 1257 343 1311 στόν
374 1275 489 1323 σου,
524 1258 660 1313 ἀλλὰ
695 1260 758 1314 σύ
793 1278 857 1331 γε
885 1262 962 1327 ὡς
1000 1263 1133 1327 Θεὸς
1162 1264 1270 1318 τῶν
1306 1264 1415 1317 σῶν
1458 1263 1691 1335 πτωχῶν
1732 1263 1808 1337 μὴ

218 1350 577 1425 ἀποστραφῇς
620 1353 719 1418 τὰς
755 1355 985 1419 ἱκεσίας.
1033 1355 1253 1428 Ἐπειδὴ
1297 1357 1399 1428 οὐχ
1433 1358 1594 1429 ἡμεῖς
1624 1356 1809 1429 ἠδική-

220 1442 380 1512 μεθα,
411 1445 548 1500 άλλά
573 1446 764 1518 σὺ,(σέ
804 1447 913 1519 γάρ
932 1447 1208 1505 ὠνείδισεν
1231 1451 1260 1503 6
1287 1448 1505 1523 ἐχθρὸς⁹
1549 1452 1647 1504 καὶ
1678 1448 1808 1513 λαὸς

215 1538 407 1611 ἄφρων
444 1539 733 1612 παρώξυνε
752 1558 765 1571 ·
792 1542 811 1613 )
840 1542 1032 1597 τούτου
1065 1544 1227 1616 χάριν
1271 1543 1569 1615 (ἀνάστηθι
1611 1543 1705 1598 καὶ
1728 1541 1805 1597 δί-

216 1646 385 1683 κασον
414 1630 515 1702 τὴν
535 1630 692 1701 δίκην
722 1648 838 1685 σου.
889 1653 909 1686 ι

292 1721 403 1776 Τοῦ
455 1723 663 1778 αὐτοῦ.
715 1724 831 1779 Νῦν
872 1725 1084 1798 ἄφρονα
1129 1725 1205 1798 (6)
1256 1725 1349 1781 τὸν
1393 1724 1639 1781 διάϐολον
1690 1724 1807 1778 όνο-

223 1814 403 1887 μάζει.

782 2004 1076 2061 ΨΑΛΜΟΣ
1112 2008 1230 2061 OA’.

286 2097 390 2162 Εὶς
427 2094 490 2149 τὸ
514 2095 709 2163 τέλος,
732 2096 819 2167 μὴ
840 2098 1206 2170 διαφθείρῃς,
1250 2097 1496 2170 ψωμός
1537 2096 1698 2167 ᾠδῆς
1721 2093 1803 2162 τῷ

225 2187 427 2257 Ἀσάφ,
457 2206 510 2242 κ.
536 2206 587 2242 τ.
621 2190 668 2244 ἐ.
696 2189 1013 2263 Γέγραπται
1040 2194 1097 2245 ἐν
1122 2194 1190 2264 τῇ
1222 2190 1412 2266 πρώτῃ
1447 2190 1524 2261 (7)
1549 2190 1658 2244 τῶν
1688 2190 1794 2244 Βα-

214 2280 447 2335 σιλειῶψ
478 2298 496 2331 ι
531 2281 642 2334 Καὶ
665 2275 785 2334 εἷπε
812 2280 974 2335 Δαυῖδ
1006 2282 1141 2353 πρὸς
1181 2281 1419 2337 Ἀϐεσαῖο
1447 2280 1540 2352 Μὴ
1559 2280 1801 2351 διαφθεί-

214 2391 315 2449 ρῃς
346 2373 530 2440 αὐτὸν,
571 2393 591 2427 s
624 2372 865 2445 δηλονότι
910 2374 1003 2429 τὸν
1030 2374 1221 2429 Σαούλο
1260 2374 1406 2447 άπερ
1440 2375 1544 2447 ὅρα
1583 2376 1632 2429 εί
1668 2375 1801 2448 χρή..

213 2469 350 2539 σιμά
378 2470 495 2522 ἐστι
526 2467 664 2539 πρὸς
689 2467 789 2539 τὴν
819 2469 1150 2542 ἐπιγραφήν.

295 2560 888 2631 Ἐξομολοτησόμεθά
921 2575 1041 2628 σοι,
1076 2565 1110 2618 ό
1144 2562 1310 2631 Θεὸς,
1356 2563 1799 2635 ἐξομολογησά-

206 2656 378 2722 μεθα,
403 2651 502 2705 καί
543 2651 1027 2723 ἐπικαλεσόμεθα
1069 2653 1135 2709 τὸ
1175 2654 1364 2725 ὄνομά
1398 2672 1537 2720 σου,
1570 2673 1625 2709 κ.
1659 2674 1710 2709 τ.
1748 2655 1795 2708 ἐ.

222 2740 287 2795 Ἥ
324 2744 380 2795 ἐν
404 2741 626 2814 Χριστῷ
656 2741 733 2814 (8)
789 2743 1087 2816 Ἐκκλησία
1110 2746 1237 2809 τοὺς
1266 2746 1361 2799 δύο
1389 2746 1605 2818 στίχους
1626 2745 1794 2816 λέγει.

281 2832 649 2905 Διηγήσομαι
708 2833 907 2889 πάντα
958 2836 1032 2892 τὰ
1078 2836 1383 2907 θαυμάσιοί
1437 2854 1576 2894 σου.
1622 2840 1799 2894 Ὅταν

205 2924 370 2980 ,λάϐω
410 2927 645 2995 καιρὸν,
668 2945 721 2981 κ.
752 2946 805 2982 τ.
849 2930 896 2983 6.
959 2929 1018 2983 ὐ
1066 2929 1365 3002 Σύμμαχος
1414 2930 1511 3002 (9)⁹
1562 2950 1581 2983 ι
1627 2932 1797 2986 Ὅταν

204 3017 358 3074 λάϐω
381 3018 481 3091 τὴν
510 3021 853 3093 συναγωγήν.
889 3039 908 3072 i
945 3021 1133 3086 Ὅταν,
1156 3023 1344 3094 φησὶν,
1380 3022 1789 3094 ἐπανέλθωμεν,

206 3111 304 3165 καὶ
328 3111 409 3175 είς
432 3111 525 3165 τὸν
557 3113 701 3184 ίερόν
740 3130 834 3167 σου
872 3113 1351 3186 ωναθροισθῶμεν
1379 3116 1529 3179 ναὸν,
1567 3116 1687 3170 τότε
1734 3133 1794 3169 σε

201 3205 451 3277 ἐννόμως
486 3206 824 3280 ὑμνήσομεν·
871 3209 966 3263 καὶ
1003 3209 1104 3273 τάς
1153 3212 1253 3274 σὰς
1299 3210 1624 3281 εὐεργεσίας
1668 3210 1796 3274 τοὺς

202 3299 533 3369 ἀγνοοῦντας
581 3300 866 3374 διδάξομεν
882 3320 900 3338 ·-
938 3303 1147 3367 ἐκεῖνος
1192 3302 1301 3376 γὰρ
1349 3304 1482 3375 ἡμῖν
1532 3306 1560 3357 6
1606 3306 1796 3380 καιρὸς

200 3392 362 3447 τοῦτο
393 3396 567 3451 ποιεῖν
598 3394 903 3466 ἐπιτρέψει.
927 3393 1114 3459 Οὕτως
1135 3394 1171 3449 ἃ
1194 3395 1362 3468 ἐχρῆν
1383 3397 1511 3460 τοὺς
1539 3396 1598 3451 ἐν
1622 3396 1799 3451 Βαϐυ·

200 3482 334 3539 λῶνι
356 3484 727 3557 δορυαλώτους
746 3485 987 3552 διδάξας,
1019 3486 1182 3541 ὑποδε
1191 3487 1369 3543 ίκνυσι
1389 3488 1489 3542 τὸν,
1506 3487 1639 3542 Θεὸν
1660 3489 1798 3561 πρὸς

199 3577 302 3640 τὰς
330 3578 705 3650 γεγενημένας
733 3579 1067 3649 ἐπαγγελίας
1106 3579 1550 3652 ἀποκρουόμενον
1588 3583 1683 3635 καὶ
1710 3580 1797 3635 λέ-

198 3687 398 3739 γοντα·
437 3688 459 3722 ι
509 3670 651 3740 Ἐγὼ
688 3670 990 3744 εὐθύτητας
1021 3671 1213 3745 κρινῶ.
1243 3692 1261 3724 ›
1289 3672 1437 3744 Ὅρα
1450 3672 1628 3727 τοίνυν
1646 3674 1693 3727 εί
1720 3672 1796 3747 μὴ

199 3762 287 3817 διὰ
308 3763 513 3819 τούτων
528 3766 555 3817 6
571 3764 763 3836 Σωτὴρ
776 3765 875 3830 τὰς
898 3764 1105 3829 οἰκείας
1127 3765 1407 3837 ἐνεργείας
1416 3764 1676 3831 διδάσκει,
1697 3766 1797 3839 τὴν

197 3857 292 3911 τοῦ
312 3857 523 3929 Πατρὸς
538 3857 749 3923 διεξιὼν
765 3858 1063 3929 θεολογίαν.
1078 3858 1218 3930 Φησὶ
1233 3855 1383 3927 γοῦν·
1409 3878 1426 3910 ι
1454 3860 1625 3931 Διηγή
1634 3877 1795 3932 σομαι

199 3950 269 4005 τά
314 3950 593 4022 θαυμάσια
628 3967 745 4017 σου,
782 3953 811 4006 6
848 3951 1003 4017 Θεὸς,
1042 3952 1175 4005 ὅταν
1206 3949 1361 4004 λάϐω
1405 3952 1505 4024 τὴν
1548 3969 1796 4022 συναγω-

200 4046 324 4115 γήν·
374 4064 392 4095 ι
445 4043 841 4113 ἐπαγγέλλεται
875 4044 1008 4118 γὰρ,
1052 4032 1248 4116 καιροῢ
1290 4045 1595 4118 ἐπιτηδείου
1638 4046 1795 4100 λαϐό-

203 4155 383 4210 μενος,
413 4137 593 4192 πάντα
636 4138 705 4192 τά
741 4138 994 4211 θαύματα
1021 4139 1116 4194 τοῦ
1163 4140 1377 4212 Πατρὸς
1404 4140 1790 4213 διηγήσασθαι.

199 4230 557 4302 Δικαιοσύνης
603 4231 660 4285 δὲ
708 4232 802 4288 καὶ
843 4232 1137 4304 εὐθύτητος
1178 4232 1336 4305 ἔργον
1383 4232 1444 4286 τὸ
1490 4239 1566 4305 μὴ
1600 4233 1794 4305 μόνους

212 4324 497 4390 Ἰουδαίους
539 4325 882 4397 προσίεσθαι,
915 4324 1031 4379 ἀλλ’
1074 4326 1133 4393 ἐξ
1175 4326 1428 4383 ἁπάντων
1469 4324 1639 4379 ἐθνῶν
1692 4327 1793 4398 τὴν

198 4417 428 4490 ἐκλογὴν
463 4418 735 4473 ποιεῖσθαι
762 4418 872 4472 τῶν
904 4418 1251 4489 σωζομένων.

282 4508 497 4579 Ἑτάκη
526 4511 566 4579 ἠ
601 4508 678 4581 γῆ
720 4508 820 4564 καί
850 4507 1074 4575 πάντες
1104 4512 1158 4563 οἱ
1203 4510 1625 4576 κατοικοῦντες
1681 4510 1791 4564 αὐ·-

1916 526 2013 581 scd
2043 543 2062 578 ι
2100 540 2319 582 causam
2356 538 2525 586 tuam.
2558 549 2579 582 ›
2616 532 2726 602 Ego
2751 532 2921 600 enim,
2972 534 3169 605 inquit,
3198 533 3348 603 juste
3379 537 3494 595 lucc

1913 616 2195 685 sustineo;
2224 618 2298 673 illi
2333 635 2462 676 vero
2489 623 2691 680 multas
2737 634 2927 680 contra
2982 636 3032 681 te
3057 628 3174 682 ausi
3215 639 3342 685 sunt
3369 645 3496 699 pro-

1913 705 2058 763 ferre
2084 708 2472 779 blaSpltemias.
2502 714 2582 768 Ad
2617 715 2947 785 supplicium
2973 733 3162 773 corum
3196 736 3288 791 qm
3321 735 3493 789 popu-

1913 799 2024 854 lum
2082 801 2436 872 deceperuut,
2501 805 2669 862 Deum
2721 812 2946 865 excitat.
3011 812 3105 867 Vel
3158 814 3323 867 etiam
3360 814 3490 869 sic:

1915 891 2123 949 Memor
2146 904 2264 951 esto
2314 899 2628 954 testamenti
2665 902 2740 956 tui
2779 903 2923 973 quod
2968 905 3049 958 eis
3080 920 3175 974 per
3213 906 3491 959 Christum

1912 985 2099 1040 datum
2132 997 2237 1042 est.
2272 986 2385 1045 Etsi
2416 989 2563 1045 enim
2609 994 2855 1049 nonnulli
2907 1005 3089 1051 mente
3124 1006 3249 1051 sunt
3306 998 3493 1051 admo-

1910 1074 2039 1129 dum
2096 1077 2407 1145 obscurati,
2480 1089 2535 1137 et
2580 1082 2832 1139 domibus
2904 1085 3249 1155 iniquitutmn
3305 1086 3491 1156 repleti

1911 1176 2062 1233 sunt,
2091 1169 2183 1240 qui
2212 1169 2493 1226 Christum
2542 1187 2649 1228 non
2710 1188 3064 1246 receperunt,
3115 1188 3490 1232 verumtamen

1912 1266 1967 1314 tu
1996 1267 2054 1313 ut
2083 1258 2224 1316 Deus
2248 1274 2551 1331 pauperum
2590 1272 2806 1318 tuorum
2858 1278 3046 1331 preces
3080 1282 3148 1319 ne
3198 1267 3491 1337 despicias.

1910 1350 2176 1419 Quoniam
2228 1367 2335 1407 non
2396 1368 2498 1408 nos
2545 1352 2742 1423 injuria
2777 1354 2961 1412 allecti
3010 1374 3231 1426 sumus,
3282 1362 3377 1415 sed
3435 1370 3492 1415 tu

1910 1444 2030 1515 (tibi
2063 1444 2207 1498 enim
2242 1443 2634 1515 improperavit
2668 1447 2947 1517 inimicus,
2982 1460 3039 1504 et
3065 1459 3116 1505 te
3147 1452 3379 1522 pupulus
3410 1453 3494 1506 in-

1906 1536 2112 1604 sipiens
2135 1536 2537 1608 exacerbavit),
2569 1549 2861 1610 propterea
2898 1559 2918 1594 ι
2960 1555 3199 1613 exsurge
3227 1553 3279 1599 et
3309 1543 3491 1614 judica

1907 1645 2127 1687 causam
2154 1641 2322 1686 tuam.
2358 1648 2378 1684 ι

1980 1720 2260 1792 Ejusdem.
2290 1722 2645 1795 lnsipientem
2697 1722 2803 1781 hoc
2846 1722 2971 1783 loco
2998 1724 3274 1782 diabolum
3307 1735 3487 1782 vocat.

2398 1994 2723 2053 PSALMUS
2759 1996 2997 2057 LXXlV.

1972 2091 2140 2148 Vens.
2177 2091 2227 2146 l.
2264 2088 2333 2145 In
2355 2090 2536 2160 ﬁnem,
2566 2107 2629 2146 ne
2661 2107 2990 2164 corrumpas,
3034 2096 3267 2163 psalmus
3298 2099 3489 2150 cantici

1901 2185 2101 2256 Asaph,
2154 2192 2264 2241 etc.
2297 2183 2573 2254 Scriptum
2630 2194 2715 2240 est
2755 2186 2808 2240 in
2860 2186 2996 2240 librn
3049 2187 3225 2258 primo
3274 2187 3493 2257 Regno-

1902 2296 2021 2336 rum
2049 2280 2096 2313 “
2127 2295 2143 2335 :
2178 2296 2198 2332 ι
2230 2278 2295 2334 Ει
2323 2278 2463 2335 dixit
2512 2277 2683 2334 David
2726 2281 2793 2335 ad
2840 2280 3050 2348 Abisai,
3087 2280 3165 2337 Ne
3205 2283 3488 2352 disperdas

1900 2374 2076 2440 illum,
2105 2392 2127 2429 ι
2165 2373 2420 2431 videlicet
2480 2372 2633 2431 Saul.
2692 2374 2824 2443 Quae
2850 2375 2973 2431 vide
3026 2390 3095 2430 an
3122 2374 3251 2431 buic
3293 2375 3491 2432 inscri-

1902 2468 2071 2537 ptioni
2108 2466 2259 2522 utilia
2286 2466 2421 2524 sint.

1977 2561 2137 2617 Vens.
2172 2560 2226 2614 2.
2254 2559 2637 2632 Conﬁtebimur
2663 2560 2780 2627 tibi,
2816 2559 2980 2629 Deus,
3021 2560 3408 2630 conﬁtebimur,
3437 2571 3487 2616 et

1899 2655 2257 2710 invocabimus
2296 2669 2483 2708 nomen
2514 2662 2687 2719 tuum,
2717 2662 2826 2709 etc.
2877 2651 2989 2709 Bos
3018 2655 3155 2708 duos
3186 2654 3489 2709 versiculos

1900 2747 2112 2820 profert
2134 2762 2257 2818 qua:
2292 2746 2347 2802 in
2377 2745 2597 2803 Christo
2621 2756 2703 2802 est
2732 2745 3000 2802 Ecclesia.

1973 2839 2137 2894 Vsus.
2164 2840 2217 2894 3.
2253 2835 2505 2893 Narrabo
2534 2837 2711 2891 omnia
2743 2835 3012 2890 mirabilia
3036 2847 3151 2891 tua.
3179 2836 3313 2892 Cum
3333 2854 3488 2893 acce-

1897 2947 2025 2999 pero
2085 2941 2310 3001 tempus,
2359 2939 2467 2986 etc.
2527 2928 2939 2999 Symmachus:
2974 2949 2993 2982 ι
3025 2930 3161 2986 Cum
3222 2945 3487 3002 accepero

1898 3022 2401 3094 congregationem.
2442 3040 2461 3073 ι
2490 3020 2648 3084 Cum,
2694 3020 2895 3090 inquit,
2932 3023 3133 3077 reversi
3200 3022 3484 3089 fuerimus,

1898 3122 1955 3171 et
1982 3116 2035 3170 in
2064 3123 2255 3171 sancto
2284 3114 2488 3184 templo
2519 3122 2613 3168 tuo
2658 3115 2975 3185 congregati
3020 3114 3307 3178 fuerimus.
3355 3124 3487 3168 tunc
3532 3106 3541 3113 ’

1900 3216 1953 3263 te
1988 3208 2231 3278 legitime
2254 3206 2675 3274 celebrabimus,
2728 3217 2783 3262 et
2825 3222 2921 3263 eos
2968 3206 3059 3276 qui
3096 3205 3357 3262 beneﬁcia
3396 3215 3485 3260 tua

1822 3282 1866 3341 (ἶ
1903 3300 2178 3372 ignorant,
2208 3299 2525 3356 docebimus
2559 3318 2573 3354 :
2612 3315 2736 3354 nam
2798 3299 2932 3355 illud
2969 3299 3151 3355 facere
3200 3298 3359 3355 nobis
3389 3313 3487 3369 per

1904 3404 2117 3465 tempus
2141 3393 2350 3449 licebit.
2380 3392 2473 3450 Sic
2497 3402 2789 3464 postquam
2822 3409 2916 3450 eos
2947 3394 3039 3464 qui
3096 3392 3152 3447 in
3187 3392 3484 3463 Babylonia

1901 3488 2098 3558 captivi
2155 3494 2331 3553 erant,
2382 3487 2568 3543 docuit
2616 3488 2779 3560 767
2825 3502 2945 3557 quae
2999 3485 3243 3541 docenda
3298 3493 3481 3552 erant,

1899 3580 2208 3635 subindicat
2243 3580 2409 3636 Deum
2443 3579 2617 3636 factas
2671 3580 3064 3651 promissiones
3104 3577 3483 3647 repelleulem,

1897 3680 1956 3727 et
1993 3671 2266 3727 dicentem
2297 3688 2310 3725 :
2345 3689 2371 3724 ι
2398 3670 2516 3742 Ego
2534 3670 2777 3741 iustitiae
2808 3656 3091 3739 iudicabo.
3134 3689 3153 3723 ι
3191 3667 3324 3724 Vide
3352 3682 3486 3738 ergo

1899 3782 2085 3823 annon
2121 3781 2219 3838 per
2244 3766 2360 3822 haec
2413 3764 2665 3821 Salvator
2693 3764 2942 3834 proprias
2991 3762 3339 3833 operationes
3388 3761 3485 3815 do-

1897 3870 2020 3917 ceat
2049 3861 2176 3914 dum
2205 3860 2272 3915 de
2295 3858 2459 3915 Patre
2487 3860 2605 3913 t'usc
2638 3856 2874 3912 disserit.
2906 3855 2997 3910 Ait
3048 3856 3213 3926 igitur
3245 3871 3261 3910 :
3297 3874 3316 3907 ι
3346 3854 3484 3910 Nar-

1898 3955 2031 4010 rabo
2061 3953 2333 4009 mirabilia
2379 3962 2493 4018 tua,
2532 3952 2697 4016 Deus,
2752 3966 2875 4007 cum
2930 3962 3198 4019 accepero
3250 3964 3485 4020 synago-

1896 4064 2042 4120 gam.
2082 4067 2102 4101 ι
2138 4045 2437 4102 Pollicetur
2484 4044 2629 4100 enim
2674 4058 2735 4100 se
2775 4044 2829 4099 in
2876 4052 3122 4113 tempore
3172 4051 3484 4111 Opportuuo

1895 4141 2077 4197 omnia
2126 4138 2311 4195 Patris
2337 4136 2603 4193 mirabilia
2633 4144 3005 4192 narraturum.
3048 4132 3282 4189 iustitia:
3330 4148 3485 4186 nam-

1896 4249 2002 4308 que
2049 4245 2107 4292 et
2145 4234 2485 4291 rectitudinis
2526 4248 2665 4303 opus
2709 4232 2979 4295 cst,’non
3038 4226 3252 4283 iud-tuos
3304 4226 3479 4281 solunt

1896 4327 2208 4395 admittere,
2244 4326 2342 4384 sed
2371 4327 2629 4383 omnibus
2676 4340 2744 4381 ex
2794 4322 3046 4395 gentibus
3091 4317 3478 4375 salvandorum

1894 4420 2214 4477 electionem
2247 4420 2459 4477 facere.

1972 4515 2132 4571 Vsus.
2167 4514 2224 4570 4.
2270 4512 2586 4586 Liquefacm
2627 4522 2703 4565 est
2745 4517 2888 4564 terra
2918 4515 2968 4561 et
3001 4522 3177 4562 omnes
3202 4506 3293 4576 qui
3324 4504 3480 4558 habi-

196 4604 331 4672 τὴν,
368 4622 423 4658 κ.
452 4621 503 4658 τ.
535 4602 582 4656 ἐ.
615 4602 723 4673 Γῆν
758 4600 907 4669 λέγει
937 4599 1048 4671 (10)
1080 4599 1180 4672 τὴν
1216 4599 1377 4670 φύσιν
1415 4599 1513 4671 τὴν
1544 4598 1788 4671 λογικὴν,

1919 4616 2012 4662 ant
2034 4609 2090 4661 in
2119 4623 2202 4672 ea,
2239 4616 2346 4662 etc.
2377 4605 2602 4660 Terram
2627 4602 2762 4658 dicit
2786 4609 3036 4655 naturam
3074 4597 3479 4663 rationabilem,

195 4699 316 4769 ἣτις
346 4696 517 4770 ἐτάκη
541 4696 649 4751 άπὸ
678 4693 848 4767 πυρὸς
878 4691 973 4747 τοῦ
1005 4691 1376 4764 πνευματικοῦ
1398 4690 1426 4745 ὃ
1446 4689 1578 4766 ἦλθε
1606 4691 1789 4764 βαλεῖν

1915 4716 2018 4771 tua:
2048 4697 2337 4770 liquefacta
2367 4706 2455 4752 est
2481 4697 2548 4751 ab
2580 4695 2704 4764 igne
2739 4692 2997 4764 spiritali,
3032 4707 3193 4763 quem
3226 4691 3481 4747 Salvator

194 4793 223 4844 ὁ
256 4791 448 4864 Σωτὴρ
476 4790 569 4844 ἐπὶ
597 4789 698 4861 τῆς
728 4787 854 4857 γῆς.
890 4784 1058 4856 Τῆξις
1081 4784 1137 4839 δέ
1160 4784 1276 4837 ἐστι
1302 4784 1579 4857 χωρισμὸς
1608 4784 1789 4856 ψυχῆς

1915 4793 2047 4849 renit
2102 4793 2321 4847 mittere
2383 4792 2434 4845 in
2483 4798 2709 4846 terram.
2770 4786 3114 4858 Liquel‘actio
3169 4794 3348 4864 autem
3394 4794 3480 4839 est

193 4882 304 4937 ἀπὸ
332 4882 565 4946 κακίας’
616 4880 729 4952 πῦρ
768 4878 826 4933 δέ
867 4880 983 4933 ἐστι
1029 4878 1218 4950 νοητὸν
1261 4875 1578 4932 διδασκαλία
1625 4894 1787 4931 πνευ-

1915 4885 2175 4956 separatio
2213 4884 2412 4940 anima:
2442 4899 2471 4938 a
2504 4882 2744 4948 malitia;
2792 4880 2934 4951 ignis
2967 4895 3099 4936 vero
3131 4878 3476 4935 intellectua-

195 4976 403 5048 ματικὴ
434 4973 529 5030 τοῦ
563 4974 852 5047 Σωτῆρος,
889 4970 1162 5045 φθαρτικὴ
1207 4968 1408 5034 κακίας
1460 4970 1556 5024 καὶ
1606 4969 1784 5039 άγνω-

1918 4979 1984 5045 is,
2020 4977 2324 5034 Salvatoris
2354 4978 2601 5032 doctrina
2624 4986 2709 5032 est
2748 4974 3035 5046 spiritalis,
3058 4988 3179 5044 quae
3206 4972 3472 5027 malitiam

193 5070 339 5135 σίας.
1892 5083 1946 5129 et
1974 5073 2243 5129 inscitiam
2271 5071 2555 5143 disperdit.

279 5162 421 5233 Ἐγὼ
467 5161 807 5232 ἐστερέωσα
850 5159 994 5229 τοὺς
1020 5161 1291 5229 στύλους
1316 5158 1525 5230 αὐτῆς,
1560 5178 1615 5215 κ.
1643 5177 1696 5214 τ.
1731 5161 1780 5221 ἐ.

198 5276 218 5311 s
250 5257 365 5319 Καὶ
390 5256 609 5326 γνόντες
641 5256 752 5330 (ll)
793 5256 892 5330 τὴν
937 5256 1117 5329 χάριν,
1149 5255 1313 5328 φησιν
1342 5257 1372 5309 6
1412 5255 1736 5321 Ἀπόστολος
1764 5297 1779 5323 ,

266 5421 313 5452 ⁸⁸
344 5419 358 5474 Ι
384 5418 516 5490 Reg.
547 5434 695 5483 sxw,
726 5419 780 5475 9.
853 5418 898 5451 ‘7
927 5417 1102 5476 Galat.
1140 5433 1198 5484 ιι,
1224 5417 1278 5472 9.

265 5558 342 5631 (6)
376 5558 505 5614 Νῦν
529 5560 784 5630 ἄφρονα.
820 5568 927 5631 εις.
954 5558 995 5614 Ε
1012 5558 1201 5631 codice
1221 5558 1559 5631 Coisliniano
1576 5559 1775 5631 primo.

270 5628 346 5701 (7)
382 5628 717 5702 Γέγραπται
745 5631 817 5685 ἐν
839 5628 913 5699 τῇ
940 5628 1163 5699 πρώτῃ,
1188 5642 1294 5687 etc.
1324 5629 1367 5685 E
1399 5629 1590 5686 codice
1614 5630 1773 5689 Cois—

194 5703 404 5756 ltiuinno
443 5704 707 5757 secundo.

268 5774 345 5839 (8)
388 5774 449 5826 Ἡ
480 5774 550 5826 ἐν
575 5771 830 5842 Χριστῷ,
868 5780 973 5828 etc.
1010 5771 1083 5825 Ex
1119 5772 1331 5827 eodem.

270 5843 347 5917 (9)
393 5844 446 5898 Ὀ
486 5845 805 5916 Σύμμαχος
841 5855 946 5901 etc.
978 5843 1053 5899 Ex
1079 5844 1289 5901 eodem.

1963 5164 2094 5221 leto.
2143 5162 2257 5236 Ego
2301 5163 2611 5233 conﬁrmavi
2661 5165 2934 5221 columnas
2984 5161 3119 5231 ejus,
3176 5171 3282 5216 ctc.
3357 5179 3376 5212 ι
3408 5162 3475 5216 Ει

1892 5271 2016 5313 cum
2066 5256 2474 5326 cognovissent,
2531 5256 2707 5329 inquit
2759 5253 3051 5326 Apostolus
3112 5252 3187 5319 ⁸⁷,
3238 5253 3470 5323 gratiam

1960 5563 2073 5647 (tu)
2106 5561 2239 5631 Γῆν
2260 5562 2447 5633 λέγει,
2486 5569 2594 5617 etc.
2616 5560 2692 5614 Es
2718 5517 2926 5615 eodem.
2941 5557 3130 5615 codice
3161 5566 3215 5613 et
3252 5555 3470 5613 schedis

1885 5632 2213 5778 ὃΐῗξῖίίίαι
2254 5708 2521 5779 γνόντες,
2558 5712 2661 5761 etc.
2691 5702 2733 5758 E
2761 5701 2948 5760 codice
2990 5701 3219 5759 Coislin.
3264 5701 3468 5772 primo,

1890 5786 1946 5839 et
1972 5780 2189 5835 schedia
2217 5778 2433 5837 Grabii.
