3800 6436
147 299 249 358 1537

976 292 1285 353 SELECTA
1325 291 1388 348 IN
1431 293 1770 353 PSALMOS.
1804 329 1872 340 --
1907 299 2103 358 PSAL.
2147 301 2379 362 LXXVI.

3161 313 3185 370 1
3197 316 3300 372 558

139 415 252 477 τῶν,
278 433 318 470 κ.
347 433 386 469 τ.
427 415 470 468 ὲ.
509 415 585 468 Δι’
621 413 648 467 ὃ
688 412 868 479 καλῶς
919 414 1029 486 (18)
1085 415 1377 488 παρεγγυᾷ
1411 417 1438 468 ὁ
1472 414 1625 484 σοφὸς

1750 415 2086 488 Quapmpter
2153 419 2378 490 pulchre
2451 421 2662 490 sapiens
2711 421 2966 480 Salomon
3032 423 3301 498 hortatur,

136 506 351 578 Σολομὼν,
378 505 495 577 (Μὴ
517 504 618 576 δῷς
643 505 828 572 ὕπνον,
857 506 1050 577 λέγων,
1090 511 1202 572 σοῖς
1232 509 1462 581 ὄμμασι,
1506 509 1626 580 μηδ’

79 667 82 670 λ
132 598 416 672 ὲπινυστάξῃς
438 601 547 662 σοῖς
582 597 898 670 βλεφάροις,
929 599 1016 653 ἵνα
1042 598 1189 673 σώζῃ
1216 600 1403 674 ὥσπερ
1429 600 1626 674 δορκάς

129 691 179 743 ἐκ
200 688 382 762 βρόχων,
409 691 496 744 καὶ
523 689 712 763 ὥσπερ
737 691 921 762 ὄρνεον
949 692 1014 745 ἐκ
1054 693 1293 760 παγίδος.
1322 713 1340 746 u

186 783 274 837 Τοῦ
297 784 470 838 αὐτοῦ.
501 783 691 848 Οῦτως
707 784 897 857 ἄνδρες
931 785 1160 840 πλούτου
1185 786 1316 859 (19),
1336 787 1411 851 ὡς
1438 787 1627 860 ἄνδρες

123 873 337 944 αἱμάτων
371 875 410 926 oi
451 874 559 944 γὰρ
610 873 825 946 ἔχοντες
865 875 936 929 τὰ
982 876 1128 949 πάθη
1182 877 1392 949 ἄνδρες,
1423 877 1625 932 τούτων

119 964 207 1019 τῶν
231 964 384 1020 παθῶν
413 965 780 1037 ὀνομάζονται.

185 1055 506 1119 Ἐνύσταξαν
536 1059 588 1110 oi
633 1055 1050 1126 ἐπιϐεϐηκότες
1089 1057 1230 1124 τοὺς
1266 1058 1521 1125 ἵππους,
1565 1078 1618 1114 κ.

113 1167 152 1204 τ.
186 1151 223 1202 ὲ.
263 1150 312 1202 Ol
348 1149 581 1220 δαίμονες
643 1146 753 1220 (20)
816 1149 1231 1215 ὲπικαθέζονται
1281 1151 1468 1216 ἵπποις
1529 1152 1624 1206 καὶ

111 1240 333 1312 ἡμιόνοις,
357 1234 427 1304 οἷς
446 1239 545 1293 οὐκ
570 1238 685 1292 ἐστι
729 1240 963 1305 σύνεσις,
1005 1240 1404 1310 ἀναγκάζοντες
1428 1242 1623 1308 αὐτοὺς

109 1332 165 1384 τὰ
190 1331 278 1384 τῶν
308 1330 491 1399 ἀλόγων
527 1329 678 1394 ζώων
706 1334 969 1404 ἐνεργεῖν.
995 1331 1180 1387 Ἴπποι
1213 1332 1267 1386 δὲ
1293 1334 1387 1388 καὶ
1410 1333 1623 1405 ἡμίονοι

106 1423 339 1492 ἄνθρωποί
360 1425 486 1476 εἰσιν
522 1423 809 1494 ἐμπαθεῖς,
839 1427 924 1494 ἐφ’
953 1424 989 1479 ἃ
1030 1426 1104 1497 μὴ
1143 1425 1242 1489 δεῖ,
1285 1425 1496 1494 ἀλόγως
1529 1443 1625 1496 φε-

105 1517 322 1588 ρόμενοι,
351 1515 433 1570 καὶ
481 1517 897 1588 χρεμετίζοντες
948 1520 1041 1573 ἐπὶ
1089 1521 1208 1583 ταῖς
1254 1519 1470 1588 γυναιξὶ
1515 1519 1622 1575 τῶν

103 1605 313 1677 πλησίον.

159 1697 357 1765 Πάντες
388 1703 436 1754 oi
474 1702 678 1769 κύκλῳ
710 1702 894 1756 αὑτοῦ
937 1702 1176 1756 οἴσουσι
1214 1701 1370 1770 δῶρα
1412 1699 1492 1767 τῷ
1520 1719 1625 1771 ερο-
1675 1766 1690 1774 _

1735 511 1922 566 dicens
1944 509 1989 544 ”
2017 531 2030 566 :
2063 529 2082 563 ι
2113 511 2190 567 Ne
2231 513 2444 569 dederis
2473 529 2719 569 somnum
2761 515 2932 571 ocuulis
2972 519 3078 573 tuis
3111 527 3164 573 ct
3192 522 3294 591 pal-

1735 603 1916 671 pebris
1936 603 2040 659 luis
2063 605 2532 673 dormitationem,
2559 622 2616 664 ut
2647 610 2872 668 salveris
2900 615 3054 684 quasi
3088 617 3302 672 dau'tula

1733 693 1798 750 de
1823 694 2031 765 laqueis
2055 706 2108 752 et
2135 699 2289 767 quuasi
2337 701 2457 755 avis
2481 717 2544 755 ex
2573 703 2839 774 ulecipulo.
2879 723 2899 757 ι

1803 784 2079 856 Ejusdem.
2122 787 2198 842 Ita
2231 788 2335 843 viri
2371 789 2726 862 divitiarum,
2776 794 2917 850 sicut
2947 797 3048 852 viri
3084 800 3302 868 sangui-

1731 890 1858 929 num
1894 894 1909 930 :
1949 893 2070 932 nam
2099 878 2191 948 qui
2230 880 2430 938 habent
2477 883 2704 942 allectus
2729 926 2744 954 ,
2804 888 2910 944 viri
2944 889 3136 946 horum
3173 893 3301 947 all'e-

1729 976 1910 1024 ctutum
1943 970 2308 1026 nominantur.

1801 1057 1966 1115 Vens.
1994 1061 2046 1114 7.
2075 1060 2499 1118 Dormitaveruut
2524 1067 2612 1134 qui
2632 1070 2972 1126 ascenderunt
2990 1091 3166 1145 equos,
3192 1085 3298 1133 etc.

1731 1151 2013 1208 Dmmones
2044 1155 2280 1209 insident
2311 1159 2466 1226 equuis
2511 1169 2566 1213 et
2612 1162 2771 1216 mulis
2798 1204 2810 1226 ,
2861 1167 3055 1233 quibus
3089 1177 3303 1224 nonest

1731 1242 2054 1309 intellectus,
2079 1244 2201 1299 duuuu
2233 1246 2375 1314 ipsos
2414 1258 2612 1318 cogunt
2641 1251 2812 1306 instar
2844 1255 3298 1312 irrationabilium

1730 1336 2042 1391 animalium
2073 1339 2310 1407 Operari.
2373 1341 2506 1410 Equi
2553 1355 2732 1398 auteun
2779 1354 2832 1398 et
2875 1348 3001 1401 unuuli
3052 1349 3300 1406 homines

1729 1438 1855 1483 sunt
1882 1431 2078 1500 quibus
2113 1431 2298 1486 insunt
2322 1431 2571 1501 affectus,
2610 1438 2815 1508 quique
2850 1440 2916 1493 ad
2955 1456 3014 1494 ea
3044 1459 3158 1510 quite
3193 1458 3296 1498 non

1727 1530 1965 1589 oportet,
2009 1522 2454 1582 irrationabiliter
2503 1528 2775 1597 feruntur,
2823 1542 2879 1586 et
2933 1533 3179 1588 hinniunt
3229 1537 3296 1591 ad

1730 1631 1928 1672 uxores
1960 1619 2192 1687 proximi
2227 1624 2333 1677 sui.

1798 1715 1961 1771 Vens.
2003 1713 2088 1781 12,
2125 1717 2214 1770 15.
2279 1715 2472 1772 Omnes
2529 1717 2581 1771 in
2631 1717 2851 1770 circuitu
2903 1718 3017 1787 ejus
3069 1719 3293 1788 afferent

98 1791 252 1858 εερῷ,
305 1792 392 1845 καὶ
445 1794 858 1865 ἀφαιρουμένῳ
916 1796 1223 1864 πνεύματα
1276 1795 1623 1865 ἀρχόντων,

1750 1822 1944 1860 numera
1973 1806 2214 1873 terribili,
2236 1817 2285 1860 et
2317 1808 2364 1862 ei
2386 1808 2665 1878 quiaufert
2699 1785 2940 1874 spiritum
2969 1785 3292 1876 principum,

93 1882 291 1951 φοϐερῷ
337 1884 484 1952 παρὰ
521 1886 642 1952 τοῖς
675 1884 1008 1950 ,ϐασιλεῦσι
1049 1887 1159 1956 τῆς
1204 1886 1344 1958 γῆς,
1380 1906 1435 1942 κ.
1483 1905 1534 1941 τ.
1576 1888 1623 1942 ὲ.

102 1973 402 2046 Ἀφαιρεῖται
431 1977 716 2049 πνεύματα
747 1978 856 2050 (21)
889 1980 1163 2051 ἀρχόντων
1192 1981 1220 2033 ὁ
1252 1979 1481 2050 φοϐερὸς
1517 1979 1626 2034 τῶν

90 2066 325 2137 βασιλέων
354 2071 441 2142 τῆς
467 2073 595 2144 γῆς.
630 2073 854 2145 Πνεῦμα
884 2075 939 2128 δὲ
972 2074 1245 2146 ἀρχόντων
1279 2074 1424 2127 ἐστὶν
1440 2076 1498 2127 ὲν
1513 2075 1626 2139 τοῖς

85 2162 374 2234 ἀρχομένοις
404 2166 504 2219 ὑπὸ
540 2167 648 2221 τῶν
703 2168 976 2240 ἀρχόντων
1027 2167 1123 2221 τοῦ
1168 2167 1360 2232 αἰῶνος
1409 2165 1620 2221 τούτου.

84 2256 283 2328 Πνεῦμα
305 2258 355 2311 δὲ
380 2258 468 2311 τοῦ
500 2259 757 2332 ἄρχοντος
790 2261 883 2314 τοῦ
925 2261 1116 2324 αίῶνος
1141 2259 1329 2314 τούτου
1357 2255 1424 2331 ἦν
1453 2260 1544 2314 καὶ
1568 2262 1627 2314 ὲν

91 2349 243 2422 Ἰούδᾳ
272 2352 345 2423 τῷ
369 2354 663 2425 προδιδόντι
695 2354 786 2408 τὸν
826 2354 1049 2425 Ἰησοῦν.
1085 2353 1315 2426 Φοὸερὸς
1341 2352 1397 2406 δὲ
1423 2352 1630 2416 τούτοις

77 2443 179 2503 τοῖς
219 2441 472 2512 πνεύμασι
503 2445 793 2516 γενόμενος
821 2447 848 2498 ὁ
873 2445 1082 2517 Σωτὴρ,
1115 2447 1338 2518 ἀφαιρεῖ
1354 2443 1489 2497 αὐτὰ
1520 2443 1627 2498 ἀπὸ

78 2532 417 2603 ἐνεργούντων
524 2535 683 2600 αὐτὸς
711 2533 818 2590 οἶδε
851 2536 1047 2608 καιρῷ,
1083 2536 1170 2590 ἴνα
1194 2537 1625 2608 μετανοήσωσιν.

74 2621 218 2674 Οὕτω
243 2623 296 2675 δὲ
328 2623 417 2676 καὶ
456 2625 685 2696 φοϐερός
723 2627 838 2678 ἐστι
868 2625 1019 2696 παρά
1052 2627 1162 2688 τοῖς
1194 2623 1469 2694 βασιλεῦσι
1528 2622 1626 2692 τῆς

67 2709 181 2779 γῆς,
216 2714 337 2784 περὶ
368 2706 438 2768 ὧν
463 2715 675 2786 εῐρηται
699 2727 712 2741 ⁸
749 2732 766 2767 u
803 2713 1157 2786 Παρέστησαν
1189 2700 1237 2766 οἱ
1263 2711 1499 2774 ϐασιλεῖς
1524 2710 1624 2780 τῆς

63 2817 180 2873 γης.
221 2823 240 2856 ›

605 2988 898 3044 ΨΑΛΜΟΣ
937 2988 1069 3049 OC’.

119 3074 292 3143 Φωνῇ
309 3093 426 3144 μου
460 3076 611 3143 πρὸς
632 3078 851 3147 Κύριον
876 3073 1168 3144 ἐκέκραξα
1191 3115 1206 3140 ,
1251 3071 1350 3127 καὶ
1381 3071 1419 3141 ἡ
1451 3069 1618 3141 φωνή

44 3184 160 3234 μου
190 3168 336 3235 πρὸς
363 3170 474 3225 ,τὸν
512 3169 677 3236 Θεὸν,
728 3170 827 3224 καὶ
866 3169 1170 3238 προσέσχε
1199 3184 1335 3238 μοι,
1375 3183 1428 3219 κ.
1466 3181 1515 3218 τ.
1571 3164 1616 3218 ὲ.

49 3259 176 3311 Ὅτε
213 3261 360 3313 πᾶσα
403 3260 552 3331 φωνὴ
598 3261 708 3332 (22)
741 3261 896 3332 ἡμῶν
947 3261 1085 3314 κατὰ
1133 3259 1264 3313 Θεόν
1315 3261 1465 3320 ἐστι,
1497 3257 1620 3310 τότε

40 3351 181 3405 ἐπὰν
223 3351 446 3423 γένηται
485 3353 620 3424 πρὸς
658 3353 818 3406 αὑτὸν
855 3355 888 3424 ἡ
924 3353 1074 3422 φωνὴ
1124 3351 1280 3423 ἡμῶν
1305 3391 1320 3418 ,
1364 3349 1621 3422 προσέχει

37 3442 172 3512 ἡμῖν
204 3441 467 3512 ἀμίαντον
490 3443 672 3513 ἔχουσι
698 3442 794 3514 τὴν
822 3445 1024 3515 φωνήν.

116 3536 219 3587 Ἐν
239 3534 430 3604 ἡμέρᾳ
464 3535 722 3604 θλίψεως
749 3553 868 3606 μου
920 3536 1026 3589 τὸν
1081 3535 1232 3590 Θεὸν
1269 3532 1618 3602 ἐξεζήτησαν

37 3643 79 3680 ut.
116 3643 176 3681 τ.
204 3628 251 3680 ι.
284 3627 385 3680 Διά
405 3628 504 3696 τῆς
536 3628 846 3699 πρακτικῆς
874 3628 984 3700 (25)
1023 3631 1080 3682 ὲν
1105 3626 1184 3698 τῷ
1220 3627 1314 3681 νῦν
1345 3625 1502 3681 αἰῶνι
1531 3625 1620 3680 τὸν
1661 3693 1680 3706 ο

37 3718 168 3771 Θεὸν
201 3718 440 3790 ὲκζητοῦ
450 3737 568 3790 μεν.

96 3808 222 3863 Τοῦ
251 3809 468 3864 αὐτοῦ.
509 3809 687 3879 Ἀγίου
716 3809 776 3864 τὸ
800 3809 912 3882 (24)
953 3811 1012 3864 ὲν
1044 3809 1394 3882 περιστάσεσι
1423 3807 1496 3881 μὴ
1531 3807 1621 3861 Θο-

37 3901 278 3968 .οὖσθαι,
305 3902 424 3956 ἀλλ’
457 3902 704 3973 ὲκζητεῖν
742 3902 833 3956 τὸν
873 3903 1025 3957 Θεόν.

101 3995 496 4064 Ἂπηνήνατο
555 3995 1012 4065 παρακληθῆναι
1068 3996 1108 4064 ἡ
1169 3992 1338 4063 ψυχή
1368 4011 1486 4063 μου
1509 4011 1521 4024 ·
1565 3993 1624 4045 ἐ-

37 4087 316 4156 ινήσθην
348 4088 459 4141 τοῦ
491 4088 660 4150 Θεοῦ,
694 4105 749 4142 κ.
789 4104 836 4140 τ.
867 4088 914 4142 ὲ.
947 4086 1011 4138 Ἠ
1036 4085 1168 4157 μηδὲ
1187 4083 1285 4156 τὴν
1313 4082 1484 4155 ἀρχὴν
1510 4083 1620 4155 (25)

39 4184 354 4255 υπουμένη
387 4183 534 4255 ψυχὴ
563 4183 655 4235 ἐπὶ.
687 4184 799 4245 τοῖς
825 4182 1169 4252 πειρασμοῖς,
1197 4178 1273 4244 ὡς
1303 4178 1378 4251 μὴ
1393 4178 1621 4249 δεομένη

37 4276 463 4348 ῖαρακλήσεως,
494 4274 844 4328 ἀπαναίνεται
879 4272 1314 4347 παρακληθῆναι.

1725 1901 1948 1954 terribili
2009 1901 2150 1969 apud
2206 1918 2349 1971 reges
2407 1911 2584 1966 terrtc,
2633 1911 2740 1956 etc.
2794 1900 2986 1953 Aufert
3045 1902 3292 1971 spirituum

1723 1994 2029 2064 principum
2069 1995 2326 2050 terribilis
2357 2010 2542 2064 regum
2579 2003 2758 2051 terrai.
2808 1996 3043 2066 Spiritus
3087 1995 3291 2062 princi-

1724 2100 1848 2155 puun
1885 2095 1968 2141 cst
2013 2086 2065 2140 in
2111 2085 2176 2140 iis
2218 2086 2306 2155 qui
2363 2085 2727 2155 subjiciuntur
2775 2085 3109 2156 principibus
3140 2083 3294 2151 hujus

1721 2177 1928 2234 surculi.
1955 2176 2195 2248 Spiritus
2228 2177 2495 2247 principis
2540 2177 2724 2232 smculi
2775 2177 2936 2245 hujus
2981 2185 3096 2232 erat
3130 2175 3292 2230 etianu

1724 2270 1776 2324 in
1802 2269 1939 2324 Juda
1972 2270 2061 2339 quui
2091 2269 2271 2325 Jesutn
2303 2269 2558 2338 prodidit.
2613 2268 2895 2324 Terribilis
2929 2277 3109 2322 autem
3146 2266 3296 2320 luisce

1721 2361 2006 2429 spiritibus
2039 2361 2216 2415 factus
2246 2360 2499 2414 Salvator
2530 2373 2626 2413 eos
2660 2368 2899 2429 teunpore
2941 2356 3043 2412 sibi
3075 2363 3202 2410 nolo
3227 2354 3297 2410 ab

1720 2453 2070 2523 operantibus
2098 2450 2295 2516 aufert,
2323 2457 2377 2503 ut
2399 2452 2771 2521 paenitentiam
2802 2458 2984 2520 agant.
3012 2449 3102 2503 Sic
3131 2447 3295 2502 etiam

1731 2544 1988 2600 terribilis
2019 2553 2102 2600 est
2127 2548 2266 2614 apud
2307 2559 2464 2614 reges
2511 2553 2690 2611 terra},
2743 2543 2808 2600 de
2851 2541 3046 2614 quibus
3094 2542 3296 2597 dictum

1727 2647 1814 2694 est
1844 2637 1892 2670 '°
1931 2655 1947 2693 :
1976 2654 1997 2690 ι
2020 2639 2328 2694 Astiterunt
2360 2650 2515 2706 reges
2545 2645 2721 2692 terrae.
2751 2654 2772 2689 ι

2115 2973 2280 3045 769
2307 2959 2628 3028 PSALMUS
2677 2971 2910 3028 Lxxw.

1798 3070 1958 3124 Vsus.
2009 3067 2058 3124 l.
2125 3065 2262 3121 Vare
2294 3081 2406 3120 nuea
2437 3068 2506 3118 ad
2532 3066 2816 3120 Dominum
2853 3067 3093 3133 clamavi,
3116 3079 3164 3122 et
3201 3084 3298 3127 vos

1723 3177 1841 3216 mea
1879 3159 1947 3213 ad
1986 3157 2172 3215 Deum.
2202 3166 2250 3210 et
2279 3156 2505 3210 intendit
2532 3158 2685 3220 milii,
2743 3167 2846 3213 etc.
2901 3157 3126 3225 Quando
3183 3171 3296 3217 tota

1721 3262 1908 3312 nostra
1943 3251 2056 3307 vox
2079 3253 2144 3305 ad
2171 3251 2333 3305 Deum
2365 3262 2468 3311 est.
2499 3261 2650 3319 tunc,
2685 3269 2807 3307 cuum
2841 3257 2906 3306 ad
2938 3254 3103 3308 Deum
3135 3257 3294 3297 tvm-it

1723 3361 1826 3399 vox
1858 3355 2038 3398 nostra
2065 3385 2079 3409 ,
2116 3344 2345 3397 intendit
2378 3344 2535 3399 nobis
2569 3344 2942 3398 intemeratum
2982 3361 3163 3400 voeeun
3197 3347 3298 3401 lua-

1721 3438 1997 3492 bentihus.

1793 3530 1957 3584 Vens.
2008 3532 2062 3585 ’5.
2126 3529 2190 3583 1η
2229 3530 2316 3582 die
2347 3527 2707 3581 tribulationis
2745 3544 2872 3582 metu
2917 3529 3080 3582 Deum
3118 3533 3300 3597 exqui-

1721 3625 1977 3689 sivi,euc.
2038 3621 2307 3691 Operibus
2364 3622 2568 3675 nostris
2628 3624 2790 3676 Deum
2845 3623 2895 3674 in
2952 3623 3054 3677 luoc
3099 3624 3300 3678 saeculo

1721 3717 2077 3787 exquirimus.

1795 3810 2071 3877 Ejusdem.
2109 3805 2163 3860 ln
2212 3806 2455 3860 adversis
2512 3820 2618 3860 non
2685 3806 2930 3872 turbari,
2985 3809 3077 3861 sed
3129 3808 3296 3862 Deum

1722 3903 2033 3970 exquirere,
2059 3901 2233 3954 sauueti
2274 3909 2378 3954 est.

1795 3995 1957 4050 Vnus.
1979 3994 2031 4059 5,
2053 3995 2106 4047 4.
2145 3995 2332 4048 [lenuit
2353 3994 2615 4050 consolari
2637 4009 2814 4047 anima
2841 4009 2975 4046 mea.
3002 3993 3204 4048 Memor
3221 3994 3300 4064 fui

1725 4089 1841 4155 Dei,
1871 4097 1980 4145 etc.
2011 4089 2203 4142 Anima
2234 4102 2354 4156 qua:
2378 4086 2522 4141 nuulla
2555 4089 2606 4141 itu
2646 4087 3037 4141 teutationihuus
3071 4087 3296 4143 trisuitia

1725 4180 1977 4246 adicitur,
2010 4179 2192 4236 renuuit
2226 4178 2521 4245 consolari,
2554 4178 2755 4248 quippe
2781 4193 2904 4248 quae
2930 4178 3300 4234 consolatione

1727 4287 1830 4326 non
1861 4272 2119 4342 indigeat.

75 4339 212 4426 ἀοῦ
251 4339 477 4424 αὐτοῦ.
504 4369 668 4423 Οὐδὲν
700 4367 842 4422 οὕτω
875 4339 986 4439 (26)
1019 4339 1328 4439 παρακαλεῖ
1347 4363 1523 4436 ψυχὴν
1545 4364 1620 4430 ὡς

1800 4339 2078 4435 Ejusdem.
2111 4361 2254 4418 Nihil
2278 4377 2433 4433 atque
2469 4361 2704 4416 auuimaun
2749 4357 3062 4414 consolatur
3100 4373 3164 4414 ac
3190 4373 3301 4414 me-

41 4465 114 4535 νή
127 4481 211 4534 μη
247 4462 422 4517 Θεοῦ.

61 4554 638 4624 Προκατελάϐοντο
686 4551 964 4624 φυλακὰς
1006 4552 1060 4605 οι
1116 4548 1415 4619 ὀφθαλμοί
1451 4564 1571 4617 μου
1602 4585 1618 4612 ,

37 4691 40 4698 .
78 4667 140 4703 τ.
187 4650 240 4702 ἐ.
281 4647 472 4702 Τοῦτο
493 4645 779 4718 γνώρισμά
797 4644 906 4716 (27)
926 4645 1042 4696 ἐστι
1067 4639 1268 4712 πολλῆς
1295 4637 1620 4710 ἀγρυπνίας.

78 4740 521 4810 Ἐταράχθην,
555 4740 652 4792 καὶ
691 4739 801 4793 οὐκ
837 4737 1144 4804 ἐλάλησα,
1180 4751 1234 4788 κ.
1271 4750 1318 4787 τ.
1356 4733 1402 4786 ἑ.
1449 4731 1506 4786 '0
1537 4748 1624 4784 κι-

37 4835 200 4902 ῖθεὶς
249 4834 364 4906 μὲν
398 4833 516 4904 (28)
570 4832 675 4886 ὑπὸ
697 4830 886 4904 ὀργῆς,
915 4830 950 4901 ἢ
983 4827 1178 4900 λύπης,
1210 4825 1374 4898 ἥτῶν
1402 4824 1625 4889 λοιπῶν,

37 4927 558 4998 ’κρατευσάμενος
583 4925 640 4980 δὲ
663 4924 829 4997 μηδὲν
856 4922 964 4977 ἀπὸ
990 4921 1182 4994 ὀργῆς,
1203 4921 1237 4994 ἢ
1260 4919 1456 4992 λύπης,
1487 4920 1519 4990 ἡ
1543 4937 1627 4974 τι-

37 5037 67 5082 ς
111 5016 246 5070 τῶν
276 5017 510 5084 παθῶν,
543 5016 821 5072 εἴποιᾶνί
846 5013 1195 5088 Ἑταράχθην,
1220 5011 1315 5066 καὶ
1359 5011 1460 5065 οὐκ
1501 5009 1626 5064 ἐλά-

45 5129 156 5165 σα..
211 5131 234 5162 ι

38 5231 95 5262 ⁸³
125 5229 330 5286 Prov.
360 5243 451 5293 Vt,
485 5226 598 5294 4,5.
671 5225 718 5257 ⁵ο
766 5223 912 5280 Psal.
941 5238 999 5291 tu,
1037 5221 1092 5276 2.

37 5348 90 5418 (1
107 5347 180 5416 8)
222 5348 324 5401 Δι’
365 5345 402 5400 ὃ
430 5343 655 5418 mag.
681 5352 786 5398 etc.
803 5341 982 5418 Codex
1003 5337 1365 5418 Coislinjauus
1385 5337 1616 5408 primus.

37 5407 185 5492 (19)
225 5418 475 5492 Οὕτως
498 5407 714 5482 ἄνδρες
746 5412 1034 5492 πλούξοι),
1061 5419 1166 5492 etc:
1199 5407 1369 5492 idem.

37 5478 177 5565 (20)
235 5493 317 5543 Ol
359 5478 703 5557 δαίμονές(
731 5494 836 5538 etc.
885 5482 1067 5538 Codex
1117 5478 1486 5536 Coislinianus
1531 5491 1620 5532 se-

37 5569 625 5700 ἓιῚεοἈςσαιρεῖται
658 5623 1122 5700 πνερματαιηειο.
1143 5620 1323 5700 idem.

210 5689 388 5757 "03:3
420 5689 594 5757 ἕιᾶσα
618 5689 820 5767 φωνή,⁷
838 5705 942 5750 etc.
975 5691 1016 5746 E
1056 5691 1242 5748 codice
1283 5689 1618 5746 Coisliniano

38 5769 270 5832 'uuu'do.

1727 4459 1899 4512 moria
1926 4456 2042 4512 Dei.

1799 4547 1961 4603 Vetus.
1999 4549 2054 4604 5.
2104 4548 2534 4618 Anticipaverunt
2571 4542 2780 4612 vigilias
2827 4540 2966 4596 oculi
3013 4541 3135 4604 mei,
3191 4546 3297 4597 etc.

1729 4641 1910 4697 Multa:
1944 4640 2374 4712 pervigilationis
2393 4635 2534 4693 istud
2571 4635 2826 4690 indicium
2867 4643 2970 4688 est.

1801 4733 1936 4790 IBID.
1999 4731 2265 4786 Turbatus
2309 4745 2446 4796 sum,
2487 4736 2535 4782 et
2575 4743 2678 4783 non
2728 4743 2844 4780 sum
2896 4725 3126 4797 lacuum,
3192 4733 3298 4779 etc.

1726 4826 1829 4895 Qui
1863 4826 1933 4881 ab
1959 4825 2037 4878 ira
2074 4823 2291 4893 quuidem
2334 4829 2427 4876 aut
2455 4819 2676 4875 tristitia
2709 4828 2802 4872 aut
2838 4817 3060 4884 reliquis
3095 4815 3304 4870 allecti-

1727 4917 1828 4973 bus
1875 4925 2147 4981 movetur,
2181 4929 2288 4970 non
2341 4911 2578 4968 abstinet
2624 4924 2756 4965 vero
2811 4923 2870 4964 se
2919 4908 2987 4962 ab
3045 4909 3148 4970 ira,
3205 4915 3301 4959 aut

1730 5008 1970 5075 tristitia,
2020 5016 2116 5063 aut
2155 5005 2262 5060 alio
2313 5004 2556 5076 quolibet
2588 5001 2808 5068 ati'ectu,
2862 5001 3044 5056 dicere
3089 4998 3296 5069 possit:

1743 5123 1761 5158 u
1791 5103 2063 5159 Turbatus
2091 5115 2236 5166 sum,
2266 5108 2321 5155 et
2349 5114 2454 5156 non
2484 5112 2602 5152 sum
2633 5095 2864 5151 locutus.
2892 5112 2911 5146 ο

1799 5330 1910 5403 (25)
1941 5327 2045 5382 Διά
2064 5325 2173 5395 τῆς
2208 5319 2574 5392 πρακτικῆς,
2612 5329 2719 5376 etc.
2755 5316 2799 5374 Ε
2837 5310 3167 5370 Coisliutiano
3187 5309 3301 5381 pri-

1729 5419 1916 5543 ηκξὲι)
1958 5468 2156 5543 ΪΑγίοο
2177 5468 2280 5543 τό,
2313 5475 2419 5543 etc.
2453 5451 3140 5543 EiCoislinia‘nosecundo.

1823 5527 1915 5609 25)
1957 5541 2018 5594 Ἠ
2031 5527 2194 5609 ’μηδὲ
2226 5536 2339 5604 τὴν
2366 5527 2719 5609 ἀρχή-νεκρῷ.
2746 5527 2822 5609 Ex
2846 5527 3056 5606 eodem.

1823 5599 2121 5672 265006}?
2157 5599 2329 5672 οὕτω,
2359 5599 2530 5658 είςξΕ
2559 5599 2890 5672 Coisliniano
2923 5599 3118 5664 primo.

1820 5668 1911 5753 27)
1939 5680 2116 5735 Τοῦτο
2144 5668 2465 5753 γνῴρίσμα,
2502 5669 2718 5753 etc.nl‘I§
2742 5668 2954 5753 eodem.

1822 5732 1912 5825 23.8}
1941 5732 2003 5807 ῖό
2021 5732 2281 5820 καλήθεὶξ
2308 5732 2574 5816 ginem.
2602 5741 2644 5797 E
2672 5738 3003 5797 Coisliuiano
3037 5732 3296 5793 secundo.

1896 5470 1916 5685 ξ

1799 5546 1820 5828 ἒ
