3914 6374
615 213 747 271 I515
1953 199 2044 255 EX
2075 198 2180 256 ORI

2293 195 2380 254 ΝΕ
3627 195 3706 252 ISI-I

684 331 844 386 Vens.
880 329 972 386 57.
1009 326 1261 383 Conversi
1299 335 1422 381 sunt
1478 326 1533 379 in
1591 339 1776 379 arcum
1805 338 2048 394 pravum,
2081 331 2180 375 etc.

2364 310 2882 382 Μετεστρὰφησαν
2935 309 3023 374 εὶς
3073 306 3257 370 τόξον
3295 304 3552 374 στρεϐλόν,
3571 323 3659 363 1.2.
3685 314 3712 366 t.

605 431 780 484 Arcus
836 440 1036 496 pravus
1087 424 1268 476 :mima
1315 435 1594 490 perversa,
1641 419 1851 488 sagitta:
1891 431 2020 471 vero
2069 415 2180 486 ejus

2291 410 2455 475 Τόξον
2486 405 2741 479 στρεϐλὸν
2771 401 2918 475 ψυχὴ
2961 396 3390 472 διεστραμμένη·
3422 397 3522 471 βέλη
3554 399 3593 452 δὲ
3614 401 3714 473 es,

605 519 969 590 cogitationes
1001 515 1179 569 malae.

2291 501 2545 572 λογισμοὶ
2578 497 2828 570 πονηροί.

677 583 842 666 Vens.
869 607 959 664 60.
998 608 1065 662 Et
1125 605 1318 674 repulit
1375 603 1776 658 tabernaculum
1828 600 2031 666 Selom,
2070 611 2179 654 etc.

2361 597 2472 650 Kal
2501 595 2788 650 ἀπώσατο
2817 591 2932 660 τὴν
2957 585 3200 658 σκηνὴν
3227 583 3450 658 Σηλὼμ,
3480 604 3522 640 κ.
3547 603 3583 640 τ.
3600 587 3633 641 i.
3654 589 3716 661 Τὴν

603 705 754 772 Quod
781 715 974 772 nempe
1001 702 1054 755 in
1079 699 1264 756 Selom
1294 707 1417 752 erat
1444 699 1634 753 situm.

2290 691 2347 743 ὲν
2377 686 2578 760 Σηλὼμ
2607 685 2872 740 ἑστῶσαν.

675 796 839 853 Vens.
866 771 955 850 62.
987 793 1054 848 Ει
1086 795 1453 849 hereditatem
1489 806 1638 845 suam
1662 788 1876 858 sprevit,
1913 795 2020 841 etc.
2061 783 2180 839 Hm-

2359 781 2470 836 Kal
2513 779 2629 849 τὴν
2663 775 3072 847 κληρονομίαν
3122 771 3309 827 αὐτοῦ
3352 771 3609 840 ὑπερεῖδεν,
3634 791 3666 826 κ.
3690 792 3719 827 τ.

604 891 886 946 reditatem
922 889 1026 944 hoc
1058 889 1178 943 loco
1207 885 1432 942 vocatid
1457 883 1600 954 quod
1637 881 2015 938 hereditatem
2047 879 2180 932 adit.

2290 875 2338 928 ὲ.
2388 871 2770 946 κληρονομίαν
2821 869 3064 924 ἐνταῦθα
3101 867 3162 920 τὸ
3214 865 3539 937 κληρονομοῦν
3577 867 3722 937 εἴρηκεν.

602 985 722 1040 Alio
756 999 921 1038 sensu
971 981 1263 1036 Inereditas
1299 979 1391 1034 Dei
1423 985 1550 1033 sunt
1585 977 1782 1031 anima:
1809 972 2180 1030 rationabiles.

2295 967 2503 1031 Ἀλλως
2537 963 2871 1038 κληρονομία
2895 960 3031 1016 Θεοῦ
3065 959 3235 1031 ψυχαὶ
3257 957 3465 1027 λογικαί.

677 1075 838 1130 Vens.
869 1077 956 1130 63.
994 1073 1220 1128 Juvenes
1247 1086 1427 1125 eorum
1451 1069 1673 1125 comedit
1698 1067 1859 1140 ignis,
1883 1073 1990 1122 etc.
2023 1064 2180 1120 Forte

2370 1059 2518 1124 Τοὺς
2547 1059 2913 1123 νεανίσκους
2941 1053 3142 1109 αὐτῶν
3168 1051 3444 1120 κατέφαγε
3470 1051 3579 1119 πῦρ,
3597 1069 3635 1108 κ.
3654 1071 3685 1107 τ.
3705 1057 3728 1105 ἐ.

605 1169 744 1241 ignis
774 1178 900 1223 sunt
928 1168 1102 1240 ignita
1142 1164 1322 1234 jacula
1355 1163 1600 1234 maligni.

2335 1263 2419 1300 ου.

675 1353 841 1408 Vens.
877 1351 967 1406 68.
1005 1348 1074 1403 Et
1129 1347 1282 1420 elegit
1330 1347 1524 1401 tribum
1573 1343 1744 1406 Iuda,
1770 1351 1880 1396 etc.
1921 1338 2191 1393 «Manife-
2300 1263 2334 1318 ρ

602 1459 746 1505 stum
776 1447 920 1502 enim
945 1453 1027 1500 est
1056 1444 1199 1513 quod
1228 1459 1294 1498 ex
1323 1440 1462 1496 Juda
1487 1453 1644 1495 ortus
1689 1437 1760 1492 sit
1797 1434 2062 1490 Dominus
2094 1447 2180 1488 no-

2294 1430 2455 1503 δηλον
2504 1429 2616 1502 γὰρ
2635 1470 2650 1493 ,
2697 1429 2781 1483 ὅτι
2844 1427 2904 1494 ἐξ
2965 1425 3136 1481 Ἰούδα
3192 1423 3524 1481 ἀνατέταλκεν
3557 1425 3580 1477 ὁ
3613 1422 3736 1493 Kipu;

602 1549 738 1608 ster,
761 1558 781 1593 ι
817 1535 994 1608 inquit
1014 1534 1307 1606 Apostolus
1330 1533 1398 1586 ".

2295 1525 2474 1596 ἡμῶν,
2502 1542 2521 1577 ι
2561 1523 2726 1596 φησιν
2761 1520 3106 1585 Ἀπὸστολος.

2229 1721 2272 1777 Β
2875 1705 3170 1763 ΨΑΔΜΟΣ
3206 1703 3336 1759 OH’.

2381 1809 2502 1861 Ὅτι
2561 1803 3029 1874 ἐπτωχεύσαμεν
3086 1796 3354 1868 σφόδρα,
3399 1811 3447 1847 κ.
3477 1809 3520 1845 τ.
3561 1792 3596 1845 ὲ.
3623 1790 3745 1858 Στερτ-

2302 1899 2488 1964 θέντες
2551 1896 2647 1953 τοῦ
2721 1892 2954 1950 πλούτου
3031 1891 3131 1962 τῆς
3198 1886 3444 1959 γνώσεως
3513 1881 3744 1953 intuleris:-

2305 2010 2426 2065 μεν.

957 1723 1119 1795 772
1157 1719 1483 1779 PSALMUS
1522 1717 1806 1774 LXXVIII.

672 1820 836 1876 Vens.
867 1819 922 1875 8.
979 1817 1121 1884 Quia
1174 1832 1430 1890 pauperes
1480 1815 1610 1885 {acti
1642 1829 1824 1869 sumus
1875 1811 2056 1876 nimis,
2080 1819 2190 1868 etc.

600 1910 802 1968 Privati
827 1910 1036 1966 divitiis
1066 1909 1310 1966 scientia:
1340 1921 1609 1978 pauperes
1641 1904 1766 1961 facti
1801 1917 2012 1960 sumus.

2863 2171 3158 2230 ΨΑΛΜΟΣ
3194 2170 3318 2226 ΟΘ’.

2380 2271 2712 2343 Ἐξέγεθρον
2748 2267 2864 2337 τὴν
2909 2247 3279 2322 δυναστείαν
3321 2280 3452 2326 σου,
3479 2278 3526 2314 κ.
3549 2277 3589 2313 τ.
3617 2260 3650 2311 ἑ.
3675 2257 3750 2327 Χρι-

2297 2365 2422 2429 στὸς
2453 2363 2589 2418 Θεοῦ
2618 2362 2848 2433 δύναμις
2883 2360 2979 2416 καὶ
3006 2358 3142 2413 Θεοῦ
3171 2358 3352 2427 σοφία.

2372 2456 2625 2526 Ψωμιεῖς
2677 2453 2838 2524 ἡμᾶς
2891 2452 3075 2522 ἄρτον
3129 2450 3422 2520 δακρύων,
3472 2463 3520 2499 κ.
3556 2462 3598 2498 τ.
3634 2445 3668 2496 ἑ.
3699 2440 3754 2492 Διὶ

2294 2549 2499 2606 τούτων
2551 2547 2660 2602 τῶν
2723 2545 2902 2620 ῥητῶν
2959 2545 3259 2618 παρίστησι
3319 2538 3614 2611 πικροτάτην
3659 2533 3756 2605 μετὰ·

2295 2663 2353 2700 νο
2359 2663 2442 2700 ισν
2449 2686 2462 2699 .

1089 2184 1412 2242 PSAL-MUS
1452 2183 1692 2241 LXXIX.

667 2277 836 2334 Vens.
865 2280 918 2334 5.
952 2277 1141 2333 Excita
1167 2279 1454 2348 potentiam
1485 2287 1655 2344 tuam,
1685 2287 1795 2335 etc.
1815 2277 2068 2338 Christus
2092 2279 2185 2336 Dei

595 2371 772 2428 virtus
805 2381 888 2426 est
920 2380 974 2426 et
1002 2370 1092 2426 Dei
1119 2371 1412 2440 sapientia.

669 2465 836 2520 Vens.
870 2464 925 2519 6.
959 2463 1174 2520 Cibabis
1224 2480 1318 2518 nos
1373 2481 1508 2538 pane
1538 2462 1918 2534 lacrymarum,
1949 2473 2060 2520 etc.
2089 2463 2186 2522 His

596 2555 782 2610 verbis
807 2555 1214 2610 amarissimam
1243 2554 1622 2626 pmnitentiam
1652 2554 1897 2612 exhibet.

671 2729 837 2784 Vens.
865 2730 920 2785 8.
948 2727 1017 2785 Et
1050 2729 1262 2786 ostende
1290 2728 1484 2798 faciem
1523 2739 1692 2798 tuam,
1732 2739 1781 2785 et
1807 2730 1938 2784 salvi
1967 2731 2180 2798 erimus,

2365 2737 2479 2792 Kal
2505 2736 2803 2805 ἐπίφανον
2835 2732 2904 2787 τὸ
2935 2730 3264 2800 πρόσωπόν
3293 2745 3430 2790 σου,
3459 2723 3545 2780 καὶ
3579 2717 3758 2784 σωθησέκ

596 2826 706 2874 etc.
727 2817 956 2874 Faciem
989 2819 1077 2874 hic
1097 2819 1374 2875 Christum
1403 2819 1726 2874 nominavit.
1776 2839 1793 2872 ι
1821 2821 2005 2902 Iniungo
2037 2825 2180 2878 enim

2290 2833 2464 2902 μεθα,
2500 2847 2556 2883 κ.
2577 2847 2628 2883 τ.
2658 2829 2706 2882 ὲ.
2739 2827 3038 2899 Πρόσωπον
3079 2821 3320 2878 ἐνταῦθα
3353 2821 3444 2874 τὸν
3474 2815 3661 2890 Χριστὸν
3686 2809 3762 2863 eiul

596 2921 681 2968 est
705 2911 799 2968 Dei
827 2911 1142 2980 invisibilis,
1179 2913 1574 2984 primogenitus
1593 2914 1772 2970 omnis
1801 2917 2180 2972 creaturas".i

2297 2939 2505 2996 μασεν·
2549 2941 2568 2974 ι
2598 2919 2779 2975 Εἰκὼν
2825 2919 2936 2990 γάρ
2985 2919 3101 2972 ἐστι
3147 2915 3241 2970 τοῦ
3295 2914 3430 2970 Θεοῦ
3475 2909 3558 2967 τοῦ
3597 2905 3762 2978 ἀοράτων

2295 3014 2649 3087 Πρωτότοκος
2688 3011 2873 3082 πάσης
2908 3010 3158 3074 κτίσεως.
3186 3028 3204 3061 ι

563 3094 572 3103 ’
669 3093 832 3150 Vzns.
859 3093 915 3151 9.
964 3093 1180 3149 Vineam
1198 3093 1262 3149 de
1283 3092 1516 3165 ngypto
1567 3095 1916 3164 transtulisti,
1959 3106 2067 3156 etc.
2099 3098 2180 3156 Vi-

2362 3107 2659 3176 Ἅιιπελον
2689 3102 2759 3168 ἐξ
2785 3101 3086 3171 Αἰγύπτου
3112 3097 3401 3169 μετῆρας,
3431 3113 3482 3150 κ.
3509 3110 3555 3146 τ.
3584 3087 3766 3155 £19.1-

597 3201 753 3241 neam
785 3188 884 3241 hoc
911 3186 1030 3240 loco
1063 3197 1220 3241 vocat
1242 3187 1532 3243 duodecim
1563 3189 1742 3244 tribus
1775 3188 1962 3246 Israel.

669 3275 836 3334 Vens.
864 3277 949 3330 II.
991 3275 1060 3330 Et
1099 3277 1318 3332 arbusta
1350 3277 1464 3348 ejus
1488 3279 1672 3334 cedros
1698 3278 1820 3349 Dei,
1853 3290 1961 3337 etc.
1995 3281 2176 3339 Arbu-

597 3380 679 3427 sta
709 3381 834 3425 sunt
862 3371 937 3424 illi
972 3370 1064 3440 qui
1092 3372 1547 3440 contemplationi
1578 3373 1744 3428 dediti
1778 3385 1928 3429 sunt.

2290 3380 2458 3446 Θεοῦ,
2486 3396 2541 3432 κ.
2567 3397 2619 3432 τ.
2642 3381 2690 3434 ἑ.
2729 3377 3140 3451 Ἀναδενδράδες
3175 3377 3314 3430 εἰσιν
3345 3377 3395 3428 oi
3425 3365 3708 3442 θεωρητικά.

670 3458 831 3516 Vens.
864 3461 948 3516 I8.
1007 3459 1131 3516 Fiat
1171 3477 1366 3546 manus
1415 3473 1506 3517 tua
1553 3479 1714 3534 super
1739 3465 1907 3518 virum
1950 3464 2180 3521 dexteris

2361 3472 2682 3542 Γενηθήτω
2709 3473 2748 3541 ή
2776 3472 2906 3542 χείρ
2931 3486 3046 3526 σου
3071 3471 3164 3524 ἐπ’
3202 3467 3400 3537 ἄνδρα
3422 3461 3605 3530 δεξιᾶς
3625 3475 3720 3516 σου.
3736 3473 3768 3506 ι.

596 3561 723 3618 tute,
761 3563 868 3606 etc.
909 3552 1098 3607 Virum
1143 3552 1382 3608 dexterae
1439 3563 1598 3609 vocat
1657 3554 1961 3623 Christum,
2009 3556 2100 3627 qui
2131 3563 2180 3612 et

2290 3582 2342 3622 τ.
2375 3567 2422 3620 ὲ.
2486 3564 2688 3636 Ἀνδρσ.
2750 3564 2924 3632 δεξιὸν
2967 3563 3116 3634 λέγει
3148 3563 3241 3617 τὸν
3282 3559 3536 3634 Χριστὸν,
3566 3557 3681 3614 ὅστις
3706 3545 3771 3599 ἐπὶ

598 3644 768 3702 Filius
803 3645 1037 3701 hominis
1059 3655 1161 3702 est.
1467 3667 1471 3672 λ

2292 3659 2387 3714 καὶ
2417 3658 2543 3726 Υἱδς
2566 3657 2874 3731 ἀνθρώπου.

673 3735 837 3804 Vens.
876 3737 963 3794 19.
1003 3737 1300 3808 Viviﬁcabis
1332 3757 1449 3810 nos,
1474 3752 1523 3796 et
1575 3758 1763 3798 nomen
1789 3752 1939 3798 tuum
1973 3745 2180 3801 invoca-

2361 3751 2630 3819 Ζωὼσεις
2672 3751 2852 3822 ἡμᾶς,
2893 3749 2993 3804 καὶ
3027 3749 3096 3803 τὸ
3144 3748 3337 3820 ὄνομά
3373 3764 3490 3803 σου
3525 3734 3774 3799 ἐπικαλετὼ

598 3829 793 3892 bimus,
827 3842 932 3886 etc.
956 3831 1125 3887 Nemo
1155 3842 1335 3915 potest
1369 3849 1466 3890 nos
1487 3835 1790 3904 viviﬁcare,
1823 3836 1928 3893 nisi
1966 3836 2057 3894 ille
2085 3837 2177 3908 qui

2290 3847 2456 3915 μεθα,
2484 3861 2540 3898 κ.
2571 3861 2624 3898 τ.
2662 3845 2708 3897 ὲ.
2745 3843 2936 3909 Οὐδεὶς
2981 3842 3206 3896 δύναται
3239 3839 3572 3910 ζωοποιῆσαι
3605 3826 3771 3906 6:41.355

599 3922 845 3978 dixit":
886 3943 902 3976 α
931 3923 1045 3998 Ego
1082 3914 1204 3981 sum
1236 3929 1369 3983 vita.
1401 3947 1420 3980 ι

2290 3937 2363 4011 μὴ
2391 3937 2420 3990 δ
2447 3937 2646 3994 ειπών·
2680 3956 2700 3990 ι
2738 3936 2879 4007 Ἐγώ
2909 3938 3024 4008 εἰμι
3052 3937 3086 4008 ἡ
3113 3935 3252 4008 ζωή.
3274 3955 3294 3989 ι

2285 3197 2375 3252 λον
2405 3196 2554 3265 λέγει
2586 3193 2682 3248 νῦν
2708 3192 2810 3258 τὰς
2840 3191 3050 3246 δώδεκα
3079 3191 3254 3261 φυλὰς
3277 3188 3376 3244 τοῦ
3415 3183 3622 3258 Ἰσραήλ.
3749 3265 3762 3274 ⁸

2355 3288 2466 3344 Kal
2496 3293 2554 3344 at
2587 3285 3031 3356 ἀναδενδράδες
3070 3283 3265 3352 αὐτῆς
3319 3283 3428 3349 τὰς
3475 3277 3679 3346 κέδρου(
3707 3284 3765 3321 τευ

1091 4111 1413 4168 PSALMUS
1451 4111 1667 4171 LXXX.

665 4209 832 4265 Vens.
862 4207 916 4264 6.
951 4206 1212 4278 Linguam
1243 4224 1401 4276 quam
1425 4223 1530 4264 non
1556 4218 1768 4265 noverat
1813 4211 2040 4280 audivit,
2069 4223 2178 4271 etc.

593 4306 792 4376 Legem
828 4318 988 4374 quam
1025 4303 1313 4358 nesciebat
1336 4304 1567 4360 audivit.

2290 4305 2342 4361 5v
2367 4306 2470 4361 οὐκ
2495 4305 2784 4377 ἠπίστατο,
2805 4303 3057 4376 ἤκουσεν.

665 4396 827 4452 Vens.
860 4395 949 4450 10.
993 4394 1114 4448 Non
1147 4395 1247 4448 erit
1274 4395 1328 4449 in
1349 4404 1398 4450 te
1423 4394 1565 4450 Deus
1602 4395 1803 4462 recens,
1826 4405 1936 4453 etc.
1965 4396 2176 4456 Recens

2357 4401 2481 4455 Οὐκ
2535 4397 2708 4454 ἔσται
2755 4398 2827 4453 ἐν
2857 4397 2957 4452 σοι
3005 4395 3152 4462 Θεὸς
3199 4396 3590 4466 πρόσφατος,
3627 4407 3668 4443 κ.
3696 4401 3730 4435 τ.
3749 4381 3775 4429 ἑ.

598 4491 736 4544 Deus
767 4498 852 4544 est
882 4490 927 4544 is
953 4504 982 4544 a
1009 4503 1116 4558 quo
1140 4488 1277 4542 nihil
1302 4489 1669 4544 substantiam
1721 4489 1922 4546 habere
1961 4497 2173 4562 potest;

2290 4489 2604 4562 Πρόσφατός
2642 4491 2760 4543 ἐστι
2800 4487 2932 4552 Θεὸς
2960 4489 2989 4540 ὁ
3031 4485 3197 4559 μηδὲν
3237 4486 3518 4541 οὐσιῶσαι
3560 4479 3778 4548 δυνάμεσί,

595 4581 677 4636 vel
701 4582 746 4636 is
771 4581 862 4652 qui
891 4582 1095 4636 malitia
1119 4579 1368 4636 infectus
1399 4590 1502 4636 est.

2290 4583 2315 4656 ἢ
2341 4585 2370 4637 ὀ
2400 4585 2466 4656 τῇ
2502 4583 2674 4653 κακίᾳ
2713 4581 3109 4652 πεποιωμένος.

665 4675 830 4731 Vnns.
866 4676 956 4734 11.
1003 4675 1183 4729 Dilata
1229 4691 1286 4730 os
1315 4683 1489 4740 tuum,
1517 4683 1564 4730 et
1615 4672 1839 4745 implebo
1870 4673 2026 4741 illud,
2061 4683 2172 4732 etc.

2306 4655 2312 4656 ί
2351 4675 2672 4731 Πλάτυνον
2703 4675 2773 4729 τὸ
2798 4675 3012 4743 στόμα
3031 4685 3170 4739 σου,
3214 4672 3320 4727 καὶ
3357 4669 3646 4741 ,κληρώσω
3678 4655 3778 4716 αὐτὰ

593 4768 708 4825 IIoc
761 4768 880 4823 loco
909 4782 971 4822 os
1022 4776 1256 4823 mentem
1303 4777 1486 4835 vocat,
1517 4767 1606 4823 cui
1639 4767 1985 4838 splendorem
2012 4766 2174 4824 all'ert

2290 4786 2334 4824 κ.
2360 4785 2414 4825 τ.
2443 4771 2489 4822 ὲ.
2522 4769 2710 4840 Στὸμα
2748 4767 2844 4821 νῦν
2873 4765 2966 4822 τὸν
2997 4764 3122 4820 νοῦν
3163 4764 3343 4835 λέγει,
3378 4767 3535 4826 ὅστις
3564 4752 3777 4829 λαμπρύνει

590 4861 940 4919 conversntio
966 4869 1137 4927 recta,
1165 4870 1220 4914 et
1251 4861 1502 4916 doctrina
1534 4876 1688 4917 vera.
1757 4919 1761 4922 4

2290 4876 2364 4912 παι
2397 4858 2486 4912 διὰ
2517 4858 2792 4924 πολιτείας
2823 4857 2991 4930 ὀρθῆς
3022 4857 3118 4911 καὶ
3142 4856 3448 4928 δογμάτων
3474 4851 3684 4925 ἀληθῶν.

664 4958 831 5014 Vens.
865 4955 955 5010 I5.-
984 4951 1054 5008 Et
1087 4954 1265 5009 dimisi
1309 4971 1397 5010 eos
1441 4955 1729 5010 secundum
1757 4953 2024 5010 desideria
2051 4972 2171 5010 cor-

2348 4953 2462 5008 Kal
2509 4951 2910 5028 ἐξαπέστειλα
2954 4950 3175 5016 αὐτοὺς
3223 4949 3388 5003 κατὰ
3443 4933 3517 5003 τὰ
3563 4935 3778 5004 ἐπιτηδεία

590 5050 672 5105 dis
695 5065 899 5113 eorum,
933 5053 1039 5102 etc.
1085 5065 1103 5098 ε
1132 5045 1450 5117 Propterea,
1508 5048 1685 5116 inquit
1716 5045 1918 5105 Paulus
1934 5047 2004 5115 ⁸⁹,
2051 5059 2168 5105 tra-

2290 5062 2430 5100 uaw
2481 5045 2602 5100 τῶν
2639 5041 2898 5115 καρδιῶν
2933 5041 3150 5106 αὐτῶνς
3197 5058 3252 5095 κ.
3297 5059 3357 5097 τ.
3397 5042 3444 5095 ὲ.
3507 5060 3524 5092 ι
3552 5035 3639 5092 Διὰ

592 5139 725 5197 didit
745 5139 864 5196 illos
897 5139 1037 5194 Deus
1063 5137 1117 5192 in
1148 5137 1434 5208 passiones
1458 5139 1786 5211 ignominiae.
1819 5159 1840 5194 ι

2290 5138 2440 5207 ρησὶν
2467 5139 2495 5191 ὁ
2523 5135 2763 5203 Παῦλος,
2807 5134 3124 5208 παρέδωκεν
3158 5133 3368 5199 αὐτοὺς
3399 5136 3432 5188 ὁ
3454 5131 3583 5195 Θεὸς
3613 5129 3678 5190 εἰς
3697 5119 3780 5180 xiii

2276 5227 2520 5299 ἀτιμίας.
2552 5247 2572 5281 ι

2875 4117 3171 4173 ΨΔΛΜΟΣ
3208 4117 3296 4172 Π’.

2355 4210 2661 4267 Γλῶσσαν
2692 4209 2772 4280 ἣν
2805 4212 2919 4266 οὐκ
2949 4210 3103 4283 ἔγνω
3126 4209 3427 4280 ἤκουσεν,
3451 4225 3508 4262 κ.
3528 4223 3574 4261 τ.
3599 4205 3638 4258 ἑ.
3663 4197 3773 4266 Νόμαν

1075 5407 1300 5464 PSALM
1313 5407 1397 5465 US
1433 5408 1674 5466 LXXXI.
1930 5476 1939 5481 _

662 5504 821 5562 Vens.
853 5506 906 5562 7.
943 5503 1042 5562 Vos
1085 5519 1261 5564 autem
1306 5509 1436 5563 sicut
1472 5508 1709 5564 homines
1751 5509 2076 5577 moriemini,
2116 5521 2166 5564 et

2840 5415 3131 5470 ΨΑΛΜΟΣ
3170 5411 3301 5468 HA'.

2362 5507 2555 5578 Ὑμεῖς
2615 5511 2693 5577 ὡς
2758 5507 3056 5579 ἅνθρωποι
3131 5507 3568 5577 ἀποθνήσκετε
3584 5549 3598 5574 ,
3635 5502 3712 5558 καὶ
3745 5495 3786 5556 ἐι(

655 5694 889 5758 “ltebr.
921 5713 1012 5765 vn,
1051 5700 1137 5753 14.
1215 5698 1258 5730 ⁸⁷
1294 5697 1504 5756 Coloss.
1536 5717 1575 5766 ι,
1613 5699 1696 5755 15.
1775 5699 1822 5731 ⁸⁸
1848 5698 2006 5756 luam.
2034 5716 2145 5770 xw,

2337 5701 2383 5736 ⁵·
2412 5699 2570 5755 Rom.
2603 5713 2643 5765 ι,
2681 5696 2772 5755 26.

2295 1152 2448 1223 Τάχα
2486 1151 2598 1223 πῦρ
2659 1153 2779 1204 ἐστι
2833 1149 2902 1204 τὰ
2955 1145 3328 1220 πεπυρωμένα
3379 1144 3486 1216 βέλη
3526 1144 3595 1198 τοῦ
3810 1159 3811 1186 ι

2367 1336 2479 1391 Kal
2506 1334 2830 1402 ἐξελέξατο
2859 1332 2973 1402 τὴν
2997 1331 3205 1404 φυλὴν
3227 1331 3424 1396 Ἰούδα,
3449 1349 3494 1385 κ.
3517 1349 3555 1384 τ.
3577 1330 3612 1384 ἑ.
3635 1330 3735 1396 «Πρὲ
3810 1337 3811 1364 l
