3800 6506
197 361 311 418 ίὸίθ

1047 378 1356 439 SELECTA
1391 382 1459 440 IN
1495 380 1837 448 PSALMOS.
1876 423 1947 435 -
1979 389 2178 456 PSAL.
2212 398 2500 459 LXXXIX.

3278 419 3418 477 £550

252 482 346 537 Kal
375 482 445 538 ἐν
482 484 557 556 τῇ
588 489 832 560 εὐδοκία
878 509 995 549 σου
1031 500 1417 567 ὑψωθήσεται
1456 520 1523 559 το
1563 518 1742 575 κέρας

1914 512 2081 571 Vens.
2110 517 2196 572 18.
2222 520 2290 574 Et
2320 537 2373 576 ιη
2403 523 2723 597 beneplacito
2769 539 2857 583 tuo
2905 533 3228 591 excitabitur
3253 556 3417 596 cornu

192 573 354 645 ἡμῶν,
385 595 438 631 κ.
473 595 525 633 τ.
553 582 599 635 ἐ.
626 583 809 658 Κέρας
840 587 936 643 νῦν
967 591 1058 644 τὸν
1100 595 1226 648 νοῦν
1266 597 1539 668 ὀνομάζει·
1576 573 1740 671 ὑψοῦ-

189 682 264 721 ται
287 669 339 722 δὲ
360 669 481 736 νοῦς
500 672 587 726 διὰ
606 676 860 744 γνώσεως
896 682 1051 736 Θεοῦ.

252 762 374 816 Τότε
433 764 747 835 ἐλάλησας
803 771 874 826 ἐν
932 774 1139 842 ὁράσει
1190 779 1316 847 τοῖς
1379 782 1530 849 υἱοῖς
1586 799 1736 851 σου,

187 864 234 902 κ.
281 867 325 903 τ.
380 853 428 907 ἐ.
483 854 615 908 Τότε
661 857 935 933 ἑλάλησας
982 864 1073 920 διὰ
1121 866 1231 921 τῶν
1282 868 1457 938 ἁγίων
1521 889 1737 945 προφη-

184 956 291 997 των.

257 1037 341 1088 Ἐν
374 1038 557 1109 ἐλαίῳ
593 1043 740 1113 ἁγιῳ
779 1064 899 1114 μου
925 1049 1140 1118 ἐχρισα
1167 1052 1372 1119 αὐτὸν,
1408 1072 1463 1109 κ.
1505 1074 1556 1110 τ.
1583 1060 1631 1110 ἑ.
1664 1058 1736 1111 Τὸ

183 1127 314 1196 ἅγιον
343 1129 517 1186 ἔλαιον
548 1133 648 1207 τὴν
682 1137 777 1191 τοῦ
817 1138 950 1192 Θεοῦ
983 1140 1184 1210 γνῶσιν
1221 1146 1496 1216 σημαίνει,
1537 1148 1734 1219 μᾶλλον

178 1220 230 1275 δὲ
249 1222 336 1294 τὴν
371 1225 602 1299 οὑσιὼδτι
636 1229 836 1298 γνῶσιν
855 1232 1023 1303 δηλοῖ.

243 1315 351 1368 Οὐκ
398 1316 697 1386 ὠφελήσει
730 1325 763 1376 ὀ
803 1323 1019 1391 ἐχθρός
1058 1327 1130 1380 ἐν
1169 1328 1348 1395 αὐτῷ,
1384 1347 1439 1383 κ.
1480 1349 1528 1384 τ.
1566 1334 1612 1385 ὲ.
1637 1334 1729 1400 Et,

176 1406 284 1459 ὅταν
306 1408 725 1483 ἁμαρτάνωμεν,
771 1418 899 1489 τους
937 1418 1163 1491 ἐχθροὺς
1194 1422 1348 1492 ἡμῶν
1394 1423 1728 1495 ὼφελοῦμεν,

174 1497 382 1567 Χριστὸς
413 1500 469 1553 δὲ
512 1502 607 1573 οὐχ
647 1504 911 1578 ἥμαρτεν·
962 1508 1068 1580 ἄρα
1112 1512 1239 1575 τοὺς
1292 1512 1520 1585 ἐχθροὺς
1564 1501 1767 1569 αὐτοῦ’

169 1586 258 1640 οὐκ
277 1587 551 1662 ὠφέλησεν
575 1596 603 1647 ὁ
630 1596 880 1667 Χριστός.

232 1683 327 1736 Καὶ
351 1683 607 1756 θήσομαι
644 1689 717 1741 ἐν
758 1691 1040 1763 θαλάσσῃ
1080 1695 1248 1764 χεῖρα
1284 1699 1489 1764 αὐτοῦ,
1540 1701 1634 1754 καὶ
1657 1703 1726 1755 ἐν

168 1776 434 1844 ποταμοῖς
471 1778 679 1844 δεξιὰν
715 1785 925 1850 αὑτοῦ,
963 1804 1016 1840 κ.
1063 1806 1111 1841 τ.
1151 1791 1198 1842 ὲ.
1248 1792 1335 1846 Ἐν
1379 1793 1479 1863 μὲν
1520 1796 1585 1866 τῇ
1631 1794 1723 1849 θα-

1843 614 2102 671 nostrum.
2129 619 2240 665 etc.
2270 612 2453 671 Cornu
2487 617 2592 674 hoc
2632 618 2752 676 loco
2779 633 3014 680 mentem
3046 640 3220 684 vocat.
3255 630 3417 685 Exul-

1843 706 1920 751 tat
1948 708 2128 754 autem
2163 715 2395 761 mentem
2426 710 2666 779 cognitio
2688 712 2804 769 Dei.

1858 819 1865 826 ι
1913 786 2071 843 Vens.
2100 789 2192 845 20.
2222 791 2366 850 Tunc
2398 796 2605 853 locutus
2632 818 2687 857 es
2710 802 2764 857 in
2784 807 2980 862 visione
3003 808 3133 878 [iliis
3160 812 3289 881 tuis,
3304 826 3412 869 etc.

1839 880 1991 939 Tunc
2017 885 2227 940 locutus
2249 902 2307 942 es
2333 903 2429 957 per
2456 905 2675 951 sanctos
2705 901 3015 969 prophetas.

1911 1068 2072 1127 Vens.
2134 1072 2223 1128 2|.
2267 1074 2394 1131 Oleo
2417 1093 2597 1136 sancto
2618 1101 2729 1140 meo
2760 1091 2887 1144 anxi
2912 1109 3052 1159 eum,
3081 1105 3191 1151 etc.
3221 1094 3409 1153 Olequ

1836 1170 2083 1218 sanctum
2111 1166 2396 1222 scientiam
2429 1171 2520 1226 Dei
2566 1175 2859 1248 signiﬁcat,
2895 1185 3065 1255 Inagis
3106 1201 3233 1243 vero
3280 1191 3409 1245 sub-

1834 1254 2141 1310 stantialem
2164 1257 2446 1314 scientiam
2486 1262 2708 1321 indicat.

1909 1343 2064 1400 Vens.
2092 1347 2184 1405 25.
2236 1348 2391 1404 Nihil
2430 1355 2667 1423 proﬁciet
2716 1358 2962 1419 inimicus
2985 1368 3042 1421 in
3079 1387 3159 1437 eo,
3188 1382 3294 1429 etc.
3321 1374 3401 1440 Si,

1832 1446 1956 1489 cum
2001 1451 2311 1505 peccanms,
2352 1456 2640 1511 prosumus
2690 1449 2946 1521 inimicis,
2996 1458 3246 1520 Christus
3274 1480 3404 1522 vero

1831 1538 1938 1580 non
1972 1528 2240 1599 peccavit,
2287 1547 2395 1588 non
2448 1549 2578 1607 ergo
2605 1538 2844 1597 inimicis
2877 1546 2990 1601 suis
3020 1552 3223 1617 profuit
3249 1555 3406 1613 Chri-

1830 1625 1966 1671 stus.

1900 1702 2064 1769 Vens.
2096 1714 2186 1771 26.
2221 1714 2289 1770 Ει
2338 1737 2528 1787 ponam
2575 1724 2627 1777 in
2671 1731 2806 1782 mari
2847 1748 3059 1788 manum
3091 1740 3240 1805 ejus,
3269 1750 3317 1794 et
3345 1740 3402 1795 ia

1824 1804 2133 1874 ﬂuminibus
2184 1809 2451 1866 dexteram
2474 1815 2588 1883 ejus
2611 1859 2625 1883 ,
2660 1828 2765 1873 etc.
2793 1820 2847 1875 In
2885 1826 3017 1878 mari
3050 1804 3266 1896 quidem
3300 1847 3399 1901 po«

165 1861 320 1937 λάσσῃ
357 1867 562 1924 τίθεται
585 1874 617 1942 ἡ
644 1874 765 1945 χεὶρ
792 1875 886 1928 τοῦ
918 1878 1178 1948 Χριστοῦ,
1224 1883 1282 1935 ἐν
1319 1861 1518 1947 δὲήτοῖς
1556 1861 1722 1939 ito-cat-

2118 1861 2122 1862 ν
2205 1861 2450 1866 ,-_,---.----
2476 1861 2586 1883 Ἴ-.-
2611 1861 2625 1883 ,
2661 1861 2765 1873 νυ...
2793 1861 2847 1875 ιιι
2885 1861 3016 1878 una”
3050 1861 3266 1896 quntum
3300 1861 3398 1901 PU‘

1846 1896 1976 1951 titur
2017 1913 2210 1957 manus
2263 1903 2488 1971 Christi,
2533 1910 2585 1962 in
2642 1910 2953 1973 ﬂttlltlttilttts
2992 1934 3123 1977 vero
3177 1924 3398 1981 dextera

164 1962 274 2029 μοῖς
308 1962 348 2032 ἡ.
386 1961 537 2028 δεξιὰ
578 1965 762 2020 αὑτοῦ.
800 1967 968 2039 Πλὴν,
1009 1970 1104 2024 ἐὰν
1135 1971 1356 2046 θελήσῃ,
1405 1977 1437 2045 ἡ
1477 1976 1721 2031 θάλασσα

159 2049 349 2118 γίνεται
379 2056 638 2126 ποταμός·
672 2059 767 2111 καὶ
787 2058 945 2113 πάλιν
976 2062 1004 2113 ὁ
1036 2065 1299 2135 ποταμὸς,
1324 2067 1417 2120 ἐὰν
1446 2068 1519 2139 μὴ
1551 2072 1721 2143 τηρή-

158 2158 218 2213 σῃ
247 2143 332 2197 τὸν
351 2145 413 2199 ἐκ
432 2146 534 2217 τῆς
568 2147 772 2214 κοιλίας
794 2151 957 2206 αὐτοῦ
980 2154 1172 2225 ῥέοντα
1202 2158 1442 2229 ποταμὸν
1469 2159 1562 2213 τοῦ
1582 2161 1717 2226 ζῶν-

153 2250 236 2298 τος
270 2234 475 2302 ὓδατος,
498 2238 707 2306 γίνεται
741 2242 1006 2301 θάλασσα.

214 2327 321 2382 Καὶ
349 2328 458 2383 τὸν
486 2334 702 2400 θρόνον
739 2337 924 2392 αὐτοῦ
960 2339 1040 2404 ὡς
1072 2341 1179 2408 τὰς
1211 2342 1433 2411 ἡμέρας
1473 2345 1578 2400 τοῦ
1619 2350 1718 2402 οὺ-

143 2420 429 2487 ρανοῦλκ.
462 2440 513 2480 τ.
545 2427 592 2479 ἑ.
622 2427 792 2484 Ὅταν
839 2429 1062 2503 γένηται
1099 2433 1161 2486 τὸ
1197 2434 1409 2506 Θὲλημα
1450 2438 1544 2491 τοῦ
1579 2438 1714 2492 Θεοῦ

147 2512 220 2575 ὡς
247 2514 302 2566 ὲν
327 2515 540 2588 οὐρανῷ
562 2520 655 2573 καὶ
673 2521 766 2574 ἐπὶ
796 2520 895 2593 τῆς
929 2523 1053 2594 γῆς,
1081 2526 1202 2579 τότε
1237 2529 1329 2581 καὶ
1350 2531 1378 2582 ό
1411 2529 1597 2602 θρόνος
1618 2534 1712 2587 τοῦ

144 2604 372 2674 Χριστοῦ
403 2606 553 2662 ἔσται
583 2609 658 2674 ὡς
682 2613 736 2664 αί
762 2614 963 2685 ἡμέραι
991 2616 1085 2669 τοῦ
1105 2617 1355 2688 οὐρανοῦ.

208 2697 315 2751 Καὶ
350 2699 450 2766 τὰς
484 2701 736 2769 ἐντολάς
766 2722 887 2772 μου
920 2706 1008 2774 ,μὴ
1032 2709 1370 2776 φυλάξωο-ι,
1398 2730 1450 2766 κ.
1476 2732 1525 2766 τ.
1559 2722 1608 2773 ὲ.
1653 2716 1712 2769 Ὀ

136 2785 213 2857 μὴ
246 2788 531 2857 φυλάσσων
569 2790 672 2854 τὰς
717 2795 937 2859 ἐντολὰς
979 2798 1073 2850 τοῦ
1125 2798 1260 2852 Θεοῦ
1309 2803 1569 2856 ἐκπίπτει
1612 2805 1707 2859 τοῦ

131 2870 268 2928 εἶναι
296 2875 481 2948 θρόνος
504 2879 672 2937 Θεοῦ·
717 2902 735 2934 ε
784 2884 878 2947 Εἰς
909 2886 1016 2957 γὰρ
1039 2890 1363 2962 κακότεχνον
1403 2893 1580 2966 ψυχὴν
1608 2897 1708 2951 οὐκ

131 2965 492 3029 εἰσελεύσεται
512 2970 689 3039 σοφία,
708 2973 829 3028 οὐδὲ
859 2980 1173 3051 κατοικήσει
1203 2984 1262 3035 ὲν
1293 2983 1505 3055 σώματι
1533 3004 1706 3042 κατα-

124 3060 273 3132 χρέῳ
305 3063 599 3135 ἁμαρτίας.
635 3087 653 3118 ι

211 3150 638 3226 Ἐπιονκέψομαι
673 3159 744 3213 ἐν
780 3160 978 3228 ῥάϐδῳ
1018 3165 1126 3231 τὰς
1178 3167 1430 3237 ἀνομίας
1473 3172 1704 3240 αὐτῶν,
1733 3220 1777 3279 c

211 3260 235 3279 ιι-
279 3244 303 3279 ἔι
359 3264 378 3279 ι
424 3248 647 3279 “(In-1A.-
679 3252 863 3279 2...-..3
902 3255 1104 3279 Ιινλ...Δ
1157 3259 1365 3279 -Αμθηοκ
1404 3276 1412 3279 _
1684 3269 1707 3279 ..

122 3259 179 3295 κ.
204 3260 255 3297 τ.
277 3244 324 3297 ὲ.
358 3264 378 3297 ι
424 3249 520 3301 Ὃν
540 3248 648 3319 γὰρ
676 3252 865 3325 ἀγαπᾷ
900 3255 1126 3327 Κύριος,
1152 3259 1415 3315 παιδεύεν
1448 3269 1707 3336 μαστιγοῖ

113 3332 178 3387 δὲ
212 3336 387 3391 πάντα
409 3340 522 3396 υἱὸν
551 3342 609 3396 ὃν
634 3346 1019 3417 παραδέχεται.
1056 3368 1075 3401 ι

196 3429 308 3483 Tdr
348 3435 563 3501 θρόνον
602 3438 788 3493 αὑτοῦ
835 3442 923 3506 είς
973 3440 1088 3510 τὴν
1133 3441 1249 3513 γῆν
1313 3447 1701 3517 κατέρῤαξας,

109 3537 172 3573 κ.
202 3539 252 3575 τ.
282 3523 329 3575 ὲ.
354 3526 448 3590 Εἰς
474 3528 577 3600 γῆν
605 3530 697 3583 ἀπ’
718 3532 946 3601 οὐρανοῦ
983 3537 1390 3607 καταρὰσσεται
1422 3540 1549 3606 νοῦς
1583 3544 1703 3599 ἀντὶ

103 3613 440 3687 ἐπουρανίου
471 3620 653 3689 χοῖκὺς
687 3623 947 3691 γεγονώς.

199 3711 599 3781 Ὲσμίκρυνας
654 3715 761 3782 τὰς
806 3717 1030 3787 ἡμέρας
1074 3719 1181 3775 τοῦ
1223 3724 1446 3791 χρόνου
1489 3727 1697 3795 αὐτοῦ,

99 3821 162 3857 κ.
190 3821 244 3858 τ.
279 3806 326 3858 ε.
373 3806 466 3859 Ἐκ
497 3806 597 3877 τῆς
620 3810 1057 3881 ὲγκαταλείψεως
1094 3815 1372 3885 μειοῦνται
1410 3822 1465 3873 att
1505 3823 1698 3891 ἀρεταὶ

96 3897 206 3951 καὶ
231 3898 291 3951 αἱ
321 3896 552 3966 γνώσεις
586 3901 617 3970 ἡ
628 3901 762 3972 μῶν·
800 3903 961 3958 αὑταὶ
984 3907 1090 3979 γάρ
1117 3907 1254 3961 εἰσιν
1277 3911 1334 3963 αἱ
1365 3912 1571 3984 ἡμέραι
1597 3915 1699 3981 τῆς

94 3990 330 4061 φύσεως
367 3991 470 4063 τῆς
503 3991 744 4065 λογικῆς.

180 4085 282 4150 Τίς
308 4085 482 4139 ἐστιν
511 4086 819 4155 ἄνθρωπος
846 4089 912 4156 ὃς
937 4089 1193 4159 ζήσεται,
1225 4096 1323 4150 καὶ
1345 4099 1455 4152 οὐκ
1486 4099 1698 4169 ὄψεται

82 4175 390 4241 θάνατον,
424 4179 677 4245 ῥύσεται
726 4181 841 4250 τὴν
887 4184 1102 4254 ψυχὴν
1147 4190 1333 4244 αὑτοῦ
1379 4192 1448 4244 ἐκ
1494 4194 1695 4262 χειρὸς

80 4267 292 4333 ίὲδου;
326 4287 380 4323 κ.
413 4289 463 4324 τ.
504 4273 551 4325 ὲ.
596 4272 658 4326 Ἦ
682 4272 910 4347 αὔξησις
932 4279 1030 4349 τῆς
1054 4281 1251 4353 ἀρετῆς
1294 4284 1390 4337 καὶ
1424 4285 1523 4356 τῆς
1557 4286 1696 4355 γνώ-

78 4377 241 4423 σεως
278 4363 345 4415 ἐκ
377 4362 476 4433 τῆς
509 4364 649 4419 κατὰ
687 4368 882 4439 μικρὸν
922 4371 1203 4441 μειώσεως
1238 4376 1427 4430 πασῶν
1460 4377 1567 4431 τῶν
1596 4397 1694 4433 κα-

74 4451 236 4507 κιῶν
284 4456 379 4507 καὶ
422 4456 520 4526 τῆς
575 4459 801 4527 ἀγνοίας
847 4460 1248 4533 ὲπισυμὸαίνει.
1302 4469 1483 4523 Κακία
1511 4472 1567 4525 δὲ
1598 4472 1692 4525 καὶ

1823 1986 1957 2055 ejus.
2006 1991 2118 2047 [tuo
2144 2031 2159 2057 ,
2190 1995 2235 2047 si
2286 1997 2536 2063 voluerit,
2570 2004 2721 2060 mare
2770 2004 2833 2060 ﬁt
2859 2006 3081 2073 ﬂutnen,
3109 2023 3164 2068 et
3207 2031 3400 2072 rursus

1820 2074 2041 2145 ﬂumen,
2073 2081 2118 2136 si
2154 2082 2410 2142 ﬂuentem
2443 2090 2508 2144 de
2540 2104 2730 2150 ventre
2753 2094 2872 2165 ejus
2896 2097 3117 2156 llutium
3143 2120 3294 2175 aqua:
3323 2111 3401 2172 vi,-

1817 2177 1891 2225 taa
1919 2185 2024 2226 non
2052 2179 2371 2243 servaverit,
2401 2181 2457 2233 tit
2493 2198 2659 2240 mare.

1854 2344 2053 2402 .Vtias.
2089 2350 2176 2404 50.
2211 2351 2278 2406 Et
2326 2357 2572 2412 thronum
2616 2363 2730 2431 ejus
2778 2367 2910 2421 sicut
2956 2370 3068 2423 dies
3117 2373 3251 2441 caeli,
3287 2388 3392 2432 etc.

1817 2437 1950 2493 Cum
1986 2440 2129 2497 facta
2177 2444 2340 2501 fuerit
2375 2451 2623 2509 voluntas
2657 2456 2745 2511 D‘ei
2780 2458 2918 2514 sicut
2963 2461 3014 2515 in
3047 2466 3187 2522 cmlo
3232 2437 3287 2524 et
3339 2472 3394 2525 in

1819 2536 1997 2599 terra,
2049 2541 2177 2591 tunc
2231 2537 2395 2593 etiam
2437 2543 2664 2600 thronus
2705 2546 2908 2606 Christi
2944 2555 3050 2610 erit
3094 2558 3236 2614 sicut
3277 2559 3394 2617 dies

1815 2622 1959 2677 celi.

1886 2709 2050 2768 Vnus.
2088 2715 2179 2774 52.
2214 2718 2282 2771 Et
2310 2725 2568 2779 mandata
2604 2745 2715 2783 mea
2746 2749 2848 2789 non
2880 2740 3251 2811 rcustodierint,
3282 2757 3389 2802 etc.

1812 2802 1911 2870 Qui
1939 2813 2042 2863 non
2078 2818 2312 2869 ουειοιιιι
2348 2821 2600 2876 mandata
2640 2826 2753 2892 Dei,
2783 2831 2983 2889 desinit
3016 2850 3138 2893 esse
3165 2840 3392 2898 thronus

1812 2896 1953 2954 Dei:
1989 2917 2114 2956 nam
2167 2921 2186 2955 σ
2238 2907 2288 2960 in
2344 2910 2661 2969 malevolam
2717 2919 2956 2977 animam
3001 2941 3105 2981 non
3146 2930 3390 2987 intronbit

1809 2988 2102 3057 sapientia,
2139 3008 2316 3065 neque
2351 3000 2619 3060 habitabit
2649 3007 2703 3061 in
2755 3024 2985 3081 corpore
3018 3018 3236 3077 subdito
3260 3037 3389 3093 pec-

1786 3072 1945 3135 catis
1971 3080 2036 3136 θ’.
2080 3102 2099 3134 ο

1887 3171 2045 3228 Vens.
2067 3175 2137 3231 55
2198 3176 2435 3249 Visitabo
2468 3186 2523 3240 in
2548 3188 2693 3266 virga
2718 3192 3021 3264 iniquitates
3045 3217 3248 3272 eorum,
3276 3213 3381 3261 etc.

1818 3284 1837 3318 ι
1887 3265 2057 3334 Quem
2091 3275 2237 3329 enim
2285 3278 2459 3349 diligit
2508 3282 2810 3353 Dominus,
2841 3296 3112 3367 corripit;
3155 3298 3386 3372 ﬂagellat

1808 3370 1987 3416 autem
2015 3379 2232 3421 omnem
2261 3369 2429 3426 ﬁlium
2459 3390 2619 3443 quem
2649 3384 2919 3452 recipit“.
2962 3407 2980 3440 ι

1847 3450 2045 3509 «Ϋειιε.
2077 3457 2167 3512 45.
2199 3457 2383 3515 Sedetn
2411 3466 2525 3535 ejus
2551 3469 2604 3522 in
2642 3450 2840 3528 terram
2868 3479 3125 3537 collisisti.
3170 3485 3212 3540 E
3245 3489 3384 3544 casio

1805 3544 1860 3600 in
1900 3556 2101 3604 terram
2137 3553 2410 3610 colliditur
2457 3575 2611 3616 mens
2656 3579 2776 3633 qua:
2816 3581 2845 3623 e
2878 3570 3087 3628 caelesti
3127 3576 3267 3632 facta
3301 3592 3383 3635 est

1804 3641 2047 3693 terrena.

1874 3724 2036 3787 VERS.
2072 3731 2164 3791 46A.
2209 3735 2493 3795 Miaorasti
2542 3745 2652 3797 dies
2697 3750 2945 3819 temporis
2979 3755 3137 3825 ejus,
3162 3768 3269 3817 etc.
3298 3763 3382 3818 Ex

1802 3814 2150 3878 derclictioue
2186 3826 2505 3886 minuuntur
2535 3836 2767 3893 virtutes
2816 3851 2865 3895 et
2906 3848 3241 3911 cognitiones
3285 3870 3381 3905 no-

1800 3922 1962 3977 strte;
2006 3915 2135 3985 ipsa:
2161 3922 2306 3975 enim
2339 3933 2464 3979 sunt
2507 3927 2628 3983 dies
2664 3945 2867 3989 naturae
2912 3941 3269 4001 rationabilis.

1870 4092 2034 4165 776
2064 4092 2219 4153 Vens.
2247 4100 2333 4155 49.
2371 4100 2502 4167 Quis
2519 4116 2593 4159 est
2625 4106 2779 4162 homo
2808 4111 2898 4179 qui
2921 4111 3067 4178 viret,
3100 4126 3148 4168 et
3170 4132 3271 4170 non
3298 4119 3378 4172 vi-

1795 4179 1932 4235 debit
1958 4197 2197 4254 mortem,
2225 4203 2368 4245 eruet
2396 4196 2629 4252 animum
2669 4215 2817 4253 suam
2853 4205 2918 4255 de
2963 4220 3122 4258 manu
3159 4207 3320 4276 inferi
3352 4209 3380 4264 2

1794 4286 1901 4330 etc.
1937 4275 2164 4335 Virtutis
2212 4292 2268 4337 et
2323 4286 2568 4343 scientia:
2621 4290 3022 4349 incrementum
3072 4299 3271 4354 accidit
3306 4318 3373 4356 ex

1796 4369 2050 4425 vitiorum
2107 4383 2161 4445 et
2220 4375 2538 4446 ignorantia:
2597 4383 2995 4441 imminutione.
3060 4387 3258 4443 Malitia
3319 4404 3375 4448 et

1794 4460 2119 4530 ignorantia,
2161 4470 2357 4524 aninne
2401 4473 2740 4531 rationabilis
2777 4488 2968 4544 mors;
3015 4482 3122 4536 vita
3165 4494 3368 4553 autem,

69 4545 348 4612 ἀγνωσία
371 4547 603 4614 θάνατος
633 4543 815 4624 ψυχῆς
852 4554 1101 4629 λογικῆς⁸
1140 4558 1254 4631 ζωὴ
1284 4561 1343 4614 δὲ
1389 4563 1558 4636 ἁρετὴ
1599 4566 1693 4620 καὶ
1725 4578 1746 4637 ι

1846 4569 1970 4614 irtus
1990 4571 2046 4616 et
2076 4563 2327 4623 scientia.

66 4657 327 4708 γνωσις.

161 4728 256 4789 Οὖ
296 4734 578 4804 ὑπέσχον
612 4738 682 4792 ἐν
717 4738 798 4805 τῷ
827 4743 1033 4810 κόλπῳ
1068 4763 1186 4813 μου
1211 4745 1460 4800 πολλῶν
1478 4748 1687 4812 ἐθνῶν,

58 4842 134 4881 κ.
175 4842 235 4879 τ.
264 4825 319 4880 ἑ.
360 4827 573 4884 Κόλπον
602 4830 697 4884 νῦν
732 4833 828 4904 τὴν
858 4833 1036 4907 ψυχὴν
1093 4837 1372 4908 ὀνομάζει,
1400 4838 1489 4919 διᾲ
1511 4857 1570 4892 τε
1596 4843 1690 4895 καὶ

54 4920 180 4991 τήν
215 4919 429 4988 γνῶσιν
455 4922 555 4994 τὴν
587 4923 680 4977 τοῦ
709 4924 844 4978 Θεοῦ
889 4927 1070 4995 ἀγαθὰ
1097 4929 1476 5000 όιιδομιίιζζεσθαι⁸
1510 4932 1689 5001 ἀγαθὰ

49 5012 125 5065 δὲ
186 5012 267 5066 τὰ
331 5015 393 5067 ὲν
452 5016 673 5081 κόλποις
740 5017 950 5090 πέφυκε
1018 5020 1330 5088 βάλλεσθαι.
1372 5043 1392 5076 (
1438 5025 1689 5078 Πιστεύω

47 5106 220 5179 γὰρ,
263 5109 425 5180 φησὶ,
459 5110 552 5163 τοῦ
586 5111 725 5165 ,ἰδεῖν
762 5111 833 5166 τὰ
879 5112 1063 5182 ἀγαθὰ
1099 5115 1307 5186 Κυρίου
1345 5117 1403 5170 ὲν
1450 5119 1519 5187 γῇ
1551 5116 1686 5181 ζών-

43 5218 211 5255 των.
257 5220 279 5252 ι

148 5295 234 5350 Τὸ
282 5294 682 5368 ἀντάλλαγμα
727 5299 833 5355 τοῦ
865 5303 1146 5371 Χριστοῦ,
1196 5321 1247 5357 κ.
1285 5321 1337 5356 τ.
1380 5305 1426 5357 ὲ.
1461 5302 1615 5374 Τάχα
1657 5304 1687 5356 ὁ

32 5389 381 5461 Κυριακὸς
412 5390 718 5462 ἄνθρωπος.

667 5580 962 5636 ΨΛΛΜυΣ
994 5583 1119 5639 118'.

142 5667 239 5722 Τὰ
280 5668 739 5742 ἐξουδενώματα
770 5674 969 5730 αὐτῶν
1006 5678 1108 5745 ἐτη
1150 5675 1411 5744 ἔσονται,
1455 5698 1507 5735 κ.
1540 5696 1593 5733 τ.
1629 5679 1676 5737 ἑ.

40 5761 682 5837 Ἐξουδενωθήσεταιὴ
715 5766 828 5838 ζωὴ
860 5768 1060 5823 αὐτῶν,

1870 4735 2028 4794 Vens.
2059 4740 2150 4794 51.
2180 4742 2335 4807 Quod
2382 4749 2622 4803 continui
2664 4752 2718 4804 in
2753 4754 2874 4807 sinu
2921 4772 3036 4810 meo
3080 4759 3372 4817 multarum

1792 4830 2043 4897 gentium,
2077 4843 2183 4888 etc.
2222 4833 2410 4890 Sinum
2459 4838 2560 4895 hoc
2595 4841 2712 4897 loco
2762 4847 2995 4900 animam
3031 4861 3212 4921 vocat,
3243 4855 3371 4920 quia

1793 4921 1956 4975 etiam
1985 4923 2248 4979 bonorum
2285 4930 2500 4984 nurnine
2523 4935 2761 5003 cognitio
2793 4924 2887 4991 Dei
2915 4942 3233 5008 appellatur.
3264 4944 3369 5000 Bo-

1795 5026 1860 5063 na
1883 5021 2061 5066 autem
2083 5015 2133 5068 in
2158 5017 2337 5070 sinum
2370 5020 2559 5090 projici
2584 5023 2782 5081 solent.
2808 5046 2826 5079 ι
2848 5029 3021 5085 Credo
3042 5052 3059 5083 ι
3090 5032 3256 5096 enim,
3284 5038 3369 5089 in-

1787 5106 1982 5173 quit",
2006 5127 2024 5159 ι
2063 5107 2202 5164 bona
2233 5110 2443 5168 Domini
2482 5114 2667 5172 videre
2719 5120 2772 5173 in
2812 5131 2953 5176 terra
2989 5122 3305 5183 viventium.
3345 5146 3366 5181 ι

1868 5302 2023 5355 Vens.
2058 5303 2147 5361 52.
2181 5305 2655 5366 Commutationem
2698 5312 2899 5370 Christi
2932 5317 3034 5382 tui,
3062 5328 3169 5377 etc.
3205 5318 3369 5378 Forte

1789 5392 2103 5451 Dominicus
2134 5399 2296 5455 homo
2326 5411 2429 5456 est.

2246 5586 2566 5648 PSALMUS
2624 5592 2908 5653 LXXXIX.

1842 5680 2022 5736 τνειις.
2066 5683 2121 5740 5.
2166 5683 2300 5750 Qum
2343 5702 2438 5753 pro
2491 5687 2653 5744 nihilo
2707 5690 2965 5746 habentur
3006 5707 3187 5752 eorum
3237 5697 3365 5758 anui

1782 5786 1957 5839 erunt,
1993 5786 2096 5831 ctc.
2128 5779 2209 5833 Ad
2239 5779 2465 5836 nihilum
2493 5782 2764 5854 redigetur
2796 5787 2909 5842 vita
2927 5804 3135 5847 eorum.

138 5858 193 5888 ⁵³
224 5858 370 5925 Sap.
407 5874 446 5928 ι,
471 5859 524 5914 4.
601 5860 647 5890 ⁸⁸
677 5860 834 5916 Prov.
868 5876 951 5930 Ill,
996 5863 1096 5930 12;
1131 5863 1296 5920 Ilcbr.
1332 5882 1432 5934 xu,
1464 5864 1517 5922 6.
1596 5867 1641 5900 ⁸⁸
1676 5867 1741 5924 Ps

1850 5885 1992 5932 xxvr,
2031 5871 2111 5927 l5.
