3800 6504
478 359 608 417 1551
1861 355 1952 412 EX

2075 355 2293 416 :IGENE
3496 375 3576 436 ιε,

550 483 715 541 Vens.
746 480 800 538 9.
832 479 972 536 Anni
1008 478 1172 535 nostri
1216 478 1348 532 sicut
1391 492 1590 533 aranea
1625 477 2042 544 meditabantur,

2073 483 2124 543 Α
2224 476 2303 532 Τὰ
2331 475 2438 545 ἐτη
2472 474 2644 546 ἡμῶν
2661 474 2803 530 ὡσεὶ
2845 475 3080 547 ἀράχνη
3119 476 3387 546 ἐμελέτων.
3420 504 3460 542 κ.
3492 507 3524 544 τ.
3549 499 3574 550 ι.

478 583 588 632 etc.
619 594 637 627 ι
679 573 879 630 Umbra
916 591 936 626 ι
963 569 1318 640 enim,inquit
1349 567 1448 626 Job
1482 569 1550 636 ⁸⁸,
1581 585 1598 620 ι
1623 569 1837 624 estvita
1863 577 1979 622 nost

2159 589 2179 622 ι
2211 569 2346 623 Σκιὰ
2377 567 2487 641 γὰρ
2511 568 2723 642 ήμῶν,›
2745 570 2908 641 φησὶν
2935 567 3076 635 Ἰὼϐ,
3103 587 3121 621 ι
3147 570 3275 624 ἐστὶν
3295 573 3320 625 ὁ
3339 574 3424 644 βίος
3447 581 3512 636 ἐπὶ
3525 587 3580 657 τῆς

478 683 642 739 super
674 676 896 722 terram.
936 683 956 718 ι
1465 698 1467 700 -

834 681 896 722 m.
936 683 956 718 ι
1465 698 1467 700 -
2150 663 2273 735 γῆς.
2315 681 2335 715 ι

553 757 719 814 Vens.
752 757 837 812 l0.
870 755 940 811 Et
991 755 1216 827 amplius
1264 769 1444 809 eorum
1482 753 1633 808 labor
1657 763 1704 808 et
1745 752 1918 820 dolor,
1941 761 2048 810 etc.

2221 757 2332 812 Kal
2359 757 2426 812 τὸ
2461 758 2674 813 adsitn-
2699 756 2900 813 αὐτῶν
2927 759 3118 824 κόπος
3144 758 3238 813 καὶ
3259 762 3428 830 πόνος,
3449 783 3490 822 κ.
3508 786 3538 822 τ,
3557 774 3582 827 ι,

483 851 736 922 Maiorem
771 865 1032 906 annorum
1063 849 1151 920 qui
1184 847 1561 918 praeterierunt
1581 856 1786 916 partem
1820 847 1872 902 in
1906 846 1984 901 lah

2152 851 2226 906 Τὸ
2263 852 2446 906 πλεῖον
2471 852 2580 908 τῶν
2609 851 2986 924 παρελθόντων
3013 851 3150 907 ὲτῶν
3181 856 3233 908 ἐν
3266 855 3419 921 κόποις
3447 861 3511 914 καὶ
3533 866 3584 916 τίν

481 943 632 1005 ribus
660 958 723 998 ac
752 942 1025 997 doloribus
1059 939 1428 1011 transigimus.

1060 939 1428 1011 transigimus.
2151 958 2263 1005 νοις
2280 941 2561 1013 γινόμεθα.

553 1035 718 1091 Vens.
758 1034 845 1089 12.
876 1033 1158 1088 Dexteram
1190 1042 1333 1086 tuam
1358 1033 1432 1086 sic
1452 1040 1628 1086 notam
1663 1031 1768 1100 fac,
1795 1042 1900 1086 etc.
1937 1029 2051 1086 Non

2230 1031 2349 1102 Τὴν
2387 1030 2592 1096 δεξιάν
2635 1045 2750 1086 σου
2784 1031 2974 1098 οὕτως
3007 1029 3287 1102 γνώρισόν
3319 1052 3418 1104 μοι,
3442 1057 3536 1094 κ.τ.
3559 1045 3587 1099 ἑ.
3698 1091 3699 1098 χ

483 1129 657 1199 pcenis
689 1125 1011 1199 iulligendis,
1027 1126 1122 1183 sed
1151 1124 1486 1196 benignitate
1535 1133 1660 1180 nota
1710 1127 1802 1180 liat
1828 1125 1984 1182 dexte

2152 1125 2245 1197 Μὴ
2279 1125 2370 1179 ἐπὶ
2400 1125 2640 1189 κολάσει,
2675 1123 2788 1180 ἀλλ’
2821 1125 2914 1179 ἐπὶ
2955 1125 3313 1198 φιλανθρωπίᾳ
3343 1135 3589 1202 γνωρισάσθο

483 1231 595 1278 tua.

2155 1234 2248 1270 σου
2282 1219 2314 1289 ὴ
2336 1217 2506 1283 δεξιά.

553 1314 719 1370 Vens.
748 1311 835 1367 17.
849 1308 919 1364 Et
948 1311 1050 1367 erit
1071 1309 1318 1381 splendor
1345 1309 1558 1364 Domini
1588 1308 1683 1363 Dei
1707 1310 1877 1365 nostri
1899 1325 2054 1379 super

2223 1311 2340 1363 Kal
2370 1310 2542 1364 ἔσται
2574 1311 2613 1379 ἡ
2645 1309 2988 1380 λαμπρότης
3014 1310 3229 1378 Κυρίου
3251 1310 3342 1365 τοῦ
3363 1314 3475 1368 Θεοῦ
3491 1317 3589 1384 ἡμῶν
3698 1343 3699 1350 η

482 1425 599 1476 nos,
625 1417 734 1465 etc.
771 1407 1040 1477 Splendor
1079 1415 1162 1460 est
1193 1406 1417 1461 scientia
1448 1403 1542 1458 Dei
1575 1419 1591 1457 :
1643 1418 1765 1456 nam
1807 1404 1898 1474 qui
1938 1403 1983 1472 ej

2198 1401 2243 1467 ρ’
2273 1399 2452 1470 ἡμᾶς,
2489 1419 2543 1455 κ.
2580 1419 2631 1456 τ.
2681 1402 2730 1456 ὲ.
2775 1401 3112 1473 Λαμπρότης
3161 1402 3267 1454 ἐστὶ
3301 1404 3461 1471 γνῶσις
3492 1408 3587 1463 δεῦθ’
3698 1445 3699 1477 έ

482 1501 779 1573 participes
811 1508 961 1567 sunt,
993 1507 1258 1553 vocantur
1292 1495 1630 1566 splendores.
1669 1511 1689 1545 ι
1720 1493 1776 1549 In
1803 1494 1983 1563 splend

2198 1497 2249 1549 αἱ
2276 1497 2387 1568 γὰρ
2425 1497 2472 1550 οί
2518 1496 2836 1568 μετέχοντες
2871 1494 3040 1566 αὐτῆς
3088 1494 3351 1549 καλοῦνται
3377 1497 3592 1574 lupam.
3698 1493 3699 1540 ἶ

481 1595 652 1656 ribus,
682 1591 860 1663 inquit
885 1591 975 1657 θίν’,
1001 1597 1311 1646 sanctorum
1339 1599 1405 1641 ex
1425 1599 1601 1644 utmro
1619 1596 1745 1641 ante
1768 1585 1982 1642 lucifert

2152 1602 2272 1649 τεςο
2321 1605 2338 1636 ι
2385 1587 2472 1639 Ἐν
2518 1588 2638 1651 ταῖς
2682 1585 3051 1658 λαμπρότησι,
3094 1587 3240 1656 φησὶ,
3280 1586 3372 1640 τῶν
3414 1591 3532 1657 ἁγίων
3560 1599 3595 1648 ’u

480 1686 642 1758 genui
677 1693 751 1741 te.
792 1704 812 1737 ι

2155 1675 2392 1747 γαστρὸς
2418 1677 2523 1748 πρὸ
2557 1677 2835 1747 ἑωσφόρον
2866 1677 3133 1748 ἐγέννησα
3163 1693 3236 1729 σε.
3264 1696 3280 1729 ι

549 1778 683 1833 Ιιιιο.
712 1774 782 1830 Et
812 1792 941 1847 opus
969 1788 1223 1829 manuum
1250 1782 1548 1826 nostrarum
1571 1770 1875 1841 dirige,etc.
1911 1769 2050 1839 Ope-

2096 1839 2126 1847 _
2223 1767 2339 1821 Kal
2380 1768 2445 1821 τὸ
2485 1769 2662 1838 ἔργον
2700 1769 2819 1823 τῶν
2855 1769 3072 1839 χειρῶν
3121 1768 3284 1838 ἡμῶν
3313 1772 3597 1841 nassum,

482 1885 542 1927 ra
569 1884 822 1925 manuum
871 1866 1015 1923 actio
1041 1874 1126 1921 est
1161 1878 1280 1935 quae
1310 1865 1456 1919 circa
1493 1878 1582 1918 res
1607 1861 1846 1934 singulas
1876 1874 1983 1915 ver:

2201 1900 2214 1913 .
2265 1877 2320 1914 τ.
2363 1860 2409 1916 ὲ.
2452 1862 2626 1932 Ἔργα
2685 1861 2783 1932 μὲν
2836 1859 3036 1932 χειρῶν
3087 1861 3298 1931 ἐστινὴ
3344 1861 3439 1913 καθ’
3476 1839 3600 1916 {me
3698 1875 3699 1892 ³

483 1970 612 2031 tur;
646 1975 780 2032 opus
811 1973 941 2016 vero
975 1971 1233 2013 manuum
1269 1969 1334 2012 ea
1363 1962 1448 2011 est
1471 1954 1707 2025 cognitio
1739 1968 1858 2024 qua:
1881 1966 1950 2007 ex
1981 1979 1984 1999 ‹

2160 1955 2376 2026 πρᾶξις·
2414 1953 2574 2027 ἔργον
2595 1955 2652 2008 δὲ
2684 1953 2881 2026 χειρῶν
2904 1956 2938 2025 ἠ
2958 1946 3023 2008 ἐκ
3046 1951 3245 2006 τούτων
3265 1952 3603 2023 ὲπισυμδαίιονα

479 2052 694 2108 accidit.
747 2083 754 2090 -

2156 2046 2377 2115 γνῶσις.

1033 2226 1355 2287 PSALMUS
1384 2227 1497 2285 XC.

2745 2231 3040 2286 ΨΑΛΜΟΣ
3091 2234 3162 2298 1".

555 2328 712 2386 Vsus.
748 2325 806 2382 4.
827 2324 973 2380 Inter
1011 2324 1256 2394 scapulas
1281 2339 1408 2378 suas
1451 2321 1778 2378 obumbrabit
1801 2323 1916 2387 tibi.
1943 2333 2052 2380 etc.

2243 2328 2340 2382 Ἐν
2369 2326 2494 2393 τοῖς
2539 2324 2934 2396 μεταφρένοις
2975 2322 3166 2378 αὑτοῦ
3214 2321 3499 2378 ἐπισκιάσει
3531 2340 3609 2390 σα,

479 2422 727 2494 Scapula:
757 2418 1061 2492 symbolum
1092 2425 1217 2473 sunt
1251 2417 1454 2472 cordis.

2161 2439 2215 2475 κ.
2240 2439 2291 2474 τ.
2317 2422 2366 2475 ὲ.
2394 2421 2467 2474 Τὸ
2498 2420 2833 2491 μετάφρενον
2865 2416 3136 2488 σύμϐολόν
3166 2417 3276 2469 ἐστι
3300 2417 3496 2486 καρδίας.

550 2515 714 2570 Vens.
741 2513 795 2568 5.
821 2510 982 2567 Scuto
1016 2508 1360 2564 circumdabit
1391 2516 1438 2562 te
1473 2507 1662 2563 veritas
1693 2508 1826 2579 ejus,
1863 2525 1966 2564 non
1989 2511 2051 2564 ti-

2235 2514 2433 2583 Ὄπλῳ
2456 2508 2757 2565 κυκλώσει
2789 2522 2863 2563 σε
2907 2509 2947 2578 ἠ
2985 2507 3239 2574 ἀλήθεια
3271 2507 3448 2571 αὑτοῦ,
3475 2510 3526 2561 οὐ
3555 2528 3613 2576 ρο-

478 2608 638 2663 mebis
665 2625 696 2660 a
725 2607 911 2660 timore
934 2611 1210 2668 nocturno,
1233 2610 1339 2658 etc.
1363 2601 1587 2657 Scutum
1619 2601 1821 2657 Christi
1877 2602 1979 2657 scie

2165 2603 2399 2673 ϐηθήσῃ
2445 2602 2564 2658 ἀπὸ
2614 2603 2802 2673 φόϐου
2842 2599 3220 2669 νυκτερινοῦ,
3259 2617 3308 2653 κ.
3351 2616 3394 2652 τ.
3426 2600 3462 2653 ὲ.
3493 2601 3613 2652 '0er

480 2703 553 2755 tia
590 2715 755 2766 vera,
783 2707 837 2755 et
886 2697 979 2768 qui
1015 2695 1082 2751 ab
1121 2693 1214 2749 illa
1259 2694 1632 2750 circumdatur
1675 2709 1781 2750 non
1833 2708 1981 2764 expa‘

2163 2695 2399 2768 Χριστοῦ
2422 2694 2624 2764 γνῶσις
2648 2695 2873 2767 ἀληθὴς,
2896 2696 2988 2749 καὶ
3011 2693 3041 2746 ό
3064 2691 3409 2765 κυκλούμενος
3431 2693 3498 2746 ὑπ’
3514 2695 3614 2763 αὐτῆς

594 2827 614 2848 ο
2164 2790 2225 2842 οὐ
2260 2790 2464 2848 πτοηθή
2472 2807 2640 2848 σεται.

478 2799 716 2938 “Vens.
761 2879 814 2935 6.
848 2880 891 2932 Α
945 2877 1139 2948 sagitta
1163 2874 1370 2931 volante
1417 2875 1472 2928 in
1516 2874 1622 2941 die,
1648 2882 1755 2930 etc.
1784 2873 1979 2944 lmpur:

2164 2791 2225 2842 οὐ
2260 2791 2640 2862 πτοηθήσεται.

2247 2879 2381 2965 sine
2450 2879 2681 2947 ,βέλους
2747 2877 3080 2949 πετομένου
3151 2876 3394 2950 ἡμέρας,
3448 2894 3491 2931 κ.
3525 2894 3557 2930 τ.
3591 2879 3615 2931 ι·

483 2976 716 3046 aliquam
755 2972 1008 3026 virtutem
1053 2968 1156 3024 hoc
1187 2968 1304 3023 loco
1334 2967 1589 3038 sagittam
1632 2965 1950 3020 nominavit.

2176 2971 2509 3043 Ἀκάθαρτόν
2537 2989 2661 3026 τινα
2691 2970 2918 3043 δύναμιν
2946 2970 3042 3024 νῦν
3074 2970 3227 3042 βέλος
3251 2971 3484 3041 ὠνόμασε.

549 3069 682 3124 lato.
716 3066 796 3120 Ab
830 3066 1046 3120 incursu
1074 3072 1121 3118 et
1152 3063 1411 3118 da’monio
1457 3061 1768 3124 meridiano,
1800 3069 1906 3115 etc.
1937 3059 2050 3113 Βω-

2115 3091 2132 3149 :
2248 3062 2380 3117 Ἀπὸ
2425 3062 2865 3134 συμπτώματος
2915 3065 3012 3118 καί
3067 3063 3370 3133 δαιμονίου
3403 3065 3616 3132 paruitp-

482 3175 697 3216 moncm
755 3157 1114 3215 meridianum
1173 3156 1362 3212 dicunt
1410 3168 1534 3210 esse
1575 3153 1870 3209 dannonem
1914 3153 1980 3206 de

2163 3155 2274 3210 νοῦ
2303 3195 2317 3219 ,
2349 3173 2404 3210 κ.
2436 3174 2485 3210 τ.
2519 3157 2567 3210 ὲ.
2601 3157 2706 3211 Τὸν
2740 3154 3110 3228 μσημὸρινὺν
3140 3155 3362 3226 δαίμονά⁵
3387 3171 3513 3213 φασιν
3543 3148 3620 3206 εἶναι

483 3252 604 3307 ἀίει).

2161 3249 2252 3304 τὸν
2285 3249 2383 3307 τῆς
2414 3249 2661 3307 ἁκηδίας.

555 3267 604 3305 e.

555 3343 716 3399 Vens.
753 3341 841 3398 10.
886 3340 953 3397 Et
984 3337 1251 3412 ﬂagellum
1292 3354 1394 3394 non
1427 3339 1862 3410 appropinquabit
1888 3348 2056 3392 taoer-

2161 3267 2252 3304 τον
2285 3267 2383 3321 της
2414 3267 2661 3321 ακηοιας.

2232 3349 2339 3402 Kal
2372 3347 2600 3418 μάστιξ
2649 3349 2762 3402 οὐκ
2818 3346 3005 3417 ἐγγιεῖ
3058 3346 3141 3412 τῷ
3198 3345 3501 3415 σκηνώματι
3535 3361 3622 3400 σειν.

482 3435 671 3489 naculu
706 3444 816 3501 tuo,
855 3444 962 3489 etc.
1001 3434 1059 3488 Si
1103 3433 1225 3502 quis
1279 3430 1510 3486 voluerit
1540 3431 1591 3486 in
1635 3429 1904 3503 ﬂagellent
1949 3447 1981 3484 ιι

2159 3458 2216 3496 κ.
2249 3458 2299 3494 τ.
2332 3441 2377 3493 ὲ.
2410 3441 2472 3493 El
2509 3438 2747 3511 βούλοιτό
2785 3457 2869 3503 τις
2903 3439 2978 3510 μὴ
3011 3441 3331 3511 περιπεσεῖν
3369 3438 3625 3510 μάστιγι,

481 3529 741 3592 incidere,
767 3529 860 3580 ﬁat
887 3527 1077 3582 domus
1112 3524 1229 3580 Dei.

1200 3525 1229 3578 i.
2161 3533 2334 3587 νέσΘω
2365 3530 2511 3596 οἶκος
2544 3531 2701 3585 Θεοῦ.

551 3620 713 3691 777
753 3617 918 3674 Vens.
955 3615 1042 3670 11.
1071 3614 1138 3668 Ut
1170 3614 1468 3670 custodiant
1503 3622 1550 3667 te
1596 3612 1652 3666 in
1685 3613 1922 3668 omnibus
1968 3615 2052 3668 viis

2241 3624 2351 3678 Τοῦ
2378 3622 2741 3692 διαφυλάξαι
2770 3637 2844 3676 σε
2869 3621 2940 3674 ἐν
2971 3619 3204 3687 πάσαις
3239 3620 3362 3688 ταῖς
3398 3619 3523 3685 ὁδοῖς
3548 3634 3625 3681 σίν,

482 3712 607 3776 tuis,
665 3720 769 3765 etc.
824 3709 927 3778 Qui
960 3709 1014 3764 in
1059 3707 1204 3764 nulla
1244 3723 1304 3763 re
1351 3705 1615 3773 ollendit,
1647 3707 1956 3762 custoditur

2166 3736 2220 3774 κ.
2250 3736 2300 3772 τ.
2335 3719 2382 3774 ἑ.
2437 3719 2496 3772 '0
2526 3720 2586 3771 ὲν
2619 3718 2807 3789 μηδενὶ
2855 3717 3087 3784 πταίων,
3129 3710 3290 3783 οὗτος
3325 3717 3627 3786 διαφυλάςςετα

483 3807 732 3862 omnibus
760 3806 863 3860 viis
888 3804 1020 3861 suis.
2166 3812 2225 3864 ὲν
2265 3811 2469 3874 πάσαις
2499 3813 2620 3874 ταῖς
2653 3811 2793 3873 ὁδοῖς
2819 3807 3007 3864 αὐτοῦ.

553 3899 717 3954 Vens.
751 3898 838 3952 12.
878 3896 962 3952 Ne
996 3897 1131 3966 forte
1179 3894 1415 3965 offendas
1468 3893 1537 3949 ad
1596 3893 1822 3963 lapiaem
1883 3908 2054 3962 peaem

2239 3899 2486 3969 Μήποτε
2521 3901 2883 3969 προσκόψῃς
2907 3899 3060 3968 πρὸς
3082 3900 3264 3954 λίθον
3291 3899 3390 3953 τὸν
3412 3897 3532 3951 πόδα
3547 3912 3628 3960 cor,

484 3998 652 4055 tuum,
684 3997 789 4045 etc.
816 3989 919 4043 Pes
946 3987 1183 4042 animam
1210 3986 1520 4057 signiﬁcat,
1549 3984 1684 4056 lapis
1724 3998 1985 4058 peccatun

2167 4009 2221 4046 κ.
2253 4009 2304 4044 τ.
2339 3993 2385 4046 ὲ.
2435 3993 2491 4047 '0
2523 3992 2656 4058 ποῦς
2683 3992 2782 4064 μὲν
2816 3993 2917 4065 τὴν
2941 3991 3122 4064 ψυχὴν
3151 3991 3418 4065 σημαίνει,
3445 3989 3529 4046 ὁδὲ
3548 3989 3631 4050 illis;

2163 4081 2260 4153 τὴν
2281 4082 2572 4154 ἁμαρτίαν.

556 4165 701 4223 Vens
723 4162 810 4219 16.
832 4162 903 4218 Et
932 4165 1206 4219 ostendam
1231 4165 1313 4218 illi
1341 4164 1577 4220 salutare
1598 4181 1791 4232 meum,
1819 4175 1926 4221 etc.
1959 4165 2054 4222 Sa-

2233 4175 2342 4228 Kal
2385 4173 2562 4240 δείξω
2603 4172 2764 4239 αὐτῷ
2798 4173 2864 4228 τὸ
2893 4172 3199 4243 σωτήριόν
3227 4192 3364 4246 μου,
3385 4192 3434 4231 κ,
3456 4191 3496 4227 τ.
3516 4173 3548 4224 ὲ.
3570 4170 3632 4222 Σω-

485 4257 660 4314 lutare
693 4256 788 4313 Dei
822 4257 1072 4314 Christus
1098 4265 1205 4314 est.

2162 4264 2349 4337 τήριον
2374 4266 2466 4320 τοῦ
2499 4264 2634 4320 Θεοῦ
2657 4265 2804 4320 ἐστιν
2830 4266 2858 4319 ὁ
2881 4265 3142 4335 Χριστός.

1030 4440 1352 4500 PSALuus
1380 4441 1514 4498 xcu.
2090 4459 2140 4517 υ

2090 4459 2140 4517 ι)
2719 4452 3023 4512 “mox
3056 4449 3218 4522 cA'.‘

557 4537 720 4593 Vens.
747 4537 802 4593 4.
830 4536 896 4591 In
924 4535 1248 4591 decacltordo
1296 4536 1545 4600 psalterio
1591 4553 1708 4590 cum
1758 4539 1962 4594 cantico
2007 4541 2058 4594 in

2250 4544 2344 4596 Ἐν
2374 4541 2714 4613 δεκαχόρδῳ
2744 4545 3056 4613 ψαλτηρίφ
3074 4547 3213 4617 μετ’
3245 4545 3393 4616 ᾠδῆς
3417 4546 3476 4602 ἐν
3493 4542 3636 4612 κιθάρᾳ.

482 4632 709 4689 cithara.
731 4641 838 4685 etc.
858 4628 1181 4684 Psalterium
1211 4635 1293 4683 est
1320 4643 1473 4683 mens
1492 4643 1625 4698 pura
1654 4644 1815 4702 quam
1845 4631 1975 4700 spiri

2167 4652 2220 4688 κ.
2257 4652 2286 4687 τ
2340 4637 2387 4689 ἐ.
2418 4634 2726 4708 Ψαλτήριόν
2759 4637 2873 4690 ἐστι
2909 4637 3034 4702 νοῦς
3069 4639 3322 4712 καθαρὸς
3359 4641 3450 4694 ὑπὸ
3483 4653 3637 4707 πνευμα-

485 4723 551 4778 lis
583 4723 810 4777 scientia
843 4729 1057 4789 movet;
1102 4722 1314 4776 cithara
1340 4733 1518 4778 autem
1546 4730 1630 4779 est
1659 4722 1838 4780 anima
1862 4734 1981 4781 actr

2162 4729 2318 4800 τικῆς
2375 4727 2689 4798 κινούμενος
2733 4728 3008 4800 γνώσεως·
3070 4732 3285 4807 κιθάρα
3337 4733 3392 4788 δέ
3434 4735 3524 4787 ἐστι
3555 4729 3640 4800 21.21%,

484 4831 644 4887 quam
680 4825 898 4870 movent
941 4813 1192 4868 mandata
1236 4813 1462 4870 Christi.

2165 4818 2444 4892 πρακτικὴ
2499 4818 2605 4873 ὑπὸ
2658 4819 2766 4873 τῶν
2821 4821 3052 4877 ὲντοὶῶν
3113 4825 3218 4879 τοῦ
3272 4824 3488 4899 Χριστοῦ
3537 4838 3641 4876 mw

2214 4911 2330 4964 ένη.

552 4987 718 5043 Vens.
763 4989 817 5042 7.
865 4984 955 5038 Vir
1002 4987 1249 5054 insipiens
1291 5005 1392 5043 non
1440 4999 1733 5059 cognoscet,
1780 4998 1884 5045 etc.
1921 4988 2053 5045 Insi-

2214 4927 2330 4977 ενη.

2169 4929 2208 4979 μ
2247 5005 2416 5073 Ἀνὴρ
2463 5003 2666 5074 ἄφρων
2700 5007 2772 5060 οὐ
2830 5006 3148 5078 γνώσεται,
3189 5027 3248 5064 κ.
3293 5027 3344 5064 τ.
3387 5011 3431 5064 ἑ.
3474 5008 3641 5075 Ἔιττιες

478 5083 696 5152 pientiae
726 5080 953 5146 malitia,
989 5079 1208 5135 malitiae
1246 5090 1425 5136 autem
1459 5085 1760 5152 ignorantia
1800 5083 1908 5138 ﬁlia
1949 5098 1979 5137 e

1829 5083 1908 5138 ilia
1949 5092 2055 5139 est.
2163 5093 2471 5166 ἀφροσύνης
2504 5095 2690 5161 κακία,
2732 5097 2930 5161 κακίας
2959 5097 3018 5151 δὲ
3050 5098 3330 5167 ἀγνωσία.

554 5177 719 5232 Vens.
750 5175 833 5230 10.
875 5175 1136 5241 Quoniam
1162 5192 1276 5230 ecce
1309 5177 1508 5231 inimici
1543 5178 1622 5231 tui
1654 5177 1917 5246 peribunt,
1946 5187 2050 5236 etc.

2236 5184 2354 5237 Ὅτι
2390 5182 2518 5238 ίδοὺ
2556 5169 2852 5254 οίὲχθροί
2894 5201 3010 5240 σου
3043 5169 3441 5254 ἀπολοῦνται,
3480 5202 3523 5238 κ.
3561 5199 3594 5234 τ.
3620 5179 3644 5230 ί.

479 5271 707 5358 Periens
746 5269 998 5324 inimicus
1040 5267 1097 5323 lit
1143 5268 1371 5334 amicus,
1404 5285 1526 5324 nam
1559 5271 1897 5327 inimicitiam
1937 5271 1980 5342 ej

2170 5275 2392 5348 Ἐχθρὸς
2413 5277 2784 5350 ἀπολλύμενος
2809 5278 3016 5348 γίνεται
3050 5279 3239 5350 φίλος·
3277 5279 3373 5352 τὴν
3404 5280 3496 5350 γάρ
3524 5273 3644 5345 ἔχθραν

479 5362 750 5418 destruxit
785 5365 941 5419 Deus.

2157 5367 2323 5422 αὐτοῦ
2356 5369 2616 5438 ἠφάνισεν
2640 5373 2669 5425 ό
2693 5371 2845 5436 Θεὸς.

557 5455 719 5511 Vens.
753 5456 838 5511 11.
876 5454 943 5509 Et
968 5463 1203 5509 senectus
1250 5469 1366 5507 mea
1394 5453 1447 5506 in
1481 5453 1845 5508 misericordia
1887 5454 2058 5522 uberi,

2227 5460 2337 5514 Kal
2360 5460 2426 5515 τὸ
2446 5461 2635 5532 γῆράς
2651 5482 2769 5534 μου
2806 5464 2876 5518 ἐν
2892 5464 3070 5530 ἐλαίῳ
3105 5467 3304 5532 πίονι,
3329 5483 3381 5519 κ.
3412 5483 3456 5517 τ.
3482 5465 3518 5516 ὲ.
3540 5461 3645 5528 ﬁn“;

481 5557 588 5604 etc.
612 5547 872 5603 Senectus
887 5547 1017 5616 justi
1043 5547 1265 5601 scientia
1295 5561 1442 5614 vera,
1461 5553 1516 5599 et
1534 5545 1790 5615 juventus
1809 5546 1928 5616 ejus
1947 5558 1982 5601 sl

2159 5551 2365 5606 δικαίου
2409 5554 2611 5623 γνῶσις
2658 5557 2884 5630 ἀληθής·
2929 5557 3023 5616 καὶ
3074 5560 3281 5632 νεότης
3311 5559 3464 5613 αὑτοῦ
3497 5554 3647 5611 ἀπάξω

488 5651 572 5698 tus
595 5642 788 5696 mentis
815 5651 898 5697 est
923 5655 1114 5696 carens
1134 5641 1280 5695 omni
1312 5638 1598 5696 affectuum
1627 5639 2054 5710 perturbatione.
2159 5642 2359 5716 ψυχῆς.
2800 5639 2804 5644 ’
3284 5636 3296 5642 ”

554 5805 600 5840 ⁸⁸
630 5802 751 5862 Job.
776 5820 892 5869 vm,
919 5805 976 5861 9.
1050 5806 1115 5838 ⁶⁸⁶
1135 5804 1274 5862 Psal.
1303 5819 1410 5873 cut,
1445 5806 1498 5864 5.
