3800 6516
176 393 309 450 1ἣέἱῦ

1081 397 1392 455 SELECTA
1428 399 1497 456 IN
1531 397 1874 456 PSALMOS.
1908 431 1979 445 -—
2011 400 2207 458 PSAL.
2250 400 2434 477 XCIII.

3281 376 3420 456 isst

238 513 673 584 Πεφυτευμένοι
719 514 790 570 ἐν
826 514 905 582 τῷ
949 518 1092 586 οἴκῳ
1129 522 1375 589 Κυρίου,
1414 538 1467 574 κ.
1502 538 1554 574 τ.
1596 519 1645 574 ὲ.
1678 520 1732 575 Oi

1919 519 2081 578 Vens.
2118 520 2202 578 14.
2240 520 2476 576 Plantati
2506 521 2559 575 in
2613 519 2766 574 domo
2799 518 3030 581 Domini,
3065 527 3174 571 etc.
3196 515 3331 570 .lusti
3366 516 3418 569 in

170 603 382 672 δίκαιοι,
419 606 773 677 φυτευθέντες
825 609 882 664 ἐν
919 612 984 682 τῇ
1026 611 1223 680 γνώσει
1262 616 1327 685 τῇ
1375 612 1468 667 τοῦ
1509 610 1732 685 Κυρίου,

1873 612 2078 669 οὶεηιὶιι
2105 612 2444 682 Deiplantati
2468 614 2665 668 multos
2694 613 2746 668 in
2776 611 2878 666 hoc
2902 609 3102 664 mundo
3140 609 3219 662 vel
3250 609 3301 662 in
3332 621 3421 662 ec-

173 698 395 762 πολλοὺς
436 702 494 754 ἐν
538 700 615 771 τῷ
648 702 837 775 κόσμῳ
874 703 1050 775 τούτῳ
1097 704 1130 776 ἢ
1171 706 1228 758 ἐν
1260 709 1380 771 ταῖς
1422 704 1732 778 ἐκκλησίαις

1873 704 2036 763 desiis
2065 706 2237 760 instar
2260 705 2451 761 ﬂorum
2486 703 2768 775 proferunt
2798 703 3069 770 homines,
3101 716 3239 773 quos
3272 700 3419 755 velut

171 790 550 863 ἐξανθήσουσιν
584 795 922 867 ἀνθρωπους,
961 796 1052 851 διὰ
1105 798 1207 869 τῆς
1245 799 1621 872 πνευματικῆς
1657 786 1741 853 δι-

169 881 457 949 δασκαλίας
496 887 965 959 καρποφοροῦντες
997 889 1212 954 αὐτούς.

237 976 347 1029 Kal
371 978 481 1031 οὐκ
505 979 676 1033 ἔστιν
697 980 898 1035 ἀδικία
932 982 1066 1050 παρ’
1086 981 1267 1049 αὐτῷ,
1289 1000 1345 1038 κ.
1374 1000 1427 1038 τ.
1449 983 1497 1039 ἐ.
1535 980 1744 1036 ’Δδικία

172 1067 266 1122 οὐκ
289 1068 404 1123 ἔστι
427 1071 577 1143 παρὰ
599 1066 738 1144 Θεῷ,
764 1072 854 1127 διὰ
878 1073 941 1127 τὸ
962 1069 1099 1128 εἶναι
1125 1074 1287 1129 αὑτὸν
1310 1074 1509 1139 κακίας
1553 1072 1740 1127 ἀνεπί-

170 1159 373 1216 δεκτον.

1741 1314 1813 1327 —

740 1460 1030 1515 ΨΑΛΜΟΣ
1069 1461 1182 1529 nB'.

246 1548 506 1618 Ἐπῆραν
551 1554 605 1605 οὶ
659 1552 911 1622 ποταμοὶ
973 1555 1175 1623 φωνὰς
1229 1554 1446 1620 αὐτῶν,
1493 1571 1546 1608 κ.
1589 1571 1641 1607 τ.
1687 1553 1737 1609 ἐ.

165 1644 359 1710 Φύσεις
408 1646 631 1715 λογικὰς
671 1648 833 1715 ἁγίας
894 1651 1173 1720 ποταμοὺς
1230 1649 1503 1721 ὀνομάζει,
1539 1648 1627 1702 διὰ
1680 1646 1741 1701 τὸ

168 1734 280 1803 ῥεῖν
342 1737 406 1788 ἐκ
474 1736 572 1806 τῆς
638 1737 863 1808 καρδίας
947 1738 1124 1792 αὐτῶν
1190 1740 1467 1811 ποταμοὺς
1542 1736 1735 1800 ὓδατος

167 1823 389 1886 ζῶντος.
522 1823 525 1825 ί
720 1835 722 1838 ’

202 1842 389 1889 ωντος.
720 1835 722 1838 ’

1846 794 2053 855 fructus
2089 798 2323 868 spiritali
2358 800 2600 854 doctrina
2635 796 2958 869 producunt.

1917 979 2083 1037 Vens.
2118 976 2205 1033 16.
2240 975 2310 1031 Ει
2341 994 2443 1031 non
2476 986 2549 1032 est
2578 976 2826 1047 iniquitas
2860 976 2915 1029 in
2942 991 3023 1041 eo,
3047 982 3155 1029 etc.
3183 970 3298 1026 Non
3333 978 3415 1023 est

1849 1066 1988 1137 apud
2037 1066 2205 1123 Deum
2251 1064 2530 1136 iniquitas,
2565 1081 2688 1121 cum
2738 1065 2953 1121 malitiae
2996 1080 3101 1119 non
3144 1062 3217 1118 sit
3245 1061 3417 1115 obno-

1847 1174 1989 1216 IIIIS.

2370 1450 2687 1514 PSALMUS
2742 1448 2898 1506 XCII.

1921 1551 2080 1607 Vens.
2111 1550 2161 1604 5.
2191 1548 2533 1604 Elevaverunt
2570 1546 2789 1618 ﬂumina
2809 1559 2953 1599 voces
2985 1556 3131 1607 suae,
3156 1546 3261 1595 etc.
3302 1535 3413 1591 Na—

1848 1654 1999 1701 turas
2030 1644 2377 1698 rationabiles
2409 1649 2626 1696 sanctas
2653 1638 2869 1693 ﬂumina
2901 1642 3076 1699 vocat,
3096 1633 3221 1703 quia
3245 1629 3416 1685 ﬂuunt

1848 1756 1879 1795 e
1905 1738 2071 1794 corde
2100 1752 2288 1793 earum
2324 1734 2544 1789 ﬂumina
2581 1747 2737 1804 aqua:
2770 1729 3022 1786 viventis.

233 1915 571 1984 Θαυμαστοὶ
638 1919 691 1970 οἱ
737 1918 1125 1988 μετεωρισμοὶ
1206 1920 1315 1988 τῆς
1383 1917 1732 1986 θαλάσσης,

1915 1908 2082 1968 Vens.
2105 1912 2162 1966 4.
2199 1911 2473 1967 Mirabile:
2504 1911 2758 1968 elationes
2807 1909 2991 1975 maris,
3020 1914 3123 1963 etc.
3153 1902 3418 1960 Mirabilis

161 2020 216 2057 δι.
269 2021 322 2059 τ.
383 2005 430 2059 ι.
488 2006 785 2079 Θαυμαστὴ
844 2007 1050 2077 γίνεται
1112 2008 1255 2080 ψυχὴ
1311 2008 1539 2082 ἀρθεῖσα
1606 2024 1737 2079 μετ-

160 2099 349 2169 ἀρσιος
410 2102 503 2155 καὶ
563 2102 889 2174 χωρισθεῖσα
934 2103 1042 2157 τῶν
1097 2104 1188 2157 τοῦ
1244 2103 1360 2174 βίου
1412 2101 1601 2157 τούτου
1643 2117 1738 2154 κυ-

170 2209 357 2262 ματων

720 2488 1012 2543 ΨΑΛΜΟΣ
1061 2488 1173 2556 ιιιη.
1214 2490 1217 2493 λ

245 2577 487 2647 Ἀπόδος
543 2579 949 2635 ἀνταπόδοσιν
1003 2577 1429 2649 ὑπερηφάνοις,
1478 2594 1533 2632 κ.
1584 2594 1637 2631 τ.
1686 2578 1733 2630 ὲ.

158 2668 550 2812 ἔπερηφανία
631 2672 745 2725 ἐστὶ
830 2673 1233 2743 καταφρόνησις
1296 2669 1540 2740 κλήσεως
1602 2669 1738 2737 ἀγα-

196 2778 277 2812 ης.

230 2778 277 2823 ς.

196 2778 277 2829 ης.

236 2850 346 2904 Τὸν
392 2854 547 2907 λαόν
588 2868 725 2920 σου,
756 2857 949 2924 Κύριε,
997 2855 1425 2922 ἐταπείνωσαν,
1480 2873 1535 2911 κ.
1574 2871 1630 2911 τ.
1678 2853 1727 2908 ἑ.

1848 2002 1907 2057 iit
1931 2004 2110 2058 anima
2146 2018 2265 2072 quae
2310 2003 2362 2057 in
2407 2002 2636 2059 sublime
2665 2000 2805 2056 elata
2847 2009 2932 2054 est
2974 2006 3030 2052 et
3063 2002 3315 2066 separata
3348 1992 3417 2046 ab

1846 2095 2005 2167 hujus
2035 2096 2158 2151 vita:
2178 2092 2450 2151 ﬂuctibus.

2353 2473 2674 2533 PSALMUS
2707 2469 2884 2528 XCIII.

1926 2574 2075 2632 Vens.
2111 2571 2167 2625 2.
2212 2568 2388 2625 Redde
2435 2565 2829 2622 retributionem
2876 2561 3135 2632 superbis,
3170 2566 3277 2615 etc.
3313 2556 3418 2614 Su-

1844 2666 2028 2739 perbia
2071 2672 2414 2734 contemptus
2445 2670 2528 2716 est
2558 2656 2859 2714 vocationis
2885 2655 3063 2712 bonae.

1908 2842 2071 2899 Vens.
2112 2844 2166 2899 5.
2202 2840 2462 2913 Populum
2510 2850 2683 2905 tuum,
2715 2836 2953 2903 Domine,
2986 2832 3414 2900 humiliaverunt,

161 2957 183 2991 ι
229 2943 324 2995 Ὃν
372 2945 560 3016 ἀγαπᾷ
593 2947 814 3017 Κύριος,
850 2947 1114 3015 παιδεύει,
1152 2968 1171 2999 ι
1204 2950 1367 3020 φησὶν
1397 2952 1425 3002 6
1465 2947 1727 3002 Ἀπόστο-

1873 2946 1944 2994 tc.
1985 2957 2004 2990 ι
2056 2938 2228 3005 Quem
2283 2936 2459 3006 diligit
2516 2933 2811 2997 Dominus,
2861 2931 3120 3001 corripit,
3170 2949 3190 2983 ι
3240 2929 3418 2999 inquit

156 3034 269 3096 λος·
305 3037 354 3089 εί
383 3036 439 3091 δὲ
457 3037 515 3091 ὃν
547 3039 810 3103 παιδεύει,
848 3041 1159 3112 μακαρίζει,
1196 3044 1303 3106 πᾶς
1335 3043 1363 3094 6
1408 3041 1732 3112 παιδευόμε-

1838 3030 2126 3104 Apostolus
2147 3031 2214 3083 ".
2248 3029 2304 3086 Si
2337 3038 2516 3082 autem
2552 3040 2711 3094 quem
2744 3024 2991 3094 corripit,
3012 3023 3230 3078 beatum
3272 3036 3413 3090 prae-

155 3145 245 3191 νος
309 3128 398 3181 ὑπ’
465 3129 629 3183 αὐτοῦ
683 3111 899 3203 ἀπαθὴς
963 3111 1286 3205 γενήσεται·
1363 3132 1553 3187 τοῦτον
1619 3111 1730 3203 γὰρ

1874 3125 2001 3188 icat,
2023 3120 2201 3177 omnis
2226 3120 2317 3190 qui
2350 3119 2417 3173 ab
2446 3117 2534 3172 illo
2553 3115 2870 3186 corripitur,
2895 3113 2962 3168 ab
2986 3112 3236 3167 omnibus
3249 3111 3416 3182 778

152 3222 346 3293 ἀγαπᾷ
384 3222 615 3295 Κύριοςο
650 3224 861 3278 παιδεία
886 3224 994 3296 γάρ
1032 3226 1148 3279 ἐστι
1181 3224 1573 3299 μετριοπάθεια
1620 3242 1729 3280 πα-

1875 3225 1929 3270 et
1976 3213 2256 3269 aﬂ'ectibus
2304 3213 2459 3267 liber.
2498 3210 2650 3266 llnuc
2708 3208 2857 3265 enim
2910 3205 3082 3276 diligit
3127 3204 3411 3259 Dominus.

152 3310 284 3365 θῶν.

234 3402 345 3458 Τοῦ
426 3402 683 3473 πραῧναι
752 3406 939 3462 αὐτὸν
990 3407 1091 3477 ἀφ’
1141 3406 1376 3478 ἡμερῶν
1436 3407 1731 3478 πονηρῶν,

152 3512 212 3550 κ.
246 3512 296 3547 τ.
330 3496 377 3549 ἐ.
416 3496 656 3569 Ἡμέρας
695 3498 935 3570 πονηρὰς
971 3500 1070 3564 τὰς
1114 3500 1325 3572 ἡμέρας
1359 3501 1458 3572 τῆς
1499 3502 1735 3573 κρίσεως

149 3587 323 3655 λέγει,
373 3590 429 3641 ἐν
468 3585 557 3652 αἷς
614 3591 643 3643 6
692 3591 1079 3662 παιδευόμενος
1130 3592 1221 3646 ὑπ’
1266 3591 1453 3658 αὐτοῦ,
1497 3592 1734 3665 καθαρὸς

147 3680 443 3749 γενόμενος
470 3680 577 3733 ἀπὸ
605 3681 811 3748 παθῶν,
845 3682 1141 3739 ἀπολαύσει
1176 3684 1286 3756 τῆς¹
1309 3684 1582 3754 γνώσεως,
1611 3687 1735 3741 ἀτά-

151 3788 322 3843 ραχος
346 3771 635 3844 διαμένων.

231 3866 379 3932 Ἕως
408 3861 481 3922 οὗ
530 3867 718 3937 όρυγῇ
744 3868 825 3935 τῷ
863 3869 1189 3940 ἁμαρτωλῷ
1224 3871 1468 3940 βόθρος,
1517 3887 1574 3925 κ.
1598 3887 1651 3925 τ.
1680 3870 1729 3927 ἑ.

147 3956 258 4010 B60
270 3969 358 4030 ρον
381 3959 479 4029 τὴν
505 3960 726 4029 γέενναν
754 3961 1056 4029 ὠνόμασεν.

231 4049 376 4115 Ἕως
426 4046 496 4106 οὗ
550 4051 903 4121 δικαιοσύνη
960 4052 1308 4123 ἐπιστρέψει
1362 4055 1448 4119 εἰς
1505 4052 1729 4122 κρίσιν,

148 4157 211 4193 κ.
245 4158 295 4193 τ.
323 4141 370 4194 ὲ.
410 4141 550 4207 Ἕως
583 4139 642 4197 οὗ
681 4145 709 4197 ὁ
748 4145 983 4216 Χριστὸς
1029 4148 1204 4217 κρινεῖ
1250 4146 1349 4218 τὴν
1383 4145 1726 4217 οἰκουμένην·

145 4232 318 4296 αὐτὸς
344 4233 452 4307 γὰρ
492 4253 511 4285 ι
548 4237 677 4306 ἡμῖν
710 4237 941 4309 ἐγενήθη
984 4239 1144 4308 σοφία
1189 4239 1297 4292 ἀπὸ
1331 4238 1487 4303 Θεοῦ,
1529 4238 1733 4291 δικαιο-

1837 3308 2119 3379 Correptio
2147 3308 2291 3363 enim
2322 3316 2404 3362 est
2437 3303 2725 3359 aﬂ‘ectuum
2759 3298 3124 3356 mediocritas.

1909 3402 2073 3458 Vens.
2098 3400 2186 3455 15.
2219 3398 2287 3455 Ut
2330 3399 2533 3468 mitiges
2569 3396 2615 3450 ei
2641 3412 2673 3449 a
2719 3395 2900 3448 diebus
2943 3389 3119 3456 matis,
3151 3397 3255 3444 etc.
3283 3386 3410 3443 Dies

1836 3494 2004 3550 malos
2031 3491 2353 3562 diesjudicii
2381 3490 2533 3555 dicit,
2564 3490 2619 3543 in
2650 3487 2845 3557 quibus
2889 3483 2981 3555 qui
3011 3484 3081 3538 ab
3110 3481 3202 3537 illo
3232 3481 3407 3537 corri-

1834 3587 2001 3658 pitur,
2039 3586 2106 3641 ab
2153 3582 2433 3639 aﬂ‘ectibus
2463 3581 2597 3637 liber
2634 3580 2879 3643 eil'ectus,
2902 3575 3130 3632 scientia
3162 3571 3407 3644 perfrue-

1838 3693 1924 3737 tur
1946 3690 2000 3736 et
2020 3678 2445 3749 imperturbatus
2475 3674 2734 3729 manebit.

1904 3860 2036 3914 lem.
2067 3857 2241 3911 Donec
2270 3854 2508 3925 fodiatur
2539 3851 2796 3922 peccatori
2825 3850 2996 3920 fovea,
3032 3857 3136 3905 etc.
3173 3846 3410 3906 Foveam

1833 3953 2132 4023 gehennam
2160 3949 2393 4003 vocavit.

1903 4043 2067 4100 Vens.
2111 4041 2198 4096 15.
2238 4039 2592 4108 Quoadusque
2626 4037 2840 4106 Justitia
2882 4041 3218 4090 convertatur
3237 4032 3293 4085 in
3315 4030 3410 4102 ju-

1832 4137 2048 4202 dicium,
2083 4145 2187 4189 etc.
2232 4135 2410 4188 Donec
2455 4130 2704 4185 Christus
2746 4129 2955 4198 judicet
3004 4126 3193 4181 orbem
3228 4133 3406 4178 terra-

1833 4245 1970 4283 rum.
2002 4228 2117 4297 Ipse
2145 4227 2289 4280 enim
2332 4243 2351 4276 ι
2394 4223 2549 4278 nobis
2582 4222 2760 4277 factus
2800 4230 2886 4276 est
2914 4217 3177 4289 sapientia
3204 4231 3233 4269 a
3275 4215 3405 4279 Deo,

152 4322 295 4395 σύνη
322 4306 495 4379 τεκαὶ
521 4326 793 4397 ἁγιασμὸς
833 4306 939 4380 καί⁷
962 4306 1360 4400 ἀπολύτρωσις,
1403 4347 1422 4380 ι
1463 4329 1556 4383 καὶ
1581 4348 1598 4380 ι
1633 4330 1730 4402 τὴν

1873 4321 2035 4376 nstitia
2066 4332 2280 4390 quoque
2303 4328 2357 4372 et
2394 4314 2774 4381 sanctiﬁcatio,
2799 4322 2854 4367 et
2891 4308 3193 4377 redemptio
3214 4306 3280 4373 ⁸⁸,
3301 4325 3321 4358 ι
3354 4315 3409 4360 et

142 4415 336 4487 κρίσιν
359 4416 416 4469 δὲ
446 4417 626 4470 πᾶσαν
652 4418 799 4489 αὐτῷ
828 4418 1061 4473 δέδωκεν
1087 4421 1114 4473 6
1147 4420 1363 4491 Πατήρ.
1390 4439 1408 4471 ι

234 4508 302 4561 Τὸ
330 4508 502 4575 ἔλεός
530 4523 667 4573 σου,
692 4510 888 4577 Κύριε,
919 4510 1150 4578 ἐϐοήθει
1191 4530 1314 4582 μοι,
1346 4530 1401 4567 κ.
1443 4529 1492 4566 τ.
1523 4514 1571 4568 ὲ.
1614 4513 1730 4566 Ἐν-

1835 4434 1853 4467 (
1885 4414 2148 4483 judicium
2172 4425 2335 4467 omne
2362 4411 2411 4466 ei
2442 4408 2592 4464 dedit
2626 4406 2868 4462 Pater”.
2909 4422 2928 4455 ι

1900 4506 2064 4562 Vens.
2088 4507 2171 4562 18.
2191 4503 2553 4559 Misericordia
2582 4510 2696 4568 tua,
2722 4496 2968 4564 Domine,
3001 4493 3285 4564 adjuuabat
3303 4507 3405 4555 me,

139 4601 330 4655 ταῦθα
356 4601 417 4654 τὸ
448 4601 593 4665 ἕλεος
617 4601 709 4654 τοῦ
745 4602 980 4673 Χριστοῦ
1014 4604 1113 4675 τὴν
1144 4603 1401 4677 πρόνοιαν
1432 4605 1593 4658 αὐτοῦ
1633 4624 1728 4677 ση-

1873 4610 1939 4655 lc.
1968 4600 2077 4654 lIoc
2108 4599 2227 4653 loco
2245 4593 2613 4651 misericordia
2641 4590 2842 4646 Christi
2872 4586 3264 4658 providentiam
3289 4582 3407 4653 ejus

149 4700 364 4772 μαίνει,
398 4698 465 4752 δι’
505 4699 571 4770 ἣν
596 4696 882 4770 ἄνθρωπος
925 4698 1219 4771 βοηθεῖται,
1245 4702 1362 4771 ἦτοι
1414 4702 1733 4769 ἐγκαταλεί-

146 4809 340 4846 πεται.
400 4791 559 4844 Ἀλλὰ
620 4791 892 4862 βοηθεῖται
949 4792 1046 4862 μὲν
1104 4795 1432 4865 ἐνεργούσης
1484 4794 1655 4866 αὐτῆς
1700 4796 1732 4847 6

146 4886 475 4956 ἄνθρωπος,
539 4882 992 4953 ἐγκαταλείπεται
1034 4884 1089 4938 δὲ
1150 4885 1587 4958 ὑποχωρησάσης
1633 4888 1733 4941 αὐ-

141 4980 275 5052 τῆς.

224 5075 296 5127 Αἱ
353 5070 762 5141 παρακλήσεις
812 5084 928 5125 σου
985 5071 1290 5140 εὔφραναν
1347 5070 1462 5140 τὴν
1512 5085 1727 5143 grvan

136 5182 290 5238 μειυ,
337 5181 392 5217 κ.
433 5182 483 5217 τ.
535 5164 582 5217 ἐ.
626 5161 975 5235 Παράκλησίς
1017 5165 1165 5219 ἐστιν
1212 5162 1513 5233 ἀνάκτησις
1544 5162 1729 5238 ψυχῆς

134 5256 264 5313 ἀπὸ
295 5256 490 5310 πόνων.

221 5346 321 5416 Μὴ
354 5346 799 5417 συμπροσέσιαι
819 5361 918 5402 σοι
946 5347 1157 5416 θρόνος
1200 5347 1474 5417 direptae;
1506 5362 1561 5399 κ.
1595 5363 1645 5400 τ.
1675 5347 1722 5404 ἐ.

137 5441 354 5512 Θρὸνον
402 5439 627 5510 ἀνομίας
669 5439 917 5510 ὠνόμασε
965 5440 1055 5493 τὸν
1092 5438 1359 5503 διάϐολον,
1407 5439 1593 5511 ἐπειδὴ
1632 5439 1728 5493 καὶ

138 5532 342 5604 θρῦνος
363 5529 705 5602 δικαιοσύνης
725 5531 872 5585 ἐστὶν
899 5532 928 5583 6
959 5532 1209 5603 Χριστὸς,
1241 5532 1388 5596 ὅστις
1418 5530 1725 5586 ἀντίκειται

132 5625 232 5695 τῷ
262 5625 509 5697 διαϐόλῳ.

224 5713 338 5771 Καὶ
362 5716 512 5772 κατὰ
540 5716 652 5787 τὴν
678 5717 970 5784 πονηρίαν
1007 5718 1204 5773 αὐτῶν
1241 5716 1481 5793 ἀφίενιεῐ
1500 5716 1719 5781 αὐτοὺς

231 5869 273 5901 ⁵⁷
303 5868 463 5926 Hebr.
503 5887 599 5939 xu,
631 5872 682 5926 ti.
759 5872 801 5904 ⁸³
833 5869 999 5927 lCor.
1044 5887 1084 5938 ι,
1118 5873 1201 5927 δῖ).
1281 5892 1324 5925 εθ
1354 5888 1509 5942 δολί),
1552 5899 1606 5950 ν,
1633 5879 1725 5938 22,

1831 4693 2123 4764 signiﬁcat,
2162 4705 2193 4745 a
2220 4703 2324 4761 qua
2357 4688 2643 4757 adjuvatur
2672 4684 2832 4739 homo
2868 4679 2950 4735 vel
2993 4677 3405 4747 derelinquitur.

1829 4786 1923 4842 Illa
1969 4795 2229 4856 operante
2278 4782 2565 4854 adjuvatur
2611 4782 2805 4842 homo,
2839 4776 3125 4832 recedente
3173 4772 3407 4830 derelin-

1829 4881 2033 4952 quitur.

1912 5059 2075 5116 Vnns.
2124 5057 2211 5115 19.
2255 5055 2651 5113 Consolationes
2704 5060 2810 5108 tute
2850 5052 3243 5121 lwtrpcaverunt
3282 5046 3400 5101 ani-

1834 5171 1973 5208 mam
2000 5168 2188 5216 nteant,
2235 5161 2339 5209 etc.
2376 5147 2689 5205 Consolatio
2718 5155 2802 5203 cst
2834 5143 3099 5201 recreatio
3133 5142 3329 5196 animae
3366 5156 3397 5196 a

1840 5247 2132 5303 laboribus.

1910 5341 2071 5399 Vens.
2101 5342 2189 5399 20.
2227 5341 2482 5411 Nunquid
2515 5344 2744 5397 adhaeret
2776 5340 2869 5394 tibi
2910 5340 3055 5394 sedes
3086 5338 3417 5408 iniquitatis?

1838 5445 1943 5490 etc.
1976 5434 2169 5491 Sedem
2219 5436 2518 5506 iniquitatis
2566 5434 2778 5490 vocavit
2823 5431 3093 5486 diabolum
3121 5470 3136 5496 ,
3186 5430 3407 5500 quando

1840 5527 2053 5595 quidem
2076 5527 2236 5581 etiam
2275 5528 2663 5599 SCLIeSjUSlIIItB
2689 5539 2771 5585 est
2792 5527 3066 5591 Christus,
3090 5523 3182 5594 qui
3210 5522 3405 5577 adver-

1839 5631 1988 5677 satur
2015 5621 2252 5677 diabolo.

1910 5715 2069 5773 V'Ens.
2099 5718 2187 5772 25.
2226 5718 2292 5772 Et
2326 5720 2609 5774 secundum
2642 5715 2895 5771 malitiam
2932 5732 3109 5773 eorum
3139 5711 3399 5786 disperdat
