3800 6518
139 381 255 436 I557

1091 369 1400 427 SELECTA
1434 365 1500 422 IN
1539 362 1876 420 PSALMOS.
1917 315 2220 416 --ιιδΑιξ
2254 357 2337 416 Cl.

3217 347 3354 402 1558

133 502 306 566 σύνην
343 498 526 553 αὑτοῦ
548 537 562 562 ,
611 515 665 552 κ.
700 515 752 552 τ.
783 496 828 548 ὲ.
887 514 904 546 t
932 493 1252 564 Δικαιοσύνη
1296 491 1404 562 γὰρ
1440 484 1574 540 Θεοῦ
1616 487 1672 538 ὲν

1825 498 1926 534 tam
1952 521 1966 546 ,
2009 489 2115 534 etc.
2149 479 2282 534 Nam
2335 494 2354 528 ι
2384 474 2596 548 justitia
2638 471 2731 526 Dei
2786 470 2837 524 in
2878 482 2944 523 eo
2985 463 3254 521 revelatur
3285 479 3350 518 ex

131 591 262 662 αὐτῷ
290 590 725 644 ἀποκαλύπτεται
755 591 817 643 ἐκ
850 589 1084 651 πίστεως
1118 589 1196 651 είς
1221 585 1422 638 πίστιν.
1463 601 1480 632 ›

195 684 432 754 Ποταμοὶ
450 684 818 752 κροτήσουσι
835 682 980 750 χειρὶ
1001 678 1100 733 ἐπὶ
1126 679 1189 732 τὸ
1215 676 1381 740 αὐτὸ,
1401 694 1454 731 κ.
1479 694 1527 728 τ.
1546 677 1588 727 ὲ.
1609 673 1672 726 Εἰ

129 776 189 831 τὰ
206 777 499 848 χαρίσματα
515 776 607 828 τοῦ
626 774 934 841 Πνεύματος
957 773 1049 824 τοῦ
1067 771 1220 839 ἁγίου
1245 787 1378 823 ποτα
1387 769 1476 838 μοὶ
1493 767 1675 835 λέγον-

128 886 208 922 ται
231 868 356 921 κατὰ
381 868 462 920 τό·
502 887 519 918 ι
548 866 788 938 Ποταμοὶ
810 867 873 918 ὲκ
901 865 999 934 τῆς
1025 863 1232 926 κοιλίας
1265 859 1426 916 αὐτοῦ
1451 860 1676 933 ῥεύσου-

131 976 205 1012 σιν
236 958 412 1020 ὓδατος
435 955 652 1021 ζῶντος,
685 976 702 1007 ι
727 955 906 1016 καλῶς
933 955 982 1007 oi
1007 951 1317 1026 μεθέξοντες
1349 949 1550 1004 τούτων
1569 948 1676 1003 τῶν

129 1049 364 1120 ποταμῶν
391 1049 484 1104 καὶ
507 1049 660 1102 αὐτοὶ
691 1048 920 1118 ποταμοὶ
952 1045 1216 1113 λέγονται.
1253 1043 1590 1114 Σημειωτέον
1623 1040 1678 1093 δὲ

127 1143 213 1194 καὶ
243 1143 298 1195 τὸ
326 1160 344 1192 t
379 1142 472 1193 ἐπὶ
502 1141 562 1194 τδ
600 1139 730 1194 αὐτὸ
772 1159 790 1192 ι
825 1135 962 1192 εἶναι
991 1136 1114 1200 τοὺς
1156 1136 1448 1206 ποταμοὺς,
1494 1135 1579 1188 ἵνα
1626 1133 1677 1186 τὸ

123 1235 245 1288 αὐτὸ
286 1235 478 1303 λέγωσι
512 1233 728 1297 πάντες,
772 1233 864 1286 καὶ
905 1230 978 1302 μὴ
1084 1231 1139 1282 ἐν
1167 1229 1351 1291 αὐτοῖς
1380 1227 1674 1297 σχίσματα·

695 1415 980 1470 ΨΑΛΜΟΣ
1015 1415 1136 1482 una

194 1508 269 1562 Σὺ
295 1509 620 1577 ἡτοίμασας
663 1509 1022 1575 εὐθύτητας,
1058 1525 1111 1560 κ.
1163 1524 1212 1560 τ.
1263 1509 1309 1560 ὲ.
1371 1505 1680 1576 Εὑθύτητας

121 1601 235 1672 ἦτοι
265 1599 383 1662 τοὺς
412 1597 614 1660 εὐθεῖς,
643 1598 758 1668 ἤτοι
795 1596 896 1661 τὰς
929 1598 1147 1668 ἀρετάς.

189 1691 288 1745 Καὶ
305 1689 691 1758 προσκυνεῖτε
712 1689 792 1755 τῷ
809 1689 1113 1754 ὑποποδίῳ
1128 1689 1246 1746 τῶν
1257 1691 1456 1745 ποδῶν
1470 1691 1675 1755 αὐτοῦ,

121 1803 174 1838 κ.
193 1801 240 1838 τ.
265 1785 308 1836 ὲ.
353 1783 424 1836 Τὸ
457 1782 746 1836 ὑποπόδιον
787 1782 894 1836 τῶν
943 1773 1119 1835 ποδῶν
1161 1777 1310 1836 εἶπόν
1355 1800 1497 1846 τινες
1541 1778 1678 1836 εἶναι

118 1879 212 1949 τὴν
253 1877 427 1948 σάρκα
470 1876 568 1948 τὴν
616 1875 709 1928 τοῦ
747 1873 982 1946 Χριστοῦ
1005 1917 1020 1942 ,
1067 1875 1186 1946 ἥτις
1215 1875 1302 1928 διὰ
1332 1875 1421 1928 τὸν
1450 1875 1680 1947 Χριστόν

119 1971 229 2021 ἐστι
259 1970 599 2041 προσκυνητή
624 1985 638 1998 ο
672 1970 699 2020 ὁ
732 1968 788 2020 δὲ
823 1967 1053 2039 Χριστὸς
1086 1965 1456 2040 προσκυνητὸς
1484 1969 1570 2022 διὰ
1593 1971 1680 2022 τὸν

121 2066 178 2116 ὲν
210 2062 350 2133 αὐτῷ
379 2064 551 2132 Λόγον
573 2062 726 2115 Θεοῦ.

188 2153 292 2208 Kal
319 2153 600 2223 Σαμουὴλ
635 2155 843 2222 ἐντοῖς
870 2153 1367 2224 ἐπικαλουμένοις
1398 2154 1464 2208 τὸ
1497 2153 1682 2222 ὄνομα

119 2245 294 2298 αὑτοῦ
316 2287 330 2310 ,
361 2264 413 2300 κ.
453 2265 501 2300 τ.
534 2248 582 2300 ὲ.
627 2239 796 2311 Οὗτος
830 2247 1165 2301 ἐπικαλεῖται
1200 2247 1298 2317 τὴν
1341 2246 1682 2317 δικαιοσύνην

115 2338 144 2388 ὁ
172 2336 587 2409 δικαιοπραγῶν,
619 2340 712 2392 καὶ
734 2339 830 2409 τὴν
865 2339 1120 2412 ἀλήθειαν
1167 2342 1195 2392 ὁ
1231 2338 1303 2412 μὴ
1336 2338 1681 2410 ψευδόμενος,

122 2427 209 2480 καὶ
235 2429 327 2499 τὴν
356 2431 574 2501 ἀγάπην
599 2433 627 2484 ό
659 2429 732 2500 μὴ
769 2429 962 2501 μισῶν.

200 2521 289 2572 Ἐν
316 2521 520 2588 στύλῳ
550 2519 810 2590 νεφέλης
852 2519 1054 2573 ἐλάλει
1092 2518 1239 2588 πρὸς
1267 2517 1504 2584 αὐτοὺς,
1547 2536 1600 2570 κ.
1630 2535 1680 2570 τ.

118 2617 164 2669 ἐ.
201 2614 256 2668 '0
286 2611 470 2676 στῦλος
508 2613 599 2666 καὶ
636 2615 667 2684 ή
700 2611 893 2680 νεφέλη
939 2611 1155 2678 λογικαὶ
1197 2611 1384 2678 φύσεις
1427 2608 1564 2673 eisi,
1617 2607 1683 2659 δι’

115 2701 188 2760 ὧν
229 2706 402 2760 ἐλάλει
435 2706 572 2775 πρὸς
599 2705 726 2767 τοὺς
760 2703 944 2771 ἁγίους
974 2706 1001 2755 ὁ
1021 2703 1242 2772 Κύριος.

194 2796 434 2863 Two-ﬁte
469 2795 688 2861 Κύριον
721 2791 828 2846 τὸν
879 2793 1028 2846 Θεὸν
1061 2791 1245 2862 ἡμῶν,
1284 2809 1334 2844 κ.
1371 2809 1419 2843 τ.
1461 2791 1506 2845 ὲ.
1548 2786 1682 2840 Ὑπὸ

113 2889 352 2962 καθαροῦ
385 2888 477 2943 νοῦ
511 2889 751 2956 πέφυκεν
784 2885 1046 2956 ὑψοῦσθαι
1075 2886 1222 2948 Θεὸς.

671 3099 966 3153 ΨΑΑΜοΣ
1000 3099 1115 3164 ne.

187 3191 498 3248 Είσέλθετε
526 3195 614 3259 εὶς
638 3193 745 3258 τὰς
786 3193 985 3262 πύλας
1016 3190 1234 3254 αὐτοῦ,
1263 3208 1315 3243 κ.
1355 3207 1406 3242 τ.
1436 3191 1480 3243 ὲ.
1509 3189 1683 3241 Πύλαι

107 3284 326 3354 σοφίας,
353 3283 542 3356 ἀρεταί
567 3300 581 3315 ’
615 3283 703 3336 διὰ
732 3283 842 3355 γὰρ
873 3281 1049 3336 αὐτῶν
1081 3279 1435 3352 εἰσερχόμεθα
1471 3281 1550 3343 εἱς
1591 3277 1686 3350 τὴν

103 3377 388 3450 βασιλείαν
413 3377 519 3431 τῶν
548 3376 808 3449 οὐρανῶν.

703 3545 802 3598 ΨΑ
811 3543 996 3598 ΛΜοΣ
1037 3542 1112 3596 P'.

191 3640 410 3692 Ἕλεον
435 3637 532 3691 καὶ
565 3637 768 3704 κρίσιν
805 3635 1028 3704 ᾄσομαι
1056 3650 1154 3690 σοι
1173 3675 1187 3700 ,
1219 3635 1396 3701 Κύριε
1417 3675 1431 3697 ,
1484 3651 1536 3686 κ.
1571 3652 1619 3685 τ.
1648 3633 1694 3686 ὲ.

101 3733 221 3789 Τὸν
258 3732 389 3804 περὶ
423 3732 686 3803 Προνοίας
713 3729 807 3782 καὶ
837 3729 1070 3800 κρίσεως
1100 3724 1228 3800 ᾄσαι
1277 3727 1417 3780 θέλει
1454 3728 1629 3794 λόγον.

191 3917 303 3970 Τὸν
331 3914 790 3970 καταλαλοῦντα
831 3911 1020 3981 λάθρα
1053 3912 1157 3966 τοῦ
1189 3912 1457 3980 πλησίον
1483 3912 1690 3974 αὑτοῦ,

101 4010 334 4064 τοῦτον
370 4007 708 4072 ἐξεδίωκον,
738 4025 792 4061 κ.
819 4025 868 4060 τ.
907 4007 952 4060 ὲ.
973 4007 1257 4078 Χρήσιμον
1277 4005 1337 4058 τὸ
1369 4006 1530 4078 ῥητὸν
1559 4007 1691 4078 προς

99 4102 242 4163 τοὺς
271 4098 730 4162 καταλαλοῦντας.

185 4191 598 4259 Πορευόμενος
631 4188 700 4242 ἐν
729 4185 845 4252 ὀδῷ
892 4183 1127 4256 ἀμώμῳ,
1179 4183 1356 4252 οὗτός
1387 4203 1490 4255 μοι
1543 4187 1696 4240 ἑλει-

101 4285 374 4354 τούργει,
415 4301 469 4338 κ.
501 4300 552 4337 τ.
583 4284 628 4334 έ.
661 4279 941 4352 Χρηστέον
967 4280 1027 4333 τὸ
1055 4280 1214 4351 ῥητὸν
1241 4279 1374 4351 πρὸς
1391 4279 1518 4342 τοὺς
1554 4281 1698 4349 ἱερα-

103 4379 304 4440 τικοὺς
327 4376 436 4446 ὐπη
446 4391 600 4446 ρετου
609 4373 802 4444 μένους
824 4371 928 4424 ὑπὸ
954 4370 1152 4425 δούλων
1174 4370 1576 4442 πονηροτάτων.

1783 574 1884 628 ﬂde
1915 575 1964 627 in
1996 573 2153 626 ﬁdem
2179 574 2245 623 ⁷³.
2281 590 2300 622 ι

1851 665 2014 720 Vnus.
2045 664 2098 720 8.
2131 663 2386 744 Flumina
2413 662 2660 731 plaudent
2694 672 2851 710 manu
2875 655 2930 708 in
2959 652 3210 720 idipsum,
3241 659 3345 702 etc.

1783 764 1838 817 Si
1880 760 2112 829 Spiritus
2145 759 2319 814 sancti
2363 758 2506 812 dona
2545 754 2768 808 ﬂumina
2798 752 3070 816 dicuntur,
3093 748 3246 817 juxta
3289 745 3353 798 il-

1783 853 1903 906 lud:
1937 870 1956 904 ι
1986 849 2234 905 Flumina
2263 849 2328 902 de
2359 853 2546 900 ventre
2565 843 2680 912 ejus
2707 841 2872 896 ﬂuent
2893 855 3046 910 aqua:
3075 838 3208 891 vivae
3227 835 3298 898 ",
3325 852 3345 886 ι

1784 944 2006 1014 pulchre
2055 943 2146 1012 qui
2195 941 2391 995 horum
2423 937 2705 992 ﬂuminum
2759 934 3055 1004 participes
3094 936 3264 994 sunt,
3295 935 3354 982 et

1783 1043 1882 1113 ipsi
1917 1039 2134 1094 ﬂumina
2166 1036 2444 1092 dicuntur.
2485 1031 2615 1086 Illud
2647 1043 2864 1100 quoque
2909 1025 3306 1082 observandum
3331 1059 3350 1088 ,

1790 1153 1807 1186 ι
1839 1134 1890 1189 in
1919 1133 2148 1202 idipsum
2181 1149 2200 1183 ι
2235 1143 2354 1184 esse
2379 1125 2622 1192 ﬂumina,
2669 1136 2728 1177 ut
2759 1123 2898 1178 idem
2931 1121 3120 1188 dicant
3139 1130 3350 1182 omnes,

1783 1237 1840 1286 et
1870 1242 1976 1284 non
2007 1225 2113 1282 sint
2147 1225 2202 1279 in
2232 1223 2310 1280 eis
2340 1219 2658 1277 schismata.

2171 1403 2336 1476 780
2372 1397 2688 1456 PSALMUS
2719 1393 2944 1452 XCVIII.

1857 1504 2020 1558 Vens.
2063 1499 2116 1554 4.
2151 1498 2228 1552 Tu
2275 1497 2473 1566 parasti
2501 1494 2808 1548 directiones
2837 1531 2851 1557 ,
2894 1500 2998 1546 etc.
3029 1489 3352 1559 Equitates,

1787 1596 1870 1652 vel
1903 1603 2105 1654 rectos,
2136 1589 2218 1644 vel
2249 1589 2498 1643 virtutes.

1853 1687 2032 1744 Vens-
2067 1683 2119 1738 5.
2159 1682 2226 1735 Et
2256 1681 2474 1735 adorate
2504 1678 2793 1733 scabellum
2831 1677 3020 1744 pedum
3051 1674 3162 1743 ejus
3187 1715 3200 1738 ,
3248 1682 3354 1728 etc.

1783 1776 2087 1837 Scabellum
2141 1774 2338 1844 pedum
2388 1771 2606 1842 quidam
2664 1769 2918 1823 dixerunt
2963 1781 3086 1822 esse
3133 1779 3356 1820 carnem

1781 1869 2006 1934 Christi,
2037 1881 2155 1938 quae
2187 1873 2408 1936 propter
2441 1861 2720 1918 Christum
2749 1869 2834 1914 est
2861 1858 3153 1914 adoranda.
3193 1856 3356 1912 Chri-

1783 1973 1898 2019 stus
1923 1971 2102 2016 autem
2127 1965 2212 2014 est
2235 1955 2544 2012 adorandus
2572 1963 2793 2024 propter
2825 1951 3062 2006 Verbum
3089 1949 3180 2006 Dei
3211 1949 3358 2018 (mod

1785 2057 1836 2111 in
1873 2057 1988 2124 ipso
2023 2063 2124 2109 est.
3449 2025 3452 2028 Ι

1855 2145 2019 2202 Vnus.
2057 2135 2112 2202 Β.
2143 2143 2213 2198 Et
2243 2142 2462 2200 Samuel
2495 2143 2632 2196 inter
2662 2156 2748 2194 eos
2779 2141 2870 2212 qui
2903 2141 3146 2194 invocant
3176 2153 3363 2192 nomen

1785 2241 1918 2310 ejus,
1945 2248 2049 2294 elc.
2083 2238 2182 2305 Qui
2212 2237 2356 2306 juste
2387 2237 2518 2307 agit,
2547 2235 2858 2306 justitiam;
2891 2234 2981 2304 qui
3019 2247 3122 2290 non
3158 2233 3355 2286 menti-

1789 2342 1896 2398 tur,
1928 2333 2206 2386 veritatem
2228 2349 2242 2398 ;
2263 2339 2317 2386 et
2337 2329 2429 2400 qui
2458 2343 2561 2384 non
2583 2329 2718 2392 odit,
2745 2327 3068 2384 charitatetn
3118 2325 3358 2379 invocat.

1859 2518 2021 2572 Vnus.
2048 2518 2100 2570 7.
2131 2516 2199 2570 1η
2229 2516 2472 2570 columna
2503 2515 2658 2570 nubis
2686 2514 2996 2585 loquebatur
3019 2512 3088 2566 ad
3117 2528 3227 2570 eos,
3255 2517 3360 2564 etc.

1787 2610 2049 2665 Columna
2085 2619 2136 2663 et
2185 2610 2358 2664 nubes
2405 2619 2614 2662 naturae
2658 2616 2786 2660 sunt
2835 2606 3046 2659 ratione
3085 2603 3358 2673 praedita,

1788 2716 1882 2769 per
1909 2715 2042 2769 quas
2079 2699 2144 2754 ad
2183 2709 2401 2756 sanctos
2438 2699 2694 2755 Dominus
2733 2697 3078 2765 loquebatur.

1865 2790 2025 2847 Vens.
2067 2791 2120 2846 9.
2153 2790 2404 2846 Exaltate
2445 2791 2728 2844 Dominum
2761 2791 2928 2844 Deum
2963 2791 3222 2853 nostrum,
3257 2795 3360 2841 etc.

1787 2883 1926 2938 Pura
1971 2900 2122 2940 mens
2153 2885 2290 2940 solet
2328 2885 2570 2940 exaltare
2597 2885 2790 2940 Deum.

2325 3083 2648 3152 PSALMUS
2687 3093 2850 3149 XCIX

1870 3186 2030 3241 Vens.
2061 3189 2112 3242 4.
2143 3187 2365 3242 Introile
2387 3198 2562 3258 portas
2584 3187 2718 3256 ejus,
2751 3197 2855 3241 etc.
2885 3183 3062 3239 Portae
3088 3177 3370 3251 sapientiae

1795 3287 1920 3331 sunt
1957 3280 2183 3334 virtutes
2207 3321 2222 3346 ,
2275 3295 2397 3334 nam
2432 3293 2526 3348 per
2558 3293 2649 3332 eas
2677 3275 3010 3347 ingredimur
3039 3273 3091 3327 in
3145 3285 3368 3342 regnum

1796 3371 2076 3425 t'mlut‘utn.

2365 3531 2683 3588 PSALMUS
2741 3531 2802 3586 C.

1879 3628 2038 3684 Vens.
2069 3630 2118 3682 l.
2149 3628 2576 3682 Misericordiam
2617 3635 2662 3680 et
2689 3625 2955 3695 judicium
2983 3623 3203 3676 cantabo
3239 3621 3372 3684 tibi,

1801 3719 2020 3774 Domine
2041 3761 2056 3786 ,
2089 3729 2194 3775 etc.
2231 3719 2592 3774 Providentia:
2623 3727 2678 3772 et
2705 3717 2898 3787 judicii
2943 3717 3210 3769 rationem
3244 3729 3373 3768 can-

1801 3823 1917 3869 tare
1951 3814 2084 3868 vult.

1877 3909 2036 3964 Vnus.
2079 3908 2134 3964 5.
2175 3907 2543 3962 Detraltenlem
2581 3915 2781 3960 secreto
2813 3905 3052 3974 proximo
3088 3919 3203 3970 suo,
3238 3903 3375 3956 hunc

1801 4003 2158 4070 persequebar,
2187 4010 2290 4055 etc.
2313 3999 2456 4056 Utile
2485 4001 2585 4054 hoc
2611 3999 2778 4055 fuerit
2804 4007 2990 4054 contra
3016 3997 3374 4050 detracturos.

1879 4184 2042 4238 Vens.
2077 4182 2130 4237 6.
2162 4183 2455 4236 Ambutans
2487 4197 2542 4234 in
2589 4195 2672 4232 vta
2718 4175 3094 4239 immaculata,
3129 4175 3212 4226 hic
3249 4171 3378 4226 mihi

1807 4274 2176 4338 ministrabat,
2217 4281 2324 4327 etc.
2377 4269 2474 4324 His
2507 4269 2688 4324 verbis
2723 4266 2980 4320 utendum
3033 4277 3158 4331 erga
3197 4271 3380 4312 sacer-

1807 4369 1964 4424 dotes
1995 4367 2196 4437 quibus
2245 4363 2560 4436 nequissimi
2586 4362 2730 4416 servi
2763 4357 3100 4412 ministrant.

192 4433 307 4526 Τοί]
329 4433 754 4536 ἐξοᾷοθρείὶσαι
899 4465 1149 4530 πόλεως,
1184 4482 1238 4517 κ.
1366 4465 1412 4518 ὲ.
1446 4463 1558 4516 Νῦν
1603 4463 1674 4516 πό

1881 4433 2044 4516 Vnus.
2073 4460 2126 4514 8.
2164 4458 2230 4512 Ut
2257 4433 2608 4528 disperderem
2647 4454 2710 4508 de
2734 4452 2966 4514 civitate,
2991 4457 3098 4503 etc.
3121 4445 3234 4500 Hoc
3259 4443 3374 4498 loco

63 4591 74 4596 -
101 4566 198 4620 λιν
231 4564 439 4635 Κυρίου
484 4561 631 4630 λέγει
685 4559 783 4631 τὴν
826 4557 1020 4612 ἑαυτοῦ
1073 4556 1272 4628 ψυχὴν,
1308 4558 1363 4610 ὲν
1495 4556 1700 4620 πάντας

103 4659 412 4714 ἀπέκτεινε
434 4654 728 4724 λογισμοὺς
757 4651 1128 4723 παρανόμους.

695 4843 988 4898 ΨΑΛΜΟΣ
1022 4843 1146 4897 PA’.

201 4945 597 5012 ἰΙγρύπνησα
625 4939 722 4994 καὶ
743 4937 1038 5008 ἐγενόμην
1066 4935 1146 5001 ὡς
1173 4936 1494 5002 στρουθίον
1517 4937 1704 5005 μονά-

103 5039 220 5099 ζον
251 5036 358 5090 ἐπὶ
385 5035 626 5106 δώματι,
657 5050 711 5087 κ.
740 5047 791 5084 τ.
827 5032 873 5083 ὲ.
913 5029 1078 5084 Οὐδὲν
1113 5025 1240 5105 ᾇλλο
1267 5027 1356 5081 τὸν
1386 5026 1510 5081 νοῦν
1534 5028 1705 5092 οὕτως

103 5125 501 5199 ἀπεργάζεται
535 5125 735 5193 κοῦφον
760 5122 834 5186 ὡς
863 5118 1158 5190 ἀγρυπνία.

195 5220 335 5272 "Ott
367 5217 604 5272 σποδὸν
631 5214 773 5270 ὡσεὶ
808 5213 990 5281 ἄρτον
1015 5212 1242 5281 ἔφαγον
1267 5250 1281 5274 ,
1313 5211 1412 5264 καὶ
1439 5209 1503 5263 τὸ
1546 5213 1706 5280 πόμα

95 5331 235 5383 μου
285 5310 442 5381 μετὰ
483 5305 792 5376 κλαυθμοῦ
825 5305 1114 5374 ἐκίρνων,
1149 5319 1202 5354 κ.
1238 5318 1286 5354 τ.
1323 5301 1370 5354 ὲ.
1425 5302 1709 5372 Χρήσιμον

101 5407 174 5462 τὸ
205 5405 379 5477 ῥητὸν
408 5403 544 5474 πρὸς
569 5401 694 5464 τοὺς
718 5399 870 5472 παρὰ
890 5398 980 5452 τὸν
1006 5395 1192 5466 καιρὸν
1219 5395 1314 5447 τοῦ
1337 5395 1500 5448 πότου
1529 5395 1710 5458 αὐλοῖς

104 5503 216 5555 καὶ
236 5501 416 5572 ᾠδαῖς
438 5497 824 5569 τερπομένους.

189 5594 378 5665 Kci-rc‘o
425 5591 568 5646 ὡσεὶ
617 5590 830 5660 χόρτος
863 5587 1200 5656 ἐξηράνθην
1221 5603 1234 5617 ·
1286 5588 1366 5642 σὺ
1395 5587 1483 5656 δὲ,
1514 5587 1710 5654 Κύριε,

97 5683 206 5746 εἷς
241 5680 360 5734 τὸν
389 5678 574 5734 αἰῶνα
618 5674 852 5746 μένεις,
909 5692 960 5727 κ.
995 5691 1044 5728 τ.
1087 5675 1130 5726 ἑ.
1195 5673 1333 5742 Ἐγὼ
1394 5673 1488 5742 μὲν
1552 5672 1717 5742 πρόσ-

193 5841 245 5872 "
289 5839 452 5896 Rom.
486 5854 526 5906 ι,
563 5838 648 5892 I7.
726 5837 769 5870 ⁷³
794 5835 950 5892 Juan.
984 5850 1080 5904 vit,
1107 5835 1196 5890 58.

1809 4555 2081 4608 civitatem
2117 4551 2326 4606 Domini
2365 4557 2520 4604 vocat
2561 4546 2798 4601 animam
2835 4557 3026 4603 suam,
3057 4540 3110 4593 in
3148 4553 3252 4608 qua
3299 4536 3378 4590 iu-

1809 4644 2119 4702 terticiebat
2146 4657 2336 4700 omnes
2370 4654 2653 4711 perversos
2685 4636 3064 4707 cogitationes.

2375 4827 2696 4886 PSALMUS
2733 4824 2818 4881 CI.

1884 4936 2050 4988 Vnus.
2082 4931 2136 4986 8.
2176 4927 2404 4998 Vigilavi
2454 4934 2499 4978 et
2535 4923 2708 4992 factus
2737 4935 2850 4974 sum
2880 4920 3014 4971 sicut
3047 4933 3228 4985 passer
3253 4913 3384 4967 soli-

1815 5029 1984 5081 tarius
2012 5026 2065 5076 in
2097 5031 2250 5084 tecto,
2279 5029 2383 5072 etc.
2421 5014 2560 5068 Nihil
2587 5025 2740 5080 :eque
2772 5017 3001 5062 mentem
3030 5005 3199 5058 levem
3227 5001 3390 5056 eﬂicit

1816 5135 1880 5174 ac
1913 5114 2260 5172 insomnium.

1889 5211 2050 5266 Vens.
2089 5207 2176 5261 10.
2213 5205 2352 5270 Quia
2385 5215 2610 5256 cinerem
2652 5207 2901 5266 tanquam
2935 5205 3119 5261 panem
3164 5187 3388 5240 mandu-

1818 5303 2000 5357 cabam
2030 5340 2044 5365 ,
2090 5309 2135 5352 et
2167 5309 2348 5367 potum
2389 5309 2562 5347 meum
2597 5305 2714 5344 cum
2760 5289 2888 5356 ﬂetu
2924 5283 3202 5337 miscebam
3231 5320 3246 5343 ,
3279 5287 3365 5332 etc

1821 5392 1962 5450 Utile
1990 5393 2090 5446 hoc
2117 5388 2280 5444 fuerit
2307 5394 2495 5442 contra
2526 5399 2621 5438 eos
2654 5381 2744 5451 qui
2779 5390 3020 5446 tempore
3052 5371 3290 5428 cunvivii
3323 5371 3392 5423 ti-

1820 5487 1926 5546 hiis
1963 5493 2018 5538 et
2043 5481 2274 5539 canticis
2304 5479 2658 5534 delectantur.

1891 5577 2050 5648 ⁵181
2083 5574 2245 5630 Vens.
2276 5573 2364 5640 1‘2,
2399 5572 2484 5625 I3.
2521 5568 2588 5622 Et
2617 5583 2711 5636 ego
2757 5565 2890 5618 sicut
2925 5561 3100 5630 fenum
3141 5556 3280 5610 arui.
3316 5552 3392 5605 Tn

1823 5679 2018 5738 autem,
2046 5669 2284 5734 Domine,
2311 5667 2366 5718 in
2394 5673 2648 5718 attentum
2679 5671 2967 5720 penuanrs,
2999 5663 3102 5707 etc.
3141 5649 3248 5719 Ego
3276 5647 3394 5715 qui-
