3800 6520
472 364 614 421 1559
1821 368 1914 424 EX
1952 366 1973 424 (

2091 366 2254 425 :ENE
3521 379 3592 432 ιλιι

473 489 599 541 dem
643 495 1036 557 temporaneus
1078 495 1131 542 et
1163 488 1446 558 mortalis,
1475 497 1529 546 tu
1560 505 1697 548 vero
1735 501 1971 548 arternus

2095 498 2136 555 Α
2165 510 2355 566 καιρος
2410 495 2504 549 καὶ
2564 493 2798 567 Θνητὺς,
2856 495 2919 548 σὺ
2976 493 3030 547 δὲ
3084 493 3248 555 ἀΐδιος
3298 498 3380 550 καὶ
3417 501 3596 571 ditium,

470 577 824 636 litimortalis.

547 671 714 728 Vens.
745 672 836 727 25.
878 668 961 727 Ne
987 689 1191 728 reuoces
1222 690 1302 729 me
1338 673 1390 728 in
1419 675 1644 730 dimidio
1677 677 1880 730 dierum
1914 692 2048 730 meo-

2227 670 2323 741 Μὴ
2345 670 2650 740 ἀναγάγῃς
2665 688 2742 740 με
2760 669 2833 724 ἐν
2859 671 3065 739 ἡμίσει
3095 668 3318 738 ἡμερῶν
3331 690 3457 742 μου,
3479 695 3516 731 κ.
3531 685 3596 737 τι,

475 781 617 830 rum,
658 774 765 821 etc.
805 765 1022 820 Dierum
1060 781 1253 837 nempe
1288 783 1426 836 quos
1462 767 1628 823 efﬁcit
1660 770 1739 824 sol
1770 770 1976 840 justitia

2159 762 2277 816 Τῶν
2299 761 2596 833 γινομένων
2613 760 2837 833 ἡμερῶν
2858 760 2964 814 ὑπὸ
2979 760 3075 814 τοῦ
3093 761 3241 831 ἡλίου
3258 762 3345 832 τῆς
3355 763 3600 842 δικαιοτὲιῃς,

549 855 715 910 Vens.
735 854 824 909 27.
847 854 960 922 Ipsi
987 857 1252 926 peribunt,
1283 868 1339 911 tu
1368 867 1543 912 autent
1570 861 1917 928 permanebis,
1941 869 2048 916 etc.

2228 856 2405 910 Αὐτοὶ
2454 853 2859 918 ἀπολοῦνται,
2905 854 2988 908 σὺ
3019 853 3091 906 δὲ
3122 851 3417 923 διαμενεῖς,
3464 871 3600 919 1.1L

478 949 742 1006 Peribunt
780 950 901 1006 cteli
938 966 1042 1006 non
1082 951 1380 1006 secundum
1415 951 1792 1014 substantiam,
1827 953 1919 1007 sed
1966 967 1979 1005 ε

2172 947 2521 1002 Ἀπολοῦνται
2565 948 2614 1000 οἱ
2650 947 2870 1021 οὐρανοὶ
2905 946 2967 999 οὐ
3009 945 3131 999 κατ’
3167 945 3371 1010 οὐσίαν,
3407 948 3507 1003 illi
3528 960 3604 1010 mi

476 1042 717 1097 cundum
763 1042 1025 1113 ﬁguram:
1075 1062 1094 1095 ι
1119 1041 1368 1099 Praeterit
1397 1045 1541 1100 enim
1566 1085 1581 1109 ,
1615 1043 1787 1114 inquit
1821 1045 1977 1116 Apost

2159 1041 2222 1094 τὸ
2245 1042 2431 1113 σχῆμα
2453 1059 2467 1072 ·
2507 1059 2528 1094 ι
2563 1041 2812 1113 Παράγει
2875 1042 2987 1114 γὰρ
3010 1085 3025 1109 ,
3122 1041 3280 1113 φησὶν
3315 1044 3341 1095 6
3379 1044 3605 1114 1365765,,

479 1132 564 1189 lus
587 1133 655 1202 ⁷⁸,
684 1133 853 1206 ﬁgura
887 1135 1048 1204 hujus
1073 1135 1277 1189 mundi.
1310 1154 1330 1188 ι

2162 1139 2225 1194 τὸ
2263 1137 2450 1210 σχῆμα
2486 1135 2577 1191 τοῦ
2627 1133 2830 1206 κόσμου
2865 1131 3082 1186 τούτου.
3121 1150 3141 1184 ι

1019 1324 1337 1382 PSALMUS
1382 1327 1489 1383 CII.

2699 1323 2993 1381 ΨΑΛΜΟΣ
3033 1323 3160 1377 PB'.

553 1415 714 1472 Vens.
747 1415 797 1472 1.
841 1417 1092 1487 Benedic,
1130 1419 1307 1473 anima
1347 1436 1486 1484 mea,
1522 1419 1763 1485 Domino,
1803 1429 1853 1475 et
1880 1438 2054 1478 omnia

2218 1421 2467 1490 Εὐλογει
2515 1419 2554 1486 ἠ
2593 1417 2762 1487 ψυχή
2803 1435 2922 1487 μου
2961 1416 3073 1471 τὸν
3111 1414 3354 1483 Κύριον,
3390 1416 3466 1470 και
3496 1420 3609 1475 πάντα

473 1525 595 1579 qua:
617 1510 758 1564 intra
785 1526 866 1565 me
889 1521 1009 1565 sunt
1047 1515 1245 1567 nomini
1270 1523 1452 1567 sancto
1477 1511 1616 1582 ejus,
1649 1522 1755 1568 etc.
1788 1513 1931 1568 Intra
1961 1516 1974 1569 Ι

2153 1515 2227 1566 τὰ
2258 1512 2428 1579 ἐντός
2480 1527 2599 1580 μου
2633 1509 2698 1563 τὸ
2739 1508 2926 1578 ὄνομα
2950 1507 3016 1562 τὸ
3048 1507 3224 1577 ἅγιον
3245 1505 3436 1572 αὑτοῦ,
3473 1527 3510 1561 κ.
3535 1514 3608 1565 1L

482 1600 683 1655 minem
728 1601 1045 1657 interiorem
1092 1613 1217 1659 sunt
1254 1603 1537 1660 facultates
1578 1605 1931 1674 intelligendi,
1965 1621 1983 1661 ί

2155 1604 2235 1657 Τὰ
2275 1601 2425 1666 ἐντὸς
2456 1601 2548 1656 τοῦ
2588 1602 2696 1654 ἐσω
2735 1599 3024 1673 ἀνθρώπου
3063 1601 3212 1652 ἐστὶν
3243 1600 3275 1670 ἠ
3317 1601 3494 1672 von-uxr,
3519 1603 3607 1656 δύη.

477 1691 705 1763 gitandi,
741 1693 1009 1760 intuendi,
1051 1694 1469 1766 interpretandi,
1525 1697 1853 1767 imaginandi
1882 1709 1937 1753 et
1968 1715 1978 1752 ι

2168 1714 2258 1768 μις
2276 1735 2291 1760 ,
2326 1696 2419 1749 κα)⁸
2445 1693 2777 1766 διανοητικὴ,
2811 1694 2904 1746 καὶ
2926 1692 3311 1762 ἐπιδλεπτικὴ,
3343 1693 3423 1744 καὶ
3445 1695 3610 1764 ἑρμηνεί-

481 1783 829 1838 miniscendi.

2093 1845 2131 1859 ἢ
2163 1787 2289 1859 τικὴ
2308 1829 2322 1851 ,
2350 1787 2442 1840 καὶ
2467 1788 2500 1858 ἡ
2528 1785 2896 1857 φανταστικὴ,
2925 1785 3022 1838 καὶ
3053 1787 3089 1855 ἡ
3127 1787 3500 1856 μνημονευτικὴ.

555 1875 720 1930 Vsus.
748 1876 802 1931 5.
837 1876 1196 1932 Renovubitur
1226 1885 1282 1931 ut
1314 1876 1506 1947 aquila:
1528 1877 1780 1947 juventus
1807 1889 1920 1945 tua,
1951 1889 2055 1934 etc.

2111 1847 2133 1900 3
2249 1877 2845 1944 Ἀνακαινισθήσεται
2889 1879 2971 1944 ὡς
3009 1877 3193 1932 ἀετοῦ
3234 1877 3270 1943 ἡ
3326 1881 3495 1942 νεότης
3535 1895 3612 1940 σενι,

481 1967 828 2023 Senectutem
869 1972 1020 2024 exuit
1053 1971 1270 2040 aquila,
1310 1969 1765 2038 quemadmodum
1802 1980 1857 2027 et
1899 1973 1982 2027 ho:

2163 1990 2217 2026 κ.
2244 1992 2294 2026 τ.
2323 1974 2370 2027 ἐ.
2399 1972 2470 2026 Τὸ
2505 1972 2684 2042 γῆρας
2717 1969 3010 2024 ἀποδύεται
3039 1972 3069 2023 6
3112 1969 3269 2033 ἀετὸς
3288 2009 3303 2033 ,
3354 1969 3418 2032 ὡς
3442 1972 3611 2024 uilli.—

478 2069 714 2117 vetcrem
747 2062 1021 2117 hominem
1062 2064 1214 2118 exuit
1242 2063 1332 2132 qui
1362 2063 1730 2132 corrumpitur
1759 2063 1979 2119 secundi

2163 2065 2376 2136 θρωπος
2411 2064 2504 2117 τὸν
2546 2064 2766 2118 παλαιὸν
2811 2062 3101 2134 ἄνθρωπον
3142 2060 3410 2114 ἀποδύεται
3445 2062 3509 2113 τὸν
3532 2064 3615 2128 cis;-

478 2151 685 2208 erroris
715 2152 1007 2210 desideria.

2167 2155 2394 2228 ρόμενον
2413 2154 2551 2209 κατὰ
2578 2155 2674 2218 τὰς
2703 2153 2998 2225 ἐπιθυμίας
3032 2153 3132 2224 τῆς
3158 2151 3379 2222 ἀπάτης.

553 2244 718 2302 Vsus.
753 2244 839 2300 11.
898 2243 1162 2312 Quoniam
1192 2246 1479 2301 secundum
1507 2245 1841 2300 altitudinem
1869 2244 1986 2299 caeli
2026 2261 2054 2298 a

2238 2248 2366 2302 Ὅτι
2409 2248 2558 2301 κατὰ
2595 2246 2662 2300 τό
2703 2246 2861 2315 ὕψος
2898 2245 3003 2298 τοῦ
3033 2243 3294 2311 οὐρανοῦ
3330 2243 3430 2296 ἀπὸ
3456 2241 3529 2308 τῆς
3556 2244 3611 2310 τῇς

483 2347 627 2391 terra
657 2338 1012 2392 corroborauit
1042 2337 1300 2394 Dominus
1339 2339 1757 2394 misericordiam
1789 2355 1941 2391 suam
1971 2354 1984 2391 ε

2159 2340 2523 2408 ἐκραταίωσε
2567 2340 2781 2407 Κύριος
2815 2337 2881 2392 τὸ
2920 2338 3097 2402 ἕλεος
3130 2335 3312 2390 αὐτοῦ
3337 2335 3419 2387 ἐπὶ
3445 2336 3542 2402 τοὺς
3558 2355 3610 2404 ρξ-

478 2444 571 2496 per
609 2428 847 2483 tiu-tentes
893 2445 967 2496 se,
1011 2441 1118 2484 etc.
1153 2430 1618 2497 Quemadmodum
1657 2429 1917 2482 exaltavit
1966 2443 1979 2481 t

2162 2432 2494 2500 ϐουμένους
2517 2431 2737 2495 αὑτὸν,
2784 2447 2839 2484 κ.
2871 2445 2924 2482 τ.
2960 2429 3009 2482 ἐ.
3042 2429 3256 2499 Ὥσπερ
3297 2426 3448 2496 ﬁdem
3483 2429 3565 2489 τοὺς
3588 2433 3614 2480 ξι

478 2521 572 2589 qui
606 2523 659 2574 in
690 2520 846 2577 caelis
882 2531 1049 2588 sunt,
1099 2522 1178 2578 sic
1229 2524 1484 2578 misertus
1523 2531 1605 2577 est
1644 2537 1832 2576 eorum
1867 2522 1957 2591 qui

2161 2525 2446 2597 οὐρανοῖς,
2483 2522 2657 2588 οὕτως
2700 2522 2887 2594 ἐλέησε
2921 2523 3051 2586 τοὺς
3111 2521 3207 2574 ἐπὶ
3245 2520 3342 2592 γῆς
3372 2520 3614 2591 compita,-

482 2623 626 2666 terra
660 2611 850 2667 timent
883 2628 1028 2669 eum.
1644 2654 1653 2665 .

847 2653 850 2665 .
883 2628 1028 2669 eum.
1644 2654 1653 2665 .
2164 2617 2348 2673 αὐτόν.

553 2705 716 2761 Vnus.
759 2704 849 2761 15.
885 2704 1058 2762 Homo
1100 2709 1238 2762 sicut
1294 2711 1470 2778 fenum
1499 2709 1611 2763 dies
1643 2709 1781 2778 ejus,
1810 2718 2054 2778 tanquam

2238 2711 2583 2778 Ἀνθρωπος
2613 2709 2754 2763 ὡσεὶ
2777 2707 2991 2777 χόρτος
3015 2711 3074 2761 al
3111 2707 3319 2776 ἡμέραι
3346 2703 3517 2767 αὐτοῦ,
3535 2705 3614 2756 (ἐκ-ε

479 2797 581 2866 ﬂos
611 2799 729 2867 agri
757 2797 835 2852 sic
865 2797 1141 2870 eﬂlorebit,
1170 2813 1276 2858 etc.
1317 2801 1431 2858 Hoc
1464 2803 1587 2859 loco
1620 2803 1782 2858 homo
1813 2814 1980 2856 natur:

2162 2806 2344 2872 ἄνθος
2375 2805 2481 2860 τοῦ
2503 2803 2686 2874 ἀγροῦ
2718 2803 2906 2868 οὕτως
2935 2799 3262 2867 ἐξανθήσει
3287 2840 3302 2864 ,
3337 2817 3384 2852 κ.
3418 2816 3459 2851 τ.
3492 2799 3525 2851 ἐ.
3557 2799 3614 2850 ’ῑμ

484 2893 536 2942 in
571 2905 772 2960 genere
803 2893 1044 2949 ostendit
1078 2912 1093 2949 :
1128 2909 1250 2949 nam
1277 2895 1455 2950 omnis
1486 2896 1650 2951 homo
1680 2906 1985 2966 temporane

2161 2899 2334 2952 ταῢθα
2357 2898 2384 2950 ὁ
2416 2897 2700 2968 ἄνθρωπος
2719 2894 2816 2966 τὴν
2851 2893 3084 2947 καθόλου
3112 2892 3272 2962 φύσιν
3296 2890 3437 2961 δηλοῖν
3463 2891 3537 2952 πᾶς
3557 2893 3614 2959 γάρ

486 2991 542 3034 et
573 2983 838 3052 mortalis,
873 2984 1032 3042 facile
1057 3001 1402 3043 marcescens
1431 2997 1483 3043 et
1511 2988 1768 3045 caducus.

2161 2991 2446 3060 ἄνθρωπος
2485 2989 2816 3061 πρόσκαιρος
2860 2987 2953 3040 καὶ
3003 2985 3234 3056 Θνητὸς,
3269 2983 3537 3053 stipatum;
3566 2999 3614 3031 ιιι

2167 3082 2522 3156 πρόσκαιρος.

552 3163 717 3219 Vleas.
751 3164 838 3220 16.
872 3164 1135 3231 Quoniam
1166 3166 1384 3238 spiritus
1418 3169 1723 3236 pertransiit
1754 3168 1808 3222 iu
1840 3167 1932 3223 illo
1953 3207 1970 3234 ,
2007 3177 2053 3222 et

2114 3193 2126 3248 ι
2232 3176 2354 3229 Ὅτι
2401 3172 2636 3242 πνεῦμα
2673 3168 2919 3239 διῆλθεν
2955 3167 3030 3222 ἐν
3059 3164 3242 3232 αὐτῷ,
3281 3166 3368 3220 καὶ
3395 3166 3483 3232 οὐχ
3513 3163 3615 3227 ὑπάρ

482 3270 586 3311 non
629 3257 900 3324 subsistet,
932 3267 1039 3315 etc.
1073 3259 1202 3316 Post
1242 3267 1472 3316 mortem
1523 3261 1703 3315 anima
1744 3275 1850 3316 non
1878 3261 1983 3316 sub;

2167 3268 2278 3334 εει,
2331 3284 2385 3321 κ.
2415 3284 2466 3319 τ.
2496 3267 2544 3322 ἐ.
2576 3265 2730 3320 Μετὰ
2767 3263 2995 3318 θάνατον
3027 3263 3062 3334 ἡ
3094 3259 3242 3331 ψυχὴ
3275 3259 3364 3328 οὐχ
3398 3256 3564 3327 ὑπάρχει
3587 3257 3616 3305 tt

484 3350 581 3404 stit
615 3348 666 3403 in
703 3351 806 3404 hac
836 3351 966 3404 vita.

2165 3359 2244 3431 τῷ
2273 3359 2372 3430 βίῳ
2397 3359 2590 3429 τούτῳ.

556 3440 719 3496 Vens.
749 3441 839 3496 17.
867 3441 1236 3496 Misericordia
1266 3440 1481 3496 Domini
1503 3443 1567 3497 ab
1599 3452 1794 3498 wterno
1819 3455 1866 3498 et
1899 3462 2057 3515 usque

2243 3451 2313 3506 Τὸ
2348 3449 2416 3504 δὲ
2466 3452 2639 3516 ἕλεος
2682 3447 2789 3503 τοῦ
2837 3445 3061 3515 Κυρίου
3095 3443 3219 3499 ἀπὸ
3252 3442 3352 3497 τοῦ
3374 3440 3535 3504 αἰῶνος
3563 3440 3614 3490 xui

484 3536 540 3588 in
569 3544 820 3590 aeternum
855 3549 1012 3602 super
1041 3533 1279 3588 timentes
1307 3550 1446 3600 eum,
1478 3543 1586 3590 etc.
1630 3533 1746 3588 Vita
1786 3535 1985 3590 sensibi

2168 3541 2280 3609 ἕως
2334 3541 2441 3596 τοῦ
2497 3539 2714 3606 αἰῶνος
2763 3539 2850 3604 εἰς
2879 3535 3025 3603 τοὺς
3079 3535 3459 3606 φοϐουμένους
3492 3535 3613 3584 αίττξτκ

485 3640 592 3679 non
647 3634 872 3691 interna,
920 3624 1290 3680 misericordia
1358 3635 1537 3683 autem
1592 3627 1802 3682 Domini
1853 3637 1984 3682 teter

2170 3652 2224 3690 κ.
2254 3653 2303 3688 τ.
2339 3635 2385 3688 ἐ.
2423 3635 2490 3687 Ἡ
2513 3633 2609 3704 μὲν
2636 3630 2870 3704 αἰσθητὴ
2895 3629 3009 3703 ζωὴ
3043 3631 3148 3683 οὐκ
3177 3627 3368 3690 ἀΐδιος,
3403 3626 3450 3678 τὺ
3471 3623 3512 3677 δὲ
3534 3622 3614 3682 fuit

481 3721 587 3768 est.

2165 3727 2260 3780 τοῦ
2281 3725 2486 3780 Κυρίου
2515 3725 2703 3779 ἀΐδιον.

554 3802 718 3859 Vens.
752 3806 836 3862 18.
867 3804 936 3860 Et
975 3805 1191 3876 iustitia
1220 3803 1364 3861 illius
1382 3807 1445 3862 in
1487 3809 1630 3879 ﬁlios
1657 3810 1914 3878 ﬁliorum,
1949 3821 2055 3866 etc.

2165 3745 2260 3780 του
2283 3744 2486 3796 λυριου
2515 3744 2703 3779 αιοιον.

2235 3818 2345 3874 Καὶ
2368 3819 2405 3888 ἠ
2437 3817 2788 3886 δικαιοσύνη
2810 3809 3308 3880 αὐτοῦ-ἐπὶτῖοῗς
3328 3813 3472 3875 υἱῶν,
3498 3827 3532 3862 κ.
3552 3827 3579 3859 τ.
3592 3838 3614 3858 ι.

487 3897 610 3954 Filii
641 3899 878 3955 ﬁliorum
909 3908 1038 3954 sunt
1061 3897 1161 3968 qui
1179 3901 1428 3954 eumdem
1457 3901 1720 3971 Spiritum
1750 3903 1988 3973 adoptior

2167 3909 2287 3964 Υἱοὶ
2321 3910 2453 3964 υἱῶν
2495 3912 2631 3965 εἰσὶν
2663 3911 2710 3964 οἱ
2750 3909 2844 3965 τοῦ
2871 3907 3039 3964 αὐτοῦ
3073 3907 3371 3979 πνεύματος
3405 3905 3482 3974 τῆς
3514 3900 3614 3954 υἱοθε-

486 3993 723 4048 Iiliorum
761 4004 1084 4064 receperunt

2169 4003 2289 4066 σίας
2315 4003 2633 4074 ἠξιωμένοι.

554 4085 685 4142 lato.
728 4087 797 4143 Et
829 4106 1081 4147 memores
1125 4102 1248 4146 sunt
1294 4093 1668 4146 mamlatorum
1711 4093 1901 4161 ipsius,
1948 4102 2055 4147 etc.

2236 4093 2347 4147 Kal
2379 4094 2782 4163 μεμνημένοις
2810 4089 2926 4146 τῶν
2951 4087 3221 4144 ἐντολῶν
3267 4087 3453 4149 αὐτοῦ,
3478 4102 3517 4136 κ.

482 4178 577 4236 ille
603 4183 977 4238 mandatorum
1004 4200 1209 4240 memor
1228 4193 1331 4251 est,
1358 4185 1446 4252 qui
1467 4186 1764 4238 secundum
1790 4184 1876 4238 illa
1907 4186 1983 4239 vit

2047 4224 2055 4238 .
2167 4176 2337 4246 Οὗτος
2369 4183 2637 4254 μέμνηται
2663 4181 2769 4235 τῶν
2800 4180 3026 4234 ἐντολῶν
3050 4220 3065 4244 ,
3094 4183 3125 4234 6
3148 4179 3254 4245 ζῶν
3286 4177 3391 4232 κατ’
3415 4173 3548 4232 αὑτάς.

558 4273 724 4329 Vsus.
758 4275 844 4331 19.
877 4276 946 4330 Et
969 4293 1184 4348 regnum
1213 4278 1375 4346 ipsius
1403 4277 1641 4330 omnibus
1675 4277 2057 4345 dominabitur,

2239 4273 2349 4328 Kal
2383 4275 2422 4342 ἡ
2451 4274 2738 4338 βασιλεία
2759 4271 2949 4327 αὐτοῦ
2979 4269 3224 4325 πάντων
3247 4263 3500 4327 deest/'82:,
3536 4280 3568 4316 ι.
3589 4277 3612 4311 τ.

483 4375 588 4420 etc.
629 4365 756 4435 Ejus
789 4383 1011 4440 regnum
1037 4383 1146 4440 quo
1175 4369 1431 4424 mundum
1481 4369 1764 4435 condidit,
1805 4367 1984 4422 omnii]

2168 4367 2216 4420 ἐ.
2258 4367 2324 4419 Ἠ
2359 4365 2458 4436 μὲν
2501 4364 2864 4436 δημιουργικὴ
2908 4361 3074 4417 αὑτοῦ
3120 4361 3356 4433 βασιλεία
3393 4358 3550 4411 uertem

483 4461 700 4528 quidem
729 4462 1067 4529 dominatur;
1111 4465 1254 4534 quod
1280 4477 1408 4518 vero
1442 4461 1738 4516 secundum
1769 4461 1984 4517 scienti:

2169 4457 2359 4522 σπόξει
2378 4474 2391 4489 ⁸
2442 4460 2475 4530 ἡ
2513 4457 2571 4511 δὲ
2605 4457 2747 4512 κατὰ
2797 4456 2997 4525 γνῶσιν
3025 4454 3275 4526 βασιλεία
3301 4453 3355 4506 οὐ
3379 4451 3539 4505 πάντων
3557 4444 3613 4496 υὲν

488 4551 655 4607 habet
701 4569 928 4624 regnum
955 4597 972 4624 ,
1013 4570 1122 4611 non
1174 4556 1427 4613 omnibus
1474 4569 1594 4624 quae
1623 4555 1676 4608 in
1725 4556 1928 4619 terris,
1968 4567 1989 4607 ε

2004 4553 2062 4608 ed
2170 4551 2264 4606 ἐπὶ
2284 4551 2390 4622 γῆς
2411 4591 2428 4619 ,
2458 4551 2674 4607 πάντων
2705 4549 2762 4604 δέ
2792 4549 2901 4604 τῶν
2926 4550 2986 4603 ἐν
3011 4549 3262 4621 οὐρανοῖς
3287 4545 3505 4607 δεσπόζει.

488 4647 743 4702 omnibus
773 4662 892 4716 quae
924 4649 975 4704 in
1007 4649 1162 4707 caelis
1191 4659 1338 4716 sunt,
1371 4648 1702 4706 dominatur.

912 4829 1074 4899 782
1115 4827 1440 4884 PSALMUS
1484 4826 1614 4882 Ctlt.
2095 4837 2140 4892 ι)
2737 4826 3031 4881 summa:
3061 4825 3182 4879 p1",

559 4922 720 4979 Vens.
742 4923 799 4981 2.
829 4924 1066 4978 Amictus
1091 4927 1284 4980 lumine
1305 4926 1439 4980 sicut
1473 4926 1792 4990 vestimento,
1825 4936 1930 4981 etc.
1963 4929 2060 4982 Ve-

2255 4919 2768 4990 Ἀναϐιιιλόμενος
2792 4917 2918 4988 φῶς
2935 4919 3016 4984 ὠς
3045 4915 3301 4988 ἱμάτιον,
3331 4932 3378 4968 κ.
3402 4930 3444 4967 τ.
3467 4912 3500 4963 ἑ.
3532 4907 3612 4975 ’1μά-

483 5014 797 5070 stimentmn
849 5013 1059 5069 Domini
1121 5015 1350 5070 scientia
1387 5030 1547 5070 vera:
1585 5031 1692 5085 quo
1730 5016 1820 5084 qui
1876 5019 1982 5072 ami

2169 5031 2284 5069 τιον
2305 5012 2508 5085 Κυρίου
2535 5011 2737 5082 γνῶσις
2758 5010 2983 5083 ἀληθής·
3005 5011 3034 5064 6
3060 5009 3118 5064 δὲ
3147 5008 3434 5081 ἐνδυόμενος
3446 5002 3538 5058 αὐτὸ
3554 5016 3612 5066 φιν

483 5115 607 5172 tur,
639 5108 706 5163 ab
733 5123 798 5164 eo
824 5107 1175 5162 illuminatur.

2168 5107 2486 5179 τισθήσεται
2515 5106 2607 5162 ὑπ’
2632 5104 2818 5160 αὐτοῦ.

561 5197 725 5254 Vens.
783 5198 838 5254 5.
899 5199 1202 5253 Extendeus
1254 5199 1439 5254 castum
1492 5202 1629 5255 sicut
1674 5201 1897 5271 pellem,
1951 5207 2057 5254 etc.

2253 5201 2568 5255 Ἐκτείνων
2609 5200 2716 5254 τὸν
2758 5196 3020 5267 οὐρανὸν
3055 5197 3199 5252 ὡσεὶ
3246 5193 3442 5264 δέρῤιν,
3468 5207 3506 5242 κ.
3539 5183 3608 5238 τὲ

484 5294 666 5363 Quare
694 5307 800 5348 non
829 5293 984 5359 dixit,
1024 5311 1044 5343 ι
1074 5293 1164 5363 qui
1206 5292 1514 5359 extendisti,
1550 5312 1567 5345 ι
1617 5295 1730 5362 sed,
1784 5312 1803 5346 ι
1841 5293 1933 5363 qui
1964 5307 1985 5348 ε

2167 5294 2266 5348 Διὰ
2300 5291 2352 5347 τι
2394 5293 2495 5346 οὐκ
2529 5287 2710 5356 εἶπεν,
2751 5309 2770 5343 t
2803 5290 3080 5355 ἐκτείνας,
3123 5309 3141 5341 ι
3192 5288 3300 5344 ἀλλ’
3339 5282 3609 5338 «ἐκτεινιιινιι

487 5386 705 5441 tendis?
735 5404 754 5438 ι
795 5385 877 5440 An
931 5387 1098 5440 semel
1148 5385 1366 5455 quidem
1409 5385 1535 5439 illud
1591 5388 1879 5441 secundum
1929 5399 1988 5439 su

2166 5387 2200 5458 ἦ
2233 5385 2376 5452 ἆπαξ
2401 5385 2498 5456 μὲν
2524 5385 2684 5438 αὐτὸν
2708 5385 2827 5438 κατ’
2851 5383 3038 5437 οὐσίαν
3055 5381 3312 5449 ἐξέτεινεν
3334 5420 3346 5444 ,
3367 5374 3496 5431 ἀεὶδὲ
3517 5367 3611 5423 aii"

485 5483 742 5533 stantiam
770 5477 1030 5542 extendit,
1054 5491 1267 5546 semper
1291 5483 1470 5531 autem
1497 5477 1742 5533 extendit
1761 5479 1986 5532 secundi

2169 5478 2396 5532 ἐκτείνει
2445 5477 2588 5531 κατὰ
2624 5476 2722 5548 τὴν
2767 5475 3049 5548 πρόνοιαν;
3085 5473 3328 5528 Τοιοῦτόν
3372 5473 3464 5522 ἐστι
3496 5463 3556 5516 καὶ
3579 5457 3610 5509 τὶ

488 5569 931 5639 providentiam?
982 5569 1264 5641 Ejusmodi
1299 5577 1382 5625 est
1428 5569 1598 5624 etiam
1648 5570 1700 5624 id
1736 5572 1878 5639 quod
1918 5585 1984 5638 ap

2180 5567 2298 5624 ’1ὼὸ
2326 5569 2612 5642 εἰρημένον
2635 5585 2648 5598 °
2677 5571 2705 5623 6
2743 5588 2761 5621 ι
2798 5567 2974 5623 Ποιῶν
3007 5567 3239 5621 Πλειάδα
3260 5606 3274 5632 ,
3306 5565 3388 5620 καὶ
3420 5559 3607 5624 Ἐπερων

482 5659 584 5717 Joh
613 5662 815 5718 dictum
845 5672 930 5718 est
952 5663 1030 5718 "z
1069 5681 1087 5715 ι
1110 5663 1208 5729 Qui
1231 5661 1363 5718 facit
1389 5661 1626 5730 Pleiade,
1656 5672 1709 5720 et
1741 5661 1977 5733 Hespern

1741 5661 2057 5733 Hesperum,
2169 5663 2263 5716 καὶ
2303 5661 2624 5735 Ἀρκτοῦρον
2651 5662 2744 5718 καὶ
2771 5663 2968 5734 ταμεῖα
2995 5661 3187 5716 Νότου.
3219 5679 3236 5713 ι

483 5765 539 5809 nt
573 5757 882 5821 Arcturum,
919 5764 975 5811 et
1009 5756 1267 5811 interiora
1295 5755 1502 5814 Austri.
1529 5776 1546 5809 ι

556 5849 600 5882 ⁷⁸
629 5848 650 5903 1
679 5848 802 5905 Cor.
843 5864 938 5914 vn,
979 5848 1067 5904 51.
1143 5849 1190 5884 ⁷⁸
1221 5847 1319 5906 Job
1345 5865 1422 5919 tx,
1454 5850 1510 5906 9.
