3914 6374
180 325 297 382 1561

1123 317 1435 375 SELECTA
1473 317 1538 373 l.\"
1579 306 1948 371 ΡεΑωιοεῖ
1978 306 2024 356 4-
2059 304 2432 369 PSALTCIII:

3282 311 3422 369 £582

252 444 312 498 το
337 442 523 496 ποιῶν
555 441 697 507 τοὺς
725 440 1019 512 ἀγγέλους
1052 441 1237 495 αὑτοῦ
1270 442 1577 511 πνεύματα
1598 482 1611 505 ,
1644 438 1739 491 καὶ

1918 432 2078 490 Vens.
2118 437 2172 491 4.
2215 436 2319 502 Qui
2357 434 2488 488 ’ucis
2518 432 2730 502 angelos
2759 442 2878 486 tuos
2917 431 3155 501 spiritus,
3189 441 3238 486 et
3270 434 3425 487 mini-

173 535 308 602 τοὺς
347 533 733 603 λειτουργοὺς
780 530 967 587 αὐτοῦ
1018 533 1208 602 stupor;
1241 534 1473 602 φλόγα,
1516 549 1569 585 κ.
1613 549 1663 585 τ.
1694 533 1739 584 ὲ.

174 624 259 695 Τῷ
303 625 401 696 μὲν
467 624 717 695 Ἀϐραὰμ
763 624 811 676 oi
857 623 1078 692 ἄγγελοι
1112 623 1187 686 ὡς
1220 622 1505 694 πνεύματα
1544 623 1746 693 ἐφάνη-

174 734 270 773 σαν
288 757 303 780 ,
331 720 441 781 τοῖς
464 717 521 770 δὲ
549 716 869 787 Σοδομίταις
896 714 1084 786 ὥσπερ
1118 713 1229 786 πῦρ
1264 714 1482 784 φλέγον.

248 806 301 860 '0
322 805 609 876 θεμελιῶν
626 808 742 874 τὴν
762 805 877 875 γῆν
896 806 993 858 ἐπὶ
1021 805 1135 873 τὴν
1150 804 1495 874 ἀσφάλειαν
1516 803 1706 871 αὐτῆς
1724 820 1738 835 ο

172 900 242 954 οὐ
265 896 608 964 κλιθήσεται
636 900 722 963 εὶς
752 896 856 950 τὸν
888 895 1072 950 αἰῶνα
1105 896 1210 950 τοῦ
1238 894 1487 961 αἰῶνος,
1528 912 1582 948 κ.
1616 913 1664 948 τ.
1692 898 1740 949 ἐ.

183 991 239 1047 Ὀ
270 990 368 1062 μὲν
409 989 531 1044 ’1ὼό
561 985 682 1043 εἷπε
707 1007 721 1021 ·
756 1009 775 1041 ι
813 989 1111 1062 Κρεμάσας
1155 988 1252 1060 τὴν
1290 989 1395 1059 γῆν
1444 990 1536 1042 ἐπὶ
1582 990 1744 1059 μηδε-

171 1084 297 1147 νόςο
332 1102 351 1134 ι
398 1084 426 1135 ό
482 1082 539 1135 δὲ
568 1081 763 1149 Δαυῗδ,
810 1101 829 1133 ι
862 1082 955 1135 ἐπὶ
992 1081 1088 1151 τὴν
1141 1079 1440 1149 ἀσφάλειαν
1490 1080 1679 1150 αὐτῆς.
1718 1098 1736 1131 ι

184 1175 457 1246 Ἑκάτεροι
488 1174 544 1227 δὲ
576 1174 855 1246 ἀναιροῦσι
879 1174 940 1229 τὸ
966 1172 1105 1227 εἶναι
1135 1172 1298 1245 σῶμά
1341 1190 1392 1226 τι
1433 1174 1615 1244 ἕτερον
1646 1173 1743 1243 βα-

176 1267 365 1331 στάζον
410 1268 581 1340 αὐτὴν
628 1268 920 1321 ὑποκάτωο
962 1269 996 1339 ὴ
1034 1266 1140 1338 γὰρ
1162 1266 1428 1335 ἀσφάλεια
1466 1266 1566 1319 οὐκ
1598 1265 1742 1319 ἐστιν

174 1362 323 1414 οὐσία
350 1402 365 1427 ,
401 1359 537 1415 ἀλλὰ
586 1360 747 1430 τέχνη
793 1359 962 1424 Θεοῦ,
996 1361 1249 1429 ἀκίνητον
1296 1360 1392 1431 τὴν
1436 1360 1538 1430 γῆν
1573 1362 1631 1412 ὲν
1675 1360 1741 1428 τῇ

175 1455 374 1525 σφαίρᾳ
401 1452 855 1521 διαφυλάττουσα.

241 1546 547 1611 Ἀὄυσσος
604 1545 684 1609 ὡς
733 1543 965 1613 ἱμάτιον
1010 1542 1077 1595 τὸ
1123 1544 1501 1610 περιϐόλαιον
1532 1540 1739 1604 αὑτοῦ,

171 1656 221 1691 κ.
245 1656 292 1692 τ.
318 1640 365 1691 ὲ.
393 1638 467 1690 Τὸ
503 1635 885 1707 ἀκατάληπτον
927 1636 1029 1705 τῆς
1073 1632 1327 1702 γνώσεως
1364 1632 1458 1686 τοῦ
1493 1632 1626 1685 Θεοῦ
1656 1631 1742 1684 διὰ

167 1720 264 1800 τῆς
294 1728 531 1784 ἀϐύσσου
565 1729 883 1799 παρίστησι.

1845 537 1983 582 slros
2018 539 2134 579 tuos
2170 528 2341 596 ignem
2390 534 2662 591 urentem,
2712 534 2818 579 etc.
2862 522 3173 577 Abralramo
3200 526 3419 593 quidem

1843 617 2017 687 angeli
2067 616 2211 670 sicut
2242 615 2466 683 spiritus
2512 624 2919 686 apparuerunt;
2966 614 3258 669 Sodomitis
3296 630 3422 669 vero

1842 710 1983 764 sicut
2014 707 2152 778 ignis
2177 707 2398 761 ardens.
3142 718 3149 725 '

1914 799 2078 854 Vens.
2116 799 2173 853 5.
2219 798 2322 864 Qui
2370 798 2612 868 fundasti
2657 809 2850 853 terram
2894 815 3053 869 super
3080 797 3421 853 stabiiitatem

1842 910 1994 949 suam
2021 908 2038 946 :
2067 909 2169 945 non
2200 890 2547 944 inclinabitur
2579 892 2635 945 in
2670 891 2921 945 steculum
2952 892 3152 953 sa’nnii,
3181 902 3288 946 etc.
3319 890 3422 945 Job

1843 984 2062 1053 quidem
2101 981 2297 1037 dixit"
2336 997 2349 1035 :
2390 999 2407 1032 ι
2443 980 2543 1048 Qui
2594 983 2851 1051 appendit
2901 993 3102 1036 terram
3145 997 3307 1051 super
3333 981 3417 1035 ni-

1845 1075 2013 1129 hilum
2041 1090 2055 1140 ;
2082 1092 2102 1127 ›
2138 1074 2305 1128 David
2340 1084 2544 1141 autem,
2580 1091 2597 1123 ι
2624 1089 2789 1143 super
2818 1072 3167 1129 stabilitatem
3193 1088 3366 1127 suam.
3393 1091 3413 1126 ι

1848 1164 2090 1234 Uterque
2122 1173 2301 1219 autem
2350 1172 2511 1234 negat
2541 1178 2666 1217 esse
2694 1178 2890 1233 corpus
2919 1164 3061 1217 aliud
3103 1164 3241 1232 quod
3274 1162 3417 1217 illaut

1844 1256 1985 1313 infra
2018 1257 2305 1311 sustineat.
2348 1255 2632 1310 Stabililas
2662 1255 2807 1309 enim
2848 1270 2952 1307 non
2985 1266 3061 1309 est
3094 1255 3417 1320 substantia,

1842 1351 1935 1404 sed
1970 1365 2061 1403 ars
2092 1348 2213 1414 Dei,
2239 1364 2362 1418 qua:
2388 1347 2717 1403 immobilem
2744 1355 2941 1400 terram
2971 1348 3021 1400 in
3054 1348 3260 1417 sphaera
3289 1363 3420 1402 con-

1842 1454 2041 1500 servat.

1920 1536 2090 1592 Vens.
2129 1535 2180 1591 6.
2215 1536 2449 1606 Abyssus
2479 1538 2615 1589 sicut
2644 1537 3003 1590 vestimentum
3032 1546 3251 1587 amictus
3281 1537 3417 1604 ejus,

1842 1640 1949 1686 etc.
1999 1627 2603 1699 lncomprebensibilem
2653 1628 2937 1683 scientiam
2973 1628 3064 1683 Dei
3110 1642 3204 1696 per
3260 1630 3422 1698 abys-

1843 1742 1961 1781 sum
1991 1726 2214 1779 indicat.

247 1823 703 1877 Ἀναϐαίνουσιν
730 1819 838 1888 ὅρη
868 1819 964 1873 καὶ
996 1818 1423 1872 καταϐαίνουσι
1449 1814 1625 1868 πεδία
1657 1815 1741 1880 είς

1917 1816 2079 1869 Vens.
2123 1816 2177 1870 8.
2220 1815 2517 1869 Ascendunt
2556 1821 2755 1867 montes
2794 1821 2840 1866 et
2880 1810 3199 1864 descendunt
3249 1806 3418 1875 campi

170 1918 271 1969 τὸν
301 1916 487 1971 τόπον
504 1914 577 1968 ὃν
592 1914 991 1983 ἐθεμελίωσας
1009 1910 1242 1976 αὐτοῖς,
1275 1928 1328 1962 κ.
1354 1927 1403 1961 τ.
1429 1909 1473 1960 ὲ.
1502 1906 1737 1975 Λογικάς

167 2028 313 2073 τινας
349 2009 436 2062 διὰ
464 2008 571 2062 τῶν
594 2007 766 2075 λόγων
790 2008 993 2058 τούτων
1018 2003 1313 2057 αἰνίττεται
1344 2001 1555 2071 φύσεις.

238 2105 440 2171 Ὅριον
470 2104 609 2157 ἔθου
644 2101 675 2155 ὂ
702 2102 773 2155 οὐ
801 2098 1271 2167 παρελεύσονται
1292 2137 1306 2159 ,
1342 2113 1395 2149 κ.
1436 2113 1484 2149 τ.
1524 2096 1568 2147 ἑ.
1603 2094 1736 2165 Περὶ

166 2198 271 2251 τῶν
298 2194 665 2267 καταχθονίων
691 2194 959 2265 δαιμόνων
982 2190 1157 2245 ταῦτα
1184 2187 1436 2259 λέγεσθαί
1460 2205 1612 2256 φασι.

234 2379 486 2439 Ποτίζων
517 2380 621 2447 ὅρη
674 2379 742 2432 ἐκ
771 2377 886 2431 τῶν
930 2375 1212 2445 ὑπερῴων
1256 2374 1445 2429 αὑτοῦ
1469 2415 1482 2439 ,
1515 2392 1566 2427 κ.
1601 2392 1650 2426 τ.
1684 2376 1731 2427 ἑ.

177 2470 425 2543 Ὑπερῷα
458 2469 592 2524 Θεοῦ
616 2468 805 2539 φύσεις
832 2467 1069 2539 καθαραὶ
1097 2455 1407 2532 ποτίζουσαι
1443 2467 1565 2519 τοὺς
1592 2464 1735 2537 ὑψη-

165 2566 415 2636 λοτέρους
444 2566 507 2634 τῇ
539 2562 756 2635 καρδίᾳ.

236 2657 717 2728 Χορτασθήσεται
765 2653 837 2708 τὰ
882 2653 1037 2719 ξύλα
1085 2653 1192 2708 τοῦ
1235 2650 1478 2717 πεδίου,
1514 2668 1569 2703 κ.
1598 2668 1650 2704 τ.
1686 2663 1732 2703 ε.

173 2755 234 2808 Ὀ
263 2753 319 2807 δὲ
368 2750 615 2822 Ἐϐραῖος
652 2750 746 2803 καὶ
785 2750 833 2803 οἱ
873 2747 1051 2800 λοιποὶ
1100 2767 1118 2798 ι
1148 2745 1242 2799 τοῦ
1273 2745 1478 2816 Κυρίου
1510 2764 1527 2794 ι
1566 2741 1736 2795 τεθεί-

163 2864 340 2901 κασιν.
376 2843 669 2910 Διεξελθὼν
709 2843 778 2897 τὰ
828 2841 1117 2913 κάρπιμα,
1168 2834 1480 2907 ἀναγκαίως
1531 2850 1737 2907 μνημο-

162 2940 306 2994 νεύει
332 2939 425 2993 καὶ
456 2937 561 2991 τῶν
590 2938 853 3008 ἀκάρπων
877 2975 892 3000 ,
927 2934 1002 2998 ὡς
1043 2934 1337 3000 ἀναγκαῖον
1379 2932 1490 2993 τοῖς
1523 2927 1735 2999 ἀνθρώ-

161 3050 285 3097 ποις
332 3032 424 3087 καὶ¹
464 3029 603 3084 αὐτὰ
643 3027 989 3100 παρεχόντων
1039 3023 1247 3097 χρείαν.
1293 3020 1392 3074 Διὰ
1442 3019 1599 3073 τοῦτο
1644 3019 1738 3074 καὶ

164 3147 186 3178 ι
218 3126 417 3198 Κυρίου
456 3143 474 3176 ι
504 3123 641 3178 αὐτὰ
668 3120 1107 3194 προσηγόρευσεν
1128 3159 1143 3183 ,
1177 3116 1252 3181 ὡς
1278 3116 1522 3183 αύτοφυᾶ
1553 3115 1649 3167 καὶ
1674 3113 1734 3166 οὐ

1846 1912 1900 1966 in
1932 1911 2105 1964 locum
2134 1926 2284 1980 quem
2332 1908 2570 1977 fundasti
2608 1908 2703 1967 eis.
2737 1918 2844 1962 etc.
2895 1903 3129 1959 Naturae
3159 1904 3419 1973 quasdam

1846 2008 2055 2058 ratione
2086 2000 2339 2071 praditas
2371 1999 2454 2054 bis
2490 1999 2673 2054 verbis
2702 1998 2931 2052 indicat.

1915 2094 2082 2148 Vnns.
2111 2092 2165 2147 9.
2205 2090 2503 2144 Terminum
2550 2089 2772 2160 posuisti
2806 2105 2955 2159 quem
3007 2102 3111 2140 non
3156 2096 3419 2154 transgre-

1842 2187 2057 2240 dientur
2086 2227 2100 2252 ,
2141 2194 2246 2239 etc.
2274 2182 2400 2239 Haec
2454 2183 2604 2236 aiunt
2640 2182 2706 2236 de
2730 2177 3098 2235 subterraneis
3139 2174 3419 2232 daemoniis

1843 2280 1970 2335 dici.

1920 2371 2084 2429 Vens.
2113 2370 2198 2428 15.
2235 2369 2428 2439 Riguus
2455 2377 2655 2421 montes
2678 2364 2742 2419 de
2770 2363 3126 2436 superioribus
3150 2360 3280 2427 suis,
3311 2368 3417 2413 etc.

1847 2464 2141 2533 Superiora
2182 2462 2272 2517 Dei
2304 2469 2433 2517 sunt
2470 2468 2672 2514 natura:
2704 2472 2851 2527 purae
2901 2457 3141 2525 rigantes
3171 2451 3417 2507 excelsos

1843 2558 2025 2613 corde.

1917 2649 2081 2704 Vens.
2123 2648 2210 2703 16.
2265 2645 2667 2703 Saturabuntur
2704 2642 2859 2712 'ligna
2896 2640 3108 2709 campi,
3152 2648 3259 2693 etc.
3317 2637 3419 2693 He-

1844 2743 2025 2797 braeus
2057 2750 2238 2795 textus
2262 2779 2276 2805 ,
2311 2748 2366 2793 et
2397 2736 2589 2805 reliqui
2621 2775 2637 2801 ,
2688 2752 2707 2786 ι
2738 2732 2953 2787 Domini
2982 2770 2997 2795 ,
3041 2750 3059 2783 ι
3101 2741 3416 2799 posuerunt.

1844 2836 2139 2904 Postquam
2174 2832 2451 2890 recensuit
2488 2828 2791 2892 fructifera,
2822 2825 3129 2881 necessario
3156 2833 3422 2879 meruerat

1843 2933 2009 2984 etiam
2042 2926 2404 2990 infructuosa,
2435 2923 2632 2993 quippe
2679 2936 2799 2990 qua:
2849 2918 3212 2973 necessarium
3245 2917 3421 2971 homi-

1846 3020 2004 3073 nibus
2032 3027 2087 3071 et
2114 3017 2227 3087 ipsa
2261 3014 2537 3086 praebeant
2567 3027 2745 3066 usum.
2800 3008 3093 3077 Pmpterea
3127 3015 3181 3059 et
3217 3024 3236 3057 ι
3272 3006 3418 3076 ligna

1846 3110 2059 3165 Domini
2085 3128 2103 3161 ι
2138 3110 2248 3177 ipsa
2282 3104 2591 3175 appellavit,
2622 3102 2819 3171 quippe
2841 3114 2962 3170 quae
2992 3108 3182 3167 sponte
3208 3108 3419 3152 naturae

158 3189 499 3293 χειρύκμητα
527 3259 541 3284 ,
574 3189 725 3270 ἀλλὰ-
748 3189 842 3284 τῷ.
875 3189 1003 3283 θείῳ
1036 3210 1177 3281 λόγῳ
1218 3208 1628 3280 βλαστήσαντα·
1658 3206 1738 3259 διὸ

1868 3203 2188 3265 proveniant,
2214 3214 2312 3253 nec
2338 3212 2498 3251 manu
2526 3194 2899 3256 elaborentur,
2932 3191 3025 3244 sed
3046 3189 3231 3243 divino
3254 3189 3418 3242 verbo

157 3312 254 3365 καὶ
302 3312 615 3381 ἐπήγαγεν
664 3327 681 3359 ι
715 3308 779 3360 Αἱ
828 3305 1009 3376 κέδροι
1057 3302 1151 3356 τοῦ
1200 3301 1433 3356 Λιϐάνου
1485 3300 1552 3363 ἃς
1601 3299 1736 3370 ἐφύ-

156 3419 379 3467 τευσας.
417 3422 436 3455 ι

238 3495 348 3550 Τοῦ
386 3495 594 3550 αὐτοῦ.
632 3495 841 3565 Ὥσπερ
880 3490 996 3545 ἔστί
1031 3507 1154 3544 τινα
1182 3487 1311 3553 ξύλα
1343 3485 1436 3540 τοῦ
1480 3483 1739 3557 παραδεί-

158 3610 257 3646 σου
279 3632 293 3656 ,
323 3589 467 3643 οὕτω
493 3588 586 3641 καὶ
615 3585 747 3651 ξύλα
772 3583 973 3638 πεδίου.
1306 3628 1311 3637 ,

231 3684 422 3753 Πέτρα
458 3678 768 3750 καταφυγὴ
803 3676 927 3743 τοῖς
967 3672 1438 3743 χοιρογρυλλίοις
1463 3710 1477 3734 ,
1511 3687 1565 3722 κ.
1599 3685 1651 3720 τ.
1688 3669 1735 3720 ὲ.

168 3781 231 3834 '0
267 3774 675 3850 χοιρογρυλλίου
711 3770 849 3842 ἔχων
891 3767 1224 3822 κατάστασιν
1257 3758 1622 3834 προσφυγέπω
1670 3759 1735 3827 τῇ

154 3849 503 3943 πνευματικῇ
527 3867 704 3939 πέτρᾳ
729 3867 794 3936 τῇ
819 3859 1185 3930 ἀκολουθούσῃ
1216 3859 1273 3910 ὲν
1303 3858 1369 3927 τῇ
1402 3856 1614 3925 ἐρήμῳ,
1645 3849 1739 3903 καὶ

153 3961 379 4027 ποτιζού
388 3978 453 4032 σῃ
482 3960 573 4013 τὸν
616 3954 851 4028 Ἰσραήλ.

240 4058 297 4109 Ὁ
326 4054 498 4123 ἣλιος
515 4052 668 4122 ἔγνω
696 4048 810 4116 τὴν
828 4046 1008 4099 δύσιν
1024 4038 1230 4106 αὑτοῦ,
1262 4056 1316 4091 κ.
1347 4054 1399 4089 τ.
1423 4036 1466 4089 ὲ.
1512 4034 1570 4087 '0
1590 4032 1739 4102 ἥλιος

154 4153 260 4223 τῆς
284 4145 629 4217 δικαιοσύνης
663 4143 804 4212 ἔγνω
835 4139 930 4194 νῦν
962 4138 1087 4201 τοὺς
1110 4136 1169 4188 ἐν
1199 4129 1281 4196 οἷς
1310 4131 1397 4184 ἔδυ
1430 4127 1581 4182 ποτέ.

278 4241 611 4296 ’Λνέτειλεν
639 4240 671 4290 d
702 4236 876 4304 ἥλιος
924 4231 1021 4286 καὶ
1054 4226 1488 4297 συνήχθησαν,
1524 4239 1575 4276 κ.
1604 4238 1656 4274 1.
1689 4220 1737 4273 ὲ.

1852 3295 2182 3365 germinent.
2215 3290 2575 3358 Quamobrem
2607 3286 2771 3343 etiam
2804 3284 3043 3339 addidit:
3085 3300 3103 3333 ι
3134 3283 3297 3338 Ccdri
3324 3279 3419 3336 Li-

1839 3386 1969 3443 bani
2000 3400 2135 3456 quas
2169 3382 2440 3454 plautasti.
2475 3400 2493 3434 ι

1911 3478 2185 3548 Ejusdem.
2219 3472 2684 3544 Quemadmodum
2712 3469 2958 3541 quaedam
3000 3470 3142 3541 ligna
3169 3476 3298 3523 sunt
3326 3481 3417 3537 pa-

1840 3570 2026 3633 radisi,
2058 3570 2136 3623 sic
2168 3569 2333 3623 etiam
2370 3575 2497 3620 sunt
2527 3564 2663 3633 ligna
2700 3562 2895 3631 campi.

1911 3663 2073 3717 Vens.
2101 3661 2186 3717 18.
2220 3658 2382 3713 Petra
2415 3656 2676 3726 refugium
2710 3653 3014 3717 herinaciis,
3046 3661 3152 3706 etc.
3190 3651 3289 3717 Qui
3322 3649 3417 3703 he-

1841 3755 2035 3811 rinacii
2074 3754 2237 3808 habet
2269 3750 2527 3814 indolem,
2562 3748 2841 3819 confugiat
2879 3748 2946 3800 ad
2982 3744 3282 3813 spiritalem
3316 3756 3407 3811 pe-

1843 3856 1979 3902 tram
2018 3852 2444 3914 consequentem
2479 3842 2531 3894 in
2563 3840 2778 3895 deserto
2810 3848 2864 3893 et
2916 3837 3179 3909 rigantem
3222 3833 3412 3890 Israel.

1913 4029 2078 4084 Vens.
2122 4027 2209 4082 {9.
2258 4025 2352 4081 Sol
2402 4024 2641 4095 cognovit
2681 4038 2924 4077 occasum
2965 4038 3143 4085 suum,
3188 4029 3295 4075 etc.
3328 4018 3420 4074 Sol

1835 4123 2063 4198 justitite
2095 4121 2242 4175 novit
2267 4133 2409 4173 nunc
2446 4132 2541 4173 eos
2567 4118 2621 4172 in
2654 4117 2853 4187 quibus
2880 4114 3171 4184 aliquando
3200 4112 3421 4166 occidit.

1914 4219 2076 4273 Vens.
2107 4216 2197 4270 ‘22.
2232 4214 2391 4268 Ortus
2425 4222 2499 4266 est
2536 4211 2639 4277 sol,
2682 4218 2730 4264 et
2763 4207 3066 4279 congregati
3113 4216 3256 4269 sunt,
3310 4212 3415 4258 etc.

170 4338 261 4390 Ἐν
292 4330 372 4398 οἷς
415 4330 696 4386 ἀνατέλλει
776 4294 925 4398 ἥλιος
966 4323 1067 4394 τῆς
1112 4294 1492 4388 δικαιοσύνης,
1525 4318 1581 4369 ὲν
1626 4312 1741 4367 τού-

1868 4329 1897 4367 η
1942 4310 2141 4381 quibus
2179 4307 2341 4379 783
2389 4305 2634 4361 exoritur
2689 4301 2765 4356 sol
2804 4301 3030 4370 justitiaa
3059 4338 3075 4364 ,
3132 4298 3199 4352 iis
3250 4294 3412 4348 etiam

152 4446 272 4492 τοις
303 4429 396 4483 καὶ
417 4427 473 4479 αἱ
500 4423 687 4479 κακίαι
716 4419 855 4475 κατὰ
881 4418 1109 4487 δύναμιν
1139 4413 1493 4483 ὑπάρχουσιν.

252 4520 661 4586 Ἐξελεύσεται
705 4514 1010 4581 ἄνθρωπος
1049 4507 1148 4562 ἐπὶ
1186 4507 1249 4559 τὸ
1298 4505 1475 4573 ἔργον
1528 4498 1735 4561 αὐτοῦ,
1774 4539 1817 4595 D

152 4619 261 4676 καὶ
307 4616 406 4669 ἐπὶ
444 4612 561 4680 τὴν
588 4608 873 4679 ἐργασίαν
901 4602 1086 4657 αὑτοῦ
1124 4600 1234 4665 ἕως
1270 4597 1551 4664 ἑσπέρας,
1586 4610 1640 4645 κ.
1689 4609 1739 4645 1.

153 4713 205 4765 ὲ.
249 4710 451 4780 Ἔργον
478 4703 573 4757 νῦν
602 4700 745 4769 λέγει
772 4696 941 4766 αὐτὴν
972 4692 1069 4764 τὴν
1104 4690 1236 4759 ὓλην
1264 4687 1391 4759 περὶ
1418 4686 1485 4757 ἣν
1515 4687 1549 4756 ἡ
1578 4685 1744 4755 ἐργα-

154 4804 281 4857 σία⁶
322 4774 585 4872 ἐργασίαν
625 4792 682 4845 δὲ
724 4789 892 4860 αὐτὴν
938 4786 1037 4861 τὴν
1086 4783 1282 4854 τέχνην
1329 4779 1426 4851 τὴν
1471 4778 1598 4849 περὶ⁵
1648 4774 1746 4847 τὴν

153 4898 297 4967 ὓλην
328 4889 639 4963 γινομένην.

248 4960 411 5043 ξΕκεῐ
454 4960 675 5051 ἑρπετὰ
720 4970 808 5030 ὧν
851 4975 962 5027 οὐκ
1013 4970 1184 5025 ἔστιν
1226 4963 1491 5033 ἀριθμὸς,
1531 4979 1584 5015 κ.
1618 4978 1667 5013 τ.
1700 4960 1747 5013 ὲ.

1842 4394 2059 4458 malitiae
2091 4401 2387 4455 secundum
2424 4397 2675 4449 virtutem
2710 4394 2917 4447 insunt.

1912 4491 2077 4547 Vens.
2110 4490 2201 4544 23.
2235 4486 2411 4541 Exibit
2438 4485 2591 4537 homo
2628 4482 2699 4535 ad
2728 4496 2855 4548 opus
2890 4494 3064 4540 suum,
3100 4485 3147 4529 et
3186 4475 3256 4528 ad
3295 4488 3420 4543 ope-

1852 4585 2108 4639 rationem
2136 4596 2286 4635 suum
2318 4593 2478 4646 usque
2506 4576 2578 4628 ad
2606 4587 2893 4641 vesperum,
2928 4578 3035 4623 etc.
3086 4567 3232 4637 Opus
3278 4579 3422 4620 nunc

1854 4675 2137 4733 materiam
2168 4674 2309 4727 circa
2347 4684 2508 4739 quam
2535 4664 2778 4736 operatio
2812 4670 3094 4727 versatur;
3146 4658 3422 4729 operatio-

1856 4784 1977 4823 nem
2008 4774 2187 4820 autem
2214 4773 2369 4816 vocat
2398 4768 2567 4814 artem
2600 4772 2721 4828 qua:
2749 4756 3033 4811 materiam
3085 4751 3418 4824 aggreditur.

1924 4952 2087 5007 Vens.
2128 4949 2221 5006 25.
2247 4947 2368 5002 Illic
2400 4945 2610 5012 reptilia
2633 4959 2855 5014 quorum
2891 4957 2996 4995 non
3025 4947 3102 4994 est
3149 4949 3418 5000 numerus,

151 5033 571 5149 Τῶν-’ἑρπετῶν
609 5068 909 5141 ἀνθρώπων
950 5064 1038 5118 διὰ
1076 5062 1173 5133 τὴν
1218 5057 1414 5141 κακίαν
1461 5055 1560 5109 οὐκ
1607 5053 1741 5107 ἑστιι

1868 5056 1961 5104 ste.
1999 5043 2317 5114 liepentium
2345 5039 2623 5095 hominum
2656 5044 2874 5108 propter
2915 5033 3176 5087 malitiam
3205 5042 3308 5081 non
3339 5034 3424 5079 est

2230 5139 2262 5149 Α
2311 5138 2323 5149 ι
2600 5145 2609 5149 -
2730 5135 2741 5145 ο
2854 5131 3023 5149 -4,,__2.
3069 5126 3114 5149 9n
3182 5124 3394 5149 --.ηΙιζιιι

149 5136 423 5247 ἀριθμύς·
460 5187 480 5220 t
519 5168 581 5220 '0
611 5136 728 5235 γὰρ·
766 5160 1032 5233 ἀριθμῶν,
1081 5154 1214 5227 φησὶ
1236 5136 1255 5218 ,’
1297 5150 1475 5223 πλήθη
1515 5150 1750 5221 ἄστρων,

150 5268 258 5321 καὶ
289 5266 457 5317 πᾶσιν
484 5261 667 5322 αὐτοῖς
699 5255 941 5325 ὀνόματα
969 5249 1170 5305 καλῶν.
1219 5265 1240 5300 ι

246 5350 613 5417 Ἀντανελεῒς
638 5348 705 5403 τὸ
731 5346 964 5415 πνεῦμα
995 5332 1211 5407 αὐτῶν,
1240 5337 1333 5392 καὶ
1369 5336 1745 5403 ἑκλείψουσι,

1859 5156 2138 5198 numerus.
2169 5158 2188 5191 ι
2224 5138 2326 5206 Qui
2367 5145 2617 5191 numerat
2657 5135 2821 5199 enim,
2853 5131 3031 5201 inquit
3069 5126 3131 5188 ⁷⁸,
3182 5124 3419 5179 multitu-

1852 5238 2007 5292 dines
2035 5233 2339 5295 stellarum,
2366 5243 2421 5287 et
2450 5229 2700 5285 omnibus
2729 5227 2810 5280 eis
2836 5222 3051 5277 nomina
3078 5224 3252 5271 vocat.
3294 5233 3315 5267 ι

1924 5328 2088 5383 Vens.
2115 5326 2207 5383 29.
2237 5325 2458 5395 Auferes
2481 5323 2728 5390 spiritum
2774 5318 3008 5378 illorum,
3058 5320 3107 5365 et
3155 5308 3420 5378 deﬁciens.

150 5448 264 5504 καὶ
293 5450 378 5514 είς
409 5444 517 5500 τὸν
554 5403 707 5513 χοῦν
731 5403 929 5492 asus}
959 5403 1414 5501 ἐπιστρέφουσι,
1447 5444 1501 5480 κ.
1532 5443 1581 5479 τ.
1612 5426 1658 5477 ὲ.
1688 5424 1741 5477 ΟΙ

1868 5434 1902 5477 ιι
1936 5423 1987 5475 in
2015 5422 2279 5491 pulverem
2311 5434 2465 5475 suum
2496 5422 2837 5475 revertentur,
2889 5416 2998 5462 etc.
3042 5403 3145 5472 Qui
3177 5403 3361 5458 datum
3391 5413 3423 5457 tt

151 5541 526 5601 ἐκπίπτοντες
577 5534 671 5592 τοῦ
730 5531 878 5603 παρὰ
922 5527 1017 5581 τοῦ
1076 5524 1211 5579 Θεοῦ
1265 5522 1507 5583 δοθέντος
1569 5517 1749 5580 αὐτοῖς

153 5633 475 5705 πνεύματος
506 5630 743 5698 γίνονται
777 5621 969 5696 χοϊκοί.

232 5830 280 5860 ⁷⁷
318 5825 419 5882 Job
451 5840 595 5887 sxw,
633 5821 686 5876 7.
765 5818 810 5851 ⁷⁸
838 5814 978 5871 Psal.
1015 5827 1194 5876 exul,
1224 5810 1274 5863 4.

1860 5518 1970 5572 Dco
2003 5514 2136 5586 ipsis
2163 5512 2412 5584 spiritum
2435 5508 2708 5572 amittunt,
2743 5503 2878 5557 ﬁunt
2905 5494 3129 5553 terreni.
