3914 6374
96 288 237 346 1569

1096 288 1408 347 SELECTA
1440 288 1507 346 IN
1542 286 1880 347 PSALMOS.
1918 322 1987 334 —
2022 291 2221 350 PSAL.
2256 292 2394 350 CXI.

3216 293 3239 346 ί
3250 292 3354 348 570

86 412 135 467 ἐ.
169 407 450 485 Χρηστέον
482 411 558 485 τῷ
591 411 738 485 ῥητῷ
766 412 902 486 πρὸς
926 413 1050 478 τοὺς
1082 414 1551 487 καταφρονοῦντας
1582 414 1665 486 τῆς

1792 424 1890 470 etc.
1923 411 2034 469 Hoc
2070 416 2189 471 loco
2220 418 2476 472 utendum
2507 415 2769 472 adversus
2796 429 2891 472 eos
2936 416 3026 486 qui
3074 416 3344 473 abstinen-

86 507 191 575 ὲγκ
204 506 444 579 ρατείας.

163 596 613 665 Καταράσονται
636 597 825 663 αὐτοὶ,
848 597 946 651 καὶ
972 597 1052 652 σὺ
1076 597 1449 669 εὐλογήσεις,
1472 617 1526 652 κ.
1549 617 1600 652 τ.
1624 599 1673 652 ἑ.

91 688 295 745 Τοῦτον
320 690 534 760 εὐλογεῖ
563 690 787 762 Κύριος,
818 692 879 745 ὃν
907 693 1269 764 ἀντικείμενοι
1308 692 1671 765 καταρῶνται.

662 877 959 931 ΨΑΛΜΟΣ
989 878 1110 933 PG’.

162 967 326 1021 Μετὰ
357 966 471 1021 σοῦ
503 968 540 1037 ἡ
573 967 729 1037 ἀρχὴ
762 969 832 1021 ἐν
867 969 1055 1039 ἡμέρᾳ
1083 970 1193 1038 τῆς
1222 971 1526 1042 δυνάμεώς
1556 991 1673 1030 σου

88 1055 162 1109 ἐν
194 1056 322 1122 ταῖς
356 1057 733 1126 λαμπρότησι
764 1059 882 1111 τῶν
914 1060 1116 1131 ἁγίων,
1153 1079 1207 1115 κ.
1243 1080 1292 1115 τ.
1341 1063 1388 1115 ὲ.
1426 1064 1488 1116 Εἰ
1527 1064 1669 1136 ἀρχὴ

93 1147 193 1200 τοῦ
230 1147 358 1201 Υἱοῦ
384 1150 412 1201 ὁ
442 1149 648 1221 Πατὴρ,
678 1151 710 1221 ἡ
737 1150 792 1203 δὲ
816 1150 964 1223 ἀρχὴ
1002 1147 1069 1223 ἦν
1102 1152 1239 1223 μετά
1274 1152 1369 1207 τοῦ
1410 1155 1668 1225 Χριστοῦ,

89 1242 274 1305 καλῶς
310 1242 455 1313 λέγει
484 1245 543 1297 ἐν
573 1247 685 1308 τοῖς
718 1245 1070 1315 Εὑαγγελίοις
1100 1247 1187 1300 τό’
1226 1268 1244 1299 ι
1276 1248 1386 1302 Οὐκ
1426 1251 1539 1320 είμὶ
1574 1250 1671 1320 μό-

1787 509 1917 562 tiam
1948 518 2322 563 contemnunt.

1853 600 2020 656 Vnus.
2050 602 2140 657 28.
2168 600 2480 657 Maledicent
2504 602 2603 669 itli,
2625 613 2671 657 et
2695 612 2749 657 tu
2775 604 3062 669 benedices,
3085 613 3193 657 etc.
3210 600 3347 661 Huic

1783 694 2056 750 benedicit
2098 692 2361 749 Dominus
2410 695 2497 749 cui
2524 696 2818 750 adversarii
2853 696 3200 752 maledicunt.

2317 877 2637 934 PSALMUS
2674 878 2807 935 CIX.

1852 973 2018 1028 Vens.
2048 972 2101 1026 5.
2135 968 2325 1024 Tecum
2367 970 2680 1038 principium
2703 972 2757 1024 i'n
2792 972 2876 1025 die
2918 970 3128 1027 virtutis
3153 982 3258 1029 tua:
3292 975 3347 1029 in

1779 1064 2143 1135 splendoribus
2193 1072 2514 1127 sanctorum,
2574 1072 2679 1117 etc.
2732 1062 2787 1117 Si
2849 1062 3171 1135 principium
3226 1067 3344 1122 Filii

1782 1157 1941 1212 Pater
1962 1166 2063 1217 est,
2096 1153 2417 1224 principium
2450 1163 2630 1207 autem
2658 1162 2776 1208 erat
2803 1170 2923 1209 cum
2953 1157 3193 1221 Christo,
3229 1166 3346 1226 pul-

1777 1249 1907 1303 chre
1940 1249 2070 1301 dicit
2102 1248 2155 1299 in
2188 1245 2494 1314 Evangeliis
2515 1244 2599 1297 “:
2633 1263 2651 1296 ι
2688 1244 2802 1299 Non
2833 1262 2950 1301 sum
2986 1248 3148 1318 787
3175 1250 3341 1314 solus,

87 1352 205 1400 νος,
252 1336 364 1389 ἀλλ’
405 1334 515 1405 ἐγὼ
547 1337 643 1390 καὶ
669 1336 698 1388 ὁ
724 1337 945 1407 πέμψας
993 1356 1061 1409 με
1117 1340 1323 1411 Πατήρ.
1361 1359 1379 1392 i
1430 1340 1665 1412 Ἡμέραν

1792 1342 1866 1394 sed
1897 1356 1996 1410 ego
2021 1350 2072 1393 ct
2097 1341 2185 1409 qui
2216 1340 2361 1394 misit
2391 1354 2473 1392 me
2514 1338 2689 1394 Pater.
2730 1359 2749 1391 ι
2783 1340 2932 1393 Diem
2962 1352 3139 1397 autem
3171 1343 3343 1397 virtu-

88 1426 149 1479 δὲ
202 1426 480 1497 δυνάμεως
524 1423 643 1481 εἷπε
688 1429 785 1501 τὴν
830 1429 1041 1501 ἡμέραν
1081 1429 1174 1483 τοῦ
1224 1431 1476 1503 σταυροῦ,
1506 1431 1539 1503 ἢ
1572 1432 1665 1503 τῆς

1792 1433 1844 1487 .is
1871 1433 2006 1486 dixit
2030 1432 2173 1487 diem
2200 1434 2400 1499 crucis,
2430 1432 2511 1487 vel
2548 1432 2962 1488 lncarnationis.

87 1520 412 1594 ὲνανθρωπή
424 1538 580 1584 σεως.

181 1614 272 1667 Ἐκ
326 1614 583 1683 γαστρὸς
641 1614 754 1683 πρὸ
802 1615 1145 1686 Ἑωσφόρου
1205 1614 1505 1686 ἐγέννησά
1566 1630 1660 1675 σε,

1836 1608 2002 1668 Vitas.
2045 1612 2100 1666 5.
2150 1610 2232 1665 Ex
2269 1620 2419 1667 utero
2451 1622 2573 1665 ante
2600 1611 2905 1681 Luciferum
2949 1614 3104 1683 genui
3133 1622 3203 1679 te,
3234 1623 3341 1669 etc.

87 1721 148 1757 κ.
185 1722 231 1757 τ.
268 1707 312 1759 ἐ.
359 1706 503 1759 Ἀντὶ
533 1706 648 1771 τοῦ,
672 1706 786 1780 Πρὸ
818 1706 1000 1778 πάσης
1031 1706 1253 1778 λογικῆς
1284 1706 1496 1776 φύσεως
1517 1705 1668 1773 ἐγέν-

89 1795 233 1864 νησά
257 1812 336 1849 σε.
366 1796 438 1848 Τὸ
469 1796 576 1868 γὰρ
621 1796 914 1869 βαθύτερον
942 1795 1400 1870 περιεργάζεσθαι
1448 1796 1546 1866 τὴν
1578 1795 1668 1865 γέ-

88 1904 238 1942 νεσιν
261 1888 353 1941 τοῦ
384 1890 617 1956 Χριστοῦ
653 1893 746 1945 καὶ
767 1891 862 1944 τοῦ
895 1891 1222 1965 Ἑωσφόρου,
1257 1892 1319 1944 οὐ
1346 1890 1443 1960 τῆς
1470 1890 1668 1959 ἡμετε-

90 2000 198 2053 ρας
222 1982 335 2035 ὲστὶ
362 1984 661 2055 δυνάμεως.
692 1983 865 2047 Πολὺς
892 1984 1000 2057 γὰρ
1040 1985 1070 2037 ὁ
1101 1984 1229 2045 περὶ
1273 1980 1462 2035 τούτου
1506 1979 1663 2043 λόνος

88 2074 189 2126 καὶ
216 2074 607 2147 δυσθεώρητος.

166 2167 364 2235 Κρινεῖ
425 2168 496 2221 ἐν
535 2167 660 2235 τοῖς
712 2168 934 2235 ἔθνεσι,
993 2167 1301 2237 πληρώσει
1354 2166 1655 2235 πτώματα,

89 2274 151 2309 κ.
207 2273 257 2310 τ.
303 2258 349 2310 ἑ.
400 2257 603 2330 Πληροῖ
645 2256 914 2329 πτώματα
957 2258 1051 2311 τοῦ
1097 2255 1328 2311 παλαιοῦ
1379 2253 1669 2327 ἀνθρώπου

84 2347 191 2403 τοῦ
222 2348 573 2423 φθειρομένου
600 2348 738 2405 κατά
762 2350 861 2414 τάς
886 2350 1178 2422 ἐπιθυμίας
1196 2351 1295 2421 τῆς
1321 2349 1558 2420 ἀπάτης.

655 2532 950 2589 ΨΔΛΜΟΣ
1001 2534 1104 2588 PI'.

181 2648 276 2699 Ἐν
311 2645 518 2716 ,βουλῇ
555 2645 777 2703 εῠθέων
818 2646 917 2701 καὶ
958 2642 1282 2715 συναγωγῇ
1320 2642 1554 2714 μεγάλα
1597 2642 1670 2695 τὰ

88 2741 240 2811 ἔργα
268 2741 508 2809 Κυρίου,
569 2758 625 2794 κ.
679 2756 732 2795 1.
783 2740 831 2794 ἑ.
879 2738 1105 2807 Μεγάλα
1149 2737 1220 2791 τά
1273 2736 1412 2808 ἔργα
1460 2736 1667 2808 Κυρίου

87 2830 184 2885 διὰ
216 2830 311 2901 τὴν
335 2829 704 2901 ἀποκειμένην
726 2830 783 2882 ὲν
815 2830 1000 2893 αὐτοῖς
1034 2826 1228 2896 σοφίαν
1258 2826 1532 2896 ὠνόμασε.

172 2920 405 2990 Τροφὴν
432 2920 616 2976 ἔδωκε
635 2921 760 2987 τοῖς
790 2920 1180 2990 φοϐουμένοις
1224 2918 1431 2982 αὐτὸν,
1462 2936 1515 2971 κ.
1538 2934 1587 2969 τ.
1618 2916 1665 2969 ὲ.

104 3016 170 3067 Ἠ
202 3014 373 3086 τροφὴ
409 3014 516 3067 τῶν
540 3012 886 3083 φοϐουμένων
908 3011 998 3065 τὸν
1027 3010 1230 3079 Κύριον
1262 3012 1295 3080 ἡ
1345 3009 1509 3078 σοφία
1545 3006 1662 3061 ἐστὶ

87 3107 190 3161 τοῦ
216 3107 377 3160 Θεοῦ·
416 3125 435 3158 ι
479 3106 646 3177 Ἀρχὴ
671 3104 780 3176 γὰρ
814 3103 1005 3173 σοφίας
1030 3102 1192 3172 φόϐος
1221 3100 1447 3172 Κυρίου.
1480 3119 1499 3151 ι

176 3197 375 3267 Ἰσχὺν
412 3196 601 3266 ἔργων
632 3194 817 3249 αὐτοῦ
850 3193 1164 3263 ἀνήγγειλε
1192 3191 1271 3257 τῷ
1301 3191 1429 3256 λαῷ
1460 3188 1667 3255 αὑτοῦ,

87 3306 146 3343 κ.
180 3305 233 3341 1.
266 3289 311 3341 ἐ.
350 3287 460 3357 Τὴν
505 3286 738 3357 θεωρίαν
787 3284 896 3339 τῶν
950 3284 1253 3353 γεγονότων
1303 3284 1454 3353 ἰσχὺν
1491 3282 1669 3352 ἔργων

86 3378 259 3435 αὑτοῦ
286 3378 537 3450 ὀνομάζει
560 3394 575 3409 ο
626 3377 778 3448 ἰσχὺς
805 3377 862 3429 δὲ
893 3376 1105 3447 εἴρηται
1139 3376 1173 3446 ἡ
1215 3373 1436 3445 γνῶσις,
1474 3373 1563 3427 διὰ
1609 3371 1670 3427 τὸ

88 3474 253 3545 ἰσχὺν
280 3471 544 3526 ἐντιθέναι
577 3471 644 3541 τῇ
674 3468 834 3539 φύσει
864 3470 931 3539 τῇ
960 3469 1172 3539 λογικῇ.

170 3654 359 3722 Ἔργα
386 3649 796 3720 χειρῶναὐωῦ
821 3649 1071 3716 ἀλήθεια
1101 3648 1200 3703 καὶ
1225 3647 1443 3717 κρίσις,
1470 3664 1525 3701 κ.
1549 3665 1598 3701 τ.
1619 3648 1665 3701 ὲ.

93 3747 168 3800 Ἦ
197 3746 293 3817 μὲν
322 3744 548 3815 ἀλήθεια
577 3744 632 3796 ὲν
654 3746 765 3807 τοῖς
797 3742 975 3814 ὀρθοῖς
1012 3742 1244 3812 δόγμασι
1291 3741 1590 3813 θεωρεῖται,
1634 3742 1667 3812 ἠ

82 3838 144 3891 δὲ
195 3837 374 3907 κρίσις
400 3836 456 3888 ὲν
494 3837 561 3906 τῇ
595 3836 889 3906 πρακτικῇ.
930 3851 948 3884 ι
986 3833 1181 3886 Πισταὶ
1222 3833 1391 3885 πᾶσαι
1425 3833 1480 3883 αἱ
1515 3833 1664 3884 ἐντο-

84 3931 185 3983 λαὶ
217 3926 401 3991 αὐτοῦ,
429 3926 815 3998 ὲστηριγμέναι
840 3928 920 3989 είς
952 3924 1043 3977 τὸν
1075 3924 1244 3978 αἰῶνα
1274 3924 1369 3978 τοῦ
1403 3923 1617 3987 αἰῶνος.
1644 3942 1663 3975 i

84 4027 299 4089 ΙΙιστάς
329 4020 448 4078 εἷπε
471 4024 567 4087 τὰς
597 4020 834 4085 ἐντολὰς,
861 4019 982 4073 ἀντὶ
1012 4017 1105 4071 τοῦ
1138 4017 1373 4079 πίστεως
1408 4016 1563 4082 ἀξίας
1585 4032 1599 4045 ο
1640 4014 1670 4068 ὃ

85 4122 205 4193 γὰρ
236 4107 640 4188 ὑπισχνοῦνται,
671 4112 828 4166 τοῦτο
856 4111 952 4166 καὶ
977 4110 1219 4164 ποιοῦσιν
1239 4128 1253 4140 ’
1284 4108 1668 4181 ὑπισχνοῦνται

83 4217 149 4269 δὲ
184 4213 449 4285 κάθαρσιν
469 4208 648 4281 ψυχῆς
668 4207 893 4277 λογικῆς
919 4207 1030 4269 τοῖς
1057 4203 1292 4276 γνησίως
1313 4204 1669 4277 φυλάττουσιν

85 4307 284 4371 αὐτάς.

635 4480 928 4535 ΨΑΛΜΟΣ
974 4480 1124 4533 Ρ1Α’.

175 4598 278 4653 Ἐν
317 4594 444 4660 ταῖς
510 4588 785 4655 ἐντολαῖς
843 4585 1036 4642 αὑτοῦ
1097 4586 1341 4653 θελήσει
1392 4585 1661 4655 σφόδρα,

79 4712 144 4750 κ.
180 4709 233 4746 τ.
259 4691 307 4745 ὲ.
348 4682 515 4751 Οὗτος
545 4685 687 4739 θέλει
730 4686 788 4738 ἐν
818 4684 939 4745 ταῖς
971 4681 1212 4745 ἐντολαῖς
1261 4679 1430 4734 αὑτοῦ
1460 4680 1665 4753 σφόδρα

79 4789 115 4842 ὁ
152 4784 292 4851 μετά
320 4784 498 4853 πάσης
530 4778 817 4852 ἀκριϐείας
845 4775 1133 4846 φυλάσσων
1157 4773 1345 4836 αὑτάς.

161 4876 319 4941 Δόξα
349 4874 448 4928 καὶ
482 4870 745 4936 πλοῦτος
792 4869 862 4922 ἐν
909 4864 990 4933 τῷ
1033 4866 1177 4933 οἴκῳ
1218 4864 1426 4928 αὑτοῦ,
1453 4882 1507 4918 κ.
1534 4882 1585 4919 τ.
1615 4866 1664 4919 ὲ.

93 4972 165 5025 Ἥ
203 4968 365 5038 σοφία
390 4966 484 5019 τοῦ
517 4962 673 5027 Θεοῦ,
702 4960 837 5016 καθὸ
873 4960 970 5032 μὲν
995 4957 1253 5019 ἀφθονίαν
1275 4957 1502 5029 παρέχει
1536 4957 1669 5011 θεω-

82 5061 375 5137 ρημάτων,
413 5057 637 5119 πλοῦτος
672 5052 937 5114 καλεῖται,
984 5049 1121 5104 καθὸ
1154 5047 1211 5101 δὲ
1259 5047 1671 5119 παρασκευάζει

75 5156 217 5219 τοὺς
249 5148 567 5223 ἀνθρώπους
594 5145 835 5212 δοξάζειν
851 5142 942 5197 τὸν
972 5139 1310 5212 κεκτημένον
1334 5140 1524 5211 αὐτὴν,
1550 5139 1669 5193 ὀνο-

84 5244 329 5319 μάζεται
357 5240 504 5307 δόξα.

172 5333 586 5402 Ἑξανέτει.ῑεν
646 5330 715 5383 ἐν
762 5328 965 5383 σκότει
1036 5323 1161 5395 φῶς
1221 5321 1346 5389 τοῖς
1401 5320 1667 5383 εὐθέσιν,

79 5451 142 5489 κ.
181 5449 236 5485 1.
276 5430 322 5482 ἑ.
371 5428 429 5479 Ὀ
470 5423 658 5495 Σωτὴρ
696 5424 753 5475 ὲν
784 5423 895 5484 τοῖς
942 5417 1291 5487 Εὑαγγελίοις
1348 5415 1481 5485 φησι
1530 5412 1666 5485 πρὸς

79 5524 215 5585 τοὺς
250 5516 532 5589 μαθητάς·
570 5532 588 5565 ι
627 5513 692 5565 Ὃ
735 5510 1005 5581 ἠκούσατε
1035 5510 1093 5561 ὲν
1123 5511 1187 5578 τῇ
1226 5506 1435 5569 σκοτία,
1482 5507 1664 5558 εἰπετε

81 5619 148 5671 ὲν
180 5613 258 5684 τῷ
289 5609 446 5681 φωτί.
488 5627 508 5660 ι

162 5756 208 5788 ⁸³
238 5764 392 5812 toan.
430 5768 537 5818 xv',
567 5750 655 5807 ⁸52.
733 5748 780 5782 ⁸⁸
811 5745 950 5804 Psal.
984 5760 1071 5811 ex,
1105 5746 1187 5800 l0.
1264 5744 1308 5775 ⁸⁸
1342 5743 1530 5798 Matth.
1562 5758 1616 5806 π,
1647 5741 1713 5794 27

1772 1705 1852 1760 Ac
1898 1706 1944 1761 si
2002 1706 2149 1761 dicat
2190 1724 2203 1759 :
2252 1703 2387 1759 Ante
2420 1720 2634 1759 omnem
2673 1706 3049 1761 rationabilem
3090 1716 3342 1761 naturam

1772 1796 1931 1864 genui
1982 1806 2052 1851 te.
2097 1796 2274 1853 Altius
2325 1798 2733 1867 generationem
2782 1796 2985 1852 Christi
3014 1808 3068 1851 et
3107 1796 3342 1853 Luciferi

1774 1887 2029 1951 scrutari.
2060 1903 2220 1957 supra
2265 1888 2414 1942 vires
2452 1896 2665 1942 nostras
2711 1895 2814 1942 est.
2871 1885 3069 1941 Multus
3098 1888 3241 1941 enim
3278 1901 3345 1940 ea

1770 1980 1837 2034 de
1872 1995 1931 2035 re
1954 1995 2132 2034 sermo
2163 1990 2246 2035 est
2272 1989 2325 2034 et
2354 1979 2714 2050 contemplatu
2747 1978 2998 2033 dillicilis.

1841 2163 2006 2217 Vens.
2034 2162 2087 2217 6.
2115 2162 2389 2218 Judicabit
2416 2163 2471 2217 in
2500 2163 2800 2217 nationibus
2826 2200 2841 2226 ,
2868 2161 3103 2231 implebit
3133 2164 3339 2229 ruinas,

1767 2262 1877 2311 etc.
1910 2256 2096 2324 Implet
2125 2256 2309 2309 ruinas
2337 2255 2537 2309 veteris
2572 2254 2810 2310 hominis
2849 2254 2941 2324 qui
2973 2256 3343 2325 corrumpitur

1773 2349 2070 2404 secundum
2096 2348 2297 2403 erroris
2321 2346 2609 2401 desideria.

2318 2520 2641 2577 PSALMUS
2683 2520 2797 2577 CX.

1839 2638 2005 2693 Vsus.
2034 2636 2085 2703 1,
2125 2635 2180 2689 2.
2220 2635 2285 2690 1η
2317 2636 2538 2689 consilio
2560 2636 2833 2704 justorum
2864 2646 2912 2691 et
2945 2640 3345 2708 congregatione

1771 2746 1961 2800 magna
1991 2744 2147 2795 opera
2177 2726 2415 2792 Domini,
2480 2737 2585 2784 etc.
2633 2727 2822 2799 Magna
2850 2716 2994 2783 'dixit
3038 2744 3201 2799 Opera
3238 2731 3341 2783 Dn-
3398 2720 3401 2721 ⁷
3500 2722 3503 2725 ’

1695 2848 1737 2906 C
1773 2822 1901 2875 mini
1933 2830 2152 2890 propter
2183 2819 2517 2874 reconditam
2545 2819 2597 2872 in
2626 2819 2733 2875 illis
2762 2819 3107 2889 sapientiam.

1848 2912 2011 2966 Vens.
2056 2911 2109 2965 5.
2162 2910 2347 2964 Esram
2394 2913 2537 2964 dedit
2589 2913 2895 2966 timentibus
2940 2929 3017 2978 te,
3057 2923 3163 2967 etc.
3209 2914 3345 2969 Esca

1772 3004 2071 3057 timentium
2100 3001 2392 3055 Dominqu
2430 3003 2693 3071 sapientia
2726 3014 2809 3057 cst
2847 3003 2942 3057 Dei
2979 3021 2993 3058 :
3026 3021 3151 3058 nam
3184 3023 3203 3056 ι
3237 3006 3341 3059 iui-

1770 3098 1899 3149 tium
1925 3095 2204 3163 sapientia:
2232 3094 2393 3147 timor
2424 3094 2633 3148 Domini
2683 3094 2753 3146 ⁸⁸.
2792 3111 2829 3151 »ν

1840 3188 2004 3243 Vens.
2066 3188 2120 3241 6.
2184 3185 2440 3241 Virtutem
2482 3203 2697 3256 aperum
2748 3202 2965 3242 auorum
3009 3189 3340 3242 annuntiaeit

1765 3282 1957 3349 papula
1995 3296 2110 3342 suo,
2155 3288 2262 3334 etc.
2310 3279 2508 3333 Eorum
2561 3294 2682 3347 qua:
2719 3280 3067 3349 contigerunt
3099 3289 3345 3333 contem-

1767 3370 2058 3439 piaIiOHClll
2120 3373 2374 3426 virtutem
2428 3387 2653 3440 operum
2719 3372 2837 3441 ejus
2912 3380 3087 3425 vocat.
3148 3369 3337 3425 Vit-tus

1768 3475 1943 3517 autem
1978 3464 2123 3519 dicta
2175 3473 2260 3518 cst
2309 3463 2561 3527 scientia,
2614 3462 2738 3532 quia
2785 3462 3095 3517 rationabili
3131 3472 3341 3517 natum:

1767 3558 2018 3613 virtutem
2050 3558 2259 3612 inserit.

1841 3650 2003 3705 Vens.
2035 3651 2088 3704 7.
2138 3649 2311 3721 Opera
2342 3665 2595 3703 manuum
2621 3650 2735 3719 ejus
2767 3650 2958 3704 veritas
2984 3659 3031 3702 et
3048 3648 3342 3718 judicium,

1766 3753 1878 3798 etc.
1914 3744 2127 3797 Veritas
2168 3744 2220 3797 in
2257 3744 2427 3798 rectis
2458 3743 2731 3809 decretis,
2761 3742 3024 3812 judicium
3064 3743 3116 3795 in
3150 3743 3340 3809 agemti

1767 3834 1979 3888 ratione
2021 3833 2373 3903 conspicitur.
2415 3851 2435 3885 ι
2463 3832 2665 3887 Fidelia
2698 3833 2880 3888 omnia
2917 3834 3170 3886 utaudata
3200 3832 3341 3899 ejus,

1765 3926 2080 3980 conﬁrmata
2104 3928 2167 3980 ~iu
2203 3926 2459 3982 saiculum
2491 3926 2695 3980 saeculi.
2725 3944 2745 3978 ι
2786 3925 2989 3979 Fidelia
3017 3925 3158 3980 dixit
3192 3943 3344 3979 mmi-

1767 4015 1890 4068 data
1923 4013 2061 4082 ejus,
2108 4031 2171 4072 ac
2219 4016 2262 4070 si
2310 4017 2540 4071 dixisset
2592 4015 2696 4070 [ide
2744 4015 2929 4085 digna.
2988 4014 3145 4081 Quod
3197 4015 3346 4072 enim

1768 4106 2105 4174 pollicentur.
2158 4110 2259 4164 hoc
2298 4118 2353 4165 et
2401 4117 2689 4178 praestant.
2749 4109 3114 4163 Rationabilis
3163 4120 3343 4162 autem

1767 4203 1964 4256 animae
2008 4204 2301 4275 puritatem
2352 4204 2677 4274 poilicentur
2724 4204 2792 4263 iis
2834 4203 2926 4275 qui
2984 4203 3195 4259 sincere
3252 4202 3343 4257 illa

1770 4305 2008 4361 serunt.

2302 4480 2629 4538 PSALMUS
2682 4480 2814 4536 CXI.

1841 4598 2009 4654 Vens.
2053 4600 2105 4655 1.
2168 4593 2234 4654 In
2268 4599 2535 4653 mandatis
2583 4614 2697 4666 ejus
2740 4597 2875 4652 volet
2898 4596 3074 4663 nimis,
3131 4610 3238 4653 etc.
3286 4599 3342 4655 in

1769 4692 2038 4747 mandatis
2067 4691 2184 4761 ejus
2210 4691 2322 4746 vult
2348 4692 2509 4746 nimis
2548 4692 2596 4747 is
2627 4691 2717 4762 qui
2758 4707 2823 4747 ea
2874 4706 2998 4747 cum
3044 4694 3190 4749 omni
3223 4693 3348 4749 dili-

1768 4784 1949 4853 geutia
1978 4784 2237 4838 custodit.

1846 4878 2007 4933 Vens.
2043 4875 2099 4930 5.
2136 4872 2319 4929 Gloria
2359 4886 2408 4929 et
2436 4875 2639 4929 dicitur
2678 4874 2734 4927 in
2762 4880 2917 4928 domo
2937 4875 3077 4946 ejus,
3100 4886 3209 4931 etc.
3236 4875 3342 4931 Sa-

1773 4970 1975 5039 pientia
2018 4969 2133 5033 Dei,
2166 4977 2439 5038 quatenus
2482 4966 2871 5022 abundantiam
2927 4968 3343 5037 contemplatio-

1770 5080 1901 5118 num
1967 5063 2193 5133 praebet,
2243 5072 2471 5118 vocatur
2533 5062 2776 5128 divitiae;
2828 5072 3097 5134 quatenus
3157 5071 3342 5116 autem

1750 5157 2022 5235 rhontines
2053 5165 2322 5228 praeparat
2356 5156 2424 5210 ad
2465 5155 2881 5225 gloriﬁcandum
2926 5170 3048 5210 eum
3098 5153 3191 5223 qui
3221 5167 3342 5208 eam

1772 5260 2051 5305 assecutus
2073 5259 2175 5314 est,
2210 5248 2511 5318 appellatur
2536 5248 2713 5320 gloria

1844 5342 2003 5398 Vens.
2035 5344 2091 5399 4.
2146 5342 2409 5398 Exortum
2458 5354 2531 5397 est
2575 5344 2630 5396 in
2686 5340 3112 5395 teuebristumen
3165 5340 3343 5405 rectis,

1771 5446 1877 5491 etc.
1918 5437 2170 5491 Salvator
2201 5436 2253 5490 in
2287 5436 2593 5507 Evangeliis
2622 5434 2699 5488 ait
2730 5431 3009 5501 discipulis
3035 5432 3116 5487 ”:
3142 5450 3160 5485 ι
3187 5430 3343 5501 Quod

1772 5526 1999 5583 audistis
2022 5526 2074 5581 in
2112 5527 2370 5590 tenebris,
2401 5525 2566 5582 dicite
2598 5526 2649 5579 in
2685 5524 2909 5577 lumine.
2942 5541 2961 5575 ι
