3800 6526
48 348 186 402 1575

997 341 1302 400 SELECTA
1343 332 1405 392 IN
1448 339 1788 400 PSAl.“OS.
1827 372 1894 384 --
1935 344 2130 400 PSAL.
2169 345 2354 400 CXIV.

3159 347 3296 404 1571

45 485 127 540 μῳ
163 464 400 536 στρέψας
422 463 518 534 τὴν
554 461 758 534 πέτραν
781 461 1002 517 ὲπύτισε
1035 463 1126 516 τδν
1173 456 1388 534 Ἰσραήλ
1407 477 1420 490 ⁸
1454 459 1531 523 ὡς
1556 459 1612 512 δὲ

1762 463 1849 515 ινίι
1879 460 2132 518 lsraelem
2157 482 2170 528 ;
2199 464 2498 519 secundum
2523 471 2704 518 autem
2730 461 3026 533 spiritalem
3053 478 3294 528 sensum,

42 559 174 629 πρὸς
225 557 288 608 τὸ
335 555 550 626 πνεῦμα
603 555 692 609 ἀεὶ
751 557 970 628 στρέφει
1037 557 1134 627 τὴν
1194 557 1434 627 πέτραν,
1494 554 1614 624 ἥτις

40 651 186 705 ἐστὶν
220 650 248 702 ὁ
305 649 561 720 Χριστὸς,
612 651 705 704 καὶ
743 649 951 712 ποτίζει
986 649 1078 702 τὸν
1111 646 1478 720 πνευματικὸν
1524 647 1618 698 Ἰσ-

39 742 197 814 ραήλ.

99 831 418 900 Εὺλότησε
453 832 595 898 τοὺς
626 831 1032 902 φοϐουμένους
1058 831 1165 884 τὸν
1207 831 1444 897 Κύριον,
1475 827 1616 893 τοὺς

31 926 288 996 μικροὺς
303 925 456 996 μετά
482 926 602 980 τῶν
623 927 922 997 μεγάλων,
957 945 1010 979 κ.
1047 944 1096 978 τ.
1135 928 1179 977 ὲ.
1213 924 1324 993 Οὐχ
1356 925 1402 975 οἱ
1447 921 1616 991 μεγά-

35 1020 114 1073 λοι
171 1019 310 1091 μετά
357 1021 465 1074 τῶν
499 1021 710 1094 μικρῶν
755 1020 1122 1089 εὐλογοῦνται,
1159 1016 1274 1070 ἀλλ’
1325 1017 1373 1067 οἱ
1431 1013 1618 1084 μικροὶ

39 1114 177 1184 μετὰ
206 1114 315 1167 τῶν
343 1113 615 1186 μεγάλων,
647 1115 734 1168 ἴνα
760 1116 854 1168 καὶ
887 1113 1038 1168 αὐτοὶ
1060 1111 1324 1180 γένωνται
1370 1106 1612 1178 μεγάλοι.

35 1207 106 1259 Τὸ
128 1205 186 1258 δὲ
206 1206 404 1278 μικρὸν
434 1205 667 1260 ἐνταῦθα
693 1207 787 1259 καὶ
807 1206 868 1258 τὸ
901 1205 1043 1276 μέγα
1067 1205 1166 1258 οὐκ
1190 1202 1283 1254 ἐπὶ
1316 1199 1406 1253 τοῦ
1435 1199 1612 1264 ἐκτὸς,

34 1300 148 1353 ἀλλ’
178 1299 272 1352 ἐπὶ
303 1299 399 1354 τοῦ
423 1299 572 1364 ἐντὸς
606 1300 842 1371 νοητέον.

107 1395 232 1462 Οὐχ
260 1397 316 1446 οἱ
343 1393 542 1461 νεκροὶ
573 1391 889 1446 αῐνέσουσί
910 1405 1003 1456 σε,
1021 1392 1214 1458 Κύριε,
1232 1389 1374 1464 οξιδὲ
1395 1390 1615 1455 πάντες

33 1487 86 1537 οἱ
114 1485 586 1550 καταϐαίνοντες
606 1487 694 1550 εἰς
722 1484 890 1551 ᾅδου.
939 1484 1090 1538 Ἀλλ’
1129 1481 1300 1552 ἡμεῖς
1321 1485 1374 1534 οὶ
1404 1481 1616 1548 ζῶντες

31 1577 456 1646 εὑλογυήσομεν
494 1577 599 1630 τὸν
647 1577 866 1644 Κύριον
891 1575 1010 1630 ἀπὸ
1060 1575 1166 1628 τοῦ
1211 1574 1330 1629 νῦν
1356 1575 1453 1627 καὶ
1505 1573 1616 1639 ἕως

33 1666 140 1719 τοῦ
170 1667 407 1734 αἰῶνος,
443 1687 496 1722 κ.
527 1686 576 1721 τ.
607 1671 651 1721 ἑ.
702 1670 776 1722 Οὐ
818 1669 1036 1723 δύναται
1061 1667 1254 1739 νεκρὸς
1278 1667 1487 1721 αἰνέσαι
1517 1667 1614 1736 τὴν

33 1758 178 1830 ζωὴν
211 1760 314 1832 τὴν
340 1762 619 1827 εἰποῦσαν,
661 1780 678 1813 ι
720 1761 860 1831 Ἐγώ
883 1765 997 1834 εἰμι
1025 1764 1058 1833 ἡ
1100 1763 1234 1834 ζωή.
1279 1781 1298 1813 ι
1331 1780 1440 1812 —-«
1482 1759 1614 1813 Οὐδὲ

31 1851 260 1918 πάντες,
297 1873 316 1906 ι
366 1853 464 1908 οὐκ
510 1851 684 1922 εἶπεν,
720 1875 738 1908 ι
777 1857 825 1909 οἱ
871 1855 1228 1920 καταϐάντες,
1282 1875 1300 1908 ι
1335 1855 1448 1908 ἀλλ’
1498 1873 1517 1906 ι
1563 1855 1636 1932 οἱ.

19 1957 466 2022 καταϐαίνοντες.
507 1976 523 2006 ι
565 1985 632 1998 -ο
675 1973 693 2005 «
727 1953 867 2007 Ἀλλ’
915 1955 1074 2025 ἡμεῖς
1122 1953 1170 2004 οἱ
1217 1949 1444 2014 ζῶντες,
1485 1967 1501 1996 ι
1537 1946 1612 2010 ὼς

19 2051 114 2102 καὶ
153 2049 389 2114 Παῦλος·
431 2068 448 2100 ι
489 2048 724 2102 Ἔπειτα
757 2048 916 2116 ἡμεῖς
957 2045 1006 2098 oi
1039 2043 1257 2108 ζῶντες,
1293 2043 1340 2094 οἱ
1370 2039 1610 2110 περιλει-

17 2143 274 2212 πῧμενοι.
319 2161 336 2192 ι

599 2321 892 2376 ΨᾹΛΜΟΣ
931 2323 1072 2378 ΡῘΔ’.

97 2427 220 2480 Ὅτι
249 2428 466 2483 ἔκλινε
491 2430 555 2483 τὸ
583 2427 691 2496 οὖς
712 2432 897 2486 αὑτοῦ
924 2431 1073 2501 ἐμοὶ,
1101 2432 1214 2487 καὶ.
1236 2434 1306 2486 ἐν
1327 2433 1454 2500 ταῖς
1483 2435 1624 2503 -ήμέ-

13 2535 156 2586 ραις
179 2538 306 2588 μου
353 2522 798 2592 ἐπικαλέσομαι,
817 2543 870 2578 κ.
905 2543 954 2578 τ.
984 2527 1029 2578 ἐ.
1073 2528 1224 2580 Ἐπεὶ
1254 2527 1327 2597 μὴ
1349 2527 1622 2597 δυνάμεθα

21 2610 258 2673 ἑαυτοὺς
281 2614 306 2664 ἐ
325 2613 555 2666 κτείνειν
590 2615 724 2686 πρὸς
748 2615 878 2668 Θεὸν
915 2617 1214 2687 εὐχόμενοι,
1250 2618 1412 2681 αὐτὸς
1444 2619 1504 2672 τὸ
1526 2615 1618 2684 οὖς

19 2699 192 2752 αὐτοῦ
229 2702 418 2754 κλίνει
449 2704 582 2774 πρὸς
609 2706 754 2776 ἡμᾶς
783 2707 876 2759 καὶ
899 2707 1106 2776 ἐγγίζει
1140 2709 1286 2778 ἡμῖν.

108 2883 224 2938 Τοῦ
261 2886 470 2940 αὑτοῦ.
520 2887 576 2938 '0
603 2887 692 2940 τὸν
730 2887 878 2958 ἥλιον
915 2889 1015 2960 τῆς
1043 2891 1386 2963 δικαιοσύνης
1427 2894 1622 2947 ἐπικα-

1719 569 1932 624 semper
1962 557 2230 611 convertit
2260 567 2486 626 petram,
2517 573 2636 628 qua:
2653 555 2908 612 Christus
2931 565 3032 622 est,
3059 567 3114 612 et
3144 573 3295 626 putat

1717 648 2016 716 Spit'italem
2053 647 2234 704 Israel.

1787 836 1950 890 Vens.
1997 835 2085 890 i5.
2139 833 2414 890 Benedixit
2455 838 2520 891 iis
2572 842 2662 909 qui
2726 841 2910 894 timent
2975 837 3296 906 Dominum,

1716 928 1922 996 pusillis
1984 943 2100 980 cum
2159 927 2470 994 majoribus,
2529 941 2637 984 etc.
2703 931 2819 986 Non
2883 931 3118 1000 majores
3173 947 3294 984 eum

1718 1019 1926 1090 pusillis
1982 1019 2400 1083 benedicuntur,
2445 1023 2540 1075 sed
2589 1024 2766 1092 pusilli
2815 1039 2934 1078 cum
2973 1023 3296 1091 majoribus,

1718 1124 1776 1167 ut
1813 1121 1866 1168 et
1900 1113 1998 1180 ipsi
2029 1112 2164 1165 liant
2211 1111 2462 1180 majores.
2505 1113 2766 1169 Pusillum
2818 1125 2997 1170 autem
3039 1117 3139 1170 hoc
3176 1116 3298 1169 loco

1716 1213 1769 1258 et
1801 1211 2049 1272 magnum
2089 1217 2192 1256 non
2227 1203 2292 1256 tle
2323 1217 2390 1257 eo
2425 1207 2566 1273 quod
2613 1215 2788 1272 extra,
2831 1207 2926 1262 sed
2961 1209 3025 1264 de
3057 1225 3122 1264 eo
3153 1211 3295 1278 quod

1719 1297 1859 1349 intra
1887 1304 1990 1360 est,
2017 1293 2440 1362 intelligendum.

1769 1389 1953 1443 Vens.
1987 1389 2078 1452 l7,
2111 1389 2192 1443 i8.
2229 1386 2351 1441 Non
2381 1393 2574 1444 mortui
2605 1392 2896 1448 laudabunt
2938 1405 3006 1461 te,
3052 1397 3296 1462 Domine,

1718 1498 1878 1551 neque
1906 1498 2084 1535 omnes
2125 1483 2212 1550 qui
2255 1483 2576 1537 descendunt
2621 1485 2676 1538 in
2709 1485 3000 1550 infernum.
3049 1487 3151 1542 Sed
3201 1507 3296 1542 nos

1716 1573 2073 1642 quivivimus,
2111 1573 2471 1626 benedicentur
2525 1574 2807 1628 Dominum
2830 1593 2894 1629 ex
2917 1577 3012 1629 hoc
3060 1595 3198 1631 nunc
3247 1589 3296 1634 et

1719 1682 1882 1732 usque
1913 1665 1966 1717 in
1996 1664 2271 1726 smcutum,
2301 1675 2406 1718 etc.
2447 1665 2559 1720 Non
2596 1676 2772 1734 potest
2801 1679 3047 1722 mortuus
3075 1669 3298 1724 laudare

1718 1759 1880 1810 vitam
1935 1771 2056 1825 qua:
2107 1754 2240 1807 dixit
2271 1755 2315 1786 9°
2349 1771 2363 1808 :
2399 1773 2418 1804 «
2447 1755 2558 1824 Ego
2603 1773 2720 1810 sum
2796 1759 2923 1813 vita.
2958 1775 3090 1810 ι-ι
3114 1757 3300 1824 Neque

1717 1861 1927 1910 omnes,
1963 1861 1986 1896 ι
2010 1859 2114 1898 non
2145 1844 2301 1912 dixit,
2338 1862 2356 1895 ι
2390 1845 2482 1914 qui
2515 1846 2938 1908 descenderunt,
2967 1866 2985 1898 ι
3025 1847 3140 1912 sed,
3178 1851 3296 1917 «qui

1720 1943 2077 1999 descendunt.
2119 1961 2136 1992 ›
2171 1973 2240 1980 -
2276 1961 2293 1992 ι
2335 1941 2440 1995 Sed
2487 1956 2587 1994 nos
2619 1940 2711 2009 qui
2759 1940 3008 2007 vivimus,
3049 1961 3067 1992 ι
3104 1956 3298 2010 quem-

1717 2037 2006 2092 admodum
2030 2036 2191 2088 etiam
2219 2034 2416 2088 Paulus
2443 2033 2596 2087 ait“:
2631 2053 2646 2083 «
2669 2033 2774 2088 Sed
2805 2049 2904 2089 nos
2927 2036 3020 2105 qui
3045 2035 3296 2102 vivimus,

1720 2132 1808 2201 qui
1845 2129 2043 2184 residui
2072 2141 2280 2182 smnus.
2317 2145 2334 2176 ι

1639 2261 1709 2274 σι-
1727 2253 1730 2256 ’

2257 2312 2571 2369 PSALliUS
2630 2315 2811 2370 CXIV.

1801 2431 1962 2486 Vens.
1993 2432 2046 2484 ‘2.
2077 2433 2215 2495 Quia
2253 2429 2519 2484 inclinavit
2555 2445 2732 2482 aurem
2763 2446 2910 2482 suum
2959 2431 3108 2497 mihi,
3153 2441 3200 2484 et
3253 2431 3310 2483 in

1730 2527 1912 2580 diebus
1956 2525 2082 2576 meis
2121 2524 2396 2584 invocabo,
2436 2529 2545 2588 etc.
2600 2519 3047 2588 Quandoquidem
3092 2531 3310 2576 orantes

1733 2618 1954 2672 minime
1993 2616 2233 2670 valemus
2264 2615 2622 2682 nosmetipsos
2676 2614 2742 2666 ad
2794 2612 2958 2666 Deum
2993 2616 3304 2680 extendere,

1728 2711 1955 2778 ipsemet
1981 2723 2162 2760 aurem
2191 2724 2344 2761 suam
2368 2709 2432 2762 ad
2462 2721 2559 2759 nos
2587 2703 2810 2760 inclinat
2836 2705 3095 2774 nobisque
3114 2719 3312 2774 appro-

1725 2803 1975 2870 pinqttal.

1798 2892 2075 2961 Ejusdem.
2110 2891 2212 2958 Qui
2260 2890 2426 2946 snlem
2476 2887 2700 2958 iustitiae
2749 2889 2987 2954 invocat,
3030 2892 3084 2941 tn
3119 2885 3310 2942 diebus
3346 2871 3348 2873 ’

29 2975 308 3046 λούμενος
345 2981 400 3030 ὲν
441 2981 562 3042 ταῖς
600 2979 833 3052 ἡμέραις
861 2981 1050 3035 τούτου
1084 2982 1178 3036 τοῦ
1221 2983 1368 3054 ἡλίου
1419 2985 1620 3053 διάγων

1766 2985 1885 3054 ujus
1921 2984 2051 3040 solis
2087 2999 2254 3053 agens
2283 2985 2522 3036 invocet.

33 3066 435 3122 ὲπικαλείσϐω.

103 3161 452 3229 ΠεῬιέσχοιν
469 3179 545 3231 με
573 3162 779 3230 ὠδῖνες
802 3165 1079 3230 θανάτου,
1113 3185 1165 3221 κ.
1194 3187 1244 3222 τ.
1269 3170 1316 3224 έ.
1349 3171 1406 3223 Ὀ
1437 3172 1494 3223 ἐν
1528 3171 1624 3241 βα-

33 3251 294 3322 ρυτέροις
317 3253 605 3324 γενόμενος
627 3261 968 3328 πειρασμοῖς,
993 3261 1086 3312 καὶ
1112 3259 1342 3329 βάσανον
1363 3263 1419 3314 ἐν
1442 3263 1624 3326 αὐτοῖς

28 3341 215 3407 διδοὺς
245 3345 352 3415 τῆς
386 3347 756 3419 προαιρέσεως
791 3350 1005 3413 ἑαυτοῦ,
1055 3351 1130 3414 ὡς
1173 3352 1265 3405 καὶ
1314 3355 1370 3405 ὲν
1397 3355 1624 3425 κινδύνῳ

29 3434 124 3486 τοῦ
159 3433 458 3506 νικηθῆναι
491 3437 762 3504 γενέσθαι,
795 3439 928 3492 ἀλλὰ
967 3439 1039 3510 μὴ
1076 3441 1338 3512 νικηθεὶς,
1381 3443 1524 3512 λέγοι
1557 3445 1625 3498 ἂν

24 3526 123 3578 τό·
165 3547 184 3578 ι
231 3529 535 3599 Περιέσχον
585 3547 650 3600 με
697 3531 882 3594 ὠδῖνες
921 3532 1173 3596 Θανάτου,
1225 3533 1456 3588 κίνδυνοι
1499 3537 1623 3608 ᾅδου

23 3615 271 3687 εὖροσάν
337 3635 422 3688 με.
465 3639 483 3669 ι
517 3619 589 3671 Οὐ
623 3620 815 3672 ταυτὸν
861 3621 918 3673 δέ
958 3625 1073 3675 ἐστι
1112 3623 1190 3687 τὸ,
1226 3643 1243 3675 ι
1281 3625 1447 3695 ’ᾍδης
1499 3622 1624 3698 εὗρέ

23 3727 116 3779 με,
159 3729 178 3760 ο
214 3709 364 3779 τῴ,ι
399 3711 650 3764 Κίνδυνοι
683 3711 808 3783 ᾅδου
843 3713 1072 3785 εὕροσάν
1105 3733 1171 3785 με
1227 3736 1246 3768 ι
1287 3717 1343 3769 Ὁ
1369 3717 1499 3789 ᾅδης
1527 3721 1625 3789 μὲν

19 3801 132 3872 γὰρ
169 3801 435 3872 εὑρίσκει
473 3800 682 3866 τοῦτον,
709 3797 769 3856 οὗ
796 3805 1180 3874 κατισχύουσιν
1211 3807 1267 3859 αἱ
1312 3807 1476 3862 πύλαι
1524 3811 1624 3862 αὑ-

17 3894 114 3946 τοῦ
139 3910 154 3924 ο
191 3894 449 3947 κίνδυνοι
494 3895 549 3948 δὲ
588 3895 714 3966 ᾅδου
748 3895 905 3966 μόνον
948 3898 1261 3969 εὑρίσκουσι
1307 3901 1396 3955 τὸν
1439 3902 1525 3956 διὰ
1567 3903 1626 3955 τὸ

23 3986 268 4055 μέγεθος
319 3985 435 4038 ’τῶν
472 3987 794 4058 πειρασμῶν
828 3987 1246 4045 κινδυνεύσαντα
1287 3992 1384 4062 μὲν
1415 4011 1626 4065 κρατη-

16 4077 186 4146 Θῆνσιι
227 4077 354 4129 ὑπὸ
377 4077 483 4129 τῶν
511 4077 602 4130 τοῦ
628 4077 754 4148 ᾅδου
796 4077 999 4144 πυλῶν,
1030 4079 1091 4132 ού
1140 4080 1238 4151 μὲν
1279 4081 1372 4134 καὶ
1423 4099 1626 4154 κρατη-

17 4167 188 4222 θέντα
225 4170 330 4221 ὑπ*
366 4168 563 4221 αὐτῶν.

91 4355 348 4422 caligin-
376 4353 469 4406 καὶ
504 4351 730 4421 ὀδύνην
758 4348 956 4420 εὗρον,
993 4369 1046 4405 κ.
1074 4368 1128 4405 τ.
1159 4353 1203 4406 ὲ.
1234 4350 1464 4424 Εὖρημά
1486 4353 1630 4405 ἐστιν
1664 4353 1706 4407 D

15 4449 48 4520 ή
85 4447 284 4517 θλίψις
307 4445 400 4516 τῷ
433 4445 753 4516 ὑπομένοντι
809 4447 998 4516 αὐτὴν,
1053 4445 1146 4499 καὶ
1189 4446 1524 4515 καυχωμένῳ
1569 4447 1626 4497 ἐν

15 4543 142 4603 ταῖς
195 4539 453 4608 Ολίῲεσι,
491 4539 583 4590 καὶ
621 4537 854 4590 ὁδεύοντι
899 4538 998 4608 τὴν
1049 4537 1366 4604 ἁπάγουσαν
1412 4540 1489 4599 εἰς
1530 4537 1626 4607 τὴν

11 4631 192 4703 ζωὴν,
224 4628 412 4686 οὖσαν
447 4629 636 4699 στενὴν
663 4629 755 4682 καὶ
781 4628 1145 4700 τεΟλιμμένην
1174 4628 1307 4682 ὁδόν.
1344 4627 1499 4680 Οὕτω
1533 4647 1629 4680 κα-

11 4725 106 4778 λὸν
133 4725 205 4796 δὴ
236 4723 476 4795 εὕρημα
507 4721 598 4775 καὶ
619 4719 800 4791 ὀδύνη,
835 4721 922 4772 ὅτε
952 4720 1018 4772 δι’
1051 4719 1268 4788 ἀγάπην
1317 4735 1400 4780 τις
1443 4719 1630 4771 ὀδυνᾶ-

11 4836 107 4872 ται
149 4817 234 4882 ὼς
273 4819 305 4869 6
352 4813 518 4866 εἰπὼν
557 4809 802 4876 Παῦλος·
833 4831 851 4862 ι
904 4809 1060 4881 Λύπη
1109 4809 1198 4880 μοί
1249 4811 1362 4861 ἐστι
1395 4809 1628 4879 μεγάλη,

17 4914 118 4965 καὶ
175 4909 528 4981 ἀδιάληπτος
583 4906 744 4977 ὀδύνη
788 4907 852 4976 τῇ
908 4905 1099 4975 καρδίᾳ
1169 4921 1290 4974 μου,
1353 4921 1371 4954 ι
1429 4903 1522 4955 καὶ
1563 4903 1629 4956 τὰ

19 5005 183 5076 ἑξῆς-

95 5098 222 5153 Kal
275 5096 348 5149 τὸ
395 5093 580 5162 ὄνομα
616 5091 838 5159 Κυρίου
876 5087 1358 5159 ἐπεκαλεσιὶμηνν,
1405 5111 1456 5146 κ.
1495 5109 1543 5145 τ.
1584 5093 1630 5146 ἑ.

23 5213 44 5246 «
90 5193 220 5255 Πᾶς
250 5188 391 5259 γὰρ,
416 5185 600 5257 φησὶν,
636 5185 694 5246 ὃς
733 5183 798 5236 ἂν
833 5181 1218 5252 ἐπικαλέσηται
1248 5183 1307 5234 τὸ
1326 5183 1494 5254 ὄνομα
1526 5184 1637 5234 Ku-

1803 3165 1968 3220 Vens.
2000 3167 2053 3220 5.
2089 3163 2564 3218 Cit-rumdederunt
2597 3179 2674 3216 me
2700 3162 2909 3216 dolores
2951 3161 3153 3226 mortis,
3197 3172 3306 3214 etc.

1725 3257 1825 3321 Qui
1861 3257 1912 3307 iu
1954 3254 2210 3324 gravibus
2249 3252 2638 3306 tentationibtts
2685 3261 2966 3316 versatus,
3021 3251 3072 3303 in
3111 3251 3304 3305 iisdem

1727 3348 1892 3401 animi
1945 3347 2026 3399 sui
2089 3347 2518 3415 experimentum
2568 3345 2736 3406 dedit,
2794 3354 3052 3410 tanquam
3113 3344 3202 3412 qui
3257 3347 3308 3397 ιιι

1727 3437 1970 3508 periculo
2006 3437 2169 3492 fuerit
2206 3451 2273 3491 ne
2310 3438 2642 3500 vinceretur,
2673 3436 2895 3490 minime
2925 3443 3104 3488 tamen
3135 3435 3312 3488 victus

1726 3530 1821 3594 sit,
1858 3532 1900 3583 is
1930 3529 2112 3582 dicere
2162 3529 2330 3598 possit
2364 3545 2377 3581 :
2413 3545 2430 3576 «
2461 3527 2948 3580 Circumdederunt
2982 3541 3066 3581 tne
3098 3525 3313 3580 dolores

1729 3623 1939 3685 mortis,
1982 3619 2216 3688 pericula
2249 3619 2450 3672 inferni
2504 3618 2828 3672 invenerunt
2857 3633 2962 3672 me.
2995 3636 3012 3668 ι
3043 3617 3308 3671 (Steterunt

1731 3713 2145 3780 haudquaquam
2181 3713 2318 3764 idem
2351 3719 2454 3773 est,
2489 3727 2508 3759 «
2536 3709 2778 3762 infernus
2803 3709 3011 3762 invenit
3045 3725 3149 3772 tne,
3183 3726 3200 3759 ι
3247 3725 3312 3762 ac

1731 3804 1878 3866 illud,
1953 3801 2237 3856 «Pericula
2303 3800 2498 3856 inferni
2562 3801 2881 3854 invenerunt
2941 3815 3094 3854 me.)
3177 3801 3310 3853 Nam

1729 3894 1978 3949 infernus
2009 3894 2220 3946 invenit
2252 3893 2398 3946 illunt
2423 3903 2612 3946 contra
2659 3908 2819 3961 quem
2857 3891 3152 3961 praevalent
3189 3909 3312 3961 por-

1732 3995 1794 4040 tae
1851 3985 1989 4053 ejus,
2049 3985 2285 4054 pericula
2345 3999 2476 4038 vero
2537 3984 2733 4038 inferni
2795 3985 2966 4038 solum
3031 3987 3314 4052 reperiunt

1728 4077 1876 4130 illtnn
1921 4077 2010 4144 qui
2045 4078 2112 4130 ob
2159 4075 2584 4144 magnitudinem
2621 4079 2978 4129 tentationutn
3009 4077 3309 4146 perieulum

1727 4170 1944 4237 quidem
1975 4168 2157 4234 subiit,
2193 4183 2260 4221 ue
2287 4167 2671 4236 portisiuferni
2695 4168 3064 4238 subigeretur,
3090 4171 3311 4224 n.ininte

1731 4251 1910 4312 tamen
1947 4259 2014 4310 ab
2055 4258 2118 4310 iis
2146 4259 2404 4310 subat-tus
2435 4265 2542 4310 est.

1806 4349 1940 4402 lum.
1977 4349 2394 4402 Tribulatiouem
2421 4359 2466 4401 et
2496 4349 2730 4402 dolorem
2757 4347 2950 4413 inueni,
2988 4355 3095 4400 etc.
3129 4345 3316 4398 Inven-

1733 4451 1840 4493 tum
1873 4441 2140 4508 quoddam
2189 4451 2268 4493 est
2322 4439 2595 4492 tribulatio
2637 4438 2686 4491 ei
2732 4439 2822 4505 qui
2859 4435 3096 4490 sustinet
3145 4434 3310 4496 illam,

1733 4543 1788 4586 et
1821 4535 1870 4586 in
1905 4532 2346 4586 tribulationibus
2387 4530 2672 4600 gloriatur,
2703 4539 2866 4598 atque
2892 4527 3132 4581 ambulat
3165 4527 3304 4580 viam

1735 4641 1854 4694 quae
1881 4627 2028 4679 ducit
2057 4625 2120 4678 ad
2155 4625 2342 4690 vitam,
2373 4639 2490 4693 qua).
2523 4633 2604 4677 est
2630 4623 2715 4676 via
2748 4631 2897 4676 arcta
2929 4631 2984 4675 et
3017 4619 3308 4675 laboriosa.

1735 4719 1812 4770 Ita
1860 4731 2074 4786 quoque
2119 4716 2436 4784 praeclarum
2492 4729 2623 4768 sane
2689 4715 2967 4768 inventum
3018 4721 3100 4767 est
3136 4711 3309 4774 dolor,

1736 4809 1950 4878 quando
1985 4807 2106 4876 quis
2139 4821 2204 4860 ex
2237 4807 2524 4861 dilectione
2553 4805 2716 4876 790
2737 4805 2903 4869 dolet,
2942 4804 3084 4859 sicut
3114 4803 3314 4860 Paulus

1742 4909 1928 4963 dicens
1962 4907 2007 4938 θ’
2043 4922 2056 4959 :
2093 4926 2110 4957 «
2144 4905 2388 4960 Tristitia
2424 4906 2551 4960 mihi
2588 4919 2778 4976 magna
2800 4913 2906 4968 est,
2941 4911 2996 4959 et
3021 4904 3313 4960 continuus

1741 4999 1894 5055 dolor
1923 5001 2069 5053 cordi
2101 5015 2238 5064 meo,
2273 5017 2290 5050 ι
2327 5009 2432 5053 etc.

1813 5093 1976 5148 Vens.
2010 5092 2064 5147 4.
2107 5091 2172 5144 Et
2211 5107 2394 5144 nomen
2427 5090 2636 5144 Domini
2665 5089 2916 5150 invocavi,
2949 5097 3056 5141 etc.
3089 5085 3312 5141 «Omnis

1742 5186 1907 5253 enim,
1934 5185 2108 5255 inquit
2141 5186 2206 5250 ’3,
2238 5185 2324 5253 qui
2355 5185 2690 5239 invocaverit
2719 5197 2910 5237 nomen
2950 5180 3161 5234 Domini
3205 5179 3314 5232 sal-

1743 5293 1841 5332 vus
1872 5277 1996 5332 erit.
2037 5295 2055 5330 ι
2111 5276 2422 5332 Misericors
2451 5277 2613 5347 igitur
2660 5274 3102 5336 misericordem,
3131 5279 3185 5326 et
3222 5265 3313 5339 j'u-

1742 5370 1946 5423 stitiatn
1986 5367 2420 5436 invocetjustus.
2449 5367 2577 5422 Nam
2605 5367 2838 5436 justitia,
2879 5364 3066 5434 primae
3090 5363 3315 5432 justitiaa

1741 5462 1908 5515 veluti
1963 5463 2098 5517 echo
2151 5464 2418 5532 quaedam,
2458 5461 2610 5515 nobis
2680 5473 2776 5528 per
2845 5457 3311 5525 repercussiouem

1741 5555 1972 5610 adven“.

1815 5647 1975 5701 Vens.
2027 5645 2078 5701 5.
2131 5647 2430 5702 Misericors
2478 5645 2728 5699 Dominus
2773 5651 2822 5698 et
2863 5645 3063 5712 iustus,
3095 5655 3138 5694 et
3177 5640 3313 5694 Deus

17 5288 146 5360 ρίου
184 5283 529 5353 σωθήσεται.
560 5299 578 5331 ι
613 5277 912 5348 Τοιγαροῦν
940 5279 967 5330 6
993 5275 1240 5346 ἐλεήμων
1273 5276 1635 5330 ὲπικαλείσθω

15 5384 118 5438 τὸν
157 5381 471 5450 ἐλεήμονα,
503 5375 597 5430 καὶ
621 5374 719 5446 τὴν
759 5371 1104 5441 δικαιοσύνην
1146 5373 1174 5424 6
1205 5371 1432 5436 δίκαιος.
1487 5369 1633 5442 Ἦχὼ

15 5477 136 5548 ’γὰρ
167 5473 382 5543 ὥσπερ
403 5470 540 5540 τιςὴ
574 5469 631 5520 ὲν
660 5467 788 5536 ἡμῖν
814 5463 1148 5536 δικαιοσύνη,
1175 5463 1273 5534 τῆς
1307 5461 1530 5534 πρώτης
1557 5462 1634 5515 δι-

17 5565 353 5635 καιοσύνης
381 5561 522 5614 κατὰ
545 5557 842 5612 ἀνάκλασιν
875 5559 1004 5628 ἡμῖν
1031 5553 1433 5626 ἐπισυμῦαίνει.

107 5657 448 5727 Ἐλενήμων
497 5657 530 5707 ὁ
568 5653 782 5721 Κύριος
811 5649 908 5704 καὶ
958 5649 1206 5715 δίκαιος,
1263 5647 1360 5702 καὶ
1411 5651 1444 5702 ὀ
1490 5645 1632 5713 Θεὸς

95 5828 146 5860 ⁹⁰
179 5823 356 5879 Joan.
385 5835 498 5887 xw,
527 5819 580 5874 6.
658 5819 698 5851 ⁹¹
741 5819 758 5873 1
793 5819 981 5873 Thess.
1019 5834 1092 5883 tv,
1129 5817 1211 5871 li.
1288 5815 1331 5848 θ’
1362 5813 1519 5872 ltum.
1549 5826 1620 5876 ιτς,

1783 5810 1826 5842 ’³
1853 5811 1982 5867 ibid.
2015 5826 2068 5876 κ,
2108 5809 2194 5863 lli.
