3914 6374
585 231 725 290 1575

1993 227 2081 282 EX
2121 226 2421 284 ORIGENE

3639 242 3735 301 1573

580 360 758 404 noster
805 347 1102 414 miseretur,
1139 354 1249 402 etc.
1283 345 1726 417 Quandoquidem
1778 359 1902 400 cum
1934 343 2142 414 iustitia

2252 344 2421 413 ἡμῶν
2439 345 2613 412 ἐλεεῖ,
2644 364 2697 399 κ.
2726 364 2774 400 τ.
2811 347 2858 402 ἐ.
2906 348 3057 402 Ἐπεὶ
3085 350 3222 420 μετά
3254 350 3566 425 δικαιοσύνης
3597 355 3738 416 their;

579 442 868 496 miseretur
901 439 1190 502 Dominus,
1235 438 1547 492 misericors
1572 447 1657 491 est
1683 435 1955 506 etjustus.
2016 434 2145 488 Saul

576 544 756 588 autem
797 533 1022 587 minime
1043 532 1223 601 justus
1247 541 1364 585 erat
1403 530 1455 583 in
1486 528 1858 583 misericordia
1885 567 1900 590 ,
1936 528 2150 595 quando

575 624 743 697 Διικεί
796 623 1171 681 miserebatur.
1210 623 1420 677 Etenim
1459 623 1502 684 si
1546 622 1727 676 omnis
1780 619 2148 676 misericordia

570 716 715 789 iusta
751 715 913 779 foret,
965 729 1307 784 nequaquam
1338 714 1422 767 lex
1451 713 1498 745 ’⁵
1528 713 1594 768 de
1621 712 1940 782 quibusdam
1983 708 2151 764 dixis-

575 817 661 863 set
694 825 708 862 :
742 827 760 859 ι
787 807 902 863 Non
954 806 1300 861 misereberis
1340 805 1475 870 ejus.
1509 823 1528 856 ι
1566 803 1662 858 Est
1689 803 1853 857 etiam
1895 800 2021 854 illud
2051 800 2096 832 "
2131 814 2146 854 :

578 898 725 965 «Qui
769 899 1058 954 miseretur
1108 897 1160 949 in
1201 894 1494 960 hilaritate,
1521 912 1540 946 ι
1585 908 1706 949 cum
1745 890 1952 961 justitia
1985 889 2149 946 mise-

577 1001 692 1048 retu
705 1009 748 1046 r.

648 1078 812 1134 Vsus.
842 1079 896 1133 7.
932 1077 1265 1142 Convertere,
1303 1076 1481 1129 animo
1503 1091 1638 1139 mea,
1666 1075 1721 1128 in
1761 1072 2014 1144 requiem,
2037 1080 2147 1128 etc.

579 1173 810 1242 Requies
847 1171 1040 1225 anima:
1063 1179 1146 1225 est
1185 1180 1529 1240 peccatorum
1556 1167 1886 1222 abstinentia
1919 1179 2149 1236 :pecca-

575 1277 685 1322 tum
719 1266 864 1320 enim
897 1265 1042 1318 illam
1068 1263 1271 1333 dejicit,
1297 1271 1349 1316 et
1374 1277 1564 1316 omnes
1585 1260 1701 1331 ejus
1731 1260 1871 1314 vires
1892 1259 2143 1315 conterit.

577 1359 726 1416 Unde
757 1359 919 1411 etiam
955 1356 1240 1426 baptisma,
1289 1363 1474 1425 utpote
1523 1352 1666 1424 quod
1709 1353 2082 1409 liberationem
2118 1367 2146 1407 a

573 1452 811 1522 peccatis
866 1449 1170 1511 contineat,
1230 1447 1398 1502 David
1470 1463 1710 1517 «aquam
1774 1445 2086 1502 refectionis
2122 1464 2141 1498 ι

570 1543 885 1614 appellavit.
943 1542 1193 1596 Animam
1257 1542 1421 1613 igitur
1476 1542 1528 1595 in
1585 1541 1822 1611 peccatis
1871 1549 2143 1596 errantem

581 1635 735 1705 jubet
764 1635 1002 1689 converti
1047 1635 1098 1687 in
1134 1635 1396 1703 requiem,
1427 1634 1542 1690 sive
1572 1649 1667 1704 per
1693 1632 1958 1703 baptisma
1986 1672 2002 1698 ,
2030 1634 2145 1689 sive

579 1742 678 1798 per
705 1727 975 1798 lacryutas
1009 1735 1062 1781 et
1095 1726 1492 1797 pmuitentiam.

643 1909 807 1964 Vens.
834 1910 890 1966 8.
924 1909 1061 1975 Quia
1108 1908 1302 1978 eripuit
1352 1909 1587 1963 animum
1636 1925 1828 1974 meam,
1863 1919 1971 1966 etc.
2017 1909 2143 1981 Ejus

573 2003 821 2057 videlicet
847 2002 939 2073 qui
972 2019 1076 2058 non
1124 2003 1359 2074 amplius
1389 2011 1596 2071 peccat.
1649 2020 1668 2054 ι
1701 2002 1893 2057 Anima
1999 2003 2142 2057 enim

567 2108 686 2162 qua:
724 2091 1058 2162 peccaverit,
1133 2095 1247 2165 ipsa
1278 2095 1540 2149 morietur
1567 2093 1634 2147 ".
1666 2113 1686 2147 ι
1722 2093 1823 2161 Qui
1864 2103 2043 2148 autem
2076 2095 2142 2147 ad

570 2187 670 2240 hoc
699 2187 938 2255 pervenit
976 2196 1033 2240 ut
1083 2187 1325 2242 dolorum
1392 2189 1464 2243 sit
1515 2202 1734 2258 expers,
1791 2188 1953 2251 dieet,
2011 2185 2140 2257 quia

574 2278 830 2330 Dominus
853 2277 1253 2346 eripuitoculos
1285 2295 1432 2335 meos
1465 2295 1493 2334 a
1533 2279 1809 2350 lacrymis.
1839 2279 1980 2334 Idem
2009 2294 2140 2334 vero

567 2369 732 2422 etiam
767 2369 905 2423 dicet
934 2371 1028 2439 qui
1063 2371 1224 2426 beato
1257 2371 1402 2426 luctu
1439 2371 1612 2440 luget,
1638 2372 1853 2439 quando
1891 2371 2059 2426 risum
2090 2381 2144 2427 et

565 2461 995 2513 coosolationem
1029 2460 1343 2516 obtinuerit.
1374 2462 1474 2529 Qui
1506 2470 1683 2517 autem
1709 2463 1939 2517 audierit
1966 2481 1981 2517 :
2009 2481 2028 2514 ι
2062 2462 2140 2517 Tu

570 2565 696 2603 vero
739 2551 828 2606 hic
857 2561 938 2606 sta
985 2567 1194 2607 mecum
1221 2555 1288 2617 "',
1332 2573 1350 2606 ι
1405 2555 1549 2610 dicet
1588 2571 1601 2608 :
1637 2554 1842 2624 Eripuit
1887 2555 2142 2612 Dominus

568 2643 734 2712 pedes
773 2659 920 2699 meos
950 2659 980 2697 a
1009 2644 1180 2714 lapsu.

1106 2825 1431 2882 PSALMUS
1467 2827 1628 2884 CXV.

640 2941 806 2997 Vsus.
838 2940 891 2994 Ι.
922 2939 1158 3004 Credidi,
1190 2951 1405 3010 propter
1431 2941 1570 3012 quod
1607 2942 1812 2998 locutus
1849 2961 1986 3009 sum,
2035 2957 2141 3000 etc.

569 3036 681 3091 Nisi
731 3035 852 3104 quis
899 3035 1129 3089 ﬁrmiter
1191 3045 1618 3104 constanterque
1687 3037 2020 3101 crediderit,
2079 3053 2146 3093 ne

572 3129 788 3183 doceat.
843 3129 1049 3183 Sinccri
1083 3128 1227 3182 enim
1271 3128 1622 3199 prmceptoris
1653 3142 1753 3182 vox
1796 3138 1880 3182 est
1918 3147 1930 3182 :
1966 3148 1984 3180 ι
2008 3129 2142 3184 ϐιοῖ-

569 3221 703 3284 didi,
732 3230 955 3290 propter
984 3220 1125 3290 quod
1164 3220 1375 3275 locutus
1398 3236 1539 3274 sum.
1581 3239 1600 3272 ι
1651 3219 1924 3275 Modestis:
1963 3231 2142 3277 autem

567 3311 804 3381 ejusdem
836 3320 892 3367 et
923 3311 1248 3366 humilitatis
1280 3311 1539 3366 indicium
1572 3319 1676 3386 est,
1725 3312 1869 3378 quod
1903 3313 2144 3367 docendo

570 3403 791 3459 minime
821 3403 1167 3470 intumescat,
1198 3417 1321 3459 cum
1343 3402 1489 3458 dicat
1519 3421 1532 3458 :
1573 3418 1592 3453 ι
1623 3401 1735 3474 Ego
1757 3412 1936 3458 autem
1971 3404 2146 3458 humi-

569 3483 728 3550 liatus
751 3511 868 3550 sum
893 3495 1072 3550 nimis.
1110 3511 1130 3548 ι

637 3584 914 3656 Ejusdem.
975 3585 1138 3642 Fides
1187 3593 1273 3640 est
1320 3585 1516 3640 animae
1564 3584 1750 3643 libera:
1803 3587 2143 3644 rationabilis

567 3677 834 3733 assensio.

640 3771 804 3827 Vsus.
837 3770 893 3825 2.
937 3771 1049 3842 Ego
1088 3771 1204 3826 dixi
1237 3771 1292 3826 in
1336 3786 1550 3826 excessu
1578 3786 1730 3825 meo:
1772 3770 1958 3826 Omnis
1987 3772 2142 3826 homo

567 3866 815 3928 mendax,
843 3875 951 3920 etc.
988 3864 1045 3920 Si
1070 3865 1234 3920 homo
1265 3864 1426 3920 etiam
1456 3863 1624 3918 David
1645 3873 1748 3931 est,
1777 3865 2005 3919 mendax
2036 3874 2138 3920 cst.

571 3955 628 4012 Si
658 3958 885 4012 mendax
918 3967 1021 4022 est,
1055 3973 1177 4012 cum
1209 3958 1446 4028 seipsum
1489 3958 1805 4012 mendacem
1840 3957 2000 4022 dicit,
2034 3972 2140 4012 non

571 4049 842 4114 mendax,
875 4049 968 4104 sed
1012 4065 1172 4104 verax
1202 4061 1305 4105 est.
1354 4052 1410 4106 Si
1460 4060 1641 4104 autem
1687 4065 1850 4106 verus
1891 4060 1974 4105 est
2015 4065 2138 4103 eum

567 4141 800 4210 seipsum
838 4141 1152 4195 mendacem
1196 4141 1351 4208 dicit,
1395 4143 1556 4196 homo
1598 4157 1720 4196 cum
1764 4142 1873 4205 sit,
1905 4157 2011 4195 non
2062 4150 2142 4196 est

570 4231 824 4286 mendax.
869 4229 1114 4284 Vertitur
1154 4231 1336 4299 itaque
1377 4230 1557 4284 oratio
1599 4230 1665 4282 ad
1704 4238 2028 4298 utrumque,
2067 4226 2137 4281 ita

567 4333 628 4377 ut
655 4324 726 4377 sit
757 4338 944 4388 verax,
975 4321 1132 4392 791
1172 4322 1217 4376 si
1261 4321 1420 4376 homo
1463 4331 1547 4375 est
1577 4338 1592 4387 ;
1643 4330 1699 4375 et
1744 4321 1858 4388 ipse
1887 4319 1954 4373 sit
1990 4334 2140 4372 men-

566 4411 696 4468 dax.
743 4411 812 4467 Et
859 4413 946 4467 hic
978 4428 1158 4468 sermo
1203 4428 1233 4467 a
1281 4411 1580 4466 dialecticis
1623 4421 1852 4466 vocatur
1885 4409 2136 4465 diﬂicilis.

654 4591 933 4663 Ejusdem.
962 4593 1241 4660 Quatenus
1285 4594 1447 4648 homo
1475 4594 1597 4663 quis
1627 4601 1730 4656 est.
1769 4594 1998 4648 mendax
2031 4601 2136 4657 est,

568 4696 735 4739 verax
764 4694 946 4738 autem
973 4685 1018 4738 si
1039 4684 1401 4740 desieritesse
1421 4685 1600 4739 homo.
1629 4683 1759 4737 Nam
1780 4699 1881 4738 vox
1899 4703 1918 4735 ι
1944 4685 2134 4738 homo»

570 4775 862 4844 aliquando
894 4773 1257 4828 substantiam
1291 4775 1586 4845 signiﬁcat,
1629 4784 1692 4827 ut
1721 4789 1844 4827 cum
1887 4774 2085 4828 dicitur
2120 4789 2134 4826 :

573 4888 594 4920 ι
632 4867 804 4922 Homo
849 4866 1070 4938 quidam
1120 4875 1239 4922 erat
1292 4867 1344 4920 in
1402 4875 1542 4920 terra
1595 4864 1838 4919 Ausitide
1862 4864 1940 4930 ἐς
1992 4882 2011 4916 ι
2045 4864 2142 4918 ali-

543 4961 788 5032 quando
829 4970 1006 5014 autem
1037 4960 1327 5030 pessimum
1354 4957 1761 5027 habitumjuxta
1795 4956 1921 5010 illud
1951 4976 1964 5012 :
1991 4975 2009 5009 ι
2037 4955 2143 5012 Vos

571 5064 750 5107 autem
784 5054 926 5109 sicut
967 5053 1216 5107 homines
1267 5050 1595 5115 moriemini,
1637 5060 1692 5104 et
1729 5051 1866 5104 sicut
1899 5066 2038 5105 unus
2077 5053 2143 5105 de

573 5145 906 5212 principibus
941 5144 1230 5198 cadetis”.
1286 5159 1305 5194 ι
1357 5139 1514 5196 Prior
1541 5141 1682 5196 enim
1713 5140 1862 5196 Io'cus
1891 5143 2142 5197 substan-

575 5234 725 5296 tiam,
753 5236 890 5288 alter
917 5250 1046 5289 vero
1075 5233 1364 5304 pessimum
1393 5234 1632 5288 habitum
1664 5236 1926 5292 declarat.

648 5328 813 5383 Vsus.
849 5326 903 5380 ὅ.
935 5325 1076 5391 Quid
1103 5326 1384 5380 retribuam
1419 5322 1682 5377 Domino?
1713 5333 1818 5380 etc.
1848 5325 1903 5380 ln
1931 5325 2014 5380 his
2042 5323 2143 5395 igi-

578 5427 665 5473 tur
693 5429 948 5487 tanquant
982 5435 1011 5472 a
1039 5418 1275 5472 Domino
1299 5417 1524 5474 allectus
1551 5433 1741 5487 magno
1779 5419 2060 5482 beneﬂcio,
2085 5427 2140 5472 et

581 5511 767 5566 Volens
794 5525 952 5565 suum
981 5510 1381 5566 benefactoretn
1411 5511 1768 5577 remunerari,
1811 5512 1878 5567 de
1904 5512 2018 5582 ipso
2058 5527 2142 5568 re-

2259 435 2484 508 Κύριος,
2514 437 2760 509 ἐλεήμων
2786 439 2904 492 ἐστὶ
2936 441 3028 494 καὶ
3060 441 3268 505 δίκαιος
3291 459 3305 472 ⁸
3331 443 3389 496 ού
3417 443 3595 510 δίκαιος
3629 447 3672 502 δὲ
3698 454 3735 504 ἒν

2254 525 2330 596 τῷ
2360 525 2532 580 ἐλεεῖν
2554 521 2620 598 ἦν
2641 530 2669 580 6
2699 528 2890 592 Σαοὺλ,
2919 529 3084 584 ἐλεῶν
3117 533 3207 586 τὸν
3239 535 3427 602 ’Δγαγ.
3456 535 3552 595 Καὶ
3580 534 3683 608 siina
3701 542 3736 593 δὲ

2256 620 2364 671 πᾶν
2397 619 2458 672 τὸ
2487 619 2654 675 ὲλεείν
2682 620 2907 688 δίκαιον,
2933 624 3032 676 ούκ
3062 624 3128 678 ἂν
3165 628 3290 696 περί
3315 644 3466 681 τινων
3484 625 3612 683 εἶπεν
3636 634 3735 687 ὀνό-

2258 725 2354 779 μος
2383 708 2463 774 τὸ,
2493 729 2513 762 ι
2545 711 2659 764 Οὐκ
2691 711 2931 784 ὲλεήσεις
2962 714 3142 770 αὐτόν.
3180 735 3199 769 s
3232 717 3452 772 Ἕστιδὲ
3477 721 3557 774 καὶ
3579 724 3644 788 τι,
3670 726 3736 778 ι⁹υ

2253 799 2418 856 ἐλεῶν
2447 803 2505 854 ἐν
2540 801 2837 875 ἱλαρότητι,
2857 826 2874 856 s
2907 807 3044 876 μετά
3065 807 3402 881 δικαιοσύνης
3428 810 3566 866 ἐλεεῖ.

2335 1073 2758 1144 Ἐπίστρεψον,
2796 1076 2967 1146 ψυχή
3005 1096 3146 1148 μου,
3189 1082 3278 1147 εὶς
3306 1080 3416 1150 τὴν
3445 1082 3730 1150 ἀνάπαυσιν.

2252 1181 2305 1218 κ.
2342 1183 2392 1219 τ.
2422 1166 2470 1220 ὲ.
2511 1166 2840 1234 Ἀνάπαυσις
2869 1169 2971 1241 τῆς
2998 1171 3177 1243 ψυχῆς
3203 1175 3236 1246 ἡ
3264 1174 3370 1226 τῶν
3403 1176 3731 1250 ἀμαρτημάτωι

2252 1258 2500 1330 ἀποκοπή
2521 1275 2538 1293 ο
2563 1263 2866 1317 κατατείνει
2897 1264 3004 1337 γὰρ
3041 1267 3212 1338 αὐτὴν
3240 1270 3273 1339 ὴ
3307 1269 3548 1341 ἁμαρτία,
3573 1275 3733 1327 καὶπά-

2253 1368 2352 1415 σας
2380 1352 2549 1423 αὐτῆς
2571 1353 2671 1418 τὰς
2692 1355 2950 1428 δυνάμεις
2983 1361 3280 1432 συντρίϐει.
3309 1363 3462 1416 Ὅθεν
3490 1366 3570 1418 καὶ
3593 1366 3640 1419 τὸ
3668 1367 3733 1438 βά-

2252 1461 2485 1517 πτισμα,
2516 1445 2592 1510 ὡς
2620 1446 2938 1520 ἀπαλλαγὴν
2981 1451 3390 1524 ἁμαρτημάτων
3432 1455 3557 1525 ἔχον,
3589 1475 3606 1507 ι
3633 1458 3732 1529 ὕδωρ

2247 1536 2639 1602 ἀναπαύσεως»
2673 1541 2702 1592 6
2733 1539 2894 1593 Aau't6
2923 1543 3352 1614 προσηγόρευσε.
3387 1544 3490 1617 Τὴν
3510 1546 3652 1618 ψυχὴν
3667 1551 3737 1600 τοί-

2249 1645 2342 1681 νυν
2377 1628 2454 1692 ὼς
2485 1630 2543 1683 ὲν
2569 1629 2866 1701 ἁμαρτίαις
2904 1631 3268 1705 πλανηθεῖσαν
3320 1636 3610 1708 ἐπιστρέψαι
3643 1640 3736 1708 πρὸς

2175 1727 2218 1787 Β
2245 1721 2342 1792 τὴν
2363 1719 2689 1789 ἀνάπαυσιν,
2720 1722 2754 1794 ἢ
2775 1723 2863 1776 διὰ
2885 1721 2977 1776 τοῦ
2996 1723 3392 1796 βαπτίσματος,
3415 1727 3448 1798 ἢ
3477 1727 3555 1780 διὰ
3570 1726 3654 1780 τῶν
3670 1727 3733 1780 δα-

2249 1815 2431 1886 κρύων
2464 1815 2681 1887 καὶτῆς
2702 1817 3011 1887 μετανοίας,
3045 1820 3434 1891 προτρέπεται.

2323 1905 2443 1959 Ὅτι
2465 1906 2729 1971 ἐξείλετο
2774 1907 2888 1978 τὴν
2914 1909 3125 1979 ψυχήν
3149 1928 3289 1980 μου,
3316 1929 3370 1966 κ.
3399 1929 3446 1966 τ.
3475 1913 3517 1967 ἑ.
3548 1913 3634 1966 Τοῦ
3662 1932 3733 1984 μη-

2251 1995 2368 2051 κέτι
2403 1998 2806 2070 ἁμαρτάνοντος
2858 2001 3120 2072 δηλονότι.
3160 2021 3180 2054 ι
3217 2003 3382 2075 Ψυχὴ
3431 2005 3530 2076 γὰρ
3552 2007 3736 2078 ἀμαρτῷ

2251 2108 2416 2164 νοςδσα
2444 2092 2812 2146 ἀποθανεῖται.
2851 2111 2869 2144 ι
2920 2093 2977 2148 Ὀ
3009 2093 3066 2147 δὲ
3098 2094 3338 2150 ἀλυπίαν
3375 2097 3622 2151 ἀναλαδὼν
3643 2101 3736 2168 ἐρεῖ,

2247 2184 2328 2238 ὅτι
2352 2185 2554 2256 Κύριος
2565 2185 2804 2266 ¹ἐξείλετο
2819 2186 2946 2251 τοὺς
2967 2187 3279 2259 ὀφθαλμούς
3300 2207 3400 2260 μου
3417 2191 3517 2244 ἀπὸ
3532 2189 3734 2263 δακρύων.

2261 2277 2406 2352 Ἐρεῖ
2435 2279 2493 2332 δὲ
2511 2279 2640 2334 αὐτὸ
2677 2280 2772 2334 καὶ
2795 2281 2824 2333 6
2843 2281 2902 2334 τὸ
2931 2280 3371 2352 μακαριζόμενον
3397 2281 3570 2346 πένθος
3595 2283 3736 2352 πενθή-

2249 2389 2368 2437 σας,
2391 2373 2518 2427 ὅταν
2544 2373 2784 2444 τυγχάνῃ
2813 2372 3272 2441 τοῦ,γελάσονται,
3297 2376 3393 2428 καί
3425 2374 3739 2446 τοῠ,παρικὶ.η-

2248 2462 2523 2535 θήσονται.
2561 2466 2618 2518 '0
2664 2465 2722 2518 δὲ
2768 2462 3006 2529 ἀκούσας
3035 2464 3150 2528 τοῦ,
3190 2483 3209 2517 ι
3259 2467 3334 2520 Σὺ
3361 2466 3417 2520 δὲ
3455 2468 3597 2530 αὐτὸς
3633 2467 3738 2534 στῆθι

2250 2559 2371 2627 μετ’
2393 2557 2548 2629 ἐμοῦ,
2585 2577 2603 2609 ι
2638 2558 2773 2630 ὲρείο
2823 2555 3085 2622 Ἐξείλετο
3116 2558 3323 2631 Κύριος
3363 2562 3481 2625 τοὺς
3514 2559 3648 2621 πόδας
3672 2576 3739 2630 μου

2248 2649 2358 2703 ἀπὸ
2391 2649 2755 2721 ὀλισθήματος

2801 2836 3090 2892 ΨᾹΑΜΟΣ
3130 2838 3275 2891 PIE'.

2327 2948 2714 3011 Ἐπίστευσα,
2741 2947 2846 3008 διὸ,
2867 2947 3160 3015 ἐλάλησα,
3179 2965 3304 3004 κ.τ.
3331 2949 3378 3004 ἑ.
3407 2948 3467 3001 Εἰ
3486 2946 3553 3018 μὴ
3574 2943 3741 3017 βεϐαίως

2241 3058 2325 3106 τις
2378 3041 2472 3094 καὶ
2529 3039 2956 3112 ἀπερισπάστως
3015 3040 3328 3103 ἐπίστευσε,
3362 3039 3437 3111 μὴ
3484 3035 3738 3092 διδασκέτω·

2243 3131 2467 3203 γνησίου
2499 3131 2607 3201 γὰρ
2638 3132 2955 3187 διδασκάλου
2983 3133 3134 3204 φωνὴ
3155 3133 3243 3186 τό⁸
3287 3151 3307 3184 ι
3361 3131 3665 3192 Ἐπίστευσα,
3689 3125 3743 3177 διὸ

2244 3223 2502 3295 ὲλάλησα.
2541 3242 2562 3277 s
2601 3224 2775 3278 Λύτοῦ
2820 3225 2877 3278 δὲ
2907 3223 3096 3277 τούτου
3123 3224 3223 3294 τῆς
3252 3223 3484 3293 ἀτυφίας
3518 3222 3597 3274 καὶ
3615 3234 3744 3271 ταπι·

2243 3313 2574 3386 νοφροσύνης
2605 3313 2821 3384 δεῖγμα,
2861 3313 3124 3384 μηδαμῶς
3157 3314 3250 3366 ἐπὶ
3291 3312 3368 3382 τῷ
3405 3312 3645 3365 διδάσκειν
3669 3324 3740 3374 ςυ-

2244 3399 2527 3472 σιουμένου
2554 3401 2617 3453 ὲκ
2639 3400 2734 3454 τοῦ
2751 3417 2768 3432 ο
2797 3421 2816 3454 ι
2867 3399 3008 3472 Ἐγὼ
3033 3401 3090 3455 δὲ
3119 3401 3489 3472 ὲταπεινώθην
3515 3399 3697 3469 σφόδρα.
3727 3415 3738 3443 ι

2319 3579 2426 3636 Τοῦ
2455 3580 2662 3636 αὐτοῦ.
2681 3583 2870 3647 Πίστις
2896 3584 3012 3637 ἐστὶ
3041 3583 3217 3656 ψυχῆς
3247 3582 3584 3651 αύτεξουσίου
3605 3579 3742 3647 λογικὴ

2244 3671 2660 3740 συγκατάθεσις.

2326 3763 2468 3834 Ἐγὼ
2502 3763 2570 3816 δὲ
2597 3761 2736 3819 εἶπα
2768 3764 2837 3820 ἐν
2861 3765 2934 3835 τῇ
2955 3766 3238 3822 ἐκστάσει
3266 3785 3390 3837 μου
3407 3783 3424 3800 ο
3447 3740 3743 3830 adcura!“

2242 3870 2356 3920 πος
2379 3857 2541 3924 Ψεύσ
2546 3874 2671 3923 της.
2696 3874 2750 3912 κ.
2769 3874 2818 3910 τ.
2840 3858 2885 3912 ὲ.
2919 3859 2980 3911 Ei
2999 3858 3281 3930 ἄνθρωπος
3310 3859 3407 3912 καὶ
3437 3861 3465 3912 ὁ
3483 3854 3637 3918 Δαυῖδ.

2243 3963 2374 4016 στης
2409 3945 2553 4000 ἐστίν
2579 3963 2592 3977 ·
2628 3948 2675 3999 εί
2708 3947 2764 4000 δὲ
2799 3947 3036 4020 ψεύστης
3067 3951 3206 4014 ἐστὶ,
3239 3949 3420 4019 λέγων
3468 3947 3631 4002 ἑαυτὸν
3652 3941 3743 4013 ψεύ-

2244 4056 2396 4110 στην,
2443 4040 2543 4092 οὐκ
2577 4039 2692 4093 ἐστι
2734 4040 2995 4112 ψεύστης,
3031 4041 3144 4096 ἀλλ’
3183 4042 3391 4116 ἀληθής
3435 4045 3586 4096 ἐστιν.
3625 4039 3672 4091 Εί
3706 4037 3742 4086 is

2247 4131 2453 4204 ἀληθής
2497 4134 2612 4186 ἐστι
2663 4133 2838 4203 λέγων
2877 4135 3068 4188 ἑαυτὸν
3113 4133 3378 4207 ψεύστην,
3418 4136 3664 4206 ἄνθρωπος
3694 4129 3743 4179 ὧν

2245 4225 2346 4277 ούκ
2370 4224 2484 4277 εστι
2526 4224 2786 4298 ψεύστης.
2822 4225 3182 4300 Περιστρέφει
3214 4228 3325 4299 ἄρα
3362 4230 3391 4281 6
3431 4228 3573 4296 λόγος
3595 4226 3658 4286 είς
3673 4224 3743 4288 ἁμ-

2244 4317 2467 4389 φότερα,
2492 4318 2584 4371 καὶ
2605 4320 2683 4382 είς
2711 4317 2771 4371 τὸ
2790 4313 2928 4372 εἶναι
2957 4317 3120 4372 αὐτὸν
3147 4317 3471 4390 ἀληθευτὴν,
3495 4315 3579 4372 ἐὰν
3597 4314 3741 4383 ἂνθρον

2244 4421 2344 4468 πος
2363 4399 2420 4477 ᾖ.
2452 4405 2547 4457 καὶ
2571 4407 2650 4470 είς
2684 4407 2745 4460 τὸ
2785 4402 2924 4460 εἶναι
2951 4408 3110 4462 αὑτὸν
3139 4407 3406 4481 ψεύστην.
3433 4410 3535 4462 Καὶ
3561 4406 3737 4460 uelata:

2242 4497 2270 4550 6
2292 4496 2448 4565 λόγος
2473 4493 2625 4561 οὗτος
2643 4499 2799 4570 ’παρά
2831 4503 2942 4564 τοῖς
2962 4500 3318 4565 διαλεκτικοῖς
3352 4504 3565 4574 ἄπορος.

2320 4587 2428 4642 Τοῦ
2457 4589 2660 4643 αὐτοῦ.
2692 4591 2805 4659 Ἐφ’
2838 4591 2960 4644 ὅσον
2991 4591 3272 4665 ἄνθρωπός
3296 4611 3384 4658 τις
3415 4595 3546 4660 ἐστὶ,
3571 4590 3745 4663 ψεύστης

2242 4679 2417 4733 ἐστίν’
2446 4679 2542 4733 sev
2578 4679 2635 4732 δὲ
2667 4681 2935 4754 ἀπόθηται
2970 4682 3030 4735 τὸ
3057 4679 3196 4737 εἶναι
3229 4683 3535 4757 ἄνθρωπος,
3579 4682 3742 4752 ἀληθευ-

2240 4774 2339 4844 τής
2367 4773 2501 4826 ἐστι.
2533 4773 2606 4825 T6
2639 4773 2747 4846 γὰρ
2781 4793 2798 4824 ι
2837 4773 3120 4846 ἄνθρωπος
3162 4796 3180 4828 s
3213 4776 3387 4848 ὄνομα
3423 4777 3548 4831 ποτὲ
3585 4776 3662 4846 μὲν
3690 4772 3744 4822 οὖέ

2245 4865 2365 4918 σξαν
2398 4863 2567 4935 δηλοῖ,
2604 4864 2678 4929 ὼς
2704 4866 2790 4918 τόο
2831 4867 3184 4939 «Ἄνθρωπός
3215 4887 3297 4933 τις
3325 4866 3396 4942 ἦν
3433 4872 3491 4924 ὲν
3539 4869 3662 4941 χώρᾳ
3701 4865 3742 4930 τῇ

2243 4957 2483 5010 Αύσίτιδι
2508 4974 2521 4986 ·
2566 4976 2584 5006 ι
2617 4958 2746 5011 ποτὲ
2779 4958 2834 5012 δὲ
2865 4960 3144 5034 χειρίστην
3177 4963 3528 5028 κατάστασιν,
3555 4957 3741 5015 κήτε’
3828 4979 3829 4983 π

2253 5069 2270 5100 ι
2296 5050 2480 5122 Ὑμεῖς
2531 5049 2586 5104 δὲ
2630 5051 2705 5115 ὠς
2737 5051 3014 5124 ἄνθρωποι
3068 5056 3462 5128 ἀποθνήσκετε,
3496 5054 3581 5109 καὶ
3611 5051 3671 5118 ὡς
3695 5042 3744 5107 εἷς
3825 5127 3827 5130 ς

2246 5141 2353 5194 τῶν
2389 5141 2663 5214 ἀρχόντων
2689 5143 2941 5198 πίπτετε.
2973 5163 2991 5196 ›
3031 5145 3104 5198 Τὸ
3136 5147 3233 5218 μὲν
3259 5147 3370 5220 γὰρ
3423 5147 3612 5208 οὐσίαν,
3636 5141 3680 5195 τὺ
3710 5139 3744 5188 ὀὲ

2245 5236 2508 5309 κακίστην
2534 5237 2645 5302 ἕξιν
2671 5238 2840 5308 δηλοῖ.

2315 5330 2376 5383 Τί
2399 5329 2804 5384 ἀνταποδώσω
2829 5329 2907 5396 τῷ
2934 5333 3131 5401 Κυρίῳ
3148 5375 3162 5396 ,
3192 5351 3249 5391 κ.
3272 5351 3322 5388 τ.
3351 5335 3399 5391 ὲ.
3441 5333 3524 5398 ἀς
3544 5330 3662 5402 μέγα
3685 5319 3746 5376 οἷν

2244 5422 2300 5474 ὲν
2331 5421 2538 5484 τούτοις
2565 5421 2672 5474 ἀπὸ
2702 5422 2904 5494 Κυρίου
2941 5424 3336 5496 εύεργετηθεὶς,
3360 5424 3458 5478 καὶ
3499 5419 3744 5495 βουλόμενοις

2247 5512 2584 5583 ἀμείψασθαι
2613 5513 2704 5567 τὸν
2739 5515 3055 5587 εὐεργέτην,
3081 5517 3301 5589 ἀπορῶν
3324 5521 3455 5589 περὶ
3486 5515 3574 5570 eos
3601 5521 3743 5580 τροπσυ

651 5668 700 5700 ’⁸
732 5667 885 5723 Deut.
921 5683 1035 5734 xix,
1059 5669 1146 5724 l3.
1222 5670 1266 5701 "
1304 5668 1461 5724 Rom.
1490 5684 1590 5736 xtt,
1619 5670 1673 5725 8.
1748 5670 1796 5703 “
1824 5666 2020 5727 Ezecb.
2043 5687 2142 5727 xvi:

2246 5674 2282 5730 ι.
2359 5677 2402 5708 ’⁷
2435 5677 2586 5732 Deut.
2615 5693 2694 5744 ιιι,
2719 5677 2807 5734 51.
2885 5679 2930 5710 ⁸⁸
2959 5676 3079 5734 Job.
3106 5697 3142 5746 ι,
3169 5680 3221 5734 1.
3297 5680 3340 5712 ⁹⁹
3366 5679 3511 5736 Psal.
3533 5667 3727 5734 una?
