3800 6536
182 306 319 361 1577

1124 289 1437 360 SELECTA
1473 298 1539 356 IN
1579 297 1919 356 PSALMOS.
1955 332 2023 342 -—
2056 300 2262 355 PSAL.
2293 299 2456 357 CXV.

3289 306 3312 359 l
3323 306 3423 361 578

178 427 273 496 τῆς
300 424 532 496 ἀμοιϐῆς
562 442 692 496 φησι
715 442 728 454 ·
765 444 781 477 ‹
814 425 879 478 Τί
908 422 1266 478 ἀνταποδώσω
1293 415 1371 490 τῷ
1397 420 1590 494 Κυρίῳ
1616 419 1744 490 περὶ

1857 420 2165 474 munerandi
2205 421 2365 474 modo
2403 415 2683 486 ambigens
2718 413 2793 469 ait
2826 431 2839 467 :
2868 434 2905 467 -‹
2947 414 3084 485 Quid
3124 423 3421 480 retribuam

179 518 396 573 πάντων
436 511 510 571 ὧν
553 517 900 570 ἀνταπέδωκέ
960 532 1091 587 μοι;
1128 535 1144 568 ι
1201 518 1289 579 Εἰς
1335 512 1589 584 αἴσθησιν
1637 512 1743 585 γὰρ

177 609 345 663 ἐλθὼν
377 609 483 663 τῶν
515 611 721 680 μυρίων
756 610 903 680 παρὰ
930 609 1063 661 Θεοῦ
1087 607 1300 679 δωρεῶν
1320 624 1333 635 ·
1352 607 1434 660 ὅτι
1465 608 1529 659 ὲκ
1555 605 1646 659 τοῦ
1674 604 1746 677 μὴ

174 702 327 766 ὸντος
346 703 425 766 είς
445 701 504 754 τὸ
534 696 669 755 εἶναι
695 700 949 773 παρήχθη
969 717 982 729 ο
1016 702 1097 752 ὅτι
1120 700 1225 753 ἀπὸ
1252 700 1352 769 γῆς
1377 697 1743 763 διαπλασθεὶς,

174 792 320 866 λόγῳ
341 794 647 866 τετίμηται,
681 796 738 847 ἐν
759 787 802 861 ᾧ
834 795 927 847 καὶ
958 792 1054 863 τὴν
1085 793 1266 845 εἰκόνα
1311 794 1494 861 φορεῖν
1527 789 1745 844 δύναται

172 886 269 941 τοῦ
300 885 641 957 ἐπουρανίων
664 886 851 939 ἔπειτα
882 887 975 939 καί¹
1002 885 1135 955 πρὸς
1155 883 1251 956 τὴν
1282 884 1419 954 ὑπὲρ
1440 882 1533 935 τοῦ
1560 884 1746 951 γένους

172 977 284 1030 τῶν
322 977 624 1049 ἀνθρώπων
657 977 966 1049 οἰκονομίαν
995 975 1221 1042 ἀπιδὼν,
1251 977 1331 1030 ὅτι
1362 976 1552 1029 ἑαυτὸν
1578 978 1606 1029 ὁ
1637 976 1748 1029 Κύ-

177 1085 293 1138 ριος
327 1069 491 1123 ἔδωκε
522 1068 713 1142 λύτρον
743 1070 863 1123 ἀντὶ⁴
896 1069 1104 1123 πολλῶν
1133 1068 1308 1139 ἡμῶν,
1333 1070 1617 1140 ἐπαπορεῖ,
1654 1068 1747 1121 καὶ

174 1155 333 1228 ζητεῖ
352 1159 408 1212 ὲν
436 1161 569 1213 πᾶσι
591 1158 797 1222 τούτοις
826 1161 936 1223 τοῖς
960 1159 1296 1230 ὑπάρχουσιν
1330 1159 1498 1230 αὐτῷ,
1520 1160 1574 1212 τί
1600 1159 1747 1226 ἄξιον

174 1248 389 1321 ἐξεύροι
416 1250 584 1323 δῶρον
608 1248 949 1324 τῴΔεσπότῃ
968 1268 982 1282 ·
1027 1251 1088 1304 οὐ
1131 1251 1337 1315 θυσίας,
1371 1251 1490 1304 οὐδὲ
1519 1252 1747 1304 ὁλοκαυ-

172 1341 388 1409 τώσεις,
423 1344 538 1398 ἀλλ’
569 1343 734 1414 αὐτὴν
762 1345 938 1397 πᾶσαν
959 1343 1056 1416 τὴν
1080 1344 1273 1399 ἑαυτοῦ
1301 1344 1465 1415 ζωήν.

249 1520 568 1590 Διέρῤηξας
595 1522 735 1589 τοὺς
756 1523 1018 1594 δεσμούς
1040 1544 1180 1594 μου,
1217 1544 1271 1579 κ.
1290 1543 1339 1578 τ.
1363 1526 1410 1578 ὲ.
1474 1525 1615 1594 Πρὸς
1667 1525 1747 1588 τὸ,

179 1632 201 1664 ι
237 1614 300 1666 Τί
326 1613 689 1669 ἀνταποδώσω
718 1615 795 1687 τῷ
819 1617 1008 1690 Κυρίῳ
1030 1634 1074 1681 ;›
1111 1618 1257 1671 δοκεῖ
1286 1636 1374 1689 μοι
1408 1617 1748 1671 ἀποδίδοσθαι

171 1703 391 1775 πρῶτον
418 1706 538 1776 μὲν,
575 1725 593 1758 ‹
629 1709 883 1779 ποτήριον
916 1709 1181 1781 σωτηρίου
1204 1710 1469 1782 λήψομαι·
1511 1729 1529 1762 ι
1565 1710 1748 1764 δεύτε-

1855 508 2085 563 Domino
2133 525 2227 578 pro
2261 510 2512 565 omnibus
2555 523 2673 578 quae
2706 507 2961 565 retribuit
3007 512 3173 570 mihi?
3203 535 3222 570 ι
3257 516 3421 573 Innu-

1853 613 1998 651 mera
2032 600 2173 654 enim
2223 602 2312 656 Dei
2356 617 2575 656 munera
2605 603 2936 672 expendens,
2971 607 3115 675 quod
3143 607 3212 665 de
3253 610 3422 667 nihilo

1852 690 1904 743 in
1952 689 2124 743 lucem
2172 693 2467 760 productus
2508 693 2577 746 sil
2611 711 2625 746 ι
2656 695 2797 762 quod
2843 710 2908 749 ex
2953 705 3094 753 terra
3131 699 3419 768 formatus,

1854 782 2058 835 ratione
2084 782 2339 851 praeditus
2367 784 2458 847 sit,
2480 785 2529 837 in
2564 801 2667 853 qua
2693 787 2931 844 caelestis
2966 791 3255 864 imaginem
3279 794 3424 850 ferre

1852 872 2027 927 valeat
2059 891 2073 926 :
2102 873 2297 929 deinde
2330 876 2420 929 Dei
2450 892 2665 948 quoque
2696 895 2792 949 pro
2823 881 3061 937 humano
3086 899 3282 954 genere
3307 886 3421 951 dis-

1854 967 2221 1038 pensationem
2261 967 2588 1037 inspiciens,
2636 974 2905 1041 quomodo
2939 973 3198 1031 Dominus
3223 990 3425 1034 semet-

1854 1060 2027 1128 ipsum
2069 1059 2277 1114 dederit
2308 1058 2359 1113 in
2394 1061 2817 1131 redemptionem
2855 1081 2951 1134 pro
2997 1069 3178 1124 multis
3227 1072 3418 1135 nobis,

1854 1151 2047 1204 anxius
2082 1150 2295 1205 hzcsitat
2320 1158 2375 1205 et
2420 1154 2609 1221 qumrit
2642 1154 2692 1207 in
2725 1157 2809 1209 his
2863 1160 3115 1217 omnibus
3154 1178 3274 1232 qua:
3320 1164 3419 1234 ipsi

1854 1250 2165 1311 suppetunt,
2205 1242 2476 1311 quodnam
2510 1253 2658 1297 tanto
2687 1246 2912 1303 Domino
2942 1251 3159 1322 dignum
3190 1256 3424 1325 reperiat

1855 1331 2055 1386 donum
2083 1349 2094 1383 :
2130 1349 2234 1387 non
2262 1335 2551 1402 sacriﬁcia,
2580 1351 2683 1390 non
2715 1339 3055 1410 holocausta,
3085 1348 3179 1401 sed
3213 1346 3420 1418 ipsam-

1855 1433 1966 1478 met
1997 1434 2162 1480 totam
2191 1427 2355 1480 vitam
2385 1442 2558 1483 suam.

1930 1516 2095 1573 Vens.
2129 1516 2182 1571 8.
2235 1517 2494 1585 Dirupisti
2538 1520 2740 1575 vincula
2790 1539 2927 1589 mea,
2978 1534 3084 1581 etc.
3121 1528 3201 1582 Ad
3250 1530 3419 1599 illud,

1861 1627 1879 1660 ι
1915 1609 2054 1676 Quid
2089 1610 2387 1666 retribuam
2434 1612 2702 1667 Domino?
2736 1634 2754 1668 ι
2794 1618 3013 1672 videtur
3063 1621 3192 1676 mihi
3231 1625 3421 1681 referri

1857 1701 2088 1770 primum
2137 1702 2377 1772 quidem,
2416 1720 2435 1754 ‹
2474 1705 2700 1761 calicem
2748 1708 3004 1764 salutaris
3046 1713 3353 1784 accipiam;
3396 1737 3414 1769 ι

180 1812 274 1865 ρον
305 1795 466 1863 δὲτὸ,
499 1817 517 1849 ‹
557 1798 653 1863 τὰς
704 1800 867 1869 εὐχάς
906 1818 1004 1872 μου
1038 1800 1332 1855 ἀποδώσω·
1374 1822 1393 1854 ι
1422 1802 1601 1873 τρίτον
1665 1802 1748 1870 τὸ,

1857 1794 2093 1848 secundo
2124 1794 2289 1861 istud,
2321 1813 2339 1846 ι
2382 1806 2500 1850 vota
2553 1813 2673 1852 mea
2716 1801 2969 1867 reddam;
3005 1819 3021 1854 ι
3057 1804 3216 1858 tertio
3268 1805 3421 1870 illud,

180 1905 200 1937 ι
242 1886 325 1940 σοὶ
360 1886 505 1944 θύσω
540 1890 731 1946 θυσίαν
768 1892 1027 1956 αἰνέσεως
1050 1910 1063 1923 °
1110 1913 1127 1946 ι
1163 1894 1420 1965 τέταρτον
1460 1895 1542 1957 τὸ,
1598 1913 1615 1945 t
1649 1894 1749 1958 τὰς

174 1979 344 2049 εὐχάς
376 1997 477 2052 μου
509 1999 588 2053 τῳ
617 1982 804 2053 Κυρίῳ
828 1983 1112 2039 ἀποδώσω.
1139 2003 1157 2035 ι
1197 1985 1355 2038 Ἀλλά
1389 1987 1449 2039 τὸ
1478 1987 1577 2055 μὲν
1617 1987 1750 2057 πρός

174 2087 355 2143 τερον,
386 2092 404 2124 t
437 2072 532 2137 τὰς
569 2073 737 2145 εὐχάς
780 2092 880 2144 μου
936 2074 1217 2139 ἀποδώσω,
1253 2096 1269 2125 ι
1310 2077 1467 2147 μόνον
1514 2078 1625 2148 ἔχει
1668 2079 1748 2143 τὸ,

176 2181 201 2214 ε
245 2164 479 2219 ἐναντίον
513 2168 711 2230 παντὸς
731 2167 824 2220 τοῦ
850 2166 976 2221 λαοῦ
1004 2167 1165 2221 αὑτοῦ
1191 2185 1204 2198 ο
1234 2189 1252 2218 ι
1304 2169 1365 2223 τὸ
1405 2170 1461 2223 δὲ
1502 2170 1752 2241 δεύτερον

170 2256 274 2307 καὶ
298 2254 377 2318 τὸ,
416 2275 433 2307 ‹
472 2257 529 2309 ὲν
583 2256 771 2320 αὐλαῖς
820 2256 968 2311 οἴκου
1018 2257 1245 2329 Κυρίου,
1307 2277 1325 2309 ι
1359 2260 1562 2323 καὶτὸ,
1636 2279 1653 2309 ι
1695 2262 1753 2314 ὲν

173 2347 332 2419 μέσῳ
383 2366 505 2413 σου,
544 2351 914 2422 Ἰερουσαλήμ.
972 2372 990 2404 ι
1048 2354 1157 2407 Καὶ
1215 2353 1276 2406 τὸ
1330 2354 1426 2423 μὲν
1467 2355 1750 2424 πρότερον,

174 2459 198 2491 ι
234 2440 333 2504 τὰς
359 2441 522 2511 εὐχάς
546 2460 647 2513 μου
680 2445 756 2514 τῷ
807 2445 997 2517 Κυρίῳ
1049 2445 1328 2513 ἀποδώσω,
1365 2464 1382 2497 ι
1436 2446 1751 2516 ἐπιφέρεται

170 2533 258 2604 τῷ
294 2536 537 2606 ποτηρίῳ
567 2536 659 2590 τοῦ
694 2538 962 2608 σωτηρίου
984 2555 997 2569 ο
1029 2539 1091 2591 τὸ
1128 2539 1183 2592 δὲ
1206 2540 1454 2611 δεύτερον
1476 2540 1567 2593 ἐπὶ
1620 2541 1753 2594 πᾶσι

170 2625 275 2678 καὶ
304 2620 661 2698 συνημμένως
690 2628 783 2699 τῷ,
826 2650 843 2680 t
880 2630 1165 2701 διέρῤηξας
1187 2632 1310 2696 τοὺς
1335 2631 1565 2701 δεσμούς
1592 2650 1747 2702 pou,»

170 2716 275 2769 καὶ
307 2716 404 2788 τῷ,
440 2737 458 2769 ι
503 2720 583 2771 σοὶ
614 2719 759 2773 θύσω
783 2720 971 2775 Θυσίαν
1004 2722 1261 2785 αἰνέσεως
1285 2741 1297 2753 ·
1338 2743 1355 2774 ι
1397 2723 1456 2775 τὸ
1490 2724 1545 2776 δὲ
1570 2763 1585 2786 ,
1635 2743 1652 2775 t
1688 2725 1751 2778 σὺ

168 2805 467 2878 διέρῤηξας
500 2809 625 2872 τοὺς
668 2810 900 2881 δεσμούς
931 2828 1051 2881 μου,
1094 2831 1112 2862 ι
1170 2812 1248 2882 τῷ
1307 2814 1472 2884 τιμίῳ
1512 2815 1752 2869 ἐναντίον

170 2898 371 2970 Κυρίῳ
400 2898 644 2971 Θανάτῳ·
675 2900 702 2953 ὃ
749 2900 976 2966 δοξάσας
1020 2902 1109 2955 τοῦ
1154 2904 1450 2975 μαρτυρίου
1495 2906 1585 2959 τὸν
1622 2907 1754 2962 Θεὸν

168 2987 327 3057 λέγει
361 2989 453 3043 ἐπὶ
488 2989 566 3061 τῷ
596 2991 683 3045 διὰ
736 2994 1034 3065 μαρτυρίου
1075 2995 1173 3060 τὰς
1211 2999 1614 3070 προγενομένας
1650 3018 1755 3056 σει-

174 3080 284 3152 ρὰς
308 3082 416 3135 τῶν
445 3083 726 3155 ἁμαρτιῶν
752 3086 915 3140 αὐτοῦ
954 3086 1269 3159 διερρἧθαι
1321 3091 1429 3144 ἀπὸ
1469 3092 1626 3158 Θεοῦ,
1674 3094 1751 3159 ὡς

1858 1902 1875 1936 ι
1915 1885 2010 1940 tibi
2049 1886 2370 1942 sacriﬁcabo
2400 1887 2635 1942 hostiam
2672 1888 2886 1957 laudis;
2921 1911 2938 1944 ι
2964 1902 3158 1962 quarto
3192 1895 3423 1966 denique

1854 1977 2021 2042 ismd,
2060 1995 2078 2029 t
2114 1987 2235 2032 vota
2296 1994 2416 2033 mea
2452 1980 2682 2036 Domino
2713 1984 2956 2038 reddam.
2994 2004 3013 2039 ι
3051 1986 3157 2043 Sed
3189 1988 3422 2058 primum

1853 2069 2093 2137 quidem,
2129 2087 2147 2120 ι
2180 2080 2297 2123 vota
2338 2086 2455 2126 mea
2498 2073 2739 2141 reddam,
2771 2092 2789 2125 ι
2823 2084 3026 2131 tantum
3060 2078 3222 2134 habet
3252 2079 3384 2137 illud
3406 2124 3423 2151 ,

1859 2181 1876 2213 ι
1918 2164 1968 2216 in
1993 2172 2288 2233 conspectu
2318 2164 2497 2219 omnis
2527 2166 2703 2236 [epuli
2729 2169 2877 2236 ejus;
2917 2189 2935 2221 ι
2969 2172 3266 2227 secundum
3294 2190 3425 2231 vero

1854 2265 1905 2309 et
1940 2255 2099 2321 istud,
2137 2274 2155 2307 t
2196 2256 2247 2310 iu
2282 2257 2437 2312 atriis
2462 2259 2652 2314 domus
2676 2258 2929 2325 Domini,
2954 2281 2973 2314 ι
3007 2271 3057 2317 et
3108 2264 3273 2333 istud,
3312 2286 3331 2319 ι
3371 2268 3424 2322 in

1856 2344 2031 2400 medio
2065 2346 2159 2412 tui,
2188 2345 2510 2405 Jerusalem.
2547 2367 2567 2402 ι
2596 2350 2675 2405 Ac
2708 2352 2945 2416 primum
2975 2353 3217 2422 quidem,
3245 2374 3265 2408 ι
3298 2367 3426 2413 vota

1856 2451 1973 2490 mea
2007 2438 2233 2493 Domino
2267 2441 2522 2508 reddam,
2561 2460 2578 2492 ι
2609 2442 2763 2497 calici
2799 2442 3091 2512 salutaris;
3127 2450 3425 2505 secundum

1856 2543 1983 2585 vero
2019 2531 2070 2585 in
2115 2532 2219 2588 ﬁne
2252 2542 2306 2588 et
2344 2544 2590 2589 connexa
2628 2534 2771 2588 serie
2802 2535 3148 2609 subjungitur
3188 2541 3272 2598 his
3302 2559 3426 2598 ver-

1852 2625 1957 2689 bis,
1997 2644 2014 2677 t
2054 2626 2303 2693 dirupisli
2340 2628 2552 2682 vincula
2581 2643 2719 2694 mea,
2753 2646 2771 2681 ι
2807 2640 2860 2685 et
2888 2632 2990 2689 his.
3036 2652 3053 2684 ι
3097 2635 3189 2691 tibi
3217 2640 3427 2694 sacriti-

1854 2717 1990 2771 cabo
2026 2718 2258 2773 hostiam
2286 2718 2499 2785 laudis;
2538 2738 2557 2772 ι
2607 2721 2736 2777 illud
2773 2738 2922 2789 vero,
2960 2741 2981 2775 ι
3019 2726 3271 2796 dirupisli
3308 2730 3429 2785 vin-

1852 2807 1971 2861 cula
2007 2822 2150 2874 mea,
2182 2827 2202 2861 ι
2249 2810 2505 2878 pretiosa:
2539 2810 2591 2865 in
2646 2825 2938 2884 conspectu
3000 2817 3212 2874 Domini
3260 2823 3425 2877 morti

1852 2899 2190 2955 subnectitur
2219 2916 2230 2949 :
2259 2902 2404 2972 quod
2434 2901 2635 2957 dicitur
2665 2906 2734 2959 ab
2762 2920 2828 2961 eo
2853 2909 2943 2978 qui
2982 2914 3225 2983 martyrii
3252 2915 3419 2971 Deum

1853 2992 2138 3062 glorificat,
2163 2993 2288 3063 quia
2320 3009 2418 3065 per
2446 2997 2765 3066 martyrium
2798 3001 3043 3069 pristina:
3073 3013 3422 3073 peccatorum

1854 3083 2196 3153 ejuscatente
2216 3100 2244 3137 a
2275 3085 2383 3140 Deo
2415 3084 2670 3156 disrupta:
2686 3100 2831 3156 sunt,
2861 3090 3025 3154 itaut
3054 3109 3162 3153 non
3192 3097 3426 3168 amplius

174 3173 384 3244 μηκέτι
413 3152 576 3229 αὐτὸν
604 3175 746 3247 ἔχειν
777 3176 1007 3248 δεσμοὺς
1036 3152 1341 3251 ’άμᾶῥτίαφ
1378 3184 1449 3235 Ἢ
1483 3185 1531 3237 εί
1566 3152 1748 3257 δεσμοί

1857 3172 2050 3227 habeat
2094 3174 2309 3229 vincula
2336 3178 2567 3246 peccati.
2611 3177 2703 3234 Vel
2736 3180 2781 3235 si
2823 3182 3019 3239 animae
3046 3183 3259 3241 vincula
3297 3198 3426 3245 sunt

165 3267 281 3337 τῆς
300 3268 476 3340 ψυχῆς
505 3271 553 3322 οἱ
598 3270 897 3340 σωματικοὶ
932 3270 1038 3324 τῶν
1068 3272 1341 3345 διαφόρων
1399 3275 1577 3346 μελῶν
1617 3278 1754 3332 εἰσιν

164 3358 357 3427 ὄγκοι,
391 3359 569 3423 καλῶς
595 3359 659 3414 ἂν
683 3361 778 3414 καὶ
798 3360 968 3426 οὕτως
997 3362 1205 3432 λέγοιτο
1231 3367 1288 3417 ὲν
1318 3367 1600 3439 μαρτυρίῳ
1622 3369 1755 3422 ἀπο-

163 3450 362 3515 λυθεὶς
392 3452 498 3505 τῶν
530 3452 744 3523 δεσμῶν
772 3454 828 3507 ὲν
881 3456 1074 3529 εἰρήνῃ
1101 3450 1236 3509 εἶναι
1260 3496 1274 3521 ,
1328 3458 1541 3524 οὐδενὸς
1585 3461 1617 3531 ἢ
1659 3461 1754 3514 τοῦ

164 3542 321 3597 Θεοῦ
352 3543 741 3615 διαρῤήξαντος
802 3544 1018 3609 αὐτούς.
1063 3546 1136 3599 Οὐ
1170 3547 1277 3619 γὰρ
1309 3549 1403 3602 καὶ
1444 3550 1552 3606 τῶν
1579 3552 1645 3605 δι’
1689 3555 1755 3625 ἢν

1856 3265 2163 3334 corporalia
2189 3266 2526 3323 diversorum
2575 3271 2940 3327 membrorum
2968 3288 3159 3345 onera,
3194 3279 3423 3347 pulchre

1853 3356 2016 3411 etiam
2048 3357 2151 3413 hoc
2197 3360 2357 3415 modo
2382 3360 2486 3415 dici
2524 3362 2771 3429 possitin
2820 3367 3082 3435 martyrio
3109 3382 3141 3424 a
3192 3371 3423 3429 vinculis

1855 3449 2131 3505 absolutus
2165 3451 2215 3504 in
2265 3467 2398 3520 pace
2429 3452 2715 3520 exsistere,
2756 3471 2876 3510 cum
2912 3458 3092 3515 nullus
3135 3462 3236 3517 nisi
3284 3464 3425 3521 Deus

1854 3556 1917 3596 ea
1950 3542 2262 3613 disruperit.
2293 3542 2409 3598 Non
2436 3545 2580 3598 enim
2605 3560 2790 3601 eorum
2822 3550 2913 3617 qui
2948 3564 3327 3625 quamcunque
3356 3559 3427 3613 ob

1856 3650 2076 3689 causam
2097 3634 2364 3690 violenter
2385 3651 2413 3690 a
2441 3652 2669 3707 corpore
2698 3638 3017 3709 liberantur,
3044 3644 3186 3704 Deus
3213 3648 3427 3705 vincula

1856 3726 2165 3796 disrumpit.
2190 3728 2498 3797 Aliquando
2516 3729 2769 3786 nimirum
2788 3732 3020 3803 aliquem
3055 3739 3257 3795 occidit
3288 3721 3429 3798 Deus

1857 3834 1956 3874 nec
2009 3831 2296 3891 propterea
2329 3816 2619 3895 disrumpit
2652 3826 2769 3896 ejus
2823 3828 3073 3897 vincula;
3133 3842 3427 3905 martyrem

1858 3926 1988 3967 vero
2015 3928 2120 3967 non
2142 3912 2357 3975 occidit.
2375 3916 2467 3970 sed
2489 3917 2861 3973 tantummodo
2888 3917 3004 3987 ejus
3031 3920 3240 3976 vincula
3265 3920 3428 3997 792

1859 4005 2396 4074 disrumpit.Etenim
2422 4022 2519 4078 per
2544 4011 2864 4081 martyrium
2890 4014 3262 4085 unusquisque
3291 4033 3433 4073 mar-

1861 4104 2038 4165 tyrum
2086 4097 2442 4167 semetipsum
2494 4098 2649 4156 oll‘ert
2721 4102 2957 4158 hostiam
3022 4105 3431 4164 immaculatam

160 3636 383 3707 δήποτε
411 3635 588 3689 αἰτίαν
613 3634 1100 3708 ἀπαλλαττομένων
1138 3639 1231 3693 τοῦ
1275 3640 1524 3712 σώματος
1570 3643 1756 3714 βιαίως

158 3730 197 3783 ὁ
225 3727 364 3791 Θεὸς
389 3728 745 3800 διαρρήγνυσι
767 3728 892 3791 τοὺς
917 3728 1170 3800 δεσμούς.
1204 3732 1340 3785 Ποτὲ
1368 3735 1465 3804 μὲν
1486 3730 1578 3790 οὖν
1618 3737 1755 3790 ἀπο-

160 3819 383 3875 κτείνει
410 3820 438 3872 ὁ
467 3818 618 3883 Θεὸς,
641 3820 700 3873 οὐ
733 3819 1064 3891 διαῤῥηγνὺς
1095 3821 1259 3875 αὐτοῦ
1315 3825 1439 3888 τοὺς
1484 3825 1713 3897 δεσμούς
1739 3842 1752 3856 ·

157 3912 276 3966 τὸν
317 3912 372 3966 δὲ
432 3911 681 3983 μάρτυρα
732 3912 833 3965 οὐκ
877 3913 1236 3977 ἀποκτείνει,
1295 3915 1453 3986 μόνον
1516 3917 1573 3970 δὲ
1629 3918 1758 3982 τοὺς

153 4006 412 4076 δεσμοὺς
431 4003 594 4058 αὑτοῦ
619 4004 993 4076 διαρῤήγνυσι.
1026 4007 1136 4059 Καὶ
1170 4007 1277 4079 γὰρ
1322 4007 1410 4061 διά
1436 4009 1497 4062 τὸ
1554 4011 1759 4084 μαρτύ-

162 4114 301 4170 ριον
328 4100 354 4151 ὁ
384 4097 609 4159 ἕκαστος
640 4096 928 4168 μαρτυρῶν
970 4098 1157 4151 ἑαυτὸν
1186 4099 1484 4171 προσφέρει
1526 4100 1759 4172 ἄμωμον

158 4190 377 4243 θυσίαν
417 4186 495 4259 τῷ
524 4187 661 4259 Θεῷ,
694 4189 925 4257 Χριστὸν
962 4189 1291 4260 μιμούμενος
1314 4207 1327 4220 ·
1384 4190 1529 4259 λέγει
1579 4207 1641 4243 τε
1672 4191 1748 4254 τὸ,

1859 4183 1989 4250 Deo,
2039 4185 2316 4242 Christum
2372 4190 2652 4259 imitando,
2687 4194 2927 4271 dicitque
2958 4212 2972 4249 :
3015 4216 3034 4249 ι
3072 4197 3192 4254 Tibi
3220 4202 3433 4256 sacriﬁ-

162 4304 185 4334 α
234 4284 331 4335 Σοὶ
364 4281 510 4335 θύσω
542 4280 733 4335 θυσίαν
760 4281 1036 4346 αἰνέσεως.
1070 4302 1089 4334 ›
1146 4284 1233 4336 Ἐν
1269 4283 1625 4355 Ἰερουσαλὴμ
1649 4284 1748 4356 γὰρ

1860 4276 1993 4332 cabo
2032 4278 2263 4333 hostiam
2313 4280 2509 4338 laudis.
2545 4301 2564 4334 ι
2597 4283 2651 4337 In
2685 4283 2986 4342 Jerusalem
3014 4289 3158 4343 enim
3200 4291 3429 4358 caelesti,

154 4374 510 4445 ἐπουρανίῳ,
532 4376 598 4445 τῇ
620 4374 731 4428 ἅνω
768 4374 935 4444 μητρὶ
964 4374 1141 4446 ἡμῶν,
1176 4375 1445 4429 ἀποδώσει
1492 4378 1520 4430 ὁ
1550 4377 1748 4440 δίκαιος

1860 4383 2097 4438 superna
2144 4380 2317 4427 matre
2346 4382 2555 4437 nostra,
2589 4376 2779 4430 reddet
2820 4376 3004 4446 justus
3038 4388 3163 4433 vota
3203 4379 3431 4437 Domino

154 4468 282 4531 τὰς
315 4468 476 4537 εὐχὰς
496 4467 573 4537 τῷ
605 4469 793 4538 Κυρίῳ
822 4469 913 4521 ἐπὶ
949 4468 1149 4531 παντὸς
1176 4467 1451 4541 μάρτυρος
1478 4469 1572 4522 τοῦ
1628 4468 1748 4523 λαοῦ

1862 4473 2023 4529 super
2059 4462 2204 4516 omni
2235 4470 2469 4533 martyre
2501 4464 2677 4533 populi
2713 4465 2837 4531 Dei,
2876 4475 2929 4520 et
2949 4468 3335 4540 Hierosolyma:
3376 4472 3433 4526 in

151 4558 277 4616 τοῦ
309 4559 441 4613 Θεοῦ
483 4560 577 4613 καὶ
609 4560 707 4630 τῆς
759 4559 1126 4631 Ἰερουσαλὴμ,
1173 4561 1231 4613 ὲν
1270 4561 1420 4630 τόπῳ
1470 4561 1708 4632 ἐκλεκτῴ
1733 4573 1748 4595 σ

1862 4552 1981 4607 loco
2012 4554 2222 4619 electo;
2262 4556 2347 4609 hic
2377 4564 2554 4609 autem
2587 4566 2673 4612 est
2707 4576 2725 4609 α
2757 4558 2809 4612 in
2836 4560 2990 4616 atriis
3028 4561 3218 4621 domus
3250 4563 3433 4618 Domi-

151 4652 339 4718 οὗτος
366 4655 422 4708 δέ
447 4657 592 4708 ἐστιν
629 4672 646 4705 ι
684 4654 743 4708 ὲν
765 4652 954 4715 αὐλαῖς
972 4651 1120 4704 οίκου
1152 4652 1359 4723 Κυρίου
1394 4654 1451 4705 ὲν
1484 4653 1631 4724 μέσῳ
1654 4653 1748 4724 τῆς

1862 4642 1941 4711 ni,
1975 4643 2027 4699 in
2062 4645 2240 4699 medio
2269 4644 2594 4703 Jerusalem.
2620 4666 2639 4699 ι

160 4748 496 4822 Ἱερουσαλή
506 4766 561 4818 μ.
599 4765 617 4798 ι

259 4842 371 4897 Τοῦ
410 4839 613 4897 αὑτοῦ.
658 4856 676 4891 t
707 4836 1006 4910 Διέῤῥηξας
1031 4836 1154 4899 τοὺς
1175 4834 1405 4908 δεσμούς
1434 4853 1554 4908 μου.
1593 4854 1611 4887 ι
1641 4836 1755 4890 Οὐκ

151 4934 355 4997 εἶπεν,
383 4934 613 4997 ἔλυσας,
659 4932 792 4984 ἀλλά
841 4950 859 4982 ι
898 4929 1207 5001 διέῤῥηξας,
1258 4948 1276 4981 ι
1329 4931 1403 4993 ὡς
1450 4930 1757 5002 ἀχρήστους

148 5027 455 5102 γενέσθαι.
491 5025 733 5096 Δεσμους
757 5022 989 5078 ἐνταῦθα
1012 5022 1110 5086 τὰς
1142 5021 1345 5091 θλίψεις
1403 5022 1568 5091 λέγει,
1600 5023 1756 5075 Ἔστι

152 5124 294 5195 γὰρ
327 5121 423 5174 καὶ
473 5118 669 5189 δεσμὸς
719 5114 901 5179 καλὸς,
960 5113 1035 5179 ὡς
1082 5115 1207 5168 ὅταν
1256 5113 1421 5188 λέγῃο
1485 5135 1501 5166 ι
1550 5114 1636 5168 Ἐν
1680 5111 1760 5184 τῷ

155 5214 469 5285 συνδέσμῳ
496 5213 592 5283 τῆς
617 5209 854 5279 ἀγάπης.
897 5227 916 5259 ι
953 5207 1151 5279 Δεσμοὶ
1173 5207 1229 5261 δὲ
1256 5206 1350 5261 καὶ
1380 5207 1435 5261 αἱ
1469 5206 1761 5278 προσγινό-

1858 4870 1859 4873 η
1934 4836 2210 4907 Ejusdem.
2255 4853 2274 4887 ι
2317 4834 2573 4903 Dirupisti
2613 4834 2825 4890 vincula
2869 4850 3009 4889 mea.
3053 4855 3071 4887 ι
3101 4835 3217 4894 Νοη
3243 4837 3431 4895 dixit:

1864 4928 2102 4995 solvisti,
2134 4927 2226 4982 sed
2255 4944 2274 4979 (
2315 4927 2591 4996 dirupisli,
2628 4945 2647 4980 ι
2681 4927 2751 4981 ita
2792 4937 2853 4983 ut
2880 4928 3089 4983 inutilia
3124 4928 3265 4983 facta
3298 4931 3433 4990 sint.

1865 5021 2093 5076 Vincula
2145 5022 2249 5075 hoc
2303 5019 2420 5076 loco
2476 5020 2853 5075 tribulationes
2916 5030 3096 5075 vocat.
3154 5021 3247 5075 Est
3284 5023 3430 5077 enim

1861 5114 2023 5169 etiam
2050 5113 2321 5167 vinculum
2353 5114 2576 5177 bonum,
2607 5122 2665 5167 ut
2692 5128 2815 5167 cum
2855 5113 2987 5168 dicit
3020 5130 3034 5165 :
3072 5130 3089 5163 t
3131 5108 3185 5165 In
3214 5112 3435 5167 vinculo

1861 5208 2145 5264 charitatis
2172 5208 2210 5262 ¹.
2253 5225 2273 5260 t
2307 5205 2536 5262 Vincula
2569 5216 2697 5262 sunt
2743 5208 2905 5261 etiam
2948 5213 3294 5275 peccatorum
3343 5221 3435 5260 ca-

1864 5308 2000 5353 lente
2036 5315 2048 5352 :
2079 5313 2196 5367 qua:
2220 5297 2435 5365 quidem
2471 5295 2683 5351 vincula
2718 5310 2824 5349 non
2858 5298 3029 5348 solum
3064 5310 3162 5365 per
3185 5294 3431 5349 divinum

1860 5391 2147 5460 baptisma,
2176 5390 2271 5444 sed
2299 5398 2355 5444 et
2389 5403 2486 5458 per
2516 5388 2832 5460 martyrium
2856 5402 2951 5457 pro
2980 5386 3194 5443 Christo
3226 5387 3431 5444 obitum

1863 5493 1916 5540 et
1955 5500 2049 5556 per
2072 5482 2407 5555 pmuitentiae’
2433 5481 2695 5554 lacrymas
2725 5479 3151 5550 disrumpuntur.

160 5326 346 5381 μεναι
378 5307 554 5371 σειραὶ
580 5303 687 5356 τῶν
724 5299 1168 5373 ἁμαρτημάτων·
1204 5300 1397 5363 οἵτινες
1426 5299 1484 5351 οὐ
1533 5298 1622 5351 διὰ
1665 5296 1759 5351 τοῦ

156 5402 335 5458 Θείου
370 5398 527 5470 μόνον
578 5395 951 5466 βαπτίσματος
1009 5393 1446 5466 διαρῤήσσονται,
1497 5392 1632 5447 ἀλλά
1665 5392 1761 5447 καὶ

152 5493 276 5551 διὰ
298 5493 393 5545 τοῦ
415 5490 555 5561 ὑπὲρ
581 5488 816 5561 Χριστοῦ
853 5487 1173 5558 μαρτυρίου,
1222 5487 1315 5540 καὶ
1368 5485 1454 5539 διὰ
1506 5485 1755 5558 δακρύων

152 5584 293 5641 τῶν
322 5586 385 5637 ὲκ
416 5581 723 5653 μετανοίας.

267 5783 405 5839 'Ose.
433 5795 508 5847 xv,
539 5777 595 5835 4.

206 5876 209 5879 ’
468 5881 733 5941 ΡΑτηοῐι.
781 5879 898 5941 Gn.
949 5877 1088 5939 ΧΗ.
3045 5870 3124 5933 50
