3914 6374
1868 239 1956 295 EX
1996 239 2294 299 ORIGENE

965 355 1283 414 PSALMUS
1319 356 1521 414 CXVII.

2681 369 2972 424 ΨᾹΛΜΟΣ
3011 372 3154 426 Ρ1Ζ’.

542 458 706 514 νκιιε.
760 457 815 512 2.
861 456 1013 510 Dicat
1062 471 1198 509 nunc
1245 456 1432 509 domus
1483 453 1676 522 Israel,
1720 465 1828 510 etc.
1875 455 2006 511 Illud

2204 458 2438 512 Είπάτω
2466 459 2542 528 δὴ
2569 458 2733 526 οἶκος
2773 464 3031 531 Ἰσραὴλ,
3063 483 3115 518 κ.
3150 483 3194 518 τ,
3233 467 3279 520 ὲ.
3323 469 3394 520 Τὸ
3420 509 3432 530 ,
3467 490 3483 521 ι
3519 474 3659 533 Elui-

474 568 494 601 ι
531 549 683 605 Dicat
717 562 860 603 nunc
891 547 1076 610 Israel,
1121 563 1138 597 ι
1171 556 1226 601 et
1254 546 1305 600 in
1337 546 1438 602 hoc
1462 545 1667 616 psalmo
1701 548 1901 602 dictum
1950 562 2008 602 es

2134 567 2211 602 τω
2238 550 2300 621 δὴ
2348 552 2584 623 Ἰσραὴλ,
2625 573 2643 606 ι
2681 555 2738 606 έν
2761 554 2936 625 τούτῳ
2978 558 3212 627 εἴρηται,
3245 559 3339 612 καὶ
3369 561 3535 632 ἐντῷ·
3564 587 3580 618 ι
3609 570 3656 621 Et

389 651 402 664 ‘
465 650 522 696 et
562 640 616 695 in
650 641 822 694 altero
862 655 924 692 τι
951 637 1065 694 Nisi
1112 637 1237 708 quia
1280 637 1537 693 Dominus
1576 648 1696 693 erat
1746 637 1800 692 in
1853 639 2007 692 nobis

2138 641 2211 712 μὴ
2232 642 2313 694 ὅτι
2344 642 2546 714 Κύριος
2578 639 2645 715 ἦν
2673 646 2730 698 ὲν
2753 648 2906 715 ἡμῖν,
2933 649 3140 702 εἰπάτω
3173 649 3236 721 δὴ
3273 651 3499 724 Ἰσραὴλ,
3529 676 3546 708 ι
3568 659 3658 713 ὄντι

466 734 616 789 dicat
647 747 790 787 nunc
812 729 1023 786 Israel:
1064 749 1083 782 ι
1121 730 1209 799 qui
1243 738 1324 785 est
1362 729 1694 784 centesimus
1740 730 2009 784 vicesimus

2138 741 2287 804 pxg’,
2315 734 2428 787 ὄντι
2457 735 2566 788 τῶν
2602 737 2932 809 ἀναϐαθμῶν
2963 746 3002 792 ε’
3024 757 3037 770 ο
3073 742 3166 795 καὶ
3192 743 3249 796 ὲν
3280 745 3358 813 τῷ
3393 754 3522 818 ρκη’,
3570 751 3658 806 tm,

463 832 653 879 settus
694 831 746 877 et
781 820 1114 892 gradualium
1161 819 1382 889 quintus
1416 835 1428 871 :
1473 819 1599 874 item
1634 819 1684 872 in
1733 821 2009 875 centesimt

2132 825 2236 878 τῶν
2258 826 2587 898 ἀναϐαθμῶν
2625 829 2686 881 ι’⁶
2734 825 2794 884 οὗ
2822 833 2856 901 ἡ
2885 831 3025 903 ἀρχή
3047 849 3062 864 ⁸
3116 852 3135 884 ι
3169 835 3458 902 Πλεονέικις
3504 841 3658 897 ἐπολέ-

465 914 721 970 vicesimo
759 925 975 978 octavo,
1009 913 1096 981 qui
1143 920 1225 966 cst
1253 911 1589 983 gradualium
1623 912 1899 977 decimus,
1935 927 2009 968 cui

2135 918 2314 986 μησὰν
2352 934 2440 988 με,
2472 919 2680 972 είπάτω
2709 920 2772 992 δὴ
2815 921 3050 994 Ἰσραήλ.
3074 943 3093 976 ›

459 1009 550 1077 jus
599 1007 926 1078 principium
974 1017 1079 1072 est,
1134 1023 1156 1059 ι
1207 1006 1360 1074 διιιρο
1409 1014 1857 1075 expugnaverunt
1918 1020 2028 1073 me,

463 1101 608 1155 dicat
641 1116 785 1155 nunc
813 1099 1000 1155 lsrael.
1043 1118 1063 1152 ι
1189 1093 1192 1097 ’
1516 1098 1542 1110 ‘

535 1192 696 1250 Vns.
718 1194 774 1250 5.
808 1194 956 1248 Dicat
988 1209 1123 1246 nunc
1149 1193 1334 1246 domus
1371 1192 1586 1257 Aaron,
1615 1200 1718 1246 etc.
1753 1191 1865 1247 Nisi
1906 1192 2029 1262 quis

462 1284 626 1340 fuerit
657 1284 847 1350 Israel,
883 1283 969 1338 vel
999 1285 1189 1338 domus
1228 1282 1436 1347 Aaron,
1466 1283 1549 1336 vel
1597 1285 1794 1340 timens
1845 1284 2029 1340 Domi-

460 1391 611 1442 num,
663 1390 767 1430 non
817 1383 999 1443 gustat
1051 1375 1443 1444 benignitatem
1496 1374 1746 1441 Domini,
1784 1377 1938 1445 cujus
1970 1377 2009 1432 ir

2129 1361 2188 1412 ού
2217 1361 2434 1428 γεύεται
2461 1363 2556 1434 τῆς
2585 1367 2951 1438 χρηστότητος
2984 1370 3210 1441 Κυρίου,
3233 1369 3292 1427 οὗ
3325 1378 3404 1438 εἰς
3436 1378 3586 1430 αίῶνα
3613 1382 3659 1431 τὸ

459 1466 714 1522 sreculum
766 1465 1138 1522 misericordia
1190 1473 1290 1520 est.
1328 1463 1668 1534 Quapropter
1704 1468 1780 1522 illi
1812 1468 1910 1523 soli
1946 1468 2009 1524 di-

2128 1453 2274 1516 ἔλεός
2296 1455 2427 1508 ἐστι.
2463 1455 2550 1508 Διὸ
2576 1449 2722 1510 οὗτοι
2749 1459 2899 1528 μόνοι
2921 1461 3100 1531 ἐροῦσι
3135 1464 3214 1531 τὸ,
3247 1483 3268 1516 ι
3300 1467 3395 1530 Εἰς
3419 1469 3502 1521 τὸν
3521 1471 3660 1525 αἰῶνι

456 1570 610 1614 cent:
653 1579 671 1611 ι
691 1560 746 1613 1η
768 1559 1020 1614 smculum
1041 1557 1404 1613 misericordia
1428 1557 1595 1627 ejus.»
1619 1558 1822 1625 Quibus
1856 1561 2009 1616 tribu:

2125 1543 2186 1595 τὸ
2209 1544 2356 1609 ἔλεος
2397 1547 2580 1601 αὑτοῦ.
2631 1567 2650 1600 ι
2707 1545 2801 1612 Οίς
2861 1545 3013 1621 οἶμαι
3067 1555 3243 1622 τρισὶν
3288 1552 3408 1610 οὖσι
3458 1560 3659 1631 τάγμασι

456 1652 740 1706 ordinibus
767 1651 1020 1706 existimo
1039 1665 1156 1705 esse
1173 1660 1284 1703 tres
1300 1649 1703 1704 misericordias
1719 1654 2009 1722 generales.

2125 1637 2271 1706 τρεῖς
2308 1633 2445 1690 εἶναι
2479 1639 2724 1704 γενικοὺς
2748 1639 2949 1702 ἐλέους.
2986 1642 3135 1696 Ἐιτεὶ
3173 1644 3228 1697 δὲ
3259 1640 3408 1711 οίκός
3449 1651 3550 1703 ἐστι
3590 1653 3661 1705 σύ-

453 1745 585 1798 Cum
605 1754 785 1800 autem
817 1745 1007 1798 domus
1033 1743 1104 1797 sit
1133 1743 1484 1812 congregatio
1512 1743 1746 1813 legitime
1764 1746 1830 1798 ad
1859 1745 2009 1798 vitant

2127 1744 2305 1798 στημα
2333 1729 2576 1800 νομίμως
2607 1731 2889 1802 ἱδρυμένον
2919 1735 3054 1803 πρὸς
3081 1735 3224 1804 βίον,
3253 1737 3342 1792 διὰ
3393 1741 3539 1794 τοῦτο
3584 1743 3659 1796 νῦν

454 1838 714 1902 stabilita,
746 1839 945 1893 idcirco
982 1852 1124 1892 nunc
1160 1836 1271 1891 haec
1305 1852 1404 1890 vox
1437 1853 1454 1888 ι
1491 1836 1687 1891 domus
1729 1855 1747 1888 ι
1783 1837 1835 1892 in
1865 1839 2009 1894 domt

2130 1839 2149 1873 ι
2190 1822 2218 1873 6
2237 1819 2382 1884 οἶκος
2413 1841 2431 1872 ι
2469 1823 2561 1875 ἐπὶ
2583 1822 2675 1876 τοῦ
2701 1825 2849 1876 οἴκου
2882 1825 3088 1897 ’Δαρὼν
3115 1830 3391 1886 τέτακται.
3430 1835 3530 1887 Καὶ
3558 1837 3660 1888 σκύ-

470 243 606 301 ιδτθ
1868 243 1956 295 Ex
1996 243 2294 299 ORIGENE
3549 266 3658 321 1530

2202 1177 2436 1232 Εὶπάτω
2462 1178 2537 1269 δὴ
2565 1181 2730 1248 οἷκος
2767 1184 3003 1253 Ἀαρὼν,
3037 1203 3090 1240 κ.
3124 1205 3172 1240 τ.
3197 1189 3241 1240 ὲ.
3282 1189 3404 1243 Ἐὰν
3435 1194 3500 1261 μή
3528 1211 3596 1257 τις

2143 1269 2375 1340 Ἰσραὴλ,
2403 1271 2434 1342 ἢ
2460 1267 2605 1336 οἶκος
2657 1273 2747 1326 ’Λα
2758 1274 2864 1344 ρὼν
2885 1316 2898 1338 ,
2930 1278 2962 1348 ἢ
2995 1278 3324 1350 φοϐούμενος
3357 1285 3445 1338 τὸν
3468 1267 3656 1357 Κύριον,

454 1933 634 1986 Aaron
667 1932 836 2002 posita
856 1939 955 1985 est.
989 1930 1053 1984 Et
1082 1930 1202 1984 vide
1220 1945 1343 1984 num
1363 1929 1534 1998 possit
1568 1929 1828 1999 templum
1858 1931 2020 1986 etiam

452 2039 574 2080 esse
605 2027 798 2078 domus
833 2026 1031 2086 Aaron,
1060 2022 1150 2076 ubi
1185 2022 1500 2076 sacerdotes
1549 2020 1642 2075 Dei
1690 2022 1894 2076 cultum
1930 2023 2020 2076 ad-

453 2117 780 2172 ministrant.
823 2115 1083 2170 Seorsum
1117 2114 1280 2186 igitur
1311 2117 1626 2172 sacerdotes
1679 2115 1746 2170 ad
1792 2116 2021 2186 hymno-

451 2211 595 2265 diam
629 2209 903 2275 invitavit,
927 2223 992 2264 eo
1022 2210 1166 2279 quod
1199 2210 1298 2278 ipsi
1329 2225 1548 2282 quoque
1588 2212 1846 2280 majorem
1896 2221 2021 2266 sunt

453 2300 709 2354 honorem
743 2299 1050 2362 consecuti,
1101 2314 1205 2353 non
1250 2297 1421 2353 solum
1457 2301 1669 2356 ratione
1705 2301 2016 2369 sacerdotii,

446 2403 636 2445 verum
661 2390 822 2445 etiam
841 2391 1020 2460 quoad
1043 2389 1145 2444 alia
1171 2392 1370 2446 omnia.
1403 2392 1613 2448 Etenim
1643 2394 1858 2463 quando
1883 2395 2019 2465 ignis

447 2480 715 2536 demissus
745 2490 850 2544 est,
895 2490 1116 2551 propter
1145 2496 1255 2536 eost
1283 2483 1550 2539 demissus
1603 2495 1706 2548 est,
1763 2494 2019 2554 terraque

446 2580 592 2626 mota
641 2578 746 2634 est,
795 2579 848 2624 et
897 2571 1046 2642 virga
1103 2572 1454 2636 germinavit,
1489 2588 1553 2628 ac
1601 2575 1743 2630 mille
1778 2575 1880 2628 alia
1923 2590 2019 2646 per

447 2664 591 2732 ipsos
611 2674 666 2718 et
696 2678 795 2733 pro
825 2664 957 2732 ipsis
984 2664 1241 2719 miracula
1274 2666 1642 2736 contigerunt.

516 2755 683 2808 Vnus.
712 2755 766 2808 4.
797 2756 986 2810 Dicant
1012 2774 1148 2810 nunc
1172 2774 1349 2812 omnes
1373 2760 1462 2828 qui
1490 2761 1670 2814 timent
1707 2759 2016 2829 Dominum,

443 2856 552 2902 etc.
592 2849 857 2918 Superius
891 2860 1106 2920 quoque
1136 2850 1376 2906 dicitur:
1412 2851 1577 2910 lsrael
1601 2855 1838 2923 speravit
1863 2857 2016 2911 invo-

445 2954 571 2996 care
626 2941 938 3004 Dominum,
988 2941 1186 2998 deinde
1215 2942 1407 2999 domus
1440 2945 1646 3013 Aaron,
1698 2946 1892 3002 deinde
1941 2946 2013 3001 illi

445 3032 536 3102 qui
597 3033 790 3087 timent
837 3033 1145 3088 Dominum.
1184 3035 1348 3106 Atqui
1387 3037 1664 3104 timentes,
1693 3049 1748 3094 et
1796 3039 2012 3094 domum
2040 3074 2083 3134 ο

442 3125 650 3189 Aaron,
677 3134 731 3180 et
755 3124 917 3180 lsrael
948 3141 1112 3181 unum
1147 3128 1276 3197 quid
1311 3137 1366 3184 et
1403 3129 1544 3185 idem
1577 3145 1697 3186 esse
1733 3131 1784 3186 in
1812 3145 2014 3200 praece-

444 3217 696 3273 dentibus
753 3233 968 3288 quoque
1021 3218 1280 3275 diximus.
1325 3219 1669 3291 Quapropter
1729 3237 2014 3276 commune

443 3309 716 3364 canticum
751 3309 894 3379 ipsos
942 3311 1188 3380 proferre
1233 3310 1395 3383 jussit
1453 3314 1542 3368 Dei
1585 3313 2011 3368 misericordiam

443 3397 838 3453 annuntiando.
897 3398 1268 3456 Misericordia
1353 3402 1498 3456 enim
1590 3403 1799 3458 Domini
1849 3419 2014 3472 super

441 3502 653 3545 omnem
683 3504 925 3558 carnem,
953 3499 1007 3546 et
1036 3507 1209 3563 neque
1242 3493 1586 3550 circumcisio
1610 3509 1783 3565 neque
1807 3508 2016 3566 praepu-

444 3581 577 3636 tium
618 3583 733 3637 sine
762 3583 1136 3638 misericordia
1171 3583 1370 3639 salvari
1418 3594 1613 3654 potest.

512 3673 673 3745 793
699 3673 856 3730 Vens.
885 3676 937 3730 5.
975 3675 1051 3729 De
1085 3676 1424 3731 tribulatione
1442 3679 1676 3732 invocavi
1701 3678 2009 3745 Dominum,

441 3769 548 3822 etc.
601 3766 702 3833 Qui
755 3778 1038 3837 angustam
1073 3777 1128 3821 et
1155 3779 1362 3822 arctam
1396 3768 1535 3823 viam
1585 3770 1905 3840 ingreditur,
1940 3771 2010 3826 de

446 3857 802 3914 tribulatione
827 3860 1039 3912 invocat
1078 3859 1392 3924 Dominum;
1425 3861 1515 3930 qui
1552 3876 1676 3915 vero
1706 3861 1888 3929 latam,
1944 3876 2010 3916 ne

438 3949 659 4020 quidem
703 3949 938 4004 invocat.
973 3969 990 4000 ι
1029 3949 1217 4005 Omnis
1253 3952 1401 4006 enim
1442 3954 1749 4024 quicunque
1792 3955 2010 4011 invoca-

440 4041 578 4096 verit
606 4055 800 4096 nomen
840 4041 1048 4097 Domini
1081 4044 1261 4098 salvus
1291 4045 1395 4098 erit
1419 4047 1460 4097 ¹.
1497 4065 1516 4098 ο

512 4129 672 4187 νεκε.
708 4131 762 4186 ϐ.
803 4131 926 4185 Non
959 4133 1150 4186 timebo
1177 4135 1301 4202 quid
1332 4133 1497 4203 faciat
1529 4138 1655 4190 mihi
1689 4138 1865 4202 homo,
1898 4149 2002 4194 etc.

438 4223 721 4280 Hominem
755 4232 912 4279 vocat
944 4223 1231 4293 Scriptura
1289 4224 1586 4292 diabolum,
1617 4226 1771 4296 juxta
1823 4228 1950 4283 illud
1987 4243 2003 4283 :

439 4337 456 4370 ι
495 4317 752 4374 Inimicus
784 4318 945 4372 homo
978 4316 1080 4372 boc
1128 4315 1322 4384 lecit',
1358 4336 1377 4370 ι
1426 4333 1618 4390 nempe
1669 4320 2003 4377 zizaniorum

432 4421 750 4467 sementem.

502 4503 664 4559 Vens.
708 4503 795 4559 10.
827 4503 1019 4559 Omnes
1058 4515 1232 4574 gentes
1265 4505 1584 4560 circuierunl
1618 4523 1721 4571 me,
1752 4514 1799 4560 et
1826 4506 1876 4558 in
1906 4523 2001 4559 no-

432 4597 571 4651 mine
621 4595 834 4649 Domini
877 4595 1019 4649 ultus
1045 4612 1159 4650 sunt
1190 4596 1243 4650 in
1293 4614 1404 4662 eos,
1461 4607 1568 4652 etc.
1599 4597 1881 4653 Daemones
1906 4596 1997 4651 alii

430 4691 607 4770 ipsum
649 4699 706 4744 ut
740 4689 966 4754 actioni,
1011 4689 1100 4744 alii
1149 4700 1208 4744 ut
1256 4692 1702 4760 contemplationi
1750 4690 1996 4746 deditum

429 4783 847 4852 impugnabant;
882 4791 934 4836 et
965 4782 1172 4853 priores
1196 4786 1410 4854 quidem
1433 4785 1670 4852 justitia,
1706 4783 1842 4840 alios
1867 4797 1997 4837 vero

425 4875 689 4945 sapientia
723 4875 1111 4929 ulciscebatur.

498 4963 773 5036 Ejusdem.
802 4965 1017 5022 Christo
1048 4971 1114 5020 ab
1139 4965 1388 5022 Omnibus
1419 4967 1671 5040 gentibus
1687 4976 1996 5037 Oppttgnalo

431 5060 602 5130 magis
647 5060 895 5131 congruit
949 5061 1061 5117 haec
1086 5063 1286 5117 dicere.
1323 5060 1484 5114 Multa
1522 5069 1652 5114 sunt
1684 5060 1994 5128 dogmatum

425 5168 623 5224 genera
651 5169 770 5223 qua:
808 5154 892 5208 vir
935 5163 1156 5209 sanctus
1195 5153 1464 5224 sapientia
1519 5153 1611 5208 Dei
1652 5152 1884 5224 repellit,
1939 5161 1996 5207 et

426 5243 593 5298 verbo
622 5256 755 5296 sano
785 5244 997 5300 avertit.

489 5331 655 5390 Vtilis.
700 5333 787 5391 l2.
848 5333 1317 5389 Circumdederunt
1367 5351 1449 5388 me
1501 5335 1638 5388 sicut
1683 5351 1828 5404 apes,
1882 5345 1988 5388 etc.

420 5422 708 5491 Quodlibet
750 5426 940 5495 dogma
972 5425 1252 5496 gentilium
1281 5425 1436 5481 dulce
1472 5427 1600 5495 quid
1635 5425 1817 5489 clilcit,
1849 5425 1990 5494 quod

419 5517 658 5572 suaviter
695 5517 858 5574 allicit
901 5528 955 5573 et
989 5519 1228 5575 oblectat
1267 5520 1596 5576 auditorem.
1647 5519 1991 5591 Quapropter

481 5693 503 5724 ³
537 5691 694 5751 Rom.
729 5712 784 5762 χ,
817 5697 901 5751 l5.
979 5698 1000 5730 ³
1027 5698 1217 5754 Matth.
1256 5699 1499 5768 xm,&8.

2126 1928 2214 1964 πει
2249 1915 2298 1965 εἱ
2329 1913 2552 1967 δύναται
2590 1915 2618 1965 6
2647 1914 2774 1977 ναὸς
2801 1910 2938 1968 εἶναι
2992 1915 3137 1983 οἶκος
3177 1921 3410 1994 Ἀαρὼν,
3460 1927 3581 1978 ὅπου
3624 1931 3661 1978 οἱ

2125 2003 2288 2074 ίερεῖς
2317 2005 2414 2073 τὴν
2440 2004 2692 2074 λατρείαν
2723 2006 3052 2062 ἐπιτελοῦσι.
3101 2013 3548 2086 Κεχωρισμένους
3589 2015 3662 2074 οὖν

2119 2097 2245 2160 τοὺς
2270 2099 2432 2167 ἱερεῖς
2465 2100 2546 2162 εἰς
2577 2101 2674 2171 τὴν
2703 2101 2973 2172 ὑμνῳδίαν
2995 2103 3198 2166 ἐκάλει,
3231 2107 3315 2160 ὅτι
3339 2110 3432 2161 καὶ
3457 2111 3664 2176 πλείονος

2121 2187 2400 2258 ἀπήλαυον
2430 2191 2584 2244 αὐτοὶ
2609 2193 2794 2262 τιμῆς,
2818 2193 2878 2246 οὐ
2917 2196 3076 2265 μόνον
3115 2197 3255 2249 κατὰ
3293 2198 3385 2252 τὸν
3420 2203 3514 2272 τῆς
3537 2204 3666 2276 ἱερωο

2124 2280 2286 2352 σύνης
2312 2281 2487 2350 λόγον,
2515 2283 2650 2337 ἀλλὰ
2681 2286 2773 2339 καὶ
2807 2287 2946 2340 κατὰ
2973 2288 3039 2341 τὰ
3064 2288 3196 2342 ἄλλα
3219 2290 3418 2345 πάντα.
3446 2297 3546 2348 Καὶ
3577 2296 3665 2367 γὰρ

2120 2374 2282 2444 ηνίκα
2310 2375 2420 2447 πῦρ
2453 2377 2777 2448 κατηνέχθη,
2809 2379 2875 2432 δι’
2899 2381 3094 2446 αὐτοὺς
3120 2386 3450 2457 κατηνέχθη,
3496 2391 3578 2441 καί
3607 2391 3662 2460 γῆ

2119 2467 2354 2538 ἐσείσθη,
2377 2470 2469 2522 καὶ
2503 2469 2694 2540 ῥάϐδος
2723 2471 3017 2542 ἐϐλάστησε
3039 2491 3052 2504 ·
3090 2475 3183 2528 καὶ
3206 2479 3380 2547 μυρία
3411 2480 3561 2550 ἔτερα
3587 2481 3662 2548 γέ-

2119 2573 2242 2624 γονε
2273 2557 2340 2610 δι’
2372 2558 2550 2610 αὐτῶν
2579 2562 2670 2613 καὶ
2701 2562 2837 2633 ὑπὲρ
2876 2563 3054 2617 αὐτῶν
3085 2565 3356 2638 Θαύματα,
3439 2555 3446 2563 ’

2190 2738 2547 2794 Είπάτωσαν
2589 2741 2666 2810 δὴ
2713 2743 2936 2811 πάντες
2962 2749 3016 2800 οι
3054 2749 3410 2818 φοϐούμενοι
3445 2751 3544 2803 τὸν
3569 2753 3663 2805 Κύ-

2110 2845 2265 2897 ριον,
2305 2847 2357 2883 κ.
2388 2847 2440 2882 τ.
2469 2831 2515 2883 ὲ.
2552 2833 2659 2885 Καὶ⁵
2680 2833 2936 2907 ἀνωτέρω
2964 2835 3179 2903 λέγεται
3207 2856 3220 2868 ·
3267 2840 3484 2912 Ἰσραὴλ
3531 2841 3664 2910 ἠλπι-

2120 2938 2210 2974 σεν
2238 2921 2615 2976 ἐπικαλεῖσθαι
2657 2923 2748 2976 τὸν
2804 2925 3037 2998 Κύριον’
3070 2923 3189 2982 εἶτα
3245 2924 3396 2995 οἶκος
3459 2930 3660 3002 Ἀαρὼν,

2118 3009 2238 3067 εἶτα
2271 3016 2319 3067 οἱ
2355 3015 2678 3086 φοϐούμενοι
2708 3017 2800 3070 τὸν
2856 3018 3080 3090 Κύριον,
3126 3022 3220 3074 καὶ
3264 3021 3321 3077 ἓν
3373 3001 3509 3079 εἶναι
3561 3027 3663 3088 τοὺς

2117 3107 2483 3178 φοϐουμένους
2513 3108 2602 3161 τὸν
2635 3109 2858 3181 Κύριον,
2897 3114 2991 3166 καὶ
3024 3113 3114 3166 τὸν
3149 3111 3292 3168 οἷκον
3331 3116 3543 3188 ’Δαρὼν
3589 3120 3663 3170 καὶ

2112 3198 2204 3252 τὸν
2250 3199 2463 3272 Ἰσραὴλ
2497 3201 2856 3272 προλαϐόντες
2900 3206 3231 3275 εἰρήκαμενο
3272 3207 3352 3261 διὸ
3389 3209 3564 3281 κοινὴν
3594 3213 3665 3264 av.)-

2113 3293 2239 3354 τοὺς
2270 3291 2411 3364 ᾠδὴν
2452 3293 2743 3365 προφέρειν
2769 3294 3017 3349 ἐκέλευσε
3067 3298 3158 3350 τὸν
3213 3299 3366 3352 ἔλεον
3407 3300 3500 3354 τοῦ
3549 3301 3661 3354 Θεοῦ

2113 3385 2600 3453 καταγγέλλοντας.
2661 3388 2846 3452 Ἔλεος
2902 3389 3011 3458 γὰρ
3057 3390 3261 3462 Κυρίου
3316 3394 3460 3464 ὑπὲρ
3511 3395 3664 3447 πᾶσαν

2114 3476 2315 3547 σάρκα,
2342 3477 2436 3530 καὶ
2478 3476 2602 3530 οὒτε
2645 3481 2932 3552 περιτομὴ,
2960 3480 3083 3535 οὔτε
3131 3484 3470 3554 ἀκροϐυστία
3522 3486 3664 3556 χωρὶς

2113 3571 2295 3634 ὲλέους
2328 3572 2564 3644 σωθῆναι
2589 3573 2832 3629 δύναται.

2194 3665 2288 3719 Ἐκ
2309 3668 2568 3735 θλίψεως
2587 3669 3048 3740 ἐπεκαλεσάμην
3075 3671 3182 3724 τὸν
3214 3673 3454 3740 Κύριον,
3480 3691 3530 3726 κ.
3552 3690 3596 3726 τ.
3623 3673 3660 3725 ἑ.

2123 3758 2179 3810 '0
2205 3757 2300 3830 τὴν
2330 3760 2520 3829 στενὴν
2562 3761 2655 3814 καὶ
2691 3761 3056 3834 τεθλιμμένην
3095 3763 3292 3816 ὁδεύων
3355 3767 3422 3818 ὲκ
3459 3765 3663 3836 θλίψεως

2109 3851 2450 3906 ἐπικαλεῖται
2472 3852 2563 3906 τὸν
2591 3853 2793 3924 Κύριον
2818 3871 2831 3885 ·
2870 3857 2899 3908 6
2922 3855 2977 3908 δὲ
3008 3855 3104 3926 τὴν
3135 3854 3394 3912 πλατεῖαν
3419 3859 3536 3912 οὐδὲ
3559 3862 3662 3910 sm-

2108 3943 2367 3998 καλεῖται.
2402 3964 2418 3995 ι
2451 3947 2563 4009 Πᾶς
2582 3946 2690 4018 γὰρ
2721 3947 2780 4010 ὃς
2844 3947 2910 4001 ἂν
2961 3948 3351 4020 ἐπικαλέσηται
3401 3952 3462 4004 τὸ
3517 3951 3664 4021 ὄνομα

2107 4038 2314 4107 Κυρίου
2357 4037 2684 4108 σωθήσεται.
2729 4057 2749 4092 ι

2179 4133 2261 4184 Οὐ
2319 4131 2729 4201 φοϐηθήσομαι
2783 4133 2838 4186 τί
2883 4133 3122 4200 ποιήσει
3172 4153 3275 4204 μοι
3329 4136 3661 4205 ἄνθρωπος,

2107 4240 2160 4276 κ.
2185 4239 2237 4276 τ.
2265 4225 2310 4277 ὲ.
2353 4223 2673 4296 ’Ἄνθρωπον
2697 4224 2896 4296 λέγειή
2929 4226 3118 4297 Γραφὴ
3159 4227 3250 4280 τὸν
3299 4228 3566 4292 διάϐολον,
3599 4229 3660 4292 ib;

2103 4313 2185 4376 τὸ,
2221 4333 2239 4365 ι
2293 4315 2515 4386 Ἐχθρὸς
2548 4315 2830 4388 ἄνθρωπος
2881 4317 3036 4371 τοῦτο
3066 4319 3314 4390 ὲποίησε’
3354 4339 3376 4372 ι
3439 4321 3535 4386 τὴν
3570 4321 3659 4374 τῶν

2033 4425 2076 4480 ι)
2105 4403 2358 4470 ζιζανίων
2386 4409 2609 4479 σποράν.

2173 4499 2373 4553 Πάντα
2405 4501 2476 4553 τὰ
2507 4503 2648 4569 ἔθνη
2676 4503 3031 4557 ἐκύκλωσάν
3054 4520 3131 4572 με
3148 4544 3162 4566 ,
3189 4505 3286 4559 καί
3324 4505 3411 4574 τῷ
3439 4507 3658 4577 ὀνόματι

2109 4594 2329 4659 Κυρίου
2355 4592 2672 4662 ἠμυνάμην
2718 4595 2962 4661 αὐτοὺς,
2997 4612 3050 4648 κ.
3076 4612 3124 4650 τ.
3145 4597 3190 4648 ἑ.
3229 4595 3351 4650 Τῶν
3415 4597 3662 4670 δαιμόνων

2106 4688 2154 4738 οἱ
2187 4685 2285 4756 μὲν
2306 4685 2380 4748 ὡς
2409 4687 2728 4756 πρακτικὸν,
2758 4689 2805 4740 oi
2837 4687 2891 4740 δὲ
2920 4687 2996 4752 ὡς
3024 4688 3354 4758 Θεωρητικδν
3381 4691 3658 4762 ἐπολέμουν

2105 4779 2264 4832 αὐτόν
2283 4796 2296 4808 ⁸
2335 4779 2428 4832 καὶ
2459 4781 2586 4844 τοὺς
2617 4781 2715 4851 μὲν
2747 4781 3050 4854 προτέρους
3077 4785 3143 4854 τῇ
3173 4782 3492 4856 δικαιοσύνῃ
3512 4825 3525 4848 ,
3553 4787 3659 4846 τοὺς

2102 4871 2160 4925 δὲ
2186 4871 2469 4943 δευτέρους
2497 4876 2562 4945 τῇ
2588 4874 2749 4946 σοφίᾳ
2786 4874 3049 4945 ἠμύνατο.

2182 4964 2292 5018 Τοῦ
2330 4966 2534 5021 αὑτοῦ.
2570 4966 2790 5038 Χριστῷ
2843 4967 3042 5037 μᾶλλον
3087 4967 3192 5020 ὑπὸ
3239 4967 3467 5021 πάντων
3513 4967 3660 5020 ἐθνῶν

2105 5056 2497 5128 πολεμουμένῳ
2552 5058 2780 5130 ἁρμόζει
2829 5059 3002 5113 ταῦτα
3069 5058 3268 5127 λέγειν.
3334 5061 3520 5114 Πολλά
3562 5062 3658 5112 ἐστι

2095 5150 2381 5220 δογμάτων
2421 5151 2534 5220 εἴδη
2595 5151 2751 5204 ἅτινα
2808 5153 2836 5204 6
2891 5151 3043 5220 ἆγιος
3078 5155 3144 5224 τῇ
3191 5151 3356 5223 σοφίᾳ
3409 5153 3506 5208 τοῦ
3542 5149 3660 5205 Θεοῦ

2095 5243 2377 5314 ἀμύνεται,
2405 5243 2720 5314 ἀνατρέπων
2741 5244 2885 5311 ὑγιεῖ
2910 5243 3071 5314 λόγῳ.

2178 5332 2564 5386 Ἐκύκλωσάν
2587 5349 2665 5402 με
2694 5334 2835 5387 ὡσεὶ
2861 5333 3167 5402 μέλισσαι,
3192 5352 3246 5388 κ.
3277 5351 3328 5386 τ.
3367 5336 3420 5389 ἑ.
3449 5335 3593 5386 Ποιεί
3613 5349 3659 5383 τι

2095 5427 2265 5496 γλυκὺ
2301 5426 2531 5480 ἕκαστον
2561 5426 2669 5479 τῶν
2697 5426 2979 5497 δογμάτων
3007 5427 3113 5481 τῶν
3163 5425 3350 5489 ἐθνῶν,
3405 5423 3657 5495 γλυκάζον

2096 5520 2186 5573 καὶ
2219 5519 2416 5590 τέρπον
2465 5518 2553 5573 τὸν
2604 5520 2878 5591 ἀκροατήν
2905 5539 2916 5549 ·
2957 5521 3143 5590 διόπερ
3180 5519 3229 5572 οἱ
3276 5518 3658 5589 πρεσϐεύοντες
