3800 6530
172 340 286 397 1581

1075 324 1382 389 SELECTA
1409 327 1478 384 lN
1517 325 1860 385 PSALMOS.
1896 357 1964 369 —-
1995 326 2188 383 PSAL.
2224 324 2430 383 CXVII.

3260 326 3394 383 1582

164 455 383 520 ωὑτάὡς
414 452 663 525 μέλισσαί
693 452 849 515 εἰσιν,
884 450 997 505 ἀλλ’
1024 449 1083 503 οὑ
1118 450 1392 521 μέλισσαι.
1434 448 1543 501 Καὶ
1588 446 1710 501 κατε

1831 444 1922 515 qui
1943 460 2001 497 ea
2024 442 2387 514 promulgant,
2417 441 2450 494 ii
2478 444 2605 495 sunt
2633 434 2777 492 velut
2802 449 2949 508 apes,
2986 435 3082 493 sed
3114 454 3217 496 non
3242 455 3390 512 apes.

163 548 243 601 τὸν
270 545 587 616 Σολομῶντα
644 544 700 597 δέ
756 563 774 594 ι
813 542 932 614 μέλι
985 542 1279 606 ἀποστάζει
1348 540 1454 594 ἀπὸ
1500 539 1721 611 χειλέων

159 639 407 707 γυναικὸς
446 637 646 708 πόρνης
666 652 678 665 ·
708 656 724 687 ι
758 636 877 706 ἥτις
908 632 1024 685 ἐστὶ
1050 631 1398 703 ψευδώνυμος
1428 632 1644 701 γνῶσις.
1664 632 1720 684 Ὀ

159 728 481 801 κολλώμενος
511 728 644 801 πρὸς
666 728 832 798 αὑτὴν
859 725 914 780 ἓν
951 728 1109 800 σῶμά
1130 730 1276 781 ἐστιν
1306 727 1462 797 αὑτῇ,
1492 724 1563 788 ὡς
1587 726 1614 777 ὁ
1647 723 1722 794 τῷ

156 821 335 893 Κυρίῳ
369 821 464 874 καὶ
495 820 684 891 ἀληθεῖ
712 820 868 890 Λόγῳ
898 819 954 874 ἓν
986 819 1222 890 πνεῦμα.
1726 843 1731 889 ξ

228 1003 423 1073 ’ἰσχύς
444 1020 562 1071 μου
597 1001 693 1055 καὶ
725 1002 984 1073 ὕμνησίς
1001 1019 1119 1071 μου
1149 1002 1180 1053 ὀ
1213 999 1463 1065 Κύριος,
1500 1013 1551 1048 κ.
1585 1012 1633 1046 τ.
1671 995 1716 1046 ἐ.

163 1096 331 1165 Ἰσχὺς
358 1096 387 1147 ὁ
439 1096 595 1163 λόγος
632 1096 987 1159 ἀναλαϐόντος
1036 1093 1218 1156 αὑτὸν,
1261 1089 1327 1144 δι’
1380 1090 1437 1143 ὃν
1476 1086 1503 1139 ι’
1546 1089 1720 1141 πάντα

154 1185 337 1255 ἰσχύω,
376 1204 395 1239 ι
440 1188 601 1257 φησὶν
634 1188 661 1240 ὁ
688 1185 917 1251 Παῦλος,
960 1204 977 1235 ι
1023 1186 1079 1238 ἐν
1108 1182 1185 1253 τῷ
1217 1176 1599 1250 ἐνδυναμοῦντί
1652 1194 1717 1248 με

151 1278 364 1349 Χριστῷ
409 1279 603 1351 Ἰησοῦ.
641 1299 659 1331 ι
703 1272 870 1343 Οὗτος
895 1280 923 1331 ὁ
948 1279 1104 1347 λόγος
1135 1277 1227 1328 καὶ
1267 1271 1501 1345 ὑμνησίς
1548 1273 1716 1333 ἐστιν,

148 1372 203 1425 ἐν
233 1365 275 1439 ᾧ
314 1374 461 1426 ἐστιν
495 1374 526 1443 ἡ
563 1372 830 1440 Θεολογία.
861 1372 968 1425 Καὶ
994 1369 1321 1440 θαρροῦντος
1354 1366 1410 1419 δὲ
1445 1365 1719 1437 μάρτυρος

145 1455 288 1527 είηὴ
343 1458 528 1527 φωνή·
588 1476 605 1508 ι
649 1455 822 1526 ’ἰσχύς
880 1472 981 1526 μου
1032 1456 1125 1507 καὶ
1158 1450 1386 1524 ὑμνησίς
1425 1466 1524 1521 μου
1555 1450 1583 1500 ὁ
1608 1447 1719 1500 Κύ-

149 1565 276 1621 ριος.
311 1567 331 1600 ι

219 1642 340 1693 Οὐκ
369 1640 797 1710 ἀποθανοῦμαι,
831 1639 990 1694 ἀλλὰ
1013 1637 1279 1707 ζήσομαι,
1316 1635 1410 1690 καί
1437 1633 1717 1704 διηγήσο-

141 1748 241 1800 μαι
271 1732 343 1785 τὰ
376 1734 517 1802 ἔργα
543 1737 786 1801 Κυρίου,
816 1752 868 1788 κ.
902 1750 951 1786 τ.
978 1733 1024 1785 ἐ.
1050 1731 1169 1784 Τῶν
1195 1729 1409 1793 ζώντων
1440 1728 1554 1781 ἐστὶ
1600 1728 1716 1797 διη-

141 1824 354 1892 γεῖσθαι
380 1827 445 1878 τὰ
468 1825 603 1897 ἔργα
629 1825 854 1895 Κυρίου.

222 1908 516 1974 Ἀνοίξατέ
543 1928 641 1979 μοι
671 1911 869 1974 πύλας
900 1906 1306 1975 δικαιοσύνης,
1334 1924 1385 1962 κ.
1418 1924 1467 1960 τ.
1500 1906 1545 1958 ἐ.
1586 1906 1713 1957 Ὥσ-

144 2018 249 2070 περ
307 2001 668 2071 δικαιοσύνης,
715 2002 843 2076 μιᾶς
871 2000 979 2054 τῶν
1008 2000 1236 2073 ἀρετῶν,
1283 2000 1387 2052 eici.
1440 1998 1604 2051 πύλαι
1658 1998 1711 2049 αἱ

140 2090 262 2144 κατ’
292 2092 459 2162 αὑτὴν
490 2092 739 2163 πράξεις,
771 2091 941 2155 οὓτως
977 2087 1085 2143 εἷεν
1135 2090 1199 2144 ἂν
1248 2090 1341 2145 καὶ
1398 2090 1712 2160 φρονήσεως

138 2182 327 2247 πύλαι,
359 2183 451 2236 καὶ
477 2182 849 2253 σωφροσύνης,
875 2184 964 2236 καὶ
993 2183 1264 2255 ἀνδρείας,
1308 2182 1401 2236 καὶ
1440 2181 1548 2235 τῶν
1606 2182 1713 2234 λοι-

134 2276 254 2328 πῶν
290 2275 518 2348 ἀρετῶν,
564 2276 901 2348 ἀνεῳγμέναι
943 2277 1038 2347 μὲν
1060 2276 1117 2329 ὲν
1147 2274 1226 2346 τῷ
1277 2274 1565 2344 σπουδαίῳ,
1619 2291 1713 2326 κε-

132 2369 453 2441 κλεισμέναι
482 2370 535 2422 δὲ
565 2371 620 2423 ἐν
650 2369 725 2441 τῷ
765 2369 972 2441 φαύλῳ.
1010 2369 1131 2422 Εἰσὶ
1182 2369 1429 2439 μέντοιγε
1457 2368 1551 2422 καὶ
1604 2365 1714 2421 τῶν

131 2462 346 2514 κακιῶν
384 2461 544 2514 πύλαι
594 2461 906 2533 ῆνοιχμέναι
942 2462 1038 2532 μὲν
1091 2460 1168 2530 τῷ
1226 2460 1411 2530 φαύλῳ
1461 2460 1547 2513 διὰ
1608 2459 1713 2514 τῶν

131 2553 277 2607 κατά
317 2553 514 2617 κακίαν
563 2554 830 2625 πράξεων,
894 2553 1381 2624 ἀποκεκλεισμέναι
1431 2553 1486 2606 δὲ
1541 2556 1598 2607 ἐν
1636 2553 1714 2625 τῷ

129 2646 362 2717 ἀστείῳ.
396 2647 619 2718 Μήποτε
654 2646 707 2699 δὲ
740 2647 830 2699 καί
860 2646 1033 2710 ἄλλως
1072 2647 1159 2700 διὰ
1182 2646 1241 2698 τό
1270 2664 1283 2675 ο
1320 2666 1337 2697 ι
1379 2647 1580 2716 Ἀρατε
1612 2645 1713 2698 πύ-

125 2740 309 2805 λας,οί
340 2739 786 2811 ἄρχοντες,ὑμῶν,
805 2741 897 2792 καὶ
931 2738 1228 2810 ἐπάρθητε,
1261 2738 1421 2791 πύλαι
1448 2737 1705 2791 αίὼνιοιοι

122 2834 238 2886 είσὶ
269 2832 435 2886 πύλαι
470 2835 548 2895 είς
579 2832 677 2895 τὰς
705 2831 951 2894 αἰωνίους
1001 2829 1165 2901 μονάς
1193 2830 1394 2901 ἑκάστη
1443 2830 1552 2883 τῶν
1586 2830 1712 2901 ἁρε-

122 2924 234 2977 τῶν
266 2922 501 2986 αίώνιοι,
524 2924 589 2976 δι’
626 2916 699 2978 ῶν
742 2922 1088 2995 καταλλὴλως
1143 2921 1533 2976 εἰσελεύσονται
1590 2924 1711 2985 ταῖς

119 3015 398 3088 πράξεσιν
464 3015 669 3070 ἐαυτῶν
724 3016 773 3069 οἱ
837 3016 1133 3068 σπουδαῖοι.
1193 3016 1295 3068 Τὸν
1355 3016 1411 3069 δέ
1480 3014 1710 3085 Σωτῆρα

116 3112 298 3182 ἐχρῆν
328 3110 416 3163 διὰ
444 3108 632 3163 πασῶν
678 3107 933 3175 ἐξελθεῖν,
968 3108 1342 3179 ἐπαιρομένων
1390 3108 1485 3162 καὶ
1545 3125 1709 3178 μεγε-

114 3201 445 3275 Ουνομένων
472 3200 638 3266 ἀξίως
672 3199 763 3253 τοῦ
788 3198 1049 3272 μεγέθους
1078 3198 1335 3270 Χριστοῦ.
1380 3199 1565 3263 Πάσας
1596 3198 1703 3269 γὰρ

112 3291 364 3347 ἀνέλαϐε
416 3293 533 3346 κατ’
587 3291 744 3357 ἀξίαν
804 3291 902 3361 τῆς
955 3290 1305 3353 ὑποστάσεως
1351 3289 1702 3362 Πρωτοτόκου

108 3387 309 3457 πάσης
335 3385 586 3449 κτίσεως.
621 3384 732 3439 Καὶ
775 3382 966 3436 σκόπει
1012 3384 1081 3446 εί,
1132 3381 1321 3453 ῶσπερ
1371 3381 1451 3452 τῷ
1493 3382 1705 3453 Σωτῆρι

106 3479 376 3550 αἴρονται
409 3477 502 3529 καὶ
535 3475 871 3547 ἐπαίρονται,
904 3473 1044 3527 οὕτω
1076 3472 1197 3527 κατ’
1220 3472 1375 3540 ἀξίαν
1408 3474 1619 3545 ἑκάστῳ
1669 3474 1702 3541 ἢ

100 3573 377 3644 αἴρονται
408 3570 501 3624 καὶ
533 3567 925 3641 ἐπαίρονται,ῆ
974 3566 1207 3620 τίθενται
1260 3566 1353 3621 καὶ
1406 3568 1504 3620 οὑκ
1548 3566 1704 3619 ἐπαί-

100 3680 331 3737 ρονται.
369 3663 491 3715 Elei.
512 3662 565 3715 δέ
590 3662 682 3714 καὶ
711 3659 941 3731 ἕμψυχοι
972 3659 1063 3712 καὶ
1095 3658 1264 3723 ζῶσαι
1309 3654 1464 3713 αὗται
1497 3660 1552 3710 αἱ
1607 3657 1708 3712 πύ-

92 3755 224 3807 λαι·
266 3752 357 3805 διδ
420 3751 637 3820 λέγεται
678 3750 870 3811 αὑταῖς
908 3749 1003 3812 τὸ,
1073 3766 1092 3799 ι
1141 3747 1464 3819 Ἐπάροητε.
1526 3768 1543 3799 ι
1598 3748 1707 3801 Καὶ⁸

88 3850 247 3919 τάχα
280 3847 335 3899 οἱ
387 3844 643 3917 ἄρχοντες
672 3843 763 3897 καὶ
795 3843 850 3896 αί
905 3841 1069 3895 πύλαι
1113 3841 1402 3912 θανόμεναί
1450 3859 1578 3910 φασι
1624 3843 1702 3908 τὸ,

93 3962 112 3994 ι
152 3940 259 4005 Τίς
287 3940 451 3994 ἐστιν
472 3932 625 4001 οὗτος
651 3938 680 3989 ὁ
715 3933 969 4007 βασιλεὺς
1000 3935 1097 4004 τῆς
1127 3934 1318 4005 δόξης;
1353 3952 1373 3986 ι
1428 3935 1548 3987 Etsi.
1582 3934 1707 4005 μέν·

81 4051 245 4103 τοιγε
277 4033 341 4087 αἱ
396 4032 493 4101 μὲν
531 4028 636 4083 ὑπὸ
671 4028 899 4092 πολλοὺς
953 4025 1117 4079 πύλαι
1154 4025 1531 4097 δικαιοσύνης,
1557 4028 1590 4096 ὴ
1648 4026 1706 4079 δὲ

76 4127 171 4192 τίς
196 4125 397 4198 μόνου
422 4121 515 4177 τοῦ
546 4120 749 4193 Κυρίου
778 4118 953 4191 πύλη;
998 4119 1177 4181 Πύλας
1214 4114 1305 4172 οὖν
1364 4117 1706 4188 δικαιοσύνης

73 4220 188 4283 τὰς
214 4216 537 4289 διαφόρους
589 4215 688 4286 τῆς
727 4213 933 4284 ἀρετῆς
974 4212 1115 4276 ίδέας
1148 4212 1331 4265 καλεῖ·
1377 4211 1443 4265 δι’
1486 4210 1706 4266 ἐκείνων

81 4314 209 4388 γὰρ
246 4311 495 4368 δυνατὸν
529 4309 694 4375 ἀξίως
724 4306 960 4378 ὑμνῆσαι
987 4306 1076 4358 τὸν
1108 4305 1216 4359 τῶν
1248 4304 1384 4360 ὅλων
1410 4303 1561 4357 Θεόν.
1595 4303 1707 4359 Καὶ

73 4409 259 4464 τοῦτο
298 4403 646 4474 σαφέστερον
682 4399 771 4455 διὰ
802 4399 910 4452 τῶν
946 4397 1355 4469 ἐπιφερομένων
1404 4396 1701 4468 ἐδήλωσεν·

1826 534 2131 590 Secundum
2175 533 2516 589 Sulomoncm
2564 545 2781 602 quoque
2811 529 2833 562 ⁸
2868 548 2886 583 ι
2940 529 3044 587 mel
3088 532 3314 588 distillat
3360 549 3391 588 a

1823 628 1979 683 labiis
2012 627 2252 681 mulieris
2306 625 2635 689 fornicarizc,
2670 644 2688 677 ι
2725 639 2844 696 qua:
2872 633 2954 680 est
2986 623 3107 681 falsi
3154 626 3394 681 nominis

1822 722 2063 777 scientia.
2098 721 2198 787 Qui
2230 720 2463 774 adhawet
2492 720 2590 782 illi,
2618 736 2780 773 unum
2813 734 3008 788 corpus
3042 728 3123 774 est
3148 735 3269 773 cum
3302 736 3390 782 ea,

1822 812 1963 867 sicut
1994 811 2037 866 is
2076 810 2165 881 qui
2206 810 2430 863 Domino
2461 825 2692 881 veroque
2748 809 2923 866 Verbo
2958 812 3217 879 adhaeret,
3250 825 3395 865 unus

1823 905 2047 978 Spiritus
2082 911 2161 957 est
2194 916 2314 955 cum
2338 916 2425 958 eo.

1897 997 2051 1051 Vens.
2082 994 2163 1049 M.
2188 992 2470 1048 Fortitudo
2494 1012 2604 1048 mea
2628 1005 2673 1048 et
2707 995 2820 1049 laus
2844 1011 2957 1048 mea
2979 993 3254 1061 Dominus,
3281 1004 3388 1051 etc.

1824 1087 2180 1156 Sum-ipientis
2219 1102 2340 1140 eum
2373 1101 2469 1155 per
2506 1102 2665 1157 quem
2703 1104 2721 1137 ι
2763 1086 2943 1140 omnia
2972 1100 3212 1152 possum,
3250 1104 3270 1138 ι
3302 1086 3386 1141 in-

1821 1181 1940 1250 quit
1975 1178 2171 1233 Paulus
2198 1180 2240 1244 ⁸,
2279 1197 2297 1229 ι
2340 1177 2393 1231 in
2438 1192 2502 1231 co
2547 1178 2635 1246 qui
2686 1195 2771 1234 me
2831 1179 3122 1245 confortat,
3168 1179 3387 1235 Christo

1820 1269 1969 1335 Jesu,
2016 1288 2035 1320 ι
2071 1279 2262 1338 petens
2294 1276 2375 1323 est
2405 1282 2606 1321 sermo.
2647 1267 2743 1322 llic
2793 1284 2991 1332 sermo,
3054 1269 3106 1322 in
3150 1283 3257 1337 quo
3306 1276 3391 1323 est

1822 1364 2113 1436 theologia,
2164 1363 2329 1417 etiam
2364 1372 2446 1417 est
2479 1362 2615 1415 laus.
2646 1361 2913 1414 Caeterum
2948 1360 3059 1413 haec
3096 1376 3194 1413 vox
3221 1360 3385 1413 etiam

1819 1471 1939 1512 esse
1973 1456 2140 1526 possit
2171 1454 2424 1526 martyris
2473 1454 2665 1508 fiducia
2702 1452 2842 1523 pleni
2872 1470 2882 1504 :
2910 1472 2927 1503 ι
2965 1452 3244 1506 Fortitudo
3271 1468 3387 1506 mea

1819 1555 1871 1602 et
1903 1547 2023 1602 laus
2055 1562 2170 1601 mea
2207 1546 2486 1601 Dominus.
2534 1564 2551 1597 ι

1889 1640 2050 1694 Vens.
2113 1640 2195 1693 Π.
2254 1637 2374 1691 Non
2425 1638 2645 1699 moriar,
2696 1637 2786 1690 sed
2839 1638 3029 1699 vivam,
3075 1647 3121 1689 et
3163 1638 3388 1691 narrabo

1819 1748 1975 1801 Opera
2021 1730 2251 1797 Domini,
2291 1739 2397 1784 etc.
2428 1728 2685 1782 Vivorum
2717 1737 2797 1782 est
2829 1744 3055 1785 narrare
3082 1744 3244 1799 Opera
3281 1730 3387 1785 Do-

1748 1805 1786 1861 B
1818 1823 1971 1878 mini.

1888 1914 2050 1969 Vsus.
2080 1914 2163 1969 19.
2199 1912 2405 1983 Aperite
2434 1912 2561 1964 mihi
2588 1919 2763 1981 portas
2781 1910 3029 1981 justitirr,
3048 1920 3151 1965 etc.
3174 1910 3378 1978 Quem-

1813 2006 2105 2061 admodum
2131 2004 2375 2074 iustitiae,
2422 2015 2544 2073 qua:
2582 2018 2685 2056 una
2720 2012 2895 2057 estex
2924 2002 3235 2068 virtutibus,
3266 2016 3389 2070 por-

1814 2108 1878 2153 tae
1906 2107 2029 2153 sunt
2080 2095 2320 2151 actiones
2364 2095 2414 2151 ei
2468 2102 2845 2152 consentanea:
2902 2133 2918 2161 ,
2948 2094 3021 2147 ita
3044 2094 3386 2149 eruutctiam

1812 2199 1980 2262 portae
2020 2188 2350 2259 prudentiae,
2396 2196 2451 2241 et
2490 2186 2882 2257 temperantiaz,
2931 2194 2985 2239 ct
3029 2183 3386 2246 fortitudinis,

1814 2299 1875 2339 ac
1908 2284 2165 2341 virtutum
2196 2291 2538 2347 cancrorum,
2569 2288 2771 2351 apcrtre
2817 2278 3035 2349 quidem
3074 2278 3263 2357 probo,
3291 2280 3384 2331 sed

1813 2375 2008 2431 clausa:
2039 2375 2303 2445 improbo.
2343 2374 2483 2429 Sunt
2507 2373 2672 2427 ctiam
2699 2372 2955 2427 vitiorum
2986 2378 3159 2441 portae
3181 2378 3384 2441 apertae

1813 2469 2026 2538 quidem
2052 2467 2297 2537 improbo
2327 2481 2422 2537 per
2448 2466 2674 2520 vitiosas
2697 2464 2960 2531 actiones,
2992 2464 3085 2518 sed
3110 2462 3306 2518 clausa:
3330 2463 3384 2516 in

1813 2562 1930 2615 viro
1972 2562 2163 2631 probo.
2216 2559 2378 2615 Forte
2410 2574 2537 2615 vero
2572 2558 2735 2612 etiam
2770 2557 2927 2612 aliter
2959 2563 3179 2626 propter
3228 2555 3383 2617 illud,

1818 2672 1837 2706 ‹
1870 2654 2117 2709 Attollite
2146 2662 2353 2724 portas,
2377 2653 2672 2723 principes,
2709 2658 2916 2706 vestras
2939 2690 2953 2715 ,
2990 2659 3041 2705 et
3071 2648 3385 2710 elcvamini.

1814 2755 1985 2815 porta:
2034 2745 2320 2800 aeternales
2347 2744 2389 2810 ⁸,
2430 2762 2449 2795 ι
2482 2742 2709 2813 singulre
2754 2743 2987 2798 virtutes
3041 2751 3166 2797 sunt
3218 2753 3387 2814 portae

1811 2835 2094 2889 aeternales
2120 2836 2185 2889 ad
2217 2836 2528 2889 mansiones
2556 2843 2812 2900 aeternas,
2840 2848 2935 2904 per
2952 2848 3088 2902 quas
3108 2832 3207 2886 viri
3232 2833 3387 2902 probi

1813 2927 1972 2980 modo
2027 2925 2143 2979 suis
2201 2925 2508 2980 actionibus
2568 2934 2939 2979 consentaneo
2990 2924 3382 2993 ingrcdientur.

1813 3017 2149 3074 Sulvatorem
2178 3028 2360 3073 autem
2392 3016 2630 3089 oportuit
2661 3031 2759 3086 per
2804 3031 2995 3071 omnes
3025 3016 3242 3083 egredi,
3275 3016 3386 3071 ele-

1813 3120 1966 3167 vatas
2012 3121 2067 3166 et
2115 3109 2493 3181 tnagnificatas
2548 3124 2645 3179 pro
2696 3108 2959 3179 dignitate
3000 3108 3387 3178 magnitudinis

1808 3198 2030 3255 Christi.
2064 3199 2265 3256 Omnes
2296 3198 2440 3253 enim
2474 3199 2768 3267 assumpsit
2799 3196 3096 3253 secundum
3147 3199 3386 3266 dignita-

1809 3302 1915 3349 tem
1933 3290 2284 3363 Primogeniti
2310 3290 2474 3363 795.
2494 3292 2671 3347 omnis
2691 3301 2976 3346 creatura}.
2997 3290 3064 3344 Et
3092 3291 3211 3346 vide
3232 3307 3384 3359 num,

1807 3385 1946 3440 sicut
1968 3383 2231 3438 Salvatori
2253 3383 2513 3437 tolluntur
2536 3390 2590 3437 et
2624 3380 2963 3443 attolluntur,
2996 3380 3071 3435 ita
3093 3390 3147 3435 et
3172 3380 3387 3435 unicui-

1807 3489 1911 3546 que
1945 3490 2041 3545 pro
2083 3474 2343 3545 dignitate
2371 3474 2457 3527 vel
2507 3472 2765 3528 tollantur
2799 3481 2854 3526 et
2907 3469 3247 3534 attollantur,
3301 3469 3385 3525 vel

1808 3579 2077 3642 ponantur
2120 3578 2174 3625 ct
2217 3584 2323 3623 non
2363 3566 2703 3623 attollantur.
2732 3567 2871 3622 Sunt
2897 3565 3059 3620 etiam
3096 3565 3179 3619 ba:
3210 3572 3383 3634 porta:

1808 3663 2061 3717 animatae
2090 3673 2145 3717 et
2188 3660 2342 3715 vivax
2376 3658 2645 3727 Quocirca
2692 3658 2821 3728 ipsis
2850 3658 3091 3713 dicitur:
3138 3676 3158 3709 ι
3189 3657 3382 3713 Eleva-

1809 3753 1961 3806 mini.
2008 3772 2026 3804 ι
2062 3752 2121 3806 Et
2158 3749 2406 3805 fortassis
2449 3748 2719 3819 principes
2760 3762 2823 3802 ac
2854 3756 3022 3817 porta:
3053 3756 3278 3803 mortuae
3301 3748 3381 3801 di-

1807 3855 1936 3899 cunt
1974 3862 1987 3898 :
2019 3860 2039 3894 ι
2084 3845 2217 3911 Quis
2250 3853 2333 3898 est
2376 3844 2478 3898 iste
2516 3856 2611 3897 rex
2654 3840 2886 3912 gloriae?
2925 3858 2945 3893 ι
2982 3840 3123 3896 Sunt
3164 3840 3381 3910 quidem

1807 3938 1894 3993 hae
1940 3938 2119 4007 quoad
2156 3936 2355 3991 multos
2387 3943 2556 4005 portae
2581 3933 2840 4005 justitiae,
2886 3932 2979 3989 sed
3007 3947 3254 4002 quamam
3289 3932 3377 3986 illa

1806 4030 1973 4086 solius
2002 4028 2210 4085 Domini
2236 4028 2428 4099 porta?
2462 4026 2658 4083 Portas
2684 4025 2849 4097 igitur
2868 4025 3091 4094 iustitia
3115 4032 3275 4081 vocat
3301 4024 3376 4079 di-

1805 4134 1992 4176 versas
2040 4118 2260 4175 virtutis
2290 4119 2501 4191 species
2541 4133 2555 4172 :
2590 4131 2685 4188 per
2709 4117 2828 4171 illas
2858 4118 3002 4175 enim
3049 4115 3215 4174 Deum
3260 4115 3379 4175 uni-

1805 4227 2088 4269 versorum
2131 4213 2291 4284 digne
2342 4226 2630 4283 possumus
2689 4210 2992 4268 celebrare.
3045 4212 3222 4282 Atque
3276 4213 3379 4267 hor

1806 4306 2153 4362 manifestius
2197 4306 2495 4363 declaravit
2540 4321 2637 4376 per
2666 4320 2733 4362 ea
2775 4319 2899 4375 qua:
2943 4303 3377 4373 subiunguntur:

1808 4415 1929 4454 nam
1963 4412 2061 4453 ceu
2089 4400 2497 4468 responsionem
2536 4397 2830 4468 quamdam
2863 4395 3045 4460 tradit,
3081 4410 3202 4449 cum
3235 4395 3310 4449 ait
3350 4414 3364 4449 :

74 4497 203 4557 οἷον
254 4499 382 4571 γάρ
438 4512 559 4549 τινα
597 4494 891 4565 ἀπόκρισιν
937 4491 1120 4545 δίδωσι
1166 4489 1377 4559 λέγων’
1432 4507 1451 4542 ι
1490 4488 1701 4560 Δὺτηή

1822 4509 1834 4545 ι
1870 4492 1993 4547 Haec
2025 4500 2179 4562 porta
2206 4490 2441 4547 Domini.
2480 4507 2501 4542 ι

73 4594 239 4664 πύλη
280 4588 394 4643 τοῦ
424 4589 649 4657 Κυρίου.
684 4605 702 4638 ι

154 4674 285 4741 Τοῦ
356 4681 575 4735 αὑτοῦ.
630 4680 717 4742 Ὡς
765 4676 1068 4744 ἀνοίγονται
1116 4674 1280 4729 πύλαι
1332 4674 1699 4746 δικαιοσύνης,

60 4780 228 4834 οὕτω
269 4776 384 4829 καὶ
420 4769 772 4843 σωφροσύνης
794 4768 888 4822 καὶ
919 4766 1169 4839 ἀνδρείας
1198 4767 1292 4820 καὶ
1322 4767 1560 4837 ἀγάπης.
1602 4766 1702 4821 Διά

60 4870 144 4939 γά
152 4889 189 4942 ρ
214 4867 455 4922 τούτων
479 4863 585 4917 τῶν
612 4860 792 4914 πυλῶν
820 4859 927 4913 είσέ
939 4874 1122 4930 ρχεται
1157 4856 1279 4922 νοῦς
1312 4859 1392 4920 είς
1419 4858 1517 4929 τὴν
1550 4857 1704 4929 βασι-

57 4962 121 5016 ιῖε
133 4964 234 5016 ίαν
266 4958 401 5013 τῶν
433 4954 697 5027 οὐρανῶν.
1084 5022 1087 5025 _

140 5054 341 5119 Αὕτη
379 5050 424 5118 ἡ
463 5049 625 5114 πύλη
650 5047 755 5101 τοῦ
790 5045 1033 5114 Κυρίου,
1057 5060 1111 5095 κ.
1150 5058 1199 5094 τ.
1233 5042 1277 5095 ἐ.
1311 5039 1467 5095 Μετά
1484 5040 1545 5095 τὸ
1589 5040 1700 5095 είσ-

25 5148 96 5203 ελ
124 5146 261 5201 θεῖν
302 5142 415 5197 διὰ
458 5140 568 5195 τῶν
615 5138 931 5211 πρακτικῶν
989 5132 1197 5208 ἀρετῶν
1246 5133 1552 5205 εὑρήσομεν
1599 5132 1699 5203 τὴν

33 5238 162 5294 πύλ
185 5257 267 5312 ην
302 5236 430 5305 τῆς
454 5233 725 5302 γνώσεως,
757 5232 879 5303 ἥτις
905 5230 1050 5285 ἐστὶν
1078 5230 1117 5301 ἡ
1152 5225 1354 5297 θεωρία
1391 5224 1498 5278 τῶν
1540 5240 1700 5295 γεγο-

40 5333 137 5387 νότ’
162 5348 285 5396 ων,
323 5326 613 5397 σωμάτων
639 5326 730 5377 καὶ
764 5322 1093 5394 ἀσωμάτων.

133 5425 363 5481 Λίθον
398 5417 478 5471 ὃν
507 5415 957 5485 ἀπεδοκίμασαν
989 5416 1045 5468 οἱ
1079 5409 1532 5481 οἰκοδομοῦντες
1554 5447 1568 5471 ,
1596 5398 1699 5462 οὕ·-

37 5539 166 5588 τσς
197 5511 501 5591 ἐμνήθη
527 5512 611 5577 είς
638 5508 910 5578 κεφαλὴν
932 5507 1167 5578 γωνίας,
1203 5524 1256 5561 κ.
1293 5521 1342 5560 τ.
1375 5503 1423 5555 ἐ.
1452 5502 1620 5554 Τοῦτο
1642 5498 1703 5552 τὸ

39 5612 242 5683 ῥητὸν
317 5606 435 5673 είς,
466 5601 699 5675 Χριστὸν
750 5597 1110 5669 ἀναφέρεται·
1155 5595 1248 5651 καὶ
1300 5594 1406 5666 γὰρ
1443 5591 1604 5655 αὑτὸς
1645 5592 1703 5645 ἐν

124 5818 148 5848 ⁸
195 5813 401 5867 Prov.
440 5821 492 5871 γ,
521 5806 555 5862 5
652 5804 671 5836 ⁸
697 5800 925 5874 Philipp.
960 5815 1035 5871 tv,
1076 5797 1160 5855 13.
1238 5799 1258 5830 ⁸
1286 5796 1432 5854 Psal.
1476 5810 1633 5863 xxnt,

1880 4672 2153 4742 Ejusdem.
2189 4672 2345 4729 Sicut
2374 4670 2694 4741 aperiuntur
2721 4676 2894 4739 portae
2928 4664 3173 4734 justitire,
3209 4664 3290 4719 sic
3330 4673 3379 4718 tt

1808 4763 2200 4833 temperantiae,
2238 4771 2292 4816 et
2325 4760 2682 4823 fortitudinis,
2717 4767 2771 4814 et
2805 4754 3109 4812 charitatis.
3141 4753 3245 4807 Per
3284 4750 3383 4805 has

1806 4856 1948 4911 enim
1976 4863 2159 4927 portas
2186 4852 2659 4924 ingrediturntens
2686 4850 2742 4905 in
2772 4862 2993 4918 regnum
3015 4844 3302 4900 caelorum.

1880 5034 2042 5089 Vens.
2087 5032 2179 5088 20.
2234 5031 2362 5087 Hazc
2410 5040 2563 5099 porta
2593 5029 2829 5092 Domini,
2858 5035 2965 5083 etc.
3007 5025 3371 5091 Posteaquam

1805 5128 2035 5198 ingressi
2070 5126 2333 5181 fuerimus
2353 5139 2449 5195 per
2466 5124 2740 5194 practicas
2758 5122 3005 5183 virtutes,
3037 5114 3376 5171 inveniemus

1805 5229 2017 5291 portam
2052 5217 2312 5281 scientiae,
2358 5230 2477 5286 quae
2517 5223 2601 5272 est
2643 5228 2832 5270 eorum
2867 5227 2986 5282 qua:
3022 5208 3165 5263 facta
3210 5214 3376 5273 sunt,

1803 5311 2189 5382 contemplatio
2206 5352 2221 5378 ,
2234 5292 2238 5297 ’
2252 5322 2639 5379 corporeorum
2668 5316 2722 5362 et
2756 5306 3203 5373 incorporeorum

1879 5404 2039 5459 Vens.
2067 5403 2157 5458 22.
2192 5402 2446 5473 Lapidem
2470 5416 2621 5470 quem
2644 5396 3049 5467 reprobacerunt
3093 5390 3373 5460 aediﬁcan-

1806 5506 1901 5563 tes,
1926 5498 2010 5552 hic
2038 5497 2208 5553 factus
2235 5504 2311 5551 est
2330 5496 2384 5549 in
2408 5502 2565 5563 caput
2590 5491 2792 5561 anguli,
2819 5499 2926 5544 etc.
2954 5488 3079 5542 llaec
3105 5484 3375 5540 sententia

1808 5587 2044 5646 refertur
2073 5586 2141 5644 ad
2172 5585 2478 5644 Christum:
2499 5582 2613 5653 ipse
2633 5580 2780 5637 enim
2813 5580 2869 5637 in
2895 5576 3207 5651 Evangeliis
3230 5575 3374 5630 hanc
