3914 6374
488 239 624 295 1535

1821 229 1913 286 EX
1952 229 2252 288 ORIGENE

3545 247 3645 311 1581

486 361 620 412 citat
671 353 1008 426 preplietiam
1077 352 1265 408 dicens
1290 353 1351 409 ’z
1389 371 1407 404 ι
1452 350 1738 420 Nunquam
1798 349 2004 420 legistis
2039 369 2041 401 ς

2158 351 2267 414 τοῖς
2315 351 2664 421 Εὐαγγελίοις
2711 352 2916 426 ταύτην
2969 355 3205 429 παράγει
3243 358 3339 430 τὴν
3390 371 3644 439 προφητείαν

485 449 742 520 Lapidem
793 463 950 520 quem
994 450 1420 517 reprobaverunt
1462 443 1820 510 aediﬁcantes,
1857 443 1943 498 hic
1973 441 2054 496 fa-

489 547 610 594 ctus
637 548 723 594 est
761 538 814 592 in
861 547 1025 608 caput
1054 535 1280 606 anguli?
1319 554 1337 587 ι
1369 533 1727 590 ιΕιίῑΙίοίιηιεε
1756 541 1938 587 autem
1970 533 2056 588 hic

486 631 616 686 dicit
652 629 887 695 Judzeos,
927 629 1136 685 scribas
1178 637 1228 682 et
1257 626 1586 690 Pharismos,
1617 624 2054 696 quandoquidem

486 722 844 792 reprobarunt
883 721 1058 791 ipsum
1091 720 1330 776 dicentes
1366 736 1381 774 :
1423 738 1441 772 ι
1483 717 1859 774 Samaritanus
1881 730 1940 770 es
1972 726 2051 778 lu,

484 824 540 868 et
571 812 895 869 daemonium
948 814 1116 868 habes
1145 812 1187 868 ⁸.
1224 829 1242 862 ι
1283 812 1348 867 Et
1379 826 1604 867 rursus:
1641 829 1658 861 ι
1690 809 1786 863 ilic
1818 823 1922 863 non
1971 817 2054 864 est

479 921 549 963 ex
575 904 708 971 Deo,
737 905 830 961 sed
856 905 1065 961 seducit
1092 906 1306 960 turbam
1330 905 1373 958 ³.
1404 922 1422 955 ι

557 1089 718 1146 Vens.
755 1087 848 1146 23.
889 1090 931 1142 Α
972 1088 1196 1144 Domino
1235 1087 1433 1156 factum
1470 1095 1543 1141 est
1592 1087 1752 1150 istud,
1795 1095 1903 1140 etc.
1936 1084 2052 1140 Non

484 1193 602 1237 erat
624 1183 916 1238 humanum
951 1184 1052 1238 hoc
1076 1181 1220 1252 quod
1251 1180 1449 1234 factum
1475 1191 1576 1244 est,
1607 1195 1710 1234 non
1745 1190 1862 1234 erat
1895 1179 2055 1233 unius

483 1290 548 1328 ex
600 1275 782 1331 multis
809 1293 822 1330 :
854 1291 960 1330 non
1005 1285 1122 1328 erat
1160 1272 1497 1344 angelorum,
1544 1287 1650 1326 non
1677 1279 1795 1325 erat
1824 1271 2055 1326 archan-

482 1365 723 1434 gelorum
785 1367 944 1421 talem
1001 1364 1252 1432 angulum
1287 1379 1634 1432 componere.
1690 1363 1858 1418 Nemo
1909 1363 2052 1419 enim

483 1459 585 1514 hoc
607 1458 801 1528 potuit,
827 1471 932 1512 non
961 1457 1170 1527 justus,
1195 1470 1298 1509 non
1339 1455 1598 1524 propheta
1621 1495 1636 1519 ,
1676 1470 1780 1510 non
1807 1456 2050 1526 angelus,

481 1564 589 1605 non
612 1550 988 1620 archangelus,
1021 1549 1113 1604 sed
1136 1548 1302 1604 solius
1337 1550 1425 1602 Dei
1456 1559 1575 1604 erat
1606 1548 1707 1603 hoc
1735 1547 2052 1619 praeclarum

483 1642 697 1697 facinus
729 1659 741 1696 :
771 1653 888 1697 erat
915 1642 1014 1696 hoc
1037 1641 1250 1712 preprie
1278 1639 1448 1709 ipsius
1473 1656 1630 1710 opus.

2159 443 2362 514 λέγων’
2405 465 2422 497 ι
2466 446 2733 501 Οὐδέποτε
2768 449 3036 518 ἀνέγνωτε
3060 468 3071 480 ·
3109 451 3269 505 Λίθον
3306 454 3361 506 δν
3387 457 3646 532 meum.

2160 554 2258 591 σαν
2297 540 2349 592 οἱ
2405 540 2828 611 οἰκοδομοῦντες,
2876 537 3030 607 οὗτος
3073 543 3301 616 ἐγενήθη
3354 548 3425 609 εἰς
3467 553 3648 626 κεφαλὴν

2157 632 2392 700 γωνίας;
2422 651 2439 684 ι
2474 634 2902 706 [ιὶκοδομοῦντας
2948 635 3004 688 δὲ
3045 638 3171 699 τούς
3234 636 3491 703 Ἰουδαίους
3523 643 3649 711 λέγει,

2156 726 2280 788 τούς
2300 729 2664 797 γραμματεῖς,
2698 727 2825 791 τοὺς
2857 726 3202 798 Φαρισαίους,
3233 729 3311 782 δτι
3333 730 3648 804 ἀπεδοκίμαζον

2157 819 2319 874 αὐτὸν
2393 819 2678 888 λέγοντες·
2741 842 2759 870 ι
2816 822 3161 893 Σαμαρείτης
3213 817 3283 884 εἷ,
3326 825 3411 875 καὶ
3443 823 3651 895 δαιμόνιον

2157 911 2319 981 ἔχεις.
2356 929 2375 963 ι
2415 912 2526 964 Καὶ
2560 911 2722 966 πάλιν
2742 929 2755 941 ε
2789 931 2804 962 ι
2836 906 3004 976 Οὗτος
3027 913 3127 966 οὐκ
3159 913 3303 966 ἔστιν
3335 916 3396 967 ἐκ
3419 913 3500 968 τοῦ
3537 915 3650 984 Θεοῦ,

2155 1003 2289 1058 ἀλλὰ
2311 1003 2486 1076 πλανᾷ
2503 1004 2592 1057 τὸν
2617 1004 2792 1076 ὄχλον.
2835 1023 2854 1058 ι

2227 1093 2395 1163 Παρὰ
2439 1095 2661 1164 Κυρίου
2693 1096 2928 1166 ἐγένετο
2979 1096 3152 1164 αὕτη,
3187 1115 3240 1150 κ.
3267 1115 3316 1151 τ.
3340 1099 3380 1151 ἑ.
3407 1099 3503 1152 υύκ
3522 1097 3575 1172 ἦν
3595 1105 3655 1157 ἁν-

2157 1186 2424 1259 θρὼπινον
2449 1187 2511 1240 τὸ
2539 1187 2836 1259 γινόμενον,
2863 1187 2962 1242 οὐκ
2990 1185 3057 1262 ἦν
3087 1191 3205 1255 ἐνὸς
3236 1192 3344 1244 τῶν
3369 1192 3558 1248 πολλῶν
3584 1198 3656 1250 οὐκ

2154 1273 2222 1351 ἦν
2249 1279 2513 1349 ἀγγέλων,
2541 1280 2641 1333 οὐκ
2669 1275 2736 1351 ἦν
2769 1281 3128 1352 ἀρχαγγέλων
3152 1282 3212 1335 τδ
3234 1283 3472 1356 τοιαύτην
3515 1286 3654 1351 πλέξαι

2155 1373 2356 1441 γωνίαν
2381 1389 2394 1402 ο
2421 1372 2593 1437 οὐδεὶς
2626 1372 2733 1445 γὰρ
2771 1371 2972 1444 ἴσχυεν,
2993 1375 3055 1427 οὐ
3077 1371 3301 1438 δίκαιος,
3327 1377 3384 1428 οὐ
3416 1379 3655 1448 προφήτῃ,

2154 1464 2254 1518 οὐκ
2303 1464 2555 1534 ἄγγελος,
2600 1465 2701 1518 οὐκ
2751 1464 3112 1536 ἀρχάγγελος,
3161 1465 3298 1519 ἀλλὰ
3337 1467 3424 1520 τοῦ
3467 1467 3577 1521 Θεοῦ
3614 1471 3658 1523 τὸ

2157 1555 2485 1628 κατόρθωμα
2510 1573 2523 1586 °
2567 1554 2723 1608 τοῦτο
2745 1549 2812 1626 ἦν
2841 1555 3005 1610 αὐτοῦ
3037 1555 3220 1620 ίδικῶς
3246 1557 3304 1610 τὺ
3333 1557 3496 1630 ἔργον.

552 1732 717 1789 Vsus.
745 1734 838 1789 24.
877 1732 1005 1787 Ηανε
1048 1743 1123 1788 εει
1170 1733 1278 1788 dies
1301 1750 1459 1802 quam
1478 1732 1602 1802 fecit
1634 1733 1906 1799 Dominus,
1938 1743 2041 1790 etc.

2220 1739 2381 1808 Αὕτη
2412 1739 2450 1808 ἠ
2489 1738 2677 1810 ἡμέρα
2711 1738 2790 1808 ἣν
2821 1739 3112 1807 ἐποίησεν
3145 1743 3179 1795 ὁ
3228 1743 3454 1810 Κύριος,
3490 1760 3534 1796 κ.
3559 1760 3596 1796 τ.
3623 1744 3656 1797 ἑ.

482 1826 634 1882 lianc
670 1828 810 1884 diem
854 1841 958 1882 non
1016 1822 1384 1896 legislatores,
1437 1841 1544 1881 non
1597 1827 1875 1897 prophetat
1913 1827 2051 1882 fece-

483 1929 634 1984 runt,
660 1921 750 1976 sed
781 1920 894 1988 ipse
921 1918 999 1974 sol
1023 1918 1267 1988 justitix.
1301 1918 1452 1974 Diem
1481 1927 1661 1975 autem
1687 1929 1848 1974 vocat
1869 1919 2052 1991 cogni-

481 2012 683 2066 tionem
709 2011 932 2068 Christi.

550 2104 828 2175 Ejusdem.
859 2104 975 2160 Non
1015 2104 1146 2160 solis
1177 2120 1395 2160 cursum
1428 2106 1530 2161 hoc
1559 2105 1672 2163 locc
1699 2107 1838 2161 diem
1869 2115 2048 2171 vocat,

477 2197 570 2252 sed
597 2198 852 2267 praeclara
874 2197 1108 2253 facinora
1136 2213 1256 2268 qua)
1297 2199 1350 2252 in
1383 2213 1452 2272 eo
1487 2209 1638 2267 gesta
1671 2209 1814 2255 sunt.
1853 2201 2051 2266 Quera-

475 2288 764 2345 admodum
801 2289 945 2344 enim
984 2291 1076 2360 qui
1119 2291 1258 2346 diem
1312 2291 1512 2344 malum
1563 2289 1718 2356 dicit,
1770 2303 1875 2344 non
1920 2289 2051 2344 solis

475 2395 718 2445 cursum,
758 2383 851 2437 sed
907 2383 1048 2437 mala
1096 2397 1218 2453 quae
1264 2383 1317 2437 in
1352 2383 1470 2452 ipso
1505 2391 1632 2438 sunt
1664 2381 1939 2453 intelligit,
1973 2382 2046 2436 ita

472 2474 638 2529 etiam
669 2475 870 2530 bonum
904 2475 1064 2538 diem,
1099 2477 1361 2546 prteclara
1399 2474 1539 2529 facta
1563 2489 1681 2543 qua:
1714 2475 1765 2528 in
1798 2473 1886 2527 illo
1917 2488 2047 2528 con-

476 2567 732 2635 tigerunt.
763 2565 919 2632 Quod
948 2575 1130 2622 autem
1163 2566 1319 2632 dicit,
1372 2575 1456 2621 est
1504 2563 1768 2634 ejusmodi
1805 2580 1817 2616 :
1855 2565 2047 2620 Omnia

473 2659 732 2726 prmclara
765 2657 1008 2714 facinora
1044 2675 1162 2729 quae
1205 2660 1258 2713 in
1290 2674 1355 2714 eo
1393 2669 1542 2730 gesta
1595 2668 1742 2726 sunt,
1784 2659 1925 2715 Deus
1969 2659 2046 2713 fe-

473 2752 550 2808 cit
579 2770 595 2810 :
628 2763 748 2810 erat
767 2754 913 2809 enim
939 2753 1082 2809 illius
1109 2752 1277 2808 solius
1300 2765 1496 2807 manus
1527 2750 1741 2806 eﬂicere
1761 2766 1880 2821 qua:
1903 2749 2044 2806 facta

473 2855 620 2903 sunt.
669 2845 807 2913 Quid
843 2847 988 2902 enim
1027 2846 1198 2916 possit
1246 2860 1368 2900 cum
1423 2847 1525 2900 hoc
1556 2845 1643 2900 die
1668 2843 1930 2910 conferri,
1989 2846 2042 2897 in

471 2953 580 3008 quo
606 2954 728 2996 cum
779 2938 1096 2995 hominibus
1137 2939 1282 2996 facta
1317 2949 1403 2994 est
1436 2937 1531 2993 Dei
1563 2936 1954 3003 reconciliatio,
1990 2945 2046 2990 et

471 3031 782 3086 diuturnum
816 3031 1016 3088 bellum
1067 3031 1169 3086 fuit
1198 3033 1548 3102 diremptum,
1573 3039 1628 3085 et
1664 3037 1809 3084 terra
1841 3027 2039 3082 malum

471 3128 673 3188 evasit,
699 3135 754 3178 et
782 3124 1032 3179 homines
1057 3123 1217 3196 795
1247 3134 1393 3179 terra
1437 3122 1639 3192 indigni
1689 3137 1856 3192 regno
1889 3121 2037 3191 digni

467 3218 570 3273 visi
623 3225 776 3281 sunt,
801 3225 856 3272 et
886 3228 1090 3273 nostrae
1141 3226 1347 3271 natura:
1375 3214 1625 3286 primitias
1670 3228 1835 3286 super
1873 3212 2042 3268 caelos

467 3313 694 3370 sublata:
726 3322 872 3379 sunt,
901 3325 956 3370 et
1002 3311 1287 3386 paradisus
1325 3319 1544 3380 apertus
1575 3318 1680 3373 est,
1724 3318 1777 3361 et
1803 3316 2041 3361 veterem

467 3406 702 3477 patriam
739 3408 1066 3478 recepimus,
1103 3418 1158 3462 et
1190 3416 1516 3477 expunctum
1565 3413 1648 3459 est
1693 3404 2040 3479 maledictum

470 3508 527 3556 et
557 3499 826 3555 sublatum
861 3500 1189 3570 peccatum?
1245 3499 1358 3553 Etsi
1412 3500 1556 3554 enim
1605 3512 1795 3554 omnes
1823 3508 2042 3566 quoque

468 3592 586 3648 dies
613 3592 827 3656 fecerit,
865 3593 1014 3647 illum
1054 3602 1236 3646 tamen
1260 3591 1480 3657 eximie,
1517 3589 1952 3661 quandoquidem
1986 3586 2039 3640 in

465 3689 562 3745 illo
615 3689 851 3743 maxime
905 3702 1002 3742 sua
1058 3688 1316 3756 mysteria
1374 3683 1639 3754 implevit.
1697 3683 2042 3753 Quapropter

463 3781 628 3834 etiam
663 3795 763 3835 nos
804 3779 1140 3834 cxsultemus
1190 3785 1243 3830 et
1278 3775 1525 3830 laetemur
1559 3775 1610 3828 in
1649 3789 1735 3839 eo,
1773 3773 2038 3842 duplicem

464 3870 754 3940 quamdam
785 3870 1184 3924 solemnitatem
1213 3866 1762 3922 celebranteszunam
1793 3863 2038 3934 quidem,

461 3963 606 4034 quod
637 3978 666 4015 a
694 3962 1014 4030 captivitate
1057 3959 1254 4014 t'liaboli
1299 3959 1470 4012 simus
1524 3957 1776 4021 liberati;
1809 3956 2037 4008 alteram

461 4065 612 4115 vero,
667 4049 812 4119 quod
861 4048 1026 4104 etiam
1085 4050 1152 4103 ad
1208 4062 1429 4119 regnum
1485 4047 1749 4102 castorum
1805 4045 2040 4100 adduca-

457 4163 599 4207 mur.

529 4244 697 4300 Vens.
731 4240 822 4297 26.
855 4241 1174 4296 Benedictus
1193 4242 1282 4309 qui
1314 4237 1447 4293 venit
1476 4239 1531 4291 in
1555 4237 1763 4291 nomine
1797 4236 2036 4302 Domini,

2152 1831 2367 1902 Ταύτην
2392 1831 2488 1902 τὴν
2509 1832 2721 1904 ἡμέραν
2747 1833 2807 1885 οὐ
2841 1831 3158 1900 νομοθέται,
3194 1835 3254 1887 οὐ
3312 1835 3558 1906 προφῆται
3594 1854 3662 1889 πε-

2152 1927 2463 1995 ποιήκασιν,
2497 1925 2610 1978 ἀλλ’
2637 1924 2797 1989 αὐτὸς
2830 1925 2858 1976 6
2881 1925 2979 1994 τῆς
3006 1923 3350 1997 δικαιοσύνης
3375 1927 3663 1998 ἧλιος.Ἦμὲ-

2153 2035 2254 2091 ραν
2285 2018 2341 2071 δὲ
2377 2018 2518 2087 λέγει
2541 2019 2640 2090 τὴν
2662 2016 2862 2087 γνῶσιν
2883 2017 2975 2072 τοῦ
3006 2017 3261 2092 Χριστοῦ.

2228 2110 2338 2164 Τοῦ
2359 2110 2565 2164 αὐτοῦ.
2601 2111 2844 2183 Ὶίμέραν
2869 2110 3101 2165 ἐνταῦθα
3128 2111 3248 2184 οὐχὶ
3283 2112 3376 2166 τὸν
3396 2111 3567 2186 δρόμον
3601 2112 3665 2166 λέ-

2150 2216 2235 2270 γει
2261 2199 2350 2254 τὸν
2383 2200 2628 2272 ἡλιακὸν,
2659 2202 2793 2256 ἀλλὰ
2818 2202 2886 2257 τὰ
2918 2203 3323 2276 κατορθώματα
3363 2205 3428 2258 τά
3465 2207 3516 2260 ὲν
3560 2207 3665 2276 αὐτῇ

2149 2293 2430 2364 γινόμενα.
2466 2293 2674 2365 Ὥσπερ
2700 2293 2808 2366 γὰρ
2833 2293 3043 2366 ἡμέραν
3079 2293 3324 2367 πονηρὰν
3357 2296 3490 2364 λέγει
3513 2297 3566 2348 οὐ
3600 2295 3667 2347 τὸν

2147 2386 2345 2458 δρόμον
2377 2384 2469 2438 τοῦ
2509 2385 2678 2456 ἡλίου,
2729 2385 2866 2439 ά).λὰ
2915 2385 2982 2439 τά
3033 2387 3090 2438 ἐν
3127 2388 3266 2458 αὐτῇ
3318 2387 3491 2441 κακά’
3536 2386 3668 2449 οὕτως

2149 2481 2239 2533 καὶ
2262 2480 2474 2552 ἡμέραν
2499 2478 2704 2550 ἀγαθὴν
2736 2480 2802 2533 τὰ
2828 2482 2885 2533 ὲν
2919 2477 3052 2552 αὐτῇ
3086 2479 3500 2553 κατορθώματα.
3539 2482 3594 2534 ’θ
3625 2480 3666 2532 δὲ

2147 2574 2292 2642 λέγει
2321 2573 2560 2626 τοιοῦτόν
2591 2574 2744 2626 ἐστι’
2793 2572 2976 2626 Πάντα
3018 2571 3086 2624 τὰ
3111 2573 3506 2645 κατορθώματα
3538 2571 3595 2624 τὰ
3629 2574 3670 2623 ἐν

2147 2667 2283 2737 αὐτῇ
2311 2665 2567 2735 γινόμενα
2593 2667 2619 2718 6
2644 2663 2773 2726 Θεὸς
2797 2663 3036 2734 ἐποίησε
3056 2664 3152 2736 τῆς
3173 2662 3284 2736 γὰρ
3310 2664 3482 2736 χειρὸς
3501 2663 3670 2731 ἐκείνης

2149 2759 2318 2830 μόνης
2350 2752 2418 2829 ἦν
2449 2755 2518 2810 τὰ
2541 2755 2818 2828 γινόμενα.
2859 2755 2923 2808 Τί
2962 2755 3069 2828 γὰρ
3116 2756 3214 2827 τῆς
3257 2757 3466 2828 ἡμέρας
3511 2755 3672 2824 ταύτης

2145 2851 2258 2905 τσον
2277 2849 2483 2919 γένοιτο
2506 2848 2592 2914 ἂν,
2617 2851 2674 2902 ἐν
2701 2843 3062 2922 ᾖκαταλλαγὴ
3081 2847 3214 2902 Θεοῦ
3237 2849 3377 2919 πρὸς
3404 2846 3672 2920 ἀνθρώπους

2145 2944 2379 3012 ἐγένετο,
2397 2944 2488 2996 καὶ
2509 2944 2536 2996 6
2560 2941 2769 3014 χρόνιος
2797 2939 3064 3012 κατελύθη
3097 2941 3356 3013 πόλεμος,
3373 2942 3464 2996 καὶ
3491 2937 3672 3012 οὐρανὸς

2144 3037 2437 3110 ἀπεδείχθη
2474 3038 2506 3109 ὴ
2541 3037 2632 3108 γῆ,
2662 3037 2754 3089 καὶ
2773 3037 2820 3089 οἱ
2843 3037 2940 3107 τῆς
2961 3035 3063 3107 γῆς
3090 3036 3298 3103 ἀνάξιοι
3329 3033 3674 3109 ἄνθρωποιτῆς

2146 3131 2423 3203 βασιλείας
2456 3130 2730 3200 ἐφάνησαν
2756 3128 2913 3196 ἄξιοι,
2939 3131 3032 3182 καὶ
3062 3131 3094 3200 ἡ
3125 3128 3349 3200 ἀπαρχὴ
3381 3128 3476 3199 τῆς
3502 3125 3673 3196 φύσεως

2143 3223 2240 3294 τῆς
2265 3221 2538 3293 ἡμετέρας
2574 3221 2828 3291 ὑπεράνω
2870 3219 2978 3273 τῶν
3011 3219 3253 3291 οὐρανῶν
3299 3217 3573 3290 ἀνηνέχθη,
3603 3215 3674 3268 καὶ

2143 3314 2467 3385 παράδεισος
2523 3314 2715 3384 ἠνοίγη
2739 3353 2752 3377 ,
2795 3313 2886 3365 καὶ
2936 3311 3034 3382 τὴν
3091 3312 3325 3382 ἀρχαίαν
3376 3308 3675 3379 ἀπελάδομεν

2143 3407 2400 3480 πατρίδα,
2441 3406 2536 3460 καὶ
2568 3406 2780 3475 κατάρα
2809 3404 3080 3474 ἠφανίσθη
3103 3443 3116 3466 ,
3147 3405 3240 3456 καὶ
3267 3405 3298 3474 ἡ
3334 3404 3564 3475 ἁμαρτία.
3583 3398 3678 3452 aid.

2143 3501 2248 3573 θη;
2280 3501 2341 3553 Εἰ
2384 3498 2492 3570 γὰρ
2545 3498 2639 3550 καὶ
2673 3499 2849 3560 πάσας
2882 3497 2981 3559 τὰς
3013 3496 3223 3567 ἡμέρας
3270 3497 3546 3567 ἐποίησεν,
3585 3491 3674 3547 ἀλλ’

2141 3593 2355 3663 ἐκείνην
2386 3589 2696 3664 ἐξαιρέτως,
2725 3587 2912 3660 ἐπειδὴ
2943 3589 3010 3642 τὰ
3046 3587 3274 3658 μέγιστα
3308 3590 3368 3641 ἐν
3421 3589 3550 3658 αὐτῇ
3593 3584 3678 3636 τῶν

2139 3686 2351 3738 οἰκείων
2413 3683 2723 3755 μυστηρίων
2786 3682 3088 3752 ἐπλήρωσε.
3142 3679 3342 3752 Διόπερ
3401 3681 3492 3733 καὶ
3548 3678 3676 3748 ἡμεῖς

2141 3774 2594 3846 ἀγαλλιασώμεθα
2629 3775 2722 3828 καὶ
2769 3771 3158 3844 εὐφρανθῶμεν
3206 3774 3263 3824 ἐν
3327 3773 3465 3843 αὐτῇ
3521 3769 3678 3837 διπλῆν

2139 3886 2260 3922 τινα
2301 3866 2476 3938 χαρὰν
2526 3867 2828 3936 πανήγυριν
2863 3865 3083 3934 ἄγοντες
3108 3880 3122 3894 ’
3157 3863 3283 3934 μίαν
3318 3863 3443 3934 μὲν,
3487 3863 3562 3914 ὅτι
3601 3859 3677 3929 τῆς

2142 3960 2518 4032 αἰχμαλωσίας
2537 3959 2631 4013 τοῦ
2656 3959 2902 4014 διαϐόλου
2934 3957 3276 4029 ἐρῤύσθημεν
3295 3975 3310 3987 ο
3348 3957 3596 4027 δευτέραν
3634 3951 3677 4002 δὲ

2138 4055 2217 4108 δτι
2245 4053 2337 4106 καὶ
2365 4053 2500 4123 πρὸς
2527 4050 2802 4122 βασιλείαν
2824 4047 3066 4120 οὐρανῶν
3091 4048 3432 4120 ἀναγόμεθα.

2211 4235 2631 4306 Εὐλογημένος
2665 4215 2708 4288 ὁ
2729 4233 3047 4304 ἐρχόμενος
3077 4232 3146 4285 ἐν
3177 4233 3426 4299 ὀνόματι
3466 4228 3675 4297 Κυρίου.

457 4349 567 4393 etc.
601 4334 753 4390 [lane
782 4334 947 4388 etiam
977 4346 1163 4386 vocem
1193 4329 1259 4384 de
1287 4327 1508 4383 Christo
1541 4327 1884 4398 prephetiam
1911 4341 2034 4381 esse

2145 4346 2192 4384 κ.
2215 4348 2264 4384 τ.
2297 4330 2342 4381 ὲ.
2370 4329 2477 4381 Καὶ
2502 4326 2702 4400 ταύτην
2730 4326 2826 4397 τὴν
2862 4325 3044 4395 φωνὴν
3063 4324 3113 4378 οἱ
3148 4323 3533 4394 εὐαγγελισταὶ
3577 4317 3677 4390 περὶ

456 4435 825 4498 exposuerunt
871 4423 1225 4493 evangelista:
1249 4437 1264 4475 :
1298 4422 1410 4490 ipse
1435 4420 1579 4474 enim
1607 4434 1794 4472 revera
1821 4427 1903 4472 est
1932 4418 2024 4487 qui

2145 4422 2366 4496 Ι(ρισιοῦ
2417 4421 2751 4494 προφητείαν
2783 4415 2922 4474 εἶναι
2960 4418 3303 4489 ἐξειλήψασιν
3335 4438 3348 4448 ·
3395 4417 3551 4479 αὐτὸς
3591 4414 3673 4484 γὰρ

457 4535 581 4575 eum
645 4517 970 4573 auctoritate
1023 4515 1172 4570 venit
1224 4516 1278 4568 in
1329 4512 1548 4568 nomine
1601 4509 1846 4574 Domini,
1902 4524 2024 4563 cum

454 4623 647 4666 omnes
699 4609 768 4664 ab
831 4609 949 4677 ipso
1009 4617 1118 4661 tam
1170 4605 1270 4660 viri
1325 4620 1486 4675 cpiam
1547 4600 1722 4670 angeli
1776 4600 2025 4656 venerint

456 4715 715 4773 tanquam
760 4703 902 4756 servi
941 4701 1173 4755 Domini.
1203 4699 1436 4767 Quilibet
1481 4696 1628 4752 enim
1654 4711 1840 4752 eorum
1874 4695 2024 4748 dice-

452 4798 549 4852 bat
581 4812 596 4849 :
629 4793 754 4849 ﬂare
782 4793 912 4847 dicit
940 4785 1200 4847 Dominus
1231 4809 1244 4846 :
1287 4801 1340 4846 et
1383 4791 1753 4860 unusquisque
1797 4786 2020 4858 angelo-

452 4904 574 4944 rum
606 4889 654 4943 ei
705 4887 771 4940 ad
801 4899 960 4956 quem
998 4884 1232 4939 mittitur
1273 4885 1372 4952 ait,
1419 4885 1685 4940 Dominus
1716 4884 1864 4940 misit
1911 4897 2021 4939 me.

455 4978 650 5035 Verum
703 4979 794 5035 ille
837 4978 931 5050 qui
969 4978 1118 5033 venit
1148 4976 1202 5032 in
1244 4978 1462 5033 nomine
1508 4976 1744 5042 Domini,
1793 4976 2020 5032 benedi-

451 5082 573 5130 ctus
603 5083 704 5127 est.

523 5165 688 5222 Vsus.
719 5171 814 5220 '27.
855 5169 994 5219 Dens
1025 5163 1280 5218 Dominus
1309 5173 1356 5218 et
1393 5162 1570 5218 illuxit
1599 5163 1769 5229 nobis,
1803 5172 1910 5220 etc.
1938 5161 2022 5234 lp-

450 5274 570 5318 sum
634 5259 777 5314 enim
828 5259 1049 5323 venire,
1111 5273 1215 5311 non
1249 5265 1336 5311 est
1384 5255 1558 5311 locum
1616 5265 1834 5310 mutare
1870 5295 1884 5319 ,
1929 5255 2022 5311 sed

460 5335 749 5424 apparere,
786 5351 878 5422 qui
909 5363 1068 5406 antea
1116 5351 1339 5406 minime
1373 5349 1659 5404 videbatur
1688 5367 1701 5403 :
1744 5363 1867 5402 nam
1897 5363 2020 5403 eum

454 5447 748 5504 invisibilis
779 5457 949 5510 esset,
985 5463 1052 5500 eo
1075 5447 1222 5516 quod
1251 5455 1396 5500 esset
1433 5444 1614 5512 imago
1641 5441 1736 5496 Dei
1776 5441 2022 5496 invisibi-

445 5539 534 5609 lis,
559 5538 790 5594 formam
825 5537 965 5593 servi
997 5536 1358 5605 accipiens,et
1391 5531 1622 5588 Verbum
1659 5546 1788 5586 caro
1819 5531 2020 5586 factum

2133 4515 2347 4587 άληθῶς
2372 4516 2518 4568 ἐστιν
2549 4515 2578 4566 6
2603 4511 2932 4577 αὐθεντικῶς
2961 4513 3055 4564 καὶ
3095 4513 3152 4564 ἐν
3199 4511 3434 4581 ὀνόματι
3477 4509 3564 4562 τοῦ
3599 4509 3678 4560 Κυν

2135 4608 2251 4680 ρίου
2279 4607 2586 4678 ἐρχόμενος,
2615 4605 2832 4659 πάντων
2858 4604 2963 4656 τῶν
2988 4604 3112 4675 παρ’
3146 4603 3312 4656 αὐτοῦ
3349 4603 3554 4674 ἀνδρῶν
3569 4597 3674 4670 ὁμου

2131 4701 2227 4754 καὶ
2250 4698 2494 4768 ἀγγέλων
2521 4697 2853 4769 ἐληλυθότων
2881 4695 2956 4760 ὡς
2983 4695 3184 4766 Κυρίου
3219 4693 3450 4749 δούλων.
3497 4691 3676 4764 Ἀμέλει

2130 4790 2257 4845 τάδε
2282 4791 2428 4859 λέγει
2461 4789 2661 4861 Κύριος
2680 4830 2696 4855 ,
2743 4788 2968 4850 ἕκαστος
2993 4787 3094 4857 ἔφη
3122 4804 3133 4814 ·
3191 4786 3286 4840 καὶ
3330 4787 3561 4848 ἕκαστος
3592 4783 3676 4833 τῶν

2131 4883 2378 4953 ἀγγέλων
2401 4882 2534 4954 φησι
2558 4883 2693 4952 πρὸς
2717 4880 2775 4934 ὂν
2799 4880 3015 4952 ἔρχεται
3037 4897 3049 4909 ·
3095 4880 3152 4934 '0
3179 4877 3394 4952 Κύριος
3420 4873 3677 4932 ἀπέστειλέ

2133 4995 2222 5049 με.
2267 4975 2406 5029 Ἀλλ’
2435 4974 2596 5039 αὐτὸς
2628 4977 2656 5028 6
2695 4976 2751 5028 ‘sv
2781 4974 3002 5046 ὀνόματι
3035 4971 3237 5044 Κυρίου
3277 4972 3575 5044 ἐρχόμενος
3602 4966 3677 5022 s6-

2129 5070 2259 5140 λογη
2268 5069 2425 5140 μένος
2449 5067 2584 5136 ἐστί,

2201 5159 2343 5226 Θεὸς
2363 5161 2576 5226 Κύριος
2606 5155 2702 5210 καὶ
2728 5157 3027 5226 ἐπέμεινεν
3058 5156 3214 5226 ἡμῖν,
3235 5174 3288 5208 κ.
3321 5173 3378 5209 τ.
3417 5157 3466 5211 ἐ.
3493 5155 3562 5208 Τὸ
3589 5151 3678 5223 γὰρ

2121 5252 2296 5312 ἐλθεῖν
2329 5252 2491 5305 αὐτὸν
2522 5250 2583 5302 οὐ
2612 5250 2773 5302 τόπον
2805 5248 2954 5301 ἐστὶν
2980 5246 3227 5318 ἀμεῖψαι,
3263 5243 3386 5300 ἀλλ’
3434 5243 3678 5316 ἐπιφανῆ·

2120 5363 2230 5410 ναι,
2260 5345 2520 5416 πρότερον
2546 5341 2644 5411 οὐχ
2662 5339 2933 5411 ὁρώμενον
2956 5357 2969 5368 ·
3013 5339 3270 5410 ὑπάρχων
3301 5339 3422 5410 γὰρ
3450 5339 3676 5407 ἀόρατος,

2119 5437 2198 5509 τῷ
2232 5433 2369 5490 εἶναι
2392 5433 2552 5488 εἰκὼν
2583 5431 2716 5486 θεοῦ
2745 5431 2998 5502 ἀοράτου,
3045 5429 3254 5502 μορφὴν
3281 5428 3480 5481 δούλου
3502 5425 3680 5484 λαϐὼν,

2121 5531 2213 5584 καὶ
2236 5529 2522 5600 γενόμενος
2560 5527 2588 5580 6
2621 5525 2791 5593 Λόγος
2815 5521 2951 5594 σὰρξ
2983 5521 3159 5595 ὦςρθη,
3188 5522 3274 5590 ἵν’,
3304 5521 3461 5576 οὕτω
3493 5519 3680 5592 φανεὶς,

517 5707 536 5738 ⁷
561 5704 752 5760 Matth.
779 5719 892 5772 xxi,
924 5702 1010 5759 42.
1094 5703 1116 5736 ⁸
1146 5700 1296 5759 Joan.
1330 5714 1452 5769 vni,
1481 5698 1571 5754 48.
1649 5697 1668 5732 ⁵
1700 5697 1857 5755 Joan.
1889 5713 1982 5768 vn,
2012 5695 2099 5754 i2.
