3800 6524
147 405 278 464 I585

1065 393 1374 456 SELItCTA
1417 395 1484 452 IN
1522 395 1866 457 PSALMOS.
1905 428 1973 440 —-
2006 395 2203 454 PSAL.
2245 394 2477 455 CXVIII.

3251 400 3276 456 I
3287 400 3392 457 586

143 525 520 601 χειραγωγήσῃ
545 523 694 595 ἡμᾶς
723 523 810 580 διὰ
842 523 1043 596 ταύτης
1075 525 1172 596 τῆς
1210 523 1588 595 κατανοήσεως
1628 524 1707 587 εἰς

1816 521 2090 592 apparuit,
2121 529 2178 575 ut
2207 520 2310 576 boc
2346 520 2504 575 modo
2533 529 2820 586 apparens,
2841 529 2939 571 nos
2973 513 3263 575 adduceret
3291 534 3386 589 per

142 617 200 672 τὺ
235 617 323 670 καὶ
362 615 458 687 τὴν
491 615 646 682 δόξαν
677 614 838 668 αὐτοῦ
868 614 1160 676 θεάσασθαι
1190 657 1203 679 ,
1243 635 1260 665 ι
1300 613 1454 680 δόξαν
1493 614 1567 679 ὡς
1600 615 1711 670 Μο-

143 709 384 780 νογενοῠς
419 709 566 780 παρὰ
619 709 851 782 Πατῴς,
916 709 1127 780 πλήρης
1187 709 1406 780 χάριτος
1449 709 1542 762 καὶ
1583 709 1712 780 ἀλη-

143 802 304 866 θείας.
326 823 344 856 ι

210 898 560 965 Sum-licata
581 895 797 966 ἑορτὴν
834 895 903 948 ἐν
936 893 1057 960 τοῖς
1082 892 1544 959 πυκάζουσιν,κ.
1579 911 1627 946 τ.
1661 894 1705 946 ὲ.

141 986 291 1044 Οὗτοι
334 989 683 1054 πυκάζουσιν,
710 989 758 1040 οἱ
795 987 1013 1058 φύλλοις
1043 986 1133 1040 καὶ
1155 991 1385 1059 καρποῖς
1411 987 1706 1058 κομῶντες

141 1079 352 1152 φύλλοις
394 1080 493 1152 μὲν
528 1083 640 1144 τοῖς
671 1079 992 1151 καθήκουσι,
1040 1082 1270 1151 καρποῖς
1303 1080 1358 1133 δὲ
1414 1081 1535 1143 ταῖς
1584 1079 1710 1151 ἀρε-

137 1175 253 1237 ταῖς
273 1190 285 1202 ·
324 1175 415 1228 καὶ
442 1173 550 1245 γὰρ
588 1193 605 1225 ι
630 1173 691 1226 τὸ
724 1174 916 1242 φύλλον
951 1173 1128 1228 αὐτῶν
1156 1172 1254 1226 οὐκ
1277 1173 1705 1245 ἀπορρνήσεται·

139 1263 230 1316 καὶ
272 1263 362 1316 τὸν
419 1264 629 1336 καρπὸν
677 1262 854 1316 αὐτῶν
893 1262 1151 1316 δώσουσιν
1180 1264 1237 1316 ὲν
1262 1261 1437 1335 καιρῷ
1469 1262 1705 1328 αὐτῶν,ι

138 1354 223 1410 διὰ
251 1355 310 1410 τὸ
339 1355 666 1428 γεγενῆσθαι
697 1357 891 1420 αὐτοὺς
920 1377 936 1407 ι
969 1356 1102 1423 ξύλα
1133 1354 1516 1426 πεφυτευμένα
1559 1355 1710 1427 παρὰ

137 1446 234 1510 τὰς
266 1447 529 1512 διεξόδους
552 1447 660 1501 τῶν
693 1448 918 1502 ὑδάτων.
965 1470 984 1500 ι

213 1537 319 1592 Τοῦ
342 1538 550 1592 αὐτοῦ.
599 1558 616 1591 ι
662 1538 980 1604 Πυκάζοντα
1009 1558 1026 1591 ι
1062 1538 1118 1591 δὲ
1147 1535 1213 1591 τὰ
1266 1535 1532 1609 χερουϐίμ
1577 1554 1708 1608 φησι

135 1628 203 1683 τὰ
235 1630 614 1694 ὲπισκιάζοντα
645 1632 705 1684 τὸ
742 1633 1076 1703 ἱλαστήριον⁸
1132 1629 1291 1684 τοῦτο
1339 1629 1446 1700 γάρ
1482 1631 1598 1681 ἐστι
1650 1629 1710 1682 τὸ

141 1739 160 1771 ι
196 1719 515 1786 πυκάζουσι.
562 1741 580 1774 ι
611 1723 880 1788 Πυκὰζειν
914 1723 1022 1792 γὰρ
1050 1721 1110 1774 τὸ
1136 1721 1377 1775 σκέπειν.
1405 1719 1485 1773 Τὰ
1522 1736 1712 1790 χερου-

135 1811 234 1885 ὅὶμ
263 1813 317 1868 δὲ
341 1813 570 1868 ἔσκεπον
603 1818 725 1878 ταῖς
760 1812 985 1887 πτέρυξι
1005 1814 1065 1867 τὸ
1091 1814 1422 1886 ἱλαστήριον.

1815 617 1952 670 bane
1995 614 2360 683 cognitionem
2415 613 2479 666 ad
2537 610 2762 683 gloriam
2797 625 3015 682 quoque
3051 610 3220 682 ipsius
3252 627 3381 668 cou-

1814 704 2176 773 templandam
2203 745 2216 768 ,
2259 723 2276 756 ι
2337 703 2563 775 gloriam
2609 705 2765 774 quasi
2810 703 3084 775 Unigeniti
3114 718 3146 759 a
3177 701 3340 760 Patre
3365 742 3383 766 .

1812 799 2026 869 plenum
2067 797 2257 866 gratia:
2287 806 2342 850 et
2370 796 2618 852 veritatis
2652 795 2715 850 ⁸⁸.
2763 815 2782 848 ι

1882 889 2009 942 IBID.
2054 886 2371 942 Constituite
2421 888 2557 940 diem
2617 886 2899 941 solemnem
2955 886 3008 940 in
3068 885 3380 942 condensis.

1821 976 1881 1030 lii
1914 978 2250 1032 condensam
2279 977 2369 1046 qui
2419 976 2561 1030 loliis
2591 985 2645 1031 et
2684 976 2954 1032 fructibus
2977 989 3271 1043 ornantur;
3299 974 3385 1031 fo-

1813 1070 1896 1125 liis
1925 1071 2166 1140 quidem,
2202 1069 2256 1124 id
2301 1078 2385 1123 est
2418 1067 2610 1122 ciliciis
2632 1109 2646 1134 ,
2687 1068 2954 1124 fructibus
2994 1083 3147 1134 vero,
3176 1070 3278 1124 hoc
3300 1076 3379 1124 est

1801 1165 2107 1220 virtutibus.
2142 1164 2350 1219 Etenim
2392 1183 2410 1214 ‹
2454 1163 2640 1218 folium
2681 1180 2864 1219 eorum
2914 1164 3030 1220 non'
3053 1165 3282 1227 detinet,
3315 1172 3370 1216 et

1809 1257 2044 1312 fructum
2079 1273 2236 1314 suum
2282 1257 2486 1312 dabunt
2516 1256 2569 1310 in
2609 1265 2847 1328 tempore
2883 1274 3000 1324 suo,
3037 1276 3053 1307 ι
3088 1266 3371 1326 propterea

1808 1351 1951 1422 quod
1980 1358 2105 1406 sunt
2133 1350 2232 1421 ipsi
2265 1370 2282 1402 ι
2316 1350 2455 1422 ligna
2481 1350 2716 1421 plantata
2739 1366 2894 1405 secus
2917 1350 3177 1406 decursus
3206 1364 3372 1417 aqua-

1811 1460 1930 1498 rum
1967 1445 2029 1498 “.
2067 1463 2084 1495 ι

2067 1463 2084 1495 ,

1877 1460 2162 1596 [Ejusdem
2226 1547 2244 1580 ι
2305 1527 2584 1583 Condensa
2639 1546 2658 1581 ι
2716 1496 2875 1582 vocat
2904 1527 3228 1590 cherubim,
3263 1538 3383 1594 qua

1812 1619 2248 1687 pmpitiatorium
2287 1620 2728 1686 obuntbrabant;
2769 1621 2875 1676 hoc
2926 1621 3072 1682 enim
3115 1629 3200 1673 est
3249 1636 3268 1670 ι
3326 1619 3382 1672 in

1815 1712 2122 1765 condensis.
2162 1731 2178 1764 ι
2219 1712 2574 1769 Condcnsare
2623 1714 2768 1768 enim
2797 1722 2878 1769 est
2916 1722 3100 1782 tegere
3133 1731 3146 1768 :
3178 1713 3382 1770 cheru-

1813 1804 1919 1859 bim
1953 1815 2131 1861 autem
2161 1807 2262 1860 alis
2296 1807 2547 1876 tegebant
2581 1807 3039 1878 propitiatorlum.

209 1907 348 1972 Θεός
365 1925 484 1975 μου
503 1903 560 1961 εἷ
586 1907 688 1972 σὺ,
707 1908 803 1961 καὶ
827 1905 1348 1977 ἐξομολογήσομαί
1363 1922 1480 1967 σοι,
1511 1922 1562 1957 κ.
1588 1921 1636 1957 τ.
1659 1905 1703 1957 ὲ.

1881 1898 2046 1955 Vsus.
2084 1898 2174 1954 28.
2212 1900 2351 1955 Deus
2381 1917 2525 1955 meus
2551 1919 2604 1956 es
2629 1911 2706 1964 lu,
2735 1911 2782 1955 et
2814 1902 3100 1970 conﬁtebor
3129 1899 3244 1964 tibi,
3271 1907 3359 1955 etc

148 1994 406 2050 Ἐνταῦθα
443 1995 747 2060 δείκνυσιν,
783 1997 862 2050 ὅτι
903 1995 995 2048 καὶ
1029 1993 1196 2064 χωρὶς
1224 1992 1332 2045 τῶν
1381 1989 1706 2061 εὐεργεσιῶν

130 2077 214 2130 δεῖ
232 2079 576 2152 εὐχαριστεῖν
600 2081 679 2152 τῷ
716 2081 852 2152 Θεῷ,
900 2081 994 2135 καὶ
1024 2081 1110 2134 διὰ
1150 2079 1311 2133 τοῦτο
1360 2079 1519 2132 αὐτὸν
1558 2075 1708 2143 δοξά-

131 2168 264 2234 ζειν,
295 2170 383 2224 διὰ
404 2172 500 2244 τὴν
536 2172 904 2244 μεγαλοσύνην
929 2172 1092 2226 αὐτοῦ
1127 2172 1223 2244 τῆς
1254 2173 1459 2237 οὐσίας,
1483 2171 1570 2224 διὰ
1609 2171 1707 2242 τὴν

128 2265 438 2336 ἀπόρρητον
469 2263 646 2330 δόξαν.
667 2265 836 2320 Τοῦτο
865 2265 994 2335 γοῦν
1019 2266 1111 2319 καὶ
1143 2264 1375 2320 ἐνταῦθα
1393 2266 1705 2326 αἰνίττεται,

129 2355 299 2408 εἰπὼν
329 2357 426 2420 τὰς
470 2357 789 2430 εὐεργεσίας
840 2358 907 2422 ἃς
967 2357 1325 2430 εὐηργετήθη.
1385 2359 1494 2411 Καὶ
1541 2358 1708 2428 χωρὶς

124 2447 351 2512 τούτων,
382 2448 534 2519 φησὶ,
565 2449 657 2502 καὶ
690 2450 1068 2522 εὐχαριστήσω
1097 2453 1188 2505 καὶ
1221 2449 1706 2522 ὲξομολογὴσομαι,

126 2543 214 2594 ὅτι
236 2542 474 2596 τοιοῦτον
503 2541 610 2612 ἔχω
628 2545 928 2617 Δεσπότην,
969 2545 1142 2609 οὕτως
1178 2545 1400 2615 ὑψηλὸν,
1431 2543 1574 2597 οὕτω
1622 2545 1710 2616 μέ-

124 2649 265 2702 γαν,
299 2631 466 2698 οὕτως
525 2634 776 2706 ἀόρατον,
832 2637 1236 2709 ἀκατάληπτον.
1291 2638 1364 2690 Τὸ
1399 2637 1453 2689 δὲ
1493 2632 1713 2704 ὐψώσω,

131 2746 152 2778 ι
191 2726 397 2792 δοξάσω
433 2746 451 2778 ι
481 2727 618 2782 ἐστί.

210 2909 690 2979 Ἐξομο.1ογεῒσθε
721 2908 801 2976 τῷ
829 2914 1040 2980 Κυρίῳ,
1076 2911 1165 2966 ὅτι
1198 2911 1417 2982 ἀγαθὸς
1436 2952 1450 2977 ,
1476 2929 1530 2966 κ.
1574 2929 1625 2966 τ.
1654 2911 1701 2967 ὲ.

113 3001 199 3054 Οὐ
238 3002 414 3072 μάτην
444 3003 506 3053 ὲκ
538 3002 793 3074 δευτέρου
819 3003 962 3058 κατὰ
984 3005 1076 3058 τὸν
1110 3005 1354 3077 παρόντα
1377 3004 1588 3076 ψαλμὸν
1613 3004 1703 3058 τὸν

117 3093 306 3164 στίχον
337 3097 364 3147 ὁ
386 3093 686 3166 Ψαλμῳδὸς
714 3095 992 3162 ὲνέταξενο
1023 3100 1170 3168 ἡμᾶς
1201 3098 1257 3150 δὲ
1301 3097 1559 3162 πολλάκις
1607 3099 1705 3169 τὴν

115 3185 298 3257 αὐτὴν
325 3185 468 3258 ᾠδὴν
529 3189 754 3260 μελετᾷν
787 3189 892 3261 ἄρα
947 3189 1284 3260 βουλόμενος,
1329 3192 1436 3253 ἵνα,
1496 3207 1698 3260 μεμνηι

112 3278 276 3348 μένοι
302 3279 383 3344 τίς
409 3279 562 3350 ἡμῶν
591 3283 622 3350 ἡ
651 3283 892 3353 σωτηρία
924 3283 1159 3350 ἐγένετο,
1198 3284 1391 3354 μηκέτι
1427 3283 1561 3355 πρὸς
1612 3283 1703 3336 τὸν

110 3369 319 3440 ἐχθρὸν
363 3371 909 3444 παλινδρομήσωμεν,
947 3373 1118 3444 ὅσπερ
1151 3375 1280 3443 ἡμῖν
1309 3376 1387 3438 εἰς
1432 3372 1704 3426 ἀπώλειαν

111 3463 368 3532 γέγονεν.

665 3645 956 3700 ΨΑΛΜΟΣ
1002 3649 1154 3701 PIH’.

191 3734 480 3805 Μακάριοι
511 3739 564 3792 οὶ
593 3738 816 3808 ἄμωμοι
851 3738 921 3792 ἐν
953 3738 1098 3804 ὀδῷ,
1128 3757 1182 3792 κ.
1205 3756 1254 3793 τ.
1289 3741 1334 3793 ἑ.
1364 3739 1443 3794 Τὰ
1469 3741 1702 3808 στοιχεῖα

93 3827 221 3898 τῆς
253 3829 426 3900 ἀρχῆς
473 3829 580 3882 τῶν
624 3829 798 3899 λόγων
829 3829 921 3884 τοῦ
960 3831 1093 3884 Θεοῦ
1125 3835 1153 3886 ὁ
1186 3832 1325 3896 θεῖός
1352 3835 1466 3885 ἐστι
1509 3831 1699 3894 τόπος·

101 3937 184 3973 πε
197 3920 254 3990 pi.
286 3913 360 3972 ὧν
389 3921 483 3974 καὶ
520 3921 872 3992 διαλαμϐάνει
900 3924 928 3975 ό
966 3921 1252 3986 έκατοστὸς
1308 3920 1703 3975 ὀκτωκαιδέκα-

91 4031 207 4076 τος
241 4011 473 4083 ψαλμδς,
510 4014 650 4067 κατὰ
694 4014 958 4086 Ἑϐραίων
1008 4017 1242 4085 στοιχεῖα
1290 4016 1696 4089 γεγραμμένος,

94 4105 265 4159 ὥστε
288 4106 412 4170 τοὺς
444 4106 539 4176 μὲν
587 4106 837 4179 πρώτους
869 4106 1031 4160 αὐτοῦ
1094 4109 1311 4178 στίχους
1362 4105 1498 4161 εἶναι
1555 4107 1700 4161 ὀκτὼ

90 4198 232 4251 ἀπὸ
265 4197 357 4250 τοῦ
397 4197 593 4267 Ἀλεφο
629 4199 656 4252 ὃ
681 4199 827 4251 ἐστιν
863 4198 1004 4270 ἀρχὴ
1027 4199 1132 4252 τῶν
1166 4199 1294 4270 παρ’
1323 4199 1506 4262 αὐτοῖς
1561 4215 1702 4252 στοιο

91 4285 285 4358 χείων
309 4303 320 4315 ·
356 4287 482 4350 τούς
519 4287 575 4340 δὲ
619 4287 900 4360 δευτέρους
932 4287 1074 4342 ὀκτὼ
1110 4288 1216 4342 ἀπὸ
1249 4287 1381 4359 Βὴθ,
1429 4289 1522 4342 καὶ
1560 4288 1704 4343 οὕτω

1813 1991 1909 2047 Ilic
1936 1993 2196 2058 ostendit,
2227 1993 2389 2047 etiam
2444 1995 2650 2064 absque
2698 1995 2977 2050 beneiiciis
3009 1994 3216 2064 gratias
3264 2007 3384 2048 esse

1811 2087 2050 2156 agendas
2106 2085 2241 2150 Deo,
2293 2087 2581 2156 ipsumque
2631 2097 2921 2156 propterea
2974 2085 3383 2157 gloriﬁcandum

1813 2188 2037 2251 preptcr
2087 2178 2432 2248 majestatem
2485 2187 2694 2231 naturzc
2722 2177 2863 2247 ejus,
2907 2187 3126 2248 promer
3152 2177 3383 2246 gloriam

1812 2268 2164 2326 ineﬂ‘abiiem.
2186 2268 2298 2324 Hoc
2331 2268 2493 2338 igitur
2518 2268 2681 2322 etiam
2706 2268 2793 2322 hic
2826 2267 3384 2336 insinuat,postquam

1810 2361 2086 2414 enarravit
2118 2360 2380 2414 beneﬁcia
2412 2357 2612 2428 quibus
2645 2357 2870 2412 aiI‘ectus
2906 2358 3024 2412 fuit.
3056 2357 3235 2412 Etiam
3263 2357 3387 2412 sine

1812 2452 1916 2518 bis,
1956 2452 2158 2522 inquit,
2199 2453 2408 2523 gratias
2460 2466 2612 2524 agam
2663 2460 2716 2505 et
2745 2450 3067 2514 coniitebor,
3114 2451 3260 2520 quod
3306 2457 3386 2504 ta-

1811 2543 1914 2597 lem
1947 2544 2178 2599 babeam
2217 2543 2520 2608 Dominum,
2566 2543 2701 2598 adeo
2746 2542 3055 2608 sublimem,
3094 2543 3230 2598 adeo
3262 2557 3381 2598 ma-

1810 2649 1972 2704 gnum
2003 2675 2017 2700 ,
2073 2635 2208 2690 adeo
2254 2635 2582 2690 iuvisibilem
2635 2646 2690 2690 et
2739 2634 3378 2704 iucompreheusibilem.

1810 2722 1944 2777 Illud
1991 2734 2171 2779 autem
2210 2743 2228 2778 t
2269 2726 2524 2781 exaltabo
2558 2745 2577 2780 ι
2627 2726 2768 2780 idem
2805 2735 2890 2782 est
2935 2727 3080 2796 quod
3115 2743 3134 2778 ι
3173 2725 3384 2800 gloriﬁ-

1810 2815 1969 2871 eabo.
2026 2835 2046 2868 ι

1883 2907 2044 2962 Vens.
2071 2907 2159 2964 29.
2190 2907 2524 2978 Canﬁtemim’
2547 2908 3044 2981 Dominomtoniam
3070 2909 3256 2976 bonus,
3277 2925 3384 2969 etc.

1809 3000 1974 3072 796
2015 3000 2130 3054 Non
2169 3012 2371 3056 temere
2406 2999 2697 3056 Psalmista
2738 3001 2978 3058 secundo
3027 3003 3174 3058 hunc
3213 3003 3387 3058 versi-

1809 3095 1986 3148 culum
2033 3093 2159 3150 buic
2211 3093 2420 3164 psalmo
2461 3093 2732 3158 inseruit,
2771 3094 2957 3150 volens
3001 3095 3252 3151 videlicet
3285 3110 3383 3150 nos

1811 3185 2124 3255 frequenter
2193 3185 2297 3240 boc
2365 3185 2632 3240 canticum
2700 3185 2994 3249 meditari,
3067 3197 3124 3240 ut
3193 3189 3383 3244 memi-

1814 3279 2056 3333 nerimus
2107 3279 2230 3348 quis
2284 3278 2427 3334 salus
2480 3288 2665 3334 nostra
2695 3281 2990 3344 exstiterit,
3046 3294 3219 3348 neque
3266 3295 3385 3334 am-

1815 3369 1958 3440 plius
2004 3371 2070 3426 ad
2120 3369 2398 3426 inimicum
2457 3386 2809 3428 recurramus
2867 3373 2957 3441 qui
3009 3371 3162 3428 nobis
3216 3373 3385 3430 exitio

1817 3462 1939 3518 fuit.

2298 3643 2623 3703 PSALMUS
2667 3645 2895 3702 CX‘VIII.

1889 3738 2058 3794 Vsus.
2097 3738 2142 3793 I.
2182 3737 2328 3792 Beati
2364 3739 2694 3793 immaculali
2743 3741 2796 3792 in
2829 3739 2932 3802 via,
2962 3747 3065 3793 etc.
3104 3735 3386 3792 Elementa

1810 3831 2062 3903 principii
2095 3847 2406 3886 sermonum
2451 3831 2543 3887 Dei
2575 3832 2793 3887 divinus
2823 3839 2907 3887 est
2949 3830 3096 3885 locus
3129 3846 3142 3883 :
3169 3829 3236 3884 de
3265 3830 3384 3898 qui-

1812 3925 1912 3977 bus
1967 3924 2130 3978 etiam
2182 3923 2405 3978 disserit
2463 3924 2796 3979 centesimus
2864 3923 3104 3978 decimus
3154 3928 3384 3974 octavus

1808 4018 2066 4086 psalmus,
2103 4019 2192 4088 qui
2234 4019 2532 4073 secundum
2579 4018 2929 4073 llebraaorum
2954 4015 3220 4071 elementa
3245 4011 3382 4067 scri-

1807 4120 1930 4178 ptus
1955 4120 2063 4175 est,
2113 4111 2186 4164 ita
2219 4118 2277 4164 ut
2325 4110 2484 4182 primi
2532 4111 2649 4181 ejus
2691 4119 2814 4165 octo
2853 4108 3116 4165 versiculi
3152 4107 3261 4161 sint
3316 4104 3384 4158 ab

1809 4203 1980 4271 Aleph
2016 4223 2027 4257 :
2065 4218 2186 4273 qua:
2216 4201 2396 4257 littera
2425 4203 2567 4272 apud
2620 4204 2769 4273 ipsos
2801 4200 3128 4272 principium
3155 4209 3239 4252 est
3266 4195 3379 4251 ele-

1810 4304 2111 4347 mentorum
2142 4309 2155 4359 ;
2183 4303 2477 4364 sequentes
2501 4308 2631 4348 vero
2667 4301 2792 4347 octo
2821 4291 2933 4345 sint
2963 4303 2992 4342 a
3019 4287 3174 4350 Betb,
3209 4294 3264 4341 et
3299 4283 3382 4338 sic

87 4376 379 4446 καθεξῆς.
414 4377 523 4431 Καὶ
563 4379 804 4452 περιέχει
840 4397 903 4450 γε
935 4383 962 4435 ὁ
997 4381 1209 4452 ψαλμὸς
1253 4374 1406 4444 οὗτος
1449 4381 1568 4434 ὅλον
1609 4381 1702 4434 τὸν

1816 4386 2081 4455 deinceps.
2112 4385 2289 4456 Atque
2317 4385 2404 4440 bic
2427 4385 2665 4455 psalmus
2689 4385 3003 4438 universum
3032 4380 3208 4434 locum
3261 4389 3382 4430 mo-

86 4469 288 4521 τὸπον
325 4468 414 4522 τὸν
452 4471 639 4541 ἠθικὸν
675 4471 809 4544 μετὰ
845 4473 1024 4544 πάσης
1055 4471 1284 4541 Θεωρίας
1315 4472 1413 4543 τῆς
1437 4471 1563 4542 περὶ
1593 4471 1700 4524 τῶν

83 4561 399 4633 διαφόρων
440 4565 496 4616 ὲν
525 4566 636 4627 τοῖς
681 4565 890 4632 ἠθικοῖς
927 4564 1113 4628 τόποις
1158 4565 1440 4634 ὀνομάτων
1473 4565 1529 4617 ὲν
1581 4566 1699 4627 ταῖς

85 4653 391 4724 Γραφαῖς.
440 4655 634 4708 Ἱστέον
689 4655 744 4708 δὲ
795 4657 871 4720 ὡς
916 4656 1043 4710 ἄλλο
1099 4656 1196 4726 μὲν
1247 4657 1431 4728 νόμος,
1473 4655 1600 4711 ἄλλο
1645 4654 1702 4708 δὲ

77 4744 422 4816 δικαίωμα,
481 4745 608 4800 ἄλλο
667 4747 1015 4818 πρόσταγμα,
1058 4747 1185 4802 ἄλλο
1221 4751 1537 4821 μαρτύριον,
1575 4749 1702 4803 ἄλλο

82 4841 322 4912 κρῖμα.
359 4838 457 4892 Διὰ
488 4839 644 4893 τοῦτο
689 4840 744 4893 δὲ
783 4840 1015 4894 ἐνταῦθα
1054 4841 1122 4894 τὰ
1165 4846 1401 4914 στοιχεῖα
1443 4843 1702 4914 προτέτα-

78 4947 271 4993 κται,
309 4931 394 4985 ἴνα
414 4932 626 5004 δηλωθῇ
655 4935 765 4998 τοῖς
799 4933 1231 5004 ἐντυγχάνουσιν,
1267 4934 1348 4988 ὅτι
1373 4933 1440 4987 τὰ
1466 4934 1704 5004 στοιχεῖά

77 5025 271 5076 ἐστιν
301 5023 333 5094 ἡ
369 5023 568 5092 γνῶσις
601 5024 694 5078 τοῦ
731 5025 922 5096 ἠθικοῦ
964 5026 1150 5079 τόπου.
1209 5025 1365 5080 Οὐτω
1397 5027 1490 5080 καὶ
1512 5027 1560 5080 οἱ
1596 5033 1701 5097 ρια¹

73 5116 215 5172 καὶ
251 5115 353 5187 ρι6¹
382 5116 616 5188 ψαλμοὶ,
651 5119 771 5173 τινὰ
802 5119 999 5192 τρόπον
1033 5120 1276 5173 κάκεῖνοι
1315 5121 1494 5190 ἠθικοὶ
1529 5121 1698 5186 ὄντες,

76 5204 271 5280 εῖχον
294 5209 393 5281 τὴν
423 5210 598 5283 ἀρχὴν
623 5211 732 5264 τῶν
765 5213 960 5282 στίχων
992 5212 1098 5265 ἀπὸ
1129 5211 1238 5265 τῶν
1267 5213 1394 5284 παρ’
1436 5212 1702 5284 Ἑϐραίοις

77 5298 427 5368 στοιχείων.
473 5299 622 5354 Ἐκεῖ
657 5301 754 5372 μὲν
777 5297 869 5356 οὖν
899 5303 931 5374 ἡ
968 5302 1304 5374 στοιχείωσις
1351 5303 1451 5355 οὐκ
1484 5302 1703 5356 ἐκτέτα-

73 5411 234 5456 ται,
269 5393 405 5447 ἀλλὰ
431 5393 519 5448 διὰ
556 5393 800 5466 βραχέων
827 5393 1204 5466 παραδέδοται.
1253 5393 1450 5447 ’ἰστέον
1500 5394 1698 5460 τοίνυν,

74 5486 319 5557 ὥσπερ
350 5485 504 5550 ἄλλα,
557 5485 699 5540 οὕτω
751 5488 844 5540 καὶ
900 5485 1071 5540 ταῦτα
1117 5488 1174 5541 ἐν
1229 5486 1504 5560 Πνεύματι
1561 5489 1703 5560 ἁγίῳ

75 5575 457 5648 γεγράφθαι,
487 5576 642 5646 λόγον
668 5592 726 5630 τε
763 5577 905 5648 ἔχειν
938 5577 1038 5630 οὐκ
1061 5577 1548 5650 εὐκαταφρόνητον.
1594 5581 1701 5633 Καὶ

80 5672 132 5741 ἦ
171 5667 341 5722 αἰτία
383 5668 476 5722 τοῦ
523 5668 750 5724 ἕκαστον
802 5669 909 5723 τῶν
964 5673 1239 5742 στοιχείων
1300 5672 1522 5737 ὀκτάκις
1571 5676 1698 5746 παρ’

211 5842 258 5872 "
291 5846 445 5899 Joan.
481 5860 497 5899 ι
527 5883 541 5910 ,
579 5843 663 5901 Η.
745 5847 785 5878 ¹¹
832 5846 972 5903 Psal.
1014 5863 1050 5902 ι.

1809 4477 1973 4532 ralem
2022 4477 2399 4550 complectitur
2431 4490 2554 4530 eum
2590 4475 2734 4528 omni
2789 4470 3246 4540 contemplatione
3277 4481 3376 4522 no-

1807 4567 2012 4621 minum
2059 4581 2180 4637 quae
2215 4567 2267 4621 in
2297 4567 2431 4622 locis
2479 4565 2775 4621 moralibus
2810 4563 3028 4618 adhibet
3073 4559 3376 4630 Scriptura.

1809 4655 2097 4712 Sciendum
2143 4667 2323 4713 autem
2372 4655 2644 4727 quomodo
2691 4655 2836 4711 aliud
2883 4655 3102 4724 quidem
3153 4656 3224 4708 sit
3266 4651 3379 4716 lex,

1807 4750 1950 4804 aliud
1983 4764 2111 4805 vero
2139 4748 2458 4818 iustiﬁcatio
2484 4790 2498 4814 ,
2529 4749 2676 4805 aliud
2721 4757 3073 4820 praaceptum,
3106 4744 3254 4801 aliud
3286 4755 3372 4800 te-

1807 4842 2143 4908 stimonium,
2175 4841 2320 4896 aliud
2353 4842 2636 4910 judicium.
2665 4839 2874 4896 Idcirco
2901 4847 3080 4893 autem
3103 4836 3376 4893 elementa

1810 4934 1898 4988 bic
1924 4933 2210 5004 praeposita
2240 4942 2385 4995 sunt,
2412 4943 2468 4985 ut
2494 4930 2794 5001 legentibus
2833 4931 3236 4985 demonstretur
3267 4925 3379 4981 ele-

1809 5034 1992 5080 menta
2022 5040 2143 5081 esse
2174 5024 2396 5080 moralis
2421 5024 2520 5079 loci
2555 5024 2866 5080 scientiam.
2911 5021 3005 5076 Sic
3035 5021 3199 5076 etiam
3230 5018 3378 5089 psal—

1810 5117 1882 5171 mi
1937 5117 2272 5173 centesimus
2314 5115 2632 5171 undecimus
2663 5123 2718 5170 et
2747 5113 3077 5170 centesimus
3121 5113 3378 5168 duodeci-

1809 5225 1949 5277 ntus,
1978 5225 2101 5266 eum
2142 5219 2200 5265 et
2239 5209 2314 5263 illi
2353 5209 2751 5279 quodammodo
2795 5206 3029 5262 morales
3056 5205 3188 5270 sint,
3226 5205 3375 5275 priu-

1809 5304 2008 5374 cipium
2054 5302 2447 5358 versiculorum
2497 5301 2806 5357 habuerunt
2837 5300 2906 5353 ab
2949 5297 3234 5353 elementis
3269 5297 3373 5352 Ι-Ιοι

1808 5397 2096 5453 braeorum.
2127 5396 2202 5453 lbi
2251 5396 2413 5467 igitur
2439 5394 2787 5452 elemenlatio
2833 5408 2941 5447 non
2989 5401 3067 5447 est
3100 5391 3368 5461 exposita,

1809 5490 1905 5545 sed
1946 5491 2186 5546 breviter
2222 5491 2440 5561 quidem
2476 5490 2697 5544 tradita.
2747 5485 3039 5542 Sciendum
3081 5485 3247 5558 igitur
3292 5485 3368 5538 uti

1808 5579 1914 5635 alia
1943 5620 1958 5648 ,
2003 5581 2083 5637 sic
2123 5591 2178 5635 et
2205 5583 2318 5638 haec
2346 5582 2399 5637 in
2439 5579 2646 5650 Spiritu
2675 5586 2866 5634 sancto
2889 5577 3088 5646 scripta
3118 5589 3240 5630 esse
3267 5612 3282 5640 ,
3318 5582 3373 5629 et

1812 5674 2032 5732 minime
2083 5676 2532 5733 contemnendam
2596 5673 2797 5729 habere
2848 5670 3133 5725 rationem.
3194 5668 3372 5740 Atque
