  <div class='ocr_page' id='page_1' title='image "/cluster/home/n/w/nwhite01/storage/ocr_20150623/12/hvd.32044019207638/797.png"; bbox 0 0 3800 6502; ppageno 0'>
   <div class='ocr_carea' id='block_1_1' title="bbox 539 418 676 477">
    <p class='ocr_par' dir='ltr' id='par_1_1' title="bbox 539 418 676 477">
     <span class='ocr_line' id='line_1_1' title="bbox 539 418 676 477; baseline -0.029 -3"><span class='ocrx_word' id='word_1_1' title='bbox 539 418 676 477; x_wconf 78' lang='grc'><strong>1587</strong></span> 
     </span>
    </p>
   </div>
   <div class='ocr_carea' id='block_1_2' title="bbox 1885 391 3607 457">
    <p class='ocr_par' dir='ltr' id='par_1_2' title="bbox 1885 391 3607 457">
     <span class='ocr_line' id='line_1_2' title="bbox 1885 391 3607 457; baseline -0.024 -1"><span class='ocrx_word' id='word_1_2' title='bbox 1885 398 1977 455; x_wconf 74' lang='lat' dir='ltr'><strong>EX</strong></span> <span class='ocrx_word' id='word_1_3' title='bbox 2016 391 2321 455; x_wconf 76' lang='lat' dir='ltr'><strong>ORlGENE</strong></span> <span class='ocrx_word' id='word_1_4' title='bbox 3534 399 3607 457; x_wconf 52' lang='lat' dir='ltr'><strong>ms</strong></span> 
     </span>
    </p>
   </div>
   <div class='ocr_carea' id='block_1_3' title="bbox 539 505 2110 606">
    <p class='ocr_par' dir='ltr' id='par_1_3' title="bbox 539 523 2110 606">
     <span class='ocr_line' id='line_1_3' title="bbox 539 523 2110 606; baseline -0.01 -11"><span class='ocrx_word' id='word_1_5' title='bbox 539 541 654 598; x_wconf 64' lang='lat' dir='ltr'><strong>hac</strong></span> <span class='ocrx_word' id='word_1_6' title='bbox 685 546 767 596; x_wconf 82' lang='lat' dir='ltr'><strong>est</strong></span> <span class='ocrx_word' id='word_1_7' title='bbox 799 552 962 596; x_wconf 89' lang='lat' dir='ltr'><strong>causa</strong></span> <span class='ocrx_word' id='word_1_8' title='bbox 1008 551 1110 593; x_wconf 89' lang='lat' dir='ltr'><strong>cur</strong></span> <span class='ocrx_word' id='word_1_9' title='bbox 1138 534 1346 606; x_wconf 86' lang='lat' dir='ltr'><strong>singula</strong></span> <span class='ocrx_word' id='word_1_10' title='bbox 1394 532 1660 589; x_wconf 89' lang='lat' dir='ltr'><strong>elementa</strong></span> <span class='ocrx_word' id='word_1_11' title='bbox 1693 527 1865 586; x_wconf 87' lang='lat' dir='ltr'><strong>octies</strong></span> <span class='ocrx_word' id='word_1_12' title='bbox 1906 526 1973 581; x_wconf 87' lang='lat' dir='ltr'><strong>ab</strong></span> <span class='ocrx_word' id='word_1_13' title='bbox 2004 523 2110 580; x_wconf 88' lang='lat' dir='ltr'><strong>lle-</strong></span> 
     </span>
    </p>
   </div>
   <div class='ocr_carea' id='block_1_4' title="bbox 2215 505 3609 606">
    <p class='ocr_par' dir='ltr' id='par_1_4' title="bbox 2228 505 3609 588">
     <span class='ocr_line' id='line_1_4' title="bbox 2228 505 3609 588; baseline -0.014 -16"><span class='ocrx_word' id='word_1_14' title='bbox 2228 515 2500 588; x_wconf 78' lang='grc' dir='ltr'>Ἐϐραίοις</span> <span class='ocrx_word' id='word_1_15' title='bbox 2522 510 2774 585; x_wconf 81' lang='grc' dir='ltr'>εἰρῆσθαι</span> <span class='ocrx_word' id='word_1_16' title='bbox 2796 509 2853 564; x_wconf 79' lang='grc' dir='ltr'>ἐν</span> <span class='ocrx_word' id='word_1_17' title='bbox 2873 508 3046 580; x_wconf 85' lang='grc' dir='ltr'>τούτῳ</span> <span class='ocrx_word' id='word_1_18' title='bbox 3069 505 3144 579; x_wconf 86' lang='grc' dir='ltr'>τῷ</span> <span class='ocrx_word' id='word_1_19' title='bbox 3171 507 3491 580; x_wconf 26' lang='lat' dir='ltr'><strong>doing)..ng</strong></span> <span class='ocrx_word' id='word_1_20' title='bbox 3511 519 3609 574; x_wconf 47' lang='lat'><strong>7,37,,</strong></span> 
     </span>
    </p>
   </div>
   <div class='ocr_carea' id='block_1_5' title="bbox 519 623 2104 714">
    <p class='ocr_par' dir='ltr' id='par_1_5' title="bbox 519 623 2104 714">
     <span class='ocr_line' id='line_1_5' title="bbox 519 623 2104 714; baseline -0.015 -16"><span class='ocrx_word' id='word_1_21' title='bbox 519 640 703 714; x_wconf 58' lang='lat' dir='ltr'><strong>armis</strong></span> <span class='ocrx_word' id='word_1_22' title='bbox 742 638 887 694; x_wconf 90' lang='lat' dir='ltr'><strong>dicta</strong></span> <span class='ocrx_word' id='word_1_23' title='bbox 912 637 1023 692; x_wconf 87' lang='lat' dir='ltr'><strong>sint</strong></span> <span class='ocrx_word' id='word_1_24' title='bbox 1064 634 1118 690; x_wconf 90' lang='lat' dir='ltr'><strong>in</strong></span> <span class='ocrx_word' id='word_1_25' title='bbox 1148 635 1249 689; x_wconf 91' lang='lat' dir='ltr'><strong>hoc</strong></span> <span class='ocrx_word' id='word_1_26' title='bbox 1278 630 1508 701; x_wconf 80' lang='lat' dir='ltr'><strong>psalmo.</strong></span> <span class='ocrx_word' id='word_1_27' title='bbox 1541 628 1677 683; x_wconf 82' lang='lat' dir='ltr'><strong>Veni</strong></span> <span class='ocrx_word' id='word_1_28' title='bbox 1708 625 1875 696; x_wconf 78' lang='lat' dir='ltr'><strong>igitur</strong></span> <span class='ocrx_word' id='word_1_29' title='bbox 1897 623 1966 679; x_wconf 89' lang='lat' dir='ltr'><strong>ad</strong></span> <span class='ocrx_word' id='word_1_30' title='bbox 1998 636 2104 677; x_wconf 89' lang='lat' dir='ltr'><strong>nu-</strong></span> 
     </span>
    </p>
   </div>
   <div class='ocr_carea' id='block_1_6' title="bbox 537 712 2108 788">
    <p class='ocr_par' dir='ltr' id='par_1_6' title="bbox 537 712 2108 788">
     <span class='ocr_line' id='line_1_6' title="bbox 537 712 2108 788; baseline -0.013 -2"><span class='ocrx_word' id='word_1_31' title='bbox 537 745 750 788; x_wconf 81' lang='lat' dir='ltr'><strong>merum</strong></span> <span class='ocrx_word' id='word_1_32' title='bbox 803 726 1168 786; x_wconf 90' lang='lat' dir='ltr'><strong>octonarium.</strong></span> <span class='ocrx_word' id='word_1_33' title='bbox 1210 731 1262 778; x_wconf 92' lang='lat' dir='ltr'><strong>et</strong></span> <span class='ocrx_word' id='word_1_34' title='bbox 1308 721 1480 778; x_wconf 84' lang='lat' dir='ltr'><strong>sicubi</strong></span> <span class='ocrx_word' id='word_1_35' title='bbox 1518 720 1570 774; x_wconf 94' lang='lat' dir='ltr'><strong>in</strong></span> <span class='ocrx_word' id='word_1_36' title='bbox 1604 717 1888 787; x_wconf 77' lang='lat' dir='ltr'><strong>Scriptura</strong></span> <span class='ocrx_word' id='word_1_37' title='bbox 1933 712 2108 768; x_wconf 87' lang='lat' dir='ltr'><strong>nomi-</strong></span> 
     </span>
    </p>
   </div>
   <div class='ocr_carea' id='block_1_7' title="bbox 538 807 2110 894">
    <p class='ocr_par' dir='ltr' id='par_1_7' title="bbox 538 807 2110 894">
     <span class='ocr_line' id='line_1_7' title="bbox 538 807 2110 894; baseline -0.015 -12"><span class='ocrx_word' id='word_1_38' title='bbox 538 832 700 882; x_wconf 84' lang='lat' dir='ltr'><strong>natus</strong></span> <span class='ocrx_word' id='word_1_39' title='bbox 743 832 848 892; x_wconf 87' lang='lat' dir='ltr'><strong>est,</strong></span> <span class='ocrx_word' id='word_1_40' title='bbox 881 819 1228 894; x_wconf 81' lang='lat' dir='ltr'><strong>apprehende</strong></span> <span class='ocrx_word' id='word_1_41' title='bbox 1261 818 1434 880; x_wconf 90' lang='lat' dir='ltr'><strong>illum,</strong></span> <span class='ocrx_word' id='word_1_42' title='bbox 1458 824 1513 870; x_wconf 90' lang='lat' dir='ltr'><strong>et</strong></span> <span class='ocrx_word' id='word_1_43' title='bbox 1539 814 1662 868; x_wconf 86' lang='lat' dir='ltr'><strong>vide</strong></span> <span class='ocrx_word' id='word_1_44' title='bbox 1691 812 1757 864; x_wconf 86' lang='lat' dir='ltr'><strong>ad</strong></span> <span class='ocrx_word' id='word_1_45' title='bbox 1788 807 1921 880; x_wconf 91' lang='lat' dir='ltr'><strong>quid</strong></span> <span class='ocrx_word' id='word_1_46' title='bbox 1961 807 2110 863; x_wconf 90' lang='lat' dir='ltr'><strong>dica-</strong></span> 
     </span>
    </p>
   </div>
   <div class='ocr_carea' id='block_1_8' title="bbox 535 899 2106 985">
    <p class='ocr_par' dir='ltr' id='par_1_8' title="bbox 535 899 2106 985">
     <span class='ocr_line' id='line_1_8' title="bbox 535 899 2106 985; baseline -0.014 -12"><span class='ocrx_word' id='word_1_47' title='bbox 535 923 648 982; x_wconf 80' lang='lat' dir='ltr'><strong>tur,</strong></span> <span class='ocrx_word' id='word_1_48' title='bbox 678 925 840 985; x_wconf 88' lang='lat' dir='ltr'><strong>atque</strong></span> <span class='ocrx_word' id='word_1_49' title='bbox 873 915 978 971; x_wconf 92' lang='lat' dir='ltr'><strong>erit</strong></span> <span class='ocrx_word' id='word_1_50' title='bbox 1011 913 1107 968; x_wconf 84' lang='lat' dir='ltr'><strong>tibi</strong></span> <span class='ocrx_word' id='word_1_51' title='bbox 1152 911 1300 966; x_wconf 85' lang='lat' dir='ltr'><strong>utilis</strong></span> <span class='ocrx_word' id='word_1_52' title='bbox 1345 910 1433 964; x_wconf 91' lang='lat' dir='ltr'><strong>hic</strong></span> <span class='ocrx_word' id='word_1_53' title='bbox 1487 920 1669 963; x_wconf 88' lang='lat' dir='ltr'><strong>sermo</strong></span> <span class='ocrx_word' id='word_1_54' title='bbox 1703 903 1772 958; x_wconf 89' lang='lat' dir='ltr'><strong>ad</strong></span> <span class='ocrx_word' id='word_1_55' title='bbox 1799 899 2106 964; x_wconf 88' lang='lat' dir='ltr'><strong>sciendum,</strong></span> 
     </span>
    </p>
   </div>
   <div class='ocr_carea' id='block_1_9' title="bbox 538 990 2108 1078">
    <p class='ocr_par' dir='ltr' id='par_1_9' title="bbox 538 990 2108 1078">
     <span class='ocr_line' id='line_1_9' title="bbox 538 990 2108 1078; baseline -0.013 -14"><span class='ocrx_word' id='word_1_56' title='bbox 538 1005 960 1077; x_wconf 82' lang='lat' dir='ltr'><strong>unumquodque</strong></span> <span class='ocrx_word' id='word_1_57' title='bbox 982 1005 1309 1060; x_wconf 90' lang='lat' dir='ltr'><strong>elementum</strong></span> <span class='ocrx_word' id='word_1_58' title='bbox 1345 998 1740 1078; x_wconf 76' lang='lat' dir='ltr'><strong>perfectionem</strong></span> <span class='ocrx_word' id='word_1_59' title='bbox 1777 1008 1898 1050; x_wconf 90' lang='lat' dir='ltr'><strong>esse</strong></span> <span class='ocrx_word' id='word_1_60' title='bbox 1943 990 2108 1046; x_wconf 88' lang='lat' dir='ltr'><strong>simul</strong></span> 
     </span>
    </p>
   </div>
   <div class='ocr_carea' id='block_1_10' title="bbox 538 1083 2110 1166">
    <p class='ocr_par' dir='ltr' id='par_1_10' title="bbox 538 1083 2110 1166">
     <span class='ocr_line' id='line_1_10' title="bbox 538 1083 2110 1166; baseline -0.011 -10"><span class='ocrx_word' id='word_1_61' title='bbox 538 1108 596 1157; x_wconf 90' lang='lat' dir='ltr'><strong>et</strong></span> <span class='ocrx_word' id='word_1_62' title='bbox 643 1112 950 1154; x_wconf 88' lang='lat' dir='ltr'><strong>numerum.</strong></span> <span class='ocrx_word' id='word_1_63' title='bbox 1003 1096 1231 1166; x_wconf 84' lang='lat' dir='ltr'><strong>Quando</strong></span> <span class='ocrx_word' id='word_1_64' title='bbox 1263 1102 1445 1149; x_wconf 87' lang='lat' dir='ltr'><strong>autem</strong></span> <span class='ocrx_word' id='word_1_65' title='bbox 1493 1089 1720 1162; x_wconf 80' lang='lat' dir='ltr'><strong>perfecti</strong></span> <span class='ocrx_word' id='word_1_66' title='bbox 1774 1083 2110 1142; x_wconf 90' lang='lat' dir='ltr'><strong>evaserimus</strong></span> 
     </span>
    </p>
   </div>
   <div class='ocr_carea' id='block_1_11' title="bbox 538 1174 2108 1258">
    <p class='ocr_par' dir='ltr' id='par_1_11' title="bbox 538 1174 2108 1258">
     <span class='ocr_line' id='line_1_11' title="bbox 538 1174 2108 1258; baseline -0.01 -12"><span class='ocrx_word' id='word_1_67' title='bbox 538 1191 595 1246; x_wconf 92' lang='lat' dir='ltr'><strong>in</strong></span> <span class='ocrx_word' id='word_1_68' title='bbox 625 1189 929 1254; x_wconf 88' lang='lat' dir='ltr'><strong>elementis,</strong></span> <span class='ocrx_word' id='word_1_69' title='bbox 962 1187 1303 1258; x_wconf 82' lang='lat' dir='ltr'><strong>septenarius</strong></span> <span class='ocrx_word' id='word_1_70' title='bbox 1333 1183 1492 1240; x_wconf 89' lang='lat' dir='ltr'><strong>nobis</strong></span> <span class='ocrx_word' id='word_1_71' title='bbox 1523 1195 1780 1237; x_wconf 90' lang='lat' dir='ltr'><strong>numerus</strong></span> <span class='ocrx_word' id='word_1_72' title='bbox 1810 1174 2108 1248; x_wconf 66' lang='lat' dir='ltr'><strong>praeferen-</strong></span> 
     </span>
    </p>
   </div>
   <div class='ocr_carea' id='block_1_12' title="bbox 539 1270 2112 1354">
    <p class='ocr_par' dir='ltr' id='par_1_12' title="bbox 539 1270 2112 1354">
     <span class='ocr_line' id='line_1_12' title="bbox 539 1270 2112 1354; baseline -0.009 -16"><span class='ocrx_word' id='word_1_73' title='bbox 539 1283 666 1349; x_wconf 91' lang='lat' dir='ltr'><strong>dus,</strong></span> <span class='ocrx_word' id='word_1_74' title='bbox 693 1282 820 1354; x_wconf 86' lang='lat' dir='ltr'><strong>quia</strong></span> <span class='ocrx_word' id='word_1_75' title='bbox 843 1281 1101 1338; x_wconf 90' lang='lat' dir='ltr'><strong>nimirum</strong></span> <span class='ocrx_word' id='word_1_76' title='bbox 1131 1281 1219 1336; x_wconf 91' lang='lat' dir='ltr'><strong>hic</strong></span> <span class='ocrx_word' id='word_1_77' title='bbox 1247 1293 1342 1349; x_wconf 89' lang='lat' dir='ltr'><strong>per</strong></span> <span class='ocrx_word' id='word_1_78' title='bbox 1369 1277 1655 1333; x_wconf 86' lang='lat' dir='ltr'><strong>materiam</strong></span> <span class='ocrx_word' id='word_1_79' title='bbox 1684 1270 2000 1345; x_wconf 81' lang='lat' dir='ltr'><strong>perficitur;</strong></span> <span class='ocrx_word' id='word_1_80' title='bbox 2035 1270 2112 1325; x_wconf 86' lang='lat' dir='ltr'><strong>si-</strong></span> 
     </span>
    </p>
   </div>
   <div class='ocr_carea' id='block_1_13' title="bbox 539 1362 2111 1448">
    <p class='ocr_par' dir='ltr' id='par_1_13' title="bbox 539 1362 2111 1448">
     <span class='ocr_line' id='line_1_13' title="bbox 539 1362 2111 1448; baseline -0.011 -15"><span class='ocrx_word' id='word_1_81' title='bbox 539 1377 760 1448; x_wconf 89' lang='lat' dir='ltr'><strong>quidem</strong></span> <span class='ocrx_word' id='word_1_82' title='bbox 789 1373 1132 1445; x_wconf 85' lang='lat' dir='ltr'><strong>septenarius</strong></span> <span class='ocrx_word' id='word_1_83' title='bbox 1177 1372 1390 1443; x_wconf 84' lang='lat' dir='ltr'><strong>signum</strong></span> <span class='ocrx_word' id='word_1_84' title='bbox 1434 1376 1516 1424; x_wconf 89' lang='lat' dir='ltr'><strong>est</strong></span> <span class='ocrx_word' id='word_1_85' title='bbox 1549 1364 1822 1424; x_wconf 89' lang='lat' dir='ltr'><strong>crassitiei</strong></span> <span class='ocrx_word' id='word_1_86' title='bbox 1851 1362 2111 1418; x_wconf 81' lang='lat' dir='ltr'><strong>materia-</strong></span> 
     </span>
    </p>
   </div>
   <div class='ocr_carea' id='block_1_14' title="bbox 539 1456 2111 1535">
    <p class='ocr_par' dir='ltr' id='par_1_14' title="bbox 539 1456 2111 1535">
     <span class='ocr_line' id='line_1_14' title="bbox 539 1456 2111 1535; baseline -0.01 -13"><span class='ocrx_word' id='word_1_87' title='bbox 539 1468 644 1535; x_wconf 88' lang='lat' dir='ltr'><strong>lis;</strong></span> <span class='ocrx_word' id='word_1_88' title='bbox 682 1465 996 1522; x_wconf 90' lang='lat' dir='ltr'><strong>octonarius</strong></span> <span class='ocrx_word' id='word_1_89' title='bbox 1021 1461 1152 1520; x_wconf 79' lang='lat' dir='ltr'><strong>vero</strong></span> <span class='ocrx_word' id='word_1_90' title='bbox 1199 1470 1376 1518; x_wconf 90' lang='lat' dir='ltr'><strong>status</strong></span> <span class='ocrx_word' id='word_1_91' title='bbox 1416 1456 1794 1515; x_wconf 87' lang='lat' dir='ltr'><strong>immaterialis</strong></span> <span class='ocrx_word' id='word_1_92' title='bbox 1821 1465 1984 1526; x_wconf 87' lang='lat' dir='ltr'><strong>atque</strong></span> <span class='ocrx_word' id='word_1_93' title='bbox 2014 1468 2111 1523; x_wconf 88' lang='lat' dir='ltr'><strong>po-</strong></span> 
     </span>
    </p>
   </div>
   <div class='ocr_carea' id='block_1_15' title="bbox 541 1543 2107 1629">
    <p class='ocr_par' dir='ltr' id='par_1_15' title="bbox 541 1543 2107 1629">
     <span class='ocr_line' id='line_1_15' title="bbox 541 1543 2107 1629; baseline -0.011 -13"><span class='ocrx_word' id='word_1_94' title='bbox 541 1556 1056 1629; x_wconf 87' lang='lat' dir='ltr'><strong>tioris-principium</strong></span> <span class='ocrx_word' id='word_1_95' title='bbox 1101 1562 1207 1611; x_wconf 89' lang='lat' dir='ltr'><strong>est.</strong></span> <span class='ocrx_word' id='word_1_96' title='bbox 1240 1551 1300 1608; x_wconf 89' lang='lat' dir='ltr'><strong>Si</strong></span> <span class='ocrx_word' id='word_1_97' title='bbox 1351 1550 1498 1608; x_wconf 91' lang='lat' dir='ltr'><strong>enim</strong></span> <span class='ocrx_word' id='word_1_98' title='bbox 1549 1557 1609 1604; x_wconf 90' lang='lat' dir='ltr'><strong>ut</strong></span> <span class='ocrx_word' id='word_1_99' title='bbox 1643 1547 1933 1619; x_wconf 87' lang='lat' dir='ltr'><strong>plurimum</strong></span> <span class='ocrx_word' id='word_1_100' title='bbox 1966 1543 2107 1600; x_wconf 89' lang='lat' dir='ltr'><strong>dici-</strong></span> 
     </span>
    </p>
   </div>
   <div class='ocr_carea' id='block_1_16' title="bbox 544 1636 2109 1710">
    <p class='ocr_par' dir='ltr' id='par_1_16' title="bbox 544 1636 2109 1710">
     <span class='ocr_line' id='line_1_16' title="bbox 544 1636 2109 1710; baseline -0.011 -2"><span class='ocrx_word' id='word_1_101' title='bbox 544 1668 668 1710; x_wconf 88' lang='lat' dir='ltr'><strong>mus</strong></span> <span class='ocrx_word' id='word_1_102' title='bbox 715 1649 1029 1707; x_wconf 80' lang='lat' dir='ltr'><strong>sextenario</strong></span> <span class='ocrx_word' id='word_1_103' title='bbox 1077 1659 1300 1701; x_wconf 86' lang='lat' dir='ltr'><strong>numero</strong></span> <span class='ocrx_word' id='word_1_104' title='bbox 1347 1642 1634 1698; x_wconf 88' lang='lat' dir='ltr'><strong>materiam</strong></span> <span class='ocrx_word' id='word_1_105' title='bbox 1688 1639 1874 1695; x_wconf 84' lang='lat' dir='ltr'><strong>mundi</strong></span> <span class='ocrx_word' id='word_1_106' title='bbox 1923 1636 2109 1693; x_wconf 87' lang='lat' dir='ltr'><strong>habitu</strong></span> 
     </span>
    </p>
   </div>
   <div class='ocr_carea' id='block_1_17' title="bbox 541 1735 2108 1820">
    <p class='ocr_par' dir='ltr' id='par_1_17' title="bbox 541 1735 2108 1820">
     <span class='ocr_line' id='line_1_17' title="bbox 541 1735 2108 1820; baseline -0.012 -16"><span class='ocrx_word' id='word_1_107' title='bbox 541 1747 790 1820; x_wconf 84' lang='lat' dir='ltr'><strong>indicari,</strong></span> <span class='ocrx_word' id='word_1_108' title='bbox 819 1755 877 1801; x_wconf 90' lang='lat' dir='ltr'><strong>at</strong></span> <span class='ocrx_word' id='word_1_109' title='bbox 897 1745 1048 1800; x_wconf 92' lang='lat' dir='ltr'><strong>illum</strong></span> <span class='ocrx_word' id='word_1_110' title='bbox 1085 1741 1304 1813; x_wconf 89' lang='lat' dir='ltr'><strong>quidem</strong></span> <span class='ocrx_word' id='word_1_111' title='bbox 1333 1739 1400 1794; x_wconf 90' lang='lat' dir='ltr'><strong>ad</strong></span> <span class='ocrx_word' id='word_1_112' title='bbox 1435 1738 1681 1795; x_wconf 86' lang='lat' dir='ltr'><strong>materiae</strong></span> <span class='ocrx_word' id='word_1_113' title='bbox 1720 1735 2108 1806; x_wconf 83' lang='lat' dir='ltr'><strong>integritatem,</strong></span> 
     </span>
    </p>
   </div>
   <div class='ocr_carea' id='block_1_18' title="bbox 541 1826 2184 1928">
    <p class='ocr_par' dir='ltr' id='par_1_18' title="bbox 541 1826 2184 1928">
     <span class='ocr_line' id='line_1_18' title="bbox 541 1826 2184 1928; baseline -0.012 -30"><span class='ocrx_word' id='word_1_114' title='bbox 541 1842 688 1897; x_wconf 85' lang='lat' dir='ltr'><strong>hunc</strong></span> <span class='ocrx_word' id='word_1_115' title='bbox 726 1853 858 1895; x_wconf 89' lang='lat' dir='ltr'><strong>vero</strong></span> <span class='ocrx_word' id='word_1_116' title='bbox 889 1838 953 1892; x_wconf 90' lang='lat' dir='ltr'><strong>ad</strong></span> <span class='ocrx_word' id='word_1_117' title='bbox 984 1833 1316 1891; x_wconf 90' lang='lat' dir='ltr'><strong>habitualem</strong></span> <span class='ocrx_word' id='word_1_118' title='bbox 1363 1830 1654 1887; x_wconf 79' lang='lat' dir='ltr'><strong>referimus</strong></span> <span class='ocrx_word' id='word_1_119' title='bbox 1695 1826 2108 1899; x_wconf 84' lang='lat' dir='ltr'><strong>perfectionem,</strong></span> <span class='ocrx_word' id='word_1_120' title='bbox 2143 1873 2184 1928; x_wconf 70' lang='grc' dir='ltr'>Β</span> 
     </span>
    </p>
   </div>
   <div class='ocr_carea' id='block_1_19' title="bbox 539 1919 2110 2000">
    <p class='ocr_par' dir='ltr' id='par_1_19' title="bbox 539 1919 2110 2000">
     <span class='ocr_line' id='line_1_19' title="bbox 539 1919 2110 2000; baseline -0.011 -11"><span class='ocrx_word' id='word_1_121' title='bbox 539 1930 839 1989; x_wconf 81' lang='lat' dir='ltr'><strong>secundum</strong></span> <span class='ocrx_word' id='word_1_122' title='bbox 889 1943 1049 2000; x_wconf 90' lang='lat' dir='ltr'><strong>quam</strong></span> <span class='ocrx_word' id='word_1_123' title='bbox 1082 1927 1205 1996; x_wconf 87' lang='lat' dir='ltr'><strong>quis</strong></span> <span class='ocrx_word' id='word_1_124' title='bbox 1234 1925 1427 1980; x_wconf 76' lang='lat' dir='ltr'><strong>anima:</strong></span> <span class='ocrx_word' id='word_1_125' title='bbox 1459 1921 1697 1978; x_wconf 88' lang='lat' dir='ltr'><strong>maculas</strong></span> <span class='ocrx_word' id='word_1_126' title='bbox 1738 1919 2003 1989; x_wconf 88' lang='lat' dir='ltr'><strong>abstergit</strong></span> <span class='ocrx_word' id='word_1_127' title='bbox 2053 1927 2110 1973; x_wconf 94' lang='lat' dir='ltr'><strong>et</strong></span> 
     </span>
    </p>
   </div>
   <div class='ocr_carea' id='block_1_20' title="bbox 541 2008 2107 2090">
    <p class='ocr_par' dir='ltr' id='par_1_20' title="bbox 541 2008 2107 2090">
     <span class='ocr_line' id='line_1_20' title="bbox 541 2008 2107 2090; baseline -0.012 -9"><span class='ocrx_word' id='word_1_128' title='bbox 541 2024 855 2081; x_wconf 87' lang='lat' dir='ltr'><strong>mundatur.</strong></span> <span class='ocrx_word' id='word_1_129' title='bbox 888 2011 1196 2090; x_wconf 53' lang='lat' dir='ltr'><strong>Antequam</strong></span> <span class='ocrx_word' id='word_1_130' title='bbox 1244 2018 1390 2073; x_wconf 90' lang='lat' dir='ltr'><strong>enim</strong></span> <span class='ocrx_word' id='word_1_131' title='bbox 1435 2015 1647 2070; x_wconf 86' lang='lat' dir='ltr'><strong>veniret</strong></span> <span class='ocrx_word' id='word_1_132' title='bbox 1673 2020 1868 2069; x_wconf 89' lang='lat' dir='ltr'><strong>octava</strong></span> <span class='ocrx_word' id='word_1_133' title='bbox 1896 2008 2107 2066; x_wconf 90' lang='lat' dir='ltr'><strong>Domini</strong></span> 
     </span>
    </p>
   </div>
   <div class='ocr_carea' id='block_1_21' title="bbox 537 2106 2112 2176">
    <p class='ocr_par' dir='ltr' id='par_1_21' title="bbox 537 2106 2112 2176">
     <span class='ocr_line' id='line_1_21' title="bbox 537 2106 2112 2176; baseline -0.011 -4"><span class='ocrx_word' id='word_1_134' title='bbox 537 2113 666 2172; x_wconf 77' lang='lat' dir='ltr'><strong>Jesu</strong></span> <span class='ocrx_word' id='word_1_135' title='bbox 689 2111 890 2170; x_wconf 85' lang='lat' dir='ltr'><strong>Christi</strong></span> <span class='ocrx_word' id='word_1_136' title='bbox 909 2111 1045 2176; x_wconf 91' lang='lat' dir='ltr'><strong>dies,</strong></span> <span class='ocrx_word' id='word_1_137' title='bbox 1063 2119 1209 2164; x_wconf 89' lang='lat' dir='ltr'><strong>totus</strong></span> <span class='ocrx_word' id='word_1_138' title='bbox 1233 2107 1467 2164; x_wconf 90' lang='lat' dir='ltr'><strong>mundus</strong></span> <span class='ocrx_word' id='word_1_139' title='bbox 1501 2106 1748 2174; x_wconf 91' lang='lat' dir='ltr'><strong>impurus</strong></span> <span class='ocrx_word' id='word_1_140' title='bbox 1762 2109 1878 2158; x_wconf 87' lang='lat' dir='ltr'><strong>erat</strong></span> <span class='ocrx_word' id='word_1_141' title='bbox 1903 2109 1957 2155; x_wconf 87' lang='lat' dir='ltr'><strong>et</strong></span> <span class='ocrx_word' id='word_1_142' title='bbox 1974 2114 2112 2170; x_wconf 71' lang='lat' dir='ltr'><strong>prae-</strong></span> 
     </span>
    </p>
   </div>
   <div class='ocr_carea' id='block_1_22' title="bbox 540 2189 2109 2275">
    <p class='ocr_par' dir='ltr' id='par_1_22' title="bbox 540 2189 2109 2275">
     <span class='ocr_line' id='line_1_22' title="bbox 540 2189 2109 2275; baseline -0.011 -15"><span class='ocrx_word' id='word_1_143' title='bbox 540 2204 802 2275; x_wconf 88' lang='lat' dir='ltr'><strong>putiatus;</strong></span> <span class='ocrx_word' id='word_1_144' title='bbox 817 2202 1034 2271; x_wconf 90' lang='lat' dir='ltr'><strong>quando</strong></span> <span class='ocrx_word' id='word_1_145' title='bbox 1050 2211 1228 2254; x_wconf 90' lang='lat' dir='ltr'><strong>autem</strong></span> <span class='ocrx_word' id='word_1_146' title='bbox 1253 2208 1443 2253; x_wconf 88' lang='lat' dir='ltr'><strong>octava</strong></span> <span class='ocrx_word' id='word_1_147' title='bbox 1462 2193 1879 2252; x_wconf 87' lang='lat' dir='ltr'><strong>resurrectionis</strong></span> <span class='ocrx_word' id='word_1_148' title='bbox 1907 2189 2109 2246; x_wconf 83' lang='lat' dir='ltr'><strong>Christi</strong></span> 
     </span>
    </p>
   </div>
   <div class='ocr_carea' id='block_1_23' title="bbox 543 2281 2111 2362">
    <p class='ocr_par' dir='ltr' id='par_1_23' title="bbox 543 2281 2111 2362">
     <span class='ocr_line' id='line_1_23' title="bbox 543 2281 2111 2362; baseline -0.011 -10"><span class='ocrx_word' id='word_1_149' title='bbox 543 2298 663 2352; x_wconf 90' lang='lat' dir='ltr'><strong>dies</strong></span> <span class='ocrx_word' id='word_1_150' title='bbox 692 2295 935 2362; x_wconf 84' lang='lat' dir='ltr'><strong>advenit,</strong></span> <span class='ocrx_word' id='word_1_151' title='bbox 987 2290 1275 2348; x_wconf 88' lang='lat' dir='ltr'><strong>confestim</strong></span> <span class='ocrx_word' id='word_1_152' title='bbox 1326 2302 1515 2344; x_wconf 89' lang='lat' dir='ltr'><strong>omnes</strong></span> <span class='ocrx_word' id='word_1_153' title='bbox 1548 2284 1792 2341; x_wconf 81' lang='lat' dir='ltr'><strong>mandati</strong></span> <span class='ocrx_word' id='word_1_154' title='bbox 1824 2297 2012 2339; x_wconf 89' lang='lat' dir='ltr'><strong>sumus</strong></span> <span class='ocrx_word' id='word_1_155' title='bbox 2058 2281 2111 2335; x_wconf 89' lang='lat' dir='ltr'><strong>in</strong></span> 
     </span>
    </p>
   </div>
   <div class='ocr_carea' id='block_1_24' title="bbox 543 2380 2110 2452">
    <p class='ocr_par' dir='ltr' id='par_1_24' title="bbox 543 2380 2110 2452">
     <span class='ocr_line' id='line_1_24' title="bbox 543 2380 2110 2452; baseline -0.012 -6"><span class='ocrx_word' id='word_1_156' title='bbox 543 2388 959 2446; x_wconf 88' lang='lat' dir='ltr'><strong>circumcisione</strong></span> <span class='ocrx_word' id='word_1_157' title='bbox 985 2384 1210 2449; x_wconf 87' lang='lat' dir='ltr'><strong>Christi,</strong></span> <span class='ocrx_word' id='word_1_158' title='bbox 1244 2380 1549 2452; x_wconf 89' lang='lat' dir='ltr'><strong>consepulti</strong></span> <span class='ocrx_word' id='word_1_159' title='bbox 1601 2386 1656 2434; x_wconf 88' lang='lat' dir='ltr'><strong>et</strong></span> <span class='ocrx_word' id='word_1_160' title='bbox 1709 2389 2110 2445; x_wconf 80' lang='lat' dir='ltr'><strong>conresurgen-</strong></span> 
     </span>
    </p>
   </div>
   <div class='ocr_carea' id='block_1_25' title="bbox 543 2465 2113 2549">
    <p class='ocr_par' dir='ltr' id='par_1_25' title="bbox 543 2465 2113 2549">
     <span class='ocr_line' id='line_1_25' title="bbox 543 2465 2113 2549; baseline -0.008 -15"><span class='ocrx_word' id='word_1_161' title='bbox 543 2491 624 2536; x_wconf 93' lang='lat' dir='ltr'><strong>tes</strong></span> <span class='ocrx_word' id='word_1_162' title='bbox 651 2481 722 2546; x_wconf 89' lang='lat' dir='ltr'><strong>ei,</strong></span> <span class='ocrx_word' id='word_1_163' title='bbox 752 2490 809 2533; x_wconf 91' lang='lat' dir='ltr'><strong>ut</strong></span> <span class='ocrx_word' id='word_1_164' title='bbox 836 2476 1214 2549; x_wconf 85' lang='lat' dir='ltr'><strong>aitApostolus</strong></span> <span class='ocrx_word' id='word_1_165' title='bbox 1239 2476 1304 2528; x_wconf 81' lang='lat'><strong>“.</strong></span> <span class='ocrx_word' id='word_1_166' title='bbox 1339 2473 1500 2545; x_wconf 81' lang='lat'><strong>797</strong></span> <span class='ocrx_word' id='word_1_167' title='bbox 1522 2470 1656 2528; x_wconf 93' lang='lat' dir='ltr'><strong>Cum</strong></span> <span class='ocrx_word' id='word_1_168' title='bbox 1683 2469 1850 2540; x_wconf 83' lang='lat' dir='ltr'><strong>igitur</strong></span> <span class='ocrx_word' id='word_1_169' title='bbox 1879 2481 1975 2538; x_wconf 90' lang='lat' dir='ltr'><strong>per</strong></span> <span class='ocrx_word' id='word_1_170' title='bbox 2004 2465 2113 2521; x_wconf 84' lang='lat' dir='ltr'><strong>ele-</strong></span> 
     </span>
    </p>
   </div>
   <div class='ocr_carea' id='block_1_26' title="bbox 545 2562 2113 2634">
    <p class='ocr_par' dir='ltr' id='par_1_26' title="bbox 545 2562 2113 2634">
     <span class='ocr_line' id='line_1_26' title="bbox 545 2562 2113 2634; baseline -0.01 -7"><span class='ocrx_word' id='word_1_171' title='bbox 545 2573 934 2629; x_wconf 87' lang='lat' dir='ltr'><strong>mentationem</strong></span> <span class='ocrx_word' id='word_1_172' title='bbox 981 2570 1163 2625; x_wconf 89' lang='lat' dir='ltr'><strong>anima</strong></span> <span class='ocrx_word' id='word_1_173' title='bbox 1213 2575 1398 2624; x_wconf 87' lang='lat' dir='ltr'><strong>nostra</strong></span> <span class='ocrx_word' id='word_1_174' title='bbox 1445 2564 1728 2634; x_wconf 79' lang='lat' dir='ltr'><strong>expietur,</strong></span> <span class='ocrx_word' id='word_1_175' title='bbox 1771 2562 1896 2617; x_wconf 91' lang='lat' dir='ltr'><strong>dum</strong></span> <span class='ocrx_word' id='word_1_176' title='bbox 1929 2575 2113 2613; x_wconf 91' lang='lat' dir='ltr'><strong>mora-</strong></span> 
     </span>
    </p>
   </div>
   <div class='ocr_carea' id='block_1_27' title="bbox 544 2651 2114 2732">
    <p class='ocr_par' dir='ltr' id='par_1_27' title="bbox 544 2651 2114 2732">
     <span class='ocr_line' id='line_1_27' title="bbox 544 2651 2114 2732; baseline -0.008 -14"><span class='ocrx_word' id='word_1_177' title='bbox 544 2665 651 2721; x_wconf 86' lang='lat' dir='ltr'><strong>lem</strong></span> <span class='ocrx_word' id='word_1_178' title='bbox 682 2663 861 2720; x_wconf 91' lang='lat' dir='ltr'><strong>locum</strong></span> <span class='ocrx_word' id='word_1_179' title='bbox 891 2661 1274 2732; x_wconf 87' lang='lat' dir='ltr'><strong>perdiscimus,</strong></span> <span class='ocrx_word' id='word_1_180' title='bbox 1304 2667 1360 2714; x_wconf 91' lang='lat' dir='ltr'><strong>et</strong></span> <span class='ocrx_word' id='word_1_181' title='bbox 1400 2657 1454 2712; x_wconf 93' lang='lat' dir='ltr'><strong>in</strong></span> <span class='ocrx_word' id='word_1_182' title='bbox 1487 2655 1712 2713; x_wconf 89' lang='lat' dir='ltr'><strong>scientia</strong></span> <span class='ocrx_word' id='word_1_183' title='bbox 1759 2653 1875 2724; x_wconf 81' lang='lat' dir='ltr'><strong>ejus</strong></span> <span class='ocrx_word' id='word_1_184' title='bbox 1900 2651 2114 2724; x_wconf 84' lang='lat' dir='ltr'><strong>perflci-</strong></span> 
     </span>
    </p>
   </div>
   <div class='ocr_carea' id='block_1_28' title="bbox 546 2743 2113 2822">
    <p class='ocr_par' dir='ltr' id='par_1_28' title="bbox 546 2743 2113 2822">
     <span class='ocr_line' id='line_1_28' title="bbox 546 2743 2113 2822; baseline -0.007 -11"><span class='ocrx_word' id='word_1_185' title='bbox 546 2770 689 2820; x_wconf 88' lang='lat' dir='ltr'><strong>mur,</strong></span> <span class='ocrx_word' id='word_1_186' title='bbox 717 2755 925 2809; x_wconf 91' lang='lat' dir='ltr'><strong>idcirco</strong></span> <span class='ocrx_word' id='word_1_187' title='bbox 977 2749 1472 2822; x_wconf 67' lang='lat' dir='ltr'><strong>impraesentiarum</strong></span> <span class='ocrx_word' id='word_1_188' title='bbox 1519 2761 1776 2803; x_wconf 89' lang='lat' dir='ltr'><strong>numerus</strong></span> <span class='ocrx_word' id='word_1_189' title='bbox 1800 2743 2113 2802; x_wconf 79' lang='lat' dir='ltr'><strong>octonarius</strong></span> 
     </span>
    </p>
   </div>
   <div class='ocr_carea' id='block_1_29' title="bbox 544 2835 2114 2917">
    <p class='ocr_par' dir='ltr' id='par_1_29' title="bbox 544 2835 2114 2917">
     <span class='ocr_line' id='line_1_29' title="bbox 544 2835 2114 2917; baseline -0.008 -15"><span class='ocrx_word' id='word_1_190' title='bbox 544 2847 600 2902; x_wconf 90' lang='lat' dir='ltr'><strong>in</strong></span> <span class='ocrx_word' id='word_1_191' title='bbox 628 2845 856 2917; x_wconf 84' lang='lat' dir='ltr'><strong>singulis</strong></span> <span class='ocrx_word' id='word_1_192' title='bbox 878 2844 1166 2901; x_wconf 89' lang='lat' dir='ltr'><strong>elementis</strong></span> <span class='ocrx_word' id='word_1_193' title='bbox 1195 2843 1524 2899; x_wconf 89' lang='lat' dir='ltr'><strong>continetur.</strong></span> <span class='ocrx_word' id='word_1_194' title='bbox 1549 2839 1736 2911; x_wconf 85' lang='lat' dir='ltr'><strong>itaque</strong></span> <span class='ocrx_word' id='word_1_195' title='bbox 1761 2838 1814 2894; x_wconf 91' lang='lat' dir='ltr'><strong>in</strong></span> <span class='ocrx_word' id='word_1_196' title='bbox 1846 2837 1948 2894; x_wconf 90' lang='lat' dir='ltr'><strong>hoc</strong></span> <span class='ocrx_word' id='word_1_197' title='bbox 1972 2835 2114 2907; x_wconf 86' lang='lat' dir='ltr'><strong>psal-</strong></span> 
     </span>
    </p>
   </div>
   <div class='ocr_carea' id='block_1_30' title="bbox 546 2930 2112 2996">
    <p class='ocr_par' dir='ltr' id='par_1_30' title="bbox 546 2930 2112 2996">
     <span class='ocr_line' id='line_1_30' title="bbox 546 2930 2112 2996; baseline -0.008 -2"><span class='ocrx_word' id='word_1_198' title='bbox 546 2955 635 2996; x_wconf 89' lang='lat' dir='ltr'><strong>mo</strong></span> <span class='ocrx_word' id='word_1_199' title='bbox 665 2950 976 2995; x_wconf 89' lang='lat' dir='ltr'><strong>sanctorum</strong></span> <span class='ocrx_word' id='word_1_200' title='bbox 1008 2935 1226 2992; x_wconf 83' lang='lat' dir='ltr'><strong>vivendi</strong></span> <span class='ocrx_word' id='word_1_201' title='bbox 1275 2933 1584 2990; x_wconf 91' lang='lat' dir='ltr'><strong>institutum</strong></span> <span class='ocrx_word' id='word_1_202' title='bbox 1619 2930 1898 2995; x_wconf 87' lang='lat' dir='ltr'><strong>describit,</strong></span> <span class='ocrx_word' id='word_1_203' title='bbox 1925 2943 2112 2984; x_wconf 92' lang='lat' dir='ltr'><strong>eorum</strong></span> 
     </span>
    </p>
   </div>
   <div class='ocr_carea' id='block_1_31' title="bbox 541 3020 2113 3095">
    <p class='ocr_par' dir='ltr' id='par_1_31' title="bbox 541 3020 2113 3095">
     <span class='ocr_line' id='line_1_31' title="bbox 541 3020 2113 3095; baseline -0.008 -6"><span class='ocrx_word' id='word_1_204' title='bbox 541 3033 862 3095; x_wconf 79' lang='lat' dir='ltr'><strong>certamina,</strong></span> <span class='ocrx_word' id='word_1_205' title='bbox 913 3029 1313 3091; x_wconf 79' lang='lat' dir='ltr'><strong>atilictiones,et</strong></span> <span class='ocrx_word' id='word_1_206' title='bbox 1342 3034 1556 3080; x_wconf 81' lang='lat' dir='ltr'><strong>caetera.</strong></span> <span class='ocrx_word' id='word_1_207' title='bbox 1590 3023 1690 3092; x_wconf 88' lang='lat' dir='ltr'><strong>Qui</strong></span> <span class='ocrx_word' id='word_1_208' title='bbox 1731 3031 1914 3078; x_wconf 92' lang='lat' dir='ltr'><strong>autem</strong></span> <span class='ocrx_word' id='word_1_209' title='bbox 1962 3020 2113 3076; x_wconf 91' lang='lat' dir='ltr'><strong>nullo</strong></span> 
     </span>
    </p>
   </div>
   <div class='ocr_carea' id='block_1_32' title="bbox 544 3113 2109 3191">
    <p class='ocr_par' dir='ltr' id='par_1_32' title="bbox 544 3113 2109 3191">
     <span class='ocr_line' id='line_1_32' title="bbox 544 3113 2109 3191; baseline -0.008 -12"><span class='ocrx_word' id='word_1_210' title='bbox 544 3123 703 3179; x_wconf 88' lang='lat' dir='ltr'><strong>modo</strong></span> <span class='ocrx_word' id='word_1_211' title='bbox 734 3136 970 3191; x_wconf 89' lang='lat' dir='ltr'><strong>unquam</strong></span> <span class='ocrx_word' id='word_1_212' title='bbox 994 3129 1204 3190; x_wconf 86' lang='lat' dir='ltr'><strong>peccat,</strong></span> <span class='ocrx_word' id='word_1_213' title='bbox 1235 3118 1284 3173; x_wconf 90' lang='lat' dir='ltr'><strong>is</strong></span> <span class='ocrx_word' id='word_1_214' title='bbox 1311 3117 1498 3187; x_wconf 87' lang='lat' dir='ltr'><strong>utique</strong></span> <span class='ocrx_word' id='word_1_215' title='bbox 1538 3115 1946 3180; x_wconf 89' lang='lat' dir='ltr'><strong>immaculatus,</strong></span> <span class='ocrx_word' id='word_1_216' title='bbox 1979 3113 2109 3185; x_wconf 92' lang='lat' dir='ltr'><strong>quin</strong></span> 
     </span>
    </p>
   </div>
   <div class='ocr_carea' id='block_1_33' title="bbox 543 3212 1079 3272">
    <p class='ocr_par' dir='ltr' id='par_1_33' title="bbox 543 3212 1079 3272">
     <span class='ocr_line' id='line_1_33' title="bbox 543 3212 1079 3272; baseline -0.009 -1"><span class='ocrx_word' id='word_1_217' title='bbox 543 3223 601 3272; x_wconf 86' lang='lat' dir='ltr'><strong>et</strong></span> <span class='ocrx_word' id='word_1_218' title='bbox 625 3214 819 3271; x_wconf 84' lang='lat' dir='ltr'><strong>beatus</strong></span> <span class='ocrx_word' id='word_1_219' title='bbox 843 3212 1079 3268; x_wconf 77' lang='lat' dir='ltr'><strong>exsistit.</strong></span> 
     </span>
    </p>
   </div>
   <div class='ocr_carea' id='block_1_34' title="bbox 612 3297 2114 3374">
    <p class='ocr_par' dir='ltr' id='par_1_34' title="bbox 612 3297 2114 3374">
     <span class='ocr_line' id='line_1_34' title="bbox 612 3297 2114 3374; baseline -0.005 -14"><span class='ocrx_word' id='word_1_220' title='bbox 612 3305 888 3374; x_wconf 79' lang='lat' dir='ltr'><strong>Ejusdem.</strong></span> <span class='ocrx_word' id='word_1_221' title='bbox 919 3302 1036 3359; x_wconf 83' lang='lat' dir='ltr'><strong>Non</strong></span> <span class='ocrx_word' id='word_1_222' title='bbox 1077 3313 1296 3374; x_wconf 86' lang='lat' dir='ltr'><strong>propter</strong></span> <span class='ocrx_word' id='word_1_223' title='bbox 1338 3299 1739 3357; x_wconf 86' lang='lat' dir='ltr'><strong>immaculatam</strong></span> <span class='ocrx_word' id='word_1_224' title='bbox 1783 3299 1950 3354; x_wconf 90' lang='lat' dir='ltr'><strong>vitam</strong></span> <span class='ocrx_word' id='word_1_225' title='bbox 1980 3297 2114 3354; x_wconf 88' lang='lat' dir='ltr'><strong>bea-</strong></span> 
     </span>
    </p>
   </div>
   <div class='ocr_carea' id='block_1_35' title="bbox 546 3391 2110 3465">
    <p class='ocr_par' dir='ltr' id='par_1_35' title="bbox 546 3391 2110 3465">
     <span class='ocr_line' id='line_1_35' title="bbox 546 3391 2110 3465; baseline -0.006 -11"><span class='ocrx_word' id='word_1_226' title='bbox 546 3408 631 3455; x_wconf 92' lang='lat' dir='ltr'><strong>tus</strong></span> <span class='ocrx_word' id='word_1_227' title='bbox 659 3399 822 3454; x_wconf 88' lang='lat' dir='ltr'><strong>homo</strong></span> <span class='ocrx_word' id='word_1_228' title='bbox 851 3397 1182 3465; x_wconf 85' lang='lat' dir='ltr'><strong>nominatur,</strong></span> <span class='ocrx_word' id='word_1_229' title='bbox 1217 3397 1312 3451; x_wconf 88' lang='lat' dir='ltr'><strong>sed</strong></span> <span class='ocrx_word' id='word_1_230' title='bbox 1357 3403 1582 3465; x_wconf 86' lang='lat' dir='ltr'><strong>propter</strong></span> <span class='ocrx_word' id='word_1_231' title='bbox 1611 3393 1705 3448; x_wconf 88' lang='lat' dir='ltr'><strong>Dei</strong></span> <span class='ocrx_word' id='word_1_232' title='bbox 1745 3391 2110 3462; x_wconf 85' lang='lat' dir='ltr'><strong>cognitionem</strong></span> 
     </span>
    </p>
   </div>
   <div class='ocr_carea' id='block_1_36' title="bbox 543 3483 2113 3556">
    <p class='ocr_par' dir='ltr' id='par_1_36' title="bbox 543 3483 2113 3556">
     <span class='ocr_line' id='line_1_36' title="bbox 543 3483 2113 3556; baseline -0.003 -16"><span class='ocrx_word' id='word_1_233' title='bbox 543 3500 706 3555; x_wconf 90' lang='lat' dir='ltr'><strong>quam</strong></span> <span class='ocrx_word' id='word_1_234' title='bbox 740 3485 840 3540; x_wconf 88' lang='lat' dir='ltr'><strong>sibi</strong></span> <span class='ocrx_word' id='word_1_235' title='bbox 900 3501 996 3556; x_wconf 86' lang='lat' dir='ltr'><strong>per</strong></span> <span class='ocrx_word' id='word_1_236' title='bbox 1051 3484 1462 3540; x_wconf 88' lang='lat' dir='ltr'><strong>immaculatam</strong></span> <span class='ocrx_word' id='word_1_237' title='bbox 1502 3483 1667 3538; x_wconf 87' lang='lat' dir='ltr'><strong>vitam</strong></span> <span class='ocrx_word' id='word_1_238' title='bbox 1695 3490 2113 3551; x_wconf 89' lang='lat' dir='ltr'><strong>comparaturus</strong></span> 
     </span>
    </p>
   </div>
   <div class='ocr_carea' id='block_1_37' title="bbox 540 3573 2111 3647">
    <p class='ocr_par' dir='ltr' id='par_1_37' title="bbox 540 3573 2111 3647">
     <span class='ocr_line' id='line_1_37' title="bbox 540 3573 2111 3647; baseline -0.004 -13"><span class='ocrx_word' id='word_1_239' title='bbox 540 3586 626 3634; x_wconf 84' lang='lat' dir='ltr'><strong>est</strong></span> <span class='ocrx_word' id='word_1_240' title='bbox 660 3595 674 3632; x_wconf 91' lang='lat'><strong>:</strong></span> <span class='ocrx_word' id='word_1_241' title='bbox 707 3593 830 3633; x_wconf 90' lang='lat' dir='ltr'><strong>nam</strong></span> <span class='ocrx_word' id='word_1_242' title='bbox 863 3598 879 3628; x_wconf 81' lang='grc' dir='ltr'><strong>ι</strong></span> <span class='ocrx_word' id='word_1_243' title='bbox 915 3580 1055 3634; x_wconf 88' lang='lat' dir='ltr'><strong>beati</strong></span> <span class='ocrx_word' id='word_1_244' title='bbox 1085 3577 1282 3634; x_wconf 87' lang='lat' dir='ltr'><strong>mundo</strong></span> <span class='ocrx_word' id='word_1_245' title='bbox 1305 3576 1490 3642; x_wconf 88' lang='lat' dir='ltr'><strong>corde,</strong></span> <span class='ocrx_word' id='word_1_246' title='bbox 1519 3574 1774 3647; x_wconf 88' lang='lat' dir='ltr'><strong>quoniam</strong></span> <span class='ocrx_word' id='word_1_247' title='bbox 1812 3573 1916 3645; x_wconf 88' lang='lat' dir='ltr'><strong>ipsi</strong></span> <span class='ocrx_word' id='word_1_248' title='bbox 1945 3573 2111 3628; x_wconf 90' lang='lat' dir='ltr'><strong>Deum</strong></span> 
     </span>
    </p>
   </div>
   <div class='ocr_carea' id='block_1_38' title="bbox 540 3669 937 3727">
    <p class='ocr_par' dir='ltr' id='par_1_38' title="bbox 540 3669 937 3727">
     <span class='ocr_line' id='line_1_38' title="bbox 540 3669 937 3727; baseline -0.01 0"><span class='ocrx_word' id='word_1_249' title='bbox 540 3669 802 3727; x_wconf 86' lang='lat' dir='ltr'><strong>videbunt</strong></span> <span class='ocrx_word' id='word_1_250' title='bbox 829 3670 892 3725; x_wconf 87' lang='grc'>¹³.</span> <span class='ocrx_word' id='word_1_251' title='bbox 917 3689 937 3722; x_wconf 72' lang='grc' dir='ltr'><strong>ι</strong></span> 
     </span>
    </p>
   </div>
   <div class='ocr_carea' id='block_1_39' title="bbox 616 3761 2111 3834">
    <p class='ocr_par' dir='ltr' id='par_1_39' title="bbox 616 3761 2111 3834">
     <span class='ocr_line' id='line_1_39' title="bbox 616 3761 2111 3834; baseline -0.002 -16"><span class='ocrx_word' id='word_1_252' title='bbox 616 3764 779 3820; x_wconf 67' lang='lat' dir='ltr'><strong>Vens.</strong></span> <span class='ocrx_word' id='word_1_253' title='bbox 809 3766 866 3821; x_wconf 80' lang='grc'>5.</span> <span class='ocrx_word' id='word_1_254' title='bbox 908 3761 1034 3820; x_wconf 83' lang='lat' dir='ltr'><strong>Non</strong></span> <span class='ocrx_word' id='word_1_255' title='bbox 1071 3765 1208 3819; x_wconf 84' lang='lat' dir='ltr'><strong>enim</strong></span> <span class='ocrx_word' id='word_1_256' title='bbox 1236 3765 1324 3834; x_wconf 85' lang='lat' dir='ltr'><strong>qui</strong></span> <span class='ocrx_word' id='word_1_257' title='bbox 1355 3773 1640 3833; x_wconf 79' lang='lat' dir='ltr'><strong>operantur</strong></span> <span class='ocrx_word' id='word_1_258' title='bbox 1686 3763 2017 3833; x_wconf 77' lang='lat' dir='ltr'><strong>iniquitatem</strong></span> <span class='ocrx_word' id='word_1_259' title='bbox 2055 3762 2111 3816; x_wconf 86' lang='lat' dir='ltr'><strong>in</strong></span> 
     </span>
    </p>
   </div>
   <div class='ocr_carea' id='block_1_40' title="bbox 541 3850 2112 3926">
    <p class='ocr_par' dir='ltr' id='par_1_40' title="bbox 541 3850 2112 3926">
     <span class='ocr_line' id='line_1_40' title="bbox 541 3850 2112 3926; baseline -0.005 -16"><span class='ocrx_word' id='word_1_260' title='bbox 541 3857 636 3910; x_wconf 77' lang='lat' dir='ltr'><strong>viis</strong></span> <span class='ocrx_word' id='word_1_261' title='bbox 657 3856 770 3926; x_wconf 84' lang='lat' dir='ltr'><strong>ejus</strong></span> <span class='ocrx_word' id='word_1_262' title='bbox 798 3856 1219 3918; x_wconf 85' lang='lat' dir='ltr'><strong>ambulaverunt,</strong></span> <span class='ocrx_word' id='word_1_263' title='bbox 1248 3863 1356 3908; x_wconf 89' lang='lat' dir='ltr'><strong>etc.</strong></span> <span class='ocrx_word' id='word_1_264' title='bbox 1390 3853 1448 3910; x_wconf 89' lang='lat' dir='ltr'><strong>Si</strong></span> <span class='ocrx_word' id='word_1_265' title='bbox 1470 3853 1562 3923; x_wconf 89' lang='lat' dir='ltr'><strong>qui</strong></span> <span class='ocrx_word' id='word_1_266' title='bbox 1591 3863 1888 3924; x_wconf 84' lang='lat' dir='ltr'><strong>operantur</strong></span> <span class='ocrx_word' id='word_1_267' title='bbox 1912 3850 2112 3921; x_wconf 90' lang='lat' dir='ltr'><strong>iniqui-</strong></span> 
     </span>
    </p>
   </div>
   <div class='ocr_carea' id='block_1_41' title="bbox 544 3941 2113 4011">
    <p class='ocr_par' dir='ltr' id='par_1_41' title="bbox 544 3941 2113 4011">
     <span class='ocr_line' id='line_1_41' title="bbox 544 3941 2113 4011; baseline -0.005 -8"><span class='ocrx_word' id='word_1_268' title='bbox 544 3956 734 4011; x_wconf 86' lang='lat' dir='ltr'><strong>tatem,</strong></span> <span class='ocrx_word' id='word_1_269' title='bbox 758 3947 811 4002; x_wconf 95' lang='lat' dir='ltr'><strong>in</strong></span> <span class='ocrx_word' id='word_1_270' title='bbox 835 3947 937 4002; x_wconf 92' lang='lat' dir='ltr'><strong>viis</strong></span> <span class='ocrx_word' id='word_1_271' title='bbox 966 3947 1058 4002; x_wconf 90' lang='lat' dir='ltr'><strong>Dei</strong></span> <span class='ocrx_word' id='word_1_272' title='bbox 1100 3961 1207 4000; x_wconf 92' lang='lat' dir='ltr'><strong>non</strong></span> <span class='ocrx_word' id='word_1_273' title='bbox 1241 3945 1540 4009; x_wconf 86' lang='lat' dir='ltr'><strong>ambulant,</strong></span> <span class='ocrx_word' id='word_1_274' title='bbox 1575 3951 1723 4000; x_wconf 91' lang='lat' dir='ltr'><strong>certe</strong></span> <span class='ocrx_word' id='word_1_275' title='bbox 1749 3941 1837 4010; x_wconf 89' lang='lat' dir='ltr'><strong>qui</strong></span> <span class='ocrx_word' id='word_1_276' title='bbox 1873 3956 2113 4010; x_wconf 85' lang='lat' dir='ltr'><strong>operan-</strong></span> 
     </span>
    </p>
   </div>
   <div class='ocr_carea' id='block_1_42' title="bbox 545 4032 2110 4108">
    <p class='ocr_par' dir='ltr' id='par_1_42' title="bbox 545 4032 2110 4108">
     <span class='ocr_line' id='line_1_42' title="bbox 545 4032 2110 4108; baseline -0.006 -14"><span class='ocrx_word' id='word_1_277' title='bbox 545 4047 633 4094; x_wconf 88' lang='lat' dir='ltr'><strong>tur</strong></span> <span class='ocrx_word' id='word_1_278' title='bbox 651 4038 935 4108; x_wconf 74' lang='lat' dir='ltr'><strong>justitiam,</strong></span> <span class='ocrx_word' id='word_1_279' title='bbox 961 4037 1014 4092; x_wconf 92' lang='lat' dir='ltr'><strong>in</strong></span> <span class='ocrx_word' id='word_1_280' title='bbox 1033 4039 1136 4093; x_wconf 88' lang='lat' dir='ltr'><strong>viis</strong></span> <span class='ocrx_word' id='word_1_281' title='bbox 1162 4037 1253 4092; x_wconf 88' lang='lat' dir='ltr'><strong>Dei</strong></span> <span class='ocrx_word' id='word_1_282' title='bbox 1279 4036 1652 4092; x_wconf 86' lang='lat' dir='ltr'><strong>ambulabunt.</strong></span> <span class='ocrx_word' id='word_1_283' title='bbox 1690 4034 1802 4090; x_wconf 73' lang='lat' dir='ltr'><strong>Vite</strong></span> <span class='ocrx_word' id='word_1_284' title='bbox 1826 4034 1986 4104; x_wconf 82' lang='lat' dir='ltr'><strong>igitur</strong></span> <span class='ocrx_word' id='word_1_285' title='bbox 2017 4032 2110 4086; x_wconf 90' lang='lat' dir='ltr'><strong>Dei</strong></span> 
     </span>
    </p>
   </div>
   <div class='ocr_carea' id='block_1_43' title="bbox 542 4126 2104 4199">
    <p class='ocr_par' dir='ltr' id='par_1_43' title="bbox 542 4126 2104 4199">
     <span class='ocr_line' id='line_1_43' title="bbox 542 4126 2104 4199; baseline -0.004 -11"><span class='ocrx_word' id='word_1_286' title='bbox 542 4141 673 4188; x_wconf 87' lang='lat' dir='ltr'><strong>sunt</strong></span> <span class='ocrx_word' id='word_1_287' title='bbox 711 4145 891 4188; x_wconf 87' lang='lat' dir='ltr'><strong>rerum</strong></span> <span class='ocrx_word' id='word_1_288' title='bbox 938 4145 1056 4199; x_wconf 76' lang='lat' dir='ltr'><strong>qua:</strong></span> <span class='ocrx_word' id='word_1_289' title='bbox 1102 4130 1260 4184; x_wconf 69' lang='lat' dir='ltr'><strong>facta:</strong></span> <span class='ocrx_word' id='word_1_290' title='bbox 1305 4138 1431 4184; x_wconf 88' lang='lat' dir='ltr'><strong>sunt</strong></span> <span class='ocrx_word' id='word_1_291' title='bbox 1461 4126 1990 4197; x_wconf 90' lang='lat' dir='ltr'><strong>contemplationes,</strong></span> <span class='ocrx_word' id='word_1_292' title='bbox 2050 4127 2104 4182; x_wconf 90' lang='lat' dir='ltr'><strong>in</strong></span> 
     </span>
    </p>
   </div>
   <div class='ocr_carea' id='block_1_44' title="bbox 540 4223 2112 4297">
    <p class='ocr_par' dir='ltr' id='par_1_44' title="bbox 540 4223 2112 4297">
     <span class='ocr_line' id='line_1_44' title="bbox 540 4223 2112 4297; baseline -0.003 -16"><span class='ocrx_word' id='word_1_293' title='bbox 540 4227 738 4297; x_wconf 85' lang='lat' dir='ltr'><strong>quibus</strong></span> <span class='ocrx_word' id='word_1_294' title='bbox 781 4225 1180 4281; x_wconf 89' lang='lat' dir='ltr'><strong>ambulabimus</strong></span> <span class='ocrx_word' id='word_1_295' title='bbox 1227 4223 1503 4294; x_wconf 88' lang='lat' dir='ltr'><strong>operando</strong></span> <span class='ocrx_word' id='word_1_296' title='bbox 1538 4223 1829 4293; x_wconf 86' lang='lat' dir='ltr'><strong>justitiam.</strong></span> <span class='ocrx_word' id='word_1_297' title='bbox 1865 4223 1925 4278; x_wconf 91' lang='lat' dir='ltr'><strong>Si</strong></span> <span class='ocrx_word' id='word_1_298' title='bbox 1983 4237 2112 4278; x_wconf 88' lang='lat' dir='ltr'><strong>vero</strong></span> 
     </span>
    </p>
   </div>
   <div class='ocr_carea' id='block_1_45' title="bbox 537 4317 2110 4388">
    <p class='ocr_par' dir='ltr' id='par_1_45' title="bbox 537 4317 2110 4388">
     <span class='ocr_line' id='line_1_45' title="bbox 537 4317 2110 4388; baseline 0 -14"><span class='ocrx_word' id='word_1_299' title='bbox 537 4320 747 4388; x_wconf 87' lang='lat' dir='ltr'><strong>justitia</strong></span> <span class='ocrx_word' id='word_1_300' title='bbox 780 4328 967 4375; x_wconf 84' lang='lat' dir='ltr'><strong>nostra</strong></span> <span class='ocrx_word' id='word_1_301' title='bbox 993 4327 1076 4375; x_wconf 87' lang='lat' dir='ltr'><strong>est</strong></span> <span class='ocrx_word' id='word_1_302' title='bbox 1105 4317 1381 4386; x_wconf 89' lang='lat' dir='ltr'><strong>Christus,</strong></span> <span class='ocrx_word' id='word_1_303' title='bbox 1412 4332 1534 4372; x_wconf 85' lang='lat' dir='ltr'><strong>nam</strong></span> <span class='ocrx_word' id='word_1_304' title='bbox 1573 4336 1594 4370; x_wconf 77' lang='grc' dir='ltr'>ι</span> <span class='ocrx_word' id='word_1_305' title='bbox 1637 4317 1812 4374; x_wconf 88' lang='lat' dir='ltr'><strong>factus</strong></span> <span class='ocrx_word' id='word_1_306' title='bbox 1843 4326 1927 4374; x_wconf 88' lang='lat' dir='ltr'><strong>est</strong></span> <span class='ocrx_word' id='word_1_307' title='bbox 1950 4317 2110 4374; x_wconf 89' lang='lat' dir='ltr'><strong>nobis</strong></span> 
     </span>
    </p>
   </div>
   <div class='ocr_carea' id='block_1_46' title="bbox 540 4408 2110 4482">
    <p class='ocr_par' dir='ltr' id='par_1_46' title="bbox 540 4408 2110 4482">
     <span class='ocr_line' id='line_1_46' title="bbox 540 4408 2110 4482; baseline -0.003 -14"><span class='ocrx_word' id='word_1_308' title='bbox 540 4411 806 4481; x_wconf 67' lang='lat' dir='ltr'><strong>Sapientia</strong></span> <span class='ocrx_word' id='word_1_309' title='bbox 837 4427 866 4465; x_wconf 91' lang='lat' dir='ltr'><strong>a</strong></span> <span class='ocrx_word' id='word_1_310' title='bbox 889 4411 1021 4475; x_wconf 90' lang='lat' dir='ltr'><strong>Deo,</strong></span> <span class='ocrx_word' id='word_1_311' title='bbox 1043 4410 1250 4482; x_wconf 86' lang='lat' dir='ltr'><strong>justitia</strong></span> <span class='ocrx_word' id='word_1_312' title='bbox 1287 4411 1417 4465; x_wconf 91' lang='lat' dir='ltr'><strong>item</strong></span> <span class='ocrx_word' id='word_1_313' title='bbox 1452 4418 1507 4465; x_wconf 86' lang='lat' dir='ltr'><strong>et</strong></span> <span class='ocrx_word' id='word_1_314' title='bbox 1536 4408 1898 4464; x_wconf 81' lang='lat' dir='ltr'><strong>sanctificatio</strong></span> <span class='ocrx_word' id='word_1_315' title='bbox 1933 4425 1996 4465; x_wconf 93' lang='lat' dir='ltr'><strong>ac</strong></span> <span class='ocrx_word' id='word_1_316' title='bbox 2024 4424 2110 4464; x_wconf 88' lang='lat' dir='ltr'><strong>re-</strong></span> 
     </span>
    </p>
   </div>
   <div class='ocr_carea' id='block_1_47' title="bbox 2211 603 3611 686">
    <p class='ocr_par' dir='ltr' id='par_1_47' title="bbox 2211 603 3611 686">
     <span class='ocr_line' id='line_1_47' title="bbox 2211 603 3611 686; baseline -0.004 -23"><span class='ocrx_word' id='word_1_317' title='bbox 2211 610 2302 664; x_wconf 73' lang='grc' dir='ltr'>ἐπὶ</span> <span class='ocrx_word' id='word_1_318' title='bbox 2323 609 2413 662; x_wconf 76' lang='grc' dir='ltr'>τὸν</span> <span class='ocrx_word' id='word_1_319' title='bbox 2437 605 2580 661; x_wconf 85' lang='grc' dir='ltr'>ὀκτὼ</span> <span class='ocrx_word' id='word_1_320' title='bbox 2611 604 2862 678; x_wconf 73' lang='grc' dir='ltr'>ἀριθμὸν,</span> <span class='ocrx_word' id='word_1_321' title='bbox 2905 603 2999 656; x_wconf 85' lang='grc' dir='ltr'>καὶ</span> <span class='ocrx_word' id='word_1_322' title='bbox 3053 603 3105 655; x_wconf 79' lang='lat' dir='ltr'><strong>el.’</strong></span> <span class='ocrx_word' id='word_1_323' title='bbox 3143 620 3232 656; x_wconf 81' lang='grc' dir='ltr'><strong>που</strong></span> <span class='ocrx_word' id='word_1_324' title='bbox 3260 603 3485 679; x_wconf 71' lang='grc' dir='ltr'>ὠνομάσθη</span> <span class='ocrx_word' id='word_1_325' title='bbox 3515 612 3550 664; x_wconf 72' lang='grc' dir='ltr'><strong>ὲν</strong></span> <span class='ocrx_word' id='word_1_326' title='bbox 3577 619 3611 686; x_wconf 54' lang='grc' dir='ltr'><strong>ες</strong></span> 
     </span>
    </p>
   </div>
   <div class='ocr_carea' id='block_1_48' title="bbox 2209 693 3613 774">
    <p class='ocr_par' dir='ltr' id='par_1_48' title="bbox 2209 693 3613 774">
     <span class='ocr_line' id='line_1_48' title="bbox 2209 693 3613 774; baseline -0.003 -17"><span class='ocrx_word' id='word_1_327' title='bbox 2209 703 2422 774; x_wconf 79' lang='grc' dir='ltr'>Γραφῇ,</span> <span class='ocrx_word' id='word_1_328' title='bbox 2445 697 2840 772; x_wconf 77' lang='grc' dir='ltr'>παραλάμϐανε</span> <span class='ocrx_word' id='word_1_329' title='bbox 2862 695 3045 758; x_wconf 77' lang='grc' dir='ltr'>αὐτὸν,</span> <span class='ocrx_word' id='word_1_330' title='bbox 3067 693 3158 748; x_wconf 77' lang='grc' dir='ltr'>καὶ</span> <span class='ocrx_word' id='word_1_331' title='bbox 3181 695 3263 749; x_wconf 72' lang='grc' dir='ltr'><strong>ἐπὶ</strong></span> <span class='ocrx_word' id='word_1_332' title='bbox 3282 697 3369 748; x_wconf 85' lang='grc' dir='ltr'>τίνι</span> <span class='ocrx_word' id='word_1_333' title='bbox 3388 699 3550 769; x_wconf 71' lang='grc' dir='ltr'>εἴρηται,</span> <span class='ocrx_word' id='word_1_334' title='bbox 3564 710 3613 761; x_wconf 74' lang='lat' dir='ltr'><strong>ni</strong></span> 
     </span>
    </p>
   </div>
   <div class='ocr_carea' id='block_1_49' title="bbox 2209 787 3612 864">
    <p class='ocr_par' dir='ltr' id='par_1_49' title="bbox 2209 787 3612 864">
     <span class='ocr_line' id='line_1_49' title="bbox 2209 787 3612 864; baseline -0.006 -14"><span class='ocrx_word' id='word_1_335' title='bbox 2209 797 2362 850; x_wconf 77' lang='grc' dir='ltr'>ἔσται</span> <span class='ocrx_word' id='word_1_336' title='bbox 2389 812 2471 848; x_wconf 93' lang='grc' dir='ltr'><strong>σοι</strong></span> <span class='ocrx_word' id='word_1_337' title='bbox 2501 793 2772 864; x_wconf 82' lang='grc' dir='ltr'><strong>χρήσιμος</strong></span> <span class='ocrx_word' id='word_1_338' title='bbox 2809 793 2837 844; x_wconf 91' lang='grc' dir='ltr'><strong>ό</strong></span> <span class='ocrx_word' id='word_1_339' title='bbox 2879 789 3036 858; x_wconf 81' lang='grc' dir='ltr'><strong>λόγος</strong></span> <span class='ocrx_word' id='word_1_340' title='bbox 3086 788 3214 858; x_wconf 79' lang='grc' dir='ltr'>πρὸς</span> <span class='ocrx_word' id='word_1_341' title='bbox 3243 787 3296 840; x_wconf 75' lang='grc' dir='ltr'>τὸ</span> <span class='ocrx_word' id='word_1_342' title='bbox 3323 789 3438 855; x_wconf 73' lang='grc' dir='ltr'>ἰδεῖν,</span> <span class='ocrx_word' id='word_1_343' title='bbox 3467 794 3523 846; x_wconf 79' lang='grc' dir='ltr'><strong>ὅτι</strong></span> <span class='ocrx_word' id='word_1_344' title='bbox 3543 798 3612 851; x_wconf 63' lang='lat' dir='ltr'><strong>in.</strong></span> 
     </span>
    </p>
   </div>
   <div class='ocr_carea' id='block_1_50' title="bbox 2211 881 3617 957">
    <p class='ocr_par' dir='ltr' id='par_1_50' title="bbox 2211 881 3617 957">
     <span class='ocr_line' id='line_1_50' title="bbox 2211 881 3617 957; baseline -0.007 -14"><span class='ocrx_word' id='word_1_345' title='bbox 2211 906 2335 943; x_wconf 88' lang='grc' dir='ltr'>στον</span> <span class='ocrx_word' id='word_1_346' title='bbox 2369 888 2629 957; x_wconf 82' lang='grc' dir='ltr'>στοιχεῖον</span> <span class='ocrx_word' id='word_1_347' title='bbox 2649 884 2927 946; x_wconf 88' lang='grc' dir='ltr'>τελείωσίς</span> <span class='ocrx_word' id='word_1_348' title='bbox 2953 884 3097 936; x_wconf 78' lang='grc' dir='ltr'>ἐστιν</span> <span class='ocrx_word' id='word_1_349' title='bbox 3121 881 3228 952; x_wconf 72' lang='grc' dir='ltr'>ἅμα</span> <span class='ocrx_word' id='word_1_350' title='bbox 3244 881 3311 952; x_wconf 79' lang='grc' dir='ltr'>τῷ</span> <span class='ocrx_word' id='word_1_351' title='bbox 3330 884 3507 956; x_wconf 77' lang='grc' dir='ltr'>ἀριθμῷ,</span> <span class='ocrx_word' id='word_1_352' title='bbox 3524 891 3617 946; x_wconf 63' lang='grc' dir='ltr'><strong>ὀτι</strong></span> 
     </span>
    </p>
   </div>
   <div class='ocr_carea' id='block_1_51' title="bbox 2208 971 3709 1049">
    <p class='ocr_par' dir='ltr' id='par_1_51' title="bbox 2208 971 3709 1049">
     <span class='ocr_line' id='line_1_51' title="bbox 2208 971 3709 1049; baseline -0.007 -15"><span class='ocrx_word' id='word_1_353' title='bbox 2208 980 2265 1034; x_wconf 82' lang='grc' dir='ltr'>δὲ</span> <span class='ocrx_word' id='word_1_354' title='bbox 2288 975 2622 1049; x_wconf 85' lang='grc' dir='ltr'>τελειώμεθα</span> <span class='ocrx_word' id='word_1_355' title='bbox 2651 977 2707 1029; x_wconf 81' lang='grc' dir='ltr'>ὲν</span> <span class='ocrx_word' id='word_1_356' title='bbox 2731 977 2844 1038; x_wconf 87' lang='grc' dir='ltr'>τοῖς</span> <span class='ocrx_word' id='word_1_357' title='bbox 2868 971 3168 1043; x_wconf 76' lang='grc' dir='ltr'><strong>στοιχείοις,</strong></span> <span class='ocrx_word' id='word_1_358' title='bbox 3194 973 3219 1024; x_wconf 99' lang='lat'><strong>6</strong></span> <span class='ocrx_word' id='word_1_359' title='bbox 3242 971 3358 1025; x_wconf 74' lang='grc' dir='ltr'>ἑπτὰ</span> <span class='ocrx_word' id='word_1_360' title='bbox 3380 975 3617 1049; x_wconf 39' lang='lat' dir='ltr'><strong>aptans...</strong></span> <span class='ocrx_word' id='word_1_361' title='bbox 3708 971 3709 1042; x_wconf 54' lang='lat'>1</span> 
     </span>
    </p>
   </div>
   <div class='ocr_carea' id='block_1_52' title="bbox 2209 1047 3709 1144">
    <p class='ocr_par' dir='ltr' id='par_1_52' title="bbox 2209 1047 3709 1144">
     <span class='ocr_line' id='line_1_52' title="bbox 2209 1047 3709 1144; baseline -0.004 -17"><span class='ocrx_word' id='word_1_362' title='bbox 2209 1072 2464 1144; x_wconf 79' lang='grc' dir='ltr'><strong>τιμητέος</strong></span> <span class='ocrx_word' id='word_1_363' title='bbox 2485 1047 2642 1142; x_wconf 73' lang='grc' dir='ltr'>ημῖν,</span> <span class='ocrx_word' id='word_1_364' title='bbox 2687 1069 2769 1122; x_wconf 75' lang='grc' dir='ltr'>ὅτι</span> <span class='ocrx_word' id='word_1_365' title='bbox 2815 1067 2880 1138; x_wconf 86' lang='grc' dir='ltr'>δὴ</span> <span class='ocrx_word' id='word_1_366' title='bbox 2932 1067 3026 1121; x_wconf 72' lang='grc' dir='ltr'>καὶ</span> <span class='ocrx_word' id='word_1_367' title='bbox 3078 1068 3145 1136; x_wconf 75' lang='grc' dir='ltr'>τῇ</span> <span class='ocrx_word' id='word_1_368' title='bbox 3193 1064 3282 1138; x_wconf 77' lang='grc' dir='ltr'><strong>ὕλη</strong></span> <span class='ocrx_word' id='word_1_369' title='bbox 3317 1067 3479 1121; x_wconf 79' lang='grc' dir='ltr'><strong>ἀνεῖται</strong></span> 
     </span>
    </p>
   </div>
   <div class='ocr_carea' id='block_1_53' title="bbox 2211 1141 3709 1236">
    <p class='ocr_par' dir='ltr' id='par_1_53' title="bbox 2211 1141 3709 1236">
     <span class='ocr_line' id='line_1_53' title="bbox 2211 1141 3709 1236; baseline -0.005 -18"><span class='ocrx_word' id='word_1_370' title='bbox 2211 1141 2368 1236; x_wconf 79' lang='grc' dir='ltr'>εἴπερ</span> <span class='ocrx_word' id='word_1_371' title='bbox 2393 1141 2541 1218; x_wconf 74' lang='grc' dir='ltr'>ἐστὶν</span> <span class='ocrx_word' id='word_1_372' title='bbox 2571 1164 2600 1216; x_wconf 88' lang='grc' dir='ltr'><strong>ό</strong></span> <span class='ocrx_word' id='word_1_373' title='bbox 2636 1159 2775 1214; x_wconf 79' lang='grc' dir='ltr'>ἑπτὰ</span> <span class='ocrx_word' id='word_1_374' title='bbox 2810 1159 3033 1229; x_wconf 86' lang='grc' dir='ltr'>σημεῖον</span> <span class='ocrx_word' id='word_1_375' title='bbox 3059 1156 3243 1225; x_wconf 77' lang='grc' dir='ltr'><strong>ὑλικῆς</strong></span> <span class='ocrx_word' id='word_1_376' title='bbox 3263 1157 3564 1228; x_wconf 73' lang='grc' dir='ltr'>παχύτητος-δ</span> <span class='ocrx_word' id='word_1_377' title='bbox 3592 1166 3622 1219; x_wconf 66' lang='grc' dir='ltr'><strong>ἃ</strong></span> 
     </span>
    </p>
   </div>
   <div class='ocr_carea' id='block_1_54' title="bbox 2210 1251 3623 1330">
    <p class='ocr_par' dir='ltr' id='par_1_54' title="bbox 2210 1251 3623 1330">
     <span class='ocr_line' id='line_1_54' title="bbox 2210 1251 3623 1330; baseline -0.004 -16"><span class='ocrx_word' id='word_1_378' title='bbox 2210 1257 2354 1314; x_wconf 85' lang='grc' dir='ltr'>όκτὼ</span> <span class='ocrx_word' id='word_1_379' title='bbox 2383 1256 2526 1330; x_wconf 82' lang='grc' dir='ltr'><strong>ἁρχὴ</strong></span> <span class='ocrx_word' id='word_1_380' title='bbox 2549 1256 2650 1326; x_wconf 81' lang='grc' dir='ltr'><strong>τῆς</strong></span> <span class='ocrx_word' id='word_1_381' title='bbox 2677 1252 2972 1324; x_wconf 81' lang='grc' dir='ltr'>ἁῦλοτέρας</span> <span class='ocrx_word' id='word_1_382' title='bbox 2989 1252 3083 1305; x_wconf 71' lang='grc' dir='ltr'>καὶ</span> <span class='ocrx_word' id='word_1_383' title='bbox 3112 1251 3334 1321; x_wconf 77' lang='grc' dir='ltr'><strong>μείζονος</strong></span> <span class='ocrx_word' id='word_1_384' title='bbox 3353 1254 3623 1318; x_wconf 51' lang='lat' dir='ltr'><strong>xanthum.</strong></span> 
     </span>
    </p>
   </div>
   <div class='ocr_carea' id='block_1_55' title="bbox 2210 1343 3622 1421">
    <p class='ocr_par' dir='ltr' id='par_1_55' title="bbox 2210 1343 3622 1421">
     <span class='ocr_line' id='line_1_55' title="bbox 2210 1343 3622 1421; baseline -0.012 -16"><span class='ocrx_word' id='word_1_385' title='bbox 2210 1352 2273 1405; x_wconf 89' lang='grc' dir='ltr'>Εί</span> <span class='ocrx_word' id='word_1_386' title='bbox 2297 1349 2406 1421; x_wconf 86' lang='grc' dir='ltr'><strong>γὰρ</strong></span> <span class='ocrx_word' id='word_1_387' title='bbox 2439 1348 2532 1402; x_wconf 75' lang='grc' dir='ltr'><strong>καὶ</strong></span> <span class='ocrx_word' id='word_1_388' title='bbox 2554 1346 2624 1400; x_wconf 76' lang='grc' dir='ltr'>τὰ</span> <span class='ocrx_word' id='word_1_389' title='bbox 2658 1345 2890 1418; x_wconf 82' lang='grc' dir='ltr'>μάλιστά</span> <span class='ocrx_word' id='word_1_390' title='bbox 2922 1361 3103 1414; x_wconf 88' lang='grc' dir='ltr'>φαμεν</span> <span class='ocrx_word' id='word_1_391' title='bbox 3140 1343 3230 1395; x_wconf 73' lang='grc' dir='ltr'>καὶ</span> <span class='ocrx_word' id='word_1_392' title='bbox 3254 1344 3331 1396; x_wconf 70' lang='grc' dir='ltr'><strong>τὸν</strong></span> <span class='ocrx_word' id='word_1_393' title='bbox 3352 1343 3401 1407; x_wconf 76' lang='grc' dir='ltr'><strong>ἐξ</strong></span> <span class='ocrx_word' id='word_1_394' title='bbox 3420 1345 3491 1414; x_wconf 76' lang='grc' dir='ltr'>τὴν</span> <span class='ocrx_word' id='word_1_395' title='bbox 3512 1363 3622 1417; x_wconf 42' lang='lat' dir='ltr'><strong>min.</strong></span> 
     </span>
    </p>
   </div>
   <div class='ocr_carea' id='block_1_56' title="bbox 2213 1430 3627 1514">
    <p class='ocr_par' dir='ltr' id='par_1_56' title="bbox 2213 1430 3627 1514">
     <span class='ocr_line' id='line_1_56' title="bbox 2213 1430 3627 1514; baseline -0.006 -17"><span class='ocrx_word' id='word_1_396' title='bbox 2213 1442 2312 1514; x_wconf 81' lang='grc' dir='ltr'>κὴν</span> <span class='ocrx_word' id='word_1_397' title='bbox 2343 1437 2608 1512; x_wconf 70' lang='grc' dir='ltr'>σχετικίἶκς</span> <span class='ocrx_word' id='word_1_398' title='bbox 2647 1436 2778 1509; x_wconf 75' lang='grc' dir='ltr'>ὓλην</span> <span class='ocrx_word' id='word_1_399' title='bbox 2808 1434 3142 1505; x_wconf 80' lang='grc' dir='ltr'>ὑποδηλοῦν,</span> <span class='ocrx_word' id='word_1_400' title='bbox 3175 1433 3278 1486; x_wconf 78' lang='grc' dir='ltr'>ἀλλ’</span> <span class='ocrx_word' id='word_1_401' title='bbox 3305 1430 3382 1488; x_wconf 72' lang='grc' dir='ltr'>οὖν</span> <span class='ocrx_word' id='word_1_402' title='bbox 3406 1452 3455 1503; x_wconf 83' lang='grc' dir='ltr'><strong>γε</strong></span> <span class='ocrx_word' id='word_1_403' title='bbox 3487 1438 3547 1489; x_wconf 62' lang='grc' dir='ltr'><strong>τὸν</strong></span> <span class='ocrx_word' id='word_1_404' title='bbox 3577 1442 3627 1508; x_wconf 61' lang='grc' dir='ltr'><strong>μὲν</strong></span> 
     </span>
    </p>
   </div>
   <div class='ocr_carea' id='block_1_57' title="bbox 2211 1519 3709 1607">
    <p class='ocr_par' dir='ltr' id='par_1_57' title="bbox 2211 1519 3709 1607">
     <span class='ocr_line' id='line_1_57' title="bbox 2211 1519 3709 1607; baseline -0.005 -17"><span class='ocrx_word' id='word_1_405' title='bbox 2211 1539 2291 1600; x_wconf 88' lang='grc' dir='ltr'>είς</span> <span class='ocrx_word' id='word_1_406' title='bbox 2313 1519 2411 1607; x_wconf 80' lang='grc' dir='ltr'><strong>τὴν</strong></span> <span class='ocrx_word' id='word_1_407' title='bbox 2445 1532 2588 1587; x_wconf 81' lang='grc' dir='ltr'>κατὰ</span> <span class='ocrx_word' id='word_1_408' title='bbox 2622 1532 2786 1584; x_wconf 74' lang='grc' dir='ltr'>ποσὸν</span> <span class='ocrx_word' id='word_1_409' title='bbox 2823 1528 3053 1598; x_wconf 85' lang='grc' dir='ltr'>όλότητα</span> <span class='ocrx_word' id='word_1_410' title='bbox 3085 1526 3418 1598; x_wconf 71' lang='grc' dir='ltr'>ἁναφέρομεν,</span> <span class='ocrx_word' id='word_1_411' title='bbox 3440 1530 3504 1582; x_wconf 66' lang='grc' dir='ltr'><strong>τὸν</strong></span> <span class='ocrx_word' id='word_1_412' title='bbox 3535 1531 3628 1596; x_wconf 74' lang='grc' dir='ltr'>ίέεἱς</span> <span class='ocrx_word' id='word_1_413' title='bbox 3708 1543 3709 1582; x_wconf 70' lang='lat' dir='ltr'><strong>l</strong></span> 
     </span>
    </p>
   </div>
   <div class='ocr_carea' id='block_1_58' title="bbox 2209 1620 3632 1700">
    <p class='ocr_par' dir='ltr' id='par_1_58' title="bbox 2209 1620 3632 1700">
     <span class='ocr_line' id='line_1_58' title="bbox 2209 1620 3632 1700; baseline -0.003 -20"><span class='ocrx_word' id='word_1_414' title='bbox 2209 1628 2307 1700; x_wconf 85' lang='grc' dir='ltr'><strong>τὴν</strong></span> <span class='ocrx_word' id='word_1_415' title='bbox 2336 1626 2457 1680; x_wconf 86' lang='grc' dir='ltr'>καθ’</span> <span class='ocrx_word' id='word_1_416' title='bbox 2479 1625 2592 1692; x_wconf 73' lang='grc' dir='ltr'>ἕξιν</span> <span class='ocrx_word' id='word_1_417' title='bbox 2623 1622 2922 1685; x_wconf 78' lang='grc' dir='ltr'><strong>τελείωσιν,</strong></span> <span class='ocrx_word' id='word_1_418' title='bbox 2946 1620 3064 1673; x_wconf 81' lang='grc' dir='ltr'>καθ’</span> <span class='ocrx_word' id='word_1_419' title='bbox 3092 1620 3162 1689; x_wconf 74' lang='grc' dir='ltr'>ἦν</span> <span class='ocrx_word' id='word_1_420' title='bbox 3189 1636 3263 1682; x_wconf 83' lang='grc' dir='ltr'><strong>τις</strong></span> <span class='ocrx_word' id='word_1_421' title='bbox 3296 1620 3574 1690; x_wconf 74' lang='grc' dir='ltr'>ἀποσμήχετιι</span> <span class='ocrx_word' id='word_1_422' title='bbox 3596 1633 3632 1677; x_wconf 68' lang='grc' dir='ltr'><strong>τι</strong></span> 
     </span>
    </p>
   </div>
   <div class='ocr_carea' id='block_1_59' title="bbox 2213 1710 3709 1791">
    <p class='ocr_par' dir='ltr' id='par_1_59' title="bbox 2213 1710 3709 1791">
     <span class='ocr_line' id='line_1_59' title="bbox 2213 1710 3709 1791; baseline -0.008 -18"><span class='ocrx_word' id='word_1_423' title='bbox 2213 1718 2543 1791; x_wconf 80' lang='grc' dir='ltr'>ρυπάσματα</span> <span class='ocrx_word' id='word_1_424' title='bbox 2575 1718 2675 1788; x_wconf 84' lang='grc' dir='ltr'><strong>τῆς</strong></span> <span class='ocrx_word' id='word_1_425' title='bbox 2723 1715 2920 1785; x_wconf 75' lang='grc' dir='ltr'>ψυχῆς,</span> <span class='ocrx_word' id='word_1_426' title='bbox 2950 1713 3044 1767; x_wconf 73' lang='grc' dir='ltr'><strong>καὶ</strong></span> <span class='ocrx_word' id='word_1_427' title='bbox 3094 1710 3408 1782; x_wconf 85' lang='grc' dir='ltr'>καθαίρεται.</span> <span class='ocrx_word' id='word_1_428' title='bbox 3441 1713 3537 1782; x_wconf 73' lang='grc' dir='ltr'>Πρὶν</span> <span class='ocrx_word' id='word_1_429' title='bbox 3575 1718 3631 1785; x_wconf 59' lang='grc' dir='ltr'><strong>τις]</strong></span> <span class='ocrx_word' id='word_1_430' title='bbox 3708 1759 3709 1770; x_wconf 37' lang='grc'>,</span> 
     </span>
    </p>
   </div>
   <div class='ocr_carea' id='block_1_60' title="bbox 2212 1793 3709 1885">
    <p class='ocr_par' dir='ltr' id='par_1_60' title="bbox 2212 1793 3709 1885">
     <span class='ocr_line' id='line_1_60' title="bbox 2212 1793 3709 1885; baseline -0.008 -18"><span class='ocrx_word' id='word_1_431' title='bbox 2212 1813 2341 1884; x_wconf 79' lang='grc' dir='ltr'>ἔλθῃ</span> <span class='ocrx_word' id='word_1_432' title='bbox 2383 1815 2416 1885; x_wconf 79' lang='grc' dir='ltr'>ἡ</span> <span class='ocrx_word' id='word_1_433' title='bbox 2451 1811 2609 1882; x_wconf 83' lang='grc' dir='ltr'><strong>ὀγδόη</strong></span> <span class='ocrx_word' id='word_1_434' title='bbox 2639 1809 2729 1864; x_wconf 86' lang='grc' dir='ltr'><strong>τοῦ</strong></span> <span class='ocrx_word' id='word_1_435' title='bbox 2752 1809 2955 1881; x_wconf 82' lang='grc' dir='ltr'>Κυρίου</span> <span class='ocrx_word' id='word_1_436' title='bbox 2993 1805 3169 1880; x_wconf 86' lang='grc' dir='ltr'>Ἰησοῦ</span> <span class='ocrx_word' id='word_1_437' title='bbox 3196 1803 3405 1875; x_wconf 84' lang='grc' dir='ltr'>Χριστοῦ</span> <span class='ocrx_word' id='word_1_438' title='bbox 3423 1806 3634 1875; x_wconf 47' lang='lat' dir='ltr'><strong>attiguas;</strong></span> <span class='ocrx_word' id='word_1_439' title='bbox 3708 1793 3709 1824; x_wconf 68' lang='grc'><em>³</em></span> 
     </span>
    </p>
   </div>
   <div class='ocr_carea' id='block_1_61' title="bbox 2211 1895 3635 1976">
    <p class='ocr_par' dir='ltr' id='par_1_61' title="bbox 2211 1895 3635 1976">
     <span class='ocr_line' id='line_1_61' title="bbox 2211 1895 3635 1976; baseline -0.006 -17"><span class='ocrx_word' id='word_1_440' title='bbox 2211 1908 2239 1959; x_wconf 89' lang='grc' dir='ltr'><strong>ό</strong></span> <span class='ocrx_word' id='word_1_441' title='bbox 2263 1905 2463 1976; x_wconf 80' lang='grc' dir='ltr'>κόσμος</span> <span class='ocrx_word' id='word_1_442' title='bbox 2491 1902 2930 1974; x_wconf 82' lang='grc' dir='ltr'>ἀπερικὰθαρτος</span> <span class='ocrx_word' id='word_1_443' title='bbox 2953 1895 3022 1970; x_wconf 81' lang='grc' dir='ltr'>ἦν</span> <span class='ocrx_word' id='word_1_444' title='bbox 3059 1898 3158 1951; x_wconf 72' lang='grc' dir='ltr'><strong>καὶ</strong></span> <span class='ocrx_word' id='word_1_445' title='bbox 3200 1896 3508 1968; x_wconf 72' lang='grc' dir='ltr'>ἀκρόδυστος¹</span> 
     </span>
    </p>
   </div>
   <div class='ocr_carea' id='block_1_62' title="bbox 2211 1989 3638 2068">
    <p class='ocr_par' dir='ltr' id='par_1_62' title="bbox 2211 1989 3638 2068">
     <span class='ocr_line' id='line_1_62' title="bbox 2211 1989 3638 2068; baseline -0.005 -18"><span class='ocrx_word' id='word_1_446' title='bbox 2211 1993 2371 2068; x_wconf 78' lang='grc' dir='ltr'>ἦλθεν</span> <span class='ocrx_word' id='word_1_447' title='bbox 2418 1999 2451 2068; x_wconf 84' lang='grc' dir='ltr'><strong>ἡ</strong></span> <span class='ocrx_word' id='word_1_448' title='bbox 2495 1996 2654 2068; x_wconf 85' lang='grc' dir='ltr'><strong>ὀγδόη</strong></span> <span class='ocrx_word' id='word_1_449' title='bbox 2709 1996 2806 2065; x_wconf 82' lang='grc' dir='ltr'><strong>τῆς</strong></span> <span class='ocrx_word' id='word_1_450' title='bbox 2863 1993 3214 2054; x_wconf 75' lang='grc' dir='ltr'><strong>ἀναστάσεως</strong></span> <span class='ocrx_word' id='word_1_451' title='bbox 3269 1989 3468 2060; x_wconf 80' lang='grc' dir='ltr'>Χριστοῦ</span> <span class='ocrx_word' id='word_1_452' title='bbox 3510 1991 3638 2060; x_wconf 61' lang='grc' dir='ltr'>ἡμέρι,</span> 
     </span>
    </p>
   </div>
   <div class='ocr_carea' id='block_1_63' title="bbox 2213 2081 3638 2161">
    <p class='ocr_par' dir='ltr' id='par_1_63' title="bbox 2213 2081 3638 2161">
     <span class='ocr_line' id='line_1_63' title="bbox 2213 2081 3638 2161; baseline -0.008 -18"><span class='ocrx_word' id='word_1_453' title='bbox 2213 2089 2423 2161; x_wconf 83' lang='grc' dir='ltr'>ἀθρόως</span> <span class='ocrx_word' id='word_1_454' title='bbox 2456 2088 2655 2151; x_wconf 82' lang='grc' dir='ltr'>πάντες</span> <span class='ocrx_word' id='word_1_455' title='bbox 2686 2084 3126 2156; x_wconf 80' lang='grc' dir='ltr'>ὲκαθαρίσθημεν</span> <span class='ocrx_word' id='word_1_456' title='bbox 3157 2083 3212 2133; x_wconf 82' lang='grc' dir='ltr'>ὲν</span> <span class='ocrx_word' id='word_1_457' title='bbox 3254 2081 3316 2150; x_wconf 78' lang='grc' dir='ltr'>τῇ</span> <span class='ocrx_word' id='word_1_458' title='bbox 3359 2084 3559 2150; x_wconf 73' lang='grc' dir='ltr'><strong>περιτομῇ</strong></span> <span class='ocrx_word' id='word_1_459' title='bbox 3590 2082 3638 2133; x_wconf 65' lang='grc' dir='ltr'>τιτι</span> 
     </span>
    </p>
   </div>
   <div class='ocr_carea' id='block_1_64' title="bbox 2213 2169 3639 2252">
    <p class='ocr_par' dir='ltr' id='par_1_64' title="bbox 2213 2169 3639 2252">
     <span class='ocr_line' id='line_1_64' title="bbox 2213 2169 3639 2252; baseline -0.007 -20"><span class='ocrx_word' id='word_1_460' title='bbox 2213 2176 2472 2252; x_wconf 79' lang='grc' dir='ltr'><strong>Χριστοῦ,</strong></span> <span class='ocrx_word' id='word_1_461' title='bbox 2516 2176 2876 2245; x_wconf 70' lang='grc' dir='ltr'>συνταφέντες</span> <span class='ocrx_word' id='word_1_462' title='bbox 2895 2175 2988 2228; x_wconf 68' lang='grc' dir='ltr'>καὶ</span> <span class='ocrx_word' id='word_1_463' title='bbox 3023 2172 3444 2235; x_wconf 71' lang='grc' dir='ltr'>συναναστάντες,</span> <span class='ocrx_word' id='word_1_464' title='bbox 3465 2169 3520 2235; x_wconf 75' lang='grc' dir='ltr'><strong>ὥς</strong></span> <span class='ocrx_word' id='word_1_465' title='bbox 3551 2188 3639 2240; x_wconf 54' lang='grc' dir='ltr'>φηςι-ε</span> 
     </span>
    </p>
   </div>
   <div class='ocr_carea' id='block_1_65' title="bbox 2212 2259 3641 2332">
    <p class='ocr_par' dir='ltr' id='par_1_65' title="bbox 2212 2259 3641 2332">
     <span class='ocr_line' id='line_1_65' title="bbox 2212 2259 3641 2332; baseline -0.009 -9"><span class='ocrx_word' id='word_1_466' title='bbox 2212 2272 2240 2323; x_wconf 90' lang='grc' dir='ltr'><strong>ό</strong></span> <span class='ocrx_word' id='word_1_467' title='bbox 2277 2269 2617 2332; x_wconf 87' lang='grc' dir='ltr'>Ἀπόστολος.</span> <span class='ocrx_word' id='word_1_468' title='bbox 2652 2267 2804 2320; x_wconf 74' lang='grc' dir='ltr'>Ἐπεὶ</span> <span class='ocrx_word' id='word_1_469' title='bbox 2833 2261 2924 2319; x_wconf 72' lang='grc' dir='ltr'>οὖν</span> <span class='ocrx_word' id='word_1_470' title='bbox 2946 2265 3034 2318; x_wconf 77' lang='grc' dir='ltr'>διὰ</span> <span class='ocrx_word' id='word_1_471' title='bbox 3056 2263 3162 2332; x_wconf 80' lang='grc' dir='ltr'><strong>τῆς</strong></span> <span class='ocrx_word' id='word_1_472' title='bbox 3197 2259 3641 2332; x_wconf 71' lang='grc' dir='ltr'>στοιχειώσεωςκιειῐ-</span> 
     </span>
    </p>
   </div>
   <div class='ocr_carea' id='block_1_66' title="bbox 2215 2352 3643 2433">
    <p class='ocr_par' dir='ltr' id='par_1_66' title="bbox 2215 2352 3643 2433">
     <span class='ocr_line' id='line_1_66' title="bbox 2215 2352 3643 2433; baseline -0.009 -18"><span class='ocrx_word' id='word_1_473' title='bbox 2215 2379 2365 2433; x_wconf 90' lang='grc' dir='ltr'>ρεται</span> <span class='ocrx_word' id='word_1_474' title='bbox 2396 2359 2552 2432; x_wconf 84' lang='grc' dir='ltr'>ἡμῶν</span> <span class='ocrx_word' id='word_1_475' title='bbox 2589 2361 2622 2430; x_wconf 79' lang='grc' dir='ltr'>ἡ</span> <span class='ocrx_word' id='word_1_476' title='bbox 2647 2357 2815 2429; x_wconf 75' lang='grc' dir='ltr'>ψυχὴ,</span> <span class='ocrx_word' id='word_1_477' title='bbox 2855 2355 3235 2428; x_wconf 80' lang='grc' dir='ltr'>μανθανόντων</span> <span class='ocrx_word' id='word_1_478' title='bbox 3259 2353 3342 2405; x_wconf 81' lang='grc' dir='ltr'><strong>τὸν</strong></span> <span class='ocrx_word' id='word_1_479' title='bbox 3369 2352 3514 2423; x_wconf 68' lang='grc' dir='ltr'>ἠθικὸν</span> <span class='ocrx_word' id='word_1_480' title='bbox 3540 2353 3643 2411; x_wconf 63' lang='grc' dir='ltr'>τιτι..</span> 
     </span>
    </p>
   </div>
   <div class='ocr_carea' id='block_1_67' title="bbox 2213 2445 3646 2521">
    <p class='ocr_par' dir='ltr' id='par_1_67' title="bbox 2213 2445 3646 2521">
     <span class='ocr_line' id='line_1_67' title="bbox 2213 2445 3646 2521; baseline -0.008 -14"><span class='ocrx_word' id='word_1_481' title='bbox 2213 2455 2307 2507; x_wconf 79' lang='grc' dir='ltr'><strong>καὶ</strong></span> <span class='ocrx_word' id='word_1_482' title='bbox 2341 2452 2728 2521; x_wconf 82' lang='grc' dir='ltr'>τελειουμένων</span> <span class='ocrx_word' id='word_1_483' title='bbox 2773 2453 2829 2503; x_wconf 82' lang='grc' dir='ltr'><strong>ἐν</strong></span> <span class='ocrx_word' id='word_1_484' title='bbox 2859 2452 2923 2520; x_wconf 81' lang='grc' dir='ltr'>τῇ</span> <span class='ocrx_word' id='word_1_485' title='bbox 2953 2447 3154 2518; x_wconf 81' lang='grc' dir='ltr'>γνώσει</span> <span class='ocrx_word' id='word_1_486' title='bbox 3200 2445 3377 2511; x_wconf 73' lang='grc' dir='ltr'>αὐτοῦ,</span> <span class='ocrx_word' id='word_1_487' title='bbox 3402 2445 3473 2498; x_wconf 65' lang='grc' dir='ltr'><strong>διὰ</strong></span> <span class='ocrx_word' id='word_1_488' title='bbox 3510 2445 3646 2496; x_wconf 63' lang='grc' dir='ltr'>τοῦτοί</span> 
     </span>
    </p>
   </div>
   <div class='ocr_carea' id='block_1_68' title="bbox 2212 2538 3709 2617">
    <p class='ocr_par' dir='ltr' id='par_1_68' title="bbox 2212 2538 3709 2617">
     <span class='ocr_line' id='line_1_68' title="bbox 2212 2538 3709 2617; baseline -0.009 -17"><span class='ocrx_word' id='word_1_489' title='bbox 2212 2545 2354 2600; x_wconf 80' lang='grc' dir='ltr'>ὀκτὼ</span> <span class='ocrx_word' id='word_1_490' title='bbox 2379 2544 2608 2617; x_wconf 82' lang='grc' dir='ltr'>ἀριθμὸς</span> <span class='ocrx_word' id='word_1_491' title='bbox 2635 2543 2956 2617; x_wconf 75' lang='grc' dir='ltr'><strong>παρελήφθη</strong></span> <span class='ocrx_word' id='word_1_492' title='bbox 2981 2543 3104 2596; x_wconf 83' lang='grc' dir='ltr'>καθ’</span> <span class='ocrx_word' id='word_1_493' title='bbox 3131 2543 3352 2596; x_wconf 72' lang='grc' dir='ltr'>ἕκαστον</span> <span class='ocrx_word' id='word_1_494' title='bbox 3375 2538 3462 2590; x_wconf 82' lang='grc' dir='ltr'><strong>τῶν</strong></span> <span class='ocrx_word' id='word_1_495' title='bbox 3479 2539 3647 2605; x_wconf 71' lang='grc' dir='ltr'>σῖοιγεξυο</span> <span class='ocrx_word' id='word_1_496' title='bbox 3708 2545 3709 2612; x_wconf 45' lang='grc' dir='ltr'><em>ξ</em></span> 
     </span>
    </p>
   </div>
   <div class='ocr_carea' id='block_1_69' title="bbox 2214 2631 3709 2710">
    <p class='ocr_par' dir='ltr' id='par_1_69' title="bbox 2214 2631 3709 2710">
     <span class='ocr_line' id='line_1_69' title="bbox 2214 2631 3709 2710; baseline -0.007 -17"><span class='ocrx_word' id='word_1_497' title='bbox 2214 2641 2272 2692; x_wconf 84' lang='grc' dir='ltr'>ὲν</span> <span class='ocrx_word' id='word_1_498' title='bbox 2301 2638 2378 2710; x_wconf 77' lang='grc' dir='ltr'><strong>τῷ</strong></span> <span class='ocrx_word' id='word_1_499' title='bbox 2415 2639 2784 2710; x_wconf 78' lang='grc' dir='ltr'><strong>προκειμένῳ.</strong></span> <span class='ocrx_word' id='word_1_500' title='bbox 2828 2637 2916 2690; x_wconf 89' lang='grc' dir='ltr'>Ἐν</span> <span class='ocrx_word' id='word_1_501' title='bbox 2963 2635 3142 2707; x_wconf 84' lang='grc' dir='ltr'>τούτῳ</span> <span class='ocrx_word' id='word_1_502' title='bbox 3185 2633 3312 2705; x_wconf 88' lang='grc' dir='ltr'>γοῦν</span> <span class='ocrx_word' id='word_1_503' title='bbox 3339 2631 3407 2703; x_wconf 76' lang='grc' dir='ltr'>τῷ</span> <span class='ocrx_word' id='word_1_504' title='bbox 3440 2631 3648 2700; x_wconf 59' lang='grc' dir='ltr'>ψαλμῴτὴλι</span> <span class='ocrx_word' id='word_1_505' title='bbox 3708 2647 3709 2682; x_wconf 66' lang='lat'>1</span> 
     </span>
    </p>
   </div>
   <div class='ocr_carea' id='block_1_70' title="bbox 2212 2713 3709 2800">
    <p class='ocr_par' dir='ltr' id='par_1_70' title="bbox 2212 2713 3709 2800">
     <span class='ocr_line' id='line_1_70' title="bbox 2212 2713 3709 2800; baseline -0.004 -15"><span class='ocrx_word' id='word_1_506' title='bbox 2212 2731 2321 2785; x_wconf 83' lang='grc' dir='ltr'><strong>τῶν</strong></span> <span class='ocrx_word' id='word_1_507' title='bbox 2349 2730 2521 2799; x_wconf 80' lang='grc' dir='ltr'>ἁγίων</span> <span class='ocrx_word' id='word_1_508' title='bbox 2551 2729 2841 2800; x_wconf 81' lang='grc' dir='ltr'>διαγράφει</span> <span class='ocrx_word' id='word_1_509' title='bbox 2885 2727 3184 2794; x_wconf 82' lang='grc' dir='ltr'>πολιτείαν,</span> <span class='ocrx_word' id='word_1_510' title='bbox 3235 2724 3352 2787; x_wconf 78' lang='grc' dir='ltr'><strong>τοὺς</strong></span> <span class='ocrx_word' id='word_1_511' title='bbox 3397 2721 3572 2790; x_wconf 63' lang='grc' dir='ltr'>ἁγῶνκ,</span> <span class='ocrx_word' id='word_1_512' title='bbox 3599 2735 3648 2779; x_wconf 66' lang='grc' dir='ltr'>τις</span> <span class='ocrx_word' id='word_1_513' title='bbox 3708 2713 3709 2720; x_wconf 28' lang='grc'><em>“</em></span> 
     </span>
    </p>
   </div>
   <div class='ocr_carea' id='block_1_71' title="bbox 2216 2821 3652 2904">
    <p class='ocr_par' dir='ltr' id='par_1_71' title="bbox 2216 2821 3652 2904">
     <span class='ocr_line' id='line_1_71' title="bbox 2216 2821 3652 2904; baseline -0.01 -17"><span class='ocrx_word' id='word_1_514' title='bbox 2216 2833 2444 2904; x_wconf 83' lang='grc' dir='ltr'>θλίψεις,</span> <span class='ocrx_word' id='word_1_515' title='bbox 2477 2833 2572 2886; x_wconf 79' lang='grc' dir='ltr'>καὶ</span> <span class='ocrx_word' id='word_1_516' title='bbox 2591 2833 2658 2885; x_wconf 88' lang='grc' dir='ltr'><strong>τά</strong></span> <span class='ocrx_word' id='word_1_517' title='bbox 2689 2829 2835 2900; x_wconf 77' lang='grc' dir='ltr'>ἑξῆς.</span> <span class='ocrx_word' id='word_1_518' title='bbox 2865 2829 2925 2883; x_wconf 86' lang='lat'><strong>&#39;0</strong></span> <span class='ocrx_word' id='word_1_519' title='bbox 2954 2828 3012 2882; x_wconf 82' lang='grc' dir='ltr'>δὲ</span> <span class='ocrx_word' id='word_1_520' title='bbox 3042 2825 3269 2898; x_wconf 88' lang='grc' dir='ltr'>μηδαμῆ</span> <span class='ocrx_word' id='word_1_521' title='bbox 3307 2821 3524 2896; x_wconf 77' lang='grc' dir='ltr'><strong>μηδαμῶς</strong></span> <span class='ocrx_word' id='word_1_522' title='bbox 3548 2821 3652 2887; x_wconf 50' lang='grc' dir='ltr'>,ἁμαρ</span> 
     </span>
    </p>
   </div>
   <div class='ocr_carea' id='block_1_72' title="bbox 2213 2911 3650 2993">
    <p class='ocr_par' dir='ltr' id='par_1_72' title="bbox 2213 2911 3650 2993">
     <span class='ocr_line' id='line_1_72' title="bbox 2213 2911 3650 2993; baseline -0.011 -13"><span class='ocrx_word' id='word_1_523' title='bbox 2213 2927 2409 2993; x_wconf 82' lang='grc' dir='ltr'>τάνων,</span> <span class='ocrx_word' id='word_1_524' title='bbox 2441 2918 2596 2989; x_wconf 74' lang='grc' dir='ltr'><strong>οὗτος</strong></span> <span class='ocrx_word' id='word_1_525' title='bbox 2645 2923 2712 2978; x_wconf 78' lang='grc' dir='ltr'>ἂν</span> <span class='ocrx_word' id='word_1_526' title='bbox 2757 2921 2842 2992; x_wconf 75' lang='grc' dir='ltr'><strong>εἴη</strong></span> <span class='ocrx_word' id='word_1_527' title='bbox 2872 2920 3125 2991; x_wconf 83' lang='grc' dir='ltr'><strong>ἄμωμος,</strong></span> <span class='ocrx_word' id='word_1_528' title='bbox 3158 2918 3254 2972; x_wconf 77' lang='grc' dir='ltr'>καὶ</span> <span class='ocrx_word' id='word_1_529' title='bbox 3313 2915 3406 2989; x_wconf 74' lang='grc' dir='ltr'>μὴν</span> <span class='ocrx_word' id='word_1_530' title='bbox 3450 2915 3524 2967; x_wconf 70' lang='grc' dir='ltr'><strong>καὶ</strong></span> <span class='ocrx_word' id='word_1_531' title='bbox 3554 2911 3650 2982; x_wconf 60' lang='grc' dir='ltr'><strong>μιῆς</strong></span> 
     </span>
    </p>
   </div>
   <div class='ocr_carea' id='block_1_73' title="bbox 2218 3037 2353 3091">
    <p class='ocr_par' dir='ltr' id='par_1_73' title="bbox 2218 3037 2353 3091">
     <span class='ocr_line' id='line_1_73' title="bbox 2218 3037 2353 3091; baseline 0.007 -19"><span class='ocrx_word' id='word_1_532' title='bbox 2218 3037 2353 3091; x_wconf 86' lang='grc' dir='ltr'><strong>ριος.</strong></span> 
     </span>
    </p>
   </div>
   <div class='ocr_carea' id='block_1_74' title="bbox 2298 3283 3657 3362">
    <p class='ocr_par' dir='ltr' id='par_1_74' title="bbox 2298 3283 3657 3362">
     <span class='ocr_line' id='line_1_74' title="bbox 2298 3283 3657 3362; baseline -0.013 -12"><span class='ocrx_word' id='word_1_533' title='bbox 2298 3293 2406 3350; x_wconf 86' lang='grc' dir='ltr'><strong>Τοῦ</strong></span> <span class='ocrx_word' id='word_1_534' title='bbox 2438 3292 2644 3348; x_wconf 84' lang='grc' dir='ltr'>αὑτοῦ.</span> <span class='ocrx_word' id='word_1_535' title='bbox 2675 3290 2749 3346; x_wconf 77' lang='grc' dir='ltr'><strong>Οὐ</strong></span> <span class='ocrx_word' id='word_1_536' title='bbox 2775 3289 2863 3344; x_wconf 78' lang='grc' dir='ltr'>διὰ</span> <span class='ocrx_word' id='word_1_537' title='bbox 2893 3288 2988 3362; x_wconf 84' lang='grc' dir='ltr'><strong>τὴν</strong></span> <span class='ocrx_word' id='word_1_538' title='bbox 3021 3287 3356 3360; x_wconf 84' lang='grc' dir='ltr'>ἀμωμότητα</span> <span class='ocrx_word' id='word_1_539' title='bbox 3390 3283 3590 3355; x_wconf 74' lang='grc' dir='ltr'>μακάριος</span> <span class='ocrx_word' id='word_1_540' title='bbox 3609 3283 3657 3333; x_wconf 67' lang='grc' dir='ltr'><strong>ἓν·</strong></span> 
     </span>
    </p>
   </div>
   <div class='ocr_carea' id='block_1_75' title="bbox 2222 3373 3660 3459">
    <p class='ocr_par' dir='ltr' id='par_1_75' title="bbox 2222 3373 3660 3459">
     <span class='ocr_line' id='line_1_75' title="bbox 2222 3373 3660 3459; baseline -0.011 -20"><span class='ocrx_word' id='word_1_541' title='bbox 2222 3385 2438 3459; x_wconf 88' lang='grc' dir='ltr'>θρωπος</span> <span class='ocrx_word' id='word_1_542' title='bbox 2484 3383 2838 3456; x_wconf 82' lang='grc' dir='ltr'>ὀνομάζεται,</span> <span class='ocrx_word' id='word_1_543' title='bbox 2869 3380 3002 3436; x_wconf 73' lang='grc' dir='ltr'>ἀλλὰ</span> <span class='ocrx_word' id='word_1_544' title='bbox 3038 3381 3128 3436; x_wconf 74' lang='grc' dir='ltr'><strong>διὰ</strong></span> <span class='ocrx_word' id='word_1_545' title='bbox 3172 3380 3271 3451; x_wconf 82' lang='grc' dir='ltr'>τὴν</span> <span class='ocrx_word' id='word_1_546' title='bbox 3313 3378 3487 3448; x_wconf 84' lang='grc' dir='ltr'>γνῶσιν</span> <span class='ocrx_word' id='word_1_547' title='bbox 3519 3379 3584 3446; x_wconf 76' lang='grc' dir='ltr'><strong>τὴν</strong></span> <span class='ocrx_word' id='word_1_548' title='bbox 3614 3373 3660 3425; x_wconf 70' lang='grc' dir='ltr'>τιέ</span> 
     </span>
    </p>
   </div>
   <div class='ocr_carea' id='block_1_76' title="bbox 2220 3469 3660 3550">
    <p class='ocr_par' dir='ltr' id='par_1_76' title="bbox 2220 3469 3660 3550">
     <span class='ocr_line' id='line_1_76' title="bbox 2220 3469 3660 3550; baseline -0.013 -16"><span class='ocrx_word' id='word_1_549' title='bbox 2220 3479 2472 3550; x_wconf 74' lang='grc' dir='ltr'>Θεοῦ,--ῆν</span> <span class='ocrx_word' id='word_1_550' title='bbox 2507 3477 2688 3549; x_wconf 80' lang='grc' dir='ltr'><strong>μέλλει</strong></span> <span class='ocrx_word' id='word_1_551' title='bbox 2711 3475 2940 3530; x_wconf 79' lang='grc' dir='ltr'>κτᾶσθαι</span> <span class='ocrx_word' id='word_1_552' title='bbox 2967 3471 3056 3526; x_wconf 82' lang='grc' dir='ltr'>διὰ</span> <span class='ocrx_word' id='word_1_553' title='bbox 3088 3473 3191 3544; x_wconf 75' lang='grc' dir='ltr'><strong>τῆς</strong></span> <span class='ocrx_word' id='word_1_554' title='bbox 3572 3469 3660 3520; x_wconf 74' lang='grc' dir='ltr'><strong>«Μι-</strong></span> 
     </span>
    </p>
   </div>
   <div class='ocr_carea' id='block_1_77' title="bbox 2221 3560 3653 3644">
    <p class='ocr_par' dir='ltr' id='par_1_77' title="bbox 2221 3560 3653 3644">
     <span class='ocr_line' id='line_1_77' title="bbox 2221 3560 3653 3644; baseline -0.011 -18"><span class='ocrx_word' id='word_1_555' title='bbox 2221 3572 2400 3644; x_wconf 86' lang='grc' dir='ltr'>κάριοι</span> <span class='ocrx_word' id='word_1_556' title='bbox 2427 3569 2536 3643; x_wconf 89' lang='grc' dir='ltr'>γὰρ</span> <span class='ocrx_word' id='word_1_557' title='bbox 2565 3570 2616 3624; x_wconf 86' lang='grc' dir='ltr'>οί</span> <span class='ocrx_word' id='word_1_558' title='bbox 2639 3569 2868 3639; x_wconf 78' lang='grc' dir='ltr'>καθαροὶ</span> <span class='ocrx_word' id='word_1_559' title='bbox 2898 3570 2965 3640; x_wconf 78' lang='grc' dir='ltr'>τῇ</span> <span class='ocrx_word' id='word_1_560' title='bbox 2992 3565 3218 3635; x_wconf 77' lang='grc' dir='ltr'>καρδίᾳ,</span> <span class='ocrx_word' id='word_1_561' title='bbox 3242 3565 3324 3618; x_wconf 84' lang='grc' dir='ltr'><strong>ὅτι</strong></span> <span class='ocrx_word' id='word_1_562' title='bbox 3355 3563 3487 3618; x_wconf 71' lang='grc' dir='ltr'>αὐτοὶ</span> <span class='ocrx_word' id='word_1_563' title='bbox 3517 3560 3653 3615; x_wconf 53' lang='lat' dir='ltr'><strong>76W):-</strong></span> 
     </span>
    </p>
   </div>
   <div class='ocr_carea' id='block_1_78' title="bbox 2219 3664 2508 3735">
    <p class='ocr_par' dir='ltr' id='par_1_78' title="bbox 2219 3664 2508 3735">
     <span class='ocr_line' id='line_1_78' title="bbox 2219 3664 2508 3735; baseline -0.007 -19"><span class='ocrx_word' id='word_1_564' title='bbox 2219 3664 2458 3735; x_wconf 73' lang='grc' dir='ltr'>ὄψονται.</span> <span class='ocrx_word' id='word_1_565' title='bbox 2488 3680 2508 3714; x_wconf 73' lang='grc' dir='ltr'><strong>ι</strong></span> 
     </span>
    </p>
   </div>
   <div class='ocr_carea' id='block_1_79' title="bbox 2294 3743 3666 3825">
    <p class='ocr_par' dir='ltr' id='par_1_79' title="bbox 2294 3743 3666 3825">
     <span class='ocr_line' id='line_1_79' title="bbox 2294 3743 3666 3825; baseline -0.01 -13"><span class='ocrx_word' id='word_1_566' title='bbox 2294 3759 2376 3812; x_wconf 86' lang='grc' dir='ltr'><strong>Οὐ</strong></span> <span class='ocrx_word' id='word_1_567' title='bbox 2415 3755 2525 3825; x_wconf 74' lang='grc' dir='ltr'><strong>γὰρ</strong></span> <span class='ocrx_word' id='word_1_568' title='bbox 2571 3758 2624 3810; x_wconf 81' lang='grc' dir='ltr'><strong>οἱ</strong></span> <span class='ocrx_word' id='word_1_569' title='bbox 2675 3750 3046 3823; x_wconf 74' lang='grc' dir='ltr'>ἐργαζόμενοι</span> <span class='ocrx_word' id='word_1_570' title='bbox 3103 3751 3225 3820; x_wconf 76' lang='grc' dir='ltr'>τὴν</span> <span class='ocrx_word' id='word_1_571' title='bbox 3272 3749 3500 3819; x_wconf 72' lang='grc' dir='ltr'>ἀνομίαν</span> <span class='ocrx_word' id='word_1_572' title='bbox 3527 3743 3666 3805; x_wconf 54' lang='grc' dir='ltr'>ἐντός</span> 
     </span>
    </p>
   </div>
   <div class='ocr_carea' id='block_1_80' title="bbox 2220 3836 3665 3916">
    <p class='ocr_par' dir='ltr' id='par_1_80' title="bbox 2220 3836 3665 3916">
     <span class='ocr_line' id='line_1_80' title="bbox 2220 3836 3665 3916; baseline -0.012 -12"><span class='ocrx_word' id='word_1_573' title='bbox 2220 3849 2380 3916; x_wconf 79' lang='grc' dir='ltr'>ὁδοῖς</span> <span class='ocrx_word' id='word_1_574' title='bbox 2422 3847 2607 3904; x_wconf 77' lang='grc' dir='ltr'>αὐτοῦ</span> <span class='ocrx_word' id='word_1_575' title='bbox 2659 3847 3100 3916; x_wconf 71' lang='grc' dir='ltr'>ἐπορεύθησαν,</span> <span class='ocrx_word' id='word_1_576' title='bbox 3143 3863 3201 3898; x_wconf 87' lang='grc' dir='ltr'><strong>κ.</strong></span> <span class='ocrx_word' id='word_1_577' title='bbox 3232 3862 3284 3898; x_wconf 85' lang='grc' dir='ltr'><strong>τ.</strong></span> <span class='ocrx_word' id='word_1_578' title='bbox 3317 3845 3362 3896; x_wconf 84' lang='grc' dir='ltr'>ὲ.</span> <span class='ocrx_word' id='word_1_579' title='bbox 3393 3844 3448 3895; x_wconf 79' lang='lat' dir='ltr'><strong>Ei</strong></span> <span class='ocrx_word' id='word_1_580' title='bbox 3475 3843 3512 3894; x_wconf 76' lang='grc' dir='ltr'><strong>οἱ</strong></span> <span class='ocrx_word' id='word_1_581' title='bbox 3536 3836 3665 3910; x_wconf 56' lang='lat' dir='ltr'><strong>sppil-</strong></span> 
     </span>
    </p>
   </div>
   <div class='ocr_carea' id='block_1_81' title="bbox 2223 3930 3668 4013">
    <p class='ocr_par' dir='ltr' id='par_1_81' title="bbox 2223 3930 3668 4013">
     <span class='ocr_line' id='line_1_81' title="bbox 2223 3930 3668 4013; baseline -0.007 -18"><span class='ocrx_word' id='word_1_582' title='bbox 2223 3959 2370 4013; x_wconf 90' lang='grc' dir='ltr'>μενοι</span> <span class='ocrx_word' id='word_1_583' title='bbox 2399 3940 2494 4013; x_wconf 86' lang='grc' dir='ltr'><strong>τὴν</strong></span> <span class='ocrx_word' id='word_1_584' title='bbox 2541 3939 2766 4010; x_wconf 83' lang='grc' dir='ltr'>ἀνομίαν</span> <span class='ocrx_word' id='word_1_585' title='bbox 2797 3940 2856 3994; x_wconf 85' lang='grc' dir='ltr'><strong>ἐν</strong></span> <span class='ocrx_word' id='word_1_586' title='bbox 2887 3941 3007 4001; x_wconf 79' lang='grc' dir='ltr'>ταῖς</span> <span class='ocrx_word' id='word_1_587' title='bbox 3030 3937 3174 4000; x_wconf 78' lang='grc' dir='ltr'><strong>ὁδοῖς</strong></span> <span class='ocrx_word' id='word_1_588' title='bbox 3202 3935 3301 3989; x_wconf 88' lang='grc' dir='ltr'><strong>τοῦ</strong></span> <span class='ocrx_word' id='word_1_589' title='bbox 3339 3933 3461 3988; x_wconf 85' lang='grc' dir='ltr'>Θεοῦ</span> <span class='ocrx_word' id='word_1_590' title='bbox 3487 3934 3532 3986; x_wconf 64' lang='grc' dir='ltr'><strong>οὗ</strong></span> 
     </span>
    </p>
   </div>
   <div class='ocr_carea' id='block_1_82' title="bbox 2217 4018 3668 4101">
    <p class='ocr_par' dir='ltr' id='par_1_82' title="bbox 2217 4018 3668 4101">
     <span class='ocr_line' id='line_1_82' title="bbox 2217 4018 3668 4101; baseline -0.013 -15"><span class='ocrx_word' id='word_1_591' title='bbox 2217 4049 2401 4094; x_wconf 86' lang='grc' dir='ltr'>ονται,</span> <span class='ocrx_word' id='word_1_592' title='bbox 2447 4031 2494 4083; x_wconf 86' lang='grc' dir='ltr'><strong>οί</strong></span> <span class='ocrx_word' id='word_1_593' title='bbox 2529 4029 2882 4101; x_wconf 77' lang='grc' dir='ltr'>ἐργαζόμενοι</span> <span class='ocrx_word' id='word_1_594' title='bbox 2925 4024 3176 4098; x_wconf 74' lang='grc' dir='ltr'>δηλονότι</span> <span class='ocrx_word' id='word_1_595' title='bbox 3210 4023 3308 4094; x_wconf 80' lang='grc' dir='ltr'>τὴν</span> <span class='ocrx_word' id='word_1_596' title='bbox 3351 4019 3615 4085; x_wconf 67' lang='grc' dir='ltr'>δικαιοσύνην</span> <span class='ocrx_word' id='word_1_597' title='bbox 3641 4018 3668 4064; x_wconf 52' lang='grc' dir='ltr'><strong>ἐι</strong></span> 
     </span>
    </p>
   </div>
   <div class='ocr_carea' id='block_1_83' title="bbox 2216 4106 3669 4192">
    <p class='ocr_par' dir='ltr' id='par_1_83' title="bbox 2216 4106 3669 4192">
     <span class='ocr_line' id='line_1_83' title="bbox 2216 4106 3669 4192; baseline -0.011 -12"><span class='ocrx_word' id='word_1_598' title='bbox 2216 4129 2334 4190; x_wconf 83' lang='grc' dir='ltr'>ταῖς</span> <span class='ocrx_word' id='word_1_599' title='bbox 2368 4125 2506 4188; x_wconf 82' lang='grc' dir='ltr'><strong>ὁδοῖς</strong></span> <span class='ocrx_word' id='word_1_600' title='bbox 2534 4122 2628 4176; x_wconf 89' lang='grc' dir='ltr'><strong>τοῦ</strong></span> <span class='ocrx_word' id='word_1_601' title='bbox 2656 4119 2790 4175; x_wconf 87' lang='grc' dir='ltr'>Θεοῦ</span> <span class='ocrx_word' id='word_1_602' title='bbox 2831 4119 3290 4192; x_wconf 81' lang='grc' dir='ltr'>πορευθήσονται.</span> <span class='ocrx_word' id='word_1_603' title='bbox 3323 4111 3505 4168; x_wconf 76' lang='grc' dir='ltr'>Οὐκοῦν</span> <span class='ocrx_word' id='word_1_604' title='bbox 3625 4106 3669 4159; x_wconf 63' lang='grc' dir='ltr'>πὶ</span> 
     </span>
    </p>
   </div>
   <div class='ocr_carea' id='block_1_84' title="bbox 2217 4200 3668 4285">
    <p class='ocr_par' dir='ltr' id='par_1_84' title="bbox 2217 4200 3668 4285">
     <span class='ocr_line' id='line_1_84' title="bbox 2217 4200 3668 4285; baseline -0.014 -13"><span class='ocrx_word' id='word_1_605' title='bbox 2217 4218 2350 4272; x_wconf 89' lang='grc' dir='ltr'>Θεοῦ</span> <span class='ocrx_word' id='word_1_606' title='bbox 2383 4219 2518 4271; x_wconf 79' lang='grc' dir='ltr'>εἰσιν</span> <span class='ocrx_word' id='word_1_607' title='bbox 2545 4217 2598 4270; x_wconf 88' lang='grc' dir='ltr'>αἱ</span> <span class='ocrx_word' id='word_1_608' title='bbox 2633 4213 2856 4285; x_wconf 86' lang='grc' dir='ltr'>θεωρίαι</span> <span class='ocrx_word' id='word_1_609' title='bbox 2885 4210 2994 4265; x_wconf 83' lang='grc' dir='ltr'><strong>τῶν</strong></span> <span class='ocrx_word' id='word_1_610' title='bbox 3032 4209 3366 4280; x_wconf 78' lang='grc' dir='ltr'>γεγονότων,</span> <span class='ocrx_word' id='word_1_611' title='bbox 3394 4209 3445 4260; x_wconf 83' lang='grc' dir='ltr'>ὲν</span> <span class='ocrx_word' id='word_1_612' title='bbox 3474 4200 3540 4266; x_wconf 74' lang='grc' dir='ltr'><strong>αἷς</strong></span> 
     </span>
    </p>
   </div>
   <div class='ocr_carea' id='block_1_85' title="bbox 2219 4294 3664 4382">
    <p class='ocr_par' dir='ltr' id='par_1_85' title="bbox 2219 4294 3664 4382">
     <span class='ocr_line' id='line_1_85' title="bbox 2219 4294 3664 4382; baseline -0.017 -17"><span class='ocrx_word' id='word_1_613' title='bbox 2219 4309 2422 4382; x_wconf 85' lang='grc' dir='ltr'>σόμεθα</span> <span class='ocrx_word' id='word_1_614' title='bbox 2453 4305 2794 4375; x_wconf 86' lang='grc' dir='ltr'>δικαιοσύνην</span> <span class='ocrx_word' id='word_1_615' title='bbox 2839 4299 3337 4374; x_wconf 75' lang='grc' dir='ltr'>κατεργαζόμενοι.</span> <span class='ocrx_word' id='word_1_616' title='bbox 3361 4299 3419 4353; x_wconf 79' lang='lat' dir='ltr'><strong>Ei</strong></span> <span class='ocrx_word' id='word_1_617' title='bbox 3453 4297 3500 4351; x_wconf 72' lang='grc' dir='ltr'>δὲ</span> <span class='ocrx_word' id='word_1_618' title='bbox 3518 4296 3543 4364; x_wconf 70' lang='grc' dir='ltr'><strong>ἡ</strong></span> <span class='ocrx_word' id='word_1_619' title='bbox 3562 4294 3664 4346; x_wconf 68' lang='lat'><strong>6:11;:</strong></span> 
     </span>
    </p>
   </div>
   <div class='ocr_carea' id='block_1_86' title="bbox 2219 4387 3673 4472">
    <p class='ocr_par' dir='ltr' id='par_1_86' title="bbox 2219 4387 3673 4472">
     <span class='ocr_line' id='line_1_86' title="bbox 2219 4387 3673 4472; baseline -0.017 -15"><span class='ocrx_word' id='word_1_620' title='bbox 2219 4402 2356 4472; x_wconf 80' lang='grc' dir='ltr'>σύνη</span> <span class='ocrx_word' id='word_1_621' title='bbox 2387 4399 2544 4471; x_wconf 80' lang='grc' dir='ltr'>ἡμῶν</span> <span class='ocrx_word' id='word_1_622' title='bbox 2571 4400 2716 4452; x_wconf 76' lang='grc' dir='ltr'>ἐστιν</span> <span class='ocrx_word' id='word_1_623' title='bbox 2739 4398 2766 4450; x_wconf 91' lang='lat'><strong>6</strong></span> <span class='ocrx_word' id='word_1_624' title='bbox 2791 4394 3043 4467; x_wconf 83' lang='grc' dir='ltr'>Χριστὸς,</span> <span class='ocrx_word' id='word_1_625' title='bbox 3087 4411 3106 4444; x_wconf 76' lang='grc' dir='ltr'>ι</span> <span class='ocrx_word' id='word_1_626' title='bbox 3133 4390 3374 4462; x_wconf 72' lang='grc' dir='ltr'>ἐγενήθη</span> <span class='ocrx_word' id='word_1_627' title='bbox 3408 4388 3496 4457; x_wconf 72' lang='grc' dir='ltr'><strong>γὰρ</strong></span> <span class='ocrx_word' id='word_1_628' title='bbox 3520 4387 3608 4453; x_wconf 69' lang='grc' dir='ltr'>ἡμῖν</span> <span class='ocrx_word' id='word_1_629' title='bbox 3637 4398 3673 4431; x_wconf 57' lang='grc' dir='ltr'><strong>τ</strong></span> 
     </span>
    </p>
   </div>
   <div class='ocr_carea' id='block_1_87' title="bbox 541 4477 2110 4574">
    <p class='ocr_par' dir='ltr' id='par_1_87' title="bbox 541 4501 2106 4574">
     <span class='ocr_line' id='line_1_87' title="bbox 541 4501 2106 4574; baseline -0.001 -16"><span class='ocrx_word' id='word_1_630' title='bbox 541 4503 780 4573; x_wconf 86' lang='lat' dir='ltr'><strong>demptio</strong></span> <span class='ocrx_word' id='word_1_631' title='bbox 826 4502 914 4569; x_wconf 75' lang='lat'><strong>“,</strong></span> <span class='ocrx_word' id='word_1_632' title='bbox 975 4521 992 4555; x_wconf 79' lang='grc' dir='ltr'><strong>ι</strong></span> <span class='ocrx_word' id='word_1_633' title='bbox 1032 4503 1255 4574; x_wconf 90' lang='lat' dir='ltr'><strong>pulchre</strong></span> <span class='ocrx_word' id='word_1_634' title='bbox 1291 4504 1344 4557; x_wconf 94' lang='lat' dir='ltr'><strong>in</strong></span> <span class='ocrx_word' id='word_1_635' title='bbox 1396 4501 1704 4558; x_wconf 88' lang='lat' dir='ltr'><strong>Proverbiis</strong></span> <span class='ocrx_word' id='word_1_636' title='bbox 1751 4502 1794 4534; x_wconf 74' lang='grc'><strong>³⁵</strong></span> <span class='ocrx_word' id='word_1_637' title='bbox 1847 4503 2106 4558; x_wconf 90' lang='lat' dir='ltr'><strong>Salomon</strong></span> 
     </span>
    </p>
   </div>
   <div class='ocr_carea' id='block_1_88' title="bbox 2215 4477 3664 4574">
    <p class='ocr_par' dir='ltr' id='par_1_88' title="bbox 2217 4477 3664 4565">
     <span class='ocr_line' id='line_1_88' title="bbox 2217 4477 3664 4565; baseline -0.013 -17"><span class='ocrx_word' id='word_1_638' title='bbox 2217 4495 2316 4565; x_wconf 84' lang='grc' dir='ltr'><strong>φία</strong></span> <span class='ocrx_word' id='word_1_639' title='bbox 2345 4491 2496 4564; x_wconf 81' lang='grc' dir='ltr'>παρὰ</span> <span class='ocrx_word' id='word_1_640' title='bbox 2539 4489 2694 4556; x_wconf 91' lang='grc' dir='ltr'>Θεοῦ,</span> <span class='ocrx_word' id='word_1_641' title='bbox 2739 4484 3049 4556; x_wconf 85' lang='grc' dir='ltr'>δικαιοσύνη</span> <span class='ocrx_word' id='word_1_642' title='bbox 3096 4501 3161 4537; x_wconf 89' lang='grc' dir='ltr'><strong>τε</strong></span> <span class='ocrx_word' id='word_1_643' title='bbox 3215 4484 3318 4538; x_wconf 70' lang='grc' dir='ltr'>καὶ</span> <span class='ocrx_word' id='word_1_644' title='bbox 3364 4477 3597 4550; x_wconf 43' lang='lat' dir='ltr'><strong>inceptu.</strong></span> <span class='ocrx_word' id='word_1_645' title='bbox 3637 4489 3664 4521; x_wconf 69' lang='grc' dir='ltr'><em>τ</em></span> 
     </span>
    </p>
   </div>
   <div class='ocr_carea' id='block_1_89' title="bbox 541 4569 2110 4665">
    <p class='ocr_par' dir='ltr' id='par_1_89' title="bbox 541 4593 2107 4665">
     <span class='ocr_line' id='line_1_89' title="bbox 541 4593 2107 4665; baseline -0.001 -15"><span class='ocrx_word' id='word_1_646' title='bbox 541 4593 672 4650; x_wconf 92' lang='lat' dir='ltr'><strong>dicit</strong></span> <span class='ocrx_word' id='word_1_647' title='bbox 728 4596 941 4649; x_wconf 87' lang='lat' dir='ltr'><strong>viarum</strong></span> <span class='ocrx_word' id='word_1_648' title='bbox 1013 4596 1107 4650; x_wconf 87' lang='lat' dir='ltr'><strong>Dei</strong></span> <span class='ocrx_word' id='word_1_649' title='bbox 1167 4595 1495 4665; x_wconf 88' lang='lat' dir='ltr'><strong>principium</strong></span> <span class='ocrx_word' id='word_1_650' title='bbox 1555 4609 1681 4650; x_wconf 89' lang='lat' dir='ltr'><strong>esse</strong></span> <span class='ocrx_word' id='word_1_651' title='bbox 1741 4594 2107 4665; x_wconf 88' lang='lat' dir='ltr'><strong>sapientiam,</strong></span> 
     </span>
    </p>
   </div>
   <div class='ocr_carea' id='block_1_90' title="bbox 2215 4569 3674 4665">
    <p class='ocr_par' dir='ltr' id='par_1_90' title="bbox 2217 4569 3674 4655">
     <span class='ocr_line' id='line_1_90' title="bbox 2217 4569 3674 4655; baseline -0.01 -17"><span class='ocrx_word' id='word_1_652' title='bbox 2217 4583 2616 4655; x_wconf 74' lang='grc' dir='ltr'>ἀπολύτρωσιςο</span> <span class='ocrx_word' id='word_1_653' title='bbox 2645 4600 2664 4633; x_wconf 78' lang='grc' dir='ltr'>ι</span> <span class='ocrx_word' id='word_1_654' title='bbox 2716 4577 2895 4642; x_wconf 87' lang='grc' dir='ltr'>καλῶς</span> <span class='ocrx_word' id='word_1_655' title='bbox 2940 4575 3088 4646; x_wconf 88' lang='grc' dir='ltr'>λέγει</span> <span class='ocrx_word' id='word_1_656' title='bbox 3131 4577 3197 4629; x_wconf 81' lang='grc' dir='ltr'>ὲν</span> <span class='ocrx_word' id='word_1_657' title='bbox 3244 4576 3367 4636; x_wconf 84' lang='grc' dir='ltr'>ταῖς</span> <span class='ocrx_word' id='word_1_658' title='bbox 3397 4569 3674 4637; x_wconf 64' lang='lat' dir='ltr'><strong>[Iapapimt&#39;</strong></span> 
     </span>
    </p>
   </div>
   <div class='ocr_carea' id='block_1_91' title="bbox 542 4685 2107 4758">
    <p class='ocr_par' dir='ltr' id='par_1_91' title="bbox 542 4685 2107 4758">
     <span class='ocr_line' id='line_1_91' title="bbox 542 4685 2107 4758; baseline -0.001 -16"><span class='ocrx_word' id='word_1_659' title='bbox 542 4701 665 4758; x_wconf 66' lang='lat' dir='ltr'><strong>qua:</strong></span> <span class='ocrx_word' id='word_1_660' title='bbox 701 4696 787 4744; x_wconf 88' lang='lat' dir='ltr'><strong>est</strong></span> <span class='ocrx_word' id='word_1_661' title='bbox 828 4686 1096 4743; x_wconf 85' lang='lat' dir='ltr'><strong>Christus.</strong></span> <span class='ocrx_word' id='word_1_662' title='bbox 1153 4685 1431 4742; x_wconf 88' lang='lat' dir='ltr'><strong>Christum</strong></span> <span class='ocrx_word' id='word_1_663' title='bbox 1482 4697 1663 4742; x_wconf 90' lang='lat' dir='ltr'><strong>autem</strong></span> <span class='ocrx_word' id='word_1_664' title='bbox 1720 4686 1840 4742; x_wconf 90' lang='lat' dir='ltr'><strong>dico</strong></span> <span class='ocrx_word' id='word_1_665' title='bbox 1870 4685 2107 4741; x_wconf 82' lang='lat' dir='ltr'><strong>Verbum</strong></span> 
     </span>
    </p>
   </div>
   <div class='ocr_carea' id='block_1_92' title="bbox 539 4780 2108 4855">
    <p class='ocr_par' dir='ltr' id='par_1_92' title="bbox 539 4780 2108 4855">
     <span class='ocr_line' id='line_1_92' title="bbox 539 4780 2108 4855; baseline -0.003 -18"><span class='ocrx_word' id='word_1_666' title='bbox 539 4782 684 4855; x_wconf 87' lang='lat' dir='ltr'><strong>quod</strong></span> <span class='ocrx_word' id='word_1_667' title='bbox 726 4796 850 4838; x_wconf 91' lang='lat' dir='ltr'><strong>cum</strong></span> <span class='ocrx_word' id='word_1_668' title='bbox 886 4781 993 4836; x_wconf 90' lang='lat' dir='ltr'><strong>Deo</strong></span> <span class='ocrx_word' id='word_1_669' title='bbox 1031 4789 1149 4836; x_wconf 88' lang='lat' dir='ltr'><strong>erat</strong></span> <span class='ocrx_word' id='word_1_670' title='bbox 1218 4790 1272 4837; x_wconf 91' lang='lat' dir='ltr'><strong>et</strong></span> <span class='ocrx_word' id='word_1_671' title='bbox 1315 4782 1371 4838; x_wconf 90' lang='lat' dir='ltr'><strong>in</strong></span> <span class='ocrx_word' id='word_1_672' title='bbox 1421 4781 1565 4838; x_wconf 90' lang='lat' dir='ltr'><strong>hunc</strong></span> <span class='ocrx_word' id='word_1_673' title='bbox 1617 4780 1879 4837; x_wconf 87' lang='lat' dir='ltr'><strong>mundum</strong></span> <span class='ocrx_word' id='word_1_674' title='bbox 1939 4780 2108 4836; x_wconf 89' lang='lat' dir='ltr'><strong>adve-</strong></span> 
     </span>
    </p>
   </div>
   <div class='ocr_carea' id='block_1_93' title="bbox 537 4875 641 4933">
    <p class='ocr_par' dir='ltr' id='par_1_93' title="bbox 537 4875 641 4933">
     <span class='ocr_line' id='line_1_93' title="bbox 537 4875 641 4933; baseline 0.048 -5"><span class='ocrx_word' id='word_1_675' title='bbox 537 4875 641 4933; x_wconf 88' lang='lat' dir='ltr'><strong>nit.</strong></span> 
     </span>
    </p>
   </div>
   <div class='ocr_carea' id='block_1_94' title="bbox 606 4963 2108 5039">
    <p class='ocr_par' dir='ltr' id='par_1_94' title="bbox 606 4963 2108 5039">
     <span class='ocr_line' id='line_1_94' title="bbox 606 4963 2108 5039; baseline -0.005 -14"><span class='ocrx_word' id='word_1_676' title='bbox 606 4968 886 5039; x_wconf 63' lang='lat' dir='ltr'><strong>Ejusdem.</strong></span> <span class='ocrx_word' id='word_1_677' title='bbox 912 4963 969 5023; x_wconf 84' lang='lat' dir='ltr'><strong>Si</strong></span> <span class='ocrx_word' id='word_1_678' title='bbox 995 4968 1120 5038; x_wconf 89' lang='lat' dir='ltr'><strong>quis</strong></span> <span class='ocrx_word' id='word_1_679' title='bbox 1154 4967 1497 5038; x_wconf 88' lang='lat' dir='ltr'><strong>iniquitatem</strong></span> <span class='ocrx_word' id='word_1_680' title='bbox 1525 4974 1799 5036; x_wconf 91' lang='lat' dir='ltr'><strong>operetur,</strong></span> <span class='ocrx_word' id='word_1_681' title='bbox 1825 4964 1916 5020; x_wconf 87' lang='lat' dir='ltr'><strong>ille</strong></span> <span class='ocrx_word' id='word_1_682' title='bbox 1944 4964 2108 5019; x_wconf 89' lang='lat' dir='ltr'><strong>haud-</strong></span> 
     </span>
    </p>
   </div>
   <div class='ocr_carea' id='block_1_95' title="bbox 536 5057 2106 5131">
    <p class='ocr_par' dir='ltr' id='par_1_95' title="bbox 536 5057 2106 5131">
     <span class='ocr_line' id='line_1_95' title="bbox 536 5057 2106 5131; baseline -0.002 -17"><span class='ocrx_word' id='word_1_683' title='bbox 536 5074 808 5131; x_wconf 86' lang='lat' dir='ltr'><strong>quaquam</strong></span> <span class='ocrx_word' id='word_1_684' title='bbox 835 5058 890 5114; x_wconf 86' lang='lat' dir='ltr'><strong>in</strong></span> <span class='ocrx_word' id='word_1_685' title='bbox 912 5059 998 5112; x_wconf 87' lang='lat' dir='ltr'><strong>via</strong></span> <span class='ocrx_word' id='word_1_686' title='bbox 1031 5057 1243 5112; x_wconf 92' lang='lat' dir='ltr'><strong>Domini</strong></span> <span class='ocrx_word' id='word_1_687' title='bbox 1269 5058 1543 5123; x_wconf 87' lang='lat' dir='ltr'><strong>ambulat;</strong></span> <span class='ocrx_word' id='word_1_688' title='bbox 1573 5064 1907 5127; x_wconf 88' lang='lat' dir='ltr'><strong>quapropter</strong></span> <span class='ocrx_word' id='word_1_689' title='bbox 1931 5068 2106 5125; x_wconf 88' lang='lat' dir='ltr'><strong>neque</strong></span> 
     </span>
    </p>
   </div>
   <div class='ocr_carea' id='block_1_96' title="bbox 537 5149 1246 5207">
    <p class='ocr_par' dir='ltr' id='par_1_96' title="bbox 537 5149 1246 5207">
     <span class='ocr_line' id='line_1_96' title="bbox 537 5149 1246 5207; baseline -0.006 0"><span class='ocrx_word' id='word_1_690' title='bbox 537 5151 918 5207; x_wconf 88' lang='lat' dir='ltr'><strong>immaculatus</strong></span> <span class='ocrx_word' id='word_1_691' title='bbox 939 5160 1024 5206; x_wconf 89' lang='lat' dir='ltr'><strong>est</strong></span> <span class='ocrx_word' id='word_1_692' title='bbox 1051 5151 1104 5204; x_wconf 91' lang='lat' dir='ltr'><strong>in</strong></span> <span class='ocrx_word' id='word_1_693' title='bbox 1137 5149 1246 5204; x_wconf 91' lang='lat' dir='ltr'><strong>via.</strong></span> 
     </span>
    </p>
   </div>
   <div class='ocr_carea' id='block_1_97' title="bbox 611 5238 2106 5299">
    <p class='ocr_par' dir='ltr' id='par_1_97' title="bbox 611 5238 2106 5299">
     <span class='ocr_line' id='line_1_97' title="bbox 611 5238 2106 5299; baseline -0.005 0"><span class='ocrx_word' id='word_1_694' title='bbox 611 5243 773 5299; x_wconf 64' lang='lat' dir='ltr'><strong>Vens.</strong></span> <span class='ocrx_word' id='word_1_695' title='bbox 795 5242 852 5297; x_wconf 74' lang='grc'>4.</span> <span class='ocrx_word' id='word_1_696' title='bbox 907 5240 986 5296; x_wconf 85' lang='grc' dir='ltr'><strong>Τιι</strong></span> <span class='ocrx_word' id='word_1_697' title='bbox 1018 5238 1284 5295; x_wconf 75' lang='lat' dir='ltr'><strong>mandasti</strong></span> <span class='ocrx_word' id='word_1_698' title='bbox 1323 5240 1578 5294; x_wconf 85' lang='lat' dir='ltr'><strong>mandata</strong></span> <span class='ocrx_word' id='word_1_699' title='bbox 1613 5248 1702 5294; x_wconf 89' lang='lat' dir='ltr'><strong>tua</strong></span> <span class='ocrx_word' id='word_1_700' title='bbox 1733 5238 1991 5294; x_wconf 82' lang='lat' dir='ltr'><strong>custodiri</strong></span> <span class='ocrx_word' id='word_1_701' title='bbox 2022 5238 2106 5292; x_wconf 79' lang='lat' dir='ltr'><strong>ni-</strong></span> 
     </span>
    </p>
   </div>
   <div class='ocr_carea' id='block_1_98' title="bbox 537 5328 2109 5410">
    <p class='ocr_par' dir='ltr' id='par_1_98' title="bbox 537 5328 2109 5410">
     <span class='ocr_line' id='line_1_98' title="bbox 537 5328 2109 5410; baseline -0.003 -21"><span class='ocrx_word' id='word_1_702' title='bbox 537 5337 660 5402; x_wconf 85' lang='lat' dir='ltr'><strong>mis,</strong></span> <span class='ocrx_word' id='word_1_703' title='bbox 695 5347 806 5393; x_wconf 88' lang='lat' dir='ltr'><strong>etc.</strong></span> <span class='ocrx_word' id='word_1_704' title='bbox 838 5333 940 5402; x_wconf 87' lang='lat' dir='ltr'><strong>Qui</strong></span> <span class='ocrx_word' id='word_1_705' title='bbox 989 5348 1058 5390; x_wconf 91' lang='lat' dir='ltr'><strong>ne</strong></span> <span class='ocrx_word' id='word_1_706' title='bbox 1090 5331 1418 5410; x_wconf 85' lang='lat' dir='ltr'><strong>cogitatione</strong></span> <span class='ocrx_word' id='word_1_707' title='bbox 1443 5330 1664 5402; x_wconf 85' lang='lat' dir='ltr'><strong>quidem</strong></span> <span class='ocrx_word' id='word_1_708' title='bbox 1692 5337 1902 5401; x_wconf 90' lang='lat' dir='ltr'><strong>peccat,</strong></span> <span class='ocrx_word' id='word_1_709' title='bbox 1941 5328 2109 5384; x_wconf 84' lang='lat' dir='ltr'><strong>vehe-</strong></span> 
     </span>
    </p>
   </div>
   <div class='ocr_carea' id='block_1_99' title="bbox 539 5423 1444 5486">
    <p class='ocr_par' dir='ltr' id='par_1_99' title="bbox 539 5423 1444 5486">
     <span class='ocr_line' id='line_1_99' title="bbox 539 5423 1444 5486; baseline -0.006 -2"><span class='ocrx_word' id='word_1_710' title='bbox 539 5439 750 5486; x_wconf 87' lang='lat' dir='ltr'><strong>menter</strong></span> <span class='ocrx_word' id='word_1_711' title='bbox 782 5428 1016 5484; x_wconf 86' lang='lat' dir='ltr'><strong>custodit</strong></span> <span class='ocrx_word' id='word_1_712' title='bbox 1049 5425 1299 5482; x_wconf 85' lang='lat' dir='ltr'><strong>mandata</strong></span> <span class='ocrx_word' id='word_1_713' title='bbox 1325 5423 1444 5480; x_wconf 90' lang='lat' dir='ltr'><strong>Dei.</strong></span> 
     </span>
    </p>
   </div>
   <div class='ocr_carea' id='block_1_100' title="bbox 607 5511 2114 5590">
    <p class='ocr_par' dir='ltr' id='par_1_100' title="bbox 607 5511 2114 5590">
     <span class='ocr_line' id='line_1_100' title="bbox 607 5511 2114 5590; baseline -0.003 -18"><span class='ocrx_word' id='word_1_714' title='bbox 607 5515 884 5590; x_wconf 80' lang='lat' dir='ltr'><strong>Ejusdem.</strong></span> <span class='ocrx_word' id='word_1_715' title='bbox 933 5518 1028 5573; x_wconf 86' lang='lat' dir='ltr'><strong>Est</strong></span> <span class='ocrx_word' id='word_1_716' title='bbox 1079 5517 1431 5572; x_wconf 87' lang='lat' dir='ltr'><strong>vehementer</strong></span> <span class='ocrx_word' id='word_1_717' title='bbox 1476 5521 1531 5568; x_wconf 92' lang='lat' dir='ltr'><strong>et</strong></span> <span class='ocrx_word' id='word_1_718' title='bbox 1569 5519 1652 5568; x_wconf 90' lang='lat' dir='ltr'><strong>est</strong></span> <span class='ocrx_word' id='word_1_719' title='bbox 1683 5511 1894 5583; x_wconf 89' lang='lat' dir='ltr'><strong>placide</strong></span> <span class='ocrx_word' id='word_1_720' title='bbox 1935 5519 2114 5569; x_wconf 87' lang='lat' dir='ltr'><strong>custo-</strong></span> 
     </span>
    </p>
   </div>
   <div class='ocr_carea' id='block_1_101' title="bbox 540 5603 2108 5678">
    <p class='ocr_par' dir='ltr' id='par_1_101' title="bbox 540 5603 2108 5678">
     <span class='ocr_line' id='line_1_101' title="bbox 540 5603 2108 5678; baseline -0.003 -11"><span class='ocrx_word' id='word_1_721' title='bbox 540 5611 658 5668; x_wconf 91' lang='lat' dir='ltr'><strong>dire</strong></span> <span class='ocrx_word' id='word_1_722' title='bbox 692 5612 943 5666; x_wconf 90' lang='lat' dir='ltr'><strong>mandata</strong></span> <span class='ocrx_word' id='word_1_723' title='bbox 974 5610 1090 5666; x_wconf 87' lang='lat' dir='ltr'><strong>Dei.</strong></span> <span class='ocrx_word' id='word_1_724' title='bbox 1146 5609 1239 5664; x_wconf 88' lang='lat' dir='ltr'><strong>Vel</strong></span> <span class='ocrx_word' id='word_1_725' title='bbox 1275 5610 1629 5665; x_wconf 86' lang='lat' dir='ltr'><strong>vehementer</strong></span> <span class='ocrx_word' id='word_1_726' title='bbox 1659 5607 1917 5678; x_wconf 58' lang='lat' dir='ltr'><strong>praecepit</strong></span> <span class='ocrx_word' id='word_1_727' title='bbox 1965 5603 2108 5662; x_wconf 90' lang='lat' dir='ltr'><strong>Deus</strong></span> 
     </span>
    </p>
   </div>
   <div class='ocr_carea' id='block_1_102' title="bbox 539 5701 1230 5759">
    <p class='ocr_par' dir='ltr' id='par_1_102' title="bbox 539 5701 1230 5759">
     <span class='ocr_line' id='line_1_102' title="bbox 539 5701 1230 5759; baseline -0.006 -1"><span class='ocrx_word' id='word_1_728' title='bbox 539 5701 798 5759; x_wconf 86' lang='lat' dir='ltr'><strong>custodiri</strong></span> <span class='ocrx_word' id='word_1_729' title='bbox 832 5701 1082 5759; x_wconf 85' lang='lat' dir='ltr'><strong>mandata</strong></span> <span class='ocrx_word' id='word_1_730' title='bbox 1113 5714 1230 5754; x_wconf 74' lang='lat' dir='ltr'><strong>sua.</strong></span> 
     </span>
    </p>
   </div>
   <div class='ocr_carea' id='block_1_103' title="bbox 2218 4653 3674 4748">
    <p class='ocr_par' dir='ltr' id='par_1_103' title="bbox 2218 4653 3674 4748">
     <span class='ocr_line' id='line_1_103' title="bbox 2218 4653 3674 4748; baseline -0.016 -17"><span class='ocrx_word' id='word_1_731' title='bbox 2218 4653 2466 4748; x_wconf 81' lang='grc' dir='ltr'>Σολομῶν</span> <span class='ocrx_word' id='word_1_732' title='bbox 2495 4673 2592 4745; x_wconf 82' lang='grc' dir='ltr'><strong>τὴν</strong></span> <span class='ocrx_word' id='word_1_733' title='bbox 2619 4671 2810 4741; x_wconf 83' lang='grc' dir='ltr'>σοφίαν</span> <span class='ocrx_word' id='word_1_734' title='bbox 2843 4667 3018 4740; x_wconf 83' lang='grc' dir='ltr'>ἀρχὴν</span> <span class='ocrx_word' id='word_1_735' title='bbox 3049 4660 3197 4719; x_wconf 75' lang='grc' dir='ltr'>εἶναι</span> <span class='ocrx_word' id='word_1_736' title='bbox 3231 4665 3344 4718; x_wconf 83' lang='grc' dir='ltr'><strong>τῶν</strong></span> <span class='ocrx_word' id='word_1_737' title='bbox 3380 4661 3498 4717; x_wconf 73' lang='grc' dir='ltr'>ὁδῶν</span> <span class='ocrx_word' id='word_1_738' title='bbox 3530 4656 3595 4710; x_wconf 69' lang='grc' dir='ltr'><strong>τοῦ</strong></span> <span class='ocrx_word' id='word_1_739' title='bbox 3618 4653 3674 4705; x_wconf 56' lang='grc' dir='ltr'><strong>ἱκ-</strong></span> 
     </span>
    </p>
   </div>
   <div class='ocr_carea' id='block_1_104' title="bbox 2219 4750 3673 4842">
    <p class='ocr_par' dir='ltr' id='par_1_104' title="bbox 2219 4750 3673 4842">
     <span class='ocr_line' id='line_1_104' title="bbox 2219 4750 3673 4842; baseline -0.019 -18"><span class='ocrx_word' id='word_1_740' title='bbox 2219 4769 2357 4842; x_wconf 90' lang='grc' dir='ltr'>ρίου,</span> <span class='ocrx_word' id='word_1_741' title='bbox 2377 4768 2498 4839; x_wconf 83' lang='grc' dir='ltr'>ἦτις</span> <span class='ocrx_word' id='word_1_742' title='bbox 2528 4764 2673 4820; x_wconf 76' lang='grc' dir='ltr'>ἐστὶν</span> <span class='ocrx_word' id='word_1_743' title='bbox 2690 4765 2717 4816; x_wconf 87' lang='grc' dir='ltr'>ὁ</span> <span class='ocrx_word' id='word_1_744' title='bbox 2744 4759 2994 4832; x_wconf 84' lang='grc' dir='ltr'>Χριστός.</span> <span class='ocrx_word' id='word_1_745' title='bbox 3021 4758 3190 4827; x_wconf 89' lang='grc' dir='ltr'>Λέγω</span> <span class='ocrx_word' id='word_1_746' title='bbox 3212 4757 3274 4810; x_wconf 84' lang='grc' dir='ltr'>δὲ</span> <span class='ocrx_word' id='word_1_747' title='bbox 3300 4754 3512 4828; x_wconf 75' lang='grc' dir='ltr'>Χριστὸν</span> <span class='ocrx_word' id='word_1_748' title='bbox 3527 4750 3590 4802; x_wconf 75' lang='grc' dir='ltr'>τὺν</span> <span class='ocrx_word' id='word_1_749' title='bbox 3607 4759 3673 4814; x_wconf 65' lang='lat' dir='ltr'><strong>ys:</strong></span> 
     </span>
    </p>
   </div>
   <div class='ocr_carea' id='block_1_105' title="bbox 2214 4851 3386 4927">
    <p class='ocr_par' dir='ltr' id='par_1_105' title="bbox 2214 4851 3386 4927">
     <span class='ocr_line' id='line_1_105' title="bbox 2214 4851 3386 4927; baseline -0.012 -12"><span class='ocrx_word' id='word_1_750' title='bbox 2214 4860 2307 4915; x_wconf 84' lang='grc' dir='ltr'><strong>τοῦ</strong></span> <span class='ocrx_word' id='word_1_751' title='bbox 2332 4859 2465 4913; x_wconf 87' lang='grc' dir='ltr'>Θεοῦ</span> <span class='ocrx_word' id='word_1_752' title='bbox 2499 4858 2669 4927; x_wconf 87' lang='grc' dir='ltr'>Λόγον</span> <span class='ocrx_word' id='word_1_753' title='bbox 2698 4853 3112 4926; x_wconf 72' lang='grc' dir='ltr'>ἐπιδημήσαντα</span> <span class='ocrx_word' id='word_1_754' title='bbox 3146 4851 3386 4922; x_wconf 79' lang='grc' dir='ltr'><strong>Κύριον.</strong></span> 
     </span>
    </p>
   </div>
   <div class='ocr_carea' id='block_1_106' title="bbox 2291 4930 3709 5014">
    <p class='ocr_par' dir='ltr' id='par_1_106' title="bbox 2291 4930 3709 5014">
     <span class='ocr_line' id='line_1_106' title="bbox 2291 4930 3709 5014; baseline -0.016 -7"><span class='ocrx_word' id='word_1_755' title='bbox 2291 4950 2400 5006; x_wconf 82' lang='grc' dir='ltr'><strong>Τοῦ</strong></span> <span class='ocrx_word' id='word_1_756' title='bbox 2432 4949 2638 5004; x_wconf 82' lang='grc' dir='ltr'>αὑτοῦ.</span> <span class='ocrx_word' id='word_1_757' title='bbox 2687 4945 2756 5002; x_wconf 81' lang='grc' dir='ltr'><strong>Εἴ</strong></span> <span class='ocrx_word' id='word_1_758' title='bbox 2802 4964 2885 5010; x_wconf 84' lang='grc' dir='ltr'>τις</span> <span class='ocrx_word' id='word_1_759' title='bbox 2935 4943 3167 5014; x_wconf 80' lang='grc' dir='ltr'>ἀνομίαν</span> <span class='ocrx_word' id='word_1_760' title='bbox 3228 4939 3529 5012; x_wconf 73' lang='grc' dir='ltr'>ἐργάζεται,</span> <span class='ocrx_word' id='word_1_761' title='bbox 3565 4930 3709 4994; x_wconf 47' lang='lat' dir='ltr'><strong>Exivi}</strong></span> 
     </span>
    </p>
   </div>
   <div class='ocr_carea' id='block_1_107' title="bbox 2213 5023 3675 5110">
    <p class='ocr_par' dir='ltr' id='par_1_107' title="bbox 2213 5023 3675 5110">
     <span class='ocr_line' id='line_1_107' title="bbox 2213 5023 3675 5110; baseline -0.016 -13"><span class='ocrx_word' id='word_1_762' title='bbox 2213 5044 2313 5098; x_wconf 74' lang='grc' dir='ltr'>οὐκ</span> <span class='ocrx_word' id='word_1_763' title='bbox 2340 5043 2396 5095; x_wconf 83' lang='grc' dir='ltr'><strong>ὲν</strong></span> <span class='ocrx_word' id='word_1_764' title='bbox 2422 5038 2526 5110; x_wconf 83' lang='grc' dir='ltr'>ὀδῷ</span> <span class='ocrx_word' id='word_1_765' title='bbox 2562 5038 2764 5110; x_wconf 83' lang='grc' dir='ltr'>Κυρίου</span> <span class='ocrx_word' id='word_1_766' title='bbox 2796 5035 3118 5109; x_wconf 86' lang='grc' dir='ltr'>πορεύεται·</span> <span class='ocrx_word' id='word_1_767' title='bbox 3151 5033 3241 5088; x_wconf 86' lang='grc' dir='ltr'>διὸ</span> <span class='ocrx_word' id='word_1_768' title='bbox 3274 5030 3382 5087; x_wconf 74' lang='grc' dir='ltr'>οὐδ’</span> <span class='ocrx_word' id='word_1_769' title='bbox 3408 5025 3587 5100; x_wconf 52' lang='lat' dir='ltr'><strong>apage;</strong></span> <span class='ocrx_word' id='word_1_770' title='bbox 3603 5023 3675 5074; x_wconf 64' lang='lat'><strong>&#39;53.:</strong></span> 
     </span>
    </p>
   </div>
   <div class='ocr_carea' id='block_1_108' title="bbox 2213 5132 2420 5204">
    <p class='ocr_par' dir='ltr' id='par_1_108' title="bbox 2213 5132 2420 5204">
     <span class='ocr_line' id='line_1_108' title="bbox 2213 5132 2420 5204; baseline -0.019 -14"><span class='ocrx_word' id='word_1_771' title='bbox 2213 5137 2271 5190; x_wconf 76' lang='grc' dir='ltr'>ἐν</span> <span class='ocrx_word' id='word_1_772' title='bbox 2295 5132 2420 5204; x_wconf 84' lang='grc' dir='ltr'>ὁδῷ.</span> 
     </span>
    </p>
   </div>
   <div class='ocr_carea' id='block_1_109' title="bbox 2283 5205 3678 5288">
    <p class='ocr_par' dir='ltr' id='par_1_109' title="bbox 2283 5205 3678 5288">
     <span class='ocr_line' id='line_1_109' title="bbox 2283 5205 3678 5288; baseline -0.018 -7"><span class='ocrx_word' id='word_1_773' title='bbox 2283 5227 2366 5282; x_wconf 88' lang='grc' dir='ltr'><strong>Σὺ</strong></span> <span class='ocrx_word' id='word_1_774' title='bbox 2412 5224 2687 5279; x_wconf 80' lang='grc' dir='ltr'>ἐνετείλω</span> <span class='ocrx_word' id='word_1_775' title='bbox 2749 5221 2857 5288; x_wconf 83' lang='grc' dir='ltr'><strong>τὰς</strong></span> <span class='ocrx_word' id='word_1_776' title='bbox 2911 5218 3169 5287; x_wconf 72' lang='grc' dir='ltr'><strong>ἐντολάς</strong></span> <span class='ocrx_word' id='word_1_777' title='bbox 3242 5231 3364 5274; x_wconf 84' lang='grc' dir='ltr'><strong>σου</strong></span> <span class='ocrx_word' id='word_1_778' title='bbox 3426 5205 3678 5286; x_wconf 46' lang='grc' dir='ltr'>μουλᾶπὲλά</span> 
     </span>
    </p>
   </div>
   <div class='ocr_carea' id='block_1_110' title="bbox 2215 5298 3681 5390">
    <p class='ocr_par' dir='ltr' id='par_1_110' title="bbox 2215 5298 3681 5390">
     <span class='ocr_line' id='line_1_110' title="bbox 2215 5298 3681 5390; baseline -0.023 -2"><span class='ocrx_word' id='word_1_779' title='bbox 2215 5319 2469 5390; x_wconf 68' lang='grc' dir='ltr'>σφόδρα,</span> <span class='ocrx_word' id='word_1_780' title='bbox 2503 5334 2559 5372; x_wconf 85' lang='grc' dir='ltr'><strong>κ.</strong></span> <span class='ocrx_word' id='word_1_781' title='bbox 2587 5334 2637 5370; x_wconf 86' lang='grc' dir='ltr'><strong>τ.</strong></span> <span class='ocrx_word' id='word_1_782' title='bbox 2677 5317 2723 5369; x_wconf 81' lang='grc' dir='ltr'>ὲ.</span> <span class='ocrx_word' id='word_1_783' title='bbox 2771 5315 2828 5369; x_wconf 92' lang='lat'><strong>&#39;0</strong></span> <span class='ocrx_word' id='word_1_784' title='bbox 2865 5313 2940 5385; x_wconf 85' lang='grc' dir='ltr'><strong>μὴ</strong></span> <span class='ocrx_word' id='word_1_785' title='bbox 2986 5311 3126 5366; x_wconf 84' lang='grc' dir='ltr'><strong>κατὰ</strong></span> <span class='ocrx_word' id='word_1_786' title='bbox 3181 5312 3430 5366; x_wconf 77' lang='grc' dir='ltr'>διάνοιαν</span> <span class='ocrx_word' id='word_1_787' title='bbox 3473 5298 3681 5375; x_wconf 53' lang='grc' dir='ltr'><strong>ἁμαρτάδι-ὐ</strong></span> 
     </span>
    </p>
   </div>
   <div class='ocr_carea' id='block_1_111' title="bbox 2217 5403 3417 5483">
    <p class='ocr_par' dir='ltr' id='par_1_111' title="bbox 2217 5403 3417 5483">
     <span class='ocr_line' id='line_1_111' title="bbox 2217 5403 3417 5483; baseline -0.008 -17"><span class='ocrx_word' id='word_1_788' title='bbox 2217 5411 2420 5483; x_wconf 89' lang='grc' dir='ltr'>σφόδρα</span> <span class='ocrx_word' id='word_1_789' title='bbox 2448 5409 2709 5480; x_wconf 83' lang='grc' dir='ltr'>φυλάσσει</span> <span class='ocrx_word' id='word_1_790' title='bbox 2741 5407 2840 5472; x_wconf 86' lang='grc' dir='ltr'><strong>τὰς</strong></span> <span class='ocrx_word' id='word_1_791' title='bbox 2869 5405 3087 5470; x_wconf 80' lang='grc' dir='ltr'>ἐντολὰς</span> <span class='ocrx_word' id='word_1_792' title='bbox 3116 5405 3222 5460; x_wconf 86' lang='grc' dir='ltr'><strong>τοῦ</strong></span> <span class='ocrx_word' id='word_1_793' title='bbox 3258 5403 3417 5458; x_wconf 88' lang='grc' dir='ltr'>Θεοῦ.</span> 
     </span>
    </p>
   </div>
   <div class='ocr_carea' id='block_1_112' title="bbox 2293 5489 3682 5572">
    <p class='ocr_par' dir='ltr' id='par_1_112' title="bbox 2293 5489 3682 5572">
     <span class='ocr_line' id='line_1_112' title="bbox 2293 5489 3682 5572; baseline -0.013 -12"><span class='ocrx_word' id='word_1_794' title='bbox 2293 5505 2404 5560; x_wconf 85' lang='grc' dir='ltr'><strong>Τοῦ</strong></span> <span class='ocrx_word' id='word_1_795' title='bbox 2439 5503 2648 5559; x_wconf 86' lang='grc' dir='ltr'>αὑτοῦ.</span> <span class='ocrx_word' id='word_1_796' title='bbox 2683 5503 2838 5556; x_wconf 86' lang='grc' dir='ltr'>Ἔστι</span> <span class='ocrx_word' id='word_1_797' title='bbox 2885 5501 3124 5572; x_wconf 85' lang='grc' dir='ltr'>σφόδρα,</span> <span class='ocrx_word' id='word_1_798' title='bbox 3169 5499 3277 5555; x_wconf 73' lang='grc' dir='ltr'><strong>καὶ</strong></span> <span class='ocrx_word' id='word_1_799' title='bbox 3321 5499 3462 5551; x_wconf 77' lang='grc' dir='ltr'>ἔστιν</span> <span class='ocrx_word' id='word_1_800' title='bbox 3485 5489 3614 5561; x_wconf 67' lang='grc' dir='ltr'>ἠρέμα</span> <span class='ocrx_word' id='word_1_801' title='bbox 3637 5493 3682 5543; x_wconf 61' lang='grc' dir='ltr'><strong>ἲ)</strong></span> 
     </span>
    </p>
   </div>
   <div class='ocr_carea' id='block_1_113' title="bbox 2213 5573 3709 5665">
    <p class='ocr_par' dir='ltr' id='par_1_113' title="bbox 2213 5573 3709 5665">
     <span class='ocr_line' id='line_1_113' title="bbox 2213 5573 3709 5665; baseline -0.017 -14"><span class='ocrx_word' id='word_1_802' title='bbox 2213 5596 2505 5651; x_wconf 85' lang='grc' dir='ltr'>λάσσεσθαι</span> <span class='ocrx_word' id='word_1_803' title='bbox 2537 5593 2755 5658; x_wconf 74' lang='grc' dir='ltr'>ἐντολὰς</span> <span class='ocrx_word' id='word_1_804' title='bbox 2785 5592 2938 5646; x_wconf 85' lang='grc' dir='ltr'>Θεοῦ.</span> <span class='ocrx_word' id='word_1_805' title='bbox 2965 5593 3034 5646; x_wconf 84' lang='grc' dir='ltr'><strong>Ἢ</strong></span> <span class='ocrx_word' id='word_1_806' title='bbox 3063 5591 3291 5665; x_wconf 85' lang='grc' dir='ltr'>σφόδρα.</span> <span class='ocrx_word' id='word_1_807' title='bbox 3315 5573 3679 5646; x_wconf 55' lang='grc' dir='ltr'>ἐνετείλατοιὰέ</span> <span class='ocrx_word' id='word_1_808' title='bbox 3708 5623 3709 5626; x_wconf 45' lang='grc' dir='ltr'><strong>η</strong></span> 
     </span>
    </p>
   </div>
   <div class='ocr_carea' id='block_1_114' title="bbox 2218 5669 3709 5762">
    <p class='ocr_par' dir='ltr' id='par_1_114' title="bbox 2218 5669 3709 5762">
     <span class='ocr_line' id='line_1_114' title="bbox 2218 5669 3709 5762; baseline -0.004 -18"><span class='ocrx_word' id='word_1_809' title='bbox 2218 5688 2588 5762; x_wconf 82' lang='grc' dir='ltr'>φυλάσσεσθαι</span> <span class='ocrx_word' id='word_1_810' title='bbox 2611 5687 2712 5753; x_wconf 79' lang='grc' dir='ltr'><strong>τὰς</strong></span> <span class='ocrx_word' id='word_1_811' title='bbox 2741 5685 2971 5750; x_wconf 13' lang='grc' dir='ltr'>ἐντολὰς,</span> <span class='ocrx_word' id='word_1_812' title='bbox 2988 5683 3183 5741; x_wconf 78' lang='grc' dir='ltr'>αὐτοῦ.</span> 
     </span>
    </p>
   </div>
   <div class='ocr_carea' id='block_1_115' title="bbox 613 5842 2110 5929">
    <p class='ocr_par' dir='ltr' id='par_1_115' title="bbox 613 5851 2069 5929">
     <span class='ocr_line' id='line_1_115' title="bbox 613 5851 2069 5929; baseline -0.008 -9"><span class='ocrx_word' id='word_1_813' title='bbox 613 5866 656 5898; x_wconf 78' lang='grc'><strong>⁸⁸</strong></span> <span class='ocrx_word' id='word_1_814' title='bbox 689 5862 846 5921; x_wconf 73' lang='lat' dir='ltr'><strong>Rom.</strong></span> <span class='ocrx_word' id='word_1_815' title='bbox 880 5878 929 5918; x_wconf 81' lang='lat' dir='ltr'><strong>vr</strong></span> <span class='ocrx_word' id='word_1_816' title='bbox 958 5903 976 5929; x_wconf 92' lang='lat'><strong>,</strong></span> <span class='ocrx_word' id='word_1_817' title='bbox 1006 5863 1036 5918; x_wconf 68' lang='grc'>4</span> <span class='ocrx_word' id='word_1_818' title='bbox 1066 5878 1080 5928; x_wconf 87' lang='grc'><strong>;</strong></span> <span class='ocrx_word' id='word_1_819' title='bbox 1137 5860 1342 5918; x_wconf 85' lang='lat' dir='ltr'><strong>Coloss.</strong></span> <span class='ocrx_word' id='word_1_820' title='bbox 1373 5875 1455 5927; x_wconf 85' lang='grc' dir='ltr'>ιιι,</span> <span class='ocrx_word' id='word_1_821' title='bbox 1490 5858 1539 5912; x_wconf 92' lang='lat' dir='ltr'><strong>l.</strong></span> <span class='ocrx_word' id='word_1_822' title='bbox 1621 5856 1663 5889; x_wconf 77' lang='grc'>³³</span> <span class='ocrx_word' id='word_1_823' title='bbox 1694 5853 1887 5912; x_wconf 83' lang='lat' dir='ltr'><strong>Matth.</strong></span> <span class='ocrx_word' id='word_1_824' title='bbox 1925 5867 1978 5918; x_wconf 90' lang='lat' dir='ltr'><strong>v,</strong></span> <span class='ocrx_word' id='word_1_825' title='bbox 2017 5851 2069 5908; x_wconf 92' lang='lat'><strong>8.</strong></span> 
     </span>
    </p>
   </div>
   <div class='ocr_carea' id='block_1_116' title="bbox 2215 5842 2998 5929">
    <p class='ocr_par' dir='ltr' id='par_1_116' title="bbox 2234 5842 2998 5914">
     <span class='ocr_line' id='line_1_116' title="bbox 2234 5842 2998 5914; baseline -0.01 -10"><span class='ocrx_word' id='word_1_826' title='bbox 2234 5850 2248 5904; x_wconf 97' lang='lat' dir='ltr'><strong>l</strong></span> <span class='ocrx_word' id='word_1_827' title='bbox 2287 5849 2413 5906; x_wconf 88' lang='lat' dir='ltr'><strong>Cor.</strong></span> <span class='ocrx_word' id='word_1_828' title='bbox 2447 5863 2484 5914; x_wconf 91' lang='grc' dir='ltr'>ι,</span> <span class='ocrx_word' id='word_1_829' title='bbox 2515 5847 2606 5901; x_wconf 78' lang='lat'><strong>30.</strong></span> <span class='ocrx_word' id='word_1_830' title='bbox 2686 5845 2727 5878; x_wconf 87' lang='lat'><strong>&quot;</strong></span> <span class='ocrx_word' id='word_1_831' title='bbox 2758 5859 2877 5910; x_wconf 86' lang='lat' dir='ltr'><strong>vut,</strong></span> <span class='ocrx_word' id='word_1_832' title='bbox 2910 5842 2998 5899; x_wconf 72' lang='lat'><strong>22.</strong></span> 
     </span>
    </p>
   </div>
  </div>
