3800 6498
200 407 328 469 1589

1123 402 1429 460 SELEC'I‘A
1471 398 1535 454 IN
1573 396 1916 455 PSALMOS.
1952 428 2020 438 --
2052 395 2244 485 PSAL.
2289 391 2519 452 CXVIII.

3287 388 3308 441 I
3324 385 3423 442 590

262 531 514 598 Ὄφελον
573 527 1120 594 κατευθυνθειήσαν
1181 527 1239 580 al
1307 523 1433 579 ὁδοί
1457 539 1596 592 ομου
1653 519 1753 574 τοῦ

1936 517 2095 573 Vens.
2133 517 2185 571 5.
2226 514 2437 570 Utinam
2483 515 2784 584 dirigantur
2820 514 2912 568 via:
2963 527 3088 566 mea:
3129 510 3198 564 ad
3251 525 3425 564 custo-

195 620 566 690 φυλάξασθαι
605 623 672 672 τὰ
713 618 1068 688 δικαιώματά
1114 632 1250 682 σου,
1287 634 1339 669 κ.
1368 632 1418 668 τ.
1460 617 1506 667 ὲ.
1543 613 1615 666 Ού
1649 611 1753 683 γὰρ

1865 611 2080 664 diendas
2113 609 2524 679 justi/icationes
2581 618 2721 672 tuas,
2773 617 2878 662 etc.
2931 605 3047 661 Non
3092 608 3234 660 enim
3270 612 3426 658 aliter

193 713 357 777 ἄλλως
390 713 457 767 τά
488 712 828 784 δικαιώματά
875 729 969 764 σου
1023 708 1261 780 φυλάξω,
1306 706 1399 760 ἐὰν
1458 705 1530 778 μὴ
1565 722 1758 758 κατευ-

193 803 448 860 Θυνθῶσιν
475 805 578 858 ὑπὸ
630 804 720 858 σού
758 806 813 856 αἱ
841 804 950 857 ὁδοί
987 820 1107 873 μου.
1139 801 1270 854 Τίνα
1301 795 1392 853 οὖν
1433 799 1504 852 τὰ
1539 796 1754 851 δικαιώ-

197 912 331 966 ματα
354 897 524 949 ταῦτα
544 895 579 949 ἃ
606 895 933 966 παραθέσεις
961 892 1188 946 ἐνώπιον
1220 890 1328 942 τῶν
1353 888 1484 943 υἱῶν
1513 887 1755 959 ’1σραήλ;

199 1006 217 1041 ι
255 988 376 1042 Ἐὰν
402 991 578 1062 κτήσῃ
614 988 774 1042 παῖδα
823 988 1091 1058 Ἐϐραῖον,
1123 984 1183 1048 ἒξ
1214 983 1308 1056 ἐτη
1341 980 1615 1035 δουλεύσει
1654 997 1756 1044 σοι,

192 1080 260 1151 τῷ
295 1082 506 1153 ὲΰδόμῳ
539 1081 915 1148 ὲξαποστελεῖς
954 1079 1112 1133 αὐτὸν
1149 1075 1451 1147 ἐλεύθερον,
1498 1095 1515 1126 ι
1560 1073 1652 1128 καὶ
1693 1071 1760 1124 τὰ

189 1171 327 1242 ἑξῆς.
368 1190 384 1222 ι
421 1171 646 1240 Ὄφελον
680 1167 792 1233 οὖν,
829 1169 993 1240 φησὶ,
1026 1165 1516 1235 κατευθυνθείησαν
1565 1165 1619 1216 αἱ
1649 1161 1758 1213 ὁδοί

197 1283 309 1336 μου,
343 1286 360 1318 ι
399 1265 486 1320 ἵνα
523 1266 622 1318 ὅσα
674 1265 1028 1330 ὲδικαίωσας,
1065 1263 1237 1318 ταῦτα
1269 1262 1483 1332 ἑκάστῳ
1517 1259 1659 1313 κατὰ
1700 1258 1758 1311 τὸ

197 1359 399 1431 πρέπον
425 1359 628 1412 ἀποδῶ.

264 1449 398 1502 Τότε
437 1452 508 1504 οὐ
549 1448 633 1519 μὴ
688 1449 1013 1518 αἱσχυνθῶ,
1055 1447 1124 1501 ἐν
1171 1445 1250 1513 τῷ
1291 1464 1366 1516 με
1415 1444 1762 1500 ἐπιϐλέπειν

191 1538 284 1593 ἐπὶ
332 1540 534 1608 πάσας
570 1542 676 1608 τὰς
724 1540 977 1608 ἐντολάς
1023 1555 1169 1605 σου,
1225 1558 1281 1594 κ.
1328 1557 1377 1593 τ.
1419 1541 1465 1592 ὲ.
1506 1540 1620 1607 Ούκ
1667 1537 1758 1590 ὲπί

189 1648 351 1696 τινας,
385 1633 497 1687 ἀλλ’
521 1634 612 1686 ἐπὶ
635 1634 843 1697 πάσας·
873 1635 991 1687 κατ’
1025 1634 1236 1713 ὲκείνας
1263 1631 1372 1703 γὰρ
1407 1631 1504 1697 τὰς
1540 1631 1758 1694 ἐντολὰς

189 1723 250 1787 ἃς
297 1725 369 1796 μὴ
431 1725 612 1796 βλέπω
672 1712 1125 1799 αἰσχυνθήσομαι..
1176 1727 1338 1798 Ἡμῖν
1391 1726 1449 1779 δὲ
1505 1725 1639 1796 πρὸς
1699 1723 1758 1778 τὸ

193 1817 412 1888 Πνεῦμα
434 1818 494 1869 τὸ
519 1814 661 1871 θεῖον
696 1818 970 1891 ἀφορῶσιν
1012 1819 1161 1872 ἔσται
1192 1818 1253 1871 τὸ
1287 1817 1360 1890 μὴ
1384 1817 1755 1888 αἰσχύνεσθαι,

1854 703 2271 772 iustiﬁcationes
2317 713 2434 756 luas
2479 703 2806 767 custodiam,
2848 699 2948 754 nisi
2989 703 3087 753 viae
3122 714 3252 754 mea:
3296 715 3326 752 a
3375 709 3426 751 te

1860 796 2078 850 directae
2103 794 2324 849 fuerint.
2367 794 2626 861 Quzcuatn
2662 794 2828 862 igitur
2863 803 2988 848 sunt
3020 792 3428 862 iustiﬁcationes

1862 887 1963 941 illm
1991 903 2126 956 quas
2172 901 2437 956 propones
2465 901 2646 941 coram
2682 884 2806 940 ﬁliis
2833 884 3044 940 Israel?
3086 903 3104 935 ι
3155 883 3210 938 Si
3242 898 3428 954 posse~

1863 982 2004 1035 deris
2049 994 2275 1049 puerum
2325 977 2604 1032 llebra-um
2634 1019 2648 1043 ,
2707 993 2800 1032 scx
2836 979 2990 1032 annis
3041 975 3238 1032 serviet
3291 975 3428 1042 libi,

1862 1071 2094 1140 septimo
2131 1080 2311 1124 autem
2345 1070 2589 1124 dimittes
2619 1087 2737 1126 eum
2779 1071 3030 1135 liberum,
3065 1090 3082 1122 ›
3115 1079 3167 1123 et
3189 1085 3308 1140 qua:
3338 1083 3429 1123 se-

1861 1172 2102 1233 quuntur
2137 1163 2201 1216 ¹⁶.
2238 1181 2256 1214 t
2297 1162 2513 1218 Utinam
2550 1163 2736 1233 igitur,
2774 1164 2969 1234 inquit,
2997 1163 3303 1233 dirigantur
3330 1163 3431 1216 vite

1863 1271 2015 1321 meae,
2062 1276 2080 1308 ι
2131 1267 2188 1309 ut
2221 1270 2557 1325 quaecunque
2611 1255 2920 1326 justilicasti
2949 1299 2964 1325 ,
3001 1272 3065 1312 ea
3115 1257 3427 1327 unicuique,

1860 1357 2019 1418 prout
2052 1349 2228 1415 decet,
2263 1349 2506 1404 reddam.

1931 1441 2092 1498 Vens.
2134 1444 2188 1502 6.
2226 1443 2371 1499 Tunc
2397 1461 2500 1501 non
2541 1445 2859 1515 confundar,
2885 1462 3003 1500 cum
3036 1463 3348 1517 perspexero
3375 1447 3430 1501 in

1861 1538 2096 1592 omnibus
2127 1539 2391 1594 mandatis
2421 1541 2549 1606 tuis,
2571 1549 2677 1596 etc.
2713 1539 2829 1596 Non
2858 1541 2913 1596 in
2940 1540 3233 1611 aliquibus,
3252 1542 3345 1597 sed
3376 1540 3429 1595 in

1859 1629 2114 1684 omnibus
2142 1647 2154 1683 :
2188 1646 2312 1684 nam
2349 1647 2446 1701 per
2482 1631 2569 1686 illa
2615 1635 2868 1689 mandata
2901 1649 3020 1706 qua:
3052 1649 3158 1689 non
3200 1635 3433 1704 inspicio

1860 1722 2180 1776 eonlundar.
2210 1721 2377 1778 Nobis
2409 1732 2588 1779 autem
2615 1726 2683 1780 ad
2725 1725 2990 1796 Spiritum
3021 1726 3263 1781 divinum
3289 1725 3431 1795 aspi-

1861 1815 2125 1871 cientibus
2175 1817 2452 1887 contiuget
2496 1827 2552 1874 ut
2587 1834 2693 1873 non
2746 1819 3164 1887 confundamur,
3211 1818 3434 1889 quando

189 1909 402 1964 ἐπειδὰν
446 1912 921 1982 συνηρμοσμένους
958 1909 1106 1980 αύτῴ
1139 1910 1431 1980 θεωρῶμεν
1479 1911 1625 1980 ἡμᾶς
1659 1910 1753 1962 αύ-

1865 1909 2226 1977 nosmetipsos
2264 1910 2315 1964 ei
2368 1910 2729 1980 undequaqne
2774 1909 3090 1966 conlormes
3135 1923 3256 1965 esse
3302 1922 3434 1965 con-

186 2004 304 2065 τοὺς
322 2004 626 2074 ἁπανταχῆ,
657 2005 750 2056 καὶ
779 2004 997 2075 μηδαμῆ
1027 2003 1479 2075 μετατιθεμένους
1505 2003 1640 2075 πρὸς
1662 2003 1757 2076 τὴν

187 2094 388 2165 σάρκα,
452 2096 586 2166 μηδὲ
638 2091 748 2151 οἷον
801 2100 866 2150 ἐκ
923 2097 1199 2169 μετεώρου
1274 2098 1533 2164 πτώσεως
1593 2118 1756 2154 κατε-

188 2183 470 2253 νεχθέντας
499 2218 514 2233 .

261 2275 370 2330 Τοῦ
420 2278 626 2336 αὐτοῦ,
664 2280 726 2332 Ei
764 2281 793 2332 6
841 2281 1020 2345 πάσας
1077 2283 1306 2355 ποιήσας
1357 2284 1456 2350 τὰς
1499 2286 1752 2351 ἐντολὰς,

186 2368 416 2434 πταίσας
462 2370 518 2422 δὲ
553 2373 611 2425 ὲν
657 2374 755 2443 μιᾷ
805 2373 1011 2440 γίνεται
1053 2376 1270 2431 πάντων
1325 2377 1525 2448 ἔνοχος,
1577 2379 1757 2445 καλῶς

185 2460 520 2534 γέγραπταιο
559 2481 576 2513 ι
607 2464 740 2516 Τότε
787 2468 845 2518 ού
885 2469 958 2538 μὴ
990 2469 1263 2540 αίσχυνθῶ
1313 2471 1371 2523 ἐν
1401 2471 1477 2542 τῷ
1523 2491 1589 2544 με
1639 2476 1756 2528 ἐπι-

184 2552 401 2608 ϐλέπειν
431 2557 523 2609 ἐπὶ
562 2557 740 2622 πάσας
775 2558 872 2622 τὰς
915 2560 1130 2624 ἐντολάς
1178 2580 1300 2616 σου·
1331 2585 1348 2615 ι
1383 2561 1489 2619 οἶδε
1523 2567 1628 2637 γὰρ
1664 2569 1756 2621 καὶ

187 2645 282 2714 μία
327 2649 772 2721 Μραμεληθείσα
805 2652 991 2724 ἐντολὴ
1036 2655 1295 2727 αίσχύνης
1338 2660 1468 2728 ἡμῖν
1510 2660 1754 2724 γίνεσθαι

185 2737 461 2810 πρόξενος.

261 2831 803 2903 Ἐξομολογήσομαί
834 2852 932 2890 σοι
972 2836 1041 2890 ἐν
1072 2839 1350 2907 εὐθύτητι
1394 2841 1658 2910 καρδίας,
1695 2861 1748 2897 κ.

179 2935 227 2970 τ.
265 2921 309 2972 ὲ.
353 2921 410 2975 Ὀ
461 2923 730 2994 μηδέποτε
789 2925 1057 2997 εὐθύτητα
1111 2929 1336 2998 καρδίας
1412 2930 1748 3004 ἀνειληφὼς,

178 3011 293 3065 ἀλλ’
332 3015 412 3068 ἔτι
463 3017 630 3089 αὐτὴν
690 3018 828 3090 ἔχων
877 3019 1115 3084 σκολιὰν,
1159 3023 1258 3075 οὐκ
1307 3022 1753 3096 ἐξωμολογήσατο

176 3102 407 3167 οὐδέπω,
444 3109 524 3171 εἰς
559 3107 620 3160 τὸ
683 3109 1086 3181 παραδεχθῆναι
1137 3111 1214 3183 τῷ
1255 3113 1373 3184 Θεῷ
1417 3115 1516 3186 τὴν
1565 3117 1754 3186 ἐξομο-

1859 2003 2223 2069 spexerimus,
2253 2018 2354 2058 nec
2378 2002 2448 2056 ad
2500 2018 2720 2058 carnem
2773 2003 2882 2058 ullo
2915 2004 3075 2060 modo
3118 2002 3432 2069 inclinatos,

1862 2110 2036 2167 neque
2072 2095 2228 2166 quasi
2263 2108 2295 2150 θ
2327 2094 2543 2150 sublimi
2577 2095 2724 2166 lapsu
2751 2096 3016 2167 dejectos.

1933 2270 2098 2342 798
2133 2269 2410 2341 Ejusdem.
2451 2269 2507 2325 Si
2540 2269 2659 2340 quis
2697 2268 2824 2326 fecit
2851 2271 3033 2326 omnia
3071 2271 3346 2337 mandata,
3379 2271 3433 2325 in

1860 2380 1966 2419 uno
2011 2375 2190 2419 autem
2228 2364 2474 2428 oli‘endit,
2499 2363 2545 2419 is
2577 2365 2636 2418 tit
2679 2366 2920 2420 omnium
2954 2379 3080 2421 rcus
3106 2365 3172 2433 ",
3204 2365 3434 2436 pulchre

1858 2457 2116 2527 scripttnn
2175 2469 2296 2514 est:
2327 2477 2345 2509 ι
2388 2456 2541 2514 Tunc
2601 2473 2708 2513 non
2757 2458 3083 2525 confundar,
3119 2474 3241 2515 cum
3304 2472 3431 2528 per-

1857 2565 2089 2620 spexero
2147 2551 2199 2606 in
2246 2551 2500 2606 omnibus
2557 2552 2828 2608 mandatis
2869 2551 2974 2607 tuis
3021 2568 3036 2606 :
3094 2570 3118 2603 ι
3171 2565 3296 2605 nam
3343 2549 3430 2608 vel

1859 2659 2022 2697 unum
2047 2643 2353 2714 neglectum
2384 2643 2699 2699 mandatum
2741 2643 3117 2702 confusionem
3144 2643 3304 2700 nobis
3331 2655 3430 2714 pa-

1857 2734 1948 2789 rit.
3255 2759 3259 2762 ’

1920 2827 2097 2883 Vens.
2131 2829 2183 2883 7.
2215 2827 2518 2896 Con/itabat
2558 2828 2649 2882 tibi
2689 2829 2744 2883 in
2776 2830 3066 2884 directione
3090 2829 3286 2896 cordis,
3320 2837 3428 2887 etc.

1855 2918 1956 2986 Qui
2012 2933 2286 2990 nunquam
2322 2922 2504 2976 cordis
2546 2920 2903 2977 directionem
2940 2922 3270 2991 assumpsit,
3329 2922 3427 2977 sed

1855 3013 2036 3068 adhuc
2070 3011 2200 3066 illud
2232 3029 2458 3069 curvum
2488 3014 2675 3080 habet,
2710 3014 2757 3069 is
2792 3028 3068 3085 nunquam
3104 3014 3174 3069 ita
3210 3013 3428 3072 confes—

1854 3120 1949 3160 sus
1979 3114 2085 3173 est,
2115 3113 2171 3160 ut
2212 3121 2241 3158 a
2273 3107 2380 3161 Deo
2407 3106 2774 3176 susciperetur
2810 3105 2926 3174 ejus
2953 3106 3250 3164 confessio.
3279 3107 3426 3176 Quo-

175 3193 397 3268 λόγησιν
452 3200 636 3254 αὐτοῦ.
694 3201 816 3268 Πῶς
871 3199 962 3258 οὖν
995 3204 1153 3258 τοῦτο
1210 3205 1444 3274 γίνεται,
1488 3207 1638 3280 δηλοῖ
1683 3209 1751 3263 τὰ
1778 3235 1821 3292 C
1857 3195 2016 3252 ηῖοάο
2045 3195 2214 3268 i8m”
2241 3196 2343 3252 hoc
2372 3196 2486 3265 θέην
2519 3197 2803 3267 δθίι¹¹θ¹¹¹Ῐ³
2832 3196 3140 3254 deﬂamm-

175 3288 324 3360 ἑξῆς.

245 3383 341 3449 Μή
369 3402 446 3454 με
477 3386 883 3460 ἐγκαταλίπῃς
931 3391 1043 3458 ἕως
1085 3392 1339 3462 σφόδρα,
1387 3412 1438 3448 κ.
1471 3414 1518 3450 τ.
1551 3397 1598 3451 ὲ.
1638 3397 1750 3452 Μέ-

173 3489 276 3544 τρα
305 3474 416 3545 ἔχει
447 3478 481 3547 ή
509 3477 734 3550 δύναμίς
769 3499 871 3552 μου
897 3485 954 3536 ὲν
992 3483 1071 3555 τῷ
1103 3485 1493 3557 πειράζεσθαιο
1530 3491 1619 3561 Μή
1657 3507 1745 3560 με,

172 3568 328 3636 φησι,
358 3572 469 3633 τοῖς
497 3572 635 3643 ὑπὲρ
658 3573 886 3646 δύναμιν
914 3583 1238 3650 πειρασμοῖς
1273 3581 1569 3655 ὑποϐάλῃς,
1615 3583 1746 3655 μηδὲ

171 3660 380 3732 σφόδρα
426 3664 796 3738 ἐγκαταλίπῃς
829 3686 916 3738 με.
957 3689 974 3721 ‹
1008 3671 1200 3736 Πιστὸς
1225 3672 1279 3726 δὲ
1311 3676 1338 3728 6
1369 3673 1522 3738 Θεὸς,
1559 3676 1619 3739 ὃς
1650 3676 1749 3730 οὐκ

169 3753 323 3807 ἐάσει
367 3755 512 3826 ἡμᾶς
555 3758 913 3831 πειρασθῆναι
953 3762 1093 3835 ὑπὲρ
1126 3764 1153 3818 ὃ
1185 3765 1478 3836 δυνάμεθα,
1506 3787 1524 3818 ι
1562 3768 1749 3822 καὶτὰ

167 3845 321 3916 ἑξῆς.

257 3938 356 3992 Ἐν
388 3939 462 4008 τῇ
491 3943 701 4012 καρδίᾳ
722 3963 842 4015 μου
867 3947 1103 4017 ἔκρυψα
1130 3949 1200 4004 τὰ
1223 3947 1396 4022 λόγιά
1423 3970 1559 4018 σου,
1589 3953 1749 4022 ὅπως

162 4029 247 4086 ἂν
265 4031 353 4101 μὴ
381 4033 619 4103 ἁμάρτω
662 4053 781 4102 σοι,
812 4057 857 4092 κ.
889 4058 937 4094 τ.
973 4042 1018 4094 ἐ.
1061 4042 1387 4115 Ἀμαρτάνει
1438 4045 1516 4116 τῷ
1567 4046 1685 4118 Θεῴ
1720 4049 1748 4102 6

159 4124 416 4190 ἀξιωθεὶς
447 4128 640 4198 λογίων
664 4132 1139 4210 ἁπορῤητοτέρων,
1167 4138 1260 4190 καὶ
1284 4138 1619 4209 κρύπτεσθαι
1639 4139 1746 4193 ἀπὸ

159 4216 378 4293 πολλῷν
411 4219 703 4286 κελευθεὶς,
733 4225 823 4277 καὶ
857 4226 930 4298 μὴ
964 4227 1221 4298 κρύπτων
1253 4230 1390 4285 αὐτὰ
1423 4231 1514 4300 ἀφ’
1541 4224 1616 4286 ὧν
1645 4231 1743 4285 δεῖ.

159 4309 428 4376 Κίνδυνος
459 4313 568 4385 γάρ
591 4316 652 4369 οὐ
684 4317 842 4385 μόνον
877 4318 936 4372 τὸ
968 4320 1036 4372 τὰ
1067 4319 1238 4392 ψευδῆ
1266 4322 1463 4392 λέγειν,
1488 4324 1622 4378 ἀλλὰ
1651 4324 1746 4377 καὶ

152 4403 221 4456 τὸ
243 4403 472 4476 τάληθῆ,
503 4407 638 4462 ἐπὰν
667 4409 802 4472 ὅλως
835 4411 907 4481 μὴ
931 4411 1011 4464 δεῖ
1029 4412 1408 4482 ἀπαγγέλλειν.
1429 4415 1506 4470 Ού
1529 4415 1638 4488 γὰρ
1665 4415 1746 4470 δεῖ

148 4497 291 4561 τοὺς
328 4498 670 4570 μαργαρίτας
703 4500 990 4570 βάλλεσθαι
1035 4504 1342 4576 ἔμπροσθεν
1380 4507 1489 4560 τῶν
1523 4508 1742 4578 χοίρων,

146 4589 283 4644 οὐδὲ
317 4589 515 4644 διδόναι
549 4591 618 4643 τά
649 4593 780 4660 ἅγια
807 4596 917 4656 τοῖς
946 4596 1090 4649 κυσί.

232 4793 576 4862 Εὐλογητὸς
607 4793 671 4851 εἴ
726 4795 918 4864 Κύριε,
958 4814 1011 4853 κ.
1036 4816 1082 4851 τ.
1108 4799 1154 4852 ὲ.
1198 4799 1255 4853 '0
1283 4798 1604 4871 αἰσθόμενος
1637 4803 1738 4872 τῆς

145 4882 328 4938 αὐτοῦ
367 4886 664 4958 προκοπῆς,
703 4887 809 4941 ἀπὸ
838 4888 930 4942 τοῦ
971 4890 1028 4942 ὲν
1057 4890 1152 4962 ὅλῃ
1197 4892 1390 4965 καρδίᾳ
1440 4892 1739 4966 ὲκζητῆσαι

143 4978 250 5032 τὸν
295 4977 447 5040 Θεὸν,
498 4979 712 5049 εύλογεῖ
759 4979 921 5036 αὑτὸν
981 4984 1315 5056 εὐχαριστῶν
1378 4985 1476 5057 ἤδη
1526 4987 1610 5057 ἐφ’
1657 4985 1739 5052 οἷς

136 5069 384 5142 ἠξιώθη.
415 5073 590 5142 ’Έχων
635 5072 742 5147 γὰρ
788 5073 946 5143 λόγια
997 5077 1286 5149 ἀπόρρητα
1342 5078 1436 5131 καὶ
1487 5079 1739 5152 κρύψεως

139 5162 306 5231 ἄξια,
331 5164 542 5233 εὐλογεῖ
569 5167 660 5219 ἐπὶ
684 5166 891 5231 τούτοις
919 5159 1008 5224 τὸν
1035 5169 1258 5242 Κύριον.

238 5344 338 5398 Ἐν
374 5345 448 5415 τῇ
491 5347 608 5414 ὀδῷ
638 5349 756 5403 τῶν
782 5349 1118 5420 μαρτυρίων
1156 5365 1273 5405 σου
1313 5351 1623 5422 ἐτέρφθην,
1654 5353 1734 5421 ὡς

130 5439 251 5494 ἐπὶ
303 5442 479 5494 παντὶ
519 5444 784 5507 πλούτῳ,
833 5462 885 5498 κ.
927 5463 977 5499 τ.
1020 5446 1065 5500 ὲ.
1114 5446 1172 5500 Ὁ
1215 5445 1290 5511 ὠς
1335 5447 1393 5500 ἐν
1444 5447 1521 5518 τῷ
1572 5450 1733 5502 παντὶ

134 5528 373 5602 πλούτῳ
425 5533 650 5603 χρυσοῦ,
694 5535 787 5588 καὶ
833 5536 1095 5608 ἀργύρου,
1143 5538 1237 5590 καὶ
1277 5537 1595 5609 ἱματισμοῦ,
1639 5540 1731 5592 καί

130 5621 469 5689 οἰκοπέδων,
513 5626 604 5678 καὶ
656 5627 890 5698 χωρίων,
937 5629 1030 5681 καὶ
1084 5629 1315 5700 κτηνῶν,
1366 5630 1459 5684 καὶ
1503 5631 1729 5688 οἰκετῶν

1925 3372 2086 3430 Vens.
2127 3375 2182 3431 8.
2217 3374 2339 3432 Non
2369 3393 2450 3431 me
2497 3377 2828 3448 derelinquas
2870 3395 3240 3452 usquequaque
3267 3420 3282 3446 ,
3310 3389 3420 3439 etc.

1853 3464 2132 3524 Mensuras
2165 3469 2329 3524 habet
2361 3469 2536 3524 virtus
2579 3485 2695 3525 ritca
2728 3469 2854 3525 dum
2899 3480 3136 3527 tentatur
3167 3468 3279 3528 :Ne
3309 3488 3421 3540 me,

1851 3561 2048 3631 inquit,
2084 3563 2223 3616 ultra
2255 3564 2400 3619 vires
2446 3579 2598 3619 meas
2625 3565 3013 3622 tentationibus
3040 3563 3288 3636 objicias,
3322 3582 3423 3623 ne-
3491 3571 3499 3577 “

1853 3668 1962 3722 que
1992 3655 2341 3724 vehementer
2390 3655 2739 3726 derelinquas
2775 3672 2879 3713 tne.
2934 3676 2953 3710 ι
3009 3657 3210 3715 Fidelis
3242 3668 3424 3716 autem

1850 3745 1995 3800 Deus
2040 3745 2135 3816 qui
2184 3762 2287 3800 non
2343 3746 2577 3817 patietur
2617 3761 2716 3803 nos
2762 3751 2959 3806 tentari
2996 3765 3158 3822 supra
3197 3751 3249 3806 id
3278 3754 3422 3822 quod

1849 3853 2156 3908 possumus,
2193 3857 2211 3890 ι
2247 3848 2303 3895 et
2341 3848 2539 3895 caetera
2581 3840 2647 3896 ⁸⁸.

1925 3930 2087 3988 Vens.
2126 3933 2212 3987 Il.
2246 3931 2314 3987 In
2347 3934 2506 3988 corde
2551 3950 2662 3988 meo
2690 3935 2945 3990 abscondi
2975 3935 3185 4006 eloquia
3214 3947 3328 4004 tua,
3366 3949 3421 3994 ut

1851 4040 1955 4078 non
1985 4040 2192 4094 peccem
2224 4025 2341 4091 tibi,
2377 4035 2485 4080 etc.
2526 4026 2724 4083 Peccat
2770 4028 2825 4083 in
2858 4028 3027 4085 Deum
3059 4031 3105 4085 is
3134 4033 3225 4101 qui
3267 4047 3424 4088 arca-

1850 4117 2062 4173 niorum
2108 4116 2227 4186 ejus
2280 4117 2621 4188 eloquiorum
2663 4121 2981 4192 particeps,
3033 4125 3330 4194 eademque
3391 4144 3421 4180 a

1849 4209 1994 4281 vulgi
2020 4210 2368 4268 multitudine
2400 4213 2735 4269 abscondere
2761 4213 2967 4282 jussus,
2993 4233 3022 4270 a
3047 4218 3242 4285 quibus
3267 4233 3424 4289 opor-

1851 4314 1928 4360 tet
1956 4305 2045 4360 illa
2069 4306 2292 4362 minime
2320 4308 2630 4364 abscondit.
2664 4308 2780 4365 Non
2823 4312 3001 4365 solum
3033 4313 3176 4365 enim
3207 4314 3420 4380 pericu-

1849 4395 2023 4450 losum
2080 4405 2165 4453 est
2219 4398 2502 4453 mendacia
2533 4439 2549 4464 ,
2600 4398 2697 4454 sed
2742 4399 2910 4455 etiam
2960 4415 3086 4455 vera
3134 4401 3418 4471 proferre,

1847 4490 2064 4558 quando
2093 4505 2196 4545 non
2223 4499 2351 4545 sunt
2379 4492 2734 4546 enuntianda.
2779 4491 2900 4548 Non
2929 4504 3059 4548 sunt
3099 4496 3244 4550 enim
3273 4511 3422 4550 mar-

1773 4578 1821 4639 D
1847 4581 2035 4652 gariue
2085 4581 2361 4636 mittendae
2409 4590 2536 4636 ante
2567 4596 2766 4652 porcos
2795 4623 2812 4650 ,
2856 4597 3034 4654 neque
3078 4586 3258 4641 danda
3291 4597 3418 4642 sunt

1843 4682 2032 4729 sancta
2063 4672 2285 4728 canibus
2319 4672 2407 4727 ιδ’.

1919 4788 2081 4845 Vens.
2114 4789 2200 4844 12.
2226 4789 2542 4845 Benedictus
2569 4807 2643 4858 es,
2687 4790 2931 4860 Domine,
2961 4801 3069 4851 etc.
3115 4792 3214 4862 Qui
3251 4808 3412 4850 suum

1845 4882 2146 4952 profectum
2203 4883 2388 4948 sentit,
2449 4898 2513 4938 eo
2546 4885 2688 4954 quod
2721 4891 2840 4940 toto
2894 4886 3059 4942 corde
3110 4887 3278 4940 Deum
3321 4901 3387 4940 ex

1843 4974 2064 5044 quirat,
2119 4974 2391 5030 benedicit
2441 4976 2491 5030 ei
2540 4977 2744 5047 gratias
2794 4991 2961 5046 agens
3007 4991 3106 5048 pro
3155 4979 3241 5033 his
3296 4979 3414 5047 qui-

1847 5067 1949 5121 bus
1982 5067 2176 5138 dignus
2216 5067 2432 5124 habitus
2461 5079 2566 5126 est.
2614 5069 2748 5125 Cum
2780 5071 2926 5126 enim
2969 5071 3168 5125 habeat
3197 5071 3415 5141 eloquia

1844 5175 2047 5216 arcana
2075 5170 2130 5216 et
2149 5161 2507 5218 absconsione
2529 5163 2712 5235 digna,
2737 5178 2834 5234 pro
2871 5164 2957 5220 his
2987 5163 3213 5219 Domino
3243 5163 3406 5220 bene-

1843 5253 1996 5307 dicit.

1918 5346 2078 5404 Vnns.
2114 5347 2200 5404 M.
2238 5346 2408 5404 Invia
2439 5351 2858 5406 testimoniorum
2881 5361 3091 5404 tuorum
3120 5349 3410 5406 delectatus

1839 5457 1974 5505 sunt,
2005 5442 2139 5496 sicut
2177 5444 2230 5496 in
2275 5444 2514 5499 omnibus
2553 5444 2756 5499 divitiis
2781 5483 2796 5508 ,
2833 5451 2940 5499 etc.
2983 5443 3083 5511 Qui
3124 5443 3286 5500 invia
3332 5457 3412 5503 te-

1839 5533 2215 5590 stimoniorum
2288 5535 2746 5602 Deitdclcctatur
2822 5536 2964 5592 sicut
3031 5540 3083 5592 in
3156 5540 3408 5598 omnibus

1837 5629 2037 5687 divitiis
2102 5635 2239 5699 auri,
2289 5635 2536 5706 argenti,
2592 5633 2940 5701 vestimenti,
2992 5648 3282 5701 arearum,
3327 5632 3413 5692 lo-

225 5870 266 5901 ”
303 5871 455 5927 Deut.
491 5891 576 5941 xv,
619 5876 702 5932 l2.
776 5879 813 5909 "
845 5877 1032 5936 Jacob.
1064 5896 1121 5948 Il,
1160 5881 1242 5936 l0.
1325 5884 1366 5916 ⁸⁸
1401 5882 1418 5936 I
1449 5885 1570 5940 Cor.
1613 5901 1668 5950 χ,
1702 5885 1782 5939 l3.
1864 5885 1924 5916 ⁵⁸·
1956 5884 2146 5941 Matth.
2181 5900 2274 5949 vn.
2315 5885 2368 5940 6.
