3800 6506
410 441 547 496 1591

1749 429 1842 486 EX
1879 426 2176 485 ORIGENE

3510 420 3621 478 1553

409 540 623 628 eorum,
663 575 917 633 pecorum
957 566 1011 612 et
1041 557 1496 619 domesticorum,
1551 553 1596 608 is
1652 553 1840 608 beatus
1873 559 1973 607 est.

2117 541 2501 621 ὒφραινόῖιενος
2539 545 2596 599 ἐν
2640 547 2704 617 τῇ
2739 543 2842 617 ὁδῷ
2880 543 2988 598 τῶν
3042 541 3361 614 μαρτυρίων
3396 541 3487 594 τοῦ
3513 543 3623 597 Θεοῦ

482 742 647 798 Vsus.
679 741 766 796 16.
794 739 860 794 In
878 737 1353 810 justiﬁcationibus
1380 735 1482 789 tuis
1509 733 1824 798 meditabor,
1865 742 1970 788 etc.

410 834 468 891 In
515 831 999 904 jttstilicatiouibus
1056 830 1146 886 Dei
1195 829 1465 900 quispiam
1522 827 1818 882 meditatur
1870 842 1974 881 non

409 923 594 980 verbis
629 931 684 978 et
713 921 938 978 vocibus
967 920 1315 983 adhznrendo,
1344 918 1439 973 sed
1478 916 1598 972 illas
1628 916 1978 987 intelligendo

408 1025 467 1072 et
515 1015 781 1072 faciendo.
836 1012 952 1070 Non
997 1012 1143 1068 enim
1199 1011 1478 1066 auditores
1527 1009 1974 1078 justiﬁeationum

411 1107 506 1162 Dei
544 1107 673 1176 justi
707 1115 831 1160 sunt
886 1106 1026 1176 apud
1058 1106 1222 1159 Deum
1247 1142 1262 1167 ,
1294 1102 1387 1156 sed
1427 1098 1659 1155 factores
1687 1114 1896 1166 earum,
1925 1110 1979 1155 et

411 1202 503 1273 qui
552 1199 808 1270 operibus
854 1211 947 1252 eas
1000 1196 1334 1251 meditantur
1378 1212 1390 1248 :
1429 1192 1519 1262 qui
1567 1205 1764 1262 nempe
1808 1206 1873 1247 ex
1913 1207 1980 1247 eo

411 1293 555 1363 quod
606 1289 859 1347 similiter
907 1303 1000 1344 eas
1039 1287 1408 1352 meditentur,
1457 1300 1731 1355 nunquam
1777 1299 1980 1339 sermo-

411 1401 537 1439 num
566 1384 659 1439 Dei
697 1382 1113 1438 obliviscentur.

485 1477 649 1532 Vens.
682 1477 771 1531 17.
829 1473 1080 1529 Retribae
1103 1488 1250 1527 servo
1281 1483 1392 1540 tuo,
1422 1474 1590 1527 vivam
1615 1482 1662 1524 et
1685 1471 1976 1524 custodiam

408 1585 676 1626 sermones
707 1579 824 1622 tuos
853 1607 868 1632 ,
900 1579 1007 1622 etc.
1044 1565 1145 1632 Qui
1195 1563 1326 1621 fecit
1368 1564 1548 1619 omnia
1599 1579 1718 1633 qua:
1757 1563 1824 1616 ad
1885 1561 1976 1617 Dei

409 1662 778 1732 cognitionem
813 1659 1101 1715 conferunt
1131 1697 1145 1721 ,
1188 1656 1275 1711 hic
1307 1655 1454 1712 dicat
1491 1655 1656 1711 etiam
1699 1653 1925 1710 Domino
1962 1670 1976 1707 :

414 1774 432 1805 ι
480 1752 740 1808 lictribue
765 1767 927 1809 servo
957 1762 1069 1806 tuo.
1109 1770 1130 1804 ›

2081 643 2366 714 μακάριος.

2158 736 2256 787 Ἐν
2288 732 2409 799 τοῖς
2434 729 2784 801 δικαιώμασί
2807 746 2924 785 σου
2952 729 3293 799 μελετήσω,
3322 747 3379 784 κ.
3408 745 3457 781 τ.
3483 726 3528 782 ἐ.
3556 726 3627 782 Ἑν

2076 829 2188 890 τοῖς
2218 823 2542 896 δικαιώμασί
2576 841 2660 887 τις
2696 823 2897 895 μελετᾷ
2941 821 3037 875 τοῦ
3079 820 3215 874 Θεοῦ
3262 821 3323 875 οὗ
3371 821 3630 892 ρηματίοξ

2077 917 2172 971 καλ⁵
2207 915 2504 981 λεξειδίοις,
2535 913 2670 967 ἀλλά
2705 913 2783 984 τῷ
2809 913 3124 984 νενοηκέναι
3156 912 3252 964 καὶ
3283 912 3454 963 ποιεῖν
3496 911 3627 963 αὑτέι.

2077 1010 2152 1062 Οὐ
2183 1009 2290 1080 γὰρ
2319 1009 2367 1059 οἱ
2395 1003 2659 1078 ἀκροαταὶ
2700 1003 2805 1057 τῶν
2835 1002 3218 1074 δικαιωμάτων
3249 1001 3346 1055 τοῦ
3393 999 3529 1054 θεοῦ
3568 1001 3631 1054 δί-

2077 1118 2220 1153 καιοι
2255 1099 2404 1170 παρὰ
2432 1097 2509 1167 τῷ
2539 1095 2678 1167 Θεῷ,
2707 1094 2818 1149 ἀλλ’
2857 1095 2907 1148 οἱ
2940 1095 3163 1165 ποιηταὶ
3199 1093 3405 1156 αὐτῶν,
3435 1094 3528 1144 καὶ
3557 1107 3636 1161 με·

2078 1193 2335 1255 λετῶντες
2377 1189 2517 1244 αὐτά
2545 1192 2658 1253 τοῖς
2691 1189 2899 1261 ἔργοιςο
2937 1188 3134 1251 οἵτινες
3169 1190 3232 1240 ἐκ
3263 1186 3357 1240 τοῦ
3403 1187 3636 1249 ὡσαύτως

2078 1287 2218 1341 αὑτά
2253 1286 2478 1356 μελετᾷν
2521 1281 2770 1336 οὐδέποτε
2809 1280 2916 1335 τῶν
2953 1280 3126 1349 λόγων
3166 1279 3278 1346 τοῦ,
3303 1278 3441 1331 Θεοῦ
3472 1278 3637 1348 initi;

2083 1395 2283 1431 σονται.

2163 1467 2511 1534 Ἄνταπόδος
2553 1465 2632 1532 τῷ
2661 1465 2858 1534 δούλῳ
2905 1481 3056 1530 σου,
3105 1463 3360 1532 ζήσομαι
3413 1463 3506 1514 καί
3553 1480 3641 1530 5m-

2078 1562 2242 1627 λάξω
2273 1560 2414 1627 τοὺς
2438 1561 2660 1631 λόγους
2697 1574 2833 1624 σου,
2862 1575 2916 1612 κ.
2953 1576 3003 1612 τ.
3034 1559 3080 1610 ἐ.
3117 1558 3180 1612 Ὀ
3221 1557 3466 1628 ποιήσας
3493 1554 3644 1605 πάντα

2077 1655 2148 1710 τὰ
2194 1653 2546 1709 συντελοῦντα
2595 1651 2733 1725 πρὸς
2783 1651 2881 1722 τὴν
2927 1650 3129 1721 γνῶσιν
3190 1649 3295 1720 τὴν
3345 1647 3448 1701 τοῦ
3497 1645 3646 1708 Cea-2,

2078 1743 2230 1812 οὗτος
2251 1745 2454 1816 λεγέτω
2484 1745 2576 1798 καὶ
2604 1744 2682 1816 τῷ
2710 1744 2899 1817 Κυρίῳ
2919 1760 2933 1775 ·
2961 1762 2980 1796 ι
3020 1743 3355 1805 Ἀνταπόδος
3388 1740 3472 1811 τῷ

2083 1854 2238 1893 σου.)

486 1929 761 2000 Ejusdem.
816 1931 970 1985 Danti
1004 1930 1257 1984 retribuit
1300 1929 1441 1984 sicut
1479 1926 1788 1982 Abrahamo
1833 1925 1975 1982 Isaa-

2153 1929 2266 1987 Τοῦ
2285 1931 2495 1987 αὑτοῦ.
2523 1930 2726 1984 Διδὸντι
2747 1927 3168 1984 ἀνταποδίδωσιν
3193 1927 3275 1990 ὡς
3303 1924 3385 1996 τῷ
3423 1924 3659 1995 Ἀὖρτιὰμ

414 2036 562 2089 eum,
588 2034 640 2076 et
669 2023 717 2076 ei
747 2023 838 2092 qui
875 2022 1054 2076 attulit
1086 2023 1270 2077 decem
1311 2035 1490 2090 muas,
1521 2019 1642 2075 illas
1675 2019 1814 2089 ipsas
1845 2034 1981 2090 prae-

417 2115 532 2170 buit
581 2113 849 2169 dominus.

490 2204 650 2259 Vnus.
689 2203 776 2257 18.
807 2202 994 2257 Revela
1027 2203 1205 2258 oculos
1236 2219 1402 2269 meos,
1428 2213 1477 2258 et
1507 2203 1856 2257 considerabo
1881 2203 1977 2256 mi-

415 2295 606 2350 rabilia
646 2296 710 2351 de
743 2295 850 2366 lege
889 2305 1000 2364 tua,
1054 2305 1160 2350 etc.
1207 2295 1317 2351 Lex
1356 2295 1690 2350 revelatioue
1733 2296 1976 2366 indiget:

417 2371 734 2442 mandatum
766 2387 911 2442 enim
942 2386 1156 2443 Domini
1180 2388 1418 2442 lucidum
1451 2396 1555 2443 est.
1588 2387 1753 2459 799
1782 2387 1980 2456 Legem

414 2491 595 2535 autem
644 2478 749 2535 hoc
796 2479 916 2535 loco
950 2479 1165 2536 vocavit
1209 2478 1508 2548 Scriptum
1537 2478 1829 2535 historiam
1858 2493 1982 2548 qua:

415 2569 483 2623 ad
510 2568 808 2639 spiritalem
855 2569 1170 2640 allegoriam
1209 2571 1469 2624 trahitur.
1510 2568 1665 2637 Quod
1701 2577 1757 2623 et
1785 2568 1982 2625 Paulus

415 2658 571 2726 fecit,
600 2675 722 2715 cum
757 2661 811 2716 in
842 2661 1065 2730 epistola
1106 2662 1172 2716 ad
1207 2660 1434 2718 Galatas
1467 2662 1512 2694 "
1540 2661 1732 2717 scribit
1765 2678 1782 2717 :
1834 2680 1853 2714 ι
1889 2662 1981 2717 Di.-

417 2750 524 2805 cite
555 2751 710 2817 mihi,
761 2751 956 2820 inquit,
991 2753 1082 2820 qui
1128 2753 1229 2808 sub
1273 2754 1390 2823 lege
1440 2753 1605 2809 vultis
1641 2769 1782 2817 esse,
1813 2755 1981 2826 legem

416 2853 522 2896 non
559 2840 829 2912 "legistis?
881 2842 1154 2913 Scriptum
1197 2854 1281 2900 est
1319 2845 1483 2908 enim,
1537 2846 1661 2914 quia
1708 2845 1981 2902 Abraham

417 2930 551 2984 duos
601 2930 740 2985 ﬁlios
769 2931 975 2999 habuit,
1032 2948 1194 2987 unum
1235 2934 1302 2990 de
1351 2935 1568 3000 ancilla,
1619 2946 1675 2990 et
1721 2952 1888 2992 unum
1915 2938 1985 2995 de

417 3019 615 3076 libera.
655 3039 676 3073 ι
704 3019 769 3076 Ει
800 3013 1126 3079 inumnibus
1151 3025 1218 3080 ad
1244 3025 1544 3095 spiritalem
1576 3042 1791 3083 sensum
1817 3029 1984 3085 refert

420 3111 701 3166 historiam
741 3127 906 3183 quam
961 3115 1248 3186 allegorice
1292 3118 1358 3172 de
1406 3133 1641 3188 superna
1678 3119 1981 3177 Jerusalem

419 3203 824 3273 interpretatur.

489 3294 655 3350 Vens.
694 3297 784 3352 20.
827 3297 1130 3368 Concupivit
1171 3303 1348 3356 anima
1385 3319 1498 3358 mea
1551 3305 1855 3360 desiderare
1888 3308 1986 3378 ju-

413 3385 759 3454 stiﬁcatione-s
791 3399 909 3445 tuas
937 3391 991 3446 in
1027 3395 1170 3447 omni
1203 3403 1452 3464 tempore,
1487 3405 1593 3452 etc.
1629 3396 1745 3451 Non
1773 3398 1987 3455 deside-

419 3479 578 3541 ravit,
612 3481 706 3536 sed
733 3483 940 3553 optavit
979 3483 1308 3553 desiderare,
1362 3497 1416 3542 ct
1453 3488 1506 3543 in
1548 3491 1692 3545 omni
1742 3499 1985 3564 tempore

418 3568 751 3628 desiderare.

488 3661 655 3719 Vens.
693 3664 784 3722 il.
819 3664 1119 3738 Increpasti
1153 3672 1408 3741 superbos
1433 3687 1453 3725 :
1482 3673 1751 3730 maledicti
1783 3677 1872 3747 qui
1892 3677 1984 3732 de—

413 3751 616 3809 clinant
651 3773 684 3810 a
712 3761 982 3816 mandatis
1023 3763 1150 3832 tuis,
1184 3775 1292 3822 etc.
1324 3765 1428 3834 Qui
1458 3771 1709 3838 superbis
1757 3771 1981 3838 resistit,

417 3843 508 3905 ille
538 3856 593 3900 et
626 3851 885 3919 superbos
914 3853 1179 3924 increpat.
1211 3857 1474 3915 Dominus
1507 3873 1689 3917 autem
1735 3866 1984 3931 superbis

416 3937 648 4005 resistit,
681 3940 942 4000 Dominus
968 3960 1102 4017 ergo
1130 3950 1291 4005 etiam
1323 3954 1590 4023 superbos
1616 3956 1883 4028 increpat.

485 4116 650 4174 Vens.
675 4119 765 4176 23.
808 4118 1018 4178 Etenim
1045 4129 1288 4184 sederunt
1312 4133 1596 4202 principes,
1629 4148 1678 4190 et
1704 4139 1981 4198 adversum

413 4223 494 4264 me
520 4207 906 4278 loquebantur;
936 4226 1114 4270 servus
1155 4228 1328 4273 autem
1373 4229 1496 4275 tuus
1544 4229 1889 4282 exercebatur
1926 4231 1982 4284 in

413 4299 877 4371 iustiﬁcationibus
908 4307 1036 4376 tuis,
1069 4317 1176 4365 etc.
1206 4308 1300 4366 Sic
1333 4316 1666 4370 conveniunt
1713 4320 1979 4380 adversus

407 4393 632 4464 justum.
667 4395 1081 4456 considerantes
1108 4403 1378 4469 quomodo
1409 4404 1734 4463 insidientur
1761 4411 1834 4478 ei,
1885 4416 1978 4470 sed

410 4483 528 4552 ipse
561 4500 667 4540 non
692 4487 888 4544 desiuit
917 4489 1058 4562 loqui
1089 4493 1141 4547 in
1170 4493 1651 4565 justlﬁcationibus
1681 4502 1794 4559 Dei.
1829 4503 1977 4561 Nihil

411 4577 556 4630 enim
595 4577 818 4637 humani
845 4593 1024 4638 sonat.

486 4667 766 4737 Ejusdem.
804 4673 1036 4730 Assidua
1068 4679 1217 4734 circa
1259 4696 1372 4736 rem
1404 4687 1715 4756 quampiam
1748 4704 1879 4746 cura
1920 4702 1974 4747 et

409 4763 648 4816 studium
679 4767 1000 4824 exercitatio
1030 4781 1274 4830 vocatur.

482 4852 646 4909 Vsus.
672 4853 762 4909 25.
804 4857 1041 4915 Adhaesit
1068 4865 1360 4931 pavimenta
1393 4870 1573 4924 anima
1603 4887 1740 4940 mea,
1769 4877 1975 4944 viui/ica

407 4960 489 4998 me
508 4950 793 5001 secundum
823 4951 1030 5005 uerbum
1063 4963 1232 5016 tuum,
1257 4967 1366 5013 etc.
1395 4958 1748 5020 Peccatorum
1776 4967 1976 5024 animae

405 5051 525 5104 quae
551 5045 767 5095 terrena
797 5041 1033 5111 sapiunt,
1061 5046 1372 5114 pavimento
1399 5050 1676 5108 adhaerent
1698 5072 1714 5122 ;
1738 5071 1840 5112 uec
1865 5073 1972 5114 non

399 5125 668 5195 iustorum
702 5130 898 5187 anima:
922 5149 1042 5204 quae
1079 5135 1162 5190 vel
1185 5140 1505 5212 corporibus
1538 5143 1864 5215 colligantur
1888 5149 1971 5206 vel

401 5217 456 5272 in
499 5219 566 5273 iis
596 5232 816 5290 propter
845 5224 1302 5294 dispensationem
1333 5245 1674 5299 permanent.

473 5309 746 5382 Ejusdem.
771 5315 923 5374 Nunc
945 5320 1160 5390 quidem
1186 5324 1413 5380 adhmsit
1440 5327 1745 5396 pavimento
1769 5332 1969 5399 anima,

401 5413 452 5457 et
486 5404 628 5461 facta
659 5418 744 5465 est
773 5425 943 5481 caro;
982 5416 1033 5468 in
1072 5419 1472 5476 resurrectione
1507 5437 1638 5480 vero
1670 5425 1972 5485 adluercbit

399 5509 533 5551 caro
570 5498 788 5567 animm,
829 5504 1041 5574 eritque
1084 5507 1262 5562 anima
1301 5524 1420 5579 qua:
1451 5511 1505 5566 in
1541 5513 1834 5570 universali
1879 5533 1968 5572 re-

399 5589 736 5648 surrectione
787 5593 1016 5651 Domino
1071 5600 1356 5658 adhaerens
1407 5603 1467 5658 lit
1523 5621 1661 5661 unus
1715 5609 1964 5678 spiritus,

398 5678 567 5747 titque
608 5695 806 5752 corpus
850 5687 1118 5755 spiritale.
1175 5690 1268 5748 llis
1318 5694 1491 5753 simile
1519 5705 1600 5753 est
1629 5698 1759 5754 illud
1801 5717 1814 5755 :
1853 5719 1871 5752 ι
1905 5701 1962 5758 lu

472 5860 512 5890 "
547 5857 665 5916 Gal.
712 5877 785 5930 tv,
825 5863 912 5930 Ξί,
943 5865 1044 5935 22.

2079 2025 2170 2078 τὸν
2204 2023 2416 2090 Ἰσαὰκ,
2448 2023 2545 2077 καὶ
2577 2022 2655 2093 τῷ
2704 2021 3105 2094 προσαγαγόντι
3140 2019 3244 2082 τὰς
3276 2019 3419 2072 δέκα
3473 2019 3605 2086 μνᾶς
3640 2021 3662 2068 δ

2081 2117 2446 2189 χαρισάμενος
2470 2115 2638 2179 αὑτὰς
2662 2113 2811 2184 αὑτῷ
2841 2113 3128 2182 δεσπότης.

2164 2209 2580 2280 Ἀποκὰλυψον
2615 2208 2754 2274 τοὺς
2787 2207 3134 2277 ὀφθαλμούς
3171 2222 3318 2274 μου,
3357 2202 3466 2254 καὶ
3507 2218 3664 2253 κατα-

2077 2299 2283 2369 νοήσω
2311 2302 2384 2356 τὰ
2414 2299 2714 2370 θαυμάσια
2745 2300 2814 2354 ἐκ
2862 2297 2966 2352 τοῦ
3014 2299 3206 2366 νόμου
3245 2311 3396 2354 σου,
3458 2309 3515 2344 κ.
3547 2309 3596 2343 τ.
3627 2293 3666 2344 ἐ.

2092 2394 2152 2449 '0
2179 2393 2341 2466 νόμος
2375 2392 2766 2461 ἀποκαλύψεως
2797 2391 2964 2444 δεῖται
2987 2409 3000 2421 ο
3029 2392 3063 2459 ἡ
3099 2389 3210 2460 γὰρ
3244 2386 3452 2457 ἐντολὴ
3483 2384 3670 2454 Κυρίου

2081 2486 2354 2560 τηλαυγὴς
2389 2490 2555 2541 ἐστιν.
2606 2484 2785 2556 Νόμον
2837 2484 2895 2536 δὲ
2953 2480 3188 2536 ἐνταῦθα
3244 2479 3521 2549 ὠνόμασε
3592 2479 3674 2545 τὴν

2084 2578 2468 2650 πνευματικῶς
2500 2574 2973 2649 ἀλληγορουμένην
3003 2574 3105 2644 τῆς
3138 2571 3386 2643 Γραφῆς
3422 2570 3673 2638 ἱστορίαν·

2079 2673 2218 2745 ὅπερ
2257 2672 2346 2725 καὶ
2398 2670 2609 2734 Παῦλος
2663 2667 2960 2739 πεποίηκεν
3005 2667 3064 2720 ἐν
3098 2668 3166 2737 τῇ
3227 2665 3383 2734 πρὸς
3443 2662 3680 2721 Γαλάτας

2082 2764 2340 2836 ἐπιστολῇ
2383 2761 2641 2835 γράφων·
2685 2781 2703 2813 ι
2730 2759 2930 2830 Λέγετέ
2970 2775 3080 2830 μοι,
3115 2759 3310 2828 φησιν,
3342 2757 3401 2807 οἱ
3455 2754 3565 2807 ὑπὲρ
3607 2755 3680 2805 νὸ-

2083 2872 2186 2928 μον
2228 2855 2470 2918 θέλοντες
2515 2850 2652 2908 εἶναι
2670 2893 2684 2918 ,
2726 2853 2814 2907 τὸν
2861 2851 3023 2922 νόμον
3067 2851 3170 2903 οὐκ
3225 2846 3678 2916 ἀναγινώσκετε

2083 2949 2394 3021 Γέγραπται
2424 2947 2552 3019 γὰρ,
2576 2947 2656 3000 ὅτι
2689 2943 2938 3016 Ἀϐραὰμ
2964 2943 3056 2996 δύο
3082 2941 3240 3005 υἱοὺς
3271 2941 3476 3011 ἔσχεν,
3505 2941 3601 2992 ἕνα
3628 2941 3681 2990 ἐκ

2083 3043 2182 3114 τῆς
2214 3041 2521 3112 παιδίσκης,
2553 3038 2646 3093 καὶ
2673 3037 2770 3091 ἕνα
2806 3040 2869 3090 ὲκ
2900 3036 2999 3106 τῆς
3027 3034 3330 3106 ἐλευθέρας
3349 3052 3366 3064 -
3397 3051 3418 3084 ι
3449 3033 3549 3085 καὶ
3578 3030 3684 3084 ἀνέ-

2083 3153 2170 3205 γει
2213 3135 2344 3188 πᾶσι
2386 3132 2482 3204 τὴν
2517 3130 2756 3201 ἱστορίαν
2793 3126 3181 3200 πνευματικῶς
3225 3123 3574 3196 ἀλληγορὸή

2087 3227 2184 3299 τὴν
2208 3228 2320 3282 ἀνω
2360 3222 2740 3296 Ἰερουσαλήμ.

2170 3314 2574 3380 Ἐπεπόθησεν
2611 3312 2649 3378 ἡ
2692 3307 2860 3379 ψυχή
2891 3324 3010 3378 μου
3037 3307 3146 3361 τοῦ
3191 3305 3590 3376 ἐπιθυμῆσαι
3623 3305 3684 3357 τὰ

2087 3401 2337 3472 χρίματὰ
2368 3417 2482 3455 σου
2514 3401 2585 3453 ἐν
2614 3400 2789 3452 παντὶ
2828 3397 3029 3467 καιρῷ,
3058 3414 3117 3449 κ.
3154 3414 3208 3449 τ.
3251 3397 3302 3449 ἐ.
3341 3397 3466 3448 Οὐκ
3498 3395 3686 3448 ἐπεύ-

2087 3510 2282 3566 μησεν,
2324 3493 2437 3546 ἀλλ’
2477 3490 2816 3563 ἐπεπόθησεν
2861 3487 3226 3561 ἐπιθυμῆσαι,
3261 3487 3370 3541 καὶ
3419 3487 3483 3540 ἐν
3534 3488 3686 3539 παντὶ

2087 3585 2264 3659 καιρῷ
2287 3583 2643 3657 ἐπιθυμῆσαι.

2169 3679 2562 3747 East/antra;-
2619 3673 3053 3745 ὑπερηφάνοιςο
3129 3671 3582 3741 ἐπικατάμιτοι
3637 3672 3686 3721 τι

2084 3771 2471 3836 ἐκκλίνοντες
2501 3768 2621 3824 ἀπὸ
2673 3768 2791 3827 τῶν
2837 3765 3102 3823 ἐντολῶν
3155 3784 3301 3830 σου,
3346 3784 3406 3818 κ.
3437 3783 3496 3819 τ.
3538 3767 3585 3817 ἐ.
3635 3765 3686 3816 '0

2085 3861 2533 3932 ἀντιτασσόμενος
2571 3863 2686 3924 τοῖς
2725 3860 3117 3932 ὑπερηφάνοις,
3149 3853 3313 3922 οὗτος
3344 3860 3445 3911 καὶ
3486 3860 3686 3927 5.1291;-

2086 3954 2274 4024 φάνοις
2307 3954 2552 4024 ἐπιτιμᾷ.
2578 3949 2781 4025 Κύριος
2823 3952 2880 4006 δὲ
2924 3953 3304 4024 ὑπερηφάνοις
3359 3952 3688 4004 ἀντιτάσσε-

2083 4061 2204 4099 ται·
2231 4044 2434 4117 Κύριος
2457 4045 2566 4115 ἄρα
2590 4044 2687 4098 κα)⁵
2712 4047 2823 4108 τοῖς
2845 4044 3218 4116 ὑπερηφάνοις
3240 4044 3510 4114 ἐπιτιμᾷ.

2152 4134 2264 4189 Καὶ
2317 4133 2425 4206 γὰρ
2475 4134 2764 4190 ἐκάθισαν
2814 4133 3134 4204 ἄρχοντες,
3188 4132 3292 4187 και
3353 4133 3496 4186 κατ’
3548 4130 3688 4200 ἐρεῖ*

2085 4227 2462 4300 etiamid/tome
2479 4245 2493 4258 ·
2523 4231 2556 4283 ὁ
2583 4227 2652 4281 δὲ
2694 4227 2915 4294 δοῦλός
2944 4241 3062 4282 σου
3095 4225 3446 4294 ἠδολεσχεῖ
3462 4227 3545 4279 ἐν
3567 4223 3688 4289 rei;

2084 4317 2432 4389 δικαιώμασι
2473 4335 2612 4384 σου,
2639 4335 2694 4373 κ.
2723 4336 2773 4372 τ.
2804 4321 2850 4372 ἐ.
2888 4317 3074 4382 Οὕτως
3115 4318 3495 4389 συνέρχονται
3551 4317 3688 4370 κατὰ

2083 4410 2176 4465 τοῦ
2201 4411 2428 4474 δικαίου,
2461 4411 2787 4475 σκοποῦντες
2825 4412 2972 4475 ὅπως
3000 4409 3484 4466 ἐπιϐουλεύστυπν
3520 4409 3686 4478 αὐτῷ.

2084 4506 2198 4561 ἀλλ’
2231 4505 2393 4569 αὐτὸς
2436 4505 2496 4560 οὐ
2550 4505 2785 4559 παύεται
2828 4503 3002 4558 λαλῶν
3038 4505 3098 4558 ἐν
3143 4505 3257 4567 τοῖς
3299 4502 3689 4573 δικαιιὲιματτν

2010 4617 2053 4672 D
2083 4598 2176 4652 τοῦ
2207 4598 2340 4652 Θεοῦ
2359 4616 2371 4630 ·
2403 4598 2553 4652 οὐδὲν
2579 4599 2688 4672 γὰρ
2719 4597 3057 4670 ἀνθρώπινον
3089 4596 3421 4666 φθέγγεται.

2157 4688 2267 4744 Τοῦ
2313 4689 2520 4745 αὑτοῦ.
2562 4689 2625 4743 Ἦ
2667 4689 2795 4763 περί
2834 4707 2887 4743 τι
2923 4688 3149 4760 συνεχὴς
3183 4687 3381 4758 ὁμιλία
3418 4689 3536 4742 xui
3579 4687 3691 4740 au-

2080 4782 2240 4854 τριϐὴ
2271 4781 2554 4852 ἀδολεσχία
2581 4781 2847 4836 καλεῖται.

2164 4873 2493 4942 Ἑκολλήθη
2533 4872 2612 4940 τῷ
2647 4871 2850 4942 ἐδάφει
2896 4873 2934 4940 ’ἡ
2977 4870 3144 4942 ψυχή
3174 4889 3328 4942 μου,
3366 4870 3583 4938 ζῆσέγ
3619 4888 3690 4939 με

2081 4963 2230 5019 κατὰ
2273 4964 2381 5018 τὸν
2422 4966 2607 5034 λόγον
2655 4981 2790 5026 σου,
2826 4981 2876 5017 κ.
2902 4981 2952 5016 τ.
2975 4965 3022 5017 ἐ.
3051 4963 3173 5016 Τῶν
3217 4964 3604 5036 ἁμαρτι.,λε;,ν
3641 4969 3694 5014 ελ

2078 5057 2247 5128 ψυχαὶ
2284 5056 2360 5128 τῷ
2393 5058 2578 5126 ἐδάφει
2617 5057 2910 5111 κολλῶνται
2951 5055 3021 5109 τὰ
3065 5057 3288 5125 ἐπίγεια
3332 5057 3688 5128 φρονοῦσαι·

2078 5150 2185 5204 τῶν
2235 5151 2291 5203 δὲ
2335 5149 2557 5204 δικαίων
2610 5149 2730 5220 ἦτοι
2785 5147 3249 5218 συνδεσμούμεναι
3307 5147 3616 5218 σώμασιν,
3659 5149 3694 5220 ἢ

2078 5240 2419 5314 χρονίζουσαι
2447 5242 2513 5296 δι’
2539 5241 2848 5312 οἰκονομίαν
2871 5243 2928 5295 ἐν
2956 5241 3162 5303 αὐτοῖς.

2154 5333 2264 5387 Τοῦ
2289 5332 2492 5388 αὑτοῦ.
2535 5332 2648 5387 Νῦν
2675 5333 2775 5404 μὲν
2804 5331 3067 5404 ἐκολλήθη
3094 5330 3175 5402 τῷ
3202 5329 3399 5400 ἐδάφει
3442 5333 3486 5402 ἡ
3517 5336 3698 5406 ψυχὴ,

2079 5425 2174 5478 καὶ
2213 5424 2402 5494 γέγονε
2433 5423 2604 5496 σάρξο
2639 5427 2695 5478 ἐν
2735 5424 2791 5477 δὲ
2826 5426 2893 5496 τῇ
2926 5423 3222 5477 ἀναστάσει
3260 5423 3626 5494 stelligera-:1:
3666 5424 3700 5486 ἢ

2081 5516 2214 5586 σὰρξ
2259 5519 2324 5587 τῇ
2369 5515 2534 5588 ψυχῇ,
2565 5516 2659 5570 καὶ
2696 5515 2845 5569 ἔσται
2877 5516 3022 5588 ψυχὴ
3051 5517 3174 5587 ἣτις
3223 5516 3590 5588 κολληθεξσιι
3622 5515 3702 5582 τε,

2077 5609 2265 5680 Κυρίῳ
2298 5611 2355 5670 ἐν
2382 5613 2447 5681 τῇ
2478 5608 2737 5682 καθολικῇ
2771 5609 3062 5663 ἀναστάσει
3088 5609 3306 5678 γίνεται
3339 5611 3400 5664 ’ἐν
3431 5610 3702 5679 πνεῦμα.

2073 5701 2404 5774 καὶγίνεται
2449 5703 2511 5757 τὸ
2569 5702 2727 5773 σῶμα
2780 5703 3174 5774 πνευματικόν.
3218 5704 3471 5775 ’Ὅμοιον
3539 5702 3706 5757 τοῦτο
