3914 6374
220 332 245 387 1
257 330 358 387 593

1139 326 1450 383 SELECTA
1488 324 1555 381 IN
1588 322 1925 381 PSALMOS.
1966 355 2035 365 --
2072 321 2269 379 PSAL.
2307 321 2541 380 CXVIII.

3326 326 3462 383 1504

215 441 293 513 τῷ
315 458 330 472 ·
370 459 389 492 ι
423 440 515 504 El;
566 438 694 511 χοῦν
729 438 957 494 θανάτου
988 440 1300 512 κατήγαγες
1338 457 1404 512 με
1425 457 1437 470 ο
1465 459 1483 492 ι
1545 442 1640 494 καὶ
1684 440 1770 513 τῷ.

1888 438 2166 509 pulverem
2195 439 2386 496 mortis
2420 434 2694 495 deduxisti
2727 451 2814 492 me
2845 437 2893 469 ὀ
2924 455 2936 491 :
2980 456 2998 490 ι
3038 437 3185 502 item,
3228 456 3247 492 ι
3281 440 3458 498 ll‘umi-

220 550 241 587 ι
286 530 654 602 Ἐταπεινώθη
686 534 766 596 είς
819 531 946 603 χοῦν
977 534 1009 603 ή
1059 531 1206 603 ψυχὴ
1248 533 1437 603 ἠμῶνο
1467 552 1485 591 ι
1520 533 1616 587 καὶ
1667 534 1779 605 τῷ·

219 640 241 676 ι
268 622 340 676 Τὸ
375 621 534 693 σῶμα
568 622 666 692 τῆς
699 619 1079 685 ταπεινώσεως
1110 621 1296 693 ήμῶνο
1323 640 1341 673 ι
1376 623 1469 676 καὶ
1504 623 1601 695 τῷ,
1641 643 1660 676 ι
1691 624 1785 688 Τίς

215 731 285 786 με
315 713 539 785 ῥύσεται
584 713 647 766 ὲκ
682 712 776 767 τοῦ
823 712 1077 783 σώματος
1111 712 1207 766 τοῦ
1243 713 1475 768 Θανάτου
1507 715 1735 783 τούτου;
1761 735 1780 768 ι

212 807 322 879 Τὴν
367 805 671 878 ὑπερϐολὴν
699 807 799 877 τῆς
825 805 1203 870 ταπεινώσεως
1235 806 1324 861 διὰ
1353 808 1556 863 τούτων
1589 809 1786 881 ἐδήλω-

213 916 323 954 σεν.
366 899 524 954 οὕτω
577 899 685 971 γὰρ
716 902 774 953 ὲν
820 907 909 971 μγ¹
936 898 1169 970 ψαλμῷ-
1231 920 1248 952 ι
1280 900 1399 955 Ὅτι
1448 901 1783 974 ἐταπεινώθη

211 994 289 1056 εἰς
327 991 457 1062 χοῦν
501 993 534 1063 ἡ
578 992 723 1064 ψυχὴ
761 993 940 1064 ἡμῶν,
971 992 1234 1064 ἐκολλήθη
1264 995 1344 1058 είς
1376 994 1479 1065 γῆν
1511 996 1542 1066 ἡ
1574 994 1784 1067 γαστὴρ

210 1083 388 1155 ἡμῶν.
420 1101 436 1134 ι

294 1176 459 1230 Ὁδὸν
509 1176 914 1246 δικαιωμάτων
974 1191 1092 1230 σου
1139 1173 1465 1230 συνέτισόν
1514 1191 1622 1246 με,
1684 1176 1781 1231 eral

207 1267 607 1336 ἀδολεσχήσω
653 1268 724 1320 ἐν
773 1266 897 1334 τοῖς
954 1268 1309 1337 θαυμασίοις
1363 1284 1499 1334 σου,
1556 1285 1611 1322 κ.
1651 1287 1702 1323 τ.
1733 1270 1779 1324 ὲ.

208 1357 430 1415 Σύνεσιν
459 1361 565 1431 γάρ
596 1360 706 1413 τῶν
747 1362 805 1415 ἐν
855 1360 1037 1424 αὐτοῖς
1088 1359 1401 1432 μυστηρίων
1459 1360 1658 1428 λαϐὼν,
1706 1362 1783 1426 ὡς

208 1456 303 1507 καὶ
341 1454 544 1524 ταύτην
574 1453 818 1517 ὁδεύσας,
853 1454 1152 1525 δυνήσομαι
1186 1454 1311 1526 περὶ
1357 1455 1466 1507 τῶν
1509 1457 1568 1509 ὲν
1599 1456 1784 1523 αὐτοῖς

208 1544 523 1616 θαυμασίων
548 1546 755 1617 ὁμιλεῖν
778 1563 838 1598 τε
868 1548 960 1599 καὶ
988 1546 1143 1615 λόγον
1175 1546 1463 1602 ποιεῖσθαι.

277 1637 645 1700 Ἐνύσταξεν
690 1639 728 1706 ἡ
770 1638 940 1707 ψυχιῆ
991 1656 1108 1707 μου
1159 1639 1274 1693 ἀπὸ
1336 1639 1621 1707 ἀκηὸίας·
1672 1640 1783 1707 ,βε-

204 1730 466 1785 ϐαίωσόν
511 1748 587 1801 με
623 1732 693 1785 ἐν
722 1731 845 1797 τοῖς
890 1733 1093 1801 λόγοις
1123 1748 1261 1796 σου,
1295 1751 1347 1788 κ.
1380 1752 1429 1787 τ.
1459 1735 1505 1788 ἐ.
1559 1736 1781 1807 Ἀκηδία

1889 534 2016 587 liata
2042 532 2203 587 estin
2226 533 2448 602 pulvere
2479 533 2659 587 anima
2691 542 2875 587 nostra
2902 533 2985 600 ¹¹;
3024 552 3042 586 ι
3076 534 3227 600 item,
3266 554 3285 588 ι
3322 537 3456 592 Cor-

1884 639 1985 693 pus
2015 622 2333 678 humilitatis
2350 633 2555 677 nostra:
2579 623 2646 687 ";
2682 641 2700 674 ι
2722 632 2799 687 et,
2823 641 2842 674 ι
2869 624 3002 688 Quis
3019 639 3104 680 me
3124 624 3375 682 liberabit
3396 628 3458 683 de

1886 729 2112 784 corpore
2139 716 2330 787 mortis
2363 713 2521 783 hujus
2544 714 2630 768 "‘l
2654 734 2673 766 ›
2714 714 2816 770 Per
2842 716 2954 770 haec
2983 731 3265 771 excessum
3284 717 3439 773 humi.

1884 807 2050 862 litatis
2078 807 2335 862 ostendit.
2386 808 2477 862 Sic
2521 808 2667 862 enim
2718 808 2772 861 in
2809 808 3018 876 psalmo
3048 810 3456 878 quadragesimo

1887 901 2045 955 tertio
2075 901 2117 932 “
2150 900 2266 954 ait:
2307 917 2325 951 ι
2368 898 2634 963 Quoniam
2677 900 2960 955 humiliata
3011 911 3094 956 est
3148 902 3202 956 in
3236 901 3456 970 pulvere

1883 1006 2064 1047 anima
2120 1007 2328 1059 nostra,
2383 992 2789 1062 conglutinatus
2843 1002 2926 1048 est
2975 993 3028 1048 in
3076 1002 3221 1048 terra
3270 1004 3454 1051 vente!

1884 1096 2089 1139 noster.
2124 1104 2144 1136 ι

1954 1176 2120 1233 Vens.
2161 1176 2252 1230 2'7.
2300 1175 2453 1230 Viam
2498 1176 2950 1247 justifieationum
3002 1186 3212 1231 tuarum
3254 1178 3460 1232 instrue

1884 1285 1984 1334 me,
2017 1280 2064 1323 et
2088 1270 2366 1323 exercebar
2413 1269 2468 1321 in
2505 1267 2836 1321 mirabilibus
2869 1270 2999 1331 tuis,
3046 1280 3153 1324 etc.
3197 1269 3456 1340 Percepta

1882 1364 2024 1416 enim
2062 1362 2447 1433 mysteriorum
2484 1377 2606 1431 qtae
2659 1363 2711 1415 in
2753 1362 2833 1416 eis
2882 1372 3031 1426 sunt,
3082 1363 3457 1433 intelligentia,

1881 1467 1935 1511 et
1969 1457 2106 1511 hanc
2151 1457 2292 1510 viam
2346 1471 2625 1519 emensus,
2663 1457 2728 1511 de
2763 1456 3118 1529 mirabilibus]
3141 1473 3260 1527 qua:
3295 1460 3347 1515 iu
3377 1459 3457 1515 eis

1882 1558 2010 1603 sunt
2042 1558 2231 1619 potero
2258 1548 2571 1603 conversari
2606 1557 2661 1603 et
2684 1548 2847 1603 verba
2885 1549 3089 1608 facere.

1958 1641 2120 1695 Vnus.
2162 1640 2251 1694 28.
2298 1640 2613 1694 Dormitavit
2643 1642 2820 1694 anima
2854 1658 2967 1695 mea
2994 1656 3106 1711 prae
3128 1644 3309 1708 mdia,
3335 1660 3459 1701 con-

1882 1735 2039 1805 ﬁrma
2067 1751 2147 1788 me
2175 1735 2231 1788 in
2260 1734 2426 1789 verbis
2456 1735 2585 1798 tuis,
2623 1742 2729 1789 etc.
2767 1732 3009 1788 Taedium
3044 1747 3125 1790 est
3168 1738 3219 1790 in
3268 1738 3456 1792 eodem

203 1823 323 1877 ἐστὶ
377 1824 588 1896 κίνησις
634 1827 691 1880 ὲν
741 1823 819 1895 τῷ
863 1824 1013 1895 αῦτῴ
1073 1825 1423 1899 πολυχρόνιος
1462 1828 1638 1900 θυμοῦ
1682 1832 1770 1885 καὶ

1884 1828 1971 1880 diu
2022 1826 2320 1897 perdurans
2365 1834 2541 1879 motus
2584 1824 2791 1879 furoris
2841 1834 2895 1879 et
2947 1826 3453 1894 concupiscentiae;

201 1914 524 1986 ἐπιθυμίας
558 1915 651 1969 τοῦ
689 1918 787 1987 μὲν
824 1922 935 1979 τοῖς
975 1919 1239 1989 παροῦσιν
1263 1920 1638 1993 ὀργιζομένου,
1676 1921 1779 1995 τῆς

199 2006 259 2058 δὲ
310 2008 606 2079 ἐφιεμένης
651 2007 759 2061 τῶν
819 2008 892 2081 μὴ
932 2011 1235 2081 παρόντων.
1283 2012 1612 2083 Νυσταγμός
1660 2013 1777 2069 ἐστι

195 2096 377 2168 ψυχῆς
406 2098 628 2170 λογικῆς
670 2100 899 2170 ἀμέλεια
948 2102 1056 2157 τῶν
1099 2102 1312 2173 ἀρετῶν
1348 2104 1441 2157 καὶ
1486 2105 1584 2176 τῆς
1634 2105 1777 2175 γνώ-

194 2208 341 2259 σεως
378 2190 479 2259 τῆς
518 2192 611 2245 τοῦ
650 2192 815 2246 Θεοῦ·
856 2192 1020 2258 ὕπνος
1049 2195 1166 2248 ἐστὶ
1197 2195 1374 2267 ψυχῆς
1420 2196 1642 2268 λογικῆς
1672 2216 1778 2269 χω-

198 2281 391 2354 ρισμὸς
426 2282 670 2349 ἑκούσιος
693 2286 798 2339 ἀπὸ
822 2287 921 2358 τῆς
941 2287 1108 2352 ὅντως
1137 2287 1282 2359 ζωῆς
1299 2306 1311 2319 ·
1337 2289 1416 2343 διὸ
1443 2289 1536 2343 καὶ
1559 2293 1586 2343 ὁ
1615 2290 1776 2359 σοφὸς

193 2367 450 2440 Σολομῶν
493 2376 750 2442 παραινεῖ
798 2375 871 2447 μὴ
923 2375 1105 2430 δοῦναι
1165 2376 1330 2432 ὕπνον
1382 2381 1495 2442 τοῖς
1541 2380 1771 2452 δμμασι,

197 2462 323 2533 μηδ’
344 2464 700 2530 ὲπινυστάξαι
729 2471 841 2531 τοῖς
873 2467 1185 2541 βλεφάροις.

280 2574 446 2627 Ὀὸὸν
496 2576 732 2643 ἀδικίας
792 2579 1149 2647 ἀπόστησωρ
1188 2580 1288 2634 ἀπ’
1329 2579 1496 2650 ἐμοῦ,
1543 2583 1641 2637 καί
1696 2583 1775 2651 τῷ

190 2669 355 2736 νόμῳ
410 2686 526 2725 σου
563 2671 829 2741 ἐλέησόν
874 2691 970 2743 με,
1004 2692 1057 2727 κ.
1098 2693 1146 2728 τ.
1177 2677 1223 2729 ὲ.
1258 2676 1370 2730 Οὐκ
1422 2679 1548 2749 ἐμὲ,
1585 2681 1771 2752 φησὶν,

190 2761 502 2833 ἀπόστησον
534 2764 640 2817 ἀπὸ
676 2765 797 2817 ὁδοῦ
844 2766 1078 2831 ἀδικίας,
1110 2768 1223 2821 ἀλλ’
1265 2770 1433 2842 αὐτὴν
1478 2771 1572 2824 ἀπ’
1614 2772 1770 2845 ἐμοῦ,

188 2850 266 2916 ὥς
298 2854 710 2927 ἐνυπάρχουσαν
742 2858 864 2929 ἤδη⁸
902 2859 993 2911 καὶ
1034 2859 1294 2933 δεομένην
1327 2862 1425 2931 μὲν
1456 2862 1612 2933 ἡμῶν
1636 2864 1775 2937 πρὸς

190 2944 459 3013 ἐξέλασιν,
499 2949 732 3019 μάλιστα
767 2950 822 3003 δὲ
862 2951 959 3022 τῆς
1004 2952 1068 3003 ὲκ
1102 2951 1236 3005 Θεοῦ
1279 2952 1551 3023 βοηθείας,
1592 2954 1667 3020 ὼς
1706 2954 1773 3011 ἂν

186 3038 502 3110 ὲλεηθῶμεν
536 3042 685 3113 νόμῳ
717 3042 852 3096 Θεοῦ
873 3061 887 3075 ο
920 3045 1103 3115 ὅμοιον
1146 3045 1203 3098 δὲ
1236 3045 1313 3116 τῷ
1344 3045 1521 3115 λέγειν
1571 3048 1768 3121 ίατρῷ·

1879 1917 2023 1972 lllius
2056 1916 2274 1986 quidem
2329 1917 2688 1985 praesentibus
2736 1916 2886 1981 irati,
2926 1914 3084 1983 hujus
3134 1932 3261 1970 vero
3291 1915 3460 1987 800

1878 2009 2122 2064 absentia
2155 2008 2534 2063 desiderantis.
2560 2007 2882 2062 Dormitatio
2903 2017 2986 2061 est
3018 2008 3210 2061 animae
3243 2011 3457 2063 ratione

1879 2101 2118 2170 praedita:
2144 2100 2469 2171 negligentia
2499 2100 2760 2155 virtutum
2796 2109 2849 2154 et
2878 2100 3120 2154 scicntim
3153 2100 3267 2154 Dei.
3301 2100 3456 2154 Som-

1876 2210 1980 2249 nus
2024 2202 2108 2249 est
2154 2194 2350 2248 animae
2384 2194 2595 2247 ratione
2631 2192 2874 2263 praedita:
2928 2192 3238 2246 voluntaria
3285 2206 3456 2260 sepa-

1878 2288 2017 2342 ratio
2044 2301 2073 2340 a
2102 2302 2229 2341 vera
2273 2286 2408 2340 vita.
2450 2286 2795 2355 Quapmpter
2835 2293 2888 2339 et
2923 2285 3148 2353 sapiens
3194 2284 3451 2340 Salomon

1877 2381 2129 2435 hortatur
2149 2380 2216 2441 ’⁸,
2247 2390 2305 2433 ιιι
2333 2395 2439 2432 nou
2474 2380 2629 2433 detur
2657 2394 2884 2433 somnus
2909 2379 3081 2434 oculis
3117 2393 3293 2449 neque
3322 2377 3452 2433 dor-

1875 2473 2090 2528 mitatio
2122 2472 2411 2541 palpebris.

1946 2587 2111 2642 Vens.
2152 2587 2242 2642 29.
2298 2584 2446 2640 Viam
2494 2586 2788 2654 iniquitatis
2838 2603 3019 2641 amove
3058 2604 3089 2640 a
3143 2604 3245 2652 me,
3288 2596 3335 2641 et
3388 2587 3453 2641 de

1875 2686 1985 2749 lege
2014 2690 2104 2732 tua
2132 2680 2373 2731 miserere
2406 2678 2527 2742 mei,
2554 2688 2661 2734 etc.
2694 2677 2809 2732 Non
2860 2694 2967 2742 me,
3017 2679 3219 2748 inquit,
3260 2694 3453 2734 amove

1875 2787 1904 2827 a
1934 2773 2017 2826 via
2049 2771 2377 2841 iniquitatis,
2402 2770 2495 2823 sed
2526 2770 2697 2839 ipsam
2732 2786 2761 2825 a
2792 2786 2895 2836 me,
2927 2781 2984 2823 ut
3011 2786 3131 2840 quae
3164 2769 3293 2824 mihi
3325 2770 3453 2824 insit

1874 2875 1931 2919 et
1968 2862 2123 2916 nobis
2172 2860 2390 2931 quidem
2432 2869 2611 2930 egeat,
2663 2869 2724 2912 ut
2775 2872 3154 2925 removeatur,
3216 2861 3452 2915 maxime

1880 2971 2012 3010 vero
2041 2953 2131 3009 Dei
2168 2953 2391 3020 auxilio,
2439 2961 2497 3005 ut
2533 2956 2650 3023 lege
2700 2952 2789 3004 Dei
2837 2953 3265 3006 misericordiam
3320 2969 3451 3008 con-

1874 3056 2204 3111 sequamur:
2238 3041 2396 3111 quasi
2431 3040 2579 3095 dicat
2631 3042 2841 3095 medico
2888 3059 2901 3094 :
2958 3041 3088 3096 Arte
3138 3042 3448 3097 mediciuali

200 3131 471 3204 ’ἰατρικῆς
503 3133 646 3205 λόγῳ
700 3135 836 3205 πρὸς
888 3136 1098 3206 ὑγίειάν
1143 3155 1209 3206 με
1250 3138 1496 3208 κόμισον,
1540 3140 1641 3195 κᾶν
1682 3160 1770 3196 το-

1884 3136 1939 3190 ad
1962 3136 2245 3191 sanitatem
2271 3148 2463 3188 revoca
2492 3148 2596 3196 me,
2620 3134 2734 3189 sive
2766 3134 2910 3190 ferro
2932 3136 3044 3189 sive
3073 3136 3286 3190 ustione
3314 3151 3448 3206 opus

187 3223 299 3295 μῆς
331 3225 427 3298 δέῃ
462 3226 555 3279 καὶ
592 3226 861 3292 καύσεως,
905 3228 1009 3283 κᾶν
1062 3230 1251 3301 ἐτέρου
1305 3231 1451 3296 τινὸς
1504 3231 1612 3286 τῶν
1651 3235 1771 3288 ὲπι-

182 3314 472 3386 οταμένων
514 3317 725 3373 λυπεῖν.
765 3320 970 3374 Τούτου
1014 3321 1071 3375 δὲ
1104 3320 1195 3375 τοῦ
1248 3323 1414 3392 νόμου
1456 3323 1576 3377 οὐδὲ
1624 3326 1766 3399 ἀρχή

180 3408 302 3460 ἔστι
325 3411 439 3471 τοῖς
475 3410 699 3482 μηδέπω
729 3413 1238 3484 ὲπισκοπουμένοις,
1273 3413 1388 3467 ἀλλ’
1414 3413 1493 3467 ἔτι
1534 3407 1768 3488 παραδι-

177 3501 429 3573 δομένοις
464 3494 693 3559 πάθεσιν
742 3507 985 3578 ἀτιμίας,
1035 3505 1066 3577 ἢ
1122 3506 1363 3578 ἀδοκίμῳ
1414 3509 1449 3582 ἡ
1496 3526 1603 3562 τινι
1662 3510 1768 3565 τῶν

176 3593 337 3648 οὔπω
378 3596 476 3667 τὴν
506 3598 794 3669 διόρθωσιν
842 3600 936 3653 καὶ
986 3599 1282 3672 θεραπείαν
1316 3602 1765 3673 περιποιούντων.

190 3687 312 3759 Ἐφ’
335 3690 458 3743 ὅσον
490 3692 598 3765 γὰρ
633 3693 790 3764 ἡμῶν
820 3696 854 3766 ἡ
883 3695 984 3766 τῆς
1013 3696 1227 3761 ἀδικίας
1270 3697 1385 3761 ὁδὸς
1411 3698 1509 3752 οὐκ
1538 3699 1768 3768 ἀφίστα-

174 3795 291 3845 ται,
327 3782 420 3834 ἐπὶ
456 3783 707 3838 τοσοῦτον
738 3784 859 3840 οὐδὲ
904 3787 1079 3859 ἀρχὴν
1127 3787 1322 3859 ἔχομεν
1364 3789 1456 3843 τοῦ
1500 3790 1767 3845 ἐλεεῖσθαι

174 3868 334 3942 νόμῳ
373 3872 531 3926 Θεοῦ.

263 3984 432 4039 Ὀδὸν
475 3987 740 4043 ἐντολῶν
781 4004 896 4045 σου
930 3988 1207 4061 ἔδραμον,
1239 3991 1384 4047 ὅταν
1422 3990 1769 4061 ἑπλάτυνας

173 4080 298 4148 τὴν
342 4081 597 4150 καρδίαν
632 4100 773 4153 μου,
809 4103 865 4140 κ.
910 4102 961 4138 τ.
1000 4086 1046 4141 ὲ.
1083 4088 1145 4139 Ol
1181 4086 1328 4155 λόγοι
1380 4086 1488 4140 τῶν
1535 4088 1765 4141 ἐντολῶν

173 4172 545 4238 πλατύνοντες
589 4175 684 4248 τὴν
717 4177 945 4250 καρδίαν
988 4177 1207 4234 εὔκολον
1239 4179 1374 4252 αὐτῇ
1416 4179 1767 4252 παρασκευά-

174 4268 334 4334 ζουσι
363 4269 460 4340 τῆς
496 4272 807 4345 πρακτικῆς
835 4273 933 4345 τὴν
965 4274 1103 4328 ὁδόν.

256 4386 368 4441 Τοῦ
401 4386 607 4442 αὑτοῦ.
648 4406 666 4440 ι
703 4388 850 4454 Ὁδὸς
892 4391 991 4462 μὲν
1027 4389 1186 4462 στενὴ
1229 4389 1323 4443 καὶ
1352 4388 1686 4461 τεθλιμμένη
1728 4392 1760 4463 ἠ

1873 3227 1965 3293 sit,
1992 3229 2108 3283 sive
2142 3226 2247 3280 alio
2284 3224 2526 3295 quolibet
2556 3226 2793 3279 remedio
2819 3229 2958 3296 quod
2983 3228 3221 3282 dolorem
3253 3229 3445 3297 pariat.

1875 3318 2047 3387 llujus
2087 3319 2221 3389 legis
2248 3332 2314 3372 ne
2354 3317 2571 3371 initium
2604 3318 2818 3386 quidem
2862 3318 3057 3374 habent
3101 3320 3136 3373 ii
3184 3321 3272 3389 qui
3308 3336 3446 3374 nou-

1873 3413 1999 3468 dum
2054 3411 2255 3467 visitati
2303 3418 2450 3473 sunt,
2513 3411 2608 3465 sed
2666 3413 2842 3466 adhuc
2901 3412 3086 3466 traditi
3158 3409 3448 3467 allectibus

1872 3505 2219 3577 ignominiae;
2253 3504 2335 3558 vel
2384 3503 2670 3575 reprobus,
2703 3504 2783 3557 vel
2818 3505 3084 3573 quispiam
3117 3518 3301 3557 eorum
3354 3503 3445 3572 qui

1872 3596 2110 3652 nondum
2142 3598 2412 3651 emendati
2441 3607 2497 3652 et
2529 3598 2748 3651 sanitati
2801 3598 3032 3651 restituti
3085 3605 3232 3651 sunt.
3258 3595 3444 3661 Quan-

1872 3700 1982 3744 tum
2034 3691 2179 3744 enim
2230 3690 2313 3742 via
2363 3689 2671 3759 iniquitatis
2710 3703 2739 3742 a
2792 3690 2944 3742 nobis
2976 3704 3079 3741 non
3116 3698 3443 3752 removetur,

1871 3792 2075 3836 tantum
2107 3782 2365 3836 absumus
2397 3784 2463 3836 ab
2499 3780 2655 3835 initio
2705 3780 3100 3836 misericordia:
3135 3797 3236 3851 per
3271 3780 3444 3851 legem

1873 3875 1962 3930 Dei
1996 3875 2408 3943 consequendze.

1944 3990 2106 4046 Vens.
2147 3991 2236 4045 52.
2308 3987 2457 4045 Viam
2500 3988 2880 4043 mandatorum
2936 4001 3146 4045 tuorum
3210 3991 3446 4059 cucurri,

1868 4101 1986 4138 eum
2040 4084 2279 4137 dilaniin
2313 4100 2403 4138 cor
2451 4100 2646 4150 meum,
2697 4093 2803 4139 etc.
2854 4082 3233 4137 Mandatorum
3279 4084 3444 4140 verba

1867 4192 1987 4246 quae
2016 4192 2112 4233 cor
2143 4177 2395 4246 dilatant,
2428 4178 2645 4235 facilem
2676 4179 2724 4237 ei
2754 4187 2954 4249 parant
2985 4177 3050 4232 ad
3101 4191 3184 4232 res
3210 4176 3446 4246 agendas

1871 4285 2036 4324 riam.

1940 4384 2214 4455 Ejusdem.
2260 4404 2277 4441 ι
2315 4385 2411 4441 Via
2435 4383 2650 4454 quidem
2683 4391 2912 4453 angusta
2944 4389 2999 4437 et
3026 4389 3175 4437 arcta
3210 4389 3295 4437 est
3323 4394 3447 4451 quae

169 4478 471 4548 ἀπάγουσα
522 4480 602 4543 είς
653 4481 750 4551 τὴν
792 4479 971 4553 ζωήν·
1004 4502 1022 4533 ι
1067 4482 1265 4554 καρδία
1298 4481 1354 4535 δὲ
1389 4481 1618 4534 πλατεῖα
1665 4483 1759 4535 καὶ

1884 4475 2014 4530 lucit
2050 4476 2119 4531 ad
2158 4478 2320 4529 vitam
2350 4476 2393 4506 "
2420 4493 2434 4542 ;
2473 4494 2493 4527 ι
2533 4490 2628 4529 cor
2658 4484 2837 4528 autem
2862 4473 3025 4528 latum
3051 4482 3106 4527 et
3136 4472 3441 4543 spatiosum

171 4544 493 4647 εὐρύχωρος
526 4574 631 4628 ὑπὸ
671 4544 766 4627 τοῦ
818 4544 977 4642 λόγου
1035 4544 1371 4645 εὺρῦνομένη
1407 4574 1439 4644 ὴ
1476 4572 1626 4641 ἁγία,
1667 4575 1763 4629 καὶ

1884 4583 1897 4622 ι
1932 4567 2097 4623 verbo
2125 4566 2408 4622 dilatatam
2441 4577 2691 4622 sanctum
2728 4575 2838 4631 est,
2868 4576 2922 4621 et
2965 4566 3131 4623 Dcum
3165 4567 3334 4634 videt,
3380 4580 3447 4631 ac

172 4666 311 4721 Θεὸν
340 4667 609 4738 ὀψομένη,
655 4668 749 4720 καὶ
781 4668 871 4721 τὸν
904 4666 1063 4720 καλὸν
1110 4666 1308 4738 δρόμον
1347 4669 1614 4740 τρέχουσα
1658 4668 1760 4739 τῆς

166 4757 297 4815 ὀδοῦ
329 4757 439 4811 τῶν
490 4758 716 4811 ἐντολῶν
764 4757 856 4812 τοῦ
906 4758 1062 4813 Θεοῦ.
1100 4758 1256 4813 Οὕτω
1302 4759 1403 4831 μὲν
1447 4762 1481 4831 η
1531 4760 1758 4815 πλατεῖα

168 4851 273 4906 καὶ
300 4849 610 4923 εὐρύχωρος
637 4850 753 4913 ὁδὸς
785 4851 989 4918 ἀπάγει
1024 4852 1117 4903 ἐπὶ
1163 4851 1262 4922 τὴν
1295 4850 1594 4917 ἀπώλειαν,
1622 4853 1657 4923 ἡ
1700 4852 1757 4907 δὲ

169 4943 341 5015 στενὴ
385 4942 601 5015 καρδία,
639 4942 733 4998 καὶ
768 4944 841 5015 μὴ
871 4942 1120 5015 χωροῦσα
1153 4946 1208 4997 ἐν
1239 4945 1406 5016 ἑαυτῇ
1444 4943 1609 5015 μονὴν
1644 4945 1757 4997 [Ia-

165 5034 307 5108 ’πρὸς
349 5036 442 5089 καὶ
474 5035 603 5087 Υίοῦ
652 5034 873 5105 χωρίζει
907 5034 1015 5088 ἀπὸ
1057 5032 1192 5087 Θεοῦ
1231 5033 1322 5087 διὰ
1357 5033 1454 5105 τὴν
1495 5049 1758 5104 στενοχω-

168 5129 303 5204 ρίαν
327 5128 419 5183 τὸν
448 5126 709 5199 τοιαύτην
734 5129 800 5197 τῇ
833 5126 1027 5182 ἑαυτοῦ
1052 5127 1221 5197 κακίᾳ
1251 5124 1613 5197 πεποιηκότα.

246 5237 670 5309 Νομοθέτησόν
695 5255 793 5306 με,
820 5239 1018 5306 Κύριε,
1050 5235 1165 5306 τὴν
1195 5236 1341 5292 ὁδὸν
1375 5234 1493 5291 τῶν
1522 5235 1754 5290 δικαιω-

164 5330 381 5406 μάτων
424 5348 575 5395 σου,
597 5332 696 5385 καὶ
730 5329 1031 5397 ἐκζητήσω
1060 5328 1257 5397 αὐτὴν
1287 5328 1385 5382 διὰ
1420 5327 1667 5393 παντὸς,
1699 5345 1753 5383 κ.

167 5439 227 5475 τ.
263 5421 310 5476 ι.
346 5421 419 5474 Τὸ
454 5421 553 5492 μὲν
605 5421 717 5492 γὰρ
765 5420 915 5493 παρά
961 5419 1055 5473 τοῦ
1101 5419 1236 5475 Θεοῦ
1284 5421 1547 5485 αίτεῖται,
1595 5419 1655 5472 τὸ
1699 5418 1758 5473 δὲ

168 5512 577 5583 ἐπαγγέλλεται
606 5512 667 5577 ἐξ
710 5512 906 5567 ἑαυτοῦ
954 5513 1347 5587 συνεισφέρειν.
1390 5516 1462 5569 Σὺ
1497 5515 1593 5586 μὲν
1624 5514 1752 5586 γὰρ,

170 5608 366 5682 φησιν,
397 5601 441 5661 ὦ
480 5608 672 5678 Κύριε,
713 5606 1078 5679 νομοθέτησόν
1114 5626 1204 5680 μοι
1250 5608 1349 5680 τὴν
1380 5608 1499 5663 ὁδὸν
1531 5608 1640 5663 τῶν
1678 5608 1757 5662 δι·

1868 4660 2009 4716 viam
2045 4660 2425 4716 mandatorum
2477 4659 2568 4715 Dei
2624 4659 2818 4713 currit.
2853 4658 2943 4716 Sic
2989 4659 3098 4715 lata
3137 4661 3356 4730 quidem
3388 4669 3447 4717 et

1866 4754 2105 4823 spatiosa
2153 4753 2235 4807 via
2285 4752 2434 4808 ducit
2489 4753 2555 4807 ad
2603 4753 2988 4821 perditionem,
3032 4770 3129 4810 cor
3168 4770 3299 4810 vero
3345 4769 3446 4809 an-

1867 4855 2082 4915 gustum
2111 4854 2164 4901 et
2203 4855 2441 4911 arctum,
2470 4855 2525 4899 et
2552 4846 2694 4915 quod
2731 4861 2838 4902 non
2870 4848 3017 4919 capit
3049 4848 3100 4902 in
3149 4847 3447 4916 semetipso

1864 4938 2197 4992 mansionem
2230 4935 2408 4993 Patris
2430 4950 2485 4994 ct
2515 4938 2663 5005 Filii,
2693 4949 2913 5010 propter
2936 4940 3247 5011 angustiam
3283 4953 3440 4995 suam

1861 5040 2079 5099 separat
2122 5046 2153 5086 a
2204 5030 2314 5086 Deo
2367 5031 2516 5086 illum
2568 5034 2661 5103 qui
2714 5034 2923 5089 malitia
2968 5047 3066 5089 sua
3107 5032 3286 5103 ipsum
3333 5028 3442 5087 tale

1865 5121 2117 5180 reddidit.

1939 5234 2098 5290 Vens.
2142 5236 2232 5293 55.
2274 5234 2458 5307 Legem
2487 5253 2623 5308 pone
2654 5239 2813 5304 mihi,
2846 5238 3086 5306 Domine,
3116 5239 3253 5293 viam
3274 5236 3440 5308 justi-

1863 5330 2168 5398 ]icationnm
2212 5338 2457 5395 tuarum,
2498 5342 2545 5385 et
2579 5334 2850 5401 exquiram
2891 5347 3007 5385 eam
3052 5348 3276 5400 semper,
3328 5342 3443 5389 etc.

1864 5422 1994 5476 Illud
2032 5422 2250 5492 quidem
2278 5438 2308 5477 a
2352 5423 2461 5479 Deo
2491 5425 2643 5495 petit,
2697 5426 2842 5479 aliud
2877 5440 3006 5480 vero
3051 5442 3116 5481 ex
3164 5436 3316 5496 parte
3342 5440 3441 5482 sua

1864 5515 2147 5584 pollicetur
2173 5530 2231 5570 se
2254 5514 2598 5573 collaturum.
2633 5516 2732 5584 Tu,
2762 5519 2953 5587 inquit,
2986 5519 3232 5586 Domino,
3264 5520 3438 5590 legem

1865 5625 2005 5677 poue
2040 5608 2171 5665 mihi
2204 5609 2344 5665 viam
2372 5610 2826 5681 justiﬁeatiouum
2864 5621 3103 5676 tuarum,
3154 5627 3254 5684 ego
3311 5627 3440 5668 vero

254 5744 299 5819 ξίῖ
344 5742 491 5819 Psal.
535 5760 661 5819 ιωιι.⁸
693 5745 777 5802 16.
853 5747 892 5777 ²¹
930 5743 1073 5803 Psal.
1099 5761 1247 5815 XLIII,
1279 5747 1369 5805 9.5.
1450 5749 1493 5779 "
1525 5745 1719 5819 Philip.
1748 5764 1760 5801 ι

1884 5747 1951 5802 lt.
2029 5748 2255 5809 “Rom.
2301 5767 2398 5819 vn,
2442 5753 2531 5808 24.
2613 5750 2815 5808 “Vere.
2845 5752 2938 5811 25.
3014 5755 3058 5786 ’³
3089 5750 3247 5808 Prov.
3283 5767 3356 5817 vi,
3381 5751 3437 5805 4.

175 5815 226 5846 ¹⁶
256 5815 444 5871 Matth.
480 5830 572 5883 vn,
606 5817 688 5871 14.
