3914 6374
531 360 670 418 1595

1863 354 1954 411 EX
1993 351 2154 411 ORIG
2161 349 2295 408 ENE

3645 341 3756 398 1590

524 495 690 539 omne
720 480 845 538 vitat
873 495 1007 538 mete
1036 489 1250 553 tempus
1296 481 1350 536 in
1384 479 1502 551 ejus
1552 477 1960 552 inquisitionem
2001 480 2087 536 im-

2205 470 2535 544 καιωμάτων
2570 487 2662 524 σου
2682 487 2695 500 ο
2729 469 2841 538 ἐγὼ
2875 468 2933 524 δὲ
2965 468 3056 522 τὸν
3085 468 3186 540 τῆς
3215 467 3362 539 ζωῆς
3413 484 3520 538 μου
3569 465 3756 520 ἅπαντα

525 575 780 647 pendam.

601 664 767 721 Vens.
809 665 900 722 δι.
929 665 1008 720 Da
1038 667 1162 721 mihi
1190 667 1530 735 intellectum,
1557 679 1603 723 et
1631 668 1904 724 scrutabor
1935 667 2097 738 legem

525 769 697 823 tuam,
726 771 775 814 et
800 762 1096 815 custodiam
1133 763 1278 815 illam
1313 764 1367 818 in
1397 770 1504 817 toto
1534 765 1692 818 corde
1719 780 1851 828 meo,
1883 772 1989 818 etc.
2017 760 2100 816 ln-

528 847 742 902 tellectu
772 864 906 917 opus
938 849 1200 903 habemus
1233 853 1299 904 ad
1332 851 1734 919 intelligendam
1765 852 1961 923 legem.
1998 867 2094 908 ne-

525 953 635 1008 que
685 939 828 993 enim
869 939 1154 994 manifesta
1182 952 1265 996 est
1304 951 1359 997 et
1400 952 1560 1011 eaptu
1616 942 1809 1008 facilis,
1848 944 1942 997 sed
1971 951 2096 1012 eget

525 1030 732 1084 auxilio
772 1030 863 1085 Dei
897 1041 951 1085 et
980 1041 1161 1084 nostra
1198 1047 1351 1098 cura,
1389 1042 1446 1087 ut
1475 1047 1540 1087 ex
1581 1033 1695 1102 ipsa
1733 1034 2098 1102 percipiamns

524 1133 708 1174 rerum
761 1123 1095 1192 agendarum
1147 1133 1200 1178 et
1251 1123 1791 1192 contemplandarum
1839 1141 1993 1181 usum
2043 1136 2096 1180 et

523 1209 834 1266 scientiam.
864 1209 961 1266 Sic
1002 1211 1148 1266 enim
1181 1213 1389 1282 ahjecta
1435 1215 1581 1267 otnni
1613 1214 1782 1267 animi
1821 1216 2096 1271 anxietate

525 1298 582 1354 in
621 1308 736 1355 toto
785 1302 952 1357 corde
991 1303 1292 1357 custodiam
1344 1302 1517 1358 illam.
1569 1304 1625 1358 Si
1662 1319 1790 1359 vero
1822 1304 2094 1360 intellectu

523 1404 648 1464 eget
696 1395 1090 1465 perscrutatio,
1144 1406 1354 1465 quanto
1405 1395 1599 1467 magis.
1655 1405 1714 1451 ut
1764 1396 1886 1454 linis
1943 1399 2094 1452 inve-

523 1486 728 1542 niatur.
1965 1553 1974 1559 .

597 1579 757 1636 Vens.
797 1581 890 1636 40.
935 1581 1068 1638 Ecce
1110 1583 1378 1652 concupiui
1405 1583 1656 1637 mandata
1695 1593 1785 1637 tua
1810 1601 1830 1638 :
1858 1585 1908 1638 in
1938 1585 2096 1656 tequi-

523 1682 632 1727 tate
661 1683 750 1727 tua
781 1674 986 1743 uiui/ica
1014 1691 1114 1740 me,
1137 1684 1242 1729 etc.
1269 1674 1704 1731 Retributionem
1734 1678 1868 1746 petit
1891 1677 2092 1746 justam

521 1766 688 1819 vitam
741 1776 797 1820 et
849 1767 1037 1826 virtuti
1096 1778 1546 1836 consentaneam,
1593 1785 1696 1824 non
1738 1771 1914 1825 solum
1949 1770 2092 1839 quod

2199 567 2388 639 χρόνον
2417 564 2668 619 ἐπιδώσω
2689 567 2768 628 είς
2793 562 3125 632 ἀναζήτησιν
3157 560 3352 631 αὐτῆς.

2269 660 2597 715 Συνέτισόν
2621 677 2718 728 με,
2746 658 2844 712 καὶ
2875 654 3250 725 ἐξερευνήσω
3283 653 3395 708 τὸν
3421 653 3621 721 νόμον
3640 666 3756 712 σοι’.

2198 753 2295 806 καὶ
2353 750 2604 820 φυλάξω
2639 750 2827 804 αὐτὸν
2861 749 2933 802 ἐν
2976 748 3090 815 ὅλῃ
3130 746 3343 815 καρδίᾳ
3381 762 3530 815 μου,
3567 762 3623 800 κ.
3646 761 3692 800 1.
3716 745 3756 797 ἐ.

2199 845 2470 909 Συνέσεως
2501 843 2770 917 χρῄζομεν
2813 843 2952 914 πρὸς
2986 843 3049 895 τὸ
3086 842 3272 912 νοῆσαι
3303 840 3398 894 τὸν
3438 840 3638 910 νόμον
3676 840 3762 893 οὐκ

2197 940 2314 993 ἔστι
2358 939 2465 1010 γὰρ
2499 940 2673 1008 σαφὴς
2715 937 2748 1007 ἢ
2789 935 3291 1005 εὐκαταφρόνητος·
3321 933 3498 986 δεῖται
3537 932 3596 986 δὲ
3641 931 3757 985 Θεοῦ

2199 1027 2514 1099 συνεργείας
2553 1027 2647 1080 καὶ
2676 1026 2777 1096 τῆς
2808 1025 3080 1097 ἡμετέρας
3112 1022 3368 1094 σπουδῆς,
3404 1022 3483 1086 ὡς
3513 1021 3578 1086 ἐξ
3609 1019 3752 1074 αὐτοῦ

2197 1120 2380 1174 λαϐεῖν
2418 1119 2516 1190 τήν
2548 1136 2608 1172 τε
2658 1117 2856 1189 χρῆσιν
2903 1118 2999 1170 καὶ
3047 1117 3148 1187 τὴν
3196 1116 3506 1187 κατάληψιν
3561 1115 3666 1167 τῶν
3706 1133 3755 1168 τε

2197 1209 2517 1282 πρακτικῶν
2559 1210 2652 1262 καὶ⁵
2705 1207 3088 1279 θεωρητικῶν·
3123 1205 3266 1260 οὕτω
3305 1206 3417 1277 γὰρ
3467 1205 3637 1276 μηδὲν
3683 1204 3758 1258 ἐν-

2195 1301 2444 1366 δοιάζων,
2492 1302 2550 1356 ἐν
2595 1301 2694 1373 ὅλῃ
2748 1300 2948 1372 καρδία
3019 1296 3240 1370 φυλάξω
3287 1297 3472 1352 αὐτόν,
3525 1298 3588 1350 Ei
3637 1297 3756 1369 δὲή

2197 1394 2390 1466 ἐρευνα
2420 1394 2590 1449 δεῖται
2619 1393 2904 1461 συνέσεως,
2947 1392 3098 1463 πόσῳ
3143 1391 3364 1465 μᾶλλον,
3393 1392 3484 1445 ἵνα
3525 1408 3610 1454 τις
3638 1389 3760 1463 εὕρῃ

2197 1487 2258 1541 τδ
2285 1488 2471 1554 τέλος;

2281 1581 2424 1635 Ἰδοὺ
2473 1581 2825 1651 ἐπεθύμησα
2871 1579 2977 1647 τὰς
3006 1577 3260 1645 ἐντολάς
3292 1592 3432 1642 σου,
3463 1577 3533 1630 ἐν
3567 1574 3642 1644 τῇ
3678 1574 3756 1628 διο

2197 1679 2490 1746 καιοσύνῃ
2530 1695 2647 1732 σου
2687 1676 2873 1746 ζῆσόν
2910 1693 3005 1747 με,
3052 1693 3106 1730 κ.
3139 1691 3188 1727 τ.
3230 1676 3277 1727 ἑ.
3320 1672 3584 1743 ’Δμοιεὴν
3635 1672 3759 1724 αἰτεῖ

2197 1770 2296 1841 τὴν
2338 1771 2554 1824 δικαίαν
2601 1769 2748 1841 ζωὴν
2794 1769 2888 1823 καὶ
2935 1772 3055 1822 κατ’
3098 1768 3318 1840 ἀρετὴν,
3367 1769 3430 1821 οὐ
3483 1768 3644 1837 μόνον
3691 1765 3757 1828 ὡς

521 1858 837 1912 custodierit
887 1859 1162 1926 mandata,
1205 1861 1367 1932 801
1416 1864 1511 1917 sed
1564 1866 1708 1932 quod
1753 1879 1935 1917 sutore
1963 1878 2087 1932 erga

2202 1863 2437 1934 φυλάξας
2465 1863 2566 1926 τὰς
2597 1861 2839 1926 ἐντολὰς,
2879 1859 3019 1914 ἀλλὰ
3065 1861 3159 1913 καὶ
3185 1860 3262 1923 ὼς
3318 1860 3600 1931 ἐρωτικῶς
3643 1858 3761 1928 περὶ

523 1949 614 2003 illa
661 1948 889 2007 allectus
921 1953 1012 2016 sit,
1051 1968 1151 2008 nec
1198 1953 1421 2008 alterius
1452 1953 1750 2024 cuiuspiam
1801 1955 1874 2010 rei
1906 1969 2091 2019 causa,

522 2040 616 2094 sed
643 2055 705 2094 ea
740 2051 963 2111 propter
1013 2043 1126 2111 ipsa
1169 2045 1494 2102 servaverit.
1545 2046 1612 2101 Et
1655 2046 2094 2116 tutandoqnidem

515 2132 729 2200 justitia
767 2135 944 2192 Patris
999 2137 1170 2195 Filius
1219 2148 1342 2208 est,
1396 2141 1489 2212 qui
1541 2141 1595 2197 iu
1649 2141 1871 2197 Christo
1911 2139 2097 2196 vivere

520 2225 653 2288 vult,
689 2228 800 2283 btec
834 2229 931 2289 ait.

594 2315 754 2374 Vens.
783 2320 873 2376 42.
903 2322 969 2375 Et
993 2322 1310 2392 respondebo
1335 2324 1773 2392 exprobrantibus
1804 2327 1936 2382 mihi
1977 2346 2096 2384 ver-

523 2413 669 2475 bum,
714 2414 841 2483 quia
885 2417 1092 2483 speraui
1133 2416 1188 2469 in
1222 2417 1550 2472 sermonibus
1592 2420 1696 2472 tuis
1728 2459 1743 2481 ,
1771 2428 1880 2474 etc.
1912 2420 2092 2476 Dicam

519 2504 666 2558 enim
712 2506 992 2576 indignum
1041 2523 1164 2564 esse
1207 2507 1473 2578 ejusmodi
1523 2511 1775 2580 dogmata
1822 2513 1871 2566 ci
1903 2513 1993 2582 qui
2027 2529 2092 2568 ea

519 2605 780 2661 sectatur,
813 2598 1155 2668 exprobrari.
1185 2600 1278 2654 llla
1303 2603 1553 2658 derident
1579 2617 1607 2656 a
1641 2603 1745 2658 iide
1782 2605 1945 2660 alieni
1969 2617 2091 2662 tan-

516 2702 679 2757 quam
717 2691 881 2743 stulta
910 2730 924 2752 ,
961 2706 1063 2760 ego
1111 2707 1240 2746 vero
1269 2694 1554 2748 ostendam
1602 2694 1876 2749 intellectu
1919 2709 1974 2753 et
2006 2716 2095 2755 sa-

517 2778 720 2847 pientia
751 2763 934 2848 plena.
970 2781 1328 2852 Respondebo
1360 2785 1604 2851 verbum,
1631 2787 1756 2856 quia
1802 2788 1855 2842 in
1883 2805 2092 2848 sermo-

515 2870 677 2925 nibus
715 2873 824 2927 tuis
849 2876 1256 2945 supersperavi.

584 2960 744 3019 Vens.
773 2964 863 3019 45.
904 2964 968 3020 Et
993 2983 1056 3022 ne
1091 2968 1306 3039 auferas
1334 2971 1397 3026 de
1433 2987 1523 3027 ore
1551 2990 1668 3030 meo
1704 2977 1910 3032 uerbum
1947 2978 2089 3033 veri-

511 3055 658 3120 talis,
689 3067 795 3114 etc.
847 3056 914 3113 Et
966 3074 1033 3115 ne
1083 3059 1302 3117 auferas
1332 3065 1400 3119 de
1449 3069 1614 3124 corde
1647 3084 1766 3124 meo
1800 3071 2086 3126 scientiam

510 3163 721 3205 verum.

580 3245 742 3300 Vens.
777 3246 866 3302 45.
901 3247 970 3302 Et
1000 3248 1334 3306 ambulabam
1369 3255 1426 3306 in
1451 3252 1753 3323 latitudine,
1771 3257 1899 3326 quia
1931 3275 2087 3314 man-

510 3337 640 3391 data
693 3350 785 3393 tua
824 3343 1129 3413 exquisivi,
1179 3353 1287 3399 etc.
1340 3346 1592 3401 Ambulat
1649 3347 1700 3402 in
1753 3348 2036 3405 latitudine
2066 3393 2082 3418 ,

508 3437 882 3499 quamtumvis
916 3436 1224 3502 tribuletur,
1250 3439 1340 3507 qui
1367 3439 1500 3494 dicit
1536 3458 1548 3492 :
1585 3458 1604 3491 ι
1639 3439 1695 3494 in
1731 3442 2085 3500 tribulatione

509 3523 752 3582 dilatasti
780 3529 911 3583 mihi
941 3532 1022 3596 ’ῖς
1073 3550 1091 3581 s
1123 3541 1177 3585 et
1204 3546 1393 3587 rursus
1426 3549 1438 3586 :
1479 3550 1497 3585 ι
1540 3532 1594 3586 In
1627 3535 1883 3590 omnibus
1915 3537 2086 3592 tribu-

507 3616 762 3674 lationem
788 3623 1048 3692 patimur,
1082 3625 1177 3678 sed
1210 3640 1315 3680 non
1349 3627 1728 3694 angustiamur
1753 3627 1820 3680 ⁸⁸.
1856 3648 1874 3681 ι
1915 3629 2083 3684 liabet

504 3713 651 3768 enim
683 3728 803 3772 eam
835 3731 994 3785 quam
1031 3718 1252 3772 verbum
1291 3719 1380 3772 dat
1411 3719 1772 3787 latitudinem,
1797 3737 1958 3792 quam
1991 3724 2080 3792 qui

507 3816 716 3875 peccat,
750 3823 857 3863 non
889 3808 1073 3864 habet.
1110 3811 1449 3881 Quapropter
1483 3813 1782 3869 Corinthiis
1817 3815 1894 3868 ait
1939 3815 2083 3868 Pau-

507 3897 592 3953 lus
616 3898 684 3954 de
716 3914 775 3954 se
807 3901 1026 3970 quidem
1057 3920 1068 3956 :
1098 3921 1116 3953 ι
1144 3902 1259 3957 Non
1277 3905 1666 3975 angustiamini
1695 3906 1746 3959 in
1783 3906 1997 3962 nobis”
2017 3924 2034 3975 ;
2057 3926 2077 3960 s

507 3989 576 4043 de
631 3989 737 4045 illis
778 4007 907 4046 vero
963 4011 978 4046 :
1033 4011 1052 4044 ι
1113 3995 1513 4065 Angustiamini
1569 3997 1621 4050 in
1656 3997 1960 4052 visceribus
1992 4013 2085 4053 ve-

505 4077 636 4134 stris
670 4079 737 4134 ³⁸.
782 4099 802 4132 s
838 4080 976 4137 Mala
1001 4085 1144 4136 enim
1177 4099 1340 4154 opera
1376 4094 1573 4140 malum
1613 4087 1665 4141 in
1697 4088 1883 4158 seipso
1915 4103 2084 4160 angu-

505 4171 691 4228 stiant.

574 4257 852 4335 Ejusdem.
885 4264 1139 4322 Charitas
1174 4267 1266 4323 Dei
1299 4268 1586 4327 animabus
1633 4273 1912 4329 hominum
1943 4273 2084 4330 indit

502 4354 869 4412 latitudinem.
895 4357 1144 4414 Charitas
1163 4360 1334 4428 enim,
1368 4361 1565 4431 inquit,
1600 4378 1708 4419 non
1743 4376 2080 4424 coarctatur.

505 4450 733 4506 Dilectio
799 4461 980 4505 autem
1033 4451 1127 4507 Dei
1178 4462 1263 4507 est
1318 4455 1692 4511 mandatorum
1736 4458 1852 4528 ejus
1908 4459 2084 4530 inqui-

2198 1957 2367 2020 αὐτὰς
2404 1955 2771 2024 διακείμενος·
2809 1953 2905 2006 καὶ
2933 1952 3032 2006 οὐκ
3055 1951 3215 2005 ἄλλου
3249 1951 3431 2022 χάριν,
3604 1949 3760 2012 αὐτὰς

2196 2049 2289 2102 καὶ
2337 2049 2403 2102 δι’
2445 2047 2612 2110 αὐτὰς
2665 2044 2936 2099 ἐκτελῶν·
2999 2044 3094 2097 καὶ
3149 2043 3272 2096 ἐπεὶ¹
3322 2041 3638 2112 δικαιοσύνη
3675 2040 3759 2094 τοῦ

2195 2141 2407 2213 Πατρὸς
2449 2143 2477 2195 6
2519 2139 2665 2206 Υίὸς,
2694 2141 2723 2194 6
2763 2139 2823 2194 ἐν
2863 2137 2975 2210 Υἰῷ
3021 2136 3182 2209 ζῆσαι
3238 2135 3562 2208 βουλόμενος
3613 2131 3761 2188 τοῦτό

2195 2251 2350 2305 φησι

2239 2253 2375 2380 ﬁliai
2403 2325 2876 2394 ἀποκριθήσομαι
2909 2321 3034 2389 τοῖς
3063 2321 3418 2383 ὀνειδίζουσί
3449 2338 3528 2392 με
3561 2322 3760 2391 λόγον,

2195 2419 2284 2473 ὅτι
2335 2417 2569 2487 ἤλπισα
2600 2418 2698 2471 ἐπὶ
2731 2417 2872 2483 τοὺς
2904 2417 3125 2485 λόγους
3154 2433 3291 2479 σου,
3338 2434 3393 2468 κ.
3441 2433 3488 2468 τ.
3529 2417 3578 2468 ἐ.
3629 2415 3763 2486 Ἐρῶ

2194 2511 2324 2584 γὰρ,
2359 2511 2432 2576 ὡς
2461 2512 2561 2564 οὐκ
2593 2509 2740 2576 ἄξιον
2772 2508 3124 2573 ὀνειδίζεσθαι
3150 2509 3240 2562 τὸν
3269 2508 3494 2562 τοιαῦτα
3525 2508 3765 2579 δόγματα

2192 2603 2407 2676 ἔχοντα.
2436 2605 2628 2657 ’Δτινα
2653 2602 2886 2672 γελῶσιν
2910 2603 2960 2654 οἱ
2984 2601 3083 2671 τῆς
3109 2600 3344 2663 πίστεως
3381 2599 3657 2670 ἀλλότριοι
3694 2599 3763 2662 ὡς

2196 2697 2373 2770 μωρὰ,
2421 2697 2688 2761 συνέσεως
2721 2697 2778 2751 δὲ
2829 2695 2940 2765 ἐγὼ
2980 2692 3246 2758 ἀποδείξω
3289 2693 3382 2746 καὶ
3429 2694 3624 2762 coetu;
3669 2711 3764 2746 πε-

2194 2790 2545 2862 πληρωμένα.
2592 2787 3055 2861 Ἀποκριθησομαι
3083 2786 3142 2844 ,δὲ
3170 2786 3347 2856 λόγον,
3375 2787 3499 2840 ἐπεὶ
3533 2788 3616 2850 είς
3643 2787 3766 2849 τοὺς

2192 2883 2383 2952 λόγους
2415 2899 2507 2935 σου
2534 2881 2833 2954 ἐπήλπισα.

2262 2977 2370 3033 Kal
2412 2975 2498 3046 μὴ
2538 2975 2821 3044 περιέλῃς
2852 2973 2920 3028 ἐκ
2951 2973 3056 3028 τοῦ
3093 2973 3391 3043 στόματός
3422 2989 3547 3042 μου
3581 2972 3769 3041 λόγον

2190 3069 2496 3138 ἀληθείας,
2528 3087 2580 3123 κ.
2610 3087 2660 3122 τ.
2698 3071 2744 3122 ἐ.
2784 3069 2892 3122 Καὶ
2919 3067 2994 3140 μὴ
3025 3065 3280 3140 περιέλῃς
3307 3067 3373 3119 ἐκ
3406 3065 3508 3137 τῆς
3539 3066 3768 3136 καρδίας

2196 3180 2295 3233 μου
2329 3161 2528 3230 γνῶσιν
2561 3159 2760 3232 ἀληθῆ.

2261 3257 2370 3312 Καὶ
2419 3256 2792 3326 ἐπορευόμην
2819 3253 2888 3310 ἐν
2929 3252 3280 3323 πλατυσμῷ,
3327 3253 3418 3308 ὅτι
3459 3253 3570 3320 τὰς
3605 3253 3770 3308 ἐντο-

2186 3348 2302 3416 λάς
2327 3365 2442 3404 σου
2474 3347 2822 3415 ἐξεῷἱτησα,
2860 3365 2915 3403 κ.
2960 3364 3012 3402 τ.
3046 3347 3094 3401 ἐ.
3134 3347 3427 3419 Πορεύεται
3470 3350 3530 3403 ἐν
3568 3349 3774 3403 πλατυ-

2191 3443 2332 3515 σμῷ,
2358 3442 2458 3497 κᾶν
2482 3441 2750 3512 θλίϐηται,
2780 3443 2808 3495 6
2831 3441 3007 3510 λέγων
3026 3458 3039 3471 ·
3077 3459 3098 3493 s
3142 3441 3230 3494 Ἐν
3259 3441 3432 3512 θλίψει
3459 3442 3772 3505 ἐπλότυνᾰς

2191 3551 2299 3610 μοι·
2341 3555 2359 3588 s
2397 3535 2491 3588 καὶ
2524 3533 2706 3587 πάλινο
2763 3552 2780 3586 ι
2831 3534 2918 3587 Ἐν
2960 3533 3123 3586 παντὶ
3154 3531 3484 3603 θλιϐόμενοι,
3537 3533 3660 3586 ἀλλ’
3714 3535 3770 3585 οὐ

2189 3626 2718 3699 στενοχωρούμενοι·
2765 3643 2783 3678 s
2820 3624 2931 3696 ἐχει
2959 3623 3068 3696 γὰρ
3096 3624 3192 3694 τὴν
3222 3623 3328 3677 ἀπὸ
3357 3623 3452 3677 τοῦ
3479 3624 3652 3692 λόγου
3685 3642 3774 3692 γει

2185 3718 2418 3790 νομένην
2465 3717 2826 3790 εὐρυχωρίαν,
2880 3715 2947 3786 ἦν
2988 3732 3069 3779 τις
3108 3714 3438 3786 ἁμαρτάνων
3485 3717 3592 3768 οὐκ
3639 3716 3774 3786 ἔχει.

2184 3810 2276 3864 Διό
2311 3828 2442 3881 φησι
2487 3810 2792 3882 Κορινθίοις
2824 3812 2850 3861 ὁ
2885 3807 3095 3872 Παῦλος
3135 3809 3270 3880 περὶ
3300 3806 3399 3878 μὲν
3431 3807 3667 3870 ἑαυτοῦ,
3695 3811 3773 3862 ὅτι

2190 3922 2209 3956 ‹
2253 3903 2326 3956 Οὐ
2375 3900 2797 3973 στενοχωρεῖσθε
2850 3901 2907 3954 ἐν
2945 3901 3110 3972 ἡμῖν·
3162 3918 3179 3952 ι
3227 3899 3356 3972 περὶ
3406 3899 3469 3952 δὲ
3515 3900 3772 3962 ἐκείνων,

2183 3998 2288 4061 ὅτι,
2335 4015 2355 4049 ι
2379 3996 2804 4068 Στενοχωρείσθε
2841 3995 2899 4048 ἐν
2932 3995 3042 4058 τοῖς
3073 3993 3400 4064 σπλάγχνοις
3430 3993 3658 4064 ὑμῶν.»
3697 3995 3775 4046 Τὰ

2184 4090 2292 4163 γὰρ
2324 4091 2466 4144 κατὰ
2491 4091 2689 4146 κακίαν
2721 4089 2857 4162 ἔργα
2888 4089 2978 4142 τὸν
3003 4086 3202 4158 φαῦλον
3235 4090 3574 4161 στενοχωρεῖ
3609 4087 3774 4143 αὐτὸν

2186 4185 2244 4237 ἐν
2277 4183 2447 4252 αὐτῷ.

2260 4277 2370 4331 Τοῦ
2394 4276 2601 4331 αὐτοῦ.
2638 4276 2701 4328 Ἡ
2732 4275 2867 4346 πρὸς
2895 4274 3027 4328 Θεὸν
3059 4272 3248 4346 ἀγάπη
3279 4276 3398 4337 ταῖς
3432 4271 3648 4343 ψυχαῖς
3669 4293 3772 4327 των

2185 4369 2487 4442 ἀνθρώπων
2526 4369 2865 4441 εὐρυχωρίαν
2897 4367 3207 4438 ἐργάζεται.
3273 4366 3340 4420 Ἠ
3381 4367 3582 4438 ἀγάπη
3641 4367 3770 4438 γὰρ,

2186 4464 2370 4535 φησιν,
2419 4463 2480 4516 οὐ
2530 4463 2958 4532 στενοχωρεῖται.
3021 4461 3083 4512 Ἦ
3130 4459 3318 4530 ἀγάπη
3371 4459 3432 4511 δὲ
3483 4461 3634 4530 πρὸς
3681 4462 3768 4511 τὸν

505 4543 636 4597 sitio
666 4551 721 4597 el
770 4545 1078 4598 exsecutio.
1110 4544 1246 4600 Nam
1281 4547 1541 4602 Dominus
1570 4548 1650 4603 ait
1677 4550 1717 4581 ³¹
1754 4569 1767 4605 :
1803 4568 1822 4602 ι
1859 4550 1915 4605 Si
1958 4552 2080 4607 dili-

2202 4550 2317 4603 θεὸν
2343 4552 2374 4621 ὴ
2412 4549 2520 4602 τῶν
2547 4549 2776 4603 ἐντολῶν
2806 4547 2970 4601 αὐτοῦ
3005 4547 3230 4619 ζήτησις
3259 4549 3351 4600 καὶ
3376 4549 3730 4620 κατόρθωσις
3753 4567 3766 4577 ·

501 4636 630 4707 gitis
665 4651 752 4691 me
780 4677 794 4700 ,
826 4639 1078 4692 mandata
1107 4655 1226 4694 mea
1257 4651 1492 4700 servate.
1529 4662 1547 4694 ι
1582 4642 1777 4698 Merito
1821 4645 2006 4716 itaque
2035 4649 2082 4704 is

502 4728 596 4798 qui
643 4730 901 4786 mandata
931 4730 1024 4786 Dei
1066 4733 1282 4802 quaerit,
1322 4736 1374 4788 in
1407 4734 1695 4791 latitudine
1730 4739 1994 4803 ambulat,
2028 4741 2080 4795 id

505 4829 589 4878 est
616 4866 630 4889 ,
674 4823 725 4876 in
765 4823 1058 4882 latitudine
1112 4828 1277 4883 vitam
1331 4829 1609 4895 instituit;
1639 4833 2078 4903 quandoquidem

502 4915 548 4970 is
583 4917 674 4985 qui
707 4916 882 4988 diligit
926 4917 1238 4987 Dominum,
1272 4923 1456 4979 omnia
1489 4923 1706 4993 sull'ert,
1742 4928 1923 4980 omnia
1960 4942 2081 4983 sus-

503 5009 659 5079 tinet,
699 5020 755 5066 et
783 5011 1011 5082 nullam,
1044 5015 1120 5069 uti
1159 5030 1259 5085 par
1290 5027 1394 5085 est,
1429 5019 1736 5089 angustiam
1771 5020 1936 5077 subit.

464 5177 473 5230 l
569 5185 736 5246 Vens.
801 5189 891 5247 46.
949 5192 1016 5247 Et
1064 5193 1316 5266 loquebar
1365 5195 1429 5249 de
1488 5197 1798 5251 testimoniis
1863 5198 1968 5252 tuis
2023 5199 2077 5252 in

498 5293 776 5351 conspectu
807 5299 986 5354 regum
1015 5325 1030 5350 ,
1062 5296 1110 5341 et
1162 5303 1266 5340 non
1297 5286 1681 5355 confundebar,
1726 5299 1836 5346 etc.
1880 5289 2074 5349 Paulus

495 5377 665 5431 etiam
700 5377 837 5433 dicit
857 5379 902 5410 ⁸²
936 5396 998 5432 :t
1042 5378 1157 5436 Non
1186 5380 1331 5436 enim
1371 5379 1636 5438 erubesco
1675 5383 2070 5452 Evangelium:

496 5467 672 5524 virtus
698 5469 845 5524 enim
885 5470 979 5528 Dei
1016 5482 1098 5528 est
1132 5473 1186 5528 in
1216 5471 1449 5529 salutem
1477 5475 1625 5530 omni
1667 5476 1910 5532 credenti
1937 5517 1952 5542 ,
1979 5474 2074 5532 Ju-

497 5560 614 5617 dco
644 5562 880 5632 primum
903 5573 960 5620 et
993 5563 1206 5621 Graeco.
1245 5583 1264 5618 ι

565 5652 733 5710 Vens.
760 5656 851 5710 47.
883 5655 954 5712 Et
981 5659 1279 5714 meditabar
1303 5660 1359 5712 in
1401 5661 1670 5716 mandatis
1704 5661 1806 5718 tuis
1834 5677 1952 5730 qua:
1987 5663 2073 5718 di-

568 5850 610 5882 ”
645 5849 785 5908 l‘sal.
821 5867 893 5919 tv,
935 5853 991 5906 2.
1099 5854 1143 5885 ’⁸
1173 5853 1214 5909 ΙΙ
1243 5852 1368 5912 Cor.
1408 5869 1482 5919 tv,
1513 5855 1565 5910 8.

2186 4645 2318 4716 φησὶ
2350 4643 2458 4716 γὰρ
2492 4645 2520 4696 6
2553 4641 2786 4713 Κύριοςο
2828 4659 2847 4693 ι
2899 4641 3025 4694 Ἐὰν
3065 4640 3316 4710 ἀγαπᾶτέ
3354 4659 3446 4712 με,
3483 4642 3594 4705 τὰς
3626 4644 3768 4695 ἐντο-

2183 4736 2280 4798 λάς
2316 4752 2414 4807 μου
2461 4735 2757 4806 τηρήσατε·
2803 4752 2822 4784 s
2875 4731 3013 4788 ὥστε
3058 4733 3279 4797 δικαίως
3323 4735 3352 4786 6
3397 4733 3498 4798 τὰς
3545 4735 3765 4796 ἐντολάς

2181 4828 2274 4883 τοῦ
2319 4827 2452 4882 Θεοῦ
2487 4827 2666 4899 ζητῶν
2698 4829 2757 4881 ἐν
2789 4823 3088 4896 πλατυσμῷ
3123 4824 3436 4896 πορεύεται,
3482 4827 3767 4880 τουτέστιν

2183 4926 2241 4976 ὲν
2288 4923 2599 4994 εὐρυχωρίᾳ
2655 4920 3011 4976 πολιτεύεταιο
3059 4919 3243 4991 ἐπειδὴ
3295 4921 3324 4973 6
3381 4919 3627 4988 ἀγαπῶν
3675 4922 3764 4973 τὸν

2182 5014 2384 5088 Κύριον
2417 5015 2596 5068 πάντα
2627 5013 2825 5082 στέγει,
2857 5011 3035 5065 πάντα
3060 5010 3340 5080 ὑπομένει,
3374 5011 3468 5064 καὶ
3500 5009 3765 5082 οὐδεμίαν

2180 5110 2405 5171 εἰκότως
2439 5105 2798 5177 στενοχωρίαν
2825 5104 3135 5174 ὑφίσταται.

2251 5203 2360 5258 Kal
2403 5201 2670 5255 ἐλάλουν
2695 5199 2764 5253 ἐν
2802 5198 2926 5265 τοῖς
2948 5197 3292 5268 μαρτιφίοις
3317 5212 3434 5250 σου
3475 5194 3768 5251 ἐναντίω*

2175 5290 2509 5358 βασιλέων,
2564 5289 2662 5344 καί
2717 5291 2829 5345 οὐκ
2875 5288 3252 5358 ᾐσχυνόμην,
3287 5305 3340 5341 κ.
3386 5303 3440 5343 1.
3487 5289 3539 5341 ἐ.
3577 5287 3696 5341 Καὶ
3737 5287 3766 5338 ι’.

2181 5384 2391 5449 Παῦλος
2423 5400 2617 5456 φησιν·
2671 5401 2688 5434 t
2728 5383 2802 5437 Οὐ
2839 5381 2943 5454 γὰρ
2974 5379 3369 5452 ἐπαισχύνομαι
3407 5379 3468 5432 τὸ
3510 5379 3768 5448 Εὐαγγέ-

2179 5476 2291 5529 λιον
2314 5491 2327 5505 ·
2360 5475 2590 5545 δύναμις
2619 5473 2724 5545 γὰρ
2746 5471 2881 5526 Θεοῦ
2916 5473 3062 5525 ἐστιν
3088 5473 3167 5535 εἰς
3194 5471 3463 5542 σωτηρίαν
3491 5472 3662 5525 παντὶ

2181 5565 2512 5631 πιστεύοντι,
2555 5563 2795 5634 Ἰουδαίῳ
2825 5579 2884 5616 τε
2917 5562 3127 5633 πρῶτον
3154 5561 3248 5615 καὶ¹
3286 5559 3532 5632 Ἕλληνι.
3565 5577 3584 5611 s

2250 5661 2360 5716 Καὶ
2401 5656 2695 5730 ἐμελέτων
2741 5656 2812 5711 ὲν
2841 5654 2968 5722 ταῖς
3005 5653 3277 5719 ἐντολαῖς
3320 5667 3436 5707 σου
3477 5646 3578 5720 αἱς
3607 5647 3764 5722 ἠτό-

1667 5857 1709 5888 ¹⁹
1740 5853 1781 5910 ll
1808 5855 1932 5913 Cor.
1967 5871 2017 5913 vt
2044 5857 2087 5926 ,l

2248 5854 2290 5888 ³⁸
2320 5853 2454 5909 ibid.
2538 5851 2577 5883 ³¹
2609 5847 2768 5906 Joan.
2805 5862 2915 5914 xiv,
2957 5845 3040 5900 l5.
3115 5843 3157 5876 "
3192 5842 3354 5900 Rom.
3383 5858 3420 5908 I,
3448 5840 3538 5896 16.
