3800 6502
146 412 258 471 ιδιιτ

1035 407 1342 469 SELECTA
1377 407 1441 463 IN
1477 403 1816 464 PSALMOS.
1854 436 1922 445 ——
1953 405 2150 462 PSAL.
2188 401 2425 462 CXVIII.

3218 397 3355 458 1593

139 549 296 601 πησα,
328 553 380 592 κ.
415 552 466 591 τ.
503 535 550 590 ι.
579 533 743 600 Τέλος
767 534 876 589 τῶν
919 533 1150 588 ὲντολῶν
1182 535 1281 604 τῆς
1323 532 1555 604 μελέτης
1588 529 1663 584 τοί

1785 527 1890 582 texi
1917 569 1930 590 ,
1977 535 2087 584 etc.
2137 526 2500 583 Meditationis
2546 524 2922 580 mandatorum
2966 519 3057 576 Dei
3107 519 3229 576 linis
3273 527 3356 575 est

136 625 250 679 Θεοῦ
269 627 462 698 ἐστινὴ
496 627 638 681 κατά
665 625 764 690 τὰς
796 627 1014 690 ἐντολὰς
1045 625 1316 697 ἐνέργεια.
1347 624 1458 676 Καὶ
1497 620 1676 684 καλῶς

138 718 500 789 προστετάχθαι
531 719 780 789 φαίνεται
803 719 886 785 τὺ,
915 737 934 768 ι
980 717 1278 789 Ἐμελέτων
1305 718 1362 769 ἐν
1383 717 1502 779 ταῖς
1525 715 1676 766 -ὲντο-

130 809 231 874 λαῖς
264 826 346 864 σου
383 805 474 876 αἷς
508 813 790 882 ἠγάπησα.
831 832 848 861 ι
881 810 1036 867 Μετὰ
1067 810 1175 882 γάρ
1201 810 1299 880 τὴν
1327 809 1558 881 μελέτην
1581 807 1676 860 καὶ

130 900 366 970 ἀνάληψιν
414 901 508 954 τοῦ
546 901 652 954 τῶν
689 902 918 956 ἐντολῶν
947 901 1124 970 λόγου,
1160 900 1323 954 καλὸν
1368 899 1428 951 τὸ
1472 899 1676 968 ἐπᾶραι

131 992 211 1054 τὰς
246 995 422 1065 χεῖρας
454 995 546 1046 ἐπὶ
578 994 678 1056 τὰς
718 995 857 1048 κατὰ
898 993 996 1058 τὰς
1030 992 1248 1055 ἐντολάς
1276 991 1521 1062 πράξεις,
1553 991 1676 1060 δίχα

130 1083 203 1136 τοῦ
236 1085 290 1137 ὲκ
316 1085 491 1157 λύπης
521 1086 554 1158 ἢ
588 1087 645 1154 ἐξ
669 1088 915 1159 ἀνάγκης
941 1086 1001 1141 τὸ
1029 1085 1188 1158 ἔργον
1228 1084 1537 1140 ἀποδιδόναι
1565 1082 1672 1136 τῶν

130 1173 231 1228 luto
241 1176 356 1230 λῶν.

185 1348 479 1418 Μνήσοητι
521 1349 644 1404 τῶν
682 1352 883 1420 λόγων
922 1369 1039 1406 σου
1078 1349 1157 1417 τῷ
1201 1350 1399 1414 δούλῳ
1439 1364 1556 1403 σου
1585 1341 1674 1402 ὧν

125 1437 444 1508 ἐπήλπισάς
463 1459 562 1510 με,
591 1460 648 1496 κ.
677 1461 728 1495 τ.
765 1444 810 1497 ὲ.
844 1443 954 1496 Καὶ
988 1446 1141 1506 ποῖος
1170 1444 1199 1497 ό
1231 1443 1406 1510 λόγος,
1436 1435 1496 1494 οὗ
1531 1458 1670 1512 μνη-

124 1529 292 1600 σθῆναι
319 1531 477 1583 αὐτὸν
521 1530 682 1598 ἀξιοῖ,
717 1531 750 1603 ἢ
784 1532 844 1585 τὸ
878 1528 1016 1586 εἶναι
1063 1531 1180 1602 μετ’
1217 1530 1417 1594 αὐτῶν,
1449 1529 1571 1584 καθ’
1603 1529 1673 1600 ἢν

121 1619 326 1675 δέδωκεν
371 1622 551 1687 αὐτοῖς
593 1623 943 1690 ἐπαγγελίαν,
1011 1624 1134 1694 ἥτις
1182 1621 1277 1676 καὶ
1325 1620 1670 1693 παράκλησις

119 1710 284 1776 αὐτοῖς
310 1711 363 1764 ὲν
396 1712 508 1774 τοῖς
533 1711 793 1783 διωγμοῖς
826 1712 1077 1781 ἐγένετο;

1777 621 2053 676 exsecutio
2065 629 2118 675 et
2133 621 2380 690 operatio
2395 619 2710 676 eorumdem
2727 617 3126 673 mandatorum.
3142 613 3314 679 Quam
3326 641 3348 652 -

1775 713 1962 769 obrem
2001 712 2226 782 pulchre
2277 714 2442 768 etiam
2495 712 2808 783 adjunctum
2853 709 3084 771 videtur,
3124 724 3142 756 ι
3178 705 3349 759 Medi.

1778 804 1932 858 labar
1985 806 2038 858 in
2098 803 2368 858 mandatis
2410 805 2516 858 tuis
2565 818 2684 873 qua:
2734 800 2918 857 dilexi.
2973 819 2991 852 ι
3041 797 3176 852 Nam
3230 805 3352 867 post

1776 895 2178 950 meditationem
2208 903 2262 949 et
2293 896 2836 965 comprehensionem
2881 892 3032 948 verbi
3065 892 3352 946 mandato-

1776 1004 1936 1053 rum,
1985 987 2271 1059 pulchrum
2319 996 2405 1040 est
2455 1003 2650 1042 manus
2701 986 2950 1041 attollere
3003 987 3068 1039 ad
3105 983 3348 1038 actiones

1774 1079 2042 1132 mandatis
2065 1085 2482 1141 consentaneas,
2519 1077 2591 1130 ita
2615 1085 2673 1130 ut
2701 1090 2874 1146 neque
2903 1090 2968 1128 ex
3002 1073 3224 1129 tristitia
3250 1086 3348 1128 ne-

1770 1186 1878 1242 que
1911 1185 1976 1225 ex
2022 1169 2349 1226 necessitate
2391 1185 2532 1241 opus
2579 1169 2958 1224 mandatorum
3003 1165 3344 1224 exsecutioni

1771 1265 2081 1320 mandetur.

1841 1355 2004 1409 Vens.
2046 1354 2136 1411 49.
2167 1354 2372 1409 Memor
2401 1365 2510 1409 rato
2535 1355 2804 1411 verborum
2833 1367 3044 1411 tuorum
3079 1371 3225 1412 aereo
3251 1363 3340 1409 tuo

1769 1450 1823 1501 in
1845 1445 2035 1518 quibus
2063 1448 2187 1501 milii
2218 1463 2358 1512 spem
2389 1448 2620 1514 dedisti,
2652 1457 2762 1510 etc.
2813 1451 2882 1504 At
2925 1450 3088 1519 quale
3117 1459 3201 1505 est
3223 1463 3345 1504 ver-

1770 1541 1896 1595 bum
1963 1538 2118 1608 cujus
2165 1539 2298 1608 petit
2345 1538 2492 1594 illum
2547 1554 2668 1594 esse
2742 1555 3078 1607 memorem,
3127 1541 3229 1596 nisi
3283 1547 3344 1594 ut

1769 1648 1890 1686 cum
1925 1631 2031 1687 illis
2075 1631 2182 1697 sit,
2210 1629 2362 1700 juxta
2395 1631 2811 1701 promissionem
2864 1647 3027 1702 quam
3065 1632 3194 1702 ipsis
3237 1631 3337 1687 de-

1769 1725 1939 1790 derat,
1985 1740 2102 1789 quae
2131 1733 2187 1779 et
2229 1723 2335 1780 illis
2368 1724 2723 1780 c0nsolationi
2756 1736 2874 1781 erat
2903 1727 2958 1780 in
2994 1724 3335 1796 persecutio-

1772 1817 1966 1873 nibus?

177 1894 327 1963 Αὕτη
362 1913 439 1964 με
485 1894 902 1964 παρεκάλεσεν
934 1895 1004 1948 ἐν
1032 1893 1110 1963 τῇ
1143 1891 1493 1950 ταπεινώσει
1521 1910 1663 1964 μου,

1836 1911 2003 1982 802
2035 1907 2194 1964 Vens.
2233 1907 2321 1964 50.
2356 1906 2485 1963 Haec
2515 1925 2594 1962 me
2625 1908 2896 1964 eonsolata
2921 1918 3001 1964 est
3035 1909 3089 1962 in
3118 1905 3340 1962 humili-

111 1983 195 2039 ὅτι
223 1985 285 2040 τὸ
318 1987 524 2056 λόγιόν
548 2003 663 2039 σου
691 1985 864 2052 ἔζησέ
887 2001 984 2053 με,
1014 2001 1068 2037 κ.
1096 2002 1144 2038 τ.
1195 1985 1242 2038 ὲ.
1269 1983 1418 2037 Πάνυ
1451 1985 1485 2055 ἡ
1513 1984 1668 2050 ἐλπὶς

110 2077 332 2148 πέφυκεν
374 2081 431 2130 ἐν
462 2081 574 2141 τοῖς
622 2079 946 2148 πειρασμοῖς
983 2076 1318 2148 παρακαλεῖν
1357 2075 1667 2150 τὴνιψυχὴν

105 2168 412 2222 προσδοκίαν
441 2167 660 2236 ἀγαθῶν
687 2165 1022 2237 παρέχουσα.

174 2347 278 2400 Τοῦ
326 2345 529 2400 αὐτοῦ.
575 2346 772 2409 Μόνον,
819 2344 1002 2416 φησὶν,
1056 2343 1238 2398 ἱκανὸν
1279 2345 1424 2416 ἡμᾶς
1456 2345 1514 2398 ὲν
1543 2345 1668 2408 ταῖς

102 2437 363 2491 κακώσεσι
423 2436 864 2509 παραμυθεῖσθαι
919 2436 979 2490 τὸ
1026 2436 1173 2506 ζωῆς
1216 2435 1474 2508 ἀληθινῆς
1520 2435 1663 2506 ἔχειν

98 2529 440 2597 ἐπαγγελίαν.
476 2530 640 2583 Ταῦτ’
682 2525 776 2584 οὖν
818 2532 945 2603 ἡμῖν
985 2528 1313 2584 ἐπιτέλεσον.
1365 2530 1425 2582 Εἰ
1464 2529 1574 2598 γὰρ
1604 2529 1661 2582 ὲν

100 2623 164 2690 τῇ
211 2621 318 2692 ζωῇ
360 2620 529 2691 ταύτῃ
578 2622 736 2692 μόνον
777 2629 835 2674 εν
886 2620 1108 2692 Χριστῷ
1147 2621 1439 2689 ἠλπικότες
1469 2620 1656 2691 ἐσμὲν,

95 2712 434 2783 ἐλεεινότεροι
461 2713 674 2765 πάντων
699 2710 997 2783 ἀνθρώπων
1021 2714 1205 2782 ἐσμὲν,
1232 2714 1311 2765 ὅτι
1343 2713 1658 2784 κακούμεθα

90 2802 183 2855 νῦν
220 2803 310 2856 καὶ
350 2803 450 2855 ούκ
484 2802 570 2854 ἐπ’
605 2801 776 2855 ἑλπίδι
825 2801 1122 2872 μελλούσης
1154 2801 1318 2872 ζωῆς.
1369 2803 1491 2874 Ζωὴ
1534 2803 1590 2857 δὲ
1623 2803 1656 2874 ὴ

90 2891 354 2962 μέλλουσά
399 2892 544 2946 ἐστιν
588 2889 923 2956 ἀναζώωσις,
962 2890 1098 2944 καθὸ
1141 2891 1240 2962 τὴν
1288 2891 1464 2963 ψυχὴν
1516 2893 1653 2946 ἰδίαν

84 2982 249 3053 ζωὴν,
283 2981 400 3036 οὐδὲ
433 2981 604 3054 ἀληθῆ
637 2978 773 3035 εἶναι
822 2981 1183 3052 μανθάνομεν*
1237 2984 1394 3054 εἴπερ
1426 2984 1526 3036 οὐκ
1558 2986 1642 3038 ἀν-

71 3074 296 3147 ,θρωπος
325 3077 358 3146 ὴ
384 3076 548 3146 ψυχή.
582 3076 644 3128 Εἰ
686 3076 793 3147 γὰρ
836 3075 894 3128 ὲν
934 3079 1001 3146 τῇ
1047 3077 1168 3129 καθ’
1200 3077 1396 3148 ἑαυτὴν
1436 3077 1549 3150 ζωῇ
1594 3080 1655 3132 τὸ

74 3167 275 3240 ἀληθὲς
317 3163 428 3239 εἶχε
462 3167 554 3221 τοῦ
595 3167 716 3238 ζῇν,
754 3169 854 3221 οὐκ
886 3167 952 3221 ἂν
991 3167 1362 3234 ἁναζωώσεως
1397 3172 1424 3223 ό
1458 3171 1651 3243 τεθνη-

75 3259 192 3323 κὼς
239 3261 434 3314 ὲδεῖτοσ
474 3259 553 3312 διὸ
583 3261 676 3314 καὶ
717 3259 746 3311 ό
790 3260 994 3330 Κύριος
1033 3262 1161 3324 τοὺς
1207 3260 1507 3324 τεθνεῶτας
1538 3262 1654 3333 Θεῷ
1683 3235 1724 3293 C

73 3345 178 3419 ζῇν
215 3345 389 3415 εἶπεν,
423 3349 497 3412 ὡς
531 3350 684 3404 οὔπω
720 3354 780 3402 τὸ
827 3349 924 3420 ζῇν
973 3350 1216 3421 ἔχοντας,
1267 3352 1406 3423 πλὴν
1443 3355 1564 3407 ὅσον
1598 3358 1655 3410 ἐν

68 3443 300 3512 δυνάμει
349 3442 480 3496 Θεοῦ
525 3443 619 3496 τοῦ
669 3443 1122 3514 ζωοποιήσαντος,
1179 3445 1273 3498 καὶ
1319 3447 1654 3503 ἀπολωλέναι

68 3531 241 3590 φησὶν
265 3531 480 3596 αὐτοὺς,
516 3534 564 3585 εἰ
605 3532 679 3605 μὴ
709 3533 806 3604 τῆς
834 3533 1181 3599 ἀναστάσεως
1213 3534 1444 3607 τύχοιεν.

155 3723 543 3794 Ὑπερήφανοι
579 3725 971 3793 παρηνόμουν
1003 3725 1112 3792 ἕως
1147 3725 1401 3796 σφόδρα,
1437 3727 1556 3783 ἀπὸ
1583 3728 1652 3782 δὲ

58 3815 178 3872 τοῦ
229 3817 418 3886 νόμου
463 3832 578 3869 σου
619 3819 727 3870 οὐκ
756 3817 1057 3882 ἐξέκλινα,
1107 3837 1159 3872 κ.
1203 3837 1254 3873 τ.
1291 3821 1339 3872 ὲ.
1385 3821 1472 3874 Ἐν
1499 3822 1649 3893 αὐτῷ

54 3909 179 3980 γὰρ
204 3908 598 3979 ἐπολιτευόμην
626 3906 808 3978 τηρῶν
849 3910 908 3962 τὸ
937 3911 1260 3980 ἡγεμονικόν
1292 3929 1411 3982 μου,
1455 3913 1541 3966 ἵνα
1574 3913 1647 3986 μὴ

50 4002 292 4072 γένηται
326 4001 476 4072 ῥῆμα
510 4001 750 4072 κρυπτὸν
779 4003 836 4054 ὲν
869 4004 932 4072 τῇ
969 4002 1165 4073 καρδίᾳ
1213 4020 1312 4072 μου
1349 4004 1609 4075 ἀνόμημα
1633 4023 1644 4033 ·

47 4094 294 4150 ἐκείνων
322 4093 432 4161 γάρ
469 4094 589 4146 λίαν
615 4093 1096 4165 παρανομούντων,
1123 4095 1243 4148 οὐδὲ
1270 4096 1412 4150 κατά
1450 4097 1645 4168 μικρὸν

46 4186 174 4255 ἐγὼ
199 4185 294 4238 τὸν
325 4185 488 4256 νόμον
520 4187 872 4257 παρέϐαινον.

141 4300 387 4367 Ἄθυμία
413 4297 666 4366 νατέσχε
688 4315 763 4366 με
797 4297 914 4351 ἀπὸ
948 4298 1308 4367 ἁμαρτωλῶν·
1331 4299 1448 4353 τῶν
1467 4300 1644 4370 ἐγκα-

1768 2009 1876 2056 tate
1923 2019 2056 2067 mea,
2097 2001 2223 2068 quia
2255 2000 2520 2070 eloquium
2565 2007 2712 2054 tuum
2761 1999 3031 2068 vivi/icavit
3070 2016 3184 2063 me,
3227 2008 3334 2054 etc.

1768 2094 1841 2149 Ea
1879 2103 1963 2149 est
2009 2093 2232 2148 omnino
2289 2093 2399 2163 spei
2449 2101 2683 2157 natura,
2734 2101 2793 2146 ut
2839 2092 2890 2145 in
2947 2091 3336 2144 tentationihus

1767 2184 2001 2238 animam
2051 2183 2362 2240 consoletur
2380 2183 2844 2253 exspectationem
2893 2181 3160 2238 bonorum
3191 2196 3332 2252 pne-

1765 2275 1959 2330 bendo.

1834 2364 2111 2436 Ejusdem.
2143 2365 2256 2422 Hoc
2287 2366 2486 2433 solum,
2527 2365 2720 2434 inquit,
2772 2364 2906 2418 satis
2934 2369 3018 2416 est
3044 2360 3110 2416 ad
3144 2373 3242 2414 nos
3277 2359 3333 2413 in

1764 2459 2015 2514 omnibus
2044 2459 2424 2514 alllictionibus
2463 2458 2871 2520 consolandum,
2906 2455 3049 2526 quod
3085 2468 3229 2510 verre
3253 2453 3332 2509 vi-

1764 2560 1831 2603 ta:
1864 2551 2277 2619 promissionem
2309 2552 2628 2605 habeamus.
2665 2551 2789 2605 limo
2831 2550 2996 2619 igitur
3028 2547 3184 2603 nobis
3211 2561 3335 2616 per-

1762 2642 1882 2696 lice.
1923 2639 2054 2695 Nam
2092 2642 2137 2696 si
2181 2643 2234 2696 in
2262 2641 2364 2696 bac
2397 2643 2504 2695 vita
2531 2640 2702 2695 solum
2741 2640 2792 2694 in
2823 2638 3039 2694 Christo
3068 2651 3330 2707 sperave-

1763 2730 1955 2795 rimus,
1991 2731 2424 2786 miserabiliores
2459 2745 2650 2785 sumus
2693 2731 2948 2785 omnibus
2978 2727 3332 2810 _hominibus,

1759 2837 1824 2878 eo
1856 2823 1998 2892 quod
2030 2823 2192 2879 modo
2223 2823 2523 2895 aﬂligamur
2560 2830 2613 2876 et
2645 2838 2750 2876 non
2783 2837 2905 2876 cum
2942 2836 3037 2891 spe
3081 2821 3207 2875 vita:
3247 2818 3334 2873 l'u-

1760 2923 1913 2970 turae.
1949 2914 2068 2970 Vita
2116 2926 2300 2972 autem
2337 2915 2515 2969 futura
2548 2926 2633 2969 est
2663 2915 2868 2970 reditus
2910 2915 2980 2971 ad
3025 2913 3191 2968 vitam
3219 2951 3234 2977 ,
3275 2911 3329 2966 in

1758 3015 2020 3074 quantum
2047 3005 2285 3060 animam
2319 3007 2485 3060 vitam
2517 3006 2818 3076 propriam,
2855 3020 2961 3060 non
2996 3018 3182 3059 veram
3209 3017 3332 3058 esse

1757 3098 2054 3166 discimus;
2087 3098 2131 3154 si
2155 3098 2375 3168 quidem
2418 3099 2596 3153 anima
2628 3114 2733 3153 non
2765 3108 2845 3154 est
2870 3099 3054 3153 homo.
3083 3096 3139 3150 Si
3180 3095 3325 3150 enim

1762 3193 1813 3246 in
1851 3205 1950 3246 sua
1997 3191 2166 3262 ipsius
2197 3192 2310 3246 vita
2343 3192 2568 3247 haberet
2616 3192 2742 3246 vitae
2774 3191 3083 3253 veritatem,
3141 3191 3186 3246 is
3224 3189 3317 3259 qui

1759 3291 2005 3339 mortuus
2027 3292 2112 3338 est
2148 3298 2488 3354 nequaquam
2523 3298 2658 3353 Opus
2683 3283 2909 3338 haberet
2941 3283 3119 3337 reditu
3153 3283 3220 3336 ad
3247 3281 3332 3335 vi-

1759 3381 1886 3426 tam.
1923 3375 2273 3444 Quapropter
2299 3374 2466 3430 etiam
2504 3374 2766 3430 Dominus
2793 3375 3076 3430 defunctos
3106 3375 3216 3429 Deo
3245 3373 3330 3428 vi-

1755 3481 1882 3520 vere
1927 3465 2092 3532 dixit,
2151 3477 2403 3537 tanquam
2456 3468 2544 3536 qui
2598 3469 2832 3522 nondum
2867 3468 3031 3520 vitam
3070 3467 3327 3528 habeant,

1755 3558 1858 3612 nisi
1895 3560 1946 3614 in
1979 3559 2181 3612 virtute
2218 3559 2310 3615 Dei
2345 3560 2693 3624 viviﬁcantis,
2712 3561 2894 3632 aitque
2929 3559 3049 3614 illos
3079 3559 3324 3628 petiisse,

1753 3650 1855 3703 nisi
1883 3660 2161 3719 compotes
2189 3654 2321 3706 liant
2351 3654 2798 3707 resurrectionis.

1825 3742 1990 3798 Vnus.
2021 3743 2111 3798 5!.
2139 3743 2361 3812 Superbi
2405 3747 2578 3816 inique
2606 3747 2828 3816 agebant
2859 3759 3250 3816 usquequaque,
3290 3759 3323 3796 a

1750 3833 1860 3906 lege
1889 3847 2063 3889 autent
2102 3847 2193 3891 tua
2232 3855 2335 3893 non
2370 3839 2653 3905 declinavi,
2693 3849 2802 3896 etc.
2841 3838 2896 3892 In
2926 3839 3042 3908 ipsa
3085 3839 3230 3892 enim
3258 3851 3324 3890 ea
3409 3887 3421 3898 ,

1751 3937 1871 3982 erat
1917 3929 2043 3984 vitae
2091 3945 2236 3997 mea:
2279 3933 2418 3987 ratio
2471 3942 2530 3988 ut
2593 3933 2923 3990 custodirem
2985 3930 3316 3986 intellectum

1751 4033 1952 4083 meum,
1989 4037 2054 4076 ne
2088 4037 2194 4093 qua
2230 4035 2375 4080 esset
2408 4025 2461 4080 in
2495 4027 2660 4082 corde
2712 4041 2836 4081 meo
2869 4025 3075 4081 occulta
3120 4020 3321 4090 iniqui-

1750 4122 1854 4166 tas.
1889 4114 1998 4169 lllis
2026 4116 2170 4170 enim
2219 4132 2477 4188 perquam
2535 4117 2721 4190 inique
2756 4117 3062 4188 agentibus,
3098 4129 3164 4170 ne
3196 4121 3320 4168 tan-

1749 4205 1923 4260 tillum
1961 4208 2178 4276 quidem
2211 4207 2384 4280 legem
2407 4209 2625 4266 violavi.

1819 4297 1979 4353 Vsus.
2012 4297 2101 4354 53.
2134 4297 2371 4368 Deiectio
2408 4302 2574 4354 tenuit
2601 4316 2683 4354 me
2711 4316 2807 4368 pro
2839 4297 3200 4368 peccatoribus
3229 4297 3319 4347 de-

37 4393 562 4460 τίιλιμπανόντων
587 4389 693 4443 τὸν
723 4392 912 4457 νόμον
947 4407 1082 4456 σου,
1111 4409 1164 4444 κ.
1197 4410 1248 4445 τ.
1278 4393 1324 4445 ὲ.
1375 4393 1497 4446 Ἐπὶ
1534 4394 1642 4446 τῶν

1769 4389 2157 4461 ἐιίιιᾳιιεηιὶίηω
2207 4391 2369 4462 legem
2421 4403 2610 4458 tuane,
2643 4400 2748 4446 etc.
2804 4392 2949 4444 Inter
3003 4397 3317 4460 peccatores

34 4477 406 4550 ἁμαρτωλῶν
448 4481 494 4531 οί
548 4478 644 4548 μὲν
690 4477 903 4546 ἀνόμως
949 4480 1339 4549 ἁμαρτάνουσι,
1381 4480 1460 4551 τῷ
1507 4482 1641 4553 μηδὲ

1769 4481 1834 4535 dii
1867 4483 2086 4550 quidem
2135 4483 2254 4539 sine
2287 4484 2404 4554 lege
2455 4495 2725 4552 peccant,
2780 4483 2924 4553 quod
2965 4480 3188 4537 omnino
3240 4479 3318 4534 le-

27 4571 148 4643 τὴν
201 4571 382 4642 ἀρχὴν
415 4569 738 4642 πειραθῆναι
779 4570 993 4640 νόμων·
1041 4572 1090 4623 oi
1136 4571 1191 4624 δὲ
1243 4574 1302 4626 ὲν
1349 4572 1518 4643 νόμῳ,
1563 4572 1640 4644 τῷ

1769 4589 1871 4640 {um
1914 4585 2167 4645 expertes
2196 4574 2398 4631 fuerint
2427 4591 2443 4642 ;
2479 4574 2571 4629 alii
2603 4589 2736 4631 vero
2767 4575 2818 4628 in
2857 4574 2994 4642 lege,
3032 4571 3178 4627 illam
3207 4572 3320 4628 vio-

24 4663 424 4730 παραϐαίνειν
456 4662 636 4715 αὐτόν.

1769 4668 1927 4719 ando.

124 4755 349 4808 Ψαλτὰ
391 4751 553 4824 ἦσάν
590 4772 690 4823 μοι
722 4755 794 4808 τὰ
831 4753 1188 4824 δικαιώματά
1220 4772 1356 4820 σου,
1386 4758 1456 4810 ἐν
1485 4759 1646 4830 τόπῳ

1824 4757 1990 4816 Vsus.
2037 4758 2126 4813 54.
2169 4759 2473 4814 ςαηιαὺὶίεε
2525 4759 2656 4814 mihi
2712 4767 2857 4813 erant
2905 4757 3317 4827 justiﬁeationes

19 4847 374 4915 παροικίας
401 4865 542 4915 μου,
581 4864 634 4900 κ.
670 4865 720 4899 τ.
768 4849 813 4900 ἑ.
850 4850 1025 4903 Τόπον
1067 4850 1356 4920 παροικίας
1385 4851 1476 4904 τὸν
1507 4870 1646 4923 παρ-

1769 4867 1850 4905 ιιω
1879 4851 1931 4904 in
1971 4850 2086 4905 loco
2121 4852 2562 4922 peregrinationis
2605 4867 2751 4914 mete,
2780 4859 2888 4906 etc.
2920 4848 3122 4904 Locum
3161 4863 3318 4914 pere-

19 4938 170 4990 έντα
226 4935 347 5004 βίον
395 4935 546 5007 φησὶ,
593 4937 734 4990 κατά
780 4937 863 5000 τὸ,
923 4959 939 4990 ι
1013 4940 1517 5012 Ὀμολογήσαντες,
1562 4945 1642 4998 ὅτι

1769 4942 2069 5002 :rinationis
2111 4943 2349 5012 appellat
2399 4943 2568 4996 vitam
2627 4951 2993 5012 praesentem,
3046 4941 3197 5010 juxta
3245 4937 3313 4992 il-

19 5028 187 5092 ξὲνοι
223 5027 325 5079 καὶ
357 5027 726 5098 παρεπίδημοί
757 5031 894 5082 εἰσιν
940 5031 1032 5084 ἐπὶ
1058 5032 1154 5102 τῆς
1186 5035 1308 5103 γῆς.
1350 5053 1368 5086 ι
1409 5036 1464 5087 Ψ
1468 5034 1641 5091 ἀλλων

1769 5033 1832 5086 nd
1882 5033 1976 5086 ³³ι
2019 5051 2038 5085 ι
2093 5033 2427 5088 Contitentes
2465 5035 2592 5104 quia
2641 5034 2915 5106 peregrini
2967 5043 3024 5087 ct
3075 5030 3316 5100 hospites

19 5117 126 5173 οὖν
156 5118 233 5171 τὰ
264 5118 616 5188 δικαιώματά
647 5137 738 5173 σου
769 5122 1167 5195 ηὐφραινόμην,
1196 5126 1345 5199 καὶὴ
1378 5126 1644 5200 ἐπιθυμία

1769 5133 1864 5176 uut
1907 5136 2074 5192 super
2106 5134 2334 5179 terram.
2380 5143 2400 5176 ι
2449 5125 2694 5181 Psallens
2724 5127 2908 5195 itaque
2961 5119 3309 5191 iustiﬁcatio-

19 5212 131 5280 τῆς
169 5210 408 5282 ἐντολῆς
445 5211 565 5265 οὐδὲ
589 5211 668 5283 τῷ
700 5211 852 5286 ὕπνῳ
878 5213 1062 5287 χώραν
1093 5199 1286 5271 ἐδίδου.
1551 5199 1555 5200 ν

1769 5229 1836 5270 les
1880 5225 2017 5278 tuus,
2072 5217 2404 5286 recreabar,
2470 5227 2525 5273 et
2575 5218 2814 5273 mandati
2861 5214 3191 5272 desiderium
3243 5226 3313 5270 ne

1735 5326 1928 5368 somno
1961 5313 2180 5382 quidem
2218 5315 2392 5369 locum
2432 5316 2618 5373 dabat.

1813 5403 1979 5457 Vsus.
2015 5403 2107 5460 55.
2160 5401 2365 5458 Memor
2401 5405 2482 5474 {ui
2515 5406 2569 5459 in
2613 5412 2763 5460 nocte
2789 5402 3020 5458 nominis
3067 5403 3167 5464 tui,
3195 5405 3307 5455 etc.

1738 5492 1896 5550 Omni
1943 5495 2162 5565 quidem
2225 5505 2468 5567 tempore
2521 5497 2828 5568 indigemus
2876 5495 3139 5550 memoria
3195 5491 3313 5548 elo-

1736 5587 1988 5658 quiorum
2029 5588 2146 5655 Dei,
2185 5591 2418 5646 maxime
2466 5606 2598 5646 vero
2642 5606 2767 5646 cum
2819 5589 3058 5644 tenebrze
3109 5588 3163 5642 in
3197 5586 3308 5640 ciro

1737 5680 1883 5734 cuitu
1919 5695 2038 5737 meo
2069 5692 2223 5748 sunt,
2249 5694 2304 5739 et
2347 5683 2486 5738 muri
2523 5697 2610 5738 me
2637 5688 2956 5753 contegunt,
2979 5680 3197 5751 quando
3223 5678 3306 5734 in-

1737 5772 1880 5844 gruit
1915 5761 2124 5844 itnpura
2162 5776 2705 5848 concupiscentia,et
2746 5774 3078 5847 superiorem
3111 5771 3303 5828 animus

114 5388 492 5458 Ἐμνήσθην
518 5389 589 5443 ἐν
613 5393 784 5446 νυκτὶ
810 5391 916 5447 τοῦ
942 5395 1235 5466 ὀνόματός
1260 5413 1398 5463 σου,
1426 5416 1481 5452 κ.
1510 5415 1562 5452 τ.
1587 5399 1636 5454 ἑ.

21 5482 214 5537 flave].
253 5481 364 5552 μὲν
400 5481 576 5552 καιρῷ
611 5481 882 5555 χρῄζομεν
905 5485 1008 5556 τῆς
1047 5489 1266 5560 μνήμης
1303 5489 1410 5544 τῶν
1442 5489 1638 5559 λογίων

21 5572 118 5628 τοῦ
161 5571 344 5635 Θεοῦ,
387 5573 621 5644 μάλιστα
663 5574 720 5626 δὲ
747 5575 835 5628 ὅτε
871 5577 1059 5642 σκότος
1091 5579 1276 5651 κύκλῳ
1308 5599 1431 5652 μου,
1461 5583 1554 5636 καὶ
1586 5583 1636 5635 οἱ

21 5659 205 5731 τοῖχοι
257 5678 335 5731 με
372 5661 754 5729 καλύπτουσιν,
792 5667 882 5722 ὅτε
923 5668 1228 5741 εἰσέρχεται
1262 5673 1296 5744 ἡ
1327 5674 1638 5746 ἀκάθαρτος

31 5751 340 5816 πιθυαία,
395 5754 490 5808 καὶ
532 5757 792 5830 ταράσσει
845 5759 905 5815 τὸ
947 5763 1294 5834 ἡγεμονικόν.
1348 5767 1480 5822 Τότε
1527 5768 1636 5842 γὰρ

79 5871 136 5904 ³³
172 5870 370 5930 Hebr.
399 5889 478 5940 XI,
509 5875 594 5931 i3.
