3800 6502
89 310 199 365 i601

965 304 1269 362 SELEC'I‘A
1303 302 1370 358 IN
1405 299 1743 357 PSALMOS.
1776 332 1844 344 --
1882 302 2076 359 PSAL.
2103 300 2335 359 CXVIII.

3161 298 3301 357 1602

86 424 143 498 ἦν
169 429 244 480 ὅτε
278 426 365 480 οὐκ
393 420 459 498 ἦν
490 424 671 498 τυρὸς,
709 425 881 489 οὕτως
920 426 967 479 οί
1008 425 1260 496 δαιμονες
1298 418 1439 494 ἦσαν
1466 437 1618 487 ποτε,

1745 420 1945 473 nodum
1996 435 2186 478 caseus
2228 427 2368 485 erat,
2400 416 2618 488 quando
2653 430 2761 473 non
2795 425 2914 474 erat
2953 431 3171 483 caseus,
3222 420 3299 473 sic

84 521 158 572 ὅτε
188 519 273 572 οὐκ
305 514 436 589 ἦσαν
470 518 717 591 πονηροί.
749 520 812 572 Εἰ
853 519 909 572 δὲ
962 518 1023 570 τὸ
1064 517 1204 587 γάλα
1250 515 1619 589 πρεσϐύτερόν

82 610 183 663 ὲπι
226 610 308 664 τοῦ
339 611 523 682 τυροῦ,
569 611 807 681 δηλονότι
852 612 944 663 καὶ
985 613 1017 681 ὴ
1061 611 1228 681 ἀρετὴ
1280 607 1622 683 πρεσϐυτέρα

79 705 167 775 τῆς
196 704 374 769 κακίας
403 704 568 759 ἐστίν·
605 704 757 777 τυρῷ
786 705 894 775 γὰρ
928 704 1091 759 Δαυῖδ
1114 704 1213 777 τὴν
1244 705 1442 758 κακίαν
1467 703 1625 757 ἀπεί-

81 813 143 849 κα
154 812 249 853 σεν.

159 889 373 958 Ἆγαθόν
390 907 492 958 μοι
520 889 608 942 ὅτι
638 889 1045 957 ἐταπείνωσάς
1061 908 1155 959 με,
1184 890 1341 956 ὅπως
1370 890 1447 944 ἂν
1459 889 1626 959 μάθω

82 982 151 1038 τὰ
178 980 517 1053 δικαιώματά
543 997 680 1046 σου,
714 1002 769 1037 κ.
802 1002 851 1037 τ.
889 985 934 1037 ὲ.
982 984 1125 1037 Ὠσεὶ
1155 983 1358 1052 ἔλεγεν
1405 983 1626 1037 Εύδοκῶ

82 1074 137 1129 ἑν
158 1074 459 1143 ἀσθενείαις,
487 1077 544 1129 ὲν
569 1076 811 1148 ὕϐρεσιν,
843 1079 899 1132 ἐν
933 1078 1219 1146 ἀνάγκαις,
1258 1078 1315 1131 ὲν
1344 1077 1622 1148 διωγμοῖς,

85 1170 137 1220 ὲν
162 1169 539 1239 στενοχωρίαις.
580 1167 761 1234 Ἄξιος
787 1168 1018 1241 ὀφθῆναι
1050 1170 1158 1224 τῶν
1186 1170 1292 1223 σῶν
1324 1170 1626 1241 δικαιωμά-

82 1280 179 1317 των
201 1262 340 1328 αίτῶ,
375 1262 518 1334 ἅπερ
544 1263 643 1315 οὐκ
673 1261 817 1315 ἔστιν
843 1262 1015 1327 ἄλλως
1043 1263 1253 1335 μαθεῖν.

138 1438 630 1505 Αίσχυνθήτωσαν
671 1440 1066 1509 ὑπερήφανοι,
1109 1439 1199 1494 ὅτι
1227 1440 1443 1506 ἀδίκως
1484 1440 1626 1509 ἡνό-

73 1547 267 1600 μησαν
285 1534 367 1608 είς
395 1533 520 1602 ἐμὲ,
550 1552 603 1588 κ.
635 1551 685 1587 τ.
725 1536 772 1589 ἑ.
817 1535 881 1588 Ἠ
904 1534 1133 1605 αίσχύνη
1168 1535 1246 1597 εις
1276 1533 1629 1603 συναίσθησιν

78 1622 303 1692 πέφυκεν
329 1623 481 1691 ἄγειν
513 1624 602 1678 τὸν
626 1625 1028 1696 ἁμαρτάνοντα.

156 1715 702 1784 Ἐπιστρεψάτωσάν
744 1735 845 1786 μοι
912 1719 968 1771 οἱ
1010 1715 1368 1787 φοϐούμενοί
1403 1728 1477 1769 σε
1529 1714 1625 1770 καὶ

1728 512 2002 567 «Ιιηιιιοηεε
2041 512 2333 581 aliquando
2361 519 2539 579 erant,
2570 510 2787 580 quando
2812 525 2919 566 non
2942 520 3106 565 erant
3143 511 3295 567 mali.

1727 602 1782 656 Si
1816 617 1945 656 vero
1971 602 2053 656 lac
2081 603 2357 671 antiquius
2384 611 2467 657 est
2500 616 2693 666 caseo,
2726 602 2802 657 ita
2825 601 3078 657 videlicet
3099 610 3156 657 et
3187 601 3297 655 vir.

1730 703 1817 750 tus
1845 694 2121 763 antiquior
2154 703 2239 749 est
2286 693 2517 749 malitia.
2551 692 2723 750 Cnseo
2766 695 2907 749 enim
2945 693 3112 749 David
3138 693 3299 749 mali-

1730 788 1857 840 tiam
1886 784 2233 841 assimilavil.

1800 876 1966 933 Vens.
1995 874 2081 933 7i.
2112 874 2320 929 Bonum
2345 874 2473 928 mihi
2503 876 2627 945 quia
2655 877 2951 933 humilitati
2976 894 3055 933 me
3082 917 3098 945 ,
3123 887 3179 933 ut
3214 879 3298 934 di-

1728 987 1869 1026 scam
1895 968 2307 1039 justiﬁratioues
2352 982 2495 1033 tuas,
2523 980 2630 1026 etc.
2660 970 2826 1037 Quasi
2854 972 3058 1026 diceret
3089 989 3102 1025 :
3135 971 3302 1027 Com-

1728 1060 1915 1131 placeo
1946 1059 2076 1113 mihi
2108 1059 2161 1113 iu
2191 1058 2619 1121 inﬁrmitatibus,
2645 1061 2698 1114 in
2736 1062 3171 1127 contumeliisﬂn
3204 1076 3274 1118 ne

1728 1151 2099 1215 cessitatibus,
2136 1150 2188 1204 in
2212 1152 2699 1221 persecutionlbus,
2729 1150 2895 1224 θυι
2926 1152 2978 1205 in
3008 1152 3293 1222 angustiis.

1728 1243 1926 1299 Precor
1962 1253 2019 1297 ut
2054 1243 2159 1298 tuis
2209 1256 2499 1312 appaream
2534 1241 2728 1309 dignus
2774 1241 3293 1309 iustiﬁcationibus,

1729 1351 1863 1408 quas
1890 1337 2111 1406 quidem
2150 1350 2254 1390 non
2280 1335 2439 1388 aliter
2474 1333 2682 1388 discere
2714 1343 2814 1389 est.

1797 1430 1962 1486 Vens.
1991 1429 2079 1484 78.
2121 1428 2531 1498 Coufundantur
2560 1430 2789 1496 superbi,
2822 1429 2947 1497 quia
2977 1428 3168 1498 injuste
3193 1430 3300 1483 iui-

1728 1527 1983 1595 quitatem
2024 1523 2258 1588 [ecerunt
2311 1523 2366 1576 in
2396 1538 2497 1585 nte,
2548 1532 2655 1575 etc.
2688 1520 2948 1576 Conlusio
2976 1531 3298 1591 peccantem

1732 1616 1797 1670 ad
1834 1615 1917 1670 sui
1950 1630 2168 1669 sensum
2199 1614 2336 1669 solet
2361 1614 2653 1668 adducere.

1807 1709 1969 1764 Vnus.
1996 1707 2083 1762 79.
2130 1707 2517 1761 Convertantur
2559 1704 2686 1758 nti/ti
2742 1705 2981 1759 timentes
3014 1713 3086 1769 te,
3126 1713 3174 1758 et
3209 1706 3299 1774 qui

75 1807 128 1858 οἱ
164 1807 541 1876 γινώσκοντες
575 1809 646 1862 τὰ
689 1806 983 1877 μαρτύριά
1016 1825 1152 1874 σου,
1186 1827 1239 1863 κ.
1291 1828 1340 1862 τ.
1374 1811 1421 1863 ἑ.
1479 1810 1622 1862 Ἐπι-

1745 1809 1986 1852 nouerunt
2016 1798 2317 1852 testimonia
2354 1805 2444 1849 tua
2475 1836 2490 1862 ,
2534 1804 2644 1849 etc.
2680 1794 2778 1861 Qui
2813 1795 3076 1863 ejusmodi
3124 1805 3251 1850 sunt
3282 1834 3299 1860 ,

76 1897 285 1969 στρέψαι
313 1902 451 1971 ’πρὸς
469 1902 629 1955 αὐτὸν
656 1902 749 1955 καὶ
779 1901 1182 1974 παραγενέσθαι
1208 1903 1333 1967 τοὺς
1357 1901 1627 1966 τοιούτους

72 1992 222 2053 αἰτεῖ,
250 1989 319 2053 ὡς
342 1990 407 2043 ἂν
436 1991 619 2055 αὐτοῖς
640 1992 739 2063 τῆς
766 1994 824 2045 ὲν
851 1992 998 2063 αύτῷ
1027 1992 1278 2066 μεταδοίη
1315 1993 1553 2063 χάριτος.

138 2080 440 2149 Γενηθήτω
468 2083 507 2151 ὴ
559 2082 773 2148 καρδία
821 2101 940 2153 μου
989 2082 1227 2153 ἄμωμος
1270 2084 1339 2139 ἐν
1370 2083 1492 2151 τοῖς
1539 2083 1627 2137 δι-

69 2174 346 2244 καιώμασί
378 2189 515 2239 σου,
556 2174 714 2241 ὅπως
753 2174 831 2229 ἂν
863 2175 949 2243 μὴ
1002 2176 1328 2245 αίσχυνθῶ,
1378 2195 1430 2229 κ.
1475 2194 1524 2229 τ.
1578 2178 1624 2232 ἐ.

83 2266 166 2328 Ὧς
201 2266 356 2337 μήπω
386 2266 525 2336 ἔχων
559 2269 706 2320 αίτεῖ
734 2266 873 2321 κατά
900 2267 982 2330 τὸ,
1029 2286 1047 2319 ι
1106 2268 1345 2339 Καρδίαν
1384 2268 1628 2338 καθαρὰν

68 2359 243 2413 κτίσον
270 2362 323 2412 ὲν
356 2362 498 2431 ἐμοὶ,
523 2362 551 2413 ὁ
578 2360 728 2424 Θεὸς.
767 2379 785 2412 ι
818 2362 927 2414 Καὶ
960 2362 1077 2425 πῶς
1114 2379 1132 2413 ι
1166 2361 1393 2432 ἄμωμος
1424 2382 1443 2414 ι
1477 2362 1628 2415 ἔσται

63 2451 101 2521 ἢ
137 2452 269 2505 κατά
312 2454 436 2516 τοὺς
477 2453 693 2516 λοιποὺς
741 2472 758 2504 ι
797 2454 1008 2519 τελεία;
1053 2473 1069 2504 ι
1135 2456 1463 2528 Ἐπήγαγεν,
1517 2473 1534 2506 t
1571 2457 1629 2508 ὲν

66 2546 178 2607 τοῖς
205 2544 527 2615 δικαιώμασί
562 2562 674 2599 σου.
714 2566 733 2599 ι
766 2548 952 2618 Τούτῳ
979 2548 1033 2601 δὲ
1059 2548 1120 2601 τὸ
1155 2549 1227 2619 μὴ
1275 2548 1629 2619 αἰσχυνθῆναι

65 2634 360 2689 ἀκολουθεῖ·
386 2637 648 2708 αἰσχύνης
671 2638 779 2708 γὰρ
807 2636 953 2705 ἄξιον
981 2641 1087 2693 πᾶν
1118 2640 1420 2711 ἁμάρτημα
1445 2681 1458 2693 .

148 2807 455 2872 Ἐξέλιπον
481 2812 534 2863 οι
560 2810 857 2880 ὀφθαλμοί
877 2829 996 2879 μου
1026 2814 1114 2879 εἰς
1152 2813 1217 2866 τὸ
1240 2815 1450 2883 λόγιόν
1486 2831 1623 2883 σου,

53 2898 353 2967 λέγοντες·
402 2902 552 2955 Πότε
592 2901 1031 2970 παρακαλέσας
1052 2920 1163 2972 με;
1195 2922 1248 2958 κ.
1277 2922 1327 2957 τ.
1360 2908 1405 2958 ὲ.
1446 2907 1629 2979 Παράμ-

53 2992 247 3063 κλησίς
278 2995 423 3047 ὲστιν
446 2996 479 3064 ή
514 2994 815 3059 ἀνάπαυσις
836 2995 1011 3067 ψυχῆς
1040 2997 1147 3050 ἀπὸ
1170 2997 1367 3052 πόνων.

132 3084 246 3137 Ὅτι
276 3085 570 3154 ἐγενήθην
598 3087 678 3152 ὠς
701 3087 892 3152 ἀσκὸς
920 3088 991 3139 ἐν
1020 3088 1241 3157 πάχνη,
1272 3106 1327 3143 κ.
1364 3108 1417 3143 τ.
1452 3092 1496 3144 ὲ.
1523 3092 1627 3145 Εὐ-

49 3176 244 3248 ρήσεις
294 3177 561 3249 πολλαχοῦ
600 3180 700 3250 τῆς
751 3181 985 3250 Γραφῆς,
1024 3181 1519 3253 τροπολογουμενον
1564 3184 1626 3238 τὸ

44 3268 216 3339 σῶμα
236 3270 315 3332 εἰς
338 3271 523 3325 ἀσκόν.
557 3273 622 3323 Ὃ
646 3267 739 3324 οὖν
761 3271 906 3339 λέγει
930 3274 957 3324 ὁ
980 3272 1182 3335 δίκαιος
1198 3272 1433 3328 τοιοῦτόν
1458 3278 1622 3329 ἐστιν’

57 3362 376 3433 Ἐνέκρωσά
403 3380 502 3433 μου
530 3360 598 3415 τὰ
631 3362 767 3433 μέλη
799 3364 890 3415 ἐπὶ
920 3364 1021 3433 τῆς
1043 3365 1165 3435 γῆς·
1189 3365 1288 3436 τὴν
1318 3366 1628 3438 θερμότητα

32 3454 146 3506 τοῦ
182 3453 431 3525 σώματος
471 3454 641 3525 ἔψυξα
678 3456 757 3526 τῷ
789 3455 916 3527 θείῳ
946 3457 1109 3528 λόγῳ·
1140 3459 1320 3511 οὐκέτι
1353 3461 1468 3530 εἰμὶ
1502 3460 1627 3533 θερ-

33 3547 154 3615 μὸς
193 3548 330 3619 πρὸς
374 3546 551 3619 ὄρεξιν
594 3548 701 3601 τῶν
749 3550 890 3603 κατὰ
940 3549 1036 3622 τὴν
1077 3551 1349 3625 κοιλίανῆ
1397 3552 1533 3625 πρὸς
1559 3554 1629 3608 τὰ

29 3638 364 3709 σωματικὼ
382 3639 660 3699 ἐνέκρωσα
685 3642 779 3694 καὶ
804 3641 974 3712 ἐψυξα
1000 3642 1071 3697 τὰ
1099 3643 1234 3717 μέλη
1263 3645 1355 3699 ἐπὶ
1378 3645 1475 3718 τῆς
1500 3646 1626 3715 γῆς,

1733 1905 1827 1944 eos
1857 1890 1923 1945 ad
1970 1904 2029 1945 se
2073 1889 2313 1944 converti
2344 1897 2399 1942 et
2436 1887 2699 1943 accedere
2748 1888 2908 1954 petit,
2954 1895 3011 1939 ιιι
3034 1901 3152 1941 eam
3176 1902 3299 1956 qua:

1732 1983 1831 2039 sibi
1864 1983 2024 2047 inest,
2057 1982 2285 2052 gratiam
2317 1996 2440 2036 cum
2472 1980 2603 2050 ipsis
2629 1980 3013 2035 communicet.

1796 2075 1962 2131 Vens.
1990 2077 2079 2132 80.
2114 2073 2240 2128 Fiat
2267 2089 2357 2127 cor
2386 2089 2557 2126 meum
2581 2072 2977 2126 immaculatum
3006 2072 3061 2124 in
3094 2070 3300 2141 justiﬁ-

1729 2166 2024 2223 eatiouibus
2055 2165 2241 2226 tuismt
2272 2177 2374 2216 non
2401 2160 2719 2230 confundar,
2752 2169 2866 2215 etc.
2896 2158 3179 2229 Tanquam
3207 2158 3298 2227 qui

1731 2260 1971 2314 nomium
2002 2258 2130 2313 illud
2164 2256 2381 2320 habeat,
2426 2253 2881 2322 precatur,juxta
2916 2251 3092 2306 illud:
3134 2268 3153 2302 ι
3194 2248 3301 2305 Cor

1731 2354 1987 2409 mundum
2023 2366 2146 2406 crca
2176 2349 2230 2404 iu
2263 2363 2369 2412 me,
2400 2347 2539 2400 Deus
2566 2346 2631 2399 ³⁵.
2669 2365 2686 2397 ι
2729 2345 2796 2401 Et
2827 2345 3100 2414 quomodo
3135 2362 3153 2396 ι
3192 2344 3300 2398 int--

1731 2442 2066 2498 maculatum
2120 2459 2140 2492 ι
2185 2439 2315 2502 erit,
2348 2438 2430 2493 vel
2470 2439 2626 2507 juxta
2674 2437 2911 2506 reliquos
2942 2438 3297 2506 interpretes,

1735 2552 1755 2586 ι
1821 2531 2176 2604 perfectura?
2240 2549 2259 2583 ο
2309 2528 2575 2593 Addidit,
2630 2546 2649 2579 ι
2716 2527 2771 2581 in
2820 2523 3301 2596 justiﬁcationibus

1734 2625 1862 2680 tuis.
1918 2642 1936 2675 ι
1994 2623 2132 2678 Hinc
2175 2624 2236 2676 lit
2283 2631 2341 2676 ut
2370 2619 2613 2675 confusio
2646 2634 2752 2675 non
2785 2628 3065 2689 sequatur.
3101 2618 3304 2674 Confu-

1730 2719 1881 2772 sioue
1913 2718 2055 2771 enim
2084 2716 2303 2785 dignum
2336 2723 2420 2770 est
2454 2729 2615 2768 omne
2649 2722 2932 2784 peccatum

1801 2809 1965 2864 Vsus.
1998 2807 2089 2864 82.
2133 2806 2445 2875 Defecerunt
2479 2806 2615 2860 oculi
2642 2806 2742 2859 mei
2768 2807 2822 2860 in
2859 2804 3123 2871 eloquium
3148 2813 3296 2857 tuum

1730 2901 1985 2963 dicentes,
2006 2899 2234 2966 Quando
2262 2898 2616 2953 consolaberis
2645 2915 2724 2952 me
2754 2899 2777 2953 ?
2828 2906 2935 2953 etc.
2985 2895 3300 2953 Consolatio

1731 3004 1815 3048 est
1845 2992 2059 3061 requies
2085 2993 2280 3044 animze
2303 3006 2331 3043 a
2365 2991 2661 3046 laboribus.
2865 3048 2871 3055 ,

1808 3088 1973 3142 Vnus.
2000 3086 2089 3141 85.
2123 3084 2262 3151 Quia
2297 3085 2471 3153 factus
2510 3100 2626 3137 sum
2660 3084 2793 3136 sicut
2833 3093 2948 3135 uter
2978 3082 3033 3135 in
3064 3082 3258 3148 pruina
3279 3118 3299 3147 ,

1728 3191 1835 3238 etc.
1866 3180 2112 3235 Invenies
2142 3178 2456 3247 frequenter
2504 3176 2555 3229 in
2604 3176 2892 3243 Scriptura
2935 3174 3144 3243 tr0pice
3171 3189 3299 3228 cor-

1728 3289 1828 3344 pus
1851 3273 1955 3327 dici
1986 3280 2183 3325 utrem.
2215 3270 2368 3337 Quod
2394 3269 2559 3339 igitur
2583 3267 2671 3323 hic
2699 3267 2879 3337 justus
2906 3266 3003 3330 ait,
3030 3276 3115 3320 est
3148 3263 3300 3333 eius-

1729 3365 1872 3421 modi
1911 3381 1924 3417 :
1975 3360 2293 3418 Mortilicavi
2344 3359 2582 3414 membra
2630 3374 2745 3412 mea
2774 3398 2791 3425 ,
2822 3374 2940 3427 qua:
2986 3367 3113 3411 sunt
3139 3371 3302 3425 super

1731 3469 1933 3513 terram
1964 3472 1977 3521 ;
2012 3454 2259 3524 corporis
2283 3452 2519 3507 calorem
2560 3451 2743 3503 divino
2795 3450 2961 3503 verbo
3014 3448 3303 3517 refrigera-

1729 3553 1814 3619 vi;
1855 3568 1960 3605 non
1992 3550 2226 3619 amplius
2260 3548 2414 3602 caleo
2468 3543 2534 3597 ad
2583 3542 2827 3603 ventris.
2874 3540 2959 3594 vel
2993 3540 3059 3593 ad
3116 3553 3298 3593 rerum

1728 3645 2037 3700 carnalium
2098 3641 2435 3713 appetitum;
2486 3634 2813 3690 mortiﬁcavi
2875 3641 2931 3686 et
2982 3629 3300 3700 refrigerari

1731 3740 1972 3794 membra
2012 3750 2130 3790 mea
2162 3747 2282 3805 qua:
2306 3741 2430 3787 sunt
2458 3744 2621 3798 super
2657 3738 2877 3782 terram.

119 3821 314 3874 Πόσαι
345 3823 505 3877 εἰσὶν
536 3826 596 3878 αἱ
636 3824 849 3893 ἡμέραι
888 3825 994 3880 τοῦ
1023 3824 1248 3881 δούλου
1286 3844 1439 3891 σου;
1484 3830 1622 3883 πότε

1802 3831 1964 3885 Vens.
1998 3827 2088 3882 84-.
2122 3826 2264 3891 Quot
2288 3832 2407 3879 sunt
2433 3822 2542 3875 dies
2573 3819 2707 3874 servi
2734 3818 2813 3871 lui
2842 3819 2867 3873 ?
2892 3814 3104 3887 quando
3137 3812 3298 3882 [acies

17 3912 323 3980 ποιήσεις
340 3933 439 3984 μοι
460 3917 527 3969 ἐκ
562 3917 679 3970 τῶν
703 3902 1038 3973 διωκόντων
1059 3937 1137 3988 με
1159 3921 1381 3988 κρίσιν,
1419 3939 1472 3974 κ.
1496 3938 1547 3974 τ.
1577 3924 1622 3976 ὲ.

1745 3924 1792 3977 le
1840 3917 2272 3991 persequentibus
2320 3929 2402 3968 me
2443 3911 2759 3982 judicium?
2799 3920 2905 3964 etc.
2936 3904 3105 3961 Pauci
3152 3904 3298 3958 enim

30 4005 270 4074 Ὃλίγαι
300 4007 407 4079 γὰρ
444 4011 499 4061 αί
532 4009 638 4063 τῶν
670 4012 972 4083 ἀνθρώπων
1003 4013 1209 4084 ἡμέραι
1249 4012 1342 4066 ἐπὶ
1374 4013 1473 4083 τῆς
1501 4014 1622 4084 γῆς,

1748 4016 2011 4070 nominum
2043 4015 2162 4068 dies
2198 4020 2325 4073 sunt
2347 4023 2511 4078 super
2540 4016 2760 4064 terram,
2793 4003 2847 4056 in
2876 3999 3074 4069 quibus
3104 4009 3296 4065 preca-

17 4099 98 4152 ὲν
132 4093 224 4163 αἷς
254 4100 471 4171 εὔχεται
498 4104 705 4174 ταχέως
739 4106 1086 4178 συντριϐῆναι
1119 4107 1209 4161 τὸν
1238 4106 1481 4160 Σατανᾶν
1522 4107 1622 4161 ὑπὸ

1745 4127 1819 4166 .ur
1850 4110 2107 4165 Satanam
2140 4107 2251 4163 cito
2284 4103 2496 4162 conteri
2529 4103 2629 4157 sub
2654 4097 2879 4172 pedibus
2923 4095 3061 4165 ejus.

17 4193 171 4256 cui);
204 4194 373 4259 πόδας
396 4196 581 4251 αὐτοῦ.

117 4287 235 4341 Τοῦ
274 4289 481 4344 αὐτοῦ.
516 4292 695 4345 Πᾶσαι
720 4291 1244 4365 ἀνθρὼωνὴμέραι
1259 4292 1436 4362 ὀλίγαι
1465 4291 1623 4347 εἰσίν.

18 4379 209 4432 Ἐπει
237 4374 335 4433 οὖν
363 4381 541 4450 ὀλίγον
583 4384 773 4455 χρόνον
805 4363 883 4449 ζῶ
912 4385 1004 4439 ὲπι
1032 4363 1164 4457 γῆς
1201 4386 1459 4457 βούλομαι
1497 4386 1622 4439 ἰδεῖν

1748 4382 1893 4454 gitur
1923 4383 2117 4453 exiguo
2150 4389 2394 4449 tempore
2438 4377 2615 4431 vivam
2651 4384 2827 4441 supra:
2866 4378 3068 4423 terram
3092 4405 3110 4427 ,
3135 4363 3298 4433 cupio

17 4473 168 4537 τοὺς
206 4474 648 4539 καταδιώκοντάς
681 4493 748 4547 με
778 4479 1151 4549 κρινομένους,
1189 4479 1282 4533 καὶ
1319 4477 1622 4550 παρακαλῶ

1745 4480 1913 4533 ridere
1949 4485 2329 4548 persecutores
2360 4484 2509 4525 meos
2536 4467 2832 4537 iudicatos,
2869 4470 2924 4515 et
2971 4472 3101 4529 rogo
3146 4464 3198 4511 te
3227 4469 3296 4550 ne

17 4582 91 4618 re:
136 4563 217 4636 μὴ
251 4565 609 4636 ὑπερθέσθαι.
643 4568 800 4632 Τίνες
825 4569 881 4622 δέ
911 4547 1049 4624 είσιν
1073 4572 1121 4624 οἱ
1151 4570 1282 4641 περὶ
1301 4562 1376 4624 ὧν
1401 4547 1622 4640 ἐὔχεται

1745 4547 1969 4626 liti'eras.
1996 4569 2227 4636 Quinam
2260 4578 2391 4619 vero
2426 4561 2504 4617 illi
2532 4567 2659 4616 sunt
2681 4558 2750 4610 de
2774 4554 2971 4624 quibus
3000 4559 3151 4641 optat
3177 4547 3293 4603 fieri

17 4660 123 4711 ’να
181 4656 415 4727 γένηται
462 4660 549 4711 ἐπ’
592 4659 789 4722 αὐτοὺς
816 4661 1043 4732 νκρίσιςς
1086 4661 1148 4715 Oi
1197 4640 1622 4724 καταδιώκοντες

1751 4663 2030 4721 udicium?
2084 4660 2279 4729 Utique
2315 4656 2390 4709 illi
2421 4654 2512 4723 qui
2548 4665 2647 4706 nos
2679 4652 3102 4720 persequuntur,
3135 4640 3294 4695 Sata-

17 4773 35 4824 λ
52 4753 187 4824 μᾶς
221 4753 474 4816 Σατανᾶς
511 4769 571 4805 τε
595 4754 689 4807 καὶ
718 4753 788 4806 τὰ
829 4755 1174 4826 πνευματικὰ
1201 4755 1299 4827 τῆς
1336 4755 1620 4827 πονηρίας-

1745 4773 1829 4812 Ias
1882 4770 2080 4824 nempe
2130 4760 2186 4807 et
2232 4747 2500 4820 spiritalia
2544 4741 2821 4813 nequitlite.
2857 4737 3083 4805 Quando
3115 4740 3294 4788 autem

18 4849 212 4901 Ὀταν
248 4848 309 4901 δὲ
343 4849 491 4919 ἡμᾶς
517 4848 611 4902 καὶ
652 4848 935 4921 ἄνθρωπος
966 4825 1096 4919 δοκῇ
1134 4825 1508 4913 καταδιώκειν,
1545 4847 1622 4919 τῷ

1745 4851 1896 4904 etiam
1952 4848 2115 4902 homo
2165 4859 2266 4899 nos
2298 4839 2545 4911 persequi
2599 4837 2747 4890 visus
2788 4831 2992 4896 fuerit,
3047 4828 3151 4882 hoc
3181 4825 3296 4894 ipso

17 4940 276 5012 πρώτως
308 4916 666 4995 καταδιώκειν
695 4916 794 4995 οὐκ
824 4916 1108 5012 ἅνθρωπος
1148 4942 1315 5004 ἐστιν,
1346 4938 1483 4994 ἀλλά
1506 4916 1619 4994 διάξ

1745 4942 1871 5012 ιυοό
1905 4941 2052 5009 prior
2075 4936 2441 5007 persequitur,
2463 4933 2574 5000 jam
2601 4945 2704 4984 non
2743 4935 2826 4981 est
2857 4924 3038 4988 homo,
3066 4918 3160 4975 sed
3186 4916 3298 4971 dia-

17 5032 211 5097 ῖολος,
240 5020 307 5087 οὗ
340 5036 581 5106 μιμητής
610 5036 744 5087 ἐστι.

1745 5034 1903 5100 )olus,
1933 5033 2089 5100 cujus
2120 5028 2407 5084 aemulator
2441 5033 2542 5079 est.

89 5101 493 5197 Διηγήσσντό
528 5101 629 5198 μοι
690 5126 1022 5196 παράνομοι
1063 5127 1451 5197 ἀδολεσχίας,
1484 5128 1621 5183 ἀλλ’

1811 5126 1977 5181 Vens.
2002 5125 2094 5180 85.
2138 5122 2499 5176 Narrauerunt
2546 5114 2675 5169 mihi
2718 5110 2880 5183 iniqui
2916 5101 3292 5176 fabulatioues,

18 5224 139 5291 νίιχ
175 5219 267 5285 ὡς
315 5222 350 5273 ό
389 5197 573 5289 νόμος
611 5235 746 5285 σου,
790 5237 845 5273 κ.
888 5235 938 5273 τ.
986 5220 1030 5272 ἑ.
1086 5220 1155 5271 Ἢ
1192 5220 1318 5283 τοὺς
1356 5218 1622 5290 γραώδεις

1745 5224 1818 5275 :ed
1850 5234 1955 5274 non
1988 5226 2045 5271 ut
2083 5216 2168 5269 lea:
2197 5224 2288 5267 tua
2315 5250 2333 5278 ,
2370 5222 2480 5266 etc.
2518 5208 2611 5263 Vel
2661 5204 2831 5260 aniles
2875 5197 3086 5253 fabulas
3135 5199 3295 5247 vocat

17 5290 242 5377 ιύθους
268 5312 384 5368 τῶν
410 5313 676 5367 Ἰουδαίων
698 5314 830 5386 φησὶ
860 5313 957 5377 τάς
979 5313 1340 5377 διδασκαλίας,
1371 5314 1403 5384 ἢ
1433 5313 1526 5366 καὶ
1556 5312 1622 5365 τὰ

1745 5311 2005 5365 loctrinas
2035 5307 2365 5369 Iudaeorum,
2386 5302 2467 5358 vel
2499 5302 2662 5356 etiam
2692 5302 2957 5367 pracepta
2989 5290 3291 5351 hominum,

17 5406 359 5475 ντάλματοι
405 5405 514 5460 τῶν
558 5406 881 5478 ἀνθρώπων,
924 5408 1018 5461 καὶ
1069 5405 1169 5470 τὰς
1213 5404 1482 5477 φλυαρίας
1514 5404 1623 5459 τῶν

17 5498 215 5569 acpth
264 5496 369 5553 τοῦ
410 5498 606 5564 αἰῶνος
649 5498 859 5552 τούτου.
907 5500 1099 5553 Πολλοὶ
1150 5499 1259 5571 γὰρ
1299 5498 1622 5570 ἑρμηνεύειν

17 5592 384 5665 ττιχειροῦσι
412 5593 511 5658 τὰς
546 5592 698 5658 θείας
728 5593 948 5665 Γραφάς
988 5594 1083 5649 καὶ
1110 5592 1218 5650 τῶν
1253 5592 1352 5666 τῆς
1392 5592 1621 5670 Ἐκκλη-

1794 4289 2073 4360 Ejus’dem.
2108 4286 2310 4344 Omnes
2338 4284 2456 4340 dies
2509 4278 2731 4337 humani
2774 4274 2934 4347 pauci
2980 4280 3130 4326 sunt.
3154 4268 3296 4325 Cum

1728 5412 1783 5458 et
1812 5416 1982 5472 nugas
2008 5399 2316 5470 sapientum
2349 5393 2510 5466 huius
2539 5391 2747 5447 steculi.
2777 5385 2930 5441 Multi
2983 5383 3129 5439 enim
3183 5389 3294 5472 tam

1728 5496 1823 5565 qui
1858 5471 1912 5547 in
1966 5492 2207 5549 Ecclesia
2253 5498 2401 5553 sunt,
2437 5501 2603 5556 quam
2637 5482 2729 5552 qui
2756 5488 2932 5545 extra,
2962 5485 3023 5531 ut
3051 5471 3292 5530 hmretici

1730 5603 1785 5649 et
1821 5588 2011 5654 Judaei,
2053 5586 2139 5644 vel
2162 5585 2330 5642 etiam
2364 5576 2717 5644 Satnaritani,
2747 5573 2956 5630 divinas
2986 5569 3297 5638 Scripturas

36 5797 107 5831 ⁸⁸
161 5797 327 5855 Psal.
366 5815 420 5866 ι..
464 5799 555 5859 12.
