3914 6374
462 267 486 323 Ι
497 267 602 323 605

1861 257 1954 313 EX
1995 253 2298 313 ORIGENE

3584 247 3712 306 ιωι

460 388 807 460 interpretari
852 387 1245 460 aggrediuntur
1273 423 1290 452 ,
1333 386 1425 442 sed
1479 399 1584 440 non
1638 397 1830 438 omnes
1864 390 2033 436 recte.

2164 379 2282 443 ιίας,
2307 376 2401 430 καὶ
2423 374 2534 429 τῶν
2554 373 2659 439 ἔξω
2680 372 2883 442 ταύτης
2897 366 3190 442 αἱρετικῶν
3211 384 3273 421 τε
3296 366 3394 420 καὶ
3431 366 3713 432 Ἰουδαίων,

461 482 640 539 Rarus
675 482 820 538 enim
853 489 937 538 est
969 481 1059 551 qui
1111 495 1141 534 a
1188 480 1298 534 Deo
1322 479 1388 532 ad
1420 478 1522 531 hoc
1549 476 1782 546 gratiam
1809 475 2030 538 habeat,

461 595 586 636 cum
613 577 778 650 805
813 575 1028 647 plurimi
1079 573 1298 645 quidem
1340 571 1666 643 promittant
1701 583 2033 630 sermonem,

463 671 556 727 sed
589 687 694 726 non
730 678 914 732 recte,
953 676 1050 722 aut
1099 668 1262 722 etiam
1317 665 1503 734 inique
1551 665 1757 716 vivant.
1809 661 1868 716 Si
1902 661 2034 729 quid

463 763 630 834 igitur
662 762 932 826 dixerint,
967 759 1161 814 fabulae
1189 767 1244 822 et
1276 773 1432 828 nugae
1472 765 1617 811 sunt.
1657 754 1858 824 Nequit
1883 753 2030 808 enim

465 871 646 911 sermo
689 863 955 910 constans
991 862 1045 906 et
1098 851 1356 907 robustus
1399 865 1464 906 ac
1511 848 1765 903 salutaris
1816 860 1937 900 esse
1985 845 2037 898 in

467 946 647 999 anima
679 944 873 1014 iniqui.

539 1126 817 1198 Ejusdem.
871 1122 982 1180 llac
1025 1121 1291 1178 sententia
1343 1120 1600 1176 utendum
1635 1121 1894 1176 adversus
1943 1137 2036 1178 eos

469 1222 560 1291 qui
611 1236 675 1274 ex
705 1229 932 1274 externa
981 1214 1246 1284 sapientia
1275 1214 1342 1268 de
1374 1213 1682 1281 cognitione
1723 1213 1814 1268 Dei
1859 1229 1918 1269 se
1945 1219 2038 1269 do-

468 1321 655 1368 cturos
688 1312 1034 1381 pollicentur.

439 1441 444 1458 ε
529 1404 689 1460 Vsus.
708 1404 795 1459 87.
821 1400 991 1455 Paulo
1010 1399 1182 1452 minus
1200 1407 1686 1453 consummaverunt
1703 1415 1780 1452 me
1805 1398 1860 1452 in
1881 1409 2041 1466 terra,

467 1514 560 1567 ego
592 1505 766 1550 autem
795 1511 896 1546 non
929 1491 1178 1558 dereliqui
1211 1491 1466 1543 mandata
1491 1504 1604 1553 tua,
1635 1500 1743 1547 etc.
1775 1489 1854 1542 Ar.
1879 1491 1923 1545 si
1959 1491 2043 1544 tli-

469 1599 647 1645 ceret:
684 1587 1088 1658 Aliquantulum
1129 1586 1304 1641 factus
1329 1600 1446 1639 sum
1477 1592 1747 1651 terrenus,
1788 1585 2047 1640 Ientanti-

468 1685 568 1736 bus
602 1695 686 1735 me
717 1679 970 1733 inimicis.

2137 468 2168 537 ἦ
2215 467 2308 520 καὶ
2341 463 2719 536 Σαμαρειτῶν,
2755 461 2869 514 ἀλλ’
2906 460 2966 513 οὐ
3010 458 3209 520 πάντες
3247 457 3473 526 λέγουσι

2137 561 2370 622 Σπάνιος
2398 557 2507 628 γὰρ
2534 558 2562 610 ὁ
2605 555 2742 626 ἔχων
2771 553 2879 607 ἀπὸ
2907 549 3001 605 τοῦ
3045 550 3179 604 Θεοῦ
3219 552 3302 614 εἰς
3336 548 3502 603 τοῦτο
3541 548 3714 618 χάριν,

2141 649 2347 703 πολλῶν
2390 647 2487 718 μὲν
2518 642 3004 714 ἐπαγγελλομένων
3031 639 3233 708 λέγειν,
3273 639 3334 692 οὐ
3357 639 3565 702 ,καλῶς
3603 637 3658 689 δὲ

2139 743 2234 795 καὶ
2264 739 2594 812 παρανόμως
2619 736 2900 807 βιούντων.
2935 734 3002 787 Εἴ
3025 752 3078 787 τι
3109 730 3203 787 οὖν
3229 732 3506 802 λέγουσιν,
3537 728 3716 784 ἀδολε-

2143 836 2267 907 σχία
2295 836 2389 889 καὶ
2421 831 2676 903 φλυαρίαο
2705 831 2766 884 οὐ
2789 829 2898 902 γὰρ
2936 829 3156 881 δύναται
3187 827 3344 896 λόγος
3373 824 3596 889 εὔτονος
3630 824 3720 879 καὶ

2143 928 2454 1002 ἐρρωμένος
2499 925 2592 978 καὶ
2635 924 2913 996 σωτήριος
2954 917 3092 975 εἶναι
3145 923 3203 974 ἐν
3249 923 3316 990 τῇ
3359 918 3508 990 ψυχῇ
3550 933 3723 990 παρα-

2141 1021 2328 1093 νόμου.

2226 1112 2337 1168 Τοῦ
2369 1112 2577 1168 αὐτοῦ.
2602 1108 2880 1182 Χρηστέον
2923 1104 3099 1176 τούτῳ
3137 1103 3214 1176 τῷ
3247 1102 3397 1176 ῥητῷ
3423 1099 3568 1172 πρὸς
3601 1098 3722 1164 τοὺς

2143 1206 2206 1258 ἐκ
2234 1204 2334 1273 τῆς
2362 1203 2557 1270 ἔξωθεν
2609 1201 2800 1270 σοφίας
2833 1198 2962 1270 περ)⁸
2990 1193 3241 1265 γνώσεως
3281 1193 3416 1247 Θεοῦ
3453 1190 3721 1260 ἐπαγγελ-

2143 1298 2404 1370 λομένους
2438 1297 2731 1350 διδάσκειν.

2214 1391 2378 1460 Παρὰ
2419 1389 2623 1459 ,βραχὺ
2663 1383 3076 1451 συνετέλεσάν
3118 1397 3195 1452 με
3239 1379 3310 1433 ἐν
3352 1375 3430 1446 τῇ
3467 1374 3568 1446 τῇ,
3616 1372 3724 1444 ἐγὼ

2144 1486 2212 1540 δὲ
2242 1489 2353 1540 οὐκ
2390 1482 2783 1554 ἐγκατέλιπον
2830 1481 2935 1546 τὰς
2985 1473 3240 1541 ἐντολάς
3287 1489 3438 1536 σου,
3483 1488 3537 1524 κ.
3583 1487 3634 1522 τ.
3677 1469 3718 1520 ἐ.

2161 1579 2310 1632 Ἀντὶ
2334 1577 2450 1630 τοῦδ
2484 1577 2620 1647 Παρ’
2676 1573 2855 1641 ὀλίγον
2904 1569 3174 1639 ἐγενόμην
3209 1566 3416 1637 γήϊνος,
3471 1560 3579 1614 ὑπὸ
3622 1559 3722 1613 τῶν

2147 1667 2356 1741 ἐχθρῶν
2384 1665 2795 1739 πειραζόμενος.

540 1773 704 1828 Vens.
740 1771 827 1827 88.
865 1770 1162 1824 Secundum
1192 1769 1611 1823 misericordiam
1664 1777 1809 1822 tuam
1841 1767 2044 1835 vioiﬁca

2218 1763 2380 1817 Κατὰ
2410 1761 2474 1815 τὸ
2519 1759 2690 1824 ἔλεός
2723 1773 2838 1814 σου
2878 1752 3064 1822 ζῆσόν
3091 1767 3196 1821 με,
3246 1747 3344 1802 καὶ
3380 1744 3634 1815 φυλάξω
3659 1743 3726 1798 τὰ

469 1881 571 1930 me,
607 1873 653 1918 et
684 1865 984 1916 custodiam
1014 1863 1313 1916 testimonia
1353 1861 1460 1916 oris
1491 1861 1589 1925 tui,
1622 1869 1726 1915 etc.
1757 1860 1834 1915 Ne
1867 1861 2045 1914 niani-

472 1961 573 2014 bus
607 1960 976 2014 insidiantium
1015 1959 1264 2013 tradatur
1302 1959 1352 2012 in
1387 1968 1614 2013 mortem
1649 1964 1842 2027 rogat,
1878 1955 2044 2011 vitam

469 2051 751 2122 postulans
788 2065 893 2105 non
941 2062 1223 2116 aeternam,
1259 2049 1352 2104 sed
1383 2058 1725 2118 praesentem.
1771 2047 1920 2103 Hanc
1949 2063 2048 2103 au-

471 2151 579 2197 tem
610 2157 716 2196 non
748 2151 1008 2213 tanquam
1040 2141 1201 2195 finem
1229 2141 1490 2211 postulat,
1523 2141 1617 2196 sed
1647 2150 1896 2212 tanquam
1923 2141 2046 2196 boni

471 2235 594 2289 llnis
625 2246 870 2289 causam.
914 2233 1051 2298 Quia
1077 2232 1206 2286 dum
1240 2235 1428 2289 vixero
1451 2271 1468 2300 ,
1501 2233 1714 2303 inquit,
1747 2233 2046 2288 custodiam

470 2326 726 2381 mandata
778 2324 894 2390 Dei,
927 2325 1129 2396 quibus
1166 2327 1333 2382 etiam
1370 2325 1540 2382 vitam
1569 2337 1827 2382 aeternam
1857 2341 2052 2382 conse-

468 2418 560 2488 qui
592 2417 818 2486 possim.

545 2509 823 2580 Ejusdem.
871 2511 946 2568 Os
980 2511 1069 2567 Dei
1101 2511 1372 2581 propheta:
1402 2522 1530 2566 sunt
1561 2511 1656 2581 qui
1684 2509 2009 2566 testimoniis
2034 2550 2050 2577 ,

470 2605 742 2660 mandatis
775 2613 828 2661 et
854 2604 1334 2673 iustiﬁcationibus
1375 2606 1464 2660 Dei
1498 2605 1898 2661 ministrarum.

543 2781 709 2836 Vens.
735 2781 824 2837 89.
859 2780 926 2834 In
953 2791 1228 2850 (uernum,
1258 2780 1498 2848 Domine,
1522 2782 1735 2837 verbum
1756 2791 1906 2837 tuum
1939 2801 2058 2853 per-

2141 1858 2432 1928 μαρτύρια
2465 1851 2569 1907 τοῦ
2595 1850 2895 1919 στόματός
2917 1863 3054 1908 σου,
3081 1861 3134 1897 κ.
3161 1860 3210 1895 τ.
3237 1841 3283 1895 ἐ.
3319 1839 3411 1909 Μὴ
3442 1835 3728 1905 ἐκδοθῆναι

2146 1953 2264 2014 ταῖς
2298 1948 2406 2002 τῶν
2449 1943 2904 2000 ἐπιϐουλευόντων
2949 1939 3135 2009 χερσὶν
3177 1937 3258 1998 εἰς
3297 1933 3524 1987 θάνατον
3569 1928 3725 1992 ἀξιοί,

2148 2041 2291 2113 ζωὴν
2320 2038 2485 2094 αἰτῶν
2521 2036 2673 2092 οΰπω
2701 2035 2797 2106 τὴν
2841 2031 3078 2095 αἰώνιον,
3107 2026 3242 2082 ἀλλὰ
3270 2025 3368 2096 τὴν
3408 2021 3690 2094 παροῦσαν
3712 2037 3726 2049 ·

2147 2137 2246 2208 οὐχ
2269 2136 2344 2198 ὼς
2381 2133 2534 2197 τέλος
2560 2132 2618 2186 δὲ
2643 2130 2814 2200 αὐτὴν
2856 2128 3019 2187 αἰτεῖ,
3059 2123 3172 2177 ἀλλ’
3205 2121 3282 2184 ὡς
3311 2115 3519 2188 ἀγαθοῦ
3546 2115 3730 2208 τέλους

2149 2207 2419 2283 συναίτιον
2445 2224 2732 2296 ἐσομένην.
2770 2222 2892 2273 Ὅτι
2918 2218 3089 2289 ζήσας
3117 2254 3132 2278 ,
3187 2212 3322 2284 φησι
3340 2251 3356 2277 ,
3412 2208 3638 2279 φυλάξω
3667 2207 3731 2259 τὰ

2149 2321 2242 2377 τοῦ
2268 2319 2405 2374 Θεοῦ
2433 2317 2852 2390 προστάγματα,
2881 2311 2948 2366 δι’
2987 2303 3063 2364 ὧν
3092 2308 3186 2362 καὶ
3216 2303 3314 2376 τὴν
3353 2302 3576 2357 αἰώνιον
3615 2301 3730 2354 ἔστι

2150 2409 2610 2485 περιποιήσασθαι
2634 2406 2800 2478 ζωήν.

2227 2507 2338 2562 Τοῦ
2378 2503 2586 2559 αὑτοῦ.
2635 2501 2817 2570 Στόμα
2871 2493 3007 2550 Θεοῦ
3041 2493 3090 2547 οἱ
3127 2491 3550 2562 διακονήσαντες
3600 2500 3736 2558 προ-

2155 2600 2323 2671 φῆται
2367 2599 2478 2661 τοῖς
2517 2592 2853 2666 μαρτυρίοις,
2881 2591 3003 2652 ταῖς
3038 2584 3298 2650 ἐντολαῖς,
3344 2583 3458 2645 τοῖς
3517 2575 3737 2633 δικαιώ-

2157 2708 2320 2765 μασιν
2347 2688 2531 2744 αὑτοῦ.

2219 2785 2324 2850 Εἰς
2352 2780 2460 2836 τὸν
2483 2779 2688 2842 αἰῶνα,
2714 2776 2911 2844 Κύριε,
2940 2776 2973 2828 ό
2994 2772 3176 2842 λόγος
3211 2783 3329 2824 σου
3356 2767 3622 2836 διαμένει
3670 2762 3740 2816 ἐν

473 2883 650 2928 manet
682 2875 734 2927 in
767 2873 894 2929 caelo
923 2915 938 2939 ,
983 2884 1092 2928 etc.
1133 2891 1152 2925 ι
1187 2873 1240 2927 lu
1269 2873 1430 2937 coelo,
1463 2892 1480 2924 ι
1518 2873 1570 2927 id
1604 2883 1711 2938 est,
1753 2876 1808 2930 in
1855 2877 2051 2934 sanctis

2164 2874 2235 2942 τῷ
2271 2872 2525 2943 οὐρανῷ,
2553 2890 2608 2926 κ.
2644 2889 2692 2924 τ.
2723 2871 2771 2924 ἐ.
2818 2887 2836 2919 ι
2868 2869 2956 2920 Ἐν
2985 2865 3063 2937 τῷ
3090 2861 3325 2935 οὐρανῷ,
3345 2879 3368 2912 s
3399 2860 3522 2914 ἀντὶ
3553 2856 3650 2910 τοῦ
3681 2858 3740 2909 ἐν

473 2966 593 3037 ejus
621 2967 932 3023 virtutibus.
961 2967 1158 3022 Omnia
1183 2965 1328 3020 enim
1361 2981 1480 3021 cum
1509 2965 1620 3021 illic
1645 2967 1894 3022 ordinata
1923 2970 2052 3034 sint,

2155 2971 2277 3032 ταῖς
2302 2967 2483 3036 ἁγίαις
2515 2963 2679 3020 αὑτοῦ
2709 2961 3022 3032 δυνάμεσιν.
3065 2956 3290 3009 Πάντων
3328 2952 3437 3024 γὰρ
3483 2953 3601 3004 ἐκεῖ
3657 2967 3744 3004 τε·

475 3059 620 3114 nulla
670 3070 760 3116 est
788 3062 941 3115 verbi
983 3059 1362 3128 transgressio.
1396 3076 1416 3110 ι
1443 3058 1499 3113 1η
1528 3059 1686 3123 ςωιο,
1718 3079 1737 3112 ι
1777 3076 1882 3114 non
1911 3061 2051 3130 quod

2164 3059 2442 3130 ταγμένων
2474 3053 2702 3125 οὐδεμία
2740 3052 2900 3120 λόγου
2947 3047 3287 3120 παράϐασιςο
3334 3063 3354 3096 ι
3383 3039 3602 3113 οὐρανῷ
3627 3059 3645 3089 ι
3685 3039 3742 3092 δὲ

473 3152 739 3222 praeterit,
771 3154 1025 3222 quamvis
1054 3152 1107 3206 in
1133 3167 1202 3206 eo
1225 3162 1418 3207 cuncta
1445 3152 1692 3208 ordinate
1714 3163 2054 3220 moveantur,

481 3243 577 3298 sed
615 3243 762 3314 quod
796 3243 997 3297 dictum
1023 3253 1108 3298 est
1134 3242 1293 3298 sedes
1321 3241 1437 3298 Dei.
1470 3243 1527 3298 ln
1560 3253 1706 3298 terra
1739 3254 1919 3299 autem
1949 3259 2054 3299 non

475 3343 658 3390 manet
685 3337 909 3391 verbum
939 3354 952 3390 :
1005 3350 1183 3406 neque
1213 3337 1355 3392 enim
1406 3336 1584 3391 locum
1615 3337 1813 3402 habet,
1858 3337 1948 3391 ubi
1975 3346 2058 3392 est

476 3426 788 3493 fornicatio,
817 3427 1155 3482 immunditia
1182 3438 1237 3482 et
1259 3428 1456 3498 reliqui
1483 3425 1734 3483 affectus.
1758 3429 1888 3494 Qua:
1911 3428 2055 3485 enim

477 3518 896 3574 communicatio
935 3515 1163 3585 iustitia:
1196 3531 1321 3572 cum
1371 3517 1706 3587 iniquitate?
1753 3515 1870 3571 Non
1923 3516 2059 3572 dixit

475 3623 610 3664 vero
658 3627 677 3660 ι
709 3608 964 3664 saeculum
1013 3607 1334 3662 saeculorum
1368 3625 1385 3658 ι
1421 3607 1504 3660 vel
1557 3624 1577 3659 ι
1607 3606 1789 3662 saeculi
1821 3625 1840 3658 ι
1886 3607 2056 3678 (ιιιιιιι

477 3711 600 3771 post
618 3701 872 3758 steculum
891 3700 1088 3756 coelum
1113 3709 1167 3755 et
1195 3710 1340 3755 terra
1368 3699 1720 3771 transibunt),
1747 3701 1840 3756 sed
1869 3700 1922 3754 in
1950 3714 2058 3770 quo

487 3811 504 3844 ι
533 3801 821 3862 permanet
845 3793 1095 3848 verbum.
1117 3811 1135 3845 ι
1163 3791 1305 3847 Fieri
1335 3793 1480 3847 enim
1503 3800 1681 3862 potest
1705 3804 1763 3848 ut
1787 3795 2058 3864 perfectus

479 3883 551 3937 sit
574 3885 664 3952 qui
698 3883 910 3940 videtur
937 3885 1154 3955 quidem
1185 3885 1242 3939 in
1276 3893 1418 3940 terra
1463 3885 1730 3942 exsistere
1755 3927 1772 3954 ,
1804 3888 1898 3942 sed
1930 3903 2059 3943 con-

479 3978 848 4032 versationem
893 3979 1056 4034 habet
1087 3979 1141 4033 in
1187 3977 1349 4034 cmlo.
1383 3977 1478 4035 Sic
1521 3990 1606 4036 est
1649 3979 1702 4034 in
1736 3979 1853 4050 ipso
1892 3980 2059 4035 etiam

483 4082 704 4140 semper
747 4069 968 4124 veritas.

553 4160 722 4219 Vsus.
753 4162 845 4218 90.
873 4161 940 4217 In
963 4163 1351 4234 generationem
1376 4173 1423 4219 et
1448 4176 1842 4236 generationem
1870 4169 2060 4222 veritas

480 4262 594 4308 tua.
625 4250 896 4309 Fundasti
922 4262 1125 4310 terram
1147 4265 1197 4310 et
1233 4269 1536 4324 permanet,
1553 4265 1662 4314 etc.
1691 4257 1806 4314 Hae
1830 4260 2061 4317 veritate

482 4351 630 4399 terra
660 4341 889 4400 fundata
924 4353 1028 4402 est.
1079 4344 1193 4402 Hoc
1240 4347 1385 4404 enim
1416 4349 1663 4420 angnlari
1716 4351 1894 4422 lapide
1939 4360 2054 4406 tan-

2156 3158 2217 3214 οὺ
2249 3156 2329 3227 τῷ
2372 3151 2785 3226 παρερχομένῳ,
2829 3148 2880 3201 εί
2935 3145 3031 3200 καὶ
3061 3144 3120 3197 ἐν
3169 3139 3316 3210 αὐτῷ
3359 3138 3546 3227 πάντα
3583 3153 3748 3188 τετα-

2159 3225 2375 3319 γμένως
2404 3249 2652 3300 κινεῖται·
2686 3240 2798 3295 ἀλλ’
2833 3241 2985 3302 ὅστις
3017 3237 3228 3308 εἴρηται
3261 3232 3447 3303 θρόνος
3480 3225 3626 3282 εἶναι
3653 3227 3745 3280 τοῦ

2159 3339 2314 3394 Θεοῦ.
2356 3339 2444 3391 Ἐν
2486 3336 2544 3390 δὲ
2575 3335 2642 3406 τῇ
2687 3335 2758 3404 γῇ
2805 3329 2926 3384 οὐδὲ
2971 3328 3120 3399 μένει
3167 3329 3195 3379 ὁ
3224 3324 3409 3392 λόγος’
3463 3321 3586 3375 οὐδὲ
3637 3320 3750 3390 γὰρ

2160 3431 2273 3504 ἔχει
2311 3429 2496 3502 χώραν
2526 3429 2660 3482 ὅπου
2690 3422 2916 3497 πορνεία
2942 3421 3038 3476 καὶ
3080 3414 3391 3489 ἀκαθαρσία
3421 3413 3523 3468 καὶ
3546 3411 3620 3466 τὰ
3646 3412 3753 3466 λοι-

2160 3525 2239 3580 πὰ
2291 3523 2458 3593 πάθη.
2501 3521 2598 3584 Τίς
2628 3519 2736 3590 γὰρ
2779 3513 2979 3588 μετοχὴ
3014 3511 3324 3582 δικαιοσύνῃ
3359 3508 3454 3561 καὶ
3503 3505 3750 3577 breuia;

2159 3617 2272 3672 Οὐκ
2305 3611 2427 3670 εἷπε
2451 3613 2509 3666 δὲ
2535 3632 2553 3663 ι
2587 3610 2678 3664 τὸν
2725 3608 2900 3662 αἰῶνα
2931 3606 3038 3659 τῶν
3069 3603 3299 3667 αἰώνων,
3329 3620 3348 3651 ι
3375 3600 3408 3671 ἢ
3438 3619 3458 3650 ι
3491 3598 3588 3652 τοῦ
3622 3598 3754 3650 αἰῶ-

2159 3723 2268 3772 νοςο
2303 3726 2322 3758 ι
2355 3703 2520 3776 (μετὰ
2549 3701 2659 3774 γὰρ
2685 3701 2775 3754 τὸν
2796 3698 2965 3752 αίῶνα
2995 3698 3023 3751 ὁ
3055 3693 3282 3768 οὐρανὸς
3304 3693 3400 3746 καὶ
3421 3693 3458 3763 ἡ
3488 3689 3562 3759 γῆ
3587 3703 3756 3759 mpe-

2159 3797 2481 3869 λεύσονταιν)
2516 3799 2572 3851 ἐν
2601 3788 2646 3863 ᾧ
2673 3793 2731 3848 δέ
2781 3811 2800 3845 ι
2826 3794 2974 3846 ἐστιν
2996 3791 3025 3842 ὁ
3062 3788 3218 3858 λόγος
3269 3783 3564 3854 διαμένων.
3603 3800 3625 3832 ι
3653 3783 3756 3833 Au-

2159 3894 2320 3949 νατὺν
2357 3892 2466 3964 γὰρ
2509 3889 2716 3942 τέλειον
2745 3882 2885 3940 εἶναι
2927 3880 3188 3938 δοκοῦντα
3221 3879 3318 3950 μὲν
3349 3876 3446 3930 ἐπὶ
3475 3874 3586 3944 γῆς
3626 3891 3758 3942 τυγ-

2162 3985 2366 4056 χάνειν,
2388 3981 2450 4034 τὸ
2481 3978 2784 4048 πολίτευμα
2810 3975 2867 4028 δέ
2894 3973 3086 4044 ἔχοντα
3111 3972 3169 4024 ἐν
3192 3967 3270 4041 τῷ
3296 3965 3537 4040 οὐρανῷ.
3561 3964 3760 4028 Οὕτως

2161 4076 2309 4130 ἐστὶν
2333 4077 2390 4128 ἐν
2417 4070 2566 4142 αὐτῷ
2595 4069 2690 4125 καὶ
2715 4067 2800 4122 ἀεὶ
2823 4069 2858 4138 ἡ
2882 4065 3130 4137 ἀλήθεια.

2233 4169 2341 4233 Eli;
2378 4163 2594 4235 γενεὰν
2635 4160 2737 4215 καὶ
2783 4157 2995 4230 γενεὰν
3036 4158 3074 4226 ή
3109 4151 3362 4223 ἀλήθειά
3397 4161 3543 4205 σου.
3597 4150 3758 4204 Ἐθε-

2157 4259 2462 4330 μελίωσας
2489 4255 2605 4324 τὴν
2634 4253 2751 4324 γῆν
2775 4251 2875 4306 καὶ
2903 4247 3187 4319 διαμένει,
3217 4263 3272 4300 κ.
3306 4261 3361 4297 τ.
3395 4245 3445 4298 ἐ.
3481 4243 3684 4316 Ταύτῃ
3705 4241 3760 4294 δέ

2161 4355 2228 4423 τῇ
2259 4347 2486 4422 ἀληθείᾳ
2516 4349 2552 4416 ἡ
2587 4345 2659 4415 γῆ
2701 4342 3109 4415 τεθεμελίωται.
3163 4339 3283 4392 Ἐπὶ
3313 4339 3494 4406 τούτῳ
3533 4335 3658 4407 γὰρ
3685 4333 3762 4404 τῷ

479 4452 642 4509 quam
667 4438 1022 4497 fundamento
1043 4441 1384 4499 aedificantur
1409 4445 1502 4516 qui
1523 4460 1555 4500 e
1579 4456 1721 4501 terra
1745 4446 2051 4502 salvantur:

2164 4439 2539 4516 ἁκρογωνιαίῳ
2583 4437 2717 4508 λίθῳ
2767 4431 3229 4503 καταϐεϐλημένῳ
3273 4427 3517 4500 θεμελίῳ
3545 4426 3746 4480 οἱκώο-

481 4530 626 4586 unde
654 4531 819 4586 etiam
862 4541 1353 4602 permanet‘terra,
1386 4535 1584 4606 quippe
1613 4551 1732 4605 qua
1766 4535 2054 4592 infractam

482 4630 534 4674 et
571 4629 740 4674 tutam
773 4621 945 4676 basim
976 4632 1030 4678 et
1066 4623 1476 4681 fundamentum
1505 4627 1724 4682 habeat.
1766 4626 1872 4683 Sed
1903 4637 1958 4684 et
1989 4628 2056 4682 il-

482 4710 758 4767 luminans
787 4714 988 4770 veritas
1011 4716 1150 4770 diem
1169 4731 1328 4785 quam
1354 4715 1503 4786 fecit,
1531 4718 1641 4774 Deo
1665 4721 1713 4774 ei
1741 4720 2053 4791 aﬂulgente,

483 4801 536 4857 iu
572 4803 760 4859 eadem
788 4805 1130 4864 ordinatione
1160 4819 1656 4881 permanet,neque
1686 4819 1947 4868 mutatur.

555 4978 720 5036 Vitas.
763 4981 854 5038 91.
908 4981 1173 5050 Quoniam
1211 4989 1386 5042 omnia
1433 4991 1668 5045 serviunt
1698 4993 1791 5046 tibi
1813 5032 1827 5056 ,
1857 5001 1964 5050 etc.
2001 4992 2060 5050 Si

484 5071 664 5124 omnia
695 5072 940 5128 serviunt
969 5075 1082 5130 Deo
1107 5115 1122 5138 ,
1157 5080 1430 5146 quomodo
1461 5080 1514 5135 in
1543 5080 1855 5139 Proverbiis
1884 5084 1929 5116 ³⁸
1961 5083 2062 5140 Sa-

483 5161 667 5218 lomon
698 5164 767 5220 de
805 5164 1036 5223 formica
1067 5169 1180 5224 ait:
1235 5189 1254 5223 (
1288 5171 1402 5238 Illa,
1443 5187 1566 5229 eum
1599 5177 1649 5232 ei
1689 5192 1797 5232 non
1827 5179 1898 5234 sit
1922 5180 2066 5250 agel-

483 5256 604 5326 lus,
654 5273 828 5329 neque
859 5261 1058 5318 habeat
1091 5263 1184 5334 qui
1238 5275 1442 5337 cogat,
1477 5282 1654 5339 neque
1701 5270 1801 5326 sub
1832 5271 2060 5330 Domino

484 5350 592 5417 sit,
625 5359 784 5420 parat
832 5362 1021 5410 testate
1063 5355 1402 5413 alimentum.
1435 5378 1455 5412 ι
1496 5360 1635 5416 Deus
1668 5363 1866 5432 duplici
1900 5363 2061 5419 modo

488 5442 745 5498 Dominus
773 5444 997 5512 dicitur,
1026 5448 1108 5502 vel
1135 5459 1404 5519 quatenus
1434 5454 1601 5528 806
1627 5457 1805 5526 opifex
1839 5469 1949 5523 est,
1973 5459 2060 5514 vel

485 5543 750 5606 quatenus
815 5541 1181 5609 cognoscitur.
1235 5543 1575 5618 Quapropter
1643 5551 1806 5606 etiam
1858 5550 2057 5610 Paulus

552 5720 598 5750 ⁸⁸
628 5733 703 5786 vt,
738 5719 788 5776 τ.

2168 4536 2394 4608 μοῦνται
2424 4531 2624 4594 πάντες
2645 4531 2695 4583 οἱ
2722 4530 2786 4582 ἐκ
2821 4526 2924 4596 γῆς
2954 4523 3266 4594 σωζόμενον
3311 4519 3436 4572 ὅθεν
3487 4517 3594 4608 διαὶ
3641 4517 3759 4570 δια-

2167 4607 2370 4699 μένειή
2401 4624 2472 4696 γῆ
2496 4619 2716 4692 ἀρραγῆ
2743 4618 2838 4670 καὶ
2866 4613 3084 4685 ἀσφαλῆ
3109 4609 3349 4684 κρηπῖδα
3375 4609 3476 4661 καὶ
3503 4607 3760 4678 θεμέλιον

2168 4719 2382 4790 ἔχουσα.
2432 4714 2593 4768 Ἀλλὰ
2635 4711 2730 4766 καὶ
2765 4709 3048 4779 φωτίσασα
3080 4709 3113 4778 ὴ
3147 4703 3375 4773 ἀλήθεια
3417 4703 3652 4772 ἡμέραν
3692 4701 3760 4770 ἢν

2167 4809 2414 4878 ἐποίησε,
2438 4802 2574 4859 Θεοῦ
2600 4798 3006 4871 ἐπιλάμψαντος
3027 4797 3187 4867 αὐτῇ,
3218 4795 3274 4846 ἐν
3301 4793 3368 4862 τῇ
3395 4792 3544 4862 αὐτῇ
3569 4790 3756 4843 διατὰ-

2170 4901 2248 4967 ξει
2277 4900 2449 4973 μένει,
2477 4898 2577 4952 οὐκ
2604 4891 3001 4974 ἀλλασσομένη.

2243 4972 2362 5047 Ὅτι
2406 4990 2479 5044 τὰ
2535 4972 2859 5058 σύμπαντα
2914 4982 3106 5037 δοῦλα
3153 4979 3266 5045 σὰ,
3310 4995 3366 5032 κ.
3404 4994 3460 5031 τ.
3507 4977 3560 5030 ἐ.
3601 4977 3664 5029 ΕΞ
3690 4972 3762 5028 τὰ

2169 5087 2460 5158 σύμπαντα
2482 5081 2648 5136 δοῦλα
2668 5078 2762 5133 τοῦ
2790 5076 2948 5134 Θεοῦ.
2973 5075 3089 5140 πῶς
3113 5076 3168 5128 ἐν
3195 5074 3312 5136 ταῖς
3411 5071 3756 5143 Παροιμίαις

2166 5176 2415 5250 Σολομὼν
2477 5175 2606 5245 περὶ
2661 5170 2757 5226 τοῦ
2817 5169 3102 5243 μύρμηκός
3157 5179 3354 5236 φησιν·
3417 5182 3437 5214 ι
3474 5163 3760 5224 Ἐκεῖνος,

2164 5270 2432 5344 γεωργίου
2490 5269 2565 5342 μὴ
2604 5267 2942 5340 ὑπάρχοντος
2963 5303 2979 5330 ,
3019 5261 3154 5334 μηδὲ
3213 5259 3305 5312 τὸν
3367 5255 3766 5323 ἀναγκάζοντα

2167 5366 2326 5437 ἔχων,
2366 5362 2499 5434 μηδὲ
2543 5360 2649 5415 ὑπὸ
2684 5355 3006 5412 δεσποτείαν
3039 5353 3135 5418 ὢν,
3169 5348 3526 5422 ἑτοιμάζεται
3562 5347 3761 5437 Gigas;

2166 5435 2266 5530 τήν
2296 5455 2520 5530 τροφήν.
2548 5473 2566 5507 ι
2609 5454 2666 5506 '0
2691 5451 2821 5514 Θεὸς
2843 5447 3058 5516 λέγεται
3085 5441 3349 5514 δεσπότης
3368 5437 3592 5502 διττῶς,
3627 5437 3659 5507 ἢ
3685 5435 3764 5496 ὡς

2169 5548 2498 5624 δημιουργὸς
2528 5589 2542 5613 ,
2601 5547 2634 5618 ἢ
2677 5546 2754 5609 ὡς
2795 5539 3193 5613 γινωσκόμενος
3215 5576 3232 5593 .
3271 5535 3364 5590 Διὸ
3402 5533 3497 5590 καὶ
3543 5531 3762 5592 Παῦλος
