3914 6374
163 206 300 263 1605

1079 207 1391 269 SELECTA
1427 209 1495 265 ΙΝ
1534 208 1876 266 PSALMOS.
1908 240 1976 253 --
2009 207 2206 267 PSAL.
2254 210 2493 268 CXVIII.

3279 217 3416 271 1606

158 327 387 398 γράφει·
410 348 427 380 ι
466 328 1008 403 Ἐξελευθερωθέντες
1036 333 1144 386 ἀπὸ
1163 334 1262 403 τῆς
1287 335 1558 406 ἁμαρτίας
1585 335 1727 387 ἐδου-

1838 329 1915 384 ait
1939 329 2012 383 ":
2053 347 2070 381 ι
2096 328 2332 385 Liberati
2364 347 2391 385 a
2439 339 2663 401 peccato
2704 332 2845 386 servi
2879 331 3039 387 factis
3069 334 3203 388 estis
3233 334 3362 397 Deo,
3392 354 3409 385 ι

155 417 365 492 λώθητε
399 421 476 491 τῷ
506 422 645 492 Θεῷ,
674 442 690 473 ι
722 423 962 495 δηλονότι
992 427 1111 477 κατ’
1154 426 1353 498 ἀρετὴν
1389 429 1479 481 καὶ
1512 428 1729 494 γνῶσιν.

159 531 180 563 ι
212 513 404 582 Ἔχετε
437 512 526 565 τὸν
567 514 776 585 καρπὸν
806 515 959 586 ὑμῶν
992 517 1071 579 εἰς
1106 517 1395 588 ἁγιασμόν,
1420 518 1479 571 τὸ
1508 518 1561 570 δὲ
1584 518 1735 583 τέλος

156 602 302 674 ζωὴν
327 603 562 659 αἰώνιον.
591 624 608 656 t
633 607 695 659 El
720 606 773 659 δὲ
802 607 1040 661 τοιούτου
1066 609 1250 674 τέλους
1285 611 1512 681 ἄμοιρός
1539 613 1685 665 ἐστιν
1707 616 1735 666 6

156 692 416 765 μύρμηξ,
450 694 695 766 δηλονότι
736 698 828 752 καὶ
867 697 1070 767 ταύτης
1104 699 1202 769 τῆς
1237 700 1500 765 δουλείας.
1538 702 1735 767 Καλῶς

149 781 248 839 οῦν
274 785 490 854 λέγεται
511 790 537 841 6
562 788 786 860 μύρμηξ
820 790 893 861 μὴ
926 784 1063 845 εἶναι
1095 792 1199 844 ὑπὸ
1225 792 1563 859 δεσποτείαν,
1594 795 1734 848 κατὰ

147 877 358 948 ταύτην
390 879 485 950 τὴν
514 879 849 935 δεσποτείαν.

223 972 291 1023 El
312 966 400 1037 μὴ
448 970 537 1023 ὅτι
576 975 608 1025 ὁ
647 975 831 1041 νόμος
867 990 983 1029 σου
1012 976 1234 1045 μελέτη
1261 978 1381 1046 ,ιιοῦ
1417 979 1567 1041 ἐστι,
1602 982 1731 1035 τότε

142 1057 232 1113 ἄν
251 1061 582 1131 ἀπωλόμην
605 1064 674 1116 ἐν
704 1063 774 1132 τῇ
810 1067 1158 1121 ταπεινώσει
1188 1086 1333 1138 μου,
1362 1088 1415 1124 κ.
1445 1088 1495 1123 τ.
1533 1072 1578 1124 ὲ.
1615 1074 1733 1125 Μα-

150 1153 346 1223 κάριον
376 1155 545 1219 ὅντως
570 1156 629 1208 τὸ
652 1157 726 1229 μὴ
747 1159 1045 1214 ἀπολέσθαι
1068 1162 1356 1229 γεγονότας
1390 1165 1447 1215 ἐν
1476 1181 1539 1216 πε
1551 1165 1732 1235 ριστά-

148 1262 322 1310 σεσιν,
357 1243 466 1302 οἷον
500 1251 591 1304 ἐπὶ
628 1253 949 1325 μαρτυρίου.
988 1256 1048 1307 Εἰ
1083 1258 1156 1327 μή
1202 1275 1285 1320 τις
1335 1260 1731 1331 προμελετήσει

146 1338 241 1393 τὸν
275 1342 438 1412 νόμον
468 1341 562 1395 τοῦ
589 1343 747 1407 Θεοῦ,
783 1346 1101 1401 ἀπόλλυται.

224 1433 432 1502 Ιιὰσης
457 1440 811 1504 συντελείας
830 1436 994 1494 εἶδον
1008 1440 1212 1509 πέρας·
1239 1442 1489 1497 πλατεῖα
1511 1444 1728 1514 ἐντολή

145 1534 268 1574 σου
314 1524 549 1592 σφόδρα
574 1566 589 1590 ,
634 1544 687 1581 κ,
726 1546 773 1580 τ.
812 1530 859 1582 ἐ.
900 1530 1072 1602 ’Υπὲρ
1123 1533 1331 1596 πάντας
1372 1535 1499 1598 τοὺς
1532 1536 1731 1603 ἔξωθεν

146 1609 342 1680 λόγους
375 1618 421 1668 oi
478 1616 623 1687 λόγοι
681 1620 788 1675 τῶν
838 1622 1064 1676 ἐντολῶν
1102 1623 1196 1677 τοῦ
1231 1625 1367 1679 Θεοῦ
1403 1628 1729 1685 πλατύνουσι

143 1705 505 1775 καθαίροντες
535 1712 634 1783 τὴν
670 1712 867 1786 ψυχήν.

234 1797 331 1864 Ὧς
364 1801 650 1871 ἠγάπησα
684 1805 791 1859 τὸν
822 1809 1010 1876 νόμον
1036 1824 1173 1874 σου,
1202 1813 1397 1880 Κύριε·
1436 1812 1587 1883 ὅλην
1619 1816 1735 1884 τὴν

142 1890 379 1959 ἡμέραν
402 1895 624 1963 μελέτη
657 1915 778 1966 μου
807 1900 998 1963 ἐστίν,
1048 1921 1099 1955 κ.
1133 1920 1184 1955 τ.
1221 1904 1266 1955 ὲ.
1297 1905 1601 1961 Μελετᾶται
1644 1910 1732 1963 νό-

143 2000 251 2053 μος
284 1985 384 2038 οὐκ
419 1988 476 2038 ὲν
517 1987 692 2055 λέξεσι
740 1992 834 2044 καὶ
874 1997 1078 2060 φωναῖς
1116 1996 1308 2065 μόνον,
1350 1999 1484 2052 ἀλλὰ
1526 2002 1621 2054 καὶ
1676 2005 1734 2057 ἐν

140 2070 435 2141 πράξεσιν.
470 2076 597 2128 Ὅτε
624 2076 734 2149 γάρ
764 2080 1129 2148 ἀναγινώσκει
1158 2102 1263 2151 τις,
1293 2089 1428 2143 νοῶν
1467 2090 1535 2145 τὰ
1582 2092 1732 2161 λεγό-

145 2180 311 2233 μενα,
342 2167 437 2219 καὶ
460 2169 710 2239 πράττων
733 2173 891 2235 αὐτὰ,
920 2174 993 2245 μὴ
1016 2179 1342 2249 παραλιπὼν
1375 2182 1431 2234 ἔν
1464 2200 1566 2238 τινι
1593 2186 1734 2256 πρά-

142 2253 229 2320 ξει
251 2297 265 2322 ,
327 2259 462 2312 ἀλλά
508 2262 566 2313 ἐν
606 2264 739 2316 πᾶσι
770 2266 938 2319 ποιῶν
969 2267 997 2319 ὃ
1022 2269 1272 2339 βούλεται
1299 2275 1327 2326 ὁ
1359 2275 1542 2346 νόμος,
1576 2253 1733 2344 οὗτος

138 2350 242 2403 καὶ
275 2350 450 2420 λέγων
484 2354 578 2407 καὶ
615 2356 1005 2425 ἀναγινώσκων
1065 2365 1160 2417 καὶ
1224 2367 1480 2422 πράττων
1533 2372 1731 2443 μελετᾷ

134 2441 238 2494 τὸν
255 2443 349 2497 τοῦ
373 2445 508 2499 Θεοῦ
536 2448 717 2519 νόμον,
760 2452 975 2507 Ἐνθάδε
1012 2456 1109 2527 μὲν
1133 2454 1226 2512 οὖν
1248 2460 1483 2529 λέγεται,
1507 2483 1523 2515 ι
1562 2441 1730 2537 Ὅλην

273 2538 485 2631 ἡμέραν
527 2542 723 2615 μελέτη
773 2546 876 2615 μοῦ
927 2550 1093 2615 ἐστιν,
1131 2571 1148 2603 ι
1215 2555 1273 2606 ὲν
1318 2555 1375 2608 δὲ
1417 2557 1495 2626 τῷ
1530 2558 1730 2631 πρώτῳ

132 2627 344 2700 ψαλμῷ
377 2632 438 2684 οὐ
475 2633 634 2704 μόνον
666 2638 763 2708 τὴν
791 2638 1034 2711 ἡμέραν,
1087 2644 1223 2697 ἀλλὰ
1278 2647 1368 2699 καὶ
1425 2651 1523 2721 τὴν
1561 2627 1730 2707 νύκτα

132 2725 282 2817 (prio!
312 2726 402 2779 τὸν
430 2729 687 2799 ἐσόμενον
723 2734 993 2806 μακάριον
1024 2736 1132 2789 δεῖν
1169 2738 1396 2811 μελετᾷν
1420 2744 1512 2795 τὸν
1544 2745 1725 2817 νόμον.

133 2814 208 2869 Τί
238 2815 437 2887 δήποτε
463 2821 695 2874 ἐνταῦθα
730 2825 997 2896 παρέλιπε
1021 2826 1117 2899 τὴν
1152 2828 1355 2894 νύκτας
1391 2832 1510 2886 Ὀτι
1540 2814 1729 2903 μικτός

133 2906 294 2958 ἐστιν
329 2907 567 2963 ἐνταῦθα
599 2912 708 2966 τῶν
753 2914 1056 2986 ἀνθρώπων
1085 2921 1114 2971 6
1143 2919 1276 2988 βίος,
1319 2921 1406 2975 διὰ
1449 2923 1605 2977 τοῦτο
1634 2926 1728 2980 καὶ

133 2998 359 3070 ἡμέραν
385 3000 479 3054 νῦν
519 3002 713 3075 ἔχομεν
761 3008 855 3060 καὶ
888 3008 1077 3062 νύκτα·
1107 3011 1235 3065 ὅταν
1266 3012 1321 3065 δὲ
1355 3013 1501 3083 ἅγιοι
1557 3017 1726 3085 γενώο
1757 3031 1799 3090 ο

135 3091 289 3163 μεθα
317 3095 409 3147 καὶ
451 3099 731 3170 μακάριοι,
766 3102 862 3167 νὺξ
910 3105 1056 3175 ἡμᾶς
1088 3107 1149 3159 οὗ
1177 3105 1496 3174 διαδέξεται,
1529 3110 1641 3164 ἀλλ’
1668 3113 1725 3165 ὲν

133 3185 285 3257 μόνῃ
310 3188 544 3258 ἐσόμεθα
576 3195 640 3263 τῇ
676 3194 878 3268 ἡμέρᾳ.
910 3197 1050 3268 Ὅρα
1079 3194 1173 3252 οὖν
1198 3199 1274 3263 ὡς
1301 3201 1400 3271 μὲν
1430 3203 1459 3255 6
1490 3204 1726 3258 ἐνταῦθα

130 3278 529 3347 πορευόμενος,
557 3282 675 3352 ἦτοι
712 3285 783 3355 μὴ
815 3286 955 3339 κατὰ
982 3287 1332 3357 βίοντέλειος
1363 3292 1578 3365 (πορεία
1619 3296 1728 3367 γάρ

127 3371 290 3422 ἐστιν
318 3371 348 3441 ἡ
381 3373 521 3425 κατά
567 3375 770 3446 κόσμον
809 3379 1171 3451 ἀναστροφή)
1215 3384 1428 3438 οὐδέπω
1471 3386 1728 3459 καθαρῶς

128 3462 470 3532 πορεύεται,
506 3466 619 3519 ἀλλ’
670 3468 758 3522 ότὲ
797 3471 895 3541 μὲν
927 3474 985 3525 ὲν
1016 3474 1201 3546 ἡμέρᾳ
1241 3476 1409 3540 ἐστὶν,
1461 3478 1552 3531 ὁτὲ
1581 3480 1636 3532 δὲ
1669 3481 1727 3534 ἐν

125 3555 316 3608 νυκτί·
358 3559 416 3610 ὲν
450 3560 632 3632 ἡμέρᾳ
666 3563 784 3633 μὲν,
815 3564 904 3617 ὅτε
926 3564 1001 3619 ’τὰ
1035 3568 1175 3622 κατὰ
1206 3570 1296 3623 τὸν
1341 3572 1504 3642 νόμον
1562 3574 1729 3647 καθὴτ

126 3666 310 3703 κοντα
342 3655 502 3704 ποιεῖ·
522 3656 578 3706 ὲν
604 3656 757 3709 νυκτὶ
784 3657 861 3722 δὲ,
893 3659 980 3712 ὅτε
1005 3660 1215 3716 οὐδέπω
1243 3662 1339 3734 ὅλῃ
1369 3666 1567 3738 καρδίᾳ
1601 3666 1726 3735 (κᾶν

133 3740 346 3812 μελετᾷ
376 3743 468 3795 τὸν
495 3745 706 3816 νόμον,)
735 3751 879 3802 ποιεῖ
921 3751 1010 3803 τὸν
1053 3752 1236 3822 νόμον,
1276 3754 1308 3825 ἡ
1338 3757 1432 3809 καὶ
1458 3757 1547 3810 ὅτε
1574 3758 1727 3830 παρά

124 3832 211 3886 τὰ
244 3832 555 3902 καθήκοντα
593 3837 838 3909 πράττει.
882 3840 939 3891 Ὁ
968 3842 1064 3911 μὲν
1093 3838 1187 3895 οὖν
1210 3845 1531 3914 ἀρχόμενος,
1567 3848 1598 3918 ἢ
1631 3850 1725 3903 καὶ

130 3926 491 3997 προκόπτων,
526 3930 722 4002 μελετᾷ
745 3933 836 3986 τὸν
870 3935 1032 4005 νόμον
1064 3937 1278 4008 ἡμέρας
1301 3940 1395 3992 καὶ
1426 3941 1617 4005 νυκτός
1645 3959 1658 3971 ·
1696 3945 1725 3995 6

124 4022 199 4074 δὲ
227 4022 643 4094 τετελειωμένος
671 4028 771 4080 οὐκ
805 4030 952 4083 ἐστιν
986 4032 1045 4084 ὲν
1078 4036 1252 4093 νυκτὶ,
1289 4034 1401 4088 ἀλλ’
1435 4037 1495 4089 ὲν
1520 4038 1721 4111 ἡμέρᾳ,

125 4112 216 4174 ὡς
250 4111 279 4163 6
318 4113 527 4177 Παῦλός
559 4133 742 4187 φησιν·
770 4136 786 4169 ι
824 4120 887 4171 Ἡ
917 4120 1011 4187 νὺξ
1041 4122 1367 4194 προέκοψεν,
1397 4127 1430 4198 ἡ
1457 4127 1510 4179 δὲ
1542 4129 1725 4200 ἡμέρα

127 4205 392 4275 ἤγγικεν·
415 4206 492 4271 ὡς
519 4208 575 4261 ὲν
609 4210 793 4284 ἡμέρᾳ
823 4213 1173 4285 εὐσχημόνως
1199 4221 1683 4292 περιπατήσωμεν.
1701 4243 1718 4273 ι

130 4297 255 4351 Καὶ
302 4296 495 4351 πάλιν·
542 4319 562 4352 ι
596 4303 738 4373 Ἀρα
789 4300 880 4357 οὖν
921 4307 1107 4360 οὐκέτι
1153 4310 1317 4380 ἐσμὲν
1363 4313 1557 4376 νυκτὸς
1603 4315 1723 4369 οὐδὲ

132 4388 391 4452 σκότους,
429 4390 545 4444 ἀλλ’
582 4393 750 4463 ἐσμὲν
775 4396 941 4451 τέκνα
968 4398 1145 4466 φωτὸς
1173 4401 1266 4455 καὶ
1300 4402 1533 4475 ἡμέρας.
1562 4423 1580 4456 ›

225 4571 394 4641 ’Υπὲρ
425 4574 568 4641 τοὺς
608 4575 861 4645 ἐχθρούς
895 4594 1013 4647 μου
1050 4578 1347 4648 ἐσόφισὰς
1374 4600 1451 4651 με
1484 4582 1599 4652 τὴν
1628 4583 1726 4638 ἐν·

122 4662 334 4732 ταλὴν
375 4680 525 4730 σου,
561 4667 649 4721 ὅτι
673 4671 760 4735 είς
789 4668 893 4721 τὸν
932 4669 1115 4724 αἰῶνα
1140 4672 1252 4740 ἐμή
1290 4674 1480 4739 ἐστιν,
1510 4694 1561 4729 κ.
1593 4694 1642 4730 τ.
1674 4677 1720 4728 ὲ.

126 4756 289 4819 Νοῦς
328 4758 515 4813 παθῶν
537 4759 845 4831 γυμνωθεὶς
885 4763 977 4815 καὶ
1013 4760 1265 4830 γνώσεως
1308 4765 1533 4836 μέτοχος
1564 4784 1723 4837 γεγο-

130 4851 253 4915 νὼς
305 4854 739 4927 πανουργότερος
798 4856 1006 4924 γίνεται
1042 4856 1149 4910 τῶν
1203 4856 1491 4929 δαιμόνων,
1547 4862 1723 4930 λέγων

126 4943 406 5010 πολλάκις
437 4948 497 4999 τὸ
528 4946 621 4999 τοῦ
654 4947 887 5014 Παύλου,
910 4948 993 5014 τὸ,
1033 4968 1050 5001 t
1072 4950 1147 5003 Οὐ
1175 4950 1285 5021 γάρ
1312 4951 1477 5005 αὑτοῦ
1503 4952 1571 5006 τὰ
1596 4955 1723 5026 νοή-

132 5055 296 5111 ματα
322 5038 643 5112 ἁγνοοῦμεν.
681 5059 699 5090 ι

217 5134 332 5188 Τοῦ
361 5130 567 5189 αὐτοῦ.
607 5133 864 5206 Ἐχθροὺς
896 5134 992 5189 νῦν
1031 5152 1195 5207 φησιν
1239 5136 1722 5211 ὲπιδικαξομένους

118 5226 254 5284 τῶν
301 5225 559 5289 ἐντολῶν,
610 5226 705 5280 καὶ
753 5226 1044 5297 μισοῦντας
1086 5230 1265 5299 ἡμᾶς·
1316 5226 1398 5295 οἷς
1427 5233 1590 5302 ἡμεῖς
1621 5234 1722 5288 οὐκ

118 5318 521 5391 ὲχθραίνομεν.
556 5318 818 5388 Σημαίνει
839 5321 966 5383 τοὺς
987 5322 1051 5375 ὲκ
1079 5322 1380 5393 περιτομῆς
1414 5324 1717 5389 Ἰουδαίους·

118 5412 285 5482 ὑπὲρ
316 5410 535 5474 τούτους
561 5411 670 5485 γάρ
697 5414 725 5466 6
750 5412 1071 5482 Χριστιανὸς
1104 5415 1363 5487 ὲσοφίσθη
1389 5416 1486 5489 τὴν
1503 5416 1722 5490 ἐντολὴν

112 5503 236 5559 ’τοῦ
276 5501 434 5569 Θεοῦ,
479 5506 865 5574 πνευματικῶς
891 5506 982 5560 τὸν
1018 5506 1180 5578 νόμον
1216 5508 1352 5562 νοῶν
1398 5509 1491 5563 καὶ
1522 5510 1724 5579 φυλάτ-

1838 422 2094 479 videlicet
2115 426 2413 479 secundum
2443 424 2699 480 virtutem
2725 437 2778 480 et
2807 425 3113 481 scientiam.
3150 445 3168 477 ι
3194 427 3415 483 llabetis

1841 513 2073 568 fructum
2108 524 2348 569 vestrum
2371 515 2423 570 in
2450 516 2957 583 sanctiﬁcationem,
2995 516 3154 572 finem
3187 532 3315 573 vero
3345 520 3414 573 vi-

1839 616 1945 661 tam
1974 615 2230 661 aeternam
2256 607 2321 663 ³⁸.
2349 628 2368 660 ι
2399 607 2454 662 Si
2485 619 2665 664 autem
2698 610 2959 679 ejusmodi
2993 608 3116 664 finis
3139 611 3413 681 particeps

1836 691 1942 752 non
1970 707 2053 753 est
2079 698 2328 763 formica,
2356 700 2608 757 videlicet
2638 717 2736 755 nec
2768 701 2925 755 istius
2950 701 3251 756 servitutis.
3286 699 3413 756 Pul-

1835 791 1967 845 cltre
2013 805 2143 859 ergo
2188 789 2389 844 dicitur
2424 790 2651 845 formica
2689 810 2795 847 non
2846 809 2965 848 esse
3021 794 3119 847 sub
3170 795 3413 850 dominio

1838 884 1937 936 hoc
1973 896 2133 935 sensu
2180 891 2422 951 accepto.

1908 972 2073 1027 Vens.
2111 972 2201 1028 92.
2252 971 2376 1026 Nisi
2411 976 2551 1042 quod
2578 975 2663 1029 lea:
2688 986 2779 1028 tua
2820 978 3091 1032 meditatio
3138 995 3253 1032 mea
3291 989 3409 1045 est,

1835 1074 1959 1117 tunc
2013 1064 2148 1132 forte
2181 1064 2447 1130 periissem
2482 1066 2534 1118 in
2570 1063 2867 1120 humilitate
2920 1083 3068 1133 mea,
3122 1077 3226 1122 etc.
3269 1066 3407 1121 Vere

1835 1157 2050 1210 beatum
2085 1165 2169 1210 est
2200 1172 2304 1211 non
2338 1158 2515 1226 perire
2547 1172 2641 1211 eos
2668 1157 2757 1225 qui
2807 1167 2931 1211 sunt
2961 1159 3013 1212 in
3047 1159 3408 1214 tribulationi-

1834 1247 1952 1312 bus,
1988 1249 2133 1303 verbi
2167 1248 2339 1319 gratia
2372 1249 2423 1301 in
2458 1249 2737 1319 martyrio.
2767 1247 2878 1304 Nisi
2910 1250 3032 1319 quis
3060 1252 3208 1320 prius
3237 1251 3408 1308 medi-

1838 1351 1981 1395 tatus
2012 1341 2175 1396 fuerit
2201 1341 2371 1411 legem
2400 1341 2514 1405 Dei,
2547 1343 2707 1410 perit.

1907 1434 2072 1488 Vens.
2108 1434 2195 1488 96.
2229 1433 2412 1487 (latinis
2464 1435 2928 1488 consummationis
2969 1434 3073 1489 vidi
3104 1434 3279 1503 ﬁnem,
3329 1434 3410 1487 la-

1835 1536 1945 1580 tum
1991 1530 2296 1579 mandatum
2329 1537 2476 1578 tuum
2520 1525 2694 1588 nimis,
2730 1537 2838 1579 etc.
2879 1524 3055 1595 Super
3094 1539 3281 1579 omnes
3304 1539 3404 1579 ei-

1840 1629 2056 1673 traneos
2086 1632 2363 1672 sermones
2399 1618 2562 1672 verba
2600 1620 2977 1672 mandatorum
3010 1618 3105 1672 Dei
3133 1630 3407 1688 expurga-

1838 1722 1944 1764 tam
1976 1711 2209 1764 animum
2238 1710 2486 1764 dilatant.

1904 1800 2069 1856 Vnus.
2094 1801 2182 1856 97.
2236 1800 2508 1868 Quomodo
2539 1803 2700 1858 dilexi
2730 1803 2892 1873 legem
2927 1814 3099 1871 tuam,
3145 1801 3365 1858 Domine
3388 1820 3407 1858 :

1833 1906 1943 1951 tota
1976 1898 2061 1950 die
2092 1896 2364 1949 meditatio
2409 1911 2525 1948 mea
2563 1905 2675 1958 est,
2710 1905 2816 1949 etc.
2866 1892 3168 1948 Meditauda
3206 1895 3286 1947 lex
3324 1903 3409 1948 est

1836 2005 1940 2043 non
1972 1989 2145 2043 solum
2178 1988 2231 2042 in
2261 1988 2440 2042 verbis
2473 1995 2528 2043 et
2559 1988 2806 2052 vocibus,
2842 1989 2933 2042 sed
2966 1987 3129 2042 etiam
3164 1987 3214 2041 in
3243 1987 3408 2042 aetio-

1834 2082 2010 2136 nilius.
2047 2081 2275 2148 Quando
2301 2079 2447 2135 enim
2484 2079 2606 2149 quis
2639 2080 2768 2151 legit
2790 2120 2806 2145 ,
2842 2080 3144 2151 intelligens
3177 2095 3295 2149 qua:
3324 2078 3404 2134 di-

1832 2184 2053 2234 cuntur,
2078 2184 2134 2228 et
2166 2172 2376 2227 faciens
2402 2187 2489 2236 ea,
2518 2172 2647 2226 nihil
2671 2174 2719 2226 in
2752 2172 2992 2242 qualibet
3011 2173 3221 2227 actione
3247 2171 3408 2226 omit-

1834 2276 1975 2331 tens,
2007 2266 2101 2320 sed
2132 2265 2182 2319 in
2219 2265 2468 2320 omnibus
2497 2264 2702 2319 faciens
2741 2266 2789 2318 id
2822 2266 2962 2335 quod
2996 2266 3083 2320 lex
3118 2266 3248 2329 vult,
3283 2264 3327 2319 is
3351 2270 3407 2317 et

1831 2358 2017 2413 dicens
2049 2367 2104 2413 et
2147 2357 2335 2428 legens
2376 2367 2430 2412 et
2472 2356 2676 2411 faciens
2726 2360 3018 2412 meditatur
3064 2358 3234 2427 legem
3287 2357 3404 2410 Dei.

1831 2447 1945 2505 Hoc
1973 2448 2091 2504 loco
2139 2451 2322 2520 itaque
2363 2452 2594 2508 dicitur:
2636 2471 2654 2504 ι
2685 2452 2820 2507 Tota
2856 2452 2943 2506 die
2981 2451 3258 2505 meditatio
3288 2464 3407 2503 mea

1830 2550 1937 2607 est,
1965 2560 1984 2594 ι
2021 2542 2077 2596 in
2110 2543 2286 2613 primo
2320 2558 2451 2598 vero
2491 2544 2699 2613 psalmo
2727 2546 2805 2598 ait
2835 2558 2938 2598 non
2971 2542 3144 2597 solum
3175 2542 3283 2603 die.
3315 2541 3409 2596 sed

1831 2636 1997 2689 etiam
2030 2646 2189 2691 nocte
2216 2638 2583 2692 meditandum
2612 2651 2734 2692 esse
2759 2638 2932 2707 legem
2968 2636 3043 2690 illi
3073 2636 3162 2704 qui
3196 2636 3409 2688 futurus

1830 2728 1903 2784 sit
1929 2729 2141 2784 beatus.
2172 2729 2282 2785 Cur
2314 2730 2479 2800 igitur
2510 2731 2611 2785 hoc
2641 2730 2761 2785 loco
2792 2738 3005 2785 noctem
3028 2728 3245 2783 omisit?
3271 2727 3408 2794 Quia

1831 2821 1921 2876 hic
1968 2822 2126 2876 mista
2165 2832 2249 2877 est
2287 2823 2395 2877 vita
2426 2822 2728 2884 hominum.
2768 2822 2969 2877 idcirco
3004 2836 3149 2876 nunc
3182 2829 3237 2875 et
3265 2820 3409 2873 diem

1832 2912 2093 2967 habemus
2133 2923 2192 2966 et
2220 2921 2474 2978 noctem;
2525 2913 2741 2981 quando
2791 2927 2921 2968 vero
2967 2912 3032 2964 ad
3066 2911 3408 2965 sanctitatem

1832 3017 1895 3059 ac
1924 3003 2314 3058 beatitudinem
2348 3005 2778 3074 pervenerinms.
2804 3002 2949 3057 nulla
2986 3016 3092 3055 uox
3123 3000 3276 3055 nobis
3307 3001 3407 3053 ob-

1831 3096 2033 3163 veniet,
2061 3096 2153 3151 sed
2183 3096 2236 3151 in
2263 3097 2376 3152 sola
2407 3099 2493 3153 die
2515 3097 2875 3153 versabimur.
2904 3093 3197 3150 Considera
3247 3092 3408 3163 igitur

1830 3187 2105 3256 quomodo
2141 3189 2186 3243 is
2215 3188 2307 3257 qui
2342 3188 2429 3243 hic
2462 3187 2709 3243 ambulat
2734 3226 2749 3249 ,
2785 3201 2883 3243 nec
2915 3185 3213 3242 secundum
3241 3184 3409 3237 vitam

1829 3280 2101 3350 perfectus
2122 3291 2205 3336 est
2226 3281 2542 3349 (ambulatio
2561 3281 2708 3335 enim
2733 3288 2819 3335 est
2844 3278 3002 3347 hujus
3027 3278 3153 3332 vita:
3178 3291 3403 3333 conver-

1829 3370 1990 3443 satio)
2017 3412 2032 3437 ,
2061 3373 2300 3428 nondum
2331 3386 2465 3443 pure
2496 3371 2737 3436 incedit,
2787 3371 2879 3427 sed
2913 3370 3203 3439 aliquando
3235 3368 3287 3423 in
3319 3368 3409 3422 die

1830 3472 1962 3530 est,
1998 3465 2323 3534 quandoque
2375 3480 2508 3519 vero
2557 3465 2610 3519 in
2664 3474 2879 3526 nocte;
2934 3464 2986 3517 in
3034 3462 3120 3516 die
3166 3461 3405 3530 quidem,

1830 3558 2050 3628 quando
2078 3572 2143 3613 ea
2175 3573 2296 3628 qum
2327 3557 2445 3628 lege
2482 3560 2783 3627 perscripta
2827 3568 2952 3611 sunt
2984 3556 3130 3626 agit;
3166 3555 3218 3608 in
3252 3561 3410 3607 nocte

1830 3666 1981 3715 vero,
2036 3652 2253 3721 quando
2298 3652 2540 3706 nondum
2580 3660 2691 3706 toto
2739 3650 2905 3704 corde
2948 3647 3198 3718 (tametsi
3234 3645 3406 3715 legem

1830 3741 2142 3814 meditetur)
2196 3742 2327 3797 facit
2364 3742 2576 3813 legem,
2631 3743 2713 3796 vel
2758 3742 2921 3796 etiam
2973 3739 3188 3809 quando
3217 3747 3406 3791 contra

1827 3852 1989 3907 quam
2019 3837 2228 3901 deceat,
2260 3838 2392 3906 agit.
2420 3835 2521 3902 Qui
2553 3836 2714 3906 igitur
2744 3834 2955 3903 incipit,
2980 3832 3064 3885 vel
3095 3830 3255 3885 etiam
3292 3842 3408 3896 pro-

1829 3929 1963 3994 ﬁcit,
2012 3930 2057 3984 is
2104 3930 2400 3983 meditatur
2440 3929 2613 3997 legem
2662 3928 2750 3982 die
2792 3941 2857 3991 ae
2902 3934 3103 3979 nocte:
3147 3920 3236 3991 qui
3278 3933 3408 3972 vero

1827 4021 2100 4093 perfectus
2127 4031 2233 4088 est,
2283 4022 2329 4076 is
2359 4036 2464 4075 non
2495 4020 2671 4074 solum
2722 4026 2974 4074 versatur
3007 4016 3057 4069 in
3101 4023 3283 4079 nocte,
3311 4013 3408 4070 sed

1827 4118 1881 4173 in
1908 4117 2027 4180 die,
2076 4116 2532 4186 quemadmodum
2565 4113 2763 4168 Paulus
2796 4111 2872 4166 ait
2915 4110 3000 4166 ⁸⁹;
3052 4128 3069 4160 ι
3102 4108 3215 4163 Nux
3269 4120 3410 4177 prae-

1827 4214 2031 4280 cessit,»
2051 4214 2167 4270 dies
2189 4223 2371 4269 autem
2405 4210 2903 4282 appropinquavit:
2933 4211 3075 4263 sicut
3109 4209 3161 4261 in
3193 4207 3280 4261 die
3309 4209 3408 4260 lto-

1829 4325 1980 4368 neste
2000 4311 2361 4367 ambulemus.
2397 4327 2417 4361 ι
2454 4308 2519 4363 Et
2555 4309 2746 4362 iterum
2778 4307 2859 4358 “z
2907 4323 2925 4355 ι
2956 4303 3124 4374 Igitur
3154 4318 3258 4355 non
3290 4316 3407 4354 am-

1759 4383 1800 4437 D
1830 4405 1970 4475 plius
1999 4394 2190 4460 sumus
2221 4403 2416 4468 noctis,
2465 4416 2641 4472 neque
2670 4400 3018 4455 tenebrarum
3046 4436 3061 4461 ,
3095 4396 3188 4449 sed
3218 4408 3406 4448 sumus

1827 4497 1922 4551 lilii
1954 4496 2089 4551 lucis
2116 4505 2172 4551 et
2202 4496 2331 4551 diei.
2366 4515 2385 4549 ι

1902 4590 2063 4644 \‘Ens.
2081 4591 2170 4647 98.
2194 4589 2366 4659 Super
2381 4588 2621 4641 inimicos
2646 4601 2785 4640 meos
2805 4584 3112 4652 prudentem
3138 4595 3218 4633 me
3235 4578 3403 4648 fecisti

1831 4684 2083 4736 mandato
2122 4693 2211 4735 tuo
2240 4723 2255 4745 ,
2291 4680 2415 4751 quia
2444 4683 2500 4733 in
2532 4689 2787 4733 internum
2816 4677 2945 4730 mihi
2983 4685 3080 4737 est,
3110 4683 3217 4729 etc.
3255 4671 3405 4723 Mens

1826 4774 2107 4829 adfectibus
2141 4772 2363 4836 nudata,
2393 4780 2449 4826 et
2497 4771 2739 4826 scientiae
2767 4768 3037 4838 particeps
3065 4768 3227 4827 facta,
3277 4777 3404 4831 pru-

1824 4867 2039 4923 dentior
2061 4868 2121 4921 lit
2144 4866 2502 4929 daemonibus,
2529 4862 2815 4933 proferens
2840 4876 2981 4931 smpe
2998 4859 3124 4915 illud
3145 4853 3401 4913 Pauli“:

1830 4978 1850 5013 ι
1878 4959 1995 5016 Νοη
2028 4961 2173 5016 enim
2205 4959 2323 5029 ejus
2352 4958 2714 5029 cogitationes
2751 4956 3085 5026 ignoramus.
3126 4969 3146 5004 ι

1898 5140 2063 5211 807
2121 5137 2402 5208 Ejusdem.
2449 5134 2709 5191 Inimicos
2755 5149 2897 5190 nunc
2953 5141 3110 5188 vocat
3162 5144 3257 5187 eos
3309 5128 3404 5199 qui

1828 5235 2208 5288 mandatorum
2264 5231 2342 5287 rei
2385 5241 2535 5298 sunt,
2568 5242 2622 5288 et
2661 5246 2759 5287 nos
2787 5230 3054 5285 oderunt:
3083 5225 3282 5295 quibus
3303 5238 3407 5283 nos

1830 5324 2051 5379 minime
2072 5324 2437 5394 indignamur.
2463 5325 2712 5396 lntelligit
2728 5324 2942 5379 Judaeos
2963 5322 3055 5391 qui
3071 5335 3138 5375 ex
3159 5319 3404 5374 circum-

1829 5419 2034 5474 cisione
2056 5428 2201 5473 sunt.
2228 5417 2404 5491 Super
2442 5420 2542 5475 bos
2586 5419 2729 5474 enim
2777 5415 3117 5473 Christianus
3165 5412 3404 5484 prudens

1830 5509 2008 5567 factus
2034 5523 2119 5568 est
2166 5511 2218 5567 in
2264 5512 2522 5569 mandato
2550 5511 2644 5567 Dei
2666 5550 2682 5577 ,
2720 5523 2842 5566 cum
2873 5507 3194 5579 spiritaliter
3222 5506 3399 5576 legem

102 5712 113 5729 .
214 5680 256 5710 ετ
292 5680 444 5738 ῖιοιιι,
479 5696 556 5750 γι,
596 5656 715 5739 ιδ(
757 5685 801 5718 τε
828 5685 958 5742 ibid.
993 5686 1082 5742 τε.
1163 5688 1206 5721 ³ο
1237 5686 1394 5745 Rom.
1439 5705 1557 5758 xm,
1590 5689 1676 5761 te,
1710 5693 1727 5748 l

1871 5694 1916 5726 ⁸ο
1947 5694 1967 5751 l
1997 5695 2187 5755 Tbess.
2220 5711 2275 5765 ν,
2313 5695 2367 5752 5.
2441 5694 2484 5727 “
2516 5692 2558 5749 ll
2591 5692 2716 5750 Cor.
2756 5708 2818 5761 tt,
2852 5690 2937 5747 ll.
