3800 6504
189 318 207 371 l
218 315 307 374 609

1078 316 1387 375 SELECTA
1425 314 1489 370 IN
1530 315 1866 372 PSALMOS.
1907 349 1975 359 —
2013 316 2205 372 PSAL.
2249 317 2483 375 CXVIII.

3267 330 3403 387 1610

250 437 467 505 "Opaca
492 435 588 490 καὶ
617 435 850 505 edenda
870 437 973 493 τοῦ
988 438 1369 507 φυλάξασθαι
1392 439 1463 492 τὰ
1482 438 1725 507 κρίματα

1906 435 2065 490 Vens.
2100 436 2220 491 l06.
2250 437 2438 494 Juravi
2466 448 2514 494 et
2539 444 2703 495 statui
2735 443 2999 500 custodire
3010 448 3220 516 judicia
3242 453 3406 521 justi-

188 526 281 595 τῆς
327 528 717 596 δικαιοσύνης
745 542 882 595 σου,
916 547 969 583 κ.
996 548 1045 583 τ.
1074 532 1118 583 ὲ.
1149 531 1222 583 Τὸ
1260 531 1588 601 ἀμετάθετον
1636 530 1729 583 τοῦ

187 620 370 674 σκοποῦ
405 620 564 691 ὅρκον
587 620 887 690 ὠνόμασεν.

248 713 351 768 Τοῦ
377 714 584 768 αὐτοῦ.
629 715 693 767 Τί
730 718 877 768 ποιεῖ
910 715 1094 769 ἐνθάδε
1136 717 1196 767 τὸ
1245 714 1507 786 (ὤμοσα)
1568 716 1731 787 ζητη-

181 804 303 859 τέον.
340 825 357 857 t
394 806 606 859 Διέθετο
657 806 921 878 διαθήκην
958 808 1093 878 πρὸς
1131 810 1255 871 τοὺς
1302 808 1587 870 ἐκλεκτοὺς
1636 810 1731 861 αὑ-

181 898 279 952 τοῦ.
316 919 332 950 ι
359 900 467 953 Καὶ
491 900 693 971 ταύτην
715 901 814 973 τὴν
846 900 1107 973 διαθήκην
1138 902 1271 972 πρὸς
1297 902 1423 963 τοὺς
1445 902 1729 967 ἐκλεκτοὺς

180 991 328 1043 αὑτοῦ
358 991 677 1061 διαθεμένου
710 992 801 1045 τοῦ
846 992 979 1044 Θεοῦ
1012 995 1040 1045 ὀ
1070 991 1338 1045 πιστεύων
1380 992 1725 1063 παρεδέξατο,

179 1084 262 1137 καὶ
291 1084 452 1138 οἱονεὶ
479 1085 662 1156 ὅρκοις
702 1086 902 1156 μεταξὺ
934 1084 1027 1137 τοῦ
1060 1084 1193 1138 Θεοῦ
1227 1088 1520 1156 ἐποιήσατο
1552 1104 1729 1158 παρα-

176 1178 449 1248 δεξάμενος
470 1178 634 1232 αὐτοῦ
656 1179 751 1250 τὴν
793 1178 1074 1249 διαθήκην,
1103 1179 1243 1232 ὥστε
1273 1180 1465 1251 στῆσαι
1506 1182 1598 1234 καὶ
1628 1199 1728 1249 φυ-

175 1268 418 1334 λάξασθαι
442 1271 510 1323 τὰ
533 1271 772 1343 κρίματα
800 1273 896 1341 τῆς
923 1270 1265 1342 δικαιοσύνης
1293 1273 1474 1326 αὑτοῦ.
1510 1276 1725 1345 Ἵστημι

173 1360 242 1424 δὲ,
275 1362 454 1432 φησὶν,
489 1363 628 1418 αὐτὰ
658 1367 722 1435 τῇ
754 1366 858 1435 ἐμῇ
889 1364 1053 1435 ψυχῇ·
1086 1367 1177 1420 καὶ
1198 1369 1326 1421 ὅταν
1355 1368 1495 1421 αὐτὰ
1523 1370 1723 1439 στήσω,

174 1456 364 1520 γίνεται
398 1451 574 1509 ἐκεῖνο
621 1452 680 1508 τὸ
709 1455 993 1526 εἰρημένον
1029 1458 1177 1530 παρὰ
1208 1458 1285 1528 τῷ
1318 1459 1618 1529 Σολομῶντι
1667 1461 1726 1514 ὲν

173 1548 515 1618 Παροιμίαις·
558 1568 575 1599 ε
611 1549 874 1618 Λογισμοὶ
909 1549 1129 1604 δικαίων
1154 1551 1412 1622 κρίματα.
1456 1572 1473 1603 ι
1515 1553 1725 1606 Ἐκεῖνα

176 1659 193 1691 ι
222 1642 284 1695 τὰ
310 1643 551 1713 κρίματά
590 1663 605 1693 δ
638 1645 752 1696 ἐστι
797 1662 814 1692 ‹
842 1643 939 1713 τῆς
970 1644 1312 1717 δικαιοσύνης
1349 1664 1367 1696 ι
1423 1646 1518 1699 τοῦ
1566 1646 1720 1699 Θεοῦ·

168 1730 277 1783 τότε
325 1732 379 1784 δὲ
412 1732 698 1802 γενόμενα,
735 1733 823 1784 ὅτε
855 1730 1045 1803 ὤμοσα
1098 1733 1191 1786 καὶ
1240 1732 1440 1803 ἔστησα
1494 1733 1631 1786 αὐτὰ
1666 1736 1722 1787 ἐν

167 1823 393 1894 ἐμαυτῷ.
427 1825 499 1878 Τὸ
528 1825 585 1878 δὲ
614 1844 631 1876 ι
656 1825 888 1895 στῆσαι»
927 1823 1161 1879 ἐνταῦθα
1195 1824 1258 1878 τὸ
1286 1825 1514 1895 βεϐαίως
1545 1824 1722 1895 όρίσαι

165 1914 330 1985 δηλοῖ·
396 1915 488 1968 καὶ
532 1914 594 1967 τὸ
638 1934 654 1966 ι
682 1916 916 1986 ὀμόσαι)
963 1915 1211 1969 τουτέστι
1260 1916 1320 1968 τὸ
1374 1914 1724 1985 ἀμεταθέτως

164 2006 310 2059 τοῦτο
341 2007 653 2078 προθέσθαι,
678 2009 772 2061 καὶ
800 2008 1150 2080 ἀπαράϐατον
1174 2008 1459 2076 φυλάττειν
1482 2007 1541 2062 τὸ
1565 2009 1725 2080 ἔργον

162 2098 249 2151 τοῦ
275 2098 434 2168 ὅρκου
469 2098 604 2168 μετὰ
633 2098 971 2169 βεϐαιώσεως
1000 2099 1337 2172 προελέσθαι.

234 2189 304 2241 Τὰ
348 2188 597 2244 ἑκούσια
633 2191 740 2245 τοῦ
777 2192 1074 2259 στόματός
1101 2209 1220 2259 μου
1254 2190 1595 2259 εὐδόκησον
1621 2192 1722 2260 δὴ,

161 2283 348 2350 Κύριε,
391 2284 489 2337 καὶ
524 2283 593 2341 τὰ
637 2284 888 2354 κρίματά
925 2300 1042 2338 σου
1089 2283 1338 2349 δίδαξόν
1368 2302 1464 2355 με,
1512 2303 1564 2338 κ.
1594 2304 1645 2340 τ.
1674 2287 1720 2340 ὲ.

161 2375 290 2447 Περὶ
319 2368 393 2429 ὧν
448 2377 508 2428 οὐ
554 2376 913 2448 διετάχθημεν
966 2380 1177 2440 ποιεῖν,
1228 2376 1364 2430 ἀλλὰ
1411 2378 1724 2450 προαιρέσει

161 2464 437 2536 σιωιοῦμεν,
467 2465 641 2520 ταῦτά
668 2483 828 2536 φησιν
863 2466 1080 2519 ἑκούσια
1122 2464 1216 2518 τοῦ
1256 2464 1520 2536 στόματος
1546 2465 1720 2537 ἡμῶν·

160 2551 284 2620 οἷον,
317 2559 364 2611 εί
393 2557 685 2630 παρθενίαν
715 2559 958 2629 ἀσκήσω,
989 2559 1055 2629 ἣν
1083 2558 1143 2612 οὐ
1198 2557 1574 2629 προσετάχθην
1605 2558 1725 2612 οὐδὲ

158 2647 477 2719 ἐκελεύσθην
501 2689 515 2713 ,
551 2650 666 2702 ἀλλ’
707 2636 970 2712 ἑκουσίως
1004 2649 1161 2703 τοῦτο
1205 2651 1426 2719 ποιῆσαι
1473 2651 1725 2719 κρεῖσσον

155 2741 431 2811 αἱροῦμαι.
455 2741 625 2794 Τοῦτο
655 2736 747 2796 οὖν
782 2741 1092 2811 εὐδόκησον,
1123 2742 1317 2812 Κύριε.
1352 2739 1463 2793 Καὶ
1497 2740 1588 2792 ὲπὶ
1626 2740 1723 2792 ἄλ-

156 2832 260 2887 λων
286 2834 341 2887 δὲ
366 2834 565 2904 ὁμοίως
611 2833 721 2887 τῶν
766 2831 908 2887 κατὰ
936 2831 1026 2886 τὸν
1058 2832 1171 2902 βίον
1199 2831 1356 2902 ἡμῶν
1382 2829 1605 2884 τοιαῦτα
1634 2831 1719 2884 εὑο

159 2925 414 2994 ρήσομεν,
448 2914 522 2976 ὧν
549 2922 668 2976 τινὰ
703 2923 801 2994 μὲν
840 2922 1101 2994 ποιοῦμεν
1149 2921 1225 2987 ὼς
1261 2921 1723 2994 προστεταγμένοι

150 3015 343 3080 δοῦλοι,
367 3014 488 3068 τινὰ
520 3015 576 3068 δὲ
612 3014 919 3086 πράττομεν
948 3014 1227 3078 ἑκουσίως.

237 3108 297 3163 Ἡ
318 3107 486 3177 ψυχή
512 3126 630 3177 μου
662 3108 732 3161 ἐν
759 3107 888 3174 ταῖς
913 3108 1086 3176 χερσί
1106 3124 1222 3162 σου
1238 3108 1580 3176 διαπαντὸς,
1618 3108 1717 3162 καί
1746 3125 1788 3183 ο

149 3199 256 3253 τοῦ
292 3203 481 3268 νόμου
508 3217 622 3254 σου
647 3202 756 3254 οὐκ
790 3201 1183 3269 ἐπελαθόμην,
1216 3219 1270 3254 κ.
1302 3219 1353 3257 τ.
1386 3202 1431 3255 ἐ.
1459 3202 1720 3273 Ζητήσεις

151 3289 267 3353 πῶς
297 3293 329 3361 ή
356 3290 500 3361 ψυχὴ
533 3289 626 3344 τοῦ
660 3290 818 3344 Δαυῖδ
861 3293 918 3345 ὲν
959 3294 1077 3356 ταῖς
1122 3292 1278 3363 χερσὶ
1312 3293 1405 3347 τοῦ
1438 3292 1571 3347 Θεοῦ
1604 3293 1720 3346 δια-

149 3382 351 3445 παντός
372 3399 385 3412 ·
420 3384 645 3454 πότερον
678 3385 751 3447 ὡς
781 3386 838 3436 ἐν
863 3384 1173 3458 δικαιοσύνῃ
1193 3425 1207 3448 ,
1238 3385 1271 3456 ἢ
1304 3384 1380 3448 ὡς
1416 3386 1473 3439 ὲν
1502 3384 1715 3455 γνώσει.

146 3473 259 3525 Καὶ
290 3473 430 3543 τάχα
473 3474 532 3526 τὸ
576 3475 841 3546 πρότερον
867 3491 879 3502 ·
917 3474 1160 3543 ἀγγέλων
1189 3474 1287 3545 μὲν
1332 3476 1439 3546 γάρ
1495 3477 1608 3527 ἐστι
1661 3477 1721 3529 τὸ

143 3564 435 3628 διαπαντὸς
484 3565 699 3635 βλέπειν
737 3565 797 3618 τὸ
843 3567 1131 3637 πρόσωπον
1158 3565 1250 3619 τοῦ
1283 3565 1439 3630 Θεοῦ,
1473 3568 1718 3622 τουτέστι

141 3659 246 3729 τὴν
278 3659 510 3730 θεωρίαν
551 3660 747 3724 αὐτοῦ,
805 3659 1109 3731 ἀνθρώπων
1142 3660 1198 3714 δὲ
1233 3662 1294 3716 τὸ
1322 3661 1577 3715 δύνασθαι
1608 3661 1721 3715 δια-

38 3792 41 3793 .
144 3749 347 3812 παντὸς
377 3750 784 3823 δικαιοπραγεῖν
829 3752 949 3805 κατ’
987 3753 1286 3823 ἐνέργειαν·
1322 3754 1459 3825 ὅπερ
1512 3754 1628 3807 ἐστὶ
1661 3752 1721 3807 τὸ

140 3837 287 3897 εἶναι
317 3844 375 3896 ὲν
422 3847 542 3905 ταῖς
580 3844 735 3914 χερσὶ
776 3844 870 3897 τοῦ
904 3843 1059 3898 Θεοῦ·
1096 3846 1129 3915 ἡ
1164 3844 1272 3916 γὰρ
1307 3846 1447 3899 κατὰ
1482 3844 1721 3900 διάνοιαν

137 3935 529 4006 δικαιοπραγία
566 3936 710 4005 μόνῳ
744 3935 951 4006 προσῆν
983 3936 1062 4007 τῷ
1100 3937 1339 4009 Χριστῷ,
1370 3937 1427 4001 ὃς
1452 3938 1720 4008 ἁμαρτίαν

137 4027 244 4079 οὐκ
275 4025 517 4097 ἐποίησε,
541 4025 777 4095 δηλονότι
799 4027 919 4078 κατ’
949 4026 1248 4099 ἐνέργειαν,
1276 4029 1369 4081 καὶ
1395 4028 1491 4097 οὐχ
1522 4026 1717 4099 εὑρέθη

136 4116 294 4178 δόλος
326 4118 382 4168 ὲν
418 4115 496 4185 τῷ
533 4116 758 4185 στόματι
811 4114 973 4170 αὑτοῦ
998 4133 1011 4146 ·
1054 4117 1255 4185 σαφὲς,
1304 4118 1387 4169 ὅτι
1430 4116 1570 4171 κατὰ
1607 4117 1721 4170 διά-

137 4225 315 4271 νοιαν,
353 4208 445 4275 ἀφ’
487 4197 555 4276 ἦς
584 4208 936 4278 προέρχονται
970 4208 1037 4261 τὰ
1069 4208 1299 4279 περιττὰ
1336 4209 1437 4279 τῆς
1469 4208 1715 4280 καρδίας.

138 4297 258 4368 Τὴν
289 4298 468 4367 ψυχήν
507 4315 604 4367 μου
643 4298 725 4350 σοὶ
759 4296 1045 4367 ἐγχειρίζω
1098 4298 1325 4351 πάντοτε
1345 4337 1360 4361 ,
1392 4298 1452 4351 σὲ
1485 4299 1717 4372 φρουρὸν

135 4390 408 4461 ποιοῦμαι
444 4391 535 4443 καὶ
569 4389 980 4460 ὑπερασπιστὴν
1026 4390 1121 4443 καὶ
1150 4389 1488 4461 κυϐερνήτην
1522 4392 1713 4462 αὐτῆς·

129 4483 241 4535 καὶ
264 4482 353 4535 διὰ
382 4480 538 4534 τοῦτο
562 4478 656 4532 τοῦ
681 4479 845 4549 νόμου
881 4495 974 4530 σου
1005 4479 1104 4531 οὐκ
1125 4478 1490 4549 ἐπελαθόμην,
1521 4480 1605 4532 ἵνα
1641 4480 1713 4552 μὴ

126 4573 427 4628 ἀποπέσω.
463 4571 576 4634 Πᾶς
614 4570 645 4622 ὁ
677 4569 891 4632 ἀναθεὶς
922 4570 1109 4622 ἑαυτὸν
1138 4570 1216 4640 τῷ
1248 4570 1384 4641 Θεῷ,
1414 4570 1511 4641 τὴν
1539 4570 1715 4642 ψυχὴν

126 4663 312 4719 αὐτοῦ
347 4662 702 4733 παρατίθεται
741 4663 819 4724 είς
862 4661 958 4724 τὰς
989 4664 1173 4732 χεῖρας
1196 4662 1378 4727 αὐτοῦ,
1409 4662 1591 4726 καθὼς
1622 4664 1716 4716 καὶ

125 4756 381 4827 ἀλλαχοῦ
434 4752 610 4808 εἶπεν·
667 4773 685 4804 ι
727 4754 846 4807 Ὅτι
882 4755 946 4807 σὺ
989 4751 1037 4806 εἷ
1069 4756 1096 4806 ὁ
1130 4754 1543 4824 ὑπερασπιστὴς
1590 4772 1712 4825 μου,

127 4847 341 4919 Κύριε,
377 4849 453 4911 είς
486 4847 671 4917 χεῖράς
704 4863 798 4899 σου
832 4844 1294 4916 παραθήσομαιτὸ
1316 4845 1533 4915 πνεῦμά
1557 4864 1709 4916 μου.)

128 4944 205 4997 Εἰ
238 4943 298 4996 δὲ
336 4940 545 5013 μερίζει
590 4939 777 4993 ἑαυτὸν
807 4940 885 5002 είς
915 4939 1105 5008 ἡδονὰς
1132 4939 1224 4990 καὶ
1255 4938 1398 5009 πάθη
1432 4937 1717 5010 σωματικὰ

132 5037 242 5088 καὶ
275 5033 559 5106 φροντίδας
597 5031 884 5103 βιωτικὰς,
920 5031 980 5083 οὐ
1016 5030 1369 5101 παρατίθεται
1401 5030 1499 5101 τὴν
1540 5031 1715 5101 ψυχὴν

125 5128 315 5182 αὐτοῦ
345 5130 424 5190 είς
459 5128 643 5197 χεῖρας
678 5124 833 5179 Θεοῦ.
1198 5179 1203 5185 ,

221 5216 339 5271 Τοῦ
373 5216 578 5270 αὑτοῦ.
628 5215 683 5267 '0
728 5215 783 5267 δὲ
820 5213 1048 5277 Ἀκύλας
1078 5212 1236 5266 οὕτω·
1275 5230 1294 5263 t
1335 5212 1493 5282 Ψυχή
1526 5228 1625 5282 μου
1657 5212 1715 5264 ὲν

124 5309 335 5381 ταρσῷ
361 5328 459 5381 μου
484 5306 772 5377 ἐνδελεχῶς
793 5307 883 5359 καὶ
901 5305 1181 5376 διηνεκῶς,
1208 5304 1300 5357 καλ⁵
1324 5306 1485 5375 νόμου
1507 5322 1599 5357 σου
1615 5305 1715 5356 οὐκ

126 5401 513 5471 ἐπελαθόμην·
554 5420 571 5451 ›
598 5402 625 5451 ὁ
661 5399 716 5450 δὲ
761 5398 1070 5469 Σύμμαχος·
1112 5417 1129 5447 ι
1180 5397 1241 5449 Ἡ
1274 5397 1417 5466 ψυχή
1452 5413 1548 5466 μου
1580 5394 1715 5465 μετὰ

124 5492 340 5566 χεῖράς
378 5509 476 5561 μου
526 5489 831 5552 διαπαντός·
876 5509 894 5539 ι
928 5491 960 5559 ἡ
993 5490 1047 5541 δὲ
1075 5488 1298 5558 πέμπτη
1346 5487 1544 5557 ὁμοίως
1605 5488 1715 5548 τοῖς

139 5585 589 5654 Ἒϐδομήκοντα.

1833 525 1921 578 tia:
1962 534 2087 591 tum,
2118 537 2223 584 etc.
2251 527 2474 586 Consilii
2516 530 3399 607 immutabilitatemjuramentum

1832 616 2140 686 appellavit.

1903 710 2174 779 Ejusdem.
2200 712 2337 779 Quid
2366 715 2465 772 sibi
2491 718 2591 773 hoc
2624 719 2741 776 loco
2761 722 2910 790 velit,
2945 724 3179 794 «iuravi,
3206 749 3224 781 ι
3253 745 3400 799 (μιξο-

1832 804 2057 857 rendum
2077 812 2177 858 est.
2204 822 2221 855 ι
2247 805 2517 876 Disposuit
2536 818 2913 870 testamentum
2935 817 3121 873 electis
3149 824 3259 876 suis
3283 823 3344 877 ⁸⁸.
3372 845 3393 876 ι

1831 892 2003 962 Atque
2053 894 2155 948 hoc
2188 902 2588 968 testamentum,
2620 900 2730 958 Deo
2764 904 2892 961 illud
2925 906 3111 965 electis
3140 914 3250 969 suis
3283 916 3394 968 dis-

1832 995 2079 1054 ponente,
2109 986 2280 1043 fidelis
2300 992 2556 1060 suscepit,
2587 1001 2750 1064 atque
2771 995 3097 1063 iuramentis
3138 1006 3395 1072 quodam-

1832 1079 1988 1131 modo
2010 1094 2067 1134 se
2096 1079 2202 1134 Deo
2221 1082 2512 1138 obstrinxit
2537 1090 2833 1159 suscipiens
2857 1101 3234 1153 testamentum
3258 1099 3394 1168 ejus,

1832 1178 1888 1221 ιιι
1919 1176 2181 1225 statueret
2204 1180 2260 1226 et
2283 1174 2800 1246 custodiretjudicia
2821 1181 3047 1250 iustitiae
3082 1187 3242 1244 illius.
3268 1190 3390 1245 Sta-

1831 1270 1941 1324 tuo,
1976 1261 2171 1331 inquit,
2202 1261 2291 1316 illa
2317 1266 2510 1322 anima:
2542 1284 2672 1323 mea:
2699 1288 2713 1324 :
2751 1286 2805 1328 et
2839 1289 2961 1329 cum
2994 1278 3084 1333 illa
3113 1288 3390 1347 statuero,

1831 1349 1887 1403 (it
1930 1349 2058 1405 illud
2094 1354 2235 1421 quod
2285 1355 2422 1423 apud
2458 1355 2800 1416 Salomonem
2846 1364 2901 1419 in
2953 1365 3265 1426 Proverbiis
3306 1373 3393 1426 di.

1828 1453 1974 1496 etum
2011 1452 2095 1497 est
2122 1444 2205 1499 δί
2243 1462 2263 1497 ι
2296 1446 2662 1516 Cogitationes
2686 1453 2956 1521 justorum
2982 1459 3205 1527 judicia.
3239 1483 3256 1513 ι
3296 1463 3389 1519 Illa

1833 1550 1852 1584 ι
1874 1532 2074 1603 judicia
2097 1555 2116 1588 ι
2159 1549 2283 1594 sunt
2329 1559 2346 1592 ι
2369 1542 2591 1610 justitice
2621 1563 2638 1597 ι
2677 1546 2809 1604 Dei:
2850 1557 2977 1605 tunc
3006 1564 3185 1609 autem
3218 1556 3350 1611 fiunt
3372 1601 3385 1625 ,

1825 1626 2040 1693 quando
2077 1627 2254 1693 jnravi
2303 1640 2356 1686 et
2403 1634 2563 1685 statui
2602 1633 2689 1688 illa
2739 1636 2790 1691 in
2840 1642 3177 1711 memetipso.
3221 1644 3392 1699 Porro

1832 1735 1849 1767 ι
1885 1725 2121 1774 statuere
2150 1738 2169 1771 ι
2208 1723 2307 1777 hoc
2339 1722 2460 1779 loco
2490 1726 2760 1794 significat
2793 1730 3019 1785 firmiter
3064 1736 3387 1801 decernere;

1826 1816 1880 1863 et
1929 1829 1948 1860 ι
1976 1808 2161 1880 jurare
2191 1832 2210 1865 ι
2255 1814 2391 1869 idem
2432 1827 2515 1872 est
2552 1834 2617 1873 ac
2653 1820 3063 1878 immutabiliter
3111 1826 3237 1879 illud
3270 1843 3397 1895 pro-

1826 1915 2045 1969 ponere,
2062 1912 2115 1958 et
2137 1919 2270 1974 opus
2282 1904 2635 1978 jurisjurandi
2659 1927 2779 1967 cum
2800 1914 3210 1972 confirmatione
3228 1919 3396 1976 invio-

1825 1994 1992 2051 latum
2026 2012 2177 2053 serva
2187 2015 2246 2054 re
2280 2002 2437 2056 velle.

1884 2178 2060 2254 ‘Vsns.
2105 2182 2229 2236 108.
2288 2179 2604 2238 Voluntaria
2639 2186 2745 2240 oris
2794 2188 2894 2242 mei
2938 2188 3254 2258 beneplacita
3285 2193 3391 2261 fac,

1823 2273 2046 2330 Domine
2070 2316 2085 2341 ,
2120 2286 2165 2328 el
2192 2276 2399 2345 judicia
2437 2285 2526 2329 tua
2556 2278 2681 2332 doce
2715 2295 2793 2332 me
2815 2318 2830 2342 ,
2862 2292 2967 2337 etc.
3000 2282 3131 2348 Qua:
3158 2298 3265 2338 non
3299 2301 3394 2340 su-

1825 2383 1944 2421 mus
1967 2368 2104 2434 jussi
2139 2367 2345 2432 facere,
2378 2367 2469 2423 sed
2499 2368 2665 2422 libera
2699 2370 2978 2427 voluntate
3006 2374 3237 2430 facimus
3261 2414 3291 2441 ,η
3324 2390 3388 2431 ea

1824 2455 2057 2525 appellat
2090 2455 2393 2510 voluntaria
2427 2457 2538 2510 oris
2572 2460 2776 2513 nostri:
2807 2461 2951 2514 verbi
2977 2463 3172 2532 gratia,
3204 2465 3249 2520 si
3283 2467 3392 2519 vir-

1825 2547 2104 2616 ginitatem
2137 2546 2358 2603 coluero
2383 2587 2401 2612 ,
2444 2564 2561 2617 quae
2596 2551 2725 2604 mibi
2781 2567 2955 2622 neque
2994 2565 3257 2628 prarcepta
3295 2574 3392 2612 ne-

1824 2653 1930 2708 que
1974 2640 2123 2709 jussa
2158 2650 2235 2694 est
2258 2679 2276 2707 ,
2313 2643 2408 2695 sed
2440 2654 2631 2710 sponte
2659 2645 2758 2699 hoc
2797 2648 2977 2704 facere
3006 2650 3199 2707 melius
3229 2650 3392 2720 eligo.

1828 2727 1938 2781 Hoc
1981 2729 2144 2796 igitur
2177 2731 2571 2798 beneplacitum
2624 2735 2711 2790 fac
2741 2774 2758 2800 .
2795 2736 3039 2797 Domine.
3073 2739 3168 2795 Sic
3199 2751 3255 2795 et
3286 2742 3396 2797 alia

1824 2819 2135 2875 istiusmodi
2180 2822 2232 2876 in
2266 2823 2377 2877 vita
2406 2835 2590 2879 nostra
2629 2827 2982 2897 reperiemus,
3014 2846 3242 2903 quorum
3289 2833 3391 2888 ali-

1823 2926 1926 2981 qua
1957 2912 2175 2981 quidem
2207 2913 2345 2982 jttSsi
2385 2916 2532 2971 velut
2563 2920 2705 2973 servi
2745 2919 2976 2977 facimus
3001 2962 3018 2988 ,
3048 2923 3229 2994 aliqua
3262 2939 3388 2981 vero

1825 3001 2056 3060 facimus
2106 3005 2296 3061 libere.

1895 3090 2057 3150 Vens.
2086 3094 2209 3152 109.
2243 3098 2431 3152 Anima
2460 3116 2575 3154 mea
2603 3101 2659 3155 in
2688 3102 2931 3157 manibus
2962 3105 3068 3159 tuis
3091 3122 3310 3177 semper,
3340 3119 3392 3165 et

1824 3188 1983 3258 legem
2024 3199 2169 3241 tuam
2207 3206 2309 3244 non
2335 3207 2448 3244 sum
2480 3191 2695 3259 oblitus,
2726 3204 2834 3251 etc.
2868 3195 3090 3262 Quarres
3120 3205 3389 3271 quomodo

1826 3280 2004 3333 anima
2043 3280 2259 3335 Davidis
2299 3282 2350 3335 in
2394 3283 2643 3339 manibus
2674 3284 2768 3341 Dei
2804 3285 2969 3343 fuerit
3011 3303 3269 3363 semper:
3319 3311 3387 3349 au

1826 3380 2079 3441 tanquam
2114 3373 2164 3426 in
2190 3373 2401 3442 justitia
2428 3414 2442 3438 ,
2476 3375 2562 3429 vel
2591 3383 2846 3441 tanquam
2881 3379 2934 3436 in
2960 3383 3289 3453 cognitione.
3323 3387 3390 3441 Et

1824 3462 1962 3517 forte
1990 3464 2156 3531 priori
2193 3464 2388 3520 modo:
2438 3479 2563 3518 nam
2602 3468 2917 3536 angelorum
2950 3480 3039 3529 est
3065 3489 3280 3546 semper
3306 3478 3385 3530 vi-

1822 3553 1951 3608 dere
1973 3552 2167 3609 faciem
2199 3555 2315 3621 Dei,
2348 3555 2449 3611 hoc
2477 3567 2561 3612 est
2590 3558 2790 3615 habere
2819 3561 2961 3617 illius
2983 3565 3391 3637 contemplatio-

1824 3660 1982 3707 nem;
2035 3648 2309 3700 hominum
2357 3662 2486 3704 vero
2543 3663 2701 3717 posse
2749 3666 2963 3723 semper
3000 3657 3142 3724 quod
3180 3657 3386 3727 justum

1820 3747 1906 3789 est
1948 3737 2239 3794 cllicacitcr
2270 3741 2500 3808 ,operari
2534 3758 2548 3793 :
2586 3742 2726 3811 quod
2768 3751 2856 3798 est
2892 3743 2945 3798 in
2995 3747 3244 3803 manibus
3292 3748 3385 3802 Dei

1820 3840 1977 3882 esse:
2033 3846 2156 3882 nam
2190 3842 2367 3885 men-te
2404 3842 2552 3887 recte
2598 3849 2760 3903 agere
2809 3834 2979 3892 solius
3005 3846 3123 3891 erat
3162 3838 3385 3904 Chrisd,

1821 3921 1911 3988 qui
1940 3931 2219 3988 peccatum
2251 3937 2355 3976 non
2382 3922 2530 3987 fecit,
2563 3924 2813 3981 videlicet
2841 3936 2987 3995 actu,
3017 3943 3116 3985 nec
3138 3930 3389 3985 inventus

1819 4022 1901 4067 est
1931 4012 2084 4068 dolus
2114 4014 2166 4067 in
2198 4029 2293 4068 ore
2318 4015 2434 4085 ejus
2462 4016 2528 4083 ⁸⁷,
2558 4018 2813 4073 nimirum
2842 4031 3042 4089 mente,
3069 4036 3099 4075 a
3124 4036 3229 4092 qua
3265 4040 3391 4092 pro—

1820 4106 2018 4160 cedunt
2050 4107 2316 4176 superﬂua
2363 4111 2564 4165 cordis.
2612 4112 2865 4171 Animam
2896 4127 3071 4168 meam
3105 4115 3202 4171 tibi
3240 4132 3388 4169 COnt-~

1819 4198 1975 4251 mitto
2020 4212 2258 4266 semper,
2298 4210 2350 4255 te
2378 4202 2676 4267 custodem,
2707 4212 3069 4273 pretectorem
3097 4220 3164 4260 ac
3191 4205 3359 4273 gubcr

1822 4298 2064 4345 natorem
2093 4292 2260 4363 809
2286 4293 2426 4349 illius
2451 4294 2612 4360 facio,
2641 4305 2695 4351 et
2721 4308 3003 4366 propterea
3033 4297 3204 4365 legem
3236 4307 3384 4351 tuam

1821 4395 1923 4435 non
1949 4398 2066 4436 sum
2094 4386 2313 4449 oblitus,
2342 4401 2411 4442 ne
2437 4388 2645 4440 cadam.
2673 4386 2862 4442 Omnis
2890 4387 2980 4454 qui
3005 4388 3238 4455 seipsum
3276 4387 3385 4441 Deo

1750 4463 1792 4516 Ι)
1822 4471 2041 4535 addicit,
2062 4472 2297 4527 animam
2312 4486 2465 4529 Suam
2494 4478 2547 4530 in
2576 4478 2825 4532 mauilms
2848 4476 2966 4546 ejus
2986 4477 3172 4542 tradit,
3200 4493 3385 4547 quem—

1823 4560 2108 4627 admodum
2166 4572 2219 4618 et
2278 4564 2404 4618 alibi
2434 4565 2478 4598 ⁸⁸
2506 4567 2635 4622 dicit
2670 4582 2686 4621 :
2722 4586 2739 4618 ι
2774 4568 3035 4634 Quoniam
3077 4578 3130 4622 tu
3168 4584 3226 4624 es
3256 4585 3385 4639 pru-

1822 4658 1996 4706 tector
2038 4668 2189 4708 meus
2214 4695 2228 4719 ,
2270 4657 2531 4724 Domine,
2570 4659 2622 4713 in
2675 4675 2869 4715 manus
2918 4671 3039 4717 tuas
3068 4663 3387 4717 commendo

1820 4742 2068 4811 Spiritum
2098 4759 2298 4801 meum.
2334 4764 2353 4799 ι
2397 4748 2452 4800 Si
2490 4759 2666 4805 autem
2703 4752 2939 4820 seipsum
2986 4753 3181 4820 partim
3225 4753 3387 4809 tradit

1823 4834 2191 4903 voluptatibus
2243 4848 2299 4893 et
2351 4839 2635 4899 affectibus
2689 4844 2964 4911 corporeis
3008 4853 3173 4914 atque
3223 4845 3385 4915 hujus

1822 4929 1944 4982 vitae
1973 4930 2141 4995 curis,
2174 4946 2277 4986 non
2306 4937 2651 4991 commendat
2673 4937 2907 4991 animam
2934 4952 3083 4993 suam
3111 4938 3166 4991 in
3193 4952 3383 4991 manus

1826 5022 1937 5077 Dei.

1881 5207 2151 5276 Ejusdem.
2182 5208 2370 5278 Aquila
2396 5209 2474 5266 sic
2502 5213 2663 5266 vertit
2693 5229 2709 5268 :
2745 5229 2762 5263 ι
2793 5212 2983 5265 Anima
3013 5226 3127 5265 mea
3166 5212 3218 5264 in
3258 5212 3375 5265 vola

1815 5314 1931 5353 mea
1964 5301 2332 5356 indesinenter
2367 5313 2420 5358 et
2449 5318 2727 5374 perpetuo,
2774 5314 2827 5359 et
2863 5305 3031 5375 legem
3084 5314 3227 5358 tuam
3273 5320 3377 5358 non

1812 5407 1931 5445 sum
1965 5392 2180 5448 oblitus.
2209 5413 2226 5445 ι
2255 5395 2610 5463 Symmachus
2647 5414 2660 5448 :
2697 5415 2716 5447 ι
2741 5397 2929 5451 Anima
2960 5411 3074 5450 mea
3110 5404 3234 5465 post
3266 5412 3377 5448 ma-

1815 5498 1915 5537 nus
1949 5498 2099 5537 meas
2155 5498 2402 5553 semper;
2436 5504 2453 5537 ι
2501 5486 2688 5553 quinta
2748 5495 2929 5540 autem
2977 5487 3142 5540 editio
3191 5484 3378 5539 coden:

1816 5575 1973 5627 modo
2009 5590 2073 5629 ac
2115 5576 2468 5647 Septuaginta
2502 5577 2847 5646 interpretes.

214 5765 264 5797 ⁸⁸
297 5762 439 5817 Psal.
471 5774 730 5820 Lxxxvni,
760 5759 813 5810 ιι.
886 5759 933 5789 ⁸⁸
966 5758 1123 5812 Prov.
1154 5775 1253 5825 xu,
1284 5760 1336 5813 5.
1416 5760 1456 5790 ⁸⁷
1487 5758 1501 5811 1
1531 5758 1667 5813 I‘etr.
1706 5773 1718 5809 l

1832 5754 1885 5809 '2.
1966 5754 2011 5787 ⁸⁸
2041 5754 2184 5810 Psal.
2214 5770 2337 5818 xxx,
2369 5754 2422 5820 5,
2455 5754 2505 5810 6.

520 5855 783 5913 Pnnor.
824 5852 941 5912 GR.
992 5850 1130 5914 XII.

2992 5853 3059 5911 5f
