  <div class='ocr_page' id='page_1' title='image "/cluster/home/n/w/nwhite01/storage/ocr_20150623/12/hvd.32044019207638/809.png"; bbox 0 0 3914 6374; ppageno 0'>
   <div class='ocr_carea' id='block_1_1' title="bbox 496 263 623 321">
    <p class='ocr_par' dir='ltr' id='par_1_1' title="bbox 496 263 623 321">
     <span class='ocr_line' id='line_1_1' title="bbox 496 263 623 321; baseline 0.016 -2"><span class='ocrx_word' id='word_1_1' title='bbox 496 263 623 321; x_wconf 84' lang='grc'><strong>1611</strong></span> 
     </span>
    </p>
   </div>
   <div class='ocr_carea' id='block_1_2' title="bbox 568 377 2138 449">
    <p class='ocr_par' dir='ltr' id='par_1_2' title="bbox 568 377 2138 449">
     <span class='ocr_line' id='line_1_2' title="bbox 568 377 2138 449; baseline -0.004 -13"><span class='ocrx_word' id='word_1_2' title='bbox 568 383 729 437; x_wconf 78' lang='lat' dir='ltr'><strong>Vens.</strong></span> <span class='ocrx_word' id='word_1_3' title='bbox 768 379 889 436; x_wconf 85' lang='grc'><strong>110.</strong></span> <span class='ocrx_word' id='word_1_4' title='bbox 931 377 1224 434; x_wconf 83' lang='lat' dir='ltr'><strong>Posuerunt</strong></span> <span class='ocrx_word' id='word_1_5' title='bbox 1259 387 1551 447; x_wconf 85' lang='lat' dir='ltr'><strong>peccatores</strong></span> <span class='ocrx_word' id='word_1_6' title='bbox 1575 379 1816 449; x_wconf 85' lang='lat' dir='ltr'><strong>laqueum</strong></span> <span class='ocrx_word' id='word_1_7' title='bbox 1846 379 1989 442; x_wconf 85' lang='lat' dir='ltr'><strong>mihi,</strong></span> <span class='ocrx_word' id='word_1_8' title='bbox 2015 389 2060 432; x_wconf 90' lang='lat' dir='ltr'><strong>et</strong></span> <span class='ocrx_word' id='word_1_9' title='bbox 2092 383 2138 439; x_wconf 77' lang='grc' dir='ltr'><strong>Α</strong></span> 
     </span>
    </p>
   </div>
   <div class='ocr_carea' id='block_1_3' title="bbox 495 469 2063 541">
    <p class='ocr_par' dir='ltr' id='par_1_3' title="bbox 495 469 2063 541">
     <span class='ocr_line' id='line_1_3' title="bbox 495 469 2063 541; baseline 0 -15"><span class='ocrx_word' id='word_1_10' title='bbox 495 480 558 528; x_wconf 80' lang='lat' dir='ltr'><strong>tle</strong></span> <span class='ocrx_word' id='word_1_11' title='bbox 587 473 853 528; x_wconf 73' lang='lat' dir='ltr'><strong>mandatis</strong></span> <span class='ocrx_word' id='word_1_12' title='bbox 895 473 996 526; x_wconf 87' lang='lat' dir='ltr'><strong>luis</strong></span> <span class='ocrx_word' id='word_1_13' title='bbox 1022 487 1123 524; x_wconf 84' lang='lat' dir='ltr'><strong>non</strong></span> <span class='ocrx_word' id='word_1_14' title='bbox 1159 471 1352 534; x_wconf 77' lang='lat' dir='ltr'><strong>erravi,</strong></span> <span class='ocrx_word' id='word_1_15' title='bbox 1395 479 1498 527; x_wconf 87' lang='lat' dir='ltr'><strong>etc.</strong></span> <span class='ocrx_word' id='word_1_16' title='bbox 1547 469 2063 541; x_wconf 84' lang='lat' dir='ltr'><strong>Peccatoresjustis</strong></span> 
     </span>
    </p>
   </div>
   <div class='ocr_carea' id='block_1_4' title="bbox 496 562 2065 636">
    <p class='ocr_par' dir='ltr' id='par_1_4' title="bbox 496 562 2065 636">
     <span class='ocr_line' id='line_1_4' title="bbox 496 562 2065 636; baseline -0.002 -15"><span class='ocrx_word' id='word_1_17' title='bbox 496 566 755 636; x_wconf 85' lang='lat' dir='ltr'><strong>plurimos</strong></span> <span class='ocrx_word' id='word_1_18' title='bbox 791 564 1080 635; x_wconf 85' lang='lat' dir='ltr'><strong>variosque</strong></span> <span class='ocrx_word' id='word_1_19' title='bbox 1110 562 1332 632; x_wconf 81' lang='lat' dir='ltr'><strong>laqueos</strong></span> <span class='ocrx_word' id='word_1_20' title='bbox 1363 571 1574 629; x_wconf 80' lang='lat' dir='ltr'><strong>texunt,</strong></span> <span class='ocrx_word' id='word_1_21' title='bbox 1632 565 1795 620; x_wconf 81' lang='lat' dir='ltr'><strong>veluti</strong></span> <span class='ocrx_word' id='word_1_22' title='bbox 1830 564 2065 634; x_wconf 87' lang='lat' dir='ltr'><strong>Josepho</strong></span> 
     </span>
    </p>
   </div>
   <div class='ocr_carea' id='block_1_5' title="bbox 498 656 2066 729">
    <p class='ocr_par' dir='ltr' id='par_1_5' title="bbox 498 656 2066 729">
     <span class='ocr_line' id='line_1_5' title="bbox 498 656 2066 729; baseline -0.003 -15"><span class='ocrx_word' id='word_1_23' title='bbox 498 660 690 715; x_wconf 85' lang='lat' dir='ltr'><strong>mulier</strong></span> <span class='ocrx_word' id='word_1_24' title='bbox 722 656 970 729; x_wconf 68' lang='lat' dir='ltr'><strong>Egyptia</strong></span> <span class='ocrx_word' id='word_1_25' title='bbox 1004 657 1340 725; x_wconf 81' lang='lat' dir='ltr'><strong>fratresque;</strong></span> <span class='ocrx_word' id='word_1_26' title='bbox 1384 656 1587 712; x_wconf 89' lang='lat' dir='ltr'><strong>Danieli</strong></span> <span class='ocrx_word' id='word_1_27' title='bbox 1631 658 1683 712; x_wconf 89' lang='lat' dir='ltr'><strong>hi</strong></span> <span class='ocrx_word' id='word_1_28' title='bbox 1717 658 1808 728; x_wconf 85' lang='lat' dir='ltr'><strong>qui</strong></span> <span class='ocrx_word' id='word_1_29' title='bbox 1838 673 1866 712; x_wconf 92' lang='lat' dir='ltr'><strong>a</strong></span> <span class='ocrx_word' id='word_1_30' title='bbox 1907 657 2066 712; x_wconf 91' lang='lat' dir='ltr'><strong>Dario</strong></span> 
     </span>
    </p>
   </div>
   <div class='ocr_carea' id='block_1_6' title="bbox 496 749 2066 820">
    <p class='ocr_par' dir='ltr' id='par_1_6' title="bbox 496 749 2066 820">
     <span class='ocr_line' id='line_1_6' title="bbox 496 749 2066 820; baseline 0 -14"><span class='ocrx_word' id='word_1_31' title='bbox 496 763 816 819; x_wconf 86' lang='lat' dir='ltr'><strong>potestatem</strong></span> <span class='ocrx_word' id='word_1_32' title='bbox 858 757 1222 820; x_wconf 81' lang='lat' dir='ltr'><strong>acceperant;</strong></span> <span class='ocrx_word' id='word_1_33' title='bbox 1281 749 1374 803; x_wconf 91' lang='lat' dir='ltr'><strong>sed</strong></span> <span class='ocrx_word' id='word_1_34' title='bbox 1434 749 1655 803; x_wconf 90' lang='lat' dir='ltr'><strong>minime</strong></span> <span class='ocrx_word' id='word_1_35' title='bbox 1711 765 1741 802; x_wconf 87' lang='lat' dir='ltr'><strong>a</strong></span> <span class='ocrx_word' id='word_1_36' title='bbox 1795 749 2066 806; x_wconf 84' lang='lat' dir='ltr'><strong>mandatis</strong></span> 
     </span>
    </p>
   </div>
   <div class='ocr_carea' id='block_1_7' title="bbox 502 841 2065 915">
    <p class='ocr_par' dir='ltr' id='par_1_7' title="bbox 502 841 2065 915">
     <span class='ocr_line' id='line_1_7' title="bbox 502 841 2065 915; baseline 0.002 -18"><span class='ocrx_word' id='word_1_37' title='bbox 502 845 593 898; x_wconf 83' lang='lat' dir='ltr'><strong>Dei</strong></span> <span class='ocrx_word' id='word_1_38' title='bbox 645 847 971 900; x_wconf 87' lang='lat' dir='ltr'><strong>aberrarunt</strong></span> <span class='ocrx_word' id='word_1_39' title='bbox 1004 863 1016 900; x_wconf 89' lang='lat'><strong>:</strong></span> <span class='ocrx_word' id='word_1_40' title='bbox 1049 852 1383 915; x_wconf 71' lang='lat' dir='ltr'><strong>quapropter</strong></span> <span class='ocrx_word' id='word_1_41' title='bbox 1454 841 1660 912; x_wconf 86' lang='lat' dir='ltr'><strong>laqueis</strong></span> <span class='ocrx_word' id='word_1_42' title='bbox 1720 842 2065 900; x_wconf 89' lang='lat' dir='ltr'><strong>sublimiores</strong></span> 
     </span>
    </p>
   </div>
   <div class='ocr_carea' id='block_1_8' title="bbox 496 935 730 990">
    <p class='ocr_par' dir='ltr' id='par_1_8' title="bbox 496 935 730 990">
     <span class='ocr_line' id='line_1_8' title="bbox 496 935 730 990; baseline -0.004 -2"><span class='ocrx_word' id='word_1_43' title='bbox 496 935 730 990; x_wconf 81' lang='lat' dir='ltr'><strong>fuerunt.</strong></span> 
     </span>
    </p>
   </div>
   <div class='ocr_carea' id='block_1_9' title="bbox 567 1021 2063 1094">
    <p class='ocr_par' dir='ltr' id='par_1_9' title="bbox 567 1021 2063 1094">
     <span class='ocr_line' id='line_1_9' title="bbox 567 1021 2063 1094; baseline -0.007 -9"><span class='ocrx_word' id='word_1_44' title='bbox 567 1028 728 1085; x_wconf 69' lang='lat' dir='ltr'><strong>Vens.</strong></span> <span class='ocrx_word' id='word_1_45' title='bbox 783 1029 904 1084; x_wconf 84' lang='grc'><strong>111.</strong></span> <span class='ocrx_word' id='word_1_46' title='bbox 968 1026 1290 1083; x_wconf 75' lang='lat' dir='ltr'><strong>Ha&#39;reditate</strong></span> <span class='ocrx_word' id='word_1_47' title='bbox 1329 1023 1581 1094; x_wconf 76' lang='lat' dir='ltr'><strong>acquisiui</strong></span> <span class='ocrx_word' id='word_1_48' title='bbox 1619 1021 1918 1079; x_wconf 82' lang='lat' dir='ltr'><strong>testimonia</strong></span> <span class='ocrx_word' id='word_1_49' title='bbox 1971 1028 2063 1076; x_wconf 81' lang='lat' dir='ltr'><strong>tua</strong></span> 
     </span>
    </p>
   </div>
   <div class='ocr_carea' id='block_1_10' title="bbox 497 1116 2060 1192">
    <p class='ocr_par' dir='ltr' id='par_1_10' title="bbox 497 1116 2060 1192">
     <span class='ocr_line' id='line_1_10' title="bbox 497 1116 2060 1192; baseline -0.003 -19"><span class='ocrx_word' id='word_1_50' title='bbox 497 1123 552 1173; x_wconf 85' lang='lat' dir='ltr'><strong>in</strong></span> <span class='ocrx_word' id='word_1_51' title='bbox 582 1133 857 1185; x_wconf 71' lang='lat' dir='ltr'><strong>(uernum,</strong></span> <span class='ocrx_word' id='word_1_52' title='bbox 913 1120 1037 1192; x_wconf 88' lang='lat' dir='ltr'><strong>quia</strong></span> <span class='ocrx_word' id='word_1_53' title='bbox 1089 1119 1370 1175; x_wconf 68' lang='lat' dir='ltr'><strong>exsultatio</strong></span> <span class='ocrx_word' id='word_1_54' title='bbox 1406 1118 1580 1172; x_wconf 84' lang='lat' dir='ltr'><strong>cordis</strong></span> <span class='ocrx_word' id='word_1_55' title='bbox 1625 1116 1726 1171; x_wconf 87' lang='lat' dir='ltr'><strong>mei</strong></span> <span class='ocrx_word' id='word_1_56' title='bbox 1762 1125 1904 1180; x_wconf 85' lang='lat' dir='ltr'><strong>sunt,</strong></span> <span class='ocrx_word' id='word_1_57' title='bbox 1955 1125 2060 1170; x_wconf 90' lang='lat' dir='ltr'><strong>etc.</strong></span> 
     </span>
    </p>
   </div>
   <div class='ocr_carea' id='block_1_11' title="bbox 496 1205 2064 1279">
    <p class='ocr_par' dir='ltr' id='par_1_11' title="bbox 496 1205 2064 1279">
     <span class='ocr_line' id='line_1_11' title="bbox 496 1205 2064 1279; baseline -0.004 -13"><span class='ocrx_word' id='word_1_58' title='bbox 496 1210 599 1279; x_wconf 85' lang='lat' dir='ltr'><strong>Qui</strong></span> <span class='ocrx_word' id='word_1_59' title='bbox 637 1211 904 1267; x_wconf 77' lang='lat' dir='ltr'><strong>mandatis</strong></span> <span class='ocrx_word' id='word_1_60' title='bbox 939 1211 1033 1268; x_wconf 88' lang='lat' dir='ltr'><strong>Dei</strong></span> <span class='ocrx_word' id='word_1_61' title='bbox 1071 1209 1432 1270; x_wconf 85' lang='lat' dir='ltr'><strong>delectantur,</strong></span> <span class='ocrx_word' id='word_1_62' title='bbox 1477 1215 1531 1262; x_wconf 87' lang='lat' dir='ltr'><strong>et</strong></span> <span class='ocrx_word' id='word_1_63' title='bbox 1562 1205 1762 1274; x_wconf 86' lang='lat' dir='ltr'><strong>justam</strong></span> <span class='ocrx_word' id='word_1_64' title='bbox 1793 1205 2064 1261; x_wconf 87' lang='lat' dir='ltr'><strong>actionem</strong></span> 
     </span>
    </p>
   </div>
   <div class='ocr_carea' id='block_1_12' title="bbox 497 1299 2065 1375">
    <p class='ocr_par' dir='ltr' id='par_1_12' title="bbox 497 1299 2065 1375">
     <span class='ocr_line' id='line_1_12' title="bbox 497 1299 2065 1375; baseline -0.001 -21"><span class='ocrx_word' id='word_1_65' title='bbox 497 1303 922 1375; x_wconf 79' lang='lat' dir='ltr'><strong>amplectuntur,</strong></span> <span class='ocrx_word' id='word_1_66' title='bbox 1000 1303 1056 1358; x_wconf 87' lang='lat' dir='ltr'><strong>hi</strong></span> <span class='ocrx_word' id='word_1_67' title='bbox 1125 1318 1339 1372; x_wconf 81' lang='lat' dir='ltr'><strong>semper</strong></span> <span class='ocrx_word' id='word_1_68' title='bbox 1399 1300 1713 1357; x_wconf 62' lang='lat' dir='ltr'><strong>haereditate</strong></span> <span class='ocrx_word' id='word_1_69' title='bbox 1779 1299 2065 1369; x_wconf 84' lang='lat' dir='ltr'><strong>acquirunt</strong></span> 
     </span>
    </p>
   </div>
   <div class='ocr_carea' id='block_1_13' title="bbox 500 1390 2060 1464">
    <p class='ocr_par' dir='ltr' id='par_1_13' title="bbox 500 1390 2060 1464">
     <span class='ocr_line' id='line_1_13' title="bbox 500 1390 2060 1464; baseline -0.003 -14"><span class='ocrx_word' id='word_1_70' title='bbox 500 1397 815 1454; x_wconf 87' lang='lat' dir='ltr'><strong>testimonia</strong></span> <span class='ocrx_word' id='word_1_71' title='bbox 849 1397 986 1464; x_wconf 79' lang='lat' dir='ltr'><strong>ejus.</strong></span> <span class='ocrx_word' id='word_1_72' title='bbox 1036 1395 1110 1450; x_wconf 84' lang='lat' dir='ltr'><strong>Ea</strong></span> <span class='ocrx_word' id='word_1_73' title='bbox 1143 1394 1408 1464; x_wconf 81' lang='lat' dir='ltr'><strong>siquidem</strong></span> <span class='ocrx_word' id='word_1_74' title='bbox 1438 1405 1548 1462; x_wconf 63' lang='lat' dir='ltr'><strong>prce</strong></span> <span class='ocrx_word' id='word_1_75' title='bbox 1573 1390 1826 1446; x_wconf 90' lang='lat' dir='ltr'><strong>omnibus</strong></span> <span class='ocrx_word' id='word_1_76' title='bbox 1856 1405 1974 1460; x_wconf 62' lang='lat' dir='ltr'><strong>quae</strong></span> <span class='ocrx_word' id='word_1_77' title='bbox 2007 1391 2060 1445; x_wconf 92' lang='lat' dir='ltr'><strong>in</strong></span> 
     </span>
    </p>
   </div>
   <div class='ocr_carea' id='block_1_14' title="bbox 497 1481 2058 1555">
    <p class='ocr_par' dir='ltr' id='par_1_14' title="bbox 497 1481 2058 1555">
     <span class='ocr_line' id='line_1_14' title="bbox 497 1481 2058 1555; baseline -0.004 -12"><span class='ocrx_word' id='word_1_78' title='bbox 497 1489 702 1544; x_wconf 93' lang='lat' dir='ltr'><strong>mundo</strong></span> <span class='ocrx_word' id='word_1_79' title='bbox 731 1496 859 1544; x_wconf 87' lang='lat' dir='ltr'><strong>sunt</strong></span> <span class='ocrx_word' id='word_1_80' title='bbox 888 1487 940 1543; x_wconf 89' lang='lat' dir='ltr'><strong>in</strong></span> <span class='ocrx_word' id='word_1_81' title='bbox 972 1495 1172 1543; x_wconf 88' lang='lat' dir='ltr'><strong>sortem</strong></span> <span class='ocrx_word' id='word_1_82' title='bbox 1204 1503 1269 1540; x_wconf 82' lang='lat' dir='ltr'><strong>ac</strong></span> <span class='ocrx_word' id='word_1_83' title='bbox 1300 1485 1602 1555; x_wconf 83' lang='lat' dir='ltr'><strong>portionem</strong></span> <span class='ocrx_word' id='word_1_84' title='bbox 1632 1483 1899 1548; x_wconf 86' lang='lat' dir='ltr'><strong>obtinent,</strong></span> <span class='ocrx_word' id='word_1_85' title='bbox 1930 1490 1984 1537; x_wconf 88' lang='lat' dir='ltr'><strong>et</strong></span> <span class='ocrx_word' id='word_1_86' title='bbox 2015 1481 2058 1537; x_wconf 87' lang='lat' dir='ltr'><strong>si</strong></span> 
     </span>
    </p>
   </div>
   <div class='ocr_carea' id='block_1_15' title="bbox 493 1575 1818 1651">
    <p class='ocr_par' dir='ltr' id='par_1_15' title="bbox 493 1575 1818 1651">
     <span class='ocr_line' id='line_1_15' title="bbox 493 1575 1818 1651; baseline -0.002 -17"><span class='ocrx_word' id='word_1_87' title='bbox 493 1581 622 1651; x_wconf 89' lang='lat' dir='ltr'><strong>quid</strong></span> <span class='ocrx_word' id='word_1_88' title='bbox 652 1588 874 1650; x_wconf 88' lang='lat' dir='ltr'><strong>propter</strong></span> <span class='ocrx_word' id='word_1_89' title='bbox 904 1579 990 1636; x_wconf 93' lang='lat' dir='ltr'><strong>illa</strong></span> <span class='ocrx_word' id='word_1_90' title='bbox 1019 1579 1261 1650; x_wconf 87' lang='lat' dir='ltr'><strong>perpessi</strong></span> <span class='ocrx_word' id='word_1_91' title='bbox 1293 1578 1520 1643; x_wconf 82' lang='lat' dir='ltr'><strong>fuerint,</strong></span> <span class='ocrx_word' id='word_1_92' title='bbox 1547 1575 1818 1632; x_wconf 85' lang='lat' dir='ltr'><strong>laetantur.</strong></span> 
     </span>
    </p>
   </div>
   <div class='ocr_carea' id='block_1_16' title="bbox 565 1665 2057 1738">
    <p class='ocr_par' dir='ltr' id='par_1_16' title="bbox 565 1665 2057 1738">
     <span class='ocr_line' id='line_1_16' title="bbox 565 1665 2057 1738; baseline -0.005 -12"><span class='ocrx_word' id='word_1_93' title='bbox 565 1669 730 1726; x_wconf 74' lang='lat' dir='ltr'><strong>Vens.</strong></span> <span class='ocrx_word' id='word_1_94' title='bbox 764 1671 885 1726; x_wconf 67' lang='lat'><strong>“2.</strong></span> <span class='ocrx_word' id='word_1_95' title='bbox 920 1669 1177 1726; x_wconf 78' lang='lat' dir='ltr'><strong>Inclinavi</strong></span> <span class='ocrx_word' id='word_1_96' title='bbox 1207 1686 1296 1723; x_wconf 83' lang='lat' dir='ltr'><strong>cor</strong></span> <span class='ocrx_word' id='word_1_97' title='bbox 1321 1685 1490 1723; x_wconf 89' lang='lat' dir='ltr'><strong>meum</strong></span> <span class='ocrx_word' id='word_1_98' title='bbox 1515 1668 1583 1721; x_wconf 84' lang='lat' dir='ltr'><strong>ad</strong></span> <span class='ocrx_word' id='word_1_99' title='bbox 1606 1667 1874 1738; x_wconf 78' lang='lat' dir='ltr'><strong>faciendas</strong></span> <span class='ocrx_word' id='word_1_100' title='bbox 1890 1665 2028 1737; x_wconf 83' lang='lat' dir='ltr'><strong>justi</strong></span> <span class='ocrx_word' id='word_1_101' title='bbox 2038 1698 2057 1707; x_wconf 93' lang='lat'><em>-</em></span> 
     </span>
    </p>
   </div>
   <div class='ocr_carea' id='block_1_17' title="bbox 493 1758 2057 1830">
    <p class='ocr_par' dir='ltr' id='par_1_17' title="bbox 493 1758 2057 1830">
     <span class='ocr_line' id='line_1_17' title="bbox 493 1758 2057 1830; baseline -0.004 -14"><span class='ocrx_word' id='word_1_102' title='bbox 493 1762 766 1830; x_wconf 79' lang='lat' dir='ltr'><strong>ﬂcatioues</strong></span> <span class='ocrx_word' id='word_1_103' title='bbox 787 1770 903 1815; x_wconf 84' lang='lat' dir='ltr'><strong>tuas</strong></span> <span class='ocrx_word' id='word_1_104' title='bbox 932 1761 985 1814; x_wconf 84' lang='lat' dir='ltr'><strong>in</strong></span> <span class='ocrx_word' id='word_1_105' title='bbox 1011 1770 1260 1814; x_wconf 75' lang='lat' dir='ltr'><strong>wteruum</strong></span> <span class='ocrx_word' id='word_1_106' title='bbox 1288 1766 1498 1828; x_wconf 82' lang='lat' dir='ltr'><strong>prapter</strong></span> <span class='ocrx_word' id='word_1_107' title='bbox 1520 1758 1931 1821; x_wconf 82' lang='lat' dir='ltr'><strong>retributionem,</strong></span> <span class='ocrx_word' id='word_1_108' title='bbox 1956 1767 2057 1811; x_wconf 89' lang='lat' dir='ltr'><strong>etc.</strong></span> 
     </span>
    </p>
   </div>
   <div class='ocr_carea' id='block_1_18' title="bbox 497 1849 2060 1924">
    <p class='ocr_par' dir='ltr' id='par_1_18' title="bbox 497 1849 2060 1924">
     <span class='ocr_line' id='line_1_18' title="bbox 497 1849 2060 1924; baseline -0.003 -16"><span class='ocrx_word' id='word_1_109' title='bbox 497 1853 774 1921; x_wconf 83' lang='lat' dir='ltr'><strong>luclinavi,</strong></span> <span class='ocrx_word' id='word_1_110' title='bbox 800 1851 923 1924; x_wconf 85' lang='lat' dir='ltr'><strong>quia</strong></span> <span class='ocrx_word' id='word_1_111' title='bbox 961 1852 1198 1908; x_wconf 86' lang='lat' dir='ltr'><strong>sciebam</strong></span> <span class='ocrx_word' id='word_1_112' title='bbox 1232 1849 1527 1922; x_wconf 86' lang='lat' dir='ltr'><strong>repositam</strong></span> <span class='ocrx_word' id='word_1_113' title='bbox 1569 1849 1698 1904; x_wconf 92' lang='lat' dir='ltr'><strong>mihi</strong></span> <span class='ocrx_word' id='word_1_114' title='bbox 1734 1864 1852 1905; x_wconf 90' lang='lat' dir='ltr'><strong>esse</strong></span> <span class='ocrx_word' id='word_1_115' title='bbox 1901 1850 2060 1904; x_wconf 89' lang='lat' dir='ltr'><strong>retri-</strong></span> 
     </span>
    </p>
   </div>
   <div class='ocr_carea' id='block_1_19' title="bbox 494 1941 2060 2014">
    <p class='ocr_par' dir='ltr' id='par_1_19' title="bbox 494 1941 2060 2014">
     <span class='ocr_line' id='line_1_19' title="bbox 494 1941 2060 2014; baseline -0.003 -14"><span class='ocrx_word' id='word_1_116' title='bbox 494 1946 792 2012; x_wconf 88' lang='lat' dir='ltr'><strong>butionem,</strong></span> <span class='ocrx_word' id='word_1_117' title='bbox 827 1943 968 2012; x_wconf 90' lang='lat' dir='ltr'><strong>quod</strong></span> <span class='ocrx_word' id='word_1_118' title='bbox 998 1951 1082 1998; x_wconf 88' lang='lat' dir='ltr'><strong>est</strong></span> <span class='ocrx_word' id='word_1_119' title='bbox 1114 1959 1338 2014; x_wconf 78' lang='lat' dir='ltr'><strong>regnum</strong></span> <span class='ocrx_word' id='word_1_120' title='bbox 1367 1943 1458 1998; x_wconf 87' lang='lat' dir='ltr'><strong>Dei</strong></span> <span class='ocrx_word' id='word_1_121' title='bbox 1492 1959 1505 1998; x_wconf 90' lang='lat'><strong>:</strong></span> <span class='ocrx_word' id='word_1_122' title='bbox 1538 1959 1556 1993; x_wconf 85' lang='grc' dir='ltr'><strong>ι</strong></span> <span class='ocrx_word' id='word_1_123' title='bbox 1583 1941 1710 2008; x_wconf 75' lang='lat' dir='ltr'><strong>Quae</strong></span> <span class='ocrx_word' id='word_1_124' title='bbox 1739 1942 1924 1996; x_wconf 79' lang='lat' dir='ltr'><strong>oculus</strong></span> <span class='ocrx_word' id='word_1_125' title='bbox 1957 1956 2060 1996; x_wconf 87' lang='lat' dir='ltr'><strong>non</strong></span> 
     </span>
    </p>
   </div>
   <div class='ocr_carea' id='block_1_20' title="bbox 493 2033 2063 2103">
    <p class='ocr_par' dir='ltr' id='par_1_20' title="bbox 493 2033 2063 2103">
     <span class='ocr_line' id='line_1_20' title="bbox 493 2033 2063 2103; baseline 0 -15"><span class='ocrx_word' id='word_1_126' title='bbox 493 2035 646 2103; x_wconf 73' lang='lat' dir='ltr'><strong>vidit,</strong></span> <span class='ocrx_word' id='word_1_127' title='bbox 677 2050 776 2091; x_wconf 89' lang='lat' dir='ltr'><strong>nec</strong></span> <span class='ocrx_word' id='word_1_128' title='bbox 805 2033 956 2090; x_wconf 88' lang='lat' dir='ltr'><strong>auris</strong></span> <span class='ocrx_word' id='word_1_129' title='bbox 988 2034 1216 2097; x_wconf 79' lang='lat' dir='ltr'><strong>audivit,</strong></span> <span class='ocrx_word' id='word_1_130' title='bbox 1251 2048 1349 2090; x_wconf 88' lang='lat' dir='ltr'><strong>nec</strong></span> <span class='ocrx_word' id='word_1_131' title='bbox 1387 2033 1441 2089; x_wconf 92' lang='lat' dir='ltr'><strong>in</strong></span> <span class='ocrx_word' id='word_1_132' title='bbox 1485 2048 1580 2089; x_wconf 88' lang='lat' dir='ltr'><strong>cor</strong></span> <span class='ocrx_word' id='word_1_133' title='bbox 1612 2033 1848 2089; x_wconf 89' lang='lat' dir='ltr'><strong>hominis</strong></span> <span class='ocrx_word' id='word_1_134' title='bbox 1875 2048 2063 2088; x_wconf 87' lang='lat' dir='ltr'><strong>ascen-</strong></span> 
     </span>
    </p>
   </div>
   <div class='ocr_carea' id='block_1_21' title="bbox 492 2123 1899 2198">
    <p class='ocr_par' dir='ltr' id='par_1_21' title="bbox 492 2123 1899 2198">
     <span class='ocr_line' id='line_1_21' title="bbox 492 2123 1899 2198; baseline -0.006 -14"><span class='ocrx_word' id='word_1_135' title='bbox 492 2127 590 2192; x_wconf 92' lang='lat' dir='ltr'><strong>dit,</strong></span> <span class='ocrx_word' id='word_1_136' title='bbox 623 2141 744 2197; x_wconf 79' lang='lat' dir='ltr'><strong>quze</strong></span> <span class='ocrx_word' id='word_1_137' title='bbox 769 2125 1097 2198; x_wconf 58' lang='lat' dir='ltr'><strong>praeparavit</strong></span> <span class='ocrx_word' id='word_1_138' title='bbox 1129 2123 1270 2180; x_wconf 90' lang='lat' dir='ltr'><strong>Deus</strong></span> <span class='ocrx_word' id='word_1_139' title='bbox 1305 2123 1648 2194; x_wconf 78' lang='lat' dir='ltr'><strong>diligentibus</strong></span> <span class='ocrx_word' id='word_1_140' title='bbox 1681 2138 1738 2179; x_wconf 89' lang='lat' dir='ltr'><strong>se</strong></span> <span class='ocrx_word' id='word_1_141' title='bbox 1769 2123 1835 2178; x_wconf 67' lang='grc' dir='ltr'><strong>δ’.</strong></span> <span class='ocrx_word' id='word_1_142' title='bbox 1881 2142 1899 2176; x_wconf 74' lang='grc' dir='ltr'><strong>ι</strong></span> 
     </span>
    </p>
   </div>
   <div class='ocr_carea' id='block_1_22' title="bbox 561 2214 2061 2291">
    <p class='ocr_par' dir='ltr' id='par_1_22' title="bbox 561 2214 2061 2291">
     <span class='ocr_line' id='line_1_22' title="bbox 561 2214 2061 2291; baseline 0.001 -19"><span class='ocrx_word' id='word_1_143' title='bbox 561 2217 835 2291; x_wconf 82' lang='lat' dir='ltr'><strong>Ejusdem.</strong></span> <span class='ocrx_word' id='word_1_144' title='bbox 921 2215 1230 2274; x_wconf 77' lang='lat' dir='ltr'><strong>Retributio</strong></span> <span class='ocrx_word' id='word_1_145' title='bbox 1283 2214 1773 2285; x_wconf 80' lang='lat' dir='ltr'><strong>justiticationum,</strong></span> <span class='ocrx_word' id='word_1_146' title='bbox 1826 2216 2061 2289; x_wconf 73' lang='lat' dir='ltr'><strong>cognitio</strong></span> 
     </span>
    </p>
   </div>
   <div class='ocr_carea' id='block_1_23' title="bbox 491 2312 838 2368">
    <p class='ocr_par' dir='ltr' id='par_1_23' title="bbox 491 2312 838 2368">
     <span class='ocr_line' id='line_1_23' title="bbox 491 2312 838 2368; baseline -0.003 -2"><span class='ocrx_word' id='word_1_147' title='bbox 491 2312 705 2367; x_wconf 83' lang='lat' dir='ltr'><strong>illarum</strong></span> <span class='ocrx_word' id='word_1_148' title='bbox 729 2320 838 2368; x_wconf 88' lang='lat' dir='ltr'><strong>est.</strong></span> 
     </span>
    </p>
   </div>
   <div class='ocr_carea' id='block_1_24' title="bbox 561 2400 2057 2474">
    <p class='ocr_par' dir='ltr' id='par_1_24' title="bbox 561 2400 2057 2474">
     <span class='ocr_line' id='line_1_24' title="bbox 561 2400 2057 2474; baseline -0.002 -15"><span class='ocrx_word' id='word_1_149' title='bbox 561 2402 725 2459; x_wconf 73' lang='lat' dir='ltr'><strong>Vens.</strong></span> <span class='ocrx_word' id='word_1_150' title='bbox 773 2402 898 2458; x_wconf 78' lang='lat' dir='ltr'><strong>H3.</strong></span> <span class='ocrx_word' id='word_1_151' title='bbox 934 2400 1156 2474; x_wconf 78' lang='lat' dir='ltr'><strong>Iniquus</strong></span> <span class='ocrx_word' id='word_1_152' title='bbox 1195 2402 1319 2457; x_wconf 86' lang='lat' dir='ltr'><strong>odio</strong></span> <span class='ocrx_word' id='word_1_153' title='bbox 1368 2402 1570 2466; x_wconf 82' lang='lat' dir='ltr'><strong>habui,</strong></span> <span class='ocrx_word' id='word_1_154' title='bbox 1615 2409 1665 2456; x_wconf 77' lang='lat' dir='ltr'><strong>et</strong></span> <span class='ocrx_word' id='word_1_155' title='bbox 1707 2401 1871 2473; x_wconf 84' lang='lat' dir='ltr'><strong>legem</strong></span> <span class='ocrx_word' id='word_1_156' title='bbox 1915 2412 2057 2456; x_wconf 85' lang='lat' dir='ltr'><strong>tuam</strong></span> 
     </span>
    </p>
   </div>
   <div class='ocr_carea' id='block_1_25' title="bbox 487 2493 2060 2565">
    <p class='ocr_par' dir='ltr' id='par_1_25' title="bbox 487 2493 2060 2565">
     <span class='ocr_line' id='line_1_25' title="bbox 487 2493 2060 2565; baseline 0.001 -17"><span class='ocrx_word' id='word_1_157' title='bbox 487 2495 670 2562; x_wconf 76' lang='lat' dir='ltr'><strong>dilexi,</strong></span> <span class='ocrx_word' id='word_1_158' title='bbox 729 2503 840 2550; x_wconf 87' lang='lat' dir='ltr'><strong>etc.</strong></span> <span class='ocrx_word' id='word_1_159' title='bbox 899 2494 1144 2565; x_wconf 85' lang='lat' dir='ltr'><strong>Iniquus,</strong></span> <span class='ocrx_word' id='word_1_160' title='bbox 1201 2503 1471 2565; x_wconf 88' lang='lat' dir='ltr'><strong>quatenus</strong></span> <span class='ocrx_word' id='word_1_161' title='bbox 1523 2493 1742 2563; x_wconf 90' lang='lat' dir='ltr'><strong>iniquus</strong></span> <span class='ocrx_word' id='word_1_162' title='bbox 1783 2501 1884 2558; x_wconf 85' lang='lat' dir='ltr'><strong>est,</strong></span> <span class='ocrx_word' id='word_1_163' title='bbox 1937 2496 2060 2550; x_wconf 86' lang='lat' dir='ltr'><strong>odio</strong></span> 
     </span>
    </p>
   </div>
   <div class='ocr_carea' id='block_1_26' title="bbox 490 2584 2058 2655">
    <p class='ocr_par' dir='ltr' id='par_1_26' title="bbox 490 2584 2058 2655">
     <span class='ocr_line' id='line_1_26' title="bbox 490 2584 2058 2655; baseline 0.003 -18"><span class='ocrx_word' id='word_1_164' title='bbox 490 2585 758 2650; x_wconf 87' lang='lat' dir='ltr'><strong>habetur;</strong></span> <span class='ocrx_word' id='word_1_165' title='bbox 808 2594 1078 2654; x_wconf 85' lang='lat' dir='ltr'><strong>quatenus</strong></span> <span class='ocrx_word' id='word_1_166' title='bbox 1119 2592 1297 2639; x_wconf 91' lang='lat' dir='ltr'><strong>autem</strong></span> <span class='ocrx_word' id='word_1_167' title='bbox 1334 2586 1510 2655; x_wconf 82' lang='lat' dir='ltr'><strong>imago</strong></span> <span class='ocrx_word' id='word_1_168' title='bbox 1536 2594 1591 2640; x_wconf 91' lang='lat' dir='ltr'><strong>et</strong></span> <span class='ocrx_word' id='word_1_169' title='bbox 1618 2584 1933 2654; x_wconf 83' lang='lat' dir='ltr'><strong>ﬁgmentum</strong></span> <span class='ocrx_word' id='word_1_170' title='bbox 1967 2585 2058 2642; x_wconf 88' lang='lat' dir='ltr'><strong>Dei</strong></span> 
     </span>
    </p>
   </div>
   <div class='ocr_carea' id='block_1_27' title="bbox 485 2675 2057 2746">
    <p class='ocr_par' dir='ltr' id='par_1_27' title="bbox 485 2675 2057 2746">
     <span class='ocr_line' id='line_1_27' title="bbox 485 2675 2057 2746; baseline 0.001 -17"><span class='ocrx_word' id='word_1_171' title='bbox 485 2683 590 2741; x_wconf 82' lang='lat' dir='ltr'><strong>est,</strong></span> <span class='ocrx_word' id='word_1_172' title='bbox 639 2675 900 2746; x_wconf 77' lang='lat' dir='ltr'><strong>diligitur.</strong></span> <span class='ocrx_word' id='word_1_173' title='bbox 960 2675 1073 2730; x_wconf 89' lang='lat' dir='ltr'><strong>Sub</strong></span> <span class='ocrx_word' id='word_1_174' title='bbox 1133 2675 1235 2730; x_wconf 93' lang='lat' dir='ltr'><strong>hoc</strong></span> <span class='ocrx_word' id='word_1_175' title='bbox 1287 2677 1453 2745; x_wconf 82' lang='lat' dir='ltr'><strong>igitur</strong></span> <span class='ocrx_word' id='word_1_176' title='bbox 1511 2675 1752 2732; x_wconf 89' lang='lat' dir='ltr'><strong>secundo</strong></span> <span class='ocrx_word' id='word_1_177' title='bbox 1811 2687 2057 2746; x_wconf 85' lang='lat' dir='ltr'><strong>respectu</strong></span> 
     </span>
    </p>
   </div>
   <div class='ocr_carea' id='block_1_28' title="bbox 486 2765 2058 2838">
    <p class='ocr_par' dir='ltr' id='par_1_28' title="bbox 486 2765 2058 2838">
     <span class='ocr_line' id='line_1_28' title="bbox 486 2765 2058 2838; baseline 0.002 -17"><span class='ocrx_word' id='word_1_178' title='bbox 486 2767 653 2821; x_wconf 88' lang='lat' dir='ltr'><strong>etiam</strong></span> <span class='ocrx_word' id='word_1_179' title='bbox 680 2769 746 2822; x_wconf 87' lang='lat' dir='ltr'><strong>ad</strong></span> <span class='ocrx_word' id='word_1_180' title='bbox 770 2781 864 2823; x_wconf 90' lang='lat' dir='ltr'><strong>eos</strong></span> <span class='ocrx_word' id='word_1_181' title='bbox 898 2765 990 2835; x_wconf 90' lang='lat' dir='ltr'><strong>qui</strong></span> <span class='ocrx_word' id='word_1_182' title='bbox 1019 2779 1241 2822; x_wconf 84' lang='lat' dir='ltr'><strong>carcere</strong></span> <span class='ocrx_word' id='word_1_183' title='bbox 1285 2767 1597 2822; x_wconf 82' lang='lat' dir='ltr'><strong>detinentur</strong></span> <span class='ocrx_word' id='word_1_184' title='bbox 1618 2767 1874 2823; x_wconf 88' lang='lat' dir='ltr'><strong>accedere</strong></span> <span class='ocrx_word' id='word_1_185' title='bbox 1898 2769 2058 2838; x_wconf 87' lang='lat' dir='ltr'><strong>jube-</strong></span> 
     </span>
    </p>
   </div>
   <div class='ocr_carea' id='block_1_29' title="bbox 487 2857 2058 2917">
    <p class='ocr_par' dir='ltr' id='par_1_29' title="bbox 487 2857 2058 2917">
     <span class='ocr_line' id='line_1_29' title="bbox 487 2857 2058 2917; baseline 0.005 -8"><span class='ocrx_word' id='word_1_186' title='bbox 487 2873 607 2914; x_wconf 86' lang='lat' dir='ltr'><strong>mnr</strong></span> <span class='ocrx_word' id='word_1_187' title='bbox 643 2867 698 2914; x_wconf 88' lang='lat' dir='ltr'><strong>et</strong></span> <span class='ocrx_word' id='word_1_188' title='bbox 729 2859 886 2914; x_wconf 88' lang='lat' dir='ltr'><strong>malis</strong></span> <span class='ocrx_word' id='word_1_189' title='bbox 909 2857 1251 2914; x_wconf 81' lang='lat' dir='ltr'><strong>benefacere.</strong></span> <span class='ocrx_word' id='word_1_190' title='bbox 1305 2857 1490 2914; x_wconf 84' lang='lat' dir='ltr'><strong>Potest</strong></span> <span class='ocrx_word' id='word_1_191' title='bbox 1533 2867 1718 2914; x_wconf 88' lang='lat' dir='ltr'><strong>autem</strong></span> <span class='ocrx_word' id='word_1_192' title='bbox 1751 2860 1920 2915; x_wconf 87' lang='lat' dir='ltr'><strong>David</strong></span> <span class='ocrx_word' id='word_1_193' title='bbox 1957 2862 2058 2917; x_wconf 91' lang='lat' dir='ltr'><strong>hoc</strong></span> 
     </span>
    </p>
   </div>
   <div class='ocr_carea' id='block_1_30' title="bbox 489 2947 2058 3022">
    <p class='ocr_par' dir='ltr' id='par_1_30' title="bbox 489 2947 2058 3022">
     <span class='ocr_line' id='line_1_30' title="bbox 489 2947 2058 3022; baseline 0.001 -17"><span class='ocrx_word' id='word_1_194' title='bbox 489 2947 605 3005; x_wconf 89' lang='lat' dir='ltr'><strong>loco</strong></span> <span class='ocrx_word' id='word_1_195' title='bbox 639 2948 858 3022; x_wconf 88' lang='lat' dir='ltr'><strong>iniquos</strong></span> <span class='ocrx_word' id='word_1_196' title='bbox 889 2948 1073 3008; x_wconf 88' lang='lat' dir='ltr'><strong>dicere</strong></span> <span class='ocrx_word' id='word_1_197' title='bbox 1118 2961 1404 3008; x_wconf 87' lang='lat' dir='ltr'><strong>sermones</strong></span> <span class='ocrx_word' id='word_1_198' title='bbox 1451 2959 1508 3006; x_wconf 89' lang='lat' dir='ltr'><strong>et</strong></span> <span class='ocrx_word' id='word_1_199' title='bbox 1555 2948 1704 3020; x_wconf 89' lang='lat' dir='ltr'><strong>leges</strong></span> <span class='ocrx_word' id='word_1_200' title='bbox 1749 2965 1887 3021; x_wconf 89' lang='lat' dir='ltr'><strong>quas</strong></span> <span class='ocrx_word' id='word_1_201' title='bbox 1932 2951 2058 3007; x_wconf 83' lang='lat' dir='ltr'><strong>odio</strong></span> 
     </span>
    </p>
   </div>
   <div class='ocr_carea' id='block_1_31' title="bbox 485 3038 698 3096">
    <p class='ocr_par' dir='ltr' id='par_1_31' title="bbox 485 3038 698 3096">
     <span class='ocr_line' id='line_1_31' title="bbox 485 3038 698 3096; baseline 0.005 -1"><span class='ocrx_word' id='word_1_202' title='bbox 485 3038 698 3096; x_wconf 89' lang='lat' dir='ltr'><strong>habuit.</strong></span> 
     </span>
    </p>
   </div>
   <div class='ocr_carea' id='block_1_32' title="bbox 533 3131 2054 3206">
    <p class='ocr_par' dir='ltr' id='par_1_32' title="bbox 533 3131 2054 3206">
     <span class='ocr_line' id='line_1_32' title="bbox 533 3131 2054 3206; baseline 0.006 -20"><span class='ocrx_word' id='word_1_203' title='bbox 533 3132 834 3204; x_wconf 66' lang='lat' dir='ltr'><strong>Ejusdem.</strong></span> <span class='ocrx_word' id='word_1_204' title='bbox 897 3131 1015 3191; x_wconf 88' lang='lat' dir='ltr'><strong>Non</strong></span> <span class='ocrx_word' id='word_1_205' title='bbox 1073 3132 1200 3191; x_wconf 91' lang='lat' dir='ltr'><strong>odio</strong></span> <span class='ocrx_word' id='word_1_206' title='bbox 1257 3133 1446 3192; x_wconf 84' lang='lat' dir='ltr'><strong>habuit</strong></span> <span class='ocrx_word' id='word_1_207' title='bbox 1494 3134 1710 3206; x_wconf 88' lang='lat' dir='ltr'><strong>iniquos</strong></span> <span class='ocrx_word' id='word_1_208' title='bbox 1753 3137 2054 3195; x_wconf 86' lang='lat' dir='ltr'><strong>homines:</strong></span> 
     </span>
    </p>
   </div>
   <div class='ocr_carea' id='block_1_33' title="bbox 485 3226 2059 3301">
    <p class='ocr_par' dir='ltr' id='par_1_33' title="bbox 485 3226 2059 3301">
     <span class='ocr_line' id='line_1_33' title="bbox 485 3226 2059 3301; baseline 0.004 -19"><span class='ocrx_word' id='word_1_209' title='bbox 485 3241 610 3282; x_wconf 88' lang='lat' dir='ltr'><strong>nam</strong></span> <span class='ocrx_word' id='word_1_210' title='bbox 645 3241 714 3282; x_wconf 81' lang='lat' dir='ltr'><strong>ex</strong></span> <span class='ocrx_word' id='word_1_211' title='bbox 744 3227 862 3298; x_wconf 84' lang='lat' dir='ltr'><strong>ejus</strong></span> <span class='ocrx_word' id='word_1_212' title='bbox 888 3228 997 3282; x_wconf 84' lang='lat' dir='ltr'><strong>vita</strong></span> <span class='ocrx_word' id='word_1_213' title='bbox 1027 3226 1193 3298; x_wconf 88' lang='lat' dir='ltr'><strong>liquet</strong></span> <span class='ocrx_word' id='word_1_214' title='bbox 1233 3228 1287 3285; x_wconf 85' lang='lat' dir='ltr'><strong>ei</strong></span> <span class='ocrx_word' id='word_1_215' title='bbox 1330 3242 1435 3284; x_wconf 89' lang='lat' dir='ltr'><strong>non</strong></span> <span class='ocrx_word' id='word_1_216' title='bbox 1486 3227 1651 3286; x_wconf 81' lang='lat' dir='ltr'><strong>fuisse</strong></span> <span class='ocrx_word' id='word_1_217' title='bbox 1682 3230 1807 3286; x_wconf 90' lang='lat' dir='ltr'><strong>odio</strong></span> <span class='ocrx_word' id='word_1_218' title='bbox 1842 3230 2059 3301; x_wconf 89' lang='lat' dir='ltr'><strong>iniquos</strong></span> 
     </span>
    </p>
   </div>
   <div class='ocr_carea' id='block_1_34' title="bbox 487 3319 2058 3390">
    <p class='ocr_par' dir='ltr' id='par_1_34' title="bbox 487 3319 2058 3390">
     <span class='ocr_line' id='line_1_34' title="bbox 487 3319 2058 3390; baseline 0.003 -16"><span class='ocrx_word' id='word_1_219' title='bbox 487 3319 734 3376; x_wconf 86' lang='lat' dir='ltr'><strong>homines</strong></span> <span class='ocrx_word' id='word_1_220' title='bbox 767 3336 781 3375; x_wconf 91' lang='lat'><strong>:</strong></span> <span class='ocrx_word' id='word_1_221' title='bbox 817 3333 992 3390; x_wconf 89' lang='lat' dir='ltr'><strong>neque</strong></span> <span class='ocrx_word' id='word_1_222' title='bbox 1022 3319 1166 3376; x_wconf 89' lang='lat' dir='ltr'><strong>enim</strong></span> <span class='ocrx_word' id='word_1_223' title='bbox 1200 3320 1522 3390; x_wconf 87' lang='lat' dir='ltr'><strong>parricidam</strong></span> <span class='ocrx_word' id='word_1_224' title='bbox 1569 3320 1889 3378; x_wconf 82' lang='lat' dir='ltr'><strong>Abessalom</strong></span> <span class='ocrx_word' id='word_1_225' title='bbox 1931 3323 2058 3380; x_wconf 92' lang='lat' dir='ltr'><strong>odio</strong></span> 
     </span>
    </p>
   </div>
   <div class='ocr_carea' id='block_1_35' title="bbox 486 3411 2057 3484">
    <p class='ocr_par' dir='ltr' id='par_1_35' title="bbox 486 3411 2057 3484">
     <span class='ocr_line' id='line_1_35' title="bbox 486 3411 2057 3484; baseline -0.001 -13"><span class='ocrx_word' id='word_1_226' title='bbox 486 3414 696 3480; x_wconf 89' lang='lat' dir='ltr'><strong>habuit,</strong></span> <span class='ocrx_word' id='word_1_227' title='bbox 746 3428 922 3484; x_wconf 89' lang='lat' dir='ltr'><strong>neque</strong></span> <span class='ocrx_word' id='word_1_228' title='bbox 969 3413 1186 3474; x_wconf 75' lang='lat' dir='ltr'><strong>Saﬁlem</strong></span> <span class='ocrx_word' id='word_1_229' title='bbox 1227 3413 1318 3482; x_wconf 91' lang='lat' dir='ltr'><strong>qui</strong></span> <span class='ocrx_word' id='word_1_230' title='bbox 1375 3412 1557 3469; x_wconf 78' lang='lat' dir='ltr'><strong>varias</strong></span> <span class='ocrx_word' id='word_1_231' title='bbox 1601 3411 1788 3468; x_wconf 84' lang='lat' dir='ltr'><strong>Davidi</strong></span> <span class='ocrx_word' id='word_1_232' title='bbox 1831 3412 2057 3470; x_wconf 73' lang='lat' dir='ltr'><strong>insidias</strong></span> 
     </span>
    </p>
   </div>
   <div class='ocr_carea' id='block_1_36' title="bbox 481 3501 2058 3575">
    <p class='ocr_par' dir='ltr' id='par_1_36' title="bbox 481 3501 2058 3575">
     <span class='ocr_line' id='line_1_36' title="bbox 481 3501 2058 3575; baseline 0.001 -13"><span class='ocrx_word' id='word_1_233' title='bbox 481 3513 759 3562; x_wconf 81' lang='lat' dir='ltr'><strong>struxerat</strong></span> <span class='ocrx_word' id='word_1_234' title='bbox 808 3513 863 3562; x_wconf 86' lang='lat' dir='ltr'><strong>et</strong></span> <span class='ocrx_word' id='word_1_235' title='bbox 911 3503 977 3562; x_wconf 87' lang='lat' dir='ltr'><strong>de</strong></span> <span class='ocrx_word' id='word_1_236' title='bbox 1021 3518 1130 3575; x_wconf 88' lang='lat' dir='ltr'><strong>quo</strong></span> <span class='ocrx_word' id='word_1_237' title='bbox 1161 3503 1300 3566; x_wconf 79' lang='lat' dir='ltr'><strong>dixit</strong></span> <span class='ocrx_word' id='word_1_238' title='bbox 1330 3504 1470 3560; x_wconf 88' lang='lat' dir='ltr'><strong>Deus</strong></span> <span class='ocrx_word' id='word_1_239' title='bbox 1493 3503 1541 3538; x_wconf 81' lang='grc'><strong>⁸⁸</strong></span> <span class='ocrx_word' id='word_1_240' title='bbox 1581 3521 1596 3558; x_wconf 93' lang='lat'><strong>:</strong></span> <span class='ocrx_word' id='word_1_241' title='bbox 1637 3520 1657 3558; x_wconf 79' lang='grc' dir='ltr'><strong>ι</strong></span> <span class='ocrx_word' id='word_1_242' title='bbox 1687 3501 1921 3560; x_wconf 66' lang='lat' dir='ltr'><strong>Paenitet</strong></span> <span class='ocrx_word' id='word_1_243' title='bbox 1972 3519 2058 3563; x_wconf 89' lang='lat' dir='ltr'><strong>me</strong></span> 
     </span>
    </p>
   </div>
   <div class='ocr_carea' id='block_1_37' title="bbox 483 3595 2057 3667">
    <p class='ocr_par' dir='ltr' id='par_1_37' title="bbox 483 3595 2057 3667">
     <span class='ocr_line' id='line_1_37' title="bbox 483 3595 2057 3667; baseline -0.002 -16"><span class='ocrx_word' id='word_1_244' title='bbox 483 3597 626 3667; x_wconf 89' lang='lat' dir='ltr'><strong>quod</strong></span> <span class='ocrx_word' id='word_1_245' title='bbox 649 3597 900 3653; x_wconf 82' lang='lat' dir='ltr'><strong>unxerim</strong></span> <span class='ocrx_word' id='word_1_246' title='bbox 927 3595 1055 3652; x_wconf 73' lang='grc' dir='ltr'>δοῦ]</span> <span class='ocrx_word' id='word_1_247' title='bbox 1084 3595 1139 3667; x_wconf 87' lang='lat' dir='ltr'><strong>in</strong></span> <span class='ocrx_word' id='word_1_248' title='bbox 1162 3609 1345 3666; x_wconf 88' lang='lat' dir='ltr'><strong>regem</strong></span> <span class='ocrx_word' id='word_1_249' title='bbox 1371 3611 1388 3662; x_wconf 88' lang='lat'><strong>;</strong></span> <span class='ocrx_word' id='word_1_250' title='bbox 1413 3611 1434 3647; x_wconf 79' lang='grc' dir='ltr'><strong>ι</strong></span> <span class='ocrx_word' id='word_1_251' title='bbox 1467 3610 1648 3665; x_wconf 88' lang='lat' dir='ltr'><strong>neque</strong></span> <span class='ocrx_word' id='word_1_252' title='bbox 1676 3595 1842 3651; x_wconf 90' lang='lat' dir='ltr'><strong>alium</strong></span> <span class='ocrx_word' id='word_1_253' title='bbox 1867 3609 2057 3666; x_wconf 83' lang='lat' dir='ltr'><strong>quem-</strong></span> 
     </span>
    </p>
   </div>
   <div class='ocr_carea' id='block_1_38' title="bbox 481 3684 2053 3758">
    <p class='ocr_par' dir='ltr' id='par_1_38' title="bbox 481 3684 2053 3758">
     <span class='ocr_line' id='line_1_38' title="bbox 481 3684 2053 3758; baseline -0.003 -16"><span class='ocrx_word' id='word_1_254' title='bbox 481 3687 626 3758; x_wconf 85' lang='lat' dir='ltr'><strong>piam</strong></span> <span class='ocrx_word' id='word_1_255' title='bbox 663 3686 932 3758; x_wconf 89' lang='lat' dir='ltr'><strong>iniquum.</strong></span> <span class='ocrx_word' id='word_1_256' title='bbox 981 3684 1344 3754; x_wconf 85' lang='lat' dir='ltr'><strong>Quamobrem</strong></span> <span class='ocrx_word' id='word_1_257' title='bbox 1380 3703 1399 3739; x_wconf 76' lang='grc' dir='ltr'><strong>ι</strong></span> <span class='ocrx_word' id='word_1_258' title='bbox 1428 3684 1644 3756; x_wconf 87' lang='lat' dir='ltr'><strong>iniquos</strong></span> <span class='ocrx_word' id='word_1_259' title='bbox 1672 3703 1692 3739; x_wconf 74' lang='grc' dir='ltr'><strong>ι</strong></span> <span class='ocrx_word' id='word_1_260' title='bbox 1731 3685 1920 3742; x_wconf 91' lang='lat' dir='ltr'><strong>dicens</strong></span> <span class='ocrx_word' id='word_1_261' title='bbox 1947 3699 2053 3740; x_wconf 91' lang='lat' dir='ltr'><strong>non</strong></span> 
     </span>
    </p>
   </div>
   <div class='ocr_carea' id='block_1_39' title="bbox 482 3775 2054 3846">
    <p class='ocr_par' dir='ltr' id='par_1_39' title="bbox 482 3775 2054 3846">
     <span class='ocr_line' id='line_1_39' title="bbox 482 3775 2054 3846; baseline -0.001 -14"><span class='ocrx_word' id='word_1_262' title='bbox 482 3778 690 3835; x_wconf 86' lang='lat' dir='ltr'><strong>addidit</strong></span> <span class='ocrx_word' id='word_1_263' title='bbox 726 3795 745 3830; x_wconf 86' lang='grc' dir='ltr'><strong>ι</strong></span> <span class='ocrx_word' id='word_1_264' title='bbox 775 3775 1067 3834; x_wconf 84' lang='lat' dir='ltr'><strong>homines:</strong></span> <span class='ocrx_word' id='word_1_265' title='bbox 1103 3795 1123 3830; x_wconf 76' lang='grc' dir='ltr'><strong>ι</strong></span> <span class='ocrx_word' id='word_1_266' title='bbox 1185 3791 1308 3832; x_wconf 90' lang='lat' dir='ltr'><strong>nam</strong></span> <span class='ocrx_word' id='word_1_267' title='bbox 1361 3784 1630 3846; x_wconf 87' lang='lat' dir='ltr'><strong>quatenus</strong></span> <span class='ocrx_word' id='word_1_268' title='bbox 1664 3785 1887 3833; x_wconf 88' lang='lat' dir='ltr'><strong>sanctus</strong></span> <span class='ocrx_word' id='word_1_269' title='bbox 1927 3776 2054 3831; x_wconf 86' lang='lat' dir='ltr'><strong>odio</strong></span> 
     </span>
    </p>
   </div>
   <div class='ocr_carea' id='block_1_40' title="bbox 481 3867 2054 3940">
    <p class='ocr_par' dir='ltr' id='par_1_40' title="bbox 481 3867 2054 3940">
     <span class='ocr_line' id='line_1_40' title="bbox 481 3867 2054 3940; baseline -0.002 -16"><span class='ocrx_word' id='word_1_270' title='bbox 481 3869 716 3925; x_wconf 87' lang='lat' dir='ltr'><strong>habebat</strong></span> <span class='ocrx_word' id='word_1_271' title='bbox 753 3869 920 3939; x_wconf 81' lang='lat'><strong>810</strong></span> <span class='ocrx_word' id='word_1_272' title='bbox 960 3883 1024 3924; x_wconf 89' lang='lat' dir='ltr'><strong>ea</strong></span> <span class='ocrx_word' id='word_1_273' title='bbox 1066 3883 1188 3940; x_wconf 86' lang='lat' dir='ltr'><strong>quae</strong></span> <span class='ocrx_word' id='word_1_274' title='bbox 1225 3867 1351 3924; x_wconf 91' lang='lat' dir='ltr'><strong>odio</strong></span> <span class='ocrx_word' id='word_1_275' title='bbox 1394 3867 1554 3937; x_wconf 85' lang='lat' dir='ltr'><strong>digna</strong></span> <span class='ocrx_word' id='word_1_276' title='bbox 1585 3873 1732 3933; x_wconf 88' lang='lat' dir='ltr'><strong>sunt,</strong></span> <span class='ocrx_word' id='word_1_277' title='bbox 1774 3878 2054 3922; x_wconf 83' lang='lat' dir='ltr'><strong>sermones</strong></span> 
     </span>
    </p>
   </div>
   <div class='ocr_carea' id='block_1_41' title="bbox 481 3954 2052 4032">
    <p class='ocr_par' dir='ltr' id='par_1_41' title="bbox 481 3954 2052 4032">
     <span class='ocr_line' id='line_1_41' title="bbox 481 3954 2052 4032; baseline -0.004 -16"><span class='ocrx_word' id='word_1_278' title='bbox 481 3960 721 4032; x_wconf 88' lang='lat' dir='ltr'><strong>iniquos,</strong></span> <span class='ocrx_word' id='word_1_279' title='bbox 747 3962 996 4031; x_wconf 79' lang='lat' dir='ltr'><strong>dogmata</strong></span> <span class='ocrx_word' id='word_1_280' title='bbox 1041 3959 1247 4029; x_wconf 88' lang='lat' dir='ltr'><strong>iniqua,</strong></span> <span class='ocrx_word' id='word_1_281' title='bbox 1287 3959 1562 4016; x_wconf 88' lang='lat' dir='ltr'><strong>doctrinas</strong></span> <span class='ocrx_word' id='word_1_282' title='bbox 1590 3957 1873 4031; x_wconf 85' lang='lat' dir='ltr'><strong>ejusmodi,</strong></span> <span class='ocrx_word' id='word_1_283' title='bbox 1921 3954 2052 4013; x_wconf 68' lang='lat' dir='ltr'><strong>alie-</strong></span> 
     </span>
    </p>
   </div>
   <div class='ocr_carea' id='block_1_42' title="bbox 481 4049 2052 4121">
    <p class='ocr_par' dir='ltr' id='par_1_42' title="bbox 481 4049 2052 4121">
     <span class='ocr_line' id='line_1_42' title="bbox 481 4049 2052 4121; baseline -0.001 -15"><span class='ocrx_word' id='word_1_284' title='bbox 481 4061 629 4108; x_wconf 89' lang='lat' dir='ltr'><strong>ctum</strong></span> <span class='ocrx_word' id='word_1_285' title='bbox 682 4066 790 4121; x_wconf 92' lang='lat' dir='ltr'><strong>quo</strong></span> <span class='ocrx_word' id='word_1_286' title='bbox 819 4054 878 4105; x_wconf 86' lang='lat' dir='ltr'><strong>lit</strong></span> <span class='ocrx_word' id='word_1_287' title='bbox 916 4061 977 4105; x_wconf 89' lang='lat' dir='ltr'><strong>ut</strong></span> <span class='ocrx_word' id='word_1_288' title='bbox 1005 4061 1250 4120; x_wconf 89' lang='lat' dir='ltr'><strong>peccent.</strong></span> <span class='ocrx_word' id='word_1_289' title='bbox 1293 4049 1448 4106; x_wconf 87' lang='lat' dir='ltr'><strong>Unde</strong></span> <span class='ocrx_word' id='word_1_290' title='bbox 1487 4049 1827 4106; x_wconf 86' lang='lat' dir='ltr'><strong>sermonibus</strong></span> <span class='ocrx_word' id='word_1_291' title='bbox 1855 4049 2052 4118; x_wconf 89' lang='lat' dir='ltr'><strong>iniquis</strong></span> 
     </span>
    </p>
   </div>
   <div class='ocr_carea' id='block_1_43' title="bbox 481 4139 2053 4212">
    <p class='ocr_par' dir='ltr' id='par_1_43' title="bbox 481 4139 2053 4212">
     <span class='ocr_line' id='line_1_43' title="bbox 481 4139 2053 4212; baseline 0.001 -17"><span class='ocrx_word' id='word_1_292' title='bbox 481 4143 790 4212; x_wconf 88' lang='lat' dir='ltr'><strong>anteposuit</strong></span> <span class='ocrx_word' id='word_1_293' title='bbox 819 4140 1070 4196; x_wconf 88' lang='lat' dir='ltr'><strong>dilectam</strong></span> <span class='ocrx_word' id='word_1_294' title='bbox 1106 4140 1299 4210; x_wconf 90' lang='lat' dir='ltr'><strong>legem.</strong></span> <span class='ocrx_word' id='word_1_295' title='bbox 1332 4139 1446 4195; x_wconf 90' lang='lat' dir='ltr'><strong>Hoc</strong></span> <span class='ocrx_word' id='word_1_296' title='bbox 1471 4154 1638 4196; x_wconf 88' lang='lat' dir='ltr'><strong>sensu</strong></span> <span class='ocrx_word' id='word_1_297' title='bbox 1669 4148 1726 4195; x_wconf 90' lang='lat' dir='ltr'><strong>et</strong></span> <span class='ocrx_word' id='word_1_298' title='bbox 1759 4148 1968 4209; x_wconf 84' lang='lat' dir='ltr'><strong>patrem</strong></span> <span class='ocrx_word' id='word_1_299' title='bbox 1997 4150 2053 4196; x_wconf 86' lang='lat' dir='ltr'><strong>et</strong></span> 
     </span>
    </p>
   </div>
   <div class='ocr_carea' id='block_1_44' title="bbox 481 4229 2049 4301">
    <p class='ocr_par' dir='ltr' id='par_1_44' title="bbox 481 4229 2049 4301">
     <span class='ocr_line' id='line_1_44' title="bbox 481 4229 2049 4301; baseline -0.001 -14"><span class='ocrx_word' id='word_1_300' title='bbox 481 4241 708 4289; x_wconf 84' lang='lat' dir='ltr'><strong>matrem</strong></span> <span class='ocrx_word' id='word_1_301' title='bbox 759 4232 885 4288; x_wconf 92' lang='lat' dir='ltr'><strong>odio</strong></span> <span class='ocrx_word' id='word_1_302' title='bbox 932 4231 1134 4287; x_wconf 89' lang='lat' dir='ltr'><strong>habere</strong></span> <span class='ocrx_word' id='word_1_303' title='bbox 1177 4231 1456 4301; x_wconf 87' lang='lat' dir='ltr'><strong>jubemur,</strong></span> <span class='ocrx_word' id='word_1_304' title='bbox 1515 4229 1620 4287; x_wconf 91' lang='lat' dir='ltr'><strong>hoc</strong></span> <span class='ocrx_word' id='word_1_305' title='bbox 1659 4239 1744 4286; x_wconf 89' lang='lat' dir='ltr'><strong>est</strong></span> <span class='ocrx_word' id='word_1_306' title='bbox 1784 4231 2049 4300; x_wconf 85' lang='lat' dir='ltr'><strong>aversari,</strong></span> 
     </span>
    </p>
   </div>
   <div class='ocr_carea' id='block_1_45' title="bbox 479 4323 2052 4395">
    <p class='ocr_par' dir='ltr' id='par_1_45' title="bbox 479 4323 2052 4395">
     <span class='ocr_line' id='line_1_45' title="bbox 479 4323 2052 4395; baseline 0 -15"><span class='ocrx_word' id='word_1_307' title='bbox 479 4339 604 4380; x_wconf 89' lang='lat' dir='ltr'><strong>cum</strong></span> <span class='ocrx_word' id='word_1_308' title='bbox 629 4337 728 4380; x_wconf 89' lang='lat' dir='ltr'><strong>nos</strong></span> <span class='ocrx_word' id='word_1_309' title='bbox 754 4327 822 4378; x_wconf 87' lang='lat' dir='ltr'><strong>ad</strong></span> <span class='ocrx_word' id='word_1_310' title='bbox 844 4323 1177 4394; x_wconf 85' lang='lat' dir='ltr'><strong>impietatem</strong></span> <span class='ocrx_word' id='word_1_311' title='bbox 1206 4331 1545 4393; x_wconf 85' lang='lat' dir='ltr'><strong>provocant,</strong></span> <span class='ocrx_word' id='word_1_312' title='bbox 1592 4323 1677 4378; x_wconf 79' lang='lat' dir='ltr'><strong>vel</strong></span> <span class='ocrx_word' id='word_1_313' title='bbox 1720 4336 1752 4377; x_wconf 86' lang='lat' dir='ltr'><strong>a</strong></span> <span class='ocrx_word' id='word_1_314' title='bbox 1791 4323 2052 4395; x_wconf 86' lang='lat' dir='ltr'><strong>martyrio</strong></span> 
     </span>
    </p>
   </div>
   <div class='ocr_carea' id='block_1_46' title="bbox 1885 259 3649 328">
    <p class='ocr_par' dir='ltr' id='par_1_46' title="bbox 1885 259 3649 328">
     <span class='ocr_line' id='line_1_46' title="bbox 1885 259 3649 328; baseline -0.003 -11"><span class='ocrx_word' id='word_1_315' title='bbox 1885 263 1974 319; x_wconf 81' lang='lat' dir='ltr'><strong>EX</strong></span> <span class='ocrx_word' id='word_1_316' title='bbox 2010 259 2308 320; x_wconf 51' lang='lat' dir='ltr'><strong>ORIGERE</strong></span> <span class='ocrx_word' id='word_1_317' title='bbox 3554 269 3649 328; x_wconf 67' lang='lat' dir='ltr'><strong>mg</strong></span> 
     </span>
    </p>
   </div>
   <div class='ocr_carea' id='block_1_47' title="bbox 2243 377 3648 449">
    <p class='ocr_par' dir='ltr' id='par_1_47' title="bbox 2243 377 3648 449">
     <span class='ocr_line' id='line_1_47' title="bbox 2243 377 3648 449; baseline 0.001 -17"><span class='ocrx_word' id='word_1_318' title='bbox 2243 381 2486 432; x_wconf 76' lang='grc' dir='ltr'>Ἕθεντο</span> <span class='ocrx_word' id='word_1_319' title='bbox 2512 377 2844 447; x_wconf 77' lang='grc' dir='ltr'>ἁμαρτωλοὶ</span> <span class='ocrx_word' id='word_1_320' title='bbox 2873 380 3092 449; x_wconf 67' lang='grc' dir='ltr'>παγίδα</span> <span class='ocrx_word' id='word_1_321' title='bbox 3118 398 3238 449; x_wconf 82' lang='grc' dir='ltr'>μοι,</span> <span class='ocrx_word' id='word_1_322' title='bbox 3273 381 3365 434; x_wconf 80' lang='grc' dir='ltr'>καὶ</span> <span class='ocrx_word' id='word_1_323' title='bbox 3383 382 3441 436; x_wconf 84' lang='grc' dir='ltr'>ἑκ</span> <span class='ocrx_word' id='word_1_324' title='bbox 3469 384 3561 438; x_wconf 77' lang='grc' dir='ltr'><strong>τῶν</strong></span> <span class='ocrx_word' id='word_1_325' title='bbox 3580 391 3648 442; x_wconf 75' lang='grc' dir='ltr'>ἐν.</span> 
     </span>
    </p>
   </div>
   <div class='ocr_carea' id='block_1_48' title="bbox 2167 468 3651 542">
    <p class='ocr_par' dir='ltr' id='par_1_48' title="bbox 2167 468 3651 542">
     <span class='ocr_line' id='line_1_48' title="bbox 2167 468 3651 542; baseline 0.005 -20"><span class='ocrx_word' id='word_1_326' title='bbox 2167 468 2358 523; x_wconf 74' lang='grc' dir='ltr'>τολῶν</span> <span class='ocrx_word' id='word_1_327' title='bbox 2399 485 2516 524; x_wconf 84' lang='grc' dir='ltr'>σου</span> <span class='ocrx_word' id='word_1_328' title='bbox 2569 471 2680 523; x_wconf 82' lang='grc' dir='ltr'>οὐκ</span> <span class='ocrx_word' id='word_1_329' title='bbox 2729 470 3099 539; x_wconf 74' lang='grc' dir='ltr'><strong>ἐπλανήθην,</strong></span> <span class='ocrx_word' id='word_1_330' title='bbox 3130 489 3183 524; x_wconf 91' lang='grc' dir='ltr'><strong>κ.</strong></span> <span class='ocrx_word' id='word_1_331' title='bbox 3221 488 3271 523; x_wconf 89' lang='grc' dir='ltr'><strong>τ.</strong></span> <span class='ocrx_word' id='word_1_332' title='bbox 3317 473 3358 527; x_wconf 86' lang='grc' dir='ltr'><strong>έ.</strong></span> <span class='ocrx_word' id='word_1_333' title='bbox 3389 473 3581 542; x_wconf 80' lang='grc' dir='ltr'>Παγίδας</span> <span class='ocrx_word' id='word_1_334' title='bbox 3619 485 3651 534; x_wconf 66' lang='grc' dir='ltr'>οξ</span> 
     </span>
    </p>
   </div>
   <div class='ocr_carea' id='block_1_49' title="bbox 2167 559 3652 640">
    <p class='ocr_par' dir='ltr' id='par_1_49' title="bbox 2167 559 3652 640">
     <span class='ocr_line' id='line_1_49' title="bbox 2167 559 3652 640; baseline 0 -28"><span class='ocrx_word' id='word_1_335' title='bbox 2167 559 2478 631; x_wconf 73' lang='grc' dir='ltr'>ἁμαρτωλοὶ</span> <span class='ocrx_word' id='word_1_336' title='bbox 2519 559 2718 624; x_wconf 86' lang='grc' dir='ltr'>πολλάς</span> <span class='ocrx_word' id='word_1_337' title='bbox 2749 564 2863 624; x_wconf 86' lang='grc' dir='ltr'>τοῖς</span> <span class='ocrx_word' id='word_1_338' title='bbox 2911 561 3141 626; x_wconf 85' lang='grc' dir='ltr'>δικαίοις</span> <span class='ocrx_word' id='word_1_339' title='bbox 3183 563 3276 615; x_wconf 83' lang='grc' dir='ltr'><strong>καὶ</strong></span> <span class='ocrx_word' id='word_1_340' title='bbox 3320 563 3562 636; x_wconf 73' lang='grc' dir='ltr'>διαφόρους</span> <span class='ocrx_word' id='word_1_341' title='bbox 3587 573 3652 640; x_wconf 69' lang='grc' dir='ltr'>ῥά.</span> 
     </span>
    </p>
   </div>
   <div class='ocr_carea' id='block_1_50' title="bbox 2167 645 3651 728">
    <p class='ocr_par' dir='ltr' id='par_1_50' title="bbox 2167 645 3651 728">
     <span class='ocr_line' id='line_1_50' title="bbox 2167 645 3651 728; baseline 0.007 -24"><span class='ocrx_word' id='word_1_342' title='bbox 2167 669 2412 706; x_wconf 76' lang='grc' dir='ltr'>πτουσινο</span> <span class='ocrx_word' id='word_1_343' title='bbox 2438 645 2549 706; x_wconf 80' lang='grc' dir='ltr'>οἷον</span> <span class='ocrx_word' id='word_1_344' title='bbox 2577 651 2654 723; x_wconf 81' lang='grc' dir='ltr'>τῷ</span> <span class='ocrx_word' id='word_1_345' title='bbox 2700 654 2896 723; x_wconf 77' lang='grc' dir='ltr'>Ἰωσὴφ</span> <span class='ocrx_word' id='word_1_346' title='bbox 2929 655 2963 724; x_wconf 80' lang='grc' dir='ltr'>ἡ</span> <span class='ocrx_word' id='word_1_347' title='bbox 2993 654 3266 720; x_wconf 76' lang='grc' dir='ltr'>Αἰγυπτία</span> <span class='ocrx_word' id='word_1_348' title='bbox 3297 654 3384 707; x_wconf 75' lang='grc' dir='ltr'><strong>καὶ</strong></span> <span class='ocrx_word' id='word_1_349' title='bbox 3407 656 3450 708; x_wconf 79' lang='grc' dir='ltr'>οἱ</span> <span class='ocrx_word' id='word_1_350' title='bbox 3475 657 3651 728; x_wconf 67' lang='grc' dir='ltr'>ἀδελφὶ-</span> 
     </span>
    </p>
   </div>
   <div class='ocr_carea' id='block_1_51' title="bbox 2165 744 3651 817">
    <p class='ocr_par' dir='ltr' id='par_1_51' title="bbox 2165 744 3651 817">
     <span class='ocr_line' id='line_1_51' title="bbox 2165 744 3651 817; baseline 0.005 -20"><span class='ocrx_word' id='word_1_351' title='bbox 2165 747 2242 817; x_wconf 82' lang='grc' dir='ltr'><strong>τῷ</strong></span> <span class='ocrx_word' id='word_1_352' title='bbox 2288 744 2484 816; x_wconf 72' lang='grc' dir='ltr'>Δανιὴλ</span> <span class='ocrx_word' id='word_1_353' title='bbox 2527 745 2576 798; x_wconf 84' lang='grc' dir='ltr'>οἱ</span> <span class='ocrx_word' id='word_1_354' title='bbox 2629 745 2734 798; x_wconf 81' lang='grc' dir='ltr'><strong>ἀπὸ</strong></span> <span class='ocrx_word' id='word_1_355' title='bbox 2765 745 2860 798; x_wconf 88' lang='grc' dir='ltr'><strong>τοῦ</strong></span> <span class='ocrx_word' id='word_1_356' title='bbox 2905 747 3130 815; x_wconf 82' lang='grc' dir='ltr'>Δαρείου</span> <span class='ocrx_word' id='word_1_357' title='bbox 3181 745 3422 810; x_wconf 72' lang='grc' dir='ltr'>λαϐόντες</span> <span class='ocrx_word' id='word_1_358' title='bbox 3449 747 3651 814; x_wconf 75' lang='grc' dir='ltr'>ἐξουσίαν·</span> 
     </span>
    </p>
   </div>
   <div class='ocr_carea' id='block_1_52' title="bbox 2166 829 3657 908">
    <p class='ocr_par' dir='ltr' id='par_1_52' title="bbox 2166 829 3657 908">
     <span class='ocr_line' id='line_1_52' title="bbox 2166 829 3657 908; baseline 0.005 -16"><span class='ocrx_word' id='word_1_359' title='bbox 2166 839 2276 892; x_wconf 80' lang='grc' dir='ltr'>ἀλλ’</span> <span class='ocrx_word' id='word_1_360' title='bbox 2299 838 2396 892; x_wconf 75' lang='grc' dir='ltr'><strong>οὐκ</strong></span> <span class='ocrx_word' id='word_1_361' title='bbox 2429 837 2890 908; x_wconf 76' lang='grc' dir='ltr'><strong>ἀπεπλανήθησαν</strong></span> <span class='ocrx_word' id='word_1_362' title='bbox 2922 839 3028 890; x_wconf 82' lang='grc' dir='ltr'>τῶν</span> <span class='ocrx_word' id='word_1_363' title='bbox 3061 838 3288 892; x_wconf 78' lang='grc' dir='ltr'><strong>ἐντολῶν</strong></span> <span class='ocrx_word' id='word_1_364' title='bbox 3318 839 3402 894; x_wconf 86' lang='grc' dir='ltr'><strong>τοῦ</strong></span> <span class='ocrx_word' id='word_1_365' title='bbox 3424 829 3560 895; x_wconf 61' lang='grc' dir='ltr'>Θεοῦί</span> <span class='ocrx_word' id='word_1_366' title='bbox 3596 846 3657 900; x_wconf 66' lang='grc' dir='ltr'>διὰ</span> 
     </span>
    </p>
   </div>
   <div class='ocr_carea' id='block_1_53' title="bbox 2165 929 3297 1001">
    <p class='ocr_par' dir='ltr' id='par_1_53' title="bbox 2165 929 3297 1001">
     <span class='ocr_line' id='line_1_53' title="bbox 2165 929 3297 1001; baseline -0.001 -17"><span class='ocrx_word' id='word_1_367' title='bbox 2165 929 2321 984; x_wconf 93' lang='grc' dir='ltr'>τοῦτο</span> <span class='ocrx_word' id='word_1_368' title='bbox 2347 929 2455 984; x_wconf 84' lang='grc' dir='ltr'><strong>τῶν</strong></span> <span class='ocrx_word' id='word_1_369' title='bbox 2478 929 2720 998; x_wconf 83' lang='grc' dir='ltr'>παγίδων</span> <span class='ocrx_word' id='word_1_370' title='bbox 2747 929 3006 1001; x_wconf 78' lang='grc' dir='ltr'>ἀνώτεροι</span> <span class='ocrx_word' id='word_1_371' title='bbox 3035 929 3297 998; x_wconf 75' lang='grc' dir='ltr'>ἐγένοντο.</span> 
     </span>
    </p>
   </div>
   <div class='ocr_carea' id='block_1_54' title="bbox 2248 1022 3659 1093">
    <p class='ocr_par' dir='ltr' id='par_1_54' title="bbox 2248 1022 3659 1093">
     <span class='ocr_line' id='line_1_54' title="bbox 2248 1022 3659 1093; baseline 0.006 -18"><span class='ocrx_word' id='word_1_372' title='bbox 2248 1023 2731 1093; x_wconf 72' lang='grc' dir='ltr'>Έκληρονόμησα</span> <span class='ocrx_word' id='word_1_373' title='bbox 2758 1024 2832 1075; x_wconf 84' lang='grc' dir='ltr'>τὰ</span> <span class='ocrx_word' id='word_1_374' title='bbox 2851 1022 3142 1091; x_wconf 82' lang='grc' dir='ltr'>μαρτύριὰ</span> <span class='ocrx_word' id='word_1_375' title='bbox 3160 1037 3276 1079; x_wconf 86' lang='grc' dir='ltr'><strong>σου</strong></span> <span class='ocrx_word' id='word_1_376' title='bbox 3298 1025 3383 1091; x_wconf 84' lang='grc' dir='ltr'>εὶς</span> <span class='ocrx_word' id='word_1_377' title='bbox 3404 1025 3659 1092; x_wconf 58' lang='lat' dir='ltr'><strong>eorum,</strong></span> 
     </span>
    </p>
   </div>
   <div class='ocr_carea' id='block_1_55' title="bbox 2164 1112 3660 1185">
    <p class='ocr_par' dir='ltr' id='par_1_55' title="bbox 2164 1112 3660 1185">
     <span class='ocr_line' id='line_1_55' title="bbox 2164 1112 3660 1185; baseline 0.003 -16"><span class='ocrx_word' id='word_1_378' title='bbox 2164 1115 2252 1169; x_wconf 85' lang='grc' dir='ltr'>ὄτι</span> <span class='ocrx_word' id='word_1_379' title='bbox 2277 1115 2614 1185; x_wconf 71' lang='grc' dir='ltr'>ἀγαλλίαμα</span> <span class='ocrx_word' id='word_1_380' title='bbox 2636 1113 2746 1182; x_wconf 84' lang='grc' dir='ltr'>τῆς</span> <span class='ocrx_word' id='word_1_381' title='bbox 2759 1112 3004 1181; x_wconf 77' lang='grc' dir='ltr'><strong>καρδίας</strong></span> <span class='ocrx_word' id='word_1_382' title='bbox 3022 1131 3144 1184; x_wconf 82' lang='grc' dir='ltr'>μου</span> <span class='ocrx_word' id='word_1_383' title='bbox 3159 1115 3336 1180; x_wconf 78' lang='grc' dir='ltr'>εἰσὶν,</span> <span class='ocrx_word' id='word_1_384' title='bbox 3361 1135 3408 1171; x_wconf 85' lang='grc' dir='ltr'><strong>κ.</strong></span> <span class='ocrx_word' id='word_1_385' title='bbox 3428 1133 3471 1170; x_wconf 84' lang='grc' dir='ltr'><strong>τ.</strong></span> <span class='ocrx_word' id='word_1_386' title='bbox 3492 1119 3529 1173; x_wconf 83' lang='grc' dir='ltr'><strong>έ.</strong></span> <span class='ocrx_word' id='word_1_387' title='bbox 3549 1120 3660 1174; x_wconf 77' lang='grc' dir='ltr'>Ὅσοι</span> 
     </span>
    </p>
   </div>
   <div class='ocr_carea' id='block_1_56' title="bbox 2163 1204 3663 1283">
    <p class='ocr_par' dir='ltr' id='par_1_56' title="bbox 2163 1204 3663 1283">
     <span class='ocr_line' id='line_1_56' title="bbox 2163 1204 3663 1283; baseline 0.003 -23"><span class='ocrx_word' id='word_1_388' title='bbox 2163 1206 2407 1278; x_wconf 76' lang='grc' dir='ltr'><strong>χαίρουσι</strong></span> <span class='ocrx_word' id='word_1_389' title='bbox 2439 1207 2554 1270; x_wconf 87' lang='grc' dir='ltr'>ταῖς</span> <span class='ocrx_word' id='word_1_390' title='bbox 2585 1204 2822 1269; x_wconf 81' lang='grc' dir='ltr'><strong>ἐντολαῖς</strong></span> <span class='ocrx_word' id='word_1_391' title='bbox 2848 1204 2944 1260; x_wconf 89' lang='grc' dir='ltr'><strong>τοῦ</strong></span> <span class='ocrx_word' id='word_1_392' title='bbox 2985 1206 3140 1273; x_wconf 87' lang='grc' dir='ltr'>Θεοῦ,</span> <span class='ocrx_word' id='word_1_393' title='bbox 3175 1207 3270 1260; x_wconf 83' lang='grc' dir='ltr'>καὶ</span> <span class='ocrx_word' id='word_1_394' title='bbox 3290 1207 3388 1280; x_wconf 80' lang='grc' dir='ltr'><strong>τὴν</strong></span> <span class='ocrx_word' id='word_1_395' title='bbox 3413 1208 3663 1283; x_wconf 78' lang='grc' dir='ltr'>δικαιοπρα-</span> 
     </span>
    </p>
   </div>
   <div class='ocr_carea' id='block_1_57' title="bbox 2163 1293 3664 1372">
    <p class='ocr_par' dir='ltr' id='par_1_57' title="bbox 2163 1293 3664 1372">
     <span class='ocr_line' id='line_1_57' title="bbox 2163 1293 3664 1372; baseline 0.007 -23"><span class='ocrx_word' id='word_1_396' title='bbox 2163 1299 2284 1367; x_wconf 83' lang='grc' dir='ltr'>γίαν</span> <span class='ocrx_word' id='word_1_397' title='bbox 2319 1296 2669 1363; x_wconf 77' lang='grc' dir='ltr'>ἀσπάζονται,</span> <span class='ocrx_word' id='word_1_398' title='bbox 2699 1293 2843 1353; x_wconf 82' lang='grc' dir='ltr'>οῦτοι</span> <span class='ocrx_word' id='word_1_399' title='bbox 2873 1298 3160 1362; x_wconf 77' lang='grc' dir='ltr'>διαπαντὸς</span> <span class='ocrx_word' id='word_1_400' title='bbox 3195 1300 3576 1372; x_wconf 66' lang='grc' dir='ltr'>κληρονομοῦσι-ν</span> <span class='ocrx_word' id='word_1_401' title='bbox 3596 1306 3664 1359; x_wconf 78' lang='grc' dir='ltr'><strong>αὑ·</strong></span> 
     </span>
    </p>
   </div>
   <div class='ocr_carea' id='block_1_58' title="bbox 2161 1390 3663 1465">
    <p class='ocr_par' dir='ltr' id='par_1_58' title="bbox 2161 1390 3663 1465">
     <span class='ocr_line' id='line_1_58' title="bbox 2161 1390 3663 1465; baseline 0.005 -21"><span class='ocrx_word' id='word_1_402' title='bbox 2161 1391 2254 1444; x_wconf 81' lang='grc' dir='ltr'><strong>τοῦ</strong></span> <span class='ocrx_word' id='word_1_403' title='bbox 2285 1391 2352 1444; x_wconf 75' lang='grc' dir='ltr'>τὰ</span> <span class='ocrx_word' id='word_1_404' title='bbox 2377 1390 2672 1463; x_wconf 79' lang='grc' dir='ltr'>μαρτύρια,</span> <span class='ocrx_word' id='word_1_405' title='bbox 2701 1391 2903 1463; x_wconf 86' lang='grc' dir='ltr'>κλῆρον</span> <span class='ocrx_word' id='word_1_406' title='bbox 2936 1392 3073 1446; x_wconf 77' lang='grc' dir='ltr'>αὐτὰ</span> <span class='ocrx_word' id='word_1_407' title='bbox 3099 1392 3194 1446; x_wconf 75' lang='grc' dir='ltr'>καὶ</span> <span class='ocrx_word' id='word_1_408' title='bbox 3233 1393 3422 1465; x_wconf 80' lang='grc' dir='ltr'>μερίδα</span> <span class='ocrx_word' id='word_1_409' title='bbox 3446 1395 3663 1452; x_wconf 79' lang='grc' dir='ltr'>ἀντὶ</span> 
     </span>
    </p>
   </div>
   <div class='ocr_carea' id='block_1_59' title="bbox 2161 1481 3665 1555">
    <p class='ocr_par' dir='ltr' id='par_1_59' title="bbox 2161 1481 3665 1555">
     <span class='ocr_line' id='line_1_59' title="bbox 2161 1481 3665 1555; baseline 0.005 -21"><span class='ocrx_word' id='word_1_410' title='bbox 2161 1499 2268 1534; x_wconf 89' lang='grc' dir='ltr'>των</span> <span class='ocrx_word' id='word_1_411' title='bbox 2297 1481 2401 1534; x_wconf 83' lang='grc' dir='ltr'><strong>τῶν</strong></span> <span class='ocrx_word' id='word_1_412' title='bbox 2424 1484 2481 1536; x_wconf 79' lang='grc' dir='ltr'>ἐν</span> <span class='ocrx_word' id='word_1_413' title='bbox 2503 1481 2579 1552; x_wconf 84' lang='grc' dir='ltr'><strong>τῷ</strong></span> <span class='ocrx_word' id='word_1_414' title='bbox 2595 1483 2782 1553; x_wconf 83' lang='grc' dir='ltr'>κόσμῳ</span> <span class='ocrx_word' id='word_1_415' title='bbox 2802 1482 3090 1555; x_wconf 84' lang='grc' dir='ltr'>κτώμενοι,</span> <span class='ocrx_word' id='word_1_416' title='bbox 3104 1484 3199 1537; x_wconf 49' lang='grc' dir='ltr'><strong>καὶ⁵</strong></span> <span class='ocrx_word' id='word_1_417' title='bbox 3218 1483 3354 1555; x_wconf 79' lang='grc' dir='ltr'>ὅπερ</span> <span class='ocrx_word' id='word_1_418' title='bbox 3379 1485 3465 1540; x_wconf 73' lang='grc' dir='ltr'><strong>ἐὰν</strong></span> <span class='ocrx_word' id='word_1_419' title='bbox 3481 1487 3665 1544; x_wconf 76' lang='grc' dir='ltr'><strong>πάθωσιν</strong></span> 
     </span>
    </p>
   </div>
   <div class='ocr_carea' id='block_1_60' title="bbox 2163 1573 2941 1645">
    <p class='ocr_par' dir='ltr' id='par_1_60' title="bbox 2163 1573 2941 1645">
     <span class='ocr_line' id='line_1_60' title="bbox 2163 1573 2941 1645; baseline 0.005 -20"><span class='ocrx_word' id='word_1_420' title='bbox 2163 1573 2250 1626; x_wconf 79' lang='grc' dir='ltr'>ἐπ’</span> <span class='ocrx_word' id='word_1_421' title='bbox 2277 1574 2477 1638; x_wconf 74' lang='grc' dir='ltr'>αὐτοῖς,</span> <span class='ocrx_word' id='word_1_422' title='bbox 2507 1575 2941 1645; x_wconf 78' lang='grc' dir='ltr'>εὐφραινόμενοι.</span> 
     </span>
    </p>
   </div>
   <div class='ocr_carea' id='block_1_61' title="bbox 2231 1666 3667 1739">
    <p class='ocr_par' dir='ltr' id='par_1_61' title="bbox 2231 1666 3667 1739">
     <span class='ocr_line' id='line_1_61' title="bbox 2231 1666 3667 1739; baseline 0.006 -21"><span class='ocrx_word' id='word_1_423' title='bbox 2231 1667 2476 1720; x_wconf 71' lang='grc' dir='ltr'>Ἕκλινα</span> <span class='ocrx_word' id='word_1_424' title='bbox 2527 1667 2642 1735; x_wconf 79' lang='grc' dir='ltr'>τὴν</span> <span class='ocrx_word' id='word_1_425' title='bbox 2675 1666 2929 1735; x_wconf 73' lang='grc' dir='ltr'>καρδίαν</span> <span class='ocrx_word' id='word_1_426' title='bbox 2968 1683 3088 1736; x_wconf 82' lang='grc' dir='ltr'><strong>μου</strong></span> <span class='ocrx_word' id='word_1_427' title='bbox 3116 1668 3225 1724; x_wconf 82' lang='grc' dir='ltr'><strong>τοῦ</strong></span> <span class='ocrx_word' id='word_1_428' title='bbox 3256 1670 3492 1739; x_wconf 82' lang='grc' dir='ltr'>ποιῆσαι</span> <span class='ocrx_word' id='word_1_429' title='bbox 3525 1672 3581 1725; x_wconf 83' lang='grc' dir='ltr'>τὰ</span> <span class='ocrx_word' id='word_1_430' title='bbox 3605 1673 3667 1726; x_wconf 74' lang='grc' dir='ltr'>δι-</span> 
     </span>
    </p>
   </div>
   <div class='ocr_carea' id='block_1_62' title="bbox 2166 1757 3667 1830">
    <p class='ocr_par' dir='ltr' id='par_1_62' title="bbox 2166 1757 3667 1830">
     <span class='ocr_line' id='line_1_62' title="bbox 2166 1757 3667 1830; baseline 0 -17"><span class='ocrx_word' id='word_1_431' title='bbox 2166 1757 2462 1828; x_wconf 83' lang='grc' dir='ltr'>καιώματά</span> <span class='ocrx_word' id='word_1_432' title='bbox 2486 1775 2600 1812; x_wconf 89' lang='grc' dir='ltr'><strong>σου</strong></span> <span class='ocrx_word' id='word_1_433' title='bbox 2629 1761 2714 1824; x_wconf 77' lang='grc' dir='ltr'><strong>είς</strong></span> <span class='ocrx_word' id='word_1_434' title='bbox 2731 1758 2838 1811; x_wconf 75' lang='grc' dir='ltr'><strong>τὸν</strong></span> <span class='ocrx_word' id='word_1_435' title='bbox 2853 1758 3036 1815; x_wconf 67' lang='grc' dir='ltr'>αἰῶνα</span> <span class='ocrx_word' id='word_1_436' title='bbox 3062 1757 3135 1812; x_wconf 88' lang='grc' dir='ltr'>δι’</span> <span class='ocrx_word' id='word_1_437' title='bbox 3151 1759 3512 1830; x_wconf 68' lang='grc' dir='ltr'>ἀντάμειψιν,</span> <span class='ocrx_word' id='word_1_438' title='bbox 3527 1779 3618 1815; x_wconf 87' lang='grc' dir='ltr'>κ.τ.</span> <span class='ocrx_word' id='word_1_439' title='bbox 3635 1764 3667 1814; x_wconf 76' lang='grc' dir='ltr'>ἑ.</span> 
     </span>
    </p>
   </div>
   <div class='ocr_carea' id='block_1_63' title="bbox 2164 1849 3673 1927">
    <p class='ocr_par' dir='ltr' id='par_1_63' title="bbox 2164 1849 3673 1927">
     <span class='ocr_line' id='line_1_63' title="bbox 2164 1849 3673 1927; baseline 0.005 -23"><span class='ocrx_word' id='word_1_440' title='bbox 2164 1849 2334 1913; x_wconf 84' lang='grc' dir='ltr'>Εἰδὼς</span> <span class='ocrx_word' id='word_1_441' title='bbox 2376 1849 2744 1922; x_wconf 80' lang='grc' dir='ltr'>ἀποκειμένην</span> <span class='ocrx_word' id='word_1_442' title='bbox 2786 1851 3018 1922; x_wconf 78' lang='grc' dir='ltr'>ἀμοιϐὴν</span> <span class='ocrx_word' id='word_1_443' title='bbox 3045 1851 3247 1918; x_wconf 78' lang='grc' dir='ltr'>έκλινα,</span> <span class='ocrx_word' id='word_1_444' title='bbox 3285 1856 3405 1926; x_wconf 66' lang='grc' dir='ltr'><strong>⁴ἣτις</strong></span> <span class='ocrx_word' id='word_1_445' title='bbox 3436 1856 3535 1910; x_wconf 76' lang='grc' dir='ltr'>ἐστὶ</span> <span class='ocrx_word' id='word_1_446' title='bbox 3563 1858 3673 1927; x_wconf 83' lang='grc' dir='ltr'>βασι-</span> 
     </span>
    </p>
   </div>
   <div class='ocr_carea' id='block_1_64' title="bbox 2162 1940 3673 2013">
    <p class='ocr_par' dir='ltr' id='par_1_64' title="bbox 2162 1940 3673 2013">
     <span class='ocr_line' id='line_1_64' title="bbox 2162 1940 3673 2013; baseline 0.005 -18"><span class='ocrx_word' id='word_1_447' title='bbox 2162 1942 2279 1995; x_wconf 87' lang='grc' dir='ltr'>λεία</span> <span class='ocrx_word' id='word_1_448' title='bbox 2331 1940 2487 1996; x_wconf 86' lang='grc' dir='ltr'>Θεοῦ·</span> <span class='ocrx_word' id='word_1_449' title='bbox 2526 1958 2546 1993; x_wconf 75' lang='grc' dir='ltr'><strong>ι</strong></span> <span class='ocrx_word' id='word_1_450' title='bbox 2579 1941 2646 1994; x_wconf 76' lang='grc' dir='ltr'>Ἀ</span> <span class='ocrx_word' id='word_1_451' title='bbox 2704 1941 2977 2013; x_wconf 70' lang='grc' dir='ltr'>ὀφθαλμὸς</span> <span class='ocrx_word' id='word_1_452' title='bbox 3027 1944 3127 1997; x_wconf 73' lang='grc' dir='ltr'>οὐκ</span> <span class='ocrx_word' id='word_1_453' title='bbox 3184 1941 3314 2008; x_wconf 76' lang='grc' dir='ltr'>εἶδε,</span> <span class='ocrx_word' id='word_1_454' title='bbox 3362 1948 3449 2001; x_wconf 72' lang='grc' dir='ltr'><strong>καὶ</strong></span> <span class='ocrx_word' id='word_1_455' title='bbox 3495 1943 3572 2012; x_wconf 66' lang='grc' dir='ltr'>οἷς</span> <span class='ocrx_word' id='word_1_456' title='bbox 3601 1951 3673 2002; x_wconf 76' lang='grc' dir='ltr'>οὐκ</span> 
     </span>
    </p>
   </div>
   <div class='ocr_carea' id='block_1_65' title="bbox 2164 2034 3676 2112">
    <p class='ocr_par' dir='ltr' id='par_1_65' title="bbox 2164 2034 3676 2112">
     <span class='ocr_line' id='line_1_65' title="bbox 2164 2034 3676 2112; baseline 0.005 -24"><span class='ocrx_word' id='word_1_457' title='bbox 2164 2036 2385 2106; x_wconf 72' lang='grc' dir='ltr'>ἤκουσε,</span> <span class='ocrx_word' id='word_1_458' title='bbox 2426 2035 2520 2087; x_wconf 77' lang='grc' dir='ltr'>καὶ</span> <span class='ocrx_word' id='word_1_459' title='bbox 2569 2034 2661 2086; x_wconf 68' lang='grc' dir='ltr'>ἐπὶ</span> <span class='ocrx_word' id='word_1_460' title='bbox 2716 2034 2944 2104; x_wconf 84' lang='grc' dir='ltr'>καρδίαν</span> <span class='ocrx_word' id='word_1_461' title='bbox 2999 2035 3286 2107; x_wconf 84' lang='grc' dir='ltr'>ἀνθρώπου</span> <span class='ocrx_word' id='word_1_462' title='bbox 3337 2040 3432 2092; x_wconf 78' lang='grc' dir='ltr'><strong>οὐκ</strong></span> <span class='ocrx_word' id='word_1_463' title='bbox 3471 2040 3676 2112; x_wconf 57' lang='lat' dir='ltr'><strong>suam</strong></span> 
     </span>
    </p>
   </div>
   <div class='ocr_carea' id='block_1_66' title="bbox 2164 2124 3384 2197">
    <p class='ocr_par' dir='ltr' id='par_1_66' title="bbox 2164 2124 3384 2197">
     <span class='ocr_line' id='line_1_66' title="bbox 2164 2124 3384 2197; baseline 0.002 -19"><span class='ocrx_word' id='word_1_464' title='bbox 2164 2127 2457 2197; x_wconf 76' lang='grc' dir='ltr'>ἡτοίμασεν</span> <span class='ocrx_word' id='word_1_465' title='bbox 2484 2127 2512 2178; x_wconf 88' lang='grc' dir='ltr'><strong>ό</strong></span> <span class='ocrx_word' id='word_1_466' title='bbox 2532 2125 2662 2188; x_wconf 78' lang='grc' dir='ltr'>Θεὸς</span> <span class='ocrx_word' id='word_1_467' title='bbox 2693 2127 2806 2188; x_wconf 83' lang='grc' dir='ltr'>τοῖς</span> <span class='ocrx_word' id='word_1_468' title='bbox 2837 2124 3122 2193; x_wconf 85' lang='grc' dir='ltr'>ἀγαπῶσιν</span> <span class='ocrx_word' id='word_1_469' title='bbox 3153 2128 3337 2183; x_wconf 75' lang='grc' dir='ltr'>αὐτόν.</span> <span class='ocrx_word' id='word_1_470' title='bbox 3365 2149 3384 2181; x_wconf 81' lang='lat' dir='ltr'><strong>s</strong></span> 
     </span>
    </p>
   </div>
   <div class='ocr_carea' id='block_1_67' title="bbox 2237 2214 3679 2291">
    <p class='ocr_par' dir='ltr' id='par_1_67' title="bbox 2237 2214 3679 2291">
     <span class='ocr_line' id='line_1_67' title="bbox 2237 2214 3679 2291; baseline 0.003 -21"><span class='ocrx_word' id='word_1_471' title='bbox 2237 2216 2348 2271; x_wconf 85' lang='grc' dir='ltr'>Τοῦ</span> <span class='ocrx_word' id='word_1_472' title='bbox 2392 2215 2597 2270; x_wconf 77' lang='grc' dir='ltr'>αὑτοῦ.</span> <span class='ocrx_word' id='word_1_473' title='bbox 2646 2215 2710 2268; x_wconf 85' lang='grc' dir='ltr'>Ἡ</span> <span class='ocrx_word' id='word_1_474' title='bbox 2749 2214 3070 2286; x_wconf 75' lang='grc' dir='ltr'>ἀντάμειψις</span> <span class='ocrx_word' id='word_1_475' title='bbox 3116 2215 3224 2271; x_wconf 82' lang='grc' dir='ltr'>τῶν</span> <span class='ocrx_word' id='word_1_476' title='bbox 3273 2217 3679 2291; x_wconf 65' lang='grc' dir='ltr'>δικαιιυμάτων,ή</span> 
     </span>
    </p>
   </div>
   <div class='ocr_carea' id='block_1_68' title="bbox 2160 2308 2772 2379">
    <p class='ocr_par' dir='ltr' id='par_1_68' title="bbox 2160 2308 2772 2379">
     <span class='ocr_line' id='line_1_68' title="bbox 2160 2308 2772 2379; baseline 0.002 -17"><span class='ocrx_word' id='word_1_477' title='bbox 2160 2308 2362 2379; x_wconf 85' lang='grc' dir='ltr'>γνῶσις</span> <span class='ocrx_word' id='word_1_478' title='bbox 2390 2308 2569 2362; x_wconf 80' lang='grc' dir='ltr'>αὐτῶν</span> <span class='ocrx_word' id='word_1_479' title='bbox 2603 2311 2772 2363; x_wconf 77' lang='grc' dir='ltr'>ἐστιν.</span> 
     </span>
    </p>
   </div>
   <div class='ocr_carea' id='block_1_69' title="bbox 2233 2399 3682 2474">
    <p class='ocr_par' dir='ltr' id='par_1_69' title="bbox 2233 2399 3682 2474">
     <span class='ocr_line' id='line_1_69' title="bbox 2233 2399 3682 2474; baseline 0.003 -20"><span class='ocrx_word' id='word_1_480' title='bbox 2233 2403 2624 2470; x_wconf 71' lang='grc' dir='ltr'>Παρανόμους</span> <span class='ocrx_word' id='word_1_481' title='bbox 2668 2399 2952 2470; x_wconf 78' lang='grc' dir='ltr'><strong>ἐμίσησα,</strong></span> <span class='ocrx_word' id='word_1_482' title='bbox 2984 2401 3089 2455; x_wconf 78' lang='grc' dir='ltr'>τὸν</span> <span class='ocrx_word' id='word_1_483' title='bbox 3116 2399 3184 2455; x_wconf 85' lang='grc' dir='ltr'>δὲ</span> <span class='ocrx_word' id='word_1_484' title='bbox 3212 2401 3403 2473; x_wconf 74' lang='grc' dir='ltr'>νόμον</span> <span class='ocrx_word' id='word_1_485' title='bbox 3450 2420 3552 2459; x_wconf 81' lang='grc' dir='ltr'><strong>σου</strong></span> <span class='ocrx_word' id='word_1_486' title='bbox 3576 2403 3682 2474; x_wconf 61' lang='lat' dir='ltr'><strong>urti—</strong></span> 
     </span>
    </p>
   </div>
   <div class='ocr_carea' id='block_1_70' title="bbox 2161 2491 3682 2567">
    <p class='ocr_par' dir='ltr' id='par_1_70' title="bbox 2161 2491 3682 2567">
     <span class='ocr_line' id='line_1_70' title="bbox 2161 2491 3682 2567; baseline 0.001 -19"><span class='ocrx_word' id='word_1_487' title='bbox 2161 2508 2349 2561; x_wconf 83' lang='grc' dir='ltr'>πησα,</span> <span class='ocrx_word' id='word_1_488' title='bbox 2383 2510 2436 2546; x_wconf 90' lang='grc' dir='ltr'><strong>κ.</strong></span> <span class='ocrx_word' id='word_1_489' title='bbox 2455 2510 2503 2545; x_wconf 88' lang='grc' dir='ltr'><strong>τ.</strong></span> <span class='ocrx_word' id='word_1_490' title='bbox 2530 2495 2576 2546; x_wconf 86' lang='grc' dir='ltr'><strong>έ.</strong></span> <span class='ocrx_word' id='word_1_491' title='bbox 2624 2491 2684 2546; x_wconf 86' lang='lat'><strong>&#39;0</strong></span> <span class='ocrx_word' id='word_1_492' title='bbox 2707 2493 3037 2565; x_wconf 84' lang='grc' dir='ltr'>παράνομος,</span> <span class='ocrx_word' id='word_1_493' title='bbox 3068 2493 3202 2547; x_wconf 76' lang='grc' dir='ltr'>καθὸ</span> <span class='ocrx_word' id='word_1_494' title='bbox 3233 2495 3532 2567; x_wconf 81' lang='grc' dir='ltr'>παράνομος</span> <span class='ocrx_word' id='word_1_495' title='bbox 3551 2496 3682 2565; x_wconf 73' lang='grc' dir='ltr'>ὑπάρ-</span> 
     </span>
    </p>
   </div>
   <div class='ocr_carea' id='block_1_71' title="bbox 2161 2583 3682 2660">
    <p class='ocr_par' dir='ltr' id='par_1_71' title="bbox 2161 2583 3682 2660">
     <span class='ocr_line' id='line_1_71' title="bbox 2161 2583 3682 2660; baseline 0 -21"><span class='ocrx_word' id='word_1_496' title='bbox 2161 2603 2266 2657; x_wconf 85' lang='grc' dir='ltr'>χει,</span> <span class='ocrx_word' id='word_1_497' title='bbox 2307 2589 2530 2658; x_wconf 82' lang='grc' dir='ltr'>μισητός</span> <span class='ocrx_word' id='word_1_498' title='bbox 2563 2587 2696 2640; x_wconf 67' lang='grc' dir='ltr'>ἐστι*</span> <span class='ocrx_word' id='word_1_499' title='bbox 2739 2583 2873 2639; x_wconf 81' lang='grc' dir='ltr'>καθὸ</span> <span class='ocrx_word' id='word_1_500' title='bbox 2908 2585 2964 2639; x_wconf 79' lang='grc' dir='ltr'><strong>δὲ</strong></span> <span class='ocrx_word' id='word_1_501' title='bbox 2999 2589 3162 2640; x_wconf 71' lang='grc' dir='ltr'>εἰκὼν</span> <span class='ocrx_word' id='word_1_502' title='bbox 3192 2585 3287 2640; x_wconf 78' lang='grc' dir='ltr'><strong>καὶ</strong></span> <span class='ocrx_word' id='word_1_503' title='bbox 3316 2588 3527 2660; x_wconf 83' lang='grc' dir='ltr'>πλάσμα</span> <span class='ocrx_word' id='word_1_504' title='bbox 3563 2584 3682 2647; x_wconf 83' lang='grc' dir='ltr'>Θεοῦ,</span> 
     </span>
    </p>
   </div>
   <div class='ocr_carea' id='block_1_72' title="bbox 2159 2677 3684 2752">
    <p class='ocr_par' dir='ltr' id='par_1_72' title="bbox 2159 2677 3684 2752">
     <span class='ocr_line' id='line_1_72' title="bbox 2159 2677 3684 2752; baseline -0.001 -20"><span class='ocrx_word' id='word_1_505' title='bbox 2159 2677 2438 2749; x_wconf 86' lang='grc' dir='ltr'>ἀγαπητός</span> <span class='ocrx_word' id='word_1_506' title='bbox 2475 2678 2609 2731; x_wconf 77' lang='grc' dir='ltr'>ἐστι.</span> <span class='ocrx_word' id='word_1_507' title='bbox 2639 2677 2796 2732; x_wconf 89' lang='grc' dir='ltr'>Κατά</span> <span class='ocrx_word' id='word_1_508' title='bbox 2832 2678 2962 2747; x_wconf 91' lang='grc' dir='ltr'>γοῦν</span> <span class='ocrx_word' id='word_1_509' title='bbox 2998 2679 3098 2752; x_wconf 78' lang='grc' dir='ltr'>τὴν</span> <span class='ocrx_word' id='word_1_510' title='bbox 3123 2679 3386 2751; x_wconf 75' lang='grc' dir='ltr'>δευτέραν</span> <span class='ocrx_word' id='word_1_511' title='bbox 3414 2679 3596 2733; x_wconf 77' lang='grc' dir='ltr'>ἔννοιαν</span> <span class='ocrx_word' id='word_1_512' title='bbox 3616 2680 3684 2732; x_wconf 79' lang='grc' dir='ltr'>καὶ</span> 
     </span>
    </p>
   </div>
   <div class='ocr_carea' id='block_1_73' title="bbox 2159 2769 3685 2842">
    <p class='ocr_par' dir='ltr' id='par_1_73' title="bbox 2159 2769 3685 2842">
     <span class='ocr_line' id='line_1_73' title="bbox 2159 2769 3685 2842; baseline -0.001 -19"><span class='ocrx_word' id='word_1_513' title='bbox 2159 2772 2270 2833; x_wconf 88' lang='grc' dir='ltr'>τοῖς</span> <span class='ocrx_word' id='word_1_514' title='bbox 2303 2770 2360 2822; x_wconf 84' lang='grc' dir='ltr'><strong>έν</strong></span> <span class='ocrx_word' id='word_1_515' title='bbox 2407 2773 2475 2840; x_wconf 79' lang='grc' dir='ltr'>τῇ</span> <span class='ocrx_word' id='word_1_516' title='bbox 2519 2769 2732 2841; x_wconf 81' lang='grc' dir='ltr'>φυλακῇ</span> <span class='ocrx_word' id='word_1_517' title='bbox 2783 2769 3140 2840; x_wconf 75' lang='grc' dir='ltr'>προσϐάλλειν</span> <span class='ocrx_word' id='word_1_518' title='bbox 3186 2770 3322 2842; x_wconf 79' lang='grc' dir='ltr'>ἡμῖν</span> <span class='ocrx_word' id='word_1_519' title='bbox 3355 2769 3685 2842; x_wconf 79' lang='grc' dir='ltr'>προτέτακται,</span> 
     </span>
    </p>
   </div>
   <div class='ocr_carea' id='block_1_74' title="bbox 2159 2857 3685 2935">
    <p class='ocr_par' dir='ltr' id='par_1_74' title="bbox 2159 2857 3685 2935">
     <span class='ocr_line' id='line_1_74' title="bbox 2159 2857 3685 2935; baseline -0.002 -19"><span class='ocrx_word' id='word_1_520' title='bbox 2159 2861 2252 2917; x_wconf 78' lang='grc' dir='ltr'><strong>καὶ</strong></span> <span class='ocrx_word' id='word_1_521' title='bbox 2283 2857 2342 2917; x_wconf 76' lang='grc' dir='ltr'><strong>εὖ</strong></span> <span class='ocrx_word' id='word_1_522' title='bbox 2380 2865 2554 2916; x_wconf 86' lang='grc' dir='ltr'>ποιεῖν</span> <span class='ocrx_word' id='word_1_523' title='bbox 2575 2862 2702 2926; x_wconf 80' lang='grc' dir='ltr'>τοὺς</span> <span class='ocrx_word' id='word_1_524' title='bbox 2731 2862 3071 2934; x_wconf 79' lang='grc' dir='ltr'>κακούργους</span> <span class='ocrx_word' id='word_1_525' title='bbox 3100 2862 3528 2935; x_wconf 80' lang='grc' dir='ltr'>νενομοθέτηται.</span> <span class='ocrx_word' id='word_1_526' title='bbox 3553 2860 3685 2915; x_wconf 80' lang='grc' dir='ltr'>Δύνα-</span> 
     </span>
    </p>
   </div>
   <div class='ocr_carea' id='block_1_75' title="bbox 2156 2951 3687 3026">
    <p class='ocr_par' dir='ltr' id='par_1_75' title="bbox 2156 2951 3687 3026">
     <span class='ocr_line' id='line_1_75' title="bbox 2156 2951 3687 3026; baseline -0.001 -20"><span class='ocrx_word' id='word_1_527' title='bbox 2156 2969 2245 3008; x_wconf 86' lang='grc' dir='ltr'><strong>ται</strong></span> <span class='ocrx_word' id='word_1_528' title='bbox 2272 2953 2329 3006; x_wconf 79' lang='grc' dir='ltr'><strong>δὲ</strong></span> <span class='ocrx_word' id='word_1_529' title='bbox 2352 2952 2586 3007; x_wconf 74' lang='grc' dir='ltr'>ἐνταῦθα</span> <span class='ocrx_word' id='word_1_530' title='bbox 2609 2951 2786 3023; x_wconf 86' lang='grc' dir='ltr'>λέγειν</span> <span class='ocrx_word' id='word_1_531' title='bbox 2819 2953 3012 3023; x_wconf 79' lang='grc' dir='ltr'>λόγους</span> <span class='ocrx_word' id='word_1_532' title='bbox 3035 2953 3128 3008; x_wconf 76' lang='grc' dir='ltr'>καὶ</span> <span class='ocrx_word' id='word_1_533' title='bbox 3159 2953 3360 3026; x_wconf 88' lang='grc' dir='ltr'>νόμους</span> <span class='ocrx_word' id='word_1_534' title='bbox 3380 2953 3471 3018; x_wconf 79' lang='grc' dir='ltr'><strong>οὓς</strong></span> <span class='ocrx_word' id='word_1_535' title='bbox 3502 2951 3687 3025; x_wconf 81' lang='grc' dir='ltr'>μεμίση-</span> 
     </span>
    </p>
   </div>
   <div class='ocr_carea' id='block_1_76' title="bbox 2085 3047 2522 3127">
    <p class='ocr_par' dir='ltr' id='par_1_76' title="bbox 2085 3047 2522 3127">
     <span class='ocr_line' id='line_1_76' title="bbox 2085 3047 2522 3127; baseline 0.002 -27"><span class='ocrx_word' id='word_1_536' title='bbox 2085 3067 2126 3127; x_wconf 76' lang='lat' dir='ltr'><strong><em>C</em></strong></span> <span class='ocrx_word' id='word_1_537' title='bbox 2161 3063 2255 3101; x_wconf 91' lang='grc' dir='ltr'><strong>κεν</strong></span> <span class='ocrx_word' id='word_1_538' title='bbox 2288 3047 2317 3101; x_wconf 88' lang='grc' dir='ltr'><strong>ὁ</strong></span> <span class='ocrx_word' id='word_1_539' title='bbox 2340 3047 2522 3101; x_wconf 67' lang='lat' dir='ltr'><strong>ams.</strong></span> 
     </span>
    </p>
   </div>
   <div class='ocr_carea' id='block_1_77' title="bbox 2234 3134 3683 3210">
    <p class='ocr_par' dir='ltr' id='par_1_77' title="bbox 2234 3134 3683 3210">
     <span class='ocr_line' id='line_1_77' title="bbox 2234 3134 3683 3210; baseline 0.004 -18"><span class='ocrx_word' id='word_1_540' title='bbox 2234 3135 2345 3192; x_wconf 81' lang='grc' dir='ltr'>Τοῦ</span> <span class='ocrx_word' id='word_1_541' title='bbox 2375 3136 2583 3192; x_wconf 82' lang='grc' dir='ltr'>αὑτοῦ.</span> <span class='ocrx_word' id='word_1_542' title='bbox 2631 3135 2746 3192; x_wconf 79' lang='grc' dir='ltr'>Οὐκ</span> <span class='ocrx_word' id='word_1_543' title='bbox 2788 3136 2966 3208; x_wconf 75' lang='grc' dir='ltr'>ἐμίσει</span> <span class='ocrx_word' id='word_1_544' title='bbox 3011 3137 3366 3210; x_wconf 83' lang='grc' dir='ltr'>παρανόμους</span> <span class='ocrx_word' id='word_1_545' title='bbox 3397 3134 3683 3209; x_wconf 67' lang='grc' dir='ltr'>ἀνθρώποδς“</span> 
     </span>
    </p>
   </div>
   <div class='ocr_carea' id='block_1_78' title="bbox 2159 3227 3686 3302">
    <p class='ocr_par' dir='ltr' id='par_1_78' title="bbox 2159 3227 3686 3302">
     <span class='ocr_line' id='line_1_78' title="bbox 2159 3227 3686 3302; baseline 0 -20"><span class='ocrx_word' id='word_1_546' title='bbox 2159 3227 2380 3300; x_wconf 77' lang='grc' dir='ltr'>καὶγὰρ</span> <span class='ocrx_word' id='word_1_547' title='bbox 2407 3228 2605 3295; x_wconf 75' lang='grc' dir='ltr'>ἔδειξεν</span> <span class='ocrx_word' id='word_1_548' title='bbox 2629 3228 2658 3281; x_wconf 82' lang='grc' dir='ltr'><strong>δ</strong></span> <span class='ocrx_word' id='word_1_549' title='bbox 2679 3229 2792 3300; x_wconf 83' lang='grc' dir='ltr'>βίος</span> <span class='ocrx_word' id='word_1_550' title='bbox 2814 3227 3000 3295; x_wconf 82' lang='grc' dir='ltr'>αὐτοῦ,</span> <span class='ocrx_word' id='word_1_551' title='bbox 3029 3229 3112 3284; x_wconf 85' lang='grc' dir='ltr'>ὅτι</span> <span class='ocrx_word' id='word_1_552' title='bbox 3138 3229 3240 3284; x_wconf 82' lang='grc' dir='ltr'><strong>οὐκ</strong></span> <span class='ocrx_word' id='word_1_553' title='bbox 3277 3228 3580 3302; x_wconf 85' lang='grc' dir='ltr'>ἀνθρώπους</span> <span class='ocrx_word' id='word_1_554' title='bbox 3609 3245 3686 3282; x_wconf 72' lang='grc' dir='ltr'>πια-</span> 
     </span>
    </p>
   </div>
   <div class='ocr_carea' id='block_1_79' title="bbox 2162 3320 3689 3394">
    <p class='ocr_par' dir='ltr' id='par_1_79' title="bbox 2162 3320 3689 3394">
     <span class='ocr_line' id='line_1_79' title="bbox 2162 3320 3689 3394; baseline -0.022 10"><span class='ocrx_word' id='word_1_555' title='bbox 2162 3320 2427 3392; x_wconf 69' lang='grc' dir='ltr'>ρανόμθυς</span> <span class='ocrx_word' id='word_1_556' title='bbox 2453 3321 2733 3393; x_wconf 58' lang='grc' dir='ltr'>ἑμίσησεν·</span> <span class='ocrx_word' id='word_1_557' title='bbox 2763 3321 2886 3375; x_wconf 58' lang='grc' dir='ltr'><strong>οὔτε</strong></span> <span class='ocrx_word' id='word_1_558' title='bbox 2919 3321 3027 3393; x_wconf 72' lang='grc' dir='ltr'>γὰρ</span> <span class='ocrx_word' id='word_1_559' title='bbox 3055 3323 3145 3375; x_wconf 77' lang='grc' dir='ltr'><strong>τδν</strong></span> <span class='ocrx_word' id='word_1_560' title='bbox 3174 3321 3503 3394; x_wconf 82' lang='grc' dir='ltr'>πατραλοίαν</span> <span class='ocrx_word' id='word_1_561' title='bbox 3541 3320 3689 3376; x_wconf 75' lang='grc' dir='ltr'>’Δὸεσ-</span> 
     </span>
    </p>
   </div>
   <div class='ocr_carea' id='block_1_80' title="bbox 2157 3407 3692 3486">
    <p class='ocr_par' dir='ltr' id='par_1_80' title="bbox 2157 3407 3692 3486">
     <span class='ocr_line' id='line_1_80' title="bbox 2157 3407 3692 3486; baseline -0.001 -21"><span class='ocrx_word' id='word_1_562' title='bbox 2157 3412 2350 3483; x_wconf 88' lang='grc' dir='ltr'>σαλὼμ</span> <span class='ocrx_word' id='word_1_563' title='bbox 2400 3413 2683 3484; x_wconf 77' lang='grc' dir='ltr'>ἐμίσησεν,</span> <span class='ocrx_word' id='word_1_564' title='bbox 2714 3411 2838 3468; x_wconf 71' lang='grc' dir='ltr'>οὔτε</span> <span class='ocrx_word' id='word_1_565' title='bbox 2868 3412 2958 3467; x_wconf 82' lang='grc' dir='ltr'><strong>τὸν</strong></span> <span class='ocrx_word' id='word_1_566' title='bbox 2993 3413 3184 3479; x_wconf 79' lang='grc' dir='ltr'>Σαοὺλ,</span> <span class='ocrx_word' id='word_1_567' title='bbox 3228 3413 3386 3486; x_wconf 79' lang='grc' dir='ltr'>(περὶ</span> <span class='ocrx_word' id='word_1_568' title='bbox 3417 3407 3478 3468; x_wconf 78' lang='grc' dir='ltr'>οὗ</span> <span class='ocrx_word' id='word_1_569' title='bbox 3514 3408 3642 3467; x_wconf 73' lang='grc' dir='ltr'>εἶπεν</span> <span class='ocrx_word' id='word_1_570' title='bbox 3670 3413 3692 3463; x_wconf 88' lang='grc' dir='ltr'><strong>ό</strong></span> 
     </span>
    </p>
   </div>
   <div class='ocr_carea' id='block_1_81' title="bbox 2157 3503 3692 3577">
    <p class='ocr_par' dir='ltr' id='par_1_81' title="bbox 2157 3503 3692 3577">
     <span class='ocr_line' id='line_1_81' title="bbox 2157 3503 3692 3577; baseline -0.003 -20"><span class='ocrx_word' id='word_1_571' title='bbox 2157 3505 2305 3568; x_wconf 74' lang='grc' dir='ltr'>Θεός’</span> <span class='ocrx_word' id='word_1_572' title='bbox 2345 3524 2362 3557; x_wconf 80' lang='grc' dir='ltr'><strong>ι</strong></span> <span class='ocrx_word' id='word_1_573' title='bbox 2396 3504 2866 3575; x_wconf 83' lang='grc' dir='ltr'>Μεταμεμέλημαι</span> <span class='ocrx_word' id='word_1_574' title='bbox 2898 3504 3090 3577; x_wconf 84' lang='grc' dir='ltr'>χρίσας</span> <span class='ocrx_word' id='word_1_575' title='bbox 3142 3505 3234 3559; x_wconf 83' lang='grc' dir='ltr'><strong>τὸν</strong></span> <span class='ocrx_word' id='word_1_576' title='bbox 3265 3504 3443 3559; x_wconf 79' lang='grc' dir='ltr'>Σαοὺλ</span> <span class='ocrx_word' id='word_1_577' title='bbox 3471 3505 3545 3570; x_wconf 81' lang='grc' dir='ltr'><strong>είς</strong></span> <span class='ocrx_word' id='word_1_578' title='bbox 3574 3503 3692 3575; x_wconf 81' lang='grc' dir='ltr'>βασι-</span> 
     </span>
    </p>
   </div>
   <div class='ocr_carea' id='block_1_82' title="bbox 2155 3579 3691 3669">
    <p class='ocr_par' dir='ltr' id='par_1_82' title="bbox 2155 3579 3691 3669">
     <span class='ocr_line' id='line_1_82' title="bbox 2155 3579 3691 3669; baseline -0.001 -19"><span class='ocrx_word' id='word_1_579' title='bbox 2155 3595 2333 3662; x_wconf 79' lang='grc' dir='ltr'>λέα›)·</span> <span class='ocrx_word' id='word_1_580' title='bbox 2383 3597 2654 3668; x_wconf 84' lang='grc' dir='ltr'>διαφόρως</span> <span class='ocrx_word' id='word_1_581' title='bbox 2686 3597 2762 3669; x_wconf 84' lang='grc' dir='ltr'>τῷ</span> <span class='ocrx_word' id='word_1_582' title='bbox 2791 3597 2950 3652; x_wconf 80' lang='grc' dir='ltr'>Δαυῖδ</span> <span class='ocrx_word' id='word_1_583' title='bbox 2973 3579 3468 3664; x_wconf 63' lang='grc' dir='ltr'>έπιϐουλεύσαντα,</span> <span class='ocrx_word' id='word_1_584' title='bbox 3490 3597 3599 3652; x_wconf 72' lang='grc' dir='ltr'>οὔτε</span> <span class='ocrx_word' id='word_1_585' title='bbox 3618 3597 3691 3650; x_wconf 56' lang='grc' dir='ltr'>ἀλ-</span> 
     </span>
    </p>
   </div>
   <div class='ocr_carea' id='block_1_83' title="bbox 2155 3686 3691 3762">
    <p class='ocr_par' dir='ltr' id='par_1_83' title="bbox 2155 3686 3691 3762">
     <span class='ocr_line' id='line_1_83' title="bbox 2155 3686 3691 3762; baseline -0.003 -20"><span class='ocrx_word' id='word_1_586' title='bbox 2155 3688 2244 3742; x_wconf 85' lang='grc' dir='ltr'><strong>λον</strong></span> <span class='ocrx_word' id='word_1_587' title='bbox 2274 3688 2394 3743; x_wconf 80' lang='grc' dir='ltr'>τινὰ</span> <span class='ocrx_word' id='word_1_588' title='bbox 2422 3688 2752 3760; x_wconf 83' lang='grc' dir='ltr'>παράνομον·</span> <span class='ocrx_word' id='word_1_589' title='bbox 2789 3687 2911 3742; x_wconf 80' lang='grc' dir='ltr'>ὅθεν</span> <span class='ocrx_word' id='word_1_590' title='bbox 2943 3707 2961 3741; x_wconf 82' lang='grc' dir='ltr'><strong>ι</strong></span> <span class='ocrx_word' id='word_1_591' title='bbox 3003 3688 3354 3762; x_wconf 86' lang='grc' dir='ltr'>παρανόμους</span> <span class='ocrx_word' id='word_1_592' title='bbox 3394 3708 3415 3742; x_wconf 74' lang='grc' dir='ltr'><strong>ι</strong></span> <span class='ocrx_word' id='word_1_593' title='bbox 3451 3686 3619 3750; x_wconf 73' lang='grc' dir='ltr'>εἰπὼν,</span> <span class='ocrx_word' id='word_1_594' title='bbox 3643 3686 3691 3738; x_wconf 75' lang='grc' dir='ltr'>οὐ</span> 
     </span>
    </p>
   </div>
   <div class='ocr_carea' id='block_1_84' title="bbox 2154 3778 3694 3856">
    <p class='ocr_par' dir='ltr' id='par_1_84' title="bbox 2154 3778 3694 3856">
     <span class='ocr_line' id='line_1_84' title="bbox 2154 3778 3694 3856; baseline -0.004 -20"><span class='ocrx_word' id='word_1_595' title='bbox 2154 3781 2493 3854; x_wconf 81' lang='grc' dir='ltr'>προσέθηκεν</span> <span class='ocrx_word' id='word_1_596' title='bbox 2531 3801 2549 3833; x_wconf 85' lang='grc' dir='ltr'><strong>ι</strong></span> <span class='ocrx_word' id='word_1_597' title='bbox 2587 3779 2925 3853; x_wconf 65' lang='grc' dir='ltr'>ἀνθρώπους</span> <span class='ocrx_word' id='word_1_598' title='bbox 2957 3801 2975 3834; x_wconf 77' lang='grc' dir='ltr'><strong>ι</strong></span> <span class='ocrx_word' id='word_1_599' title='bbox 3007 3781 3082 3848; x_wconf 82' lang='grc' dir='ltr'>ὡς</span> <span class='ocrx_word' id='word_1_600' title='bbox 3111 3783 3219 3856; x_wconf 85' lang='grc' dir='ltr'>γὰρ</span> <span class='ocrx_word' id='word_1_601' title='bbox 3251 3783 3412 3852; x_wconf 78' lang='grc' dir='ltr'>ἅγιος</span> <span class='ocrx_word' id='word_1_602' title='bbox 3441 3781 3604 3853; x_wconf 73' lang='grc' dir='ltr'>ἐμίσει</span> <span class='ocrx_word' id='word_1_603' title='bbox 3643 3778 3694 3831; x_wconf 70' lang='grc' dir='ltr'>τὰ</span> 
     </span>
    </p>
   </div>
   <div class='ocr_carea' id='block_1_85' title="bbox 2157 3871 3694 3946">
    <p class='ocr_par' dir='ltr' id='par_1_85' title="bbox 2157 3871 3694 3946">
     <span class='ocr_line' id='line_1_85' title="bbox 2157 3871 3694 3946; baseline 0 -21"><span class='ocrx_word' id='word_1_604' title='bbox 2157 3873 2346 3944; x_wconf 88' lang='grc' dir='ltr'>μίσους</span> <span class='ocrx_word' id='word_1_605' title='bbox 2369 3872 2514 3940; x_wconf 78' lang='grc' dir='ltr'>ἄξια,</span> <span class='ocrx_word' id='word_1_606' title='bbox 2533 3873 2658 3936; x_wconf 81' lang='grc' dir='ltr'>τοὺς</span> <span class='ocrx_word' id='word_1_607' title='bbox 2677 3873 2868 3941; x_wconf 81' lang='grc' dir='ltr'>λόγους</span> <span class='ocrx_word' id='word_1_608' title='bbox 2895 3874 3023 3938; x_wconf 80' lang='grc' dir='ltr'>τοὺς</span> <span class='ocrx_word' id='word_1_609' title='bbox 3044 3873 3418 3946; x_wconf 86' lang='grc' dir='ltr'>παρανόμους,</span> <span class='ocrx_word' id='word_1_610' title='bbox 3451 3873 3517 3927; x_wconf 78' lang='grc' dir='ltr'>τὰ</span> <span class='ocrx_word' id='word_1_611' title='bbox 3531 3871 3694 3940; x_wconf 68' lang='grc' dir='ltr'>δόγμα</span> 
     </span>
    </p>
   </div>
   <div class='ocr_carea' id='block_1_86' title="bbox 2152 3960 3696 4034">
    <p class='ocr_par' dir='ltr' id='par_1_86' title="bbox 2152 3960 3696 4034">
     <span class='ocr_line' id='line_1_86' title="bbox 2152 3960 3696 4034; baseline -0.001 -20"><span class='ocrx_word' id='word_1_612' title='bbox 2152 3977 2221 4016; x_wconf 89' lang='grc' dir='ltr'><strong>τα</strong></span> <span class='ocrx_word' id='word_1_613' title='bbox 2238 3961 2306 4015; x_wconf 88' lang='grc' dir='ltr'><strong>τά</strong></span> <span class='ocrx_word' id='word_1_614' title='bbox 2335 3961 2646 4034; x_wconf 86' lang='grc' dir='ltr'>παράνομα,</span> <span class='ocrx_word' id='word_1_615' title='bbox 2681 3962 2780 4026; x_wconf 77' lang='grc' dir='ltr'><strong>τὰς</strong></span> <span class='ocrx_word' id='word_1_616' title='bbox 2814 3962 3067 4029; x_wconf 76' lang='grc' dir='ltr'>τοιαύτας</span> <span class='ocrx_word' id='word_1_617' title='bbox 3099 3963 3472 4030; x_wconf 86' lang='grc' dir='ltr'>διδασκαλίας,</span> <span class='ocrx_word' id='word_1_618' title='bbox 3500 3961 3588 4034; x_wconf 82' lang='grc' dir='ltr'><strong>τὴν</strong></span> <span class='ocrx_word' id='word_1_619' title='bbox 3607 3960 3696 4014; x_wconf 74' lang='grc' dir='ltr'>διά-</span> 
     </span>
    </p>
   </div>
   <div class='ocr_carea' id='block_1_87' title="bbox 2153 4052 3694 4127">
    <p class='ocr_par' dir='ltr' id='par_1_87' title="bbox 2153 4052 3694 4127">
     <span class='ocr_line' id='line_1_87' title="bbox 2153 4052 3694 4127; baseline 0.005 -20"><span class='ocrx_word' id='word_1_620' title='bbox 2153 4052 2301 4107; x_wconf 88' lang='grc' dir='ltr'>θεσιν</span> <span class='ocrx_word' id='word_1_621' title='bbox 2345 4053 2467 4108; x_wconf 87' lang='grc' dir='ltr'>καθ’</span> <span class='ocrx_word' id='word_1_622' title='bbox 2517 4054 2584 4124; x_wconf 82' lang='grc' dir='ltr'>ἢν</span> <span class='ocrx_word' id='word_1_623' title='bbox 2627 4053 3060 4127; x_wconf 77' lang='grc' dir='ltr'>ἁμαρτάνουσινο</span> <span class='ocrx_word' id='word_1_624' title='bbox 3099 4054 3221 4110; x_wconf 84' lang='grc' dir='ltr'>ὅθεν</span> <span class='ocrx_word' id='word_1_625' title='bbox 3251 4058 3368 4120; x_wconf 89' lang='grc' dir='ltr'>τοῖς</span> <span class='ocrx_word' id='word_1_626' title='bbox 3403 4053 3694 4127; x_wconf 72' lang='grc' dir='ltr'>παρανόμοις</span> 
     </span>
    </p>
   </div>
   <div class='ocr_carea' id='block_1_88' title="bbox 2151 4144 3696 4219">
    <p class='ocr_par' dir='ltr' id='par_1_88' title="bbox 2151 4144 3696 4219">
     <span class='ocr_line' id='line_1_88' title="bbox 2151 4144 3696 4219; baseline -0.002 -21"><span class='ocrx_word' id='word_1_627' title='bbox 2151 4144 2329 4215; x_wconf 85' lang='grc' dir='ltr'>λόγοις</span> <span class='ocrx_word' id='word_1_628' title='bbox 2357 4145 2618 4218; x_wconf 82' lang='grc' dir='ltr'>ἀντέθηκε</span> <span class='ocrx_word' id='word_1_629' title='bbox 2638 4147 2730 4200; x_wconf 82' lang='grc' dir='ltr'><strong>τὸν</strong></span> <span class='ocrx_word' id='word_1_630' title='bbox 2756 4146 3116 4219; x_wconf 85' lang='grc' dir='ltr'>ἀγαπώμενον</span> <span class='ocrx_word' id='word_1_631' title='bbox 3136 4147 3321 4218; x_wconf 88' lang='grc' dir='ltr'>νόμον.</span> <span class='ocrx_word' id='word_1_632' title='bbox 3351 4147 3511 4202; x_wconf 81' lang='grc' dir='ltr'>Κατά</span> <span class='ocrx_word' id='word_1_633' title='bbox 3533 4145 3696 4214; x_wconf 81' lang='grc' dir='ltr'>ταύτην</span> 
     </span>
    </p>
   </div>
   <div class='ocr_carea' id='block_1_89' title="bbox 2151 4235 3693 4312">
    <p class='ocr_par' dir='ltr' id='par_1_89' title="bbox 2151 4235 3693 4312">
     <span class='ocr_line' id='line_1_89' title="bbox 2151 4235 3693 4312; baseline -0.001 -22"><span class='ocrx_word' id='word_1_634' title='bbox 2151 4235 2250 4306; x_wconf 81' lang='grc' dir='ltr'>τὴν</span> <span class='ocrx_word' id='word_1_635' title='bbox 2278 4235 2482 4290; x_wconf 77' lang='grc' dir='ltr'>ἔννοιαν</span> <span class='ocrx_word' id='word_1_636' title='bbox 2533 4237 2626 4290; x_wconf 74' lang='grc' dir='ltr'><strong>καὶ</strong></span> <span class='ocrx_word' id='word_1_637' title='bbox 2663 4239 2876 4310; x_wconf 77' lang='grc' dir='ltr'>πατέρα</span> <span class='ocrx_word' id='word_1_638' title='bbox 2904 4239 2998 4293; x_wconf 79' lang='grc' dir='ltr'>καὶ</span> <span class='ocrx_word' id='word_1_639' title='bbox 3035 4239 3250 4312; x_wconf 78' lang='grc' dir='ltr'>μητέρα</span> <span class='ocrx_word' id='word_1_640' title='bbox 3294 4241 3476 4310; x_wconf 84' lang='grc' dir='ltr'>μισεῖν</span> <span class='ocrx_word' id='word_1_641' title='bbox 3505 4248 3693 4309; x_wconf 77' lang='grc' dir='ltr'>προστεσ</span> 
     </span>
    </p>
   </div>
   <div class='ocr_carea' id='block_1_90' title="bbox 2151 4329 3694 4404">
    <p class='ocr_par' dir='ltr' id='par_1_90' title="bbox 2151 4329 3694 4404">
     <span class='ocr_line' id='line_1_90' title="bbox 2151 4329 3694 4404; baseline 0 -22"><span class='ocrx_word' id='word_1_642' title='bbox 2151 4329 2420 4401; x_wconf 81' lang='grc' dir='ltr'>τάγμεθα,</span> <span class='ocrx_word' id='word_1_643' title='bbox 2469 4331 2745 4385; x_wconf 85' lang='grc' dir='ltr'>τουτέστιν</span> <span class='ocrx_word' id='word_1_644' title='bbox 2798 4333 3234 4404; x_wconf 83' lang='grc' dir='ltr'>ἀποστρέφεσθαι</span> <span class='ocrx_word' id='word_1_645' title='bbox 3280 4329 3694 4403; x_wconf 77' lang='grc' dir='ltr'>παρακαλοῦντας</span> 
     </span>
    </p>
   </div>
   <div class='ocr_carea' id='block_1_91' title="bbox 479 4410 2057 4497">
    <p class='ocr_par' dir='ltr' id='par_1_91' title="bbox 479 4416 2047 4475">
     <span class='ocr_line' id='line_1_91' title="bbox 479 4416 2047 4475; baseline 0.003 -5"><span class='ocrx_word' id='word_1_646' title='bbox 479 4417 773 4471; x_wconf 87' lang='lat' dir='ltr'><strong>secundum</strong></span> <span class='ocrx_word' id='word_1_647' title='bbox 828 4418 1104 4474; x_wconf 84' lang='lat' dir='ltr'><strong>Christum</strong></span> <span class='ocrx_word' id='word_1_648' title='bbox 1167 4416 1417 4473; x_wconf 88' lang='lat' dir='ltr'><strong>obeundo</strong></span> <span class='ocrx_word' id='word_1_649' title='bbox 1481 4416 1859 4475; x_wconf 85' lang='lat' dir='ltr'><strong>dehortantur.</strong></span> <span class='ocrx_word' id='word_1_650' title='bbox 1911 4416 2047 4474; x_wconf 83' lang='lat' dir='ltr'><strong>Nam</strong></span> 
     </span>
    </p>
   </div>
   <div class='ocr_carea' id='block_1_92' title="bbox 2158 4410 3693 4497">
    <p class='ocr_par' dir='ltr' id='par_1_92' title="bbox 2158 4422 3693 4497">
     <span class='ocr_line' id='line_1_92' title="bbox 2158 4422 3693 4497; baseline 0.002 -22"><span class='ocrx_word' id='word_1_651' title='bbox 2158 4423 2300 4493; x_wconf 71' lang='grc' dir='ltr'>ἡμᾶς</span> <span class='ocrx_word' id='word_1_652' title='bbox 2315 4424 2395 4486; x_wconf 85' lang='grc' dir='ltr'><strong>είς</strong></span> <span class='ocrx_word' id='word_1_653' title='bbox 2426 4422 2699 4490; x_wconf 80' lang='grc' dir='ltr'>ἀσέϐειαν,</span> <span class='ocrx_word' id='word_1_654' title='bbox 2726 4423 2761 4494; x_wconf 81' lang='grc' dir='ltr'>ἢ</span> <span class='ocrx_word' id='word_1_655' title='bbox 2789 4424 2883 4479; x_wconf 87' lang='grc' dir='ltr'><strong>τοῦ</strong></span> <span class='ocrx_word' id='word_1_656' title='bbox 2913 4424 3050 4479; x_wconf 80' lang='grc' dir='ltr'><strong>κατά</strong></span> <span class='ocrx_word' id='word_1_657' title='bbox 3073 4424 3308 4496; x_wconf 75' lang='grc' dir='ltr'>Χριστὸν</span> <span class='ocrx_word' id='word_1_658' title='bbox 3322 4423 3693 4497; x_wconf 74' lang='grc' dir='ltr'>ἀποτρέποντας</span> 
     </span>
    </p>
   </div>
   <div class='ocr_carea' id='block_1_93' title="bbox 479 4504 2044 4580">
    <p class='ocr_par' dir='ltr' id='par_1_93' title="bbox 479 4504 2044 4580">
     <span class='ocr_line' id='line_1_93' title="bbox 479 4504 2044 4580; baseline 0.003 -20"><span class='ocrx_word' id='word_1_659' title='bbox 479 4504 718 4578; x_wconf 87' lang='lat' dir='ltr'><strong>alioquin</strong></span> <span class='ocrx_word' id='word_1_660' title='bbox 749 4509 911 4564; x_wconf 86' lang='lat' dir='ltr'><strong>etiam</strong></span> <span class='ocrx_word' id='word_1_661' title='bbox 941 4510 1194 4566; x_wconf 88' lang='lat' dir='ltr'><strong>inimicos</strong></span> <span class='ocrx_word' id='word_1_662' title='bbox 1233 4517 1448 4566; x_wconf 89' lang='lat' dir='ltr'><strong>nostros</strong></span> <span class='ocrx_word' id='word_1_663' title='bbox 1503 4509 1729 4579; x_wconf 88' lang='lat' dir='ltr'><strong>diligere</strong></span> <span class='ocrx_word' id='word_1_664' title='bbox 1766 4509 2044 4580; x_wconf 88' lang='lat' dir='ltr'><strong>jubemur.</strong></span> 
     </span>
    </p>
   </div>
   <div class='ocr_carea' id='block_1_94' title="bbox 479 4601 2048 4673">
    <p class='ocr_par' dir='ltr' id='par_1_94' title="bbox 479 4601 2048 4673">
     <span class='ocr_line' id='line_1_94' title="bbox 479 4601 2048 4673; baseline 0.002 -19"><span class='ocrx_word' id='word_1_665' title='bbox 479 4601 590 4656; x_wconf 88' lang='lat' dir='ltr'><strong>Deo</strong></span> <span class='ocrx_word' id='word_1_666' title='bbox 641 4611 820 4656; x_wconf 90' lang='lat' dir='ltr'><strong>autem</strong></span> <span class='ocrx_word' id='word_1_667' title='bbox 868 4602 1122 4658; x_wconf 91' lang='lat' dir='ltr'><strong>hortante</strong></span> <span class='ocrx_word' id='word_1_668' title='bbox 1166 4611 1225 4658; x_wconf 90' lang='lat' dir='ltr'><strong>ut</strong></span> <span class='ocrx_word' id='word_1_669' title='bbox 1275 4602 1442 4658; x_wconf 89' lang='lat' dir='ltr'><strong>etiam</strong></span> <span class='ocrx_word' id='word_1_670' title='bbox 1483 4602 1758 4673; x_wconf 87' lang='lat' dir='ltr'><strong>propriam</strong></span> <span class='ocrx_word' id='word_1_671' title='bbox 1809 4602 2048 4657; x_wconf 91' lang='lat' dir='ltr'><strong>animam</strong></span> 
     </span>
    </p>
   </div>
   <div class='ocr_carea' id='block_1_95' title="bbox 478 4691 2048 4764">
    <p class='ocr_par' dir='ltr' id='par_1_95' title="bbox 478 4691 2048 4764">
     <span class='ocr_line' id='line_1_95' title="bbox 478 4691 2048 4764; baseline 0.001 -18"><span class='ocrx_word' id='word_1_672' title='bbox 478 4695 778 4759; x_wconf 78' lang='lat' dir='ltr'><strong>oderimus,</strong></span> <span class='ocrx_word' id='word_1_673' title='bbox 807 4694 1060 4749; x_wconf 87' lang='lat' dir='ltr'><strong>similiter</strong></span> <span class='ocrx_word' id='word_1_674' title='bbox 1086 4702 1141 4749; x_wconf 87' lang='lat' dir='ltr'><strong>et</strong></span> <span class='ocrx_word' id='word_1_675' title='bbox 1177 4694 1424 4750; x_wconf 90' lang='lat' dir='ltr'><strong>homines</strong></span> <span class='ocrx_word' id='word_1_676' title='bbox 1453 4693 1623 4764; x_wconf 88' lang='lat' dir='ltr'><strong>iniqui</strong></span> <span class='ocrx_word' id='word_1_677' title='bbox 1659 4693 1786 4750; x_wconf 92' lang='lat' dir='ltr'><strong>odio</strong></span> <span class='ocrx_word' id='word_1_678' title='bbox 1812 4691 2048 4749; x_wconf 87' lang='lat' dir='ltr'><strong>habendi</strong></span> 
     </span>
    </p>
   </div>
   <div class='ocr_carea' id='block_1_96' title="bbox 476 4787 2046 4856">
    <p class='ocr_par' dir='ltr' id='par_1_96' title="bbox 476 4787 2046 4856">
     <span class='ocr_line' id='line_1_96' title="bbox 476 4787 2046 4856; baseline 0 -16"><span class='ocrx_word' id='word_1_679' title='bbox 476 4797 623 4852; x_wconf 83' lang='lat' dir='ltr'><strong>sunt,</strong></span> <span class='ocrx_word' id='word_1_680' title='bbox 657 4795 715 4842; x_wconf 93' lang='lat' dir='ltr'><strong>ut</strong></span> <span class='ocrx_word' id='word_1_681' title='bbox 747 4787 894 4856; x_wconf 91' lang='lat' dir='ltr'><strong>ipsos</strong></span> <span class='ocrx_word' id='word_1_682' title='bbox 915 4798 1298 4843; x_wconf 87' lang='lat' dir='ltr'><strong>convertanms</strong></span> <span class='ocrx_word' id='word_1_683' title='bbox 1331 4787 1554 4844; x_wconf 88' lang='lat' dir='ltr'><strong>meliore</strong></span> <span class='ocrx_word' id='word_1_684' title='bbox 1575 4787 1681 4843; x_wconf 83' lang='lat' dir='ltr'><strong>vita</strong></span> <span class='ocrx_word' id='word_1_685' title='bbox 1714 4794 1898 4842; x_wconf 90' lang='lat' dir='ltr'><strong>nostra</strong></span> <span class='ocrx_word' id='word_1_686' title='bbox 1937 4800 2046 4855; x_wconf 88' lang='lat' dir='ltr'><strong>qua</strong></span> 
     </span>
    </p>
   </div>
   <div class='ocr_carea' id='block_1_97' title="bbox 477 4879 1376 4936">
    <p class='ocr_par' dir='ltr' id='par_1_97' title="bbox 477 4879 1376 4936">
     <span class='ocr_line' id='line_1_97' title="bbox 477 4879 1376 4936; baseline 0.002 -2"><span class='ocrx_word' id='word_1_687' title='bbox 477 4879 536 4935; x_wconf 85' lang='lat' dir='ltr'><strong>lit</strong></span> <span class='ocrx_word' id='word_1_688' title='bbox 570 4889 629 4934; x_wconf 87' lang='lat' dir='ltr'><strong>ut</strong></span> <span class='ocrx_word' id='word_1_689' title='bbox 661 4879 780 4935; x_wconf 88' lang='lat' dir='ltr'><strong>istis</strong></span> <span class='ocrx_word' id='word_1_690' title='bbox 811 4879 1016 4934; x_wconf 81' lang='lat' dir='ltr'><strong>similes</strong></span> <span class='ocrx_word' id='word_1_691' title='bbox 1045 4895 1151 4935; x_wconf 87' lang='lat' dir='ltr'><strong>non</strong></span> <span class='ocrx_word' id='word_1_692' title='bbox 1181 4881 1376 4936; x_wconf 86' lang='lat' dir='ltr'><strong>simus.</strong></span> 
     </span>
    </p>
   </div>
   <div class='ocr_carea' id='block_1_98' title="bbox 545 4968 2047 5041">
    <p class='ocr_par' dir='ltr' id='par_1_98' title="bbox 545 4968 2047 5041">
     <span class='ocr_line' id='line_1_98' title="bbox 545 4968 2047 5041; baseline -0.003 -14"><span class='ocrx_word' id='word_1_693' title='bbox 545 4968 708 5028; x_wconf 81' lang='lat' dir='ltr'><strong>Vens.</strong></span> <span class='ocrx_word' id='word_1_694' title='bbox 739 4970 860 5027; x_wconf 78' lang='grc'><strong>115.</strong></span> <span class='ocrx_word' id='word_1_695' title='bbox 897 4969 1165 5026; x_wconf 86' lang='lat' dir='ltr'><strong>Declinate</strong></span> <span class='ocrx_word' id='word_1_696' title='bbox 1199 4988 1231 5024; x_wconf 91' lang='lat' dir='ltr'><strong>a</strong></span> <span class='ocrx_word' id='word_1_697' title='bbox 1266 4987 1367 5038; x_wconf 80' lang='lat' dir='ltr'><strong>me,</strong></span> <span class='ocrx_word' id='word_1_698' title='bbox 1398 4970 1652 5041; x_wconf 83' lang='lat' dir='ltr'><strong>maligni,</strong></span> <span class='ocrx_word' id='word_1_699' title='bbox 1687 4980 1736 5027; x_wconf 82' lang='lat' dir='ltr'><strong>et</strong></span> <span class='ocrx_word' id='word_1_700' title='bbox 1771 4969 2047 5026; x_wconf 84' lang='lat' dir='ltr'><strong>scrutabor</strong></span> 
     </span>
    </p>
   </div>
   <div class='ocr_carea' id='block_1_99' title="bbox 2157 4513 3696 4588">
    <p class='ocr_par' dir='ltr' id='par_1_99' title="bbox 2157 4513 3696 4588">
     <span class='ocr_line' id='line_1_99' title="bbox 2157 4513 3696 4588; baseline 0.01 -23"><span class='ocrx_word' id='word_1_701' title='bbox 2157 4513 2480 4586; x_wconf 84' lang='grc' dir='ltr'>μαρτυρίου.</span> <span class='ocrx_word' id='word_1_702' title='bbox 2507 4515 2715 4579; x_wconf 76' lang='grc' dir='ltr'>’Ἄλλως</span> <span class='ocrx_word' id='word_1_703' title='bbox 2735 4515 2842 4588; x_wconf 77' lang='grc' dir='ltr'><strong>γὰρ</strong></span> <span class='ocrx_word' id='word_1_704' title='bbox 2867 4515 2959 4571; x_wconf 73' lang='grc' dir='ltr'><strong>καὶ</strong></span> <span class='ocrx_word' id='word_1_705' title='bbox 2982 4517 3106 4581; x_wconf 78' lang='grc' dir='ltr'>τοὺς</span> <span class='ocrx_word' id='word_1_706' title='bbox 3137 4515 3370 4587; x_wconf 77' lang='grc' dir='ltr'>ἐχθροὺς</span> <span class='ocrx_word' id='word_1_707' title='bbox 3410 4514 3564 4587; x_wconf 81' lang='grc' dir='ltr'>ἡμῶν</span> <span class='ocrx_word' id='word_1_708' title='bbox 3585 4513 3696 4579; x_wconf 75' lang='grc' dir='ltr'>ἀγα-</span> 
     </span>
    </p>
   </div>
   <div class='ocr_carea' id='block_1_100' title="bbox 2154 4599 3694 4679">
    <p class='ocr_par' dir='ltr' id='par_1_100' title="bbox 2154 4599 3694 4679">
     <span class='ocr_line' id='line_1_100' title="bbox 2154 4599 3694 4679; baseline 0.001 -24"><span class='ocrx_word' id='word_1_709' title='bbox 2154 4605 2264 4674; x_wconf 81' lang='grc' dir='ltr'>πᾷν</span> <span class='ocrx_word' id='word_1_710' title='bbox 2297 4605 2764 4677; x_wconf 76' lang='grc' dir='ltr'>προστεταγμεθα.</span> <span class='ocrx_word' id='word_1_711' title='bbox 2798 4606 2932 4663; x_wconf 82' lang='grc' dir='ltr'>Θεοῦ</span> <span class='ocrx_word' id='word_1_712' title='bbox 2965 4607 3024 4662; x_wconf 79' lang='grc' dir='ltr'>δὲ</span> <span class='ocrx_word' id='word_1_713' title='bbox 3061 4605 3507 4679; x_wconf 84' lang='grc' dir='ltr'>προκαλουμένου</span> <span class='ocrx_word' id='word_1_714' title='bbox 3535 4605 3607 4667; x_wconf 82' lang='grc' dir='ltr'><strong>είς</strong></span> <span class='ocrx_word' id='word_1_715' title='bbox 3650 4599 3694 4652; x_wconf 64' lang='grc' dir='ltr'>τὸ</span> 
     </span>
    </p>
   </div>
   <div class='ocr_carea' id='block_1_101' title="bbox 2153 4693 3695 4770">
    <p class='ocr_par' dir='ltr' id='par_1_101' title="bbox 2153 4693 3695 4770">
     <span class='ocr_line' id='line_1_101' title="bbox 2153 4693 3695 4770; baseline 0.003 -22"><span class='ocrx_word' id='word_1_716' title='bbox 2153 4695 2249 4748; x_wconf 76' lang='grc' dir='ltr'><strong>καὶ</strong></span> <span class='ocrx_word' id='word_1_717' title='bbox 2265 4697 2364 4768; x_wconf 78' lang='grc' dir='ltr'>τὴν</span> <span class='ocrx_word' id='word_1_718' title='bbox 2391 4697 2528 4750; x_wconf 79' lang='grc' dir='ltr'>ἰδίαν</span> <span class='ocrx_word' id='word_1_719' title='bbox 2559 4699 2788 4769; x_wconf 84' lang='grc' dir='ltr'>μισῆσαι</span> <span class='ocrx_word' id='word_1_720' title='bbox 2811 4698 3009 4769; x_wconf 75' lang='grc' dir='ltr'>ψυχὴν,</span> <span class='ocrx_word' id='word_1_721' title='bbox 3049 4697 3251 4770; x_wconf 85' lang='grc' dir='ltr'>ὁμοίως</span> <span class='ocrx_word' id='word_1_722' title='bbox 3282 4698 3381 4750; x_wconf 77' lang='grc' dir='ltr'><strong>καὶ</strong></span> <span class='ocrx_word' id='word_1_723' title='bbox 3415 4693 3695 4769; x_wconf 82' lang='grc' dir='ltr'>ἀνθρώπους</span> 
     </span>
    </p>
   </div>
   <div class='ocr_carea' id='block_1_102' title="bbox 2151 4786 3692 4862">
    <p class='ocr_par' dir='ltr' id='par_1_102' title="bbox 2151 4786 3692 4862">
     <span class='ocr_line' id='line_1_102' title="bbox 2151 4786 3692 4862; baseline 0.002 -22"><span class='ocrx_word' id='word_1_724' title='bbox 2151 4786 2234 4841; x_wconf 85' lang='grc' dir='ltr'><strong>δεῖ</strong></span> <span class='ocrx_word' id='word_1_725' title='bbox 2259 4787 2605 4862; x_wconf 84' lang='grc' dir='ltr'>παρανόμους</span> <span class='ocrx_word' id='word_1_726' title='bbox 2631 4793 2829 4862; x_wconf 85' lang='grc' dir='ltr'>μισεῖν,</span> <span class='ocrx_word' id='word_1_727' title='bbox 2861 4790 2935 4854; x_wconf 84' lang='grc' dir='ltr'>ὡς</span> <span class='ocrx_word' id='word_1_728' title='bbox 2963 4789 3030 4845; x_wconf 85' lang='grc' dir='ltr'>ἂν</span> <span class='ocrx_word' id='word_1_729' title='bbox 3069 4791 3267 4855; x_wconf 79' lang='grc' dir='ltr'>αὐτοὺς</span> <span class='ocrx_word' id='word_1_730' title='bbox 3309 4787 3692 4862; x_wconf 65' lang='grc' dir='ltr'>ἐπιστρέψωμεν</span> 
     </span>
    </p>
   </div>
   <div class='ocr_carea' id='block_1_103' title="bbox 2151 4879 3297 4953">
    <p class='ocr_par' dir='ltr' id='par_1_103' title="bbox 2151 4879 3297 4953">
     <span class='ocr_line' id='line_1_103' title="bbox 2151 4879 3297 4953; baseline 0.004 -20"><span class='ocrx_word' id='word_1_731' title='bbox 2151 4879 2514 4951; x_wconf 85' lang='grc' dir='ltr'>βελτιούμενοι</span> <span class='ocrx_word' id='word_1_732' title='bbox 2534 4880 2612 4952; x_wconf 81' lang='grc' dir='ltr'>τῷ</span> <span class='ocrx_word' id='word_1_733' title='bbox 2634 4882 2708 4953; x_wconf 83' lang='grc' dir='ltr'>μὴ</span> <span class='ocrx_word' id='word_1_734' title='bbox 2729 4883 2934 4947; x_wconf 79' lang='grc' dir='ltr'>τούτοις</span> <span class='ocrx_word' id='word_1_735' title='bbox 2948 4881 3297 4953; x_wconf 82' lang='grc' dir='ltr'>ὁμοιωθῆναι.</span> 
     </span>
    </p>
   </div>
   <div class='ocr_carea' id='block_1_104' title="bbox 2228 4971 3694 5047">
    <p class='ocr_par' dir='ltr' id='par_1_104' title="bbox 2228 4971 3694 5047">
     <span class='ocr_line' id='line_1_104' title="bbox 2228 4971 3694 5047; baseline 0.003 -17"><span class='ocrx_word' id='word_1_736' title='bbox 2228 4977 2567 5031; x_wconf 46' lang='lat' dir='ltr'><strong>Exultat-ars</strong></span> <span class='ocrx_word' id='word_1_737' title='bbox 2597 4976 2697 5032; x_wconf 80' lang='grc' dir='ltr'><strong>ἀπ’</strong></span> <span class='ocrx_word' id='word_1_738' title='bbox 2725 4977 2896 5047; x_wconf 80' lang='grc' dir='ltr'>ἐμοῦ,</span> <span class='ocrx_word' id='word_1_739' title='bbox 2930 4975 3401 5046; x_wconf 78' lang='grc' dir='ltr'>πονηρευόμενοι</span> <span class='ocrx_word' id='word_1_740' title='bbox 3423 5015 3440 5042; x_wconf 87' lang='grc'><strong>,</strong></span> <span class='ocrx_word' id='word_1_741' title='bbox 3491 4974 3582 5030; x_wconf 70' lang='grc' dir='ltr'>καὶ</span> <span class='ocrx_word' id='word_1_742' title='bbox 3619 4971 3694 5034; x_wconf 74' lang='grc' dir='ltr'><strong>ἐξο</strong></span> 
     </span>
    </p>
   </div>
   <div class='ocr_carea' id='block_1_105' title="bbox 474 5060 2057 5137">
    <p class='ocr_par' dir='ltr' id='par_1_105' title="bbox 474 5061 2044 5130">
     <span class='ocr_line' id='line_1_105' title="bbox 474 5061 2044 5130; baseline 0 -14"><span class='ocrx_word' id='word_1_743' title='bbox 474 5063 726 5118; x_wconf 82' lang='lat' dir='ltr'><strong>mandata</strong></span> <span class='ocrx_word' id='word_1_744' title='bbox 762 5061 858 5120; x_wconf 85' lang='lat' dir='ltr'><strong>Dei</strong></span> <span class='ocrx_word' id='word_1_745' title='bbox 898 5064 1020 5130; x_wconf 86' lang='lat' dir='ltr'><strong>mei,</strong></span> <span class='ocrx_word' id='word_1_746' title='bbox 1056 5072 1164 5118; x_wconf 89' lang='lat' dir='ltr'><strong>etc.</strong></span> <span class='ocrx_word' id='word_1_747' title='bbox 1210 5062 1322 5118; x_wconf 75' lang='lat' dir='ltr'><strong>Nisi</strong></span> <span class='ocrx_word' id='word_1_748' title='bbox 1370 5063 1767 5120; x_wconf 78' lang='lat' dir='ltr'><strong>decliuaveriut</strong></span> <span class='ocrx_word' id='word_1_749' title='bbox 1813 5075 1845 5117; x_wconf 73' lang='grc' dir='ltr'><strong>α</strong></span> <span class='ocrx_word' id='word_1_750' title='bbox 1890 5061 2044 5116; x_wconf 88' lang='lat' dir='ltr'><strong>nobis</strong></span> 
     </span>
    </p>
   </div>
   <div class='ocr_carea' id='block_1_106' title="bbox 2158 5060 3694 5137">
    <p class='ocr_par' dir='ltr' id='par_1_106' title="bbox 2158 5060 3694 5137">
     <span class='ocr_line' id='line_1_106' title="bbox 2158 5060 3694 5137; baseline -0.002 -18"><span class='ocrx_word' id='word_1_751' title='bbox 2158 5065 2450 5135; x_wconf 74' lang='grc' dir='ltr'>ςρευνήσω</span> <span class='ocrx_word' id='word_1_752' title='bbox 2473 5067 2578 5134; x_wconf 82' lang='grc' dir='ltr'>τὰς</span> <span class='ocrx_word' id='word_1_753' title='bbox 2601 5066 2854 5134; x_wconf 73' lang='grc' dir='ltr'>ἐντολὰς</span> <span class='ocrx_word' id='word_1_754' title='bbox 2878 5067 2983 5122; x_wconf 82' lang='grc' dir='ltr'><strong>τοῦ</strong></span> <span class='ocrx_word' id='word_1_755' title='bbox 3009 5066 3158 5122; x_wconf 85' lang='grc' dir='ltr'>Θεοῦ</span> <span class='ocrx_word' id='word_1_756' title='bbox 3177 5084 3316 5137; x_wconf 82' lang='grc' dir='ltr'>μου,</span> <span class='ocrx_word' id='word_1_757' title='bbox 3340 5085 3401 5122; x_wconf 89' lang='grc' dir='ltr'><strong>κ.</strong></span> <span class='ocrx_word' id='word_1_758' title='bbox 3433 5083 3490 5122; x_wconf 89' lang='grc' dir='ltr'><strong>τ.</strong></span> <span class='ocrx_word' id='word_1_759' title='bbox 3523 5066 3566 5120; x_wconf 84' lang='grc' dir='ltr'>ὲ.</span> <span class='ocrx_word' id='word_1_760' title='bbox 3595 5060 3694 5118; x_wconf 74' lang='grc' dir='ltr'><strong>Ἐὰν</strong></span> 
     </span>
    </p>
   </div>
   <div class='ocr_carea' id='block_1_107' title="bbox 472 5155 2041 5221">
    <p class='ocr_par' dir='ltr' id='par_1_107' title="bbox 472 5155 2041 5221">
     <span class='ocr_line' id='line_1_107' title="bbox 472 5155 2041 5221; baseline 0.001 -12"><span class='ocrx_word' id='word_1_761' title='bbox 472 5158 766 5221; x_wconf 61' lang='lat' dir='ltr'><strong>daemones,</strong></span> <span class='ocrx_word' id='word_1_762' title='bbox 804 5157 1053 5213; x_wconf 81' lang='lat' dir='ltr'><strong>mandata</strong></span> <span class='ocrx_word' id='word_1_763' title='bbox 1090 5155 1181 5212; x_wconf 92' lang='lat' dir='ltr'><strong>Dei</strong></span> <span class='ocrx_word' id='word_1_764' title='bbox 1216 5157 1394 5213; x_wconf 75' lang='lat' dir='ltr'><strong>facere</strong></span> <span class='ocrx_word' id='word_1_765' title='bbox 1443 5173 1552 5214; x_wconf 91' lang='lat' dir='ltr'><strong>non</strong></span> <span class='ocrx_word' id='word_1_766' title='bbox 1592 5157 1878 5212; x_wconf 85' lang='lat' dir='ltr'><strong>valemus:</strong></span> <span class='ocrx_word' id='word_1_767' title='bbox 1917 5169 2041 5210; x_wconf 82' lang='lat' dir='ltr'><strong>nam</strong></span> 
     </span>
    </p>
   </div>
   <div class='ocr_carea' id='block_1_108' title="bbox 473 5249 2040 5321">
    <p class='ocr_par' dir='ltr' id='par_1_108' title="bbox 473 5249 2040 5321">
     <span class='ocr_line' id='line_1_108' title="bbox 473 5249 2040 5321; baseline 0.003 -19"><span class='ocrx_word' id='word_1_768' title='bbox 473 5251 733 5306; x_wconf 79' lang='lat' dir='ltr'><strong>adversus</strong></span> <span class='ocrx_word' id='word_1_769' title='bbox 763 5250 850 5305; x_wconf 90' lang='lat' dir='ltr'><strong>illa</strong></span> <span class='ocrx_word' id='word_1_770' title='bbox 885 5251 1458 5319; x_wconf 75' lang='lat' dir='ltr'><strong>maximeiusurgunt,</strong></span> <span class='ocrx_word' id='word_1_771' title='bbox 1502 5264 1567 5305; x_wconf 91' lang='lat' dir='ltr'><strong>eo</strong></span> <span class='ocrx_word' id='word_1_772' title='bbox 1614 5251 1758 5321; x_wconf 90' lang='lat' dir='ltr'><strong>quod</strong></span> <span class='ocrx_word' id='word_1_773' title='bbox 1811 5249 1898 5304; x_wconf 84' lang='lat' dir='ltr'><strong>illa</strong></span> <span class='ocrx_word' id='word_1_774' title='bbox 1947 5249 2040 5306; x_wconf 90' lang='lat' dir='ltr'><strong>Dei</strong></span> 
     </span>
    </p>
   </div>
   <div class='ocr_carea' id='block_1_109' title="bbox 471 5341 1088 5414">
    <p class='ocr_par' dir='ltr' id='par_1_109' title="bbox 471 5341 1088 5414">
     <span class='ocr_line' id='line_1_109' title="bbox 471 5341 1088 5414; baseline 0.006 -19"><span class='ocrx_word' id='word_1_775' title='bbox 471 5345 756 5398; x_wconf 82' lang='lat' dir='ltr'><strong>scientiam</strong></span> <span class='ocrx_word' id='word_1_776' title='bbox 793 5341 1088 5414; x_wconf 65' lang='lat' dir='ltr'><strong>praebeant.</strong></span> 
     </span>
    </p>
   </div>
   <div class='ocr_carea' id='block_1_110' title="bbox 543 5527 2036 5599">
    <p class='ocr_par' dir='ltr' id='par_1_110' title="bbox 543 5527 2036 5599">
     <span class='ocr_line' id='line_1_110' title="bbox 543 5527 2036 5599; baseline 0.001 -21"><span class='ocrx_word' id='word_1_777' title='bbox 543 5527 706 5582; x_wconf 73' lang='lat' dir='ltr'><strong>Vens.</strong></span> <span class='ocrx_word' id='word_1_778' title='bbox 741 5527 859 5583; x_wconf 82' lang='grc'><strong>116.</strong></span> <span class='ocrx_word' id='word_1_779' title='bbox 904 5530 1120 5598; x_wconf 78' lang='lat' dir='ltr'><strong>Suscipe</strong></span> <span class='ocrx_word' id='word_1_780' title='bbox 1155 5545 1237 5582; x_wconf 84' lang='lat' dir='ltr'><strong>me</strong></span> <span class='ocrx_word' id='word_1_781' title='bbox 1265 5528 1548 5584; x_wconf 79' lang='lat' dir='ltr'><strong>secundum</strong></span> <span class='ocrx_word' id='word_1_782' title='bbox 1579 5528 1837 5599; x_wconf 87' lang='lat' dir='ltr'><strong>eloquium</strong></span> <span class='ocrx_word' id='word_1_783' title='bbox 1866 5535 2036 5593; x_wconf 84' lang='lat' dir='ltr'><strong>tuum,</strong></span> 
     </span>
    </p>
   </div>
   <div class='ocr_carea' id='block_1_111' title="bbox 542 5712 1537 5784">
    <p class='ocr_par' dir='ltr' id='par_1_111' title="bbox 542 5712 1537 5784">
     <span class='ocr_line' id='line_1_111' title="bbox 542 5712 1537 5784; baseline 0.003 -16"><span class='ocrx_word' id='word_1_784' title='bbox 542 5714 626 5768; x_wconf 70' lang='grc' dir='ltr'><strong>δνι</strong></span> <span class='ocrx_word' id='word_1_785' title='bbox 661 5712 783 5768; x_wconf 84' lang='lat' dir='ltr'><strong>Cor.</strong></span> <span class='ocrx_word' id='word_1_786' title='bbox 822 5723 882 5779; x_wconf 76' lang='grc' dir='ltr'><strong>ιζ,</strong></span> <span class='ocrx_word' id='word_1_787' title='bbox 913 5715 966 5770; x_wconf 86' lang='grc' dir='ltr'><strong>θ.</strong></span> <span class='ocrx_word' id='word_1_788' title='bbox 1017 5714 1086 5748; x_wconf 65' lang='grc'><strong>“⁸⁰</strong></span> <span class='ocrx_word' id='word_1_789' title='bbox 1115 5712 1292 5784; x_wconf 83' lang='lat' dir='ltr'><strong>lReg.</strong></span> <span class='ocrx_word' id='word_1_790' title='bbox 1327 5731 1414 5782; x_wconf 80' lang='lat' dir='ltr'><strong>xv,</strong></span> <span class='ocrx_word' id='word_1_791' title='bbox 1454 5716 1537 5771; x_wconf 84' lang='grc'><strong>11.</strong></span> 
     </span>
    </p>
   </div>
   <div class='ocr_carea' id='block_1_112' title="bbox 2147 5153 3691 5232">
    <p class='ocr_par' dir='ltr' id='par_1_112' title="bbox 2147 5153 3691 5232">
     <span class='ocr_line' id='line_1_112' title="bbox 2147 5153 3691 5232; baseline -0.004 -20"><span class='ocrx_word' id='word_1_792' title='bbox 2147 5160 2222 5230; x_wconf 83' lang='grc' dir='ltr'>μὴ</span> <span class='ocrx_word' id='word_1_793' title='bbox 2252 5159 2568 5213; x_wconf 82' lang='grc' dir='ltr'>ὲκκλίνωσιν</span> <span class='ocrx_word' id='word_1_794' title='bbox 2591 5161 2685 5230; x_wconf 83' lang='grc' dir='ltr'><strong>ἀφ’</strong></span> <span class='ocrx_word' id='word_1_795' title='bbox 2707 5159 2864 5232; x_wconf 80' lang='grc' dir='ltr'>ἡμῶν</span> <span class='ocrx_word' id='word_1_796' title='bbox 2879 5161 2926 5213; x_wconf 82' lang='lat' dir='ltr'><strong>oi</strong></span> <span class='ocrx_word' id='word_1_797' title='bbox 2957 5158 3224 5230; x_wconf 84' lang='grc' dir='ltr'>δαίμονες,</span> <span class='ocrx_word' id='word_1_798' title='bbox 3251 5159 3353 5225; x_wconf 83' lang='grc' dir='ltr'>τὰς</span> <span class='ocrx_word' id='word_1_799' title='bbox 3381 5157 3596 5220; x_wconf 73' lang='grc' dir='ltr'>ἐντολὰς</span> <span class='ocrx_word' id='word_1_800' title='bbox 3619 5153 3691 5208; x_wconf 75' lang='grc' dir='ltr'><strong>τοῦ</strong></span> 
     </span>
    </p>
   </div>
   <div class='ocr_carea' id='block_1_113' title="bbox 2146 5249 3694 5326">
    <p class='ocr_par' dir='ltr' id='par_1_113' title="bbox 2146 5249 3694 5326">
     <span class='ocr_line' id='line_1_113' title="bbox 2146 5249 3694 5326; baseline -0.003 -23"><span class='ocrx_word' id='word_1_801' title='bbox 2146 5250 2281 5304; x_wconf 82' lang='grc' dir='ltr'>Θεοῦ</span> <span class='ocrx_word' id='word_1_802' title='bbox 2301 5254 2474 5305; x_wconf 89' lang='grc' dir='ltr'>ποιεῖν</span> <span class='ocrx_word' id='word_1_803' title='bbox 2501 5251 2601 5307; x_wconf 84' lang='grc' dir='ltr'>οὐκ</span> <span class='ocrx_word' id='word_1_804' title='bbox 2637 5251 2911 5324; x_wconf 75' lang='grc' dir='ltr'>ίσχύομενο</span> <span class='ocrx_word' id='word_1_805' title='bbox 2943 5251 3080 5326; x_wconf 76' lang='grc' dir='ltr'>πρὸς</span> <span class='ocrx_word' id='word_1_806' title='bbox 3112 5253 3220 5324; x_wconf 85' lang='grc' dir='ltr'>γὰρ</span> <span class='ocrx_word' id='word_1_807' title='bbox 3243 5250 3456 5317; x_wconf 80' lang='grc' dir='ltr'>ταύτας</span> <span class='ocrx_word' id='word_1_808' title='bbox 3495 5249 3694 5323; x_wconf 73' lang='grc' dir='ltr'>μάλιστα</span> 
     </span>
    </p>
   </div>
   <div class='ocr_carea' id='block_1_114' title="bbox 2145 5336 3695 5415">
    <p class='ocr_par' dir='ltr' id='par_1_114' title="bbox 2145 5336 3695 5415">
     <span class='ocr_line' id='line_1_114' title="bbox 2145 5336 3695 5415; baseline 0.003 -22"><span class='ocrx_word' id='word_1_809' title='bbox 2145 5343 2412 5409; x_wconf 78' lang='grc' dir='ltr'>ἵστανται,</span> <span class='ocrx_word' id='word_1_810' title='bbox 2456 5336 2544 5398; x_wconf 78' lang='grc' dir='ltr'>διᾶ</span> <span class='ocrx_word' id='word_1_811' title='bbox 2589 5343 2650 5397; x_wconf 82' lang='grc' dir='ltr'><strong>τὸ</strong></span> <span class='ocrx_word' id='word_1_812' title='bbox 2687 5342 2977 5415; x_wconf 80' lang='grc' dir='ltr'>προξένους</span> <span class='ocrx_word' id='word_1_813' title='bbox 3005 5344 3138 5415; x_wconf 76' lang='grc' dir='ltr'>ἡμῖν</span> <span class='ocrx_word' id='word_1_814' title='bbox 3167 5341 3426 5412; x_wconf 86' lang='grc' dir='ltr'>γενέσθαι</span> <span class='ocrx_word' id='word_1_815' title='bbox 3457 5340 3556 5413; x_wconf 82' lang='grc' dir='ltr'>τῆς</span> <span class='ocrx_word' id='word_1_816' title='bbox 3581 5336 3695 5408; x_wconf 81' lang='grc' dir='ltr'>γνώ-</span> 
     </span>
    </p>
   </div>
   <div class='ocr_carea' id='block_1_115' title="bbox 2147 5435 2595 5499">
    <p class='ocr_par' dir='ltr' id='par_1_115' title="bbox 2147 5435 2595 5499">
     <span class='ocr_line' id='line_1_115' title="bbox 2147 5435 2595 5499; baseline 0.002 -10"><span class='ocrx_word' id='word_1_817' title='bbox 2147 5453 2282 5499; x_wconf 87' lang='grc' dir='ltr'>σεως</span> <span class='ocrx_word' id='word_1_818' title='bbox 2314 5436 2408 5490; x_wconf 90' lang='grc' dir='ltr'><strong>τοῦ</strong></span> <span class='ocrx_word' id='word_1_819' title='bbox 2439 5435 2595 5490; x_wconf 84' lang='grc' dir='ltr'>Θεοῦ.</span> 
     </span>
    </p>
   </div>
   <div class='ocr_carea' id='block_1_116' title="bbox 2229 5514 3694 5602">
    <p class='ocr_par' dir='ltr' id='par_1_116' title="bbox 2229 5514 3694 5602">
     <span class='ocr_line' id='line_1_116' title="bbox 2229 5514 3694 5602; baseline -0.004 -16"><span class='ocrx_word' id='word_1_820' title='bbox 2229 5514 2575 5587; x_wconf 76' lang='grc' dir='ltr'>Ἄντιλαϐοῦ</span> <span class='ocrx_word' id='word_1_821' title='bbox 2601 5548 2720 5602; x_wconf 81' lang='grc' dir='ltr'><strong>μου</strong></span> <span class='ocrx_word' id='word_1_822' title='bbox 2744 5530 2986 5586; x_wconf 82' lang='grc' dir='ltr'>κατὰ-τὸ</span> <span class='ocrx_word' id='word_1_823' title='bbox 3018 5529 3224 5602; x_wconf 68' lang='grc' dir='ltr'>λόγιόν</span> <span class='ocrx_word' id='word_1_824' title='bbox 3249 5543 3395 5595; x_wconf 88' lang='grc' dir='ltr'>σου,</span> <span class='ocrx_word' id='word_1_825' title='bbox 3428 5528 3526 5584; x_wconf 73' lang='grc' dir='ltr'><strong>καί</strong></span> <span class='ocrx_word' id='word_1_826' title='bbox 3544 5527 3694 5596; x_wconf 63' lang='lat' dir='ltr'><strong>(iitro—</strong></span> 
     </span>
    </p>
   </div>
  </div>
