  <div class='ocr_page' id='page_1' title='image "/cluster/home/n/w/nwhite01/storage/ocr_20150623/12/hvd.32044019207638/810.png"; bbox 0 0 3914 6374; ppageno 0'>
   <div class='ocr_carea' id='block_1_1' title="bbox 285 263 424 320">
    <p class='ocr_par' dir='ltr' id='par_1_1' title="bbox 285 263 424 320">
     <span class='ocr_line' id='line_1_1' title="bbox 285 263 424 320; baseline 0.029 -4"><span class='ocrx_word' id='word_1_1' title='bbox 285 263 424 320; x_wconf 73' lang='lat' dir='ltr'><strong>ltier</strong></span> 
     </span>
    </p>
   </div>
   <div class='ocr_carea' id='block_1_2' title="bbox 1199 269 2596 340">
    <p class='ocr_par' dir='ltr' id='par_1_2' title="bbox 1199 269 2596 340">
     <span class='ocr_line' id='line_1_2' title="bbox 1199 269 2596 340; baseline 0.009 -14"><span class='ocrx_word' id='word_1_2' title='bbox 1199 269 1506 328; x_wconf 81' lang='lat' dir='ltr'><strong>SELECTA</strong></span> <span class='ocrx_word' id='word_1_3' title='bbox 1543 271 1612 328; x_wconf 83' lang='lat' dir='ltr'><strong>IN</strong></span> <span class='ocrx_word' id='word_1_4' title='bbox 1647 271 1984 332; x_wconf 73' lang='lat' dir='ltr'><strong>PSALMUS.</strong></span> <span class='ocrx_word' id='word_1_5' title='bbox 2025 311 2090 318; x_wconf 90' lang='lat'><strong>-—</strong></span> <span class='ocrx_word' id='word_1_6' title='bbox 2127 277 2324 335; x_wconf 76' lang='lat' dir='ltr'><strong>PSAL.</strong></span> <span class='ocrx_word' id='word_1_7' title='bbox 2365 279 2596 340; x_wconf 67' lang='lat' dir='ltr'><strong>CXVIII.</strong></span> 
     </span>
    </p>
   </div>
   <div class='ocr_carea' id='block_1_3' title="bbox 3397 293 3528 350">
    <p class='ocr_par' dir='ltr' id='par_1_3' title="bbox 3397 293 3528 350">
     <span class='ocr_line' id='line_1_3' title="bbox 3397 293 3528 350; baseline 0.046 -6"><span class='ocrx_word' id='word_1_8' title='bbox 3397 293 3528 350; x_wconf 70' lang='lat' dir='ltr'><strong>16H</strong></span> 
     </span>
    </p>
   </div>
   <div class='ocr_carea' id='block_1_4' title="bbox 274 389 1836 482">
    <p class='ocr_par' dir='ltr' id='par_1_4' title="bbox 274 389 1836 466">
     <span class='ocr_line' id='line_1_4' title="bbox 274 389 1836 466; baseline 0.005 -24"><span class='ocrx_word' id='word_1_9' title='bbox 274 406 402 456; x_wconf 81' lang='grc' dir='ltr'>μαι,</span> <span class='ocrx_word' id='word_1_10' title='bbox 429 389 526 442; x_wconf 76' lang='grc' dir='ltr'>καὶ</span> <span class='ocrx_word' id='word_1_11' title='bbox 551 390 638 460; x_wconf 78' lang='grc' dir='ltr'>μὴ</span> <span class='ocrx_word' id='word_1_12' title='bbox 671 393 1098 464; x_wconf 79' lang='grc' dir='ltr'>καταισχύνῃς’</span> <span class='ocrx_word' id='word_1_13' title='bbox 1105 413 1182 466; x_wconf 82' lang='grc' dir='ltr'><strong>με</strong></span> <span class='ocrx_word' id='word_1_14' title='bbox 1211 397 1331 452; x_wconf 79' lang='grc' dir='ltr'><strong>ἀπὸ</strong></span> <span class='ocrx_word' id='word_1_15' title='bbox 1359 395 1464 466; x_wconf 82' lang='grc' dir='ltr'>τῆς</span> <span class='ocrx_word' id='word_1_16' title='bbox 1487 395 1836 466; x_wconf 74' lang='grc' dir='ltr'>προσδοκίας</span> 
     </span>
    </p>
   </div>
   <div class='ocr_carea' id='block_1_5' title="bbox 1952 389 3606 482">
    <p class='ocr_par' dir='ltr' id='par_1_5' title="bbox 1955 401 3606 482">
     <span class='ocr_line' id='line_1_5' title="bbox 1955 401 3606 482; baseline 0.013 -30"><span class='ocrx_word' id='word_1_17' title='bbox 1955 407 2002 452; x_wconf 83' lang='lat' dir='ltr'><strong>et</strong></span> <span class='ocrx_word' id='word_1_18' title='bbox 2045 401 2234 464; x_wconf 78' lang='lat' dir='ltr'><strong>vivam,</strong></span> <span class='ocrx_word' id='word_1_19' title='bbox 2259 411 2308 456; x_wconf 89' lang='lat' dir='ltr'><strong>et</strong></span> <span class='ocrx_word' id='word_1_20' title='bbox 2337 417 2440 456; x_wconf 87' lang='lat' dir='ltr'><strong>non</strong></span> <span class='ocrx_word' id='word_1_21' title='bbox 2469 401 2764 470; x_wconf 74' lang='lat' dir='ltr'><strong>confundas</strong></span> <span class='ocrx_word' id='word_1_22' title='bbox 2791 417 2870 456; x_wconf 86' lang='lat' dir='ltr'><strong>nte</strong></span> <span class='ocrx_word' id='word_1_23' title='bbox 2901 403 2966 456; x_wconf 83' lang='lat' dir='ltr'><strong>ab</strong></span> <span class='ocrx_word' id='word_1_24' title='bbox 2985 409 3366 474; x_wconf 71' lang='lat' dir='ltr'><strong>exspectatione</strong></span> <span class='ocrx_word' id='word_1_25' title='bbox 3389 429 3524 482; x_wconf 83' lang='lat' dir='ltr'><strong>mea,</strong></span> <span class='ocrx_word' id='word_1_26' title='bbox 3595 459 3606 472; x_wconf 39' lang='grc' dir='ltr'><strong>λ.</strong></span> 
     </span>
    </p>
   </div>
   <div class='ocr_carea' id='block_1_6' title="bbox 273 483 1849 560">
    <p class='ocr_par' dir='ltr' id='par_1_6' title="bbox 273 483 1849 560">
     <span class='ocr_line' id='line_1_6' title="bbox 273 483 1849 560; baseline 0.008 -29"><span class='ocrx_word' id='word_1_27' title='bbox 273 497 412 548; x_wconf 76' lang='grc' dir='ltr'>μου,</span> <span class='ocrx_word' id='word_1_28' title='bbox 441 497 496 534; x_wconf 89' lang='grc' dir='ltr'><strong>κ.</strong></span> <span class='ocrx_word' id='word_1_29' title='bbox 525 499 576 536; x_wconf 86' lang='grc' dir='ltr'><strong>τ.</strong></span> <span class='ocrx_word' id='word_1_30' title='bbox 599 483 644 536; x_wconf 78' lang='grc' dir='ltr'>ὲ.</span> <span class='ocrx_word' id='word_1_31' title='bbox 677 501 694 534; x_wconf 84' lang='lat' dir='ltr'><strong>t</strong></span> <span class='ocrx_word' id='word_1_32' title='bbox 713 485 860 538; x_wconf 84' lang='grc' dir='ltr'>-Ὅτι</span> <span class='ocrx_word' id='word_1_33' title='bbox 883 487 914 557; x_wconf 85' lang='grc' dir='ltr'><strong>ἡ</strong></span> <span class='ocrx_word' id='word_1_34' title='bbox 937 485 1114 556; x_wconf 77' lang='grc' dir='ltr'>θλίψις</span> <span class='ocrx_word' id='word_1_35' title='bbox 1141 487 1414 560; x_wconf 80' lang='grc' dir='ltr'>ὑπομονὴν</span> <span class='ocrx_word' id='word_1_36' title='bbox 1435 487 1849 560; x_wconf 77' lang='grc' dir='ltr'>κατεργάζεται,</span> 
     </span>
    </p>
   </div>
   <div class='ocr_carea' id='block_1_7' title="bbox 276 573 1854 652">
    <p class='ocr_par' dir='ltr' id='par_1_7' title="bbox 276 573 1854 652">
     <span class='ocr_line' id='line_1_7' title="bbox 276 573 1854 652; baseline 0.004 -26"><span class='ocrx_word' id='word_1_37' title='bbox 276 573 310 644; x_wconf 81' lang='grc' dir='ltr'><strong>ἡ</strong></span> <span class='ocrx_word' id='word_1_38' title='bbox 349 573 406 626; x_wconf 79' lang='grc' dir='ltr'>δὲ</span> <span class='ocrx_word' id='word_1_39' title='bbox 441 573 686 646; x_wconf 77' lang='grc' dir='ltr'><strong>ὑπομονὴ</strong></span> <span class='ocrx_word' id='word_1_40' title='bbox 723 575 974 650; x_wconf 76' lang='grc' dir='ltr'>δοκιμὴν,</span> <span class='ocrx_word' id='word_1_41' title='bbox 1005 581 1039 650; x_wconf 84' lang='grc' dir='ltr'><strong>ή</strong></span> <span class='ocrx_word' id='word_1_42' title='bbox 1069 579 1126 634; x_wconf 76' lang='grc' dir='ltr'>δὲ</span> <span class='ocrx_word' id='word_1_43' title='bbox 1155 579 1352 652; x_wconf 84' lang='grc' dir='ltr'><strong>δοκιμὴ</strong></span> <span class='ocrx_word' id='word_1_44' title='bbox 1383 581 1594 650; x_wconf 83' lang='grc' dir='ltr'>ἐλπίδα,</span> <span class='ocrx_word' id='word_1_45' title='bbox 1625 585 1658 652; x_wconf 84' lang='grc' dir='ltr'><strong>ή</strong></span> <span class='ocrx_word' id='word_1_46' title='bbox 1679 581 1736 634; x_wconf 78' lang='grc' dir='ltr'><strong>δέ</strong></span> <span class='ocrx_word' id='word_1_47' title='bbox 1768 581 1854 634; x_wconf 80' lang='grc' dir='ltr'>έλ-</span> 
     </span>
    </p>
   </div>
   <div class='ocr_carea' id='block_1_8' title="bbox 275 664 904 738">
    <p class='ocr_par' dir='ltr' id='par_1_8' title="bbox 275 664 904 738">
     <span class='ocr_line' id='line_1_8' title="bbox 275 664 904 738; baseline 0.01 -22"><span class='ocrx_word' id='word_1_48' title='bbox 275 665 372 726; x_wconf 74' lang='grc' dir='ltr'><strong>πὶς</strong></span> <span class='ocrx_word' id='word_1_49' title='bbox 389 664 448 718; x_wconf 85' lang='grc' dir='ltr'><strong>οὐ</strong></span> <span class='ocrx_word' id='word_1_50' title='bbox 475 667 846 738; x_wconf 84' lang='grc' dir='ltr'>καταισχύνει.</span> <span class='ocrx_word' id='word_1_51' title='bbox 885 687 904 722; x_wconf 75' lang='grc' dir='ltr'><strong>ι</strong></span> 
     </span>
    </p>
   </div>
   <div class='ocr_carea' id='block_1_9' title="bbox 351 759 1852 834">
    <p class='ocr_par' dir='ltr' id='par_1_9' title="bbox 351 759 1852 834">
     <span class='ocr_line' id='line_1_9' title="bbox 351 759 1852 834; baseline 0.001 -18"><span class='ocrx_word' id='word_1_52' title='bbox 351 759 462 816; x_wconf 85' lang='grc' dir='ltr'><strong>Τοῦ</strong></span> <span class='ocrx_word' id='word_1_53' title='bbox 495 761 701 814; x_wconf 81' lang='grc' dir='ltr'>αὑτοῦ.</span> <span class='ocrx_word' id='word_1_54' title='bbox 725 781 744 814; x_wconf 77' lang='grc' dir='ltr'><strong>ι</strong></span> <span class='ocrx_word' id='word_1_55' title='bbox 769 763 926 818; x_wconf 78' lang='grc' dir='ltr'>Κατὰ</span> <span class='ocrx_word' id='word_1_56' title='bbox 949 763 1010 818; x_wconf 81' lang='grc' dir='ltr'>τὸ</span> <span class='ocrx_word' id='word_1_57' title='bbox 1031 763 1210 834; x_wconf 86' lang='grc' dir='ltr'>λόγιόν</span> <span class='ocrx_word' id='word_1_58' title='bbox 1237 781 1349 818; x_wconf 89' lang='grc' dir='ltr'>σου·</span> <span class='ocrx_word' id='word_1_59' title='bbox 1395 784 1412 817; x_wconf 77' lang='grc' dir='ltr'><strong>ι</strong></span> <span class='ocrx_word' id='word_1_60' title='bbox 1447 765 1692 818; x_wconf 81' lang='grc' dir='ltr'><strong>τουτέστι</strong></span> <span class='ocrx_word' id='word_1_61' title='bbox 1713 764 1852 818; x_wconf 86' lang='grc' dir='ltr'>κατά</span> 
     </span>
    </p>
   </div>
   <div class='ocr_carea' id='block_1_10' title="bbox 273 853 1852 930">
    <p class='ocr_par' dir='ltr' id='par_1_10' title="bbox 273 853 1852 930">
     <span class='ocr_line' id='line_1_10' title="bbox 273 853 1852 930; baseline 0.003 -24"><span class='ocrx_word' id='word_1_62' title='bbox 273 853 374 924; x_wconf 83' lang='grc' dir='ltr'>τὴν</span> <span class='ocrx_word' id='word_1_63' title='bbox 431 853 720 924; x_wconf 80' lang='grc' dir='ltr'>ὑπόσχεσιν</span> <span class='ocrx_word' id='word_1_64' title='bbox 756 873 870 912; x_wconf 88' lang='grc' dir='ltr'>σου.</span> <span class='ocrx_word' id='word_1_65' title='bbox 935 857 1272 926; x_wconf 75' lang='grc' dir='ltr'>Ἐπηγγείλω</span> <span class='ocrx_word' id='word_1_66' title='bbox 1316 857 1424 930; x_wconf 80' lang='grc' dir='ltr'>γὰρ</span> <span class='ocrx_word' id='word_1_67' title='bbox 1469 860 1528 912; x_wconf 84' lang='grc' dir='ltr'><strong>ἐν</strong></span> <span class='ocrx_word' id='word_1_68' title='bbox 1577 858 1655 928; x_wconf 80' lang='grc' dir='ltr'>τῷ</span> <span class='ocrx_word' id='word_1_69' title='bbox 1705 857 1852 928; x_wconf 84' lang='grc' dir='ltr'>νόμῳ</span> 
     </span>
    </p>
   </div>
   <div class='ocr_carea' id='block_1_11' title="bbox 277 943 1852 1016">
    <p class='ocr_par' dir='ltr' id='par_1_11' title="bbox 277 943 1852 1016">
     <span class='ocr_line' id='line_1_11' title="bbox 277 943 1852 1016; baseline 0.004 -22"><span class='ocrx_word' id='word_1_70' title='bbox 277 943 670 1014; x_wconf 75' lang='grc' dir='ltr'>ὑπερασπίζειν</span> <span class='ocrx_word' id='word_1_71' title='bbox 701 945 809 998; x_wconf 81' lang='grc' dir='ltr'>τῶν</span> <span class='ocrx_word' id='word_1_72' title='bbox 849 945 1230 1016; x_wconf 77' lang='grc' dir='ltr'><strong>φυλασσόντων</strong></span> <span class='ocrx_word' id='word_1_73' title='bbox 1275 947 1454 1002; x_wconf 79' lang='grc' dir='ltr'>αὐτόν.</span> <span class='ocrx_word' id='word_1_74' title='bbox 1506 947 1704 1002; x_wconf 86' lang='grc' dir='ltr'>Τοῦτον</span> <span class='ocrx_word' id='word_1_75' title='bbox 1745 951 1852 1002; x_wconf 88' lang='grc' dir='ltr'>τοί-</span> 
     </span>
    </p>
   </div>
   <div class='ocr_carea' id='block_1_12' title="bbox 275 1034 1850 1110">
    <p class='ocr_par' dir='ltr' id='par_1_12' title="bbox 275 1034 1850 1110">
     <span class='ocr_line' id='line_1_12' title="bbox 275 1034 1850 1110; baseline 0.003 -22"><span class='ocrx_word' id='word_1_76' title='bbox 275 1051 368 1088; x_wconf 92' lang='grc' dir='ltr'>νυν</span> <span class='ocrx_word' id='word_1_77' title='bbox 393 1034 584 1104; x_wconf 74' lang='grc' dir='ltr'>ἔχοντα</span> <span class='ocrx_word' id='word_1_78' title='bbox 609 1036 700 1090; x_wconf 78' lang='grc' dir='ltr'><strong>τὸν</strong></span> <span class='ocrx_word' id='word_1_79' title='bbox 739 1037 934 1090; x_wconf 80' lang='grc' dir='ltr'>σκοπὸν</span> <span class='ocrx_word' id='word_1_80' title='bbox 959 1039 1058 1108; x_wconf 84' lang='grc' dir='ltr'>τῆς</span> <span class='ocrx_word' id='word_1_81' title='bbox 1089 1039 1186 1108; x_wconf 85' lang='grc' dir='ltr'>σῆς</span> <span class='ocrx_word' id='word_1_82' title='bbox 1217 1039 1470 1110; x_wconf 85' lang='grc' dir='ltr'>προνοίας</span> <span class='ocrx_word' id='word_1_83' title='bbox 1493 1039 1740 1104; x_wconf 77' lang='grc' dir='ltr'>ἀξίωσον,</span> <span class='ocrx_word' id='word_1_84' title='bbox 1765 1041 1850 1093; x_wconf 81' lang='grc' dir='ltr'><strong>ἵνα</strong></span> 
     </span>
    </p>
   </div>
   <div class='ocr_carea' id='block_1_13' title="bbox 277 1125 1852 1202">
    <p class='ocr_par' dir='ltr' id='par_1_13' title="bbox 277 1125 1852 1202">
     <span class='ocr_line' id='line_1_13' title="bbox 277 1125 1852 1202; baseline 0.002 -23"><span class='ocrx_word' id='word_1_85' title='bbox 277 1125 352 1196; x_wconf 83' lang='grc' dir='ltr'>μὴ</span> <span class='ocrx_word' id='word_1_86' title='bbox 382 1125 650 1198; x_wconf 67' lang='grc' dir='ltr'>ἐπιτυχὼν</span> <span class='ocrx_word' id='word_1_87' title='bbox 679 1127 776 1198; x_wconf 79' lang='grc' dir='ltr'>τῆς</span> <span class='ocrx_word' id='word_1_88' title='bbox 809 1129 1044 1194; x_wconf 74' lang='grc' dir='ltr'>ἐλπίδος,</span> <span class='ocrx_word' id='word_1_89' title='bbox 1079 1131 1340 1202; x_wconf 82' lang='grc' dir='ltr'><strong>αἰσχύνης</strong></span> <span class='ocrx_word' id='word_1_90' title='bbox 1385 1131 1730 1202; x_wconf 83' lang='grc' dir='ltr'>ἀναπλησθῶ.</span> <span class='ocrx_word' id='word_1_91' title='bbox 1777 1133 1852 1186; x_wconf 72' lang='grc' dir='ltr'><strong>Τὸ</strong></span> 
     </span>
    </p>
   </div>
   <div class='ocr_carea' id='block_1_14' title="bbox 273 1217 1849 1300">
    <p class='ocr_par' dir='ltr' id='par_1_14' title="bbox 273 1217 1849 1300">
     <span class='ocr_line' id='line_1_14' title="bbox 273 1217 1849 1300; baseline 0.005 -30"><span class='ocrx_word' id='word_1_92' title='bbox 273 1217 330 1270; x_wconf 73' lang='grc' dir='ltr'><strong>δὲ</strong></span> <span class='ocrx_word' id='word_1_93' title='bbox 353 1217 530 1286; x_wconf 79' lang='grc' dir='ltr'>λόγιον</span> <span class='ocrx_word' id='word_1_94' title='bbox 563 1218 794 1272; x_wconf 81' lang='grc' dir='ltr'>ἐνταῦθα</span> <span class='ocrx_word' id='word_1_95' title='bbox 821 1220 920 1292; x_wconf 82' lang='grc' dir='ltr'>τὴν</span> <span class='ocrx_word' id='word_1_96' title='bbox 947 1221 1238 1300; x_wconf 76' lang='grc' dir='ltr'><strong>ὑπόσχεσιν</strong></span> <span class='ocrx_word' id='word_1_97' title='bbox 1253 1221 1420 1292; x_wconf 81' lang='grc' dir='ltr'>δηλοί’</span> <span class='ocrx_word' id='word_1_98' title='bbox 1451 1225 1572 1278; x_wconf 77' lang='grc' dir='ltr'><strong>ἀντὶ</strong></span> <span class='ocrx_word' id='word_1_99' title='bbox 1595 1223 1710 1278; x_wconf 88' lang='grc' dir='ltr'>τοῦ·</span> <span class='ocrx_word' id='word_1_100' title='bbox 1739 1225 1849 1294; x_wconf 83' lang='grc' dir='ltr'><strong>Τὴν</strong></span> 
     </span>
    </p>
   </div>
   <div class='ocr_carea' id='block_1_15' title="bbox 273 1309 1470 1386">
    <p class='ocr_par' dir='ltr' id='par_1_15' title="bbox 273 1309 1470 1386">
     <span class='ocr_line' id='line_1_15' title="bbox 273 1309 1470 1386; baseline 0.007 -26"><span class='ocrx_word' id='word_1_101' title='bbox 273 1309 702 1378; x_wconf 81' lang='grc' dir='ltr'>ὲπαγγελθεῖσάν</span> <span class='ocrx_word' id='word_1_102' title='bbox 733 1329 822 1382; x_wconf 88' lang='grc' dir='ltr'><strong>μοι</strong></span> <span class='ocrx_word' id='word_1_103' title='bbox 863 1311 1145 1384; x_wconf 80' lang='grc' dir='ltr'>παράσχου</span> <span class='ocrx_word' id='word_1_104' title='bbox 1181 1315 1470 1386; x_wconf 77' lang='grc' dir='ltr'><strong>σωτηρίαν.</strong></span> 
     </span>
    </p>
   </div>
   <div class='ocr_carea' id='block_1_16' title="bbox 343 1493 1848 1570">
    <p class='ocr_par' dir='ltr' id='par_1_16' title="bbox 343 1493 1848 1570">
     <span class='ocr_line' id='line_1_16' title="bbox 343 1493 1848 1570; baseline 0.003 -20"><span class='ocrx_word' id='word_1_105' title='bbox 343 1493 662 1564; x_wconf 80' lang='grc' dir='ltr'>Βοήθησόν</span> <span class='ocrx_word' id='word_1_106' title='bbox 693 1513 815 1566; x_wconf 85' lang='grc' dir='ltr'>μοι,</span> <span class='ocrx_word' id='word_1_107' title='bbox 845 1497 942 1551; x_wconf 78' lang='grc' dir='ltr'>καὶ</span> <span class='ocrx_word' id='word_1_108' title='bbox 989 1497 1358 1568; x_wconf 73' lang='grc' dir='ltr'>σωθήσομαι,</span> <span class='ocrx_word' id='word_1_109' title='bbox 1407 1501 1504 1554; x_wconf 79' lang='grc' dir='ltr'>καὶ</span> <span class='ocrx_word' id='word_1_110' title='bbox 1534 1499 1848 1570; x_wconf 64' lang='grc' dir='ltr'>μέλει-ἥσσω</span> 
     </span>
    </p>
   </div>
   <div class='ocr_carea' id='block_1_17' title="bbox 272 1586 1848 1666">
    <p class='ocr_par' dir='ltr' id='par_1_17' title="bbox 272 1586 1848 1666">
     <span class='ocr_line' id='line_1_17' title="bbox 272 1586 1848 1666; baseline 0.004 -26"><span class='ocrx_word' id='word_1_111' title='bbox 272 1586 342 1640; x_wconf 74' lang='grc' dir='ltr'><strong>ἐν</strong></span> <span class='ocrx_word' id='word_1_112' title='bbox 375 1589 500 1654; x_wconf 80' lang='grc' dir='ltr'>τοῖς</span> <span class='ocrx_word' id='word_1_113' title='bbox 525 1587 877 1658; x_wconf 80' lang='grc' dir='ltr'>δικαιώμασί</span> <span class='ocrx_word' id='word_1_114' title='bbox 894 1603 1010 1644; x_wconf 82' lang='grc' dir='ltr'><strong>σου</strong></span> <span class='ocrx_word' id='word_1_115' title='bbox 1035 1589 1378 1658; x_wconf 70' lang='grc' dir='ltr'>διαπαντὸς,</span> <span class='ocrx_word' id='word_1_116' title='bbox 1409 1609 1464 1646; x_wconf 88' lang='grc' dir='ltr'><strong>κ.</strong></span> <span class='ocrx_word' id='word_1_117' title='bbox 1497 1610 1548 1644; x_wconf 87' lang='grc' dir='ltr'><strong>τ.</strong></span> <span class='ocrx_word' id='word_1_118' title='bbox 1580 1593 1626 1646; x_wconf 81' lang='grc' dir='ltr'><strong>ὲ,</strong></span> <span class='ocrx_word' id='word_1_119' title='bbox 1663 1593 1848 1666; x_wconf 73' lang='grc' dir='ltr'>Εξγὰρ</span> 
     </span>
    </p>
   </div>
   <div class='ocr_carea' id='block_1_18' title="bbox 275 1678 1840 1755">
    <p class='ocr_par' dir='ltr' id='par_1_18' title="bbox 275 1678 1840 1755">
     <span class='ocr_line' id='line_1_18' title="bbox 275 1678 1840 1755; baseline 0.004 -23"><span class='ocrx_word' id='word_1_120' title='bbox 275 1679 371 1732; x_wconf 67' lang='grc' dir='ltr'><strong>καὶ</strong></span> <span class='ocrx_word' id='word_1_121' title='bbox 405 1678 528 1752; x_wconf 74' lang='grc' dir='ltr'>ἔφη·</span> <span class='ocrx_word' id='word_1_122' title='bbox 564 1699 582 1730; x_wconf 78' lang='grc' dir='ltr'><strong>ι</strong></span> <span class='ocrx_word' id='word_1_123' title='bbox 617 1679 820 1752; x_wconf 85' lang='grc' dir='ltr'>Βοηθός</span> <span class='ocrx_word' id='word_1_124' title='bbox 845 1699 946 1752; x_wconf 89' lang='grc' dir='ltr'><strong>μου</strong></span> <span class='ocrx_word' id='word_1_125' title='bbox 973 1683 1068 1734; x_wconf 62' lang='grc' dir='ltr'><strong>καλ⁸</strong></span> <span class='ocrx_word' id='word_1_126' title='bbox 1097 1683 1444 1755; x_wconf 80' lang='grc' dir='ltr'>ἀντιλήπτωρ</span> <span class='ocrx_word' id='word_1_127' title='bbox 1481 1701 1582 1753; x_wconf 86' lang='grc' dir='ltr'><strong>μου</strong></span> <span class='ocrx_word' id='word_1_128' title='bbox 1615 1680 1666 1738; x_wconf 78' lang='grc' dir='ltr'>εἷ</span> <span class='ocrx_word' id='word_1_129' title='bbox 1695 1687 1781 1750; x_wconf 74' lang='grc' dir='ltr'><strong>σὺ,</strong></span> <span class='ocrx_word' id='word_1_130' title='bbox 1821 1705 1840 1738; x_wconf 70' lang='grc' dir='ltr'><strong>ι</strong></span> 
     </span>
    </p>
   </div>
   <div class='ocr_carea' id='block_1_19' title="bbox 269 1769 1846 1848">
    <p class='ocr_par' dir='ltr' id='par_1_19' title="bbox 269 1769 1846 1848">
     <span class='ocr_line' id='line_1_19' title="bbox 269 1769 1846 1848; baseline 0.006 -26"><span class='ocrx_word' id='word_1_131' title='bbox 269 1769 403 1824; x_wconf 73' lang='grc' dir='ltr'>ἀλλὰ</span> <span class='ocrx_word' id='word_1_132' title='bbox 423 1771 592 1826; x_wconf 86' lang='grc' dir='ltr'>δεῖται</span> <span class='ocrx_word' id='word_1_133' title='bbox 619 1771 869 1842; x_wconf 81' lang='grc' dir='ltr'><strong>βοηθείας</strong></span> <span class='ocrx_word' id='word_1_134' title='bbox 897 1773 1258 1830; x_wconf 79' lang='grc' dir='ltr'>ἀδιαλείπτου.</span> <span class='ocrx_word' id='word_1_135' title='bbox 1295 1777 1382 1828; x_wconf 87' lang='grc' dir='ltr'>Ἐν</span> <span class='ocrx_word' id='word_1_136' title='bbox 1413 1777 1522 1846; x_wconf 82' lang='grc' dir='ltr'>ὅσῳ</span> <span class='ocrx_word' id='word_1_137' title='bbox 1555 1777 1660 1848; x_wconf 86' lang='grc' dir='ltr'><strong>γάρ</strong></span> <span class='ocrx_word' id='word_1_138' title='bbox 1683 1779 1846 1848; x_wconf 76' lang='grc' dir='ltr'>ἐσμεν</span> 
     </span>
    </p>
   </div>
   <div class='ocr_carea' id='block_1_20' title="bbox 269 1861 1846 1940">
    <p class='ocr_par' dir='ltr' id='par_1_20' title="bbox 269 1861 1846 1940">
     <span class='ocr_line' id='line_1_20' title="bbox 269 1861 1846 1940; baseline 0.005 -24"><span class='ocrx_word' id='word_1_139' title='bbox 269 1861 522 1928; x_wconf 74' lang='grc' dir='ltr'>ἐνταῦθα,</span> <span class='ocrx_word' id='word_1_140' title='bbox 567 1863 721 1918; x_wconf 81' lang='grc' dir='ltr'>οὔπω</span> <span class='ocrx_word' id='word_1_141' title='bbox 761 1865 962 1918; x_wconf 88' lang='grc' dir='ltr'>τέλειον</span> <span class='ocrx_word' id='word_1_142' title='bbox 996 1868 1056 1919; x_wconf 87' lang='grc' dir='ltr'>τὸ</span> <span class='ocrx_word' id='word_1_143' title='bbox 1091 1885 1109 1918; x_wconf 74' lang='grc' dir='ltr'><strong>ι</strong></span> <span class='ocrx_word' id='word_1_144' title='bbox 1147 1869 1482 1940; x_wconf 83' lang='grc' dir='ltr'>σωθήσομαι,</span> <span class='ocrx_word' id='word_1_145' title='bbox 1521 1891 1538 1922; x_wconf 76' lang='grc' dir='ltr'><strong>ι</strong></span> <span class='ocrx_word' id='word_1_146' title='bbox 1575 1871 1684 1923; x_wconf 84' lang='grc' dir='ltr'>ἀλλ’</span> <span class='ocrx_word' id='word_1_147' title='bbox 1719 1871 1846 1924; x_wconf 82' lang='grc' dir='ltr'>ὅταν</span> 
     </span>
    </p>
   </div>
   <div class='ocr_carea' id='block_1_21' title="bbox 271 1949 1848 2034">
    <p class='ocr_par' dir='ltr' id='par_1_21' title="bbox 271 1949 1848 2034">
     <span class='ocr_line' id='line_1_21' title="bbox 271 1949 1848 2034; baseline 0.004 -24"><span class='ocrx_word' id='word_1_148' title='bbox 271 1957 412 2026; x_wconf 70' lang='grc' dir='ltr'>μετὰ</span> <span class='ocrx_word' id='word_1_149' title='bbox 439 1955 548 2010; x_wconf 85' lang='grc' dir='ltr'>τῶν</span> <span class='ocrx_word' id='word_1_150' title='bbox 573 1957 820 2026; x_wconf 80' lang='grc' dir='ltr'>ἀγγέλων</span> <span class='ocrx_word' id='word_1_151' title='bbox 853 1957 1106 2030; x_wconf 78' lang='grc' dir='ltr'><strong>ζήσωμεν</strong></span> <span class='ocrx_word' id='word_1_152' title='bbox 1131 1959 1224 2014; x_wconf 86' lang='grc' dir='ltr'><strong>τοῦ</strong></span> <span class='ocrx_word' id='word_1_153' title='bbox 1259 1959 1412 2014; x_wconf 86' lang='grc' dir='ltr'>Θεοῦ.</span> <span class='ocrx_word' id='word_1_154' title='bbox 1451 1962 1581 2016; x_wconf 83' lang='grc' dir='ltr'>Τότε</span> <span class='ocrx_word' id='word_1_155' title='bbox 1613 1963 1722 2034; x_wconf 79' lang='grc' dir='ltr'>γὰρ</span> <span class='ocrx_word' id='word_1_156' title='bbox 1755 1949 1848 2018; x_wconf 62' lang='grc' dir='ltr'><strong>καί</strong></span> 
     </span>
    </p>
   </div>
   <div class='ocr_carea' id='block_1_22' title="bbox 271 2047 1844 2124">
    <p class='ocr_par' dir='ltr' id='par_1_22' title="bbox 271 2047 1844 2124">
     <span class='ocr_line' id='line_1_22' title="bbox 271 2047 1844 2124; baseline 0.006 -25"><span class='ocrx_word' id='word_1_157' title='bbox 271 2047 468 2118; x_wconf 86' lang='grc' dir='ltr'>μελέτη</span> <span class='ocrx_word' id='word_1_158' title='bbox 513 2047 894 2118; x_wconf 74' lang='grc' dir='ltr'>δικαιωμάτων</span> <span class='ocrx_word' id='word_1_159' title='bbox 919 2049 1208 2120; x_wconf 86' lang='grc' dir='ltr'>πρόσωπον</span> <span class='ocrx_word' id='word_1_160' title='bbox 1247 2051 1382 2122; x_wconf 73' lang='grc' dir='ltr'>πρὸς</span> <span class='ocrx_word' id='word_1_161' title='bbox 1413 2053 1724 2124; x_wconf 82' lang='grc' dir='ltr'>πρόσωπον,</span> <span class='ocrx_word' id='word_1_162' title='bbox 1782 2055 1844 2108; x_wconf 84' lang='grc' dir='ltr'><strong>οὐ</strong></span> 
     </span>
    </p>
   </div>
   <div class='ocr_carea' id='block_1_23' title="bbox 267 2139 1524 2216">
    <p class='ocr_par' dir='ltr' id='par_1_23' title="bbox 267 2139 1524 2216">
     <span class='ocr_line' id='line_1_23' title="bbox 267 2139 1524 2216; baseline 0.004 -22"><span class='ocrx_word' id='word_1_163' title='bbox 267 2141 408 2194; x_wconf 87' lang='grc' dir='ltr'><strong>κατὰ</strong></span> <span class='ocrx_word' id='word_1_164' title='bbox 439 2139 538 2212; x_wconf 76' lang='grc' dir='ltr'>τὴν</span> <span class='ocrx_word' id='word_1_165' title='bbox 557 2141 736 2204; x_wconf 73' lang='grc' dir='ltr'>σκιὰν,</span> <span class='ocrx_word' id='word_1_166' title='bbox 779 2139 914 2194; x_wconf 78' lang='grc' dir='ltr'>ἀλλὰ</span> <span class='ocrx_word' id='word_1_167' title='bbox 947 2143 1086 2196; x_wconf 82' lang='grc' dir='ltr'>κατὰ</span> <span class='ocrx_word' id='word_1_168' title='bbox 1117 2143 1214 2214; x_wconf 80' lang='grc' dir='ltr'><strong>τὴν</strong></span> <span class='ocrx_word' id='word_1_169' title='bbox 1247 2144 1524 2216; x_wconf 82' lang='grc' dir='ltr'>ἀλήθειαν.</span> 
     </span>
    </p>
   </div>
   <div class='ocr_carea' id='block_1_24' title="bbox 335 2235 1844 2308">
    <p class='ocr_par' dir='ltr' id='par_1_24' title="bbox 335 2235 1844 2308">
     <span class='ocr_line' id='line_1_24' title="bbox 335 2235 1844 2308; baseline 0.005 -22"><span class='ocrx_word' id='word_1_170' title='bbox 335 2235 818 2302; x_wconf 72' lang='grc' dir='ltr'>Παραὸαίνοντας</span> <span class='ocrx_word' id='word_1_171' title='bbox 847 2235 1218 2304; x_wconf 75' lang='grc' dir='ltr'><strong>ἐλογισάμην</strong></span> <span class='ocrx_word' id='word_1_172' title='bbox 1237 2235 1468 2304; x_wconf 76' lang='grc' dir='ltr'>πάντας</span> <span class='ocrx_word' id='word_1_173' title='bbox 1492 2239 1636 2306; x_wconf 76' lang='grc' dir='ltr'>τοὺς</span> <span class='ocrx_word' id='word_1_174' title='bbox 1661 2239 1844 2308; x_wconf 78' lang='grc' dir='ltr'>ἀμαρ-</span> 
     </span>
    </p>
   </div>
   <div class='ocr_carea' id='block_1_25' title="bbox 265 2323 1844 2398">
    <p class='ocr_par' dir='ltr' id='par_1_25' title="bbox 265 2323 1844 2398">
     <span class='ocr_line' id='line_1_25' title="bbox 265 2323 1844 2398; baseline 0.004 -21"><span class='ocrx_word' id='word_1_175' title='bbox 265 2323 492 2390; x_wconf 79' lang='grc' dir='ltr'>ιωλοὺς</span> <span class='ocrx_word' id='word_1_176' title='bbox 517 2323 627 2392; x_wconf 82' lang='grc' dir='ltr'>τῆς</span> <span class='ocrx_word' id='word_1_177' title='bbox 649 2323 776 2394; x_wconf 74' lang='grc' dir='ltr'><strong>τῆς·</strong></span> <span class='ocrx_word' id='word_1_178' title='bbox 821 2325 918 2380; x_wconf 84' lang='grc' dir='ltr'>διὰ</span> <span class='ocrx_word' id='word_1_179' title='bbox 941 2325 1116 2380; x_wconf 82' lang='grc' dir='ltr'>τοῦτο</span> <span class='ocrx_word' id='word_1_180' title='bbox 1147 2325 1432 2396; x_wconf 74' lang='grc' dir='ltr'>ἠγάπησα</span> <span class='ocrx_word' id='word_1_181' title='bbox 1455 2329 1526 2382; x_wconf 74' lang='grc' dir='ltr'>τὰ</span> <span class='ocrx_word' id='word_1_182' title='bbox 1553 2331 1844 2398; x_wconf 73' lang='grc' dir='ltr'>μαρτύριά</span> 
     </span>
    </p>
   </div>
   <div class='ocr_carea' id='block_1_26' title="bbox 265 2417 1844 2494">
    <p class='ocr_par' dir='ltr' id='par_1_26' title="bbox 265 2417 1844 2494">
     <span class='ocr_line' id='line_1_26' title="bbox 265 2417 1844 2494; baseline 0.004 -24"><span class='ocrx_word' id='word_1_183' title='bbox 265 2433 404 2480; x_wconf 82' lang='grc' dir='ltr'>σου,</span> <span class='ocrx_word' id='word_1_184' title='bbox 441 2435 494 2470; x_wconf 89' lang='grc' dir='ltr'>κ,</span> <span class='ocrx_word' id='word_1_185' title='bbox 526 2434 574 2470; x_wconf 88' lang='grc' dir='ltr'>τ.</span> <span class='ocrx_word' id='word_1_186' title='bbox 603 2419 646 2470; x_wconf 84' lang='grc' dir='ltr'><strong>έ.</strong></span> <span class='ocrx_word' id='word_1_187' title='bbox 684 2417 874 2488; x_wconf 83' lang='grc' dir='ltr'>Ἡμεῖς</span> <span class='ocrx_word' id='word_1_188' title='bbox 901 2419 1000 2488; x_wconf 78' lang='grc' dir='ltr'><strong>μὲν</strong></span> <span class='ocrx_word' id='word_1_189' title='bbox 1027 2437 1046 2469; x_wconf 76' lang='grc' dir='ltr'><strong>ι</strong></span> <span class='ocrx_word' id='word_1_190' title='bbox 1087 2420 1524 2491; x_wconf 83' lang='grc' dir='ltr'>παραϐαίνοντας</span> <span class='ocrx_word' id='word_1_191' title='bbox 1561 2441 1580 2472; x_wconf 76' lang='grc' dir='ltr'><strong>ι</strong></span> <span class='ocrx_word' id='word_1_192' title='bbox 1611 2421 1844 2494; x_wconf 83' lang='grc' dir='ltr'>λέγομεν</span> 
     </span>
    </p>
   </div>
   <div class='ocr_carea' id='block_1_27' title="bbox 263 2507 1840 2584">
    <p class='ocr_par' dir='ltr' id='par_1_27' title="bbox 263 2507 1840 2584">
     <span class='ocr_line' id='line_1_27' title="bbox 263 2507 1840 2584; baseline 0.004 -24"><span class='ocrx_word' id='word_1_193' title='bbox 263 2509 388 2572; x_wconf 70' lang='grc' dir='ltr'>τοὺς</span> <span class='ocrx_word' id='word_1_194' title='bbox 408 2507 815 2578; x_wconf 77' lang='grc' dir='ltr'><strong>δεδιδαγμένους</strong></span> <span class='ocrx_word' id='word_1_195' title='bbox 841 2511 932 2562; x_wconf 81' lang='grc' dir='ltr'><strong>τὸν</strong></span> <span class='ocrx_word' id='word_1_196' title='bbox 947 2509 1126 2578; x_wconf 86' lang='grc' dir='ltr'>λόγον,</span> <span class='ocrx_word' id='word_1_197' title='bbox 1157 2509 1251 2564; x_wconf 79' lang='grc' dir='ltr'>καὶ</span> <span class='ocrx_word' id='word_1_198' title='bbox 1283 2511 1420 2582; x_wconf 80' lang='grc' dir='ltr'>μετὰ</span> <span class='ocrx_word' id='word_1_199' title='bbox 1437 2511 1496 2564; x_wconf 82' lang='grc' dir='ltr'>τὸ</span> <span class='ocrx_word' id='word_1_200' title='bbox 1518 2511 1840 2584; x_wconf 79' lang='grc' dir='ltr'><strong>δεδιδάχθαι,</strong></span> 
     </span>
    </p>
   </div>
   <div class='ocr_carea' id='block_1_28' title="bbox 267 2601 1844 2676">
    <p class='ocr_par' dir='ltr' id='par_1_28' title="bbox 267 2601 1844 2676">
     <span class='ocr_line' id='line_1_28' title="bbox 267 2601 1844 2676; baseline 0.003 -23"><span class='ocrx_word' id='word_1_201' title='bbox 267 2601 340 2672; x_wconf 81' lang='grc' dir='ltr'>μὴ</span> <span class='ocrx_word' id='word_1_202' title='bbox 369 2601 758 2674; x_wconf 85' lang='grc' dir='ltr'>τετηρηκότας,</span> <span class='ocrx_word' id='word_1_203' title='bbox 799 2601 912 2654; x_wconf 86' lang='grc' dir='ltr'>ἀλλ’</span> <span class='ocrx_word' id='word_1_204' title='bbox 955 2603 1300 2666; x_wconf 83' lang='grc' dir='ltr'>ἀποστάντας</span> <span class='ocrx_word' id='word_1_205' title='bbox 1339 2603 1432 2658; x_wconf 72' lang='grc' dir='ltr'><strong>καὶ</strong></span> <span class='ocrx_word' id='word_1_206' title='bbox 1463 2605 1844 2676; x_wconf 85' lang='grc' dir='ltr'>παραϐεϐηκό-</span> 
     </span>
    </p>
   </div>
   <div class='ocr_carea' id='block_1_29' title="bbox 261 2687 1840 2766">
    <p class='ocr_par' dir='ltr' id='par_1_29' title="bbox 261 2687 1840 2766">
     <span class='ocr_line' id='line_1_29' title="bbox 261 2687 1840 2766; baseline 0.003 -22"><span class='ocrx_word' id='word_1_207' title='bbox 261 2709 378 2756; x_wconf 86' lang='grc' dir='ltr'>τας.</span> <span class='ocrx_word' id='word_1_208' title='bbox 415 2687 580 2756; x_wconf 71' lang='grc' dir='ltr'>Οὗτος</span> <span class='ocrx_word' id='word_1_209' title='bbox 607 2691 664 2744; x_wconf 79' lang='grc' dir='ltr'><strong>δὲ</strong></span> <span class='ocrx_word' id='word_1_210' title='bbox 697 2695 818 2764; x_wconf 80' lang='grc' dir='ltr'>ὁρᾷ,</span> <span class='ocrx_word' id='word_1_211' title='bbox 855 2695 936 2746; x_wconf 85' lang='grc' dir='ltr'><strong>ὅτι</strong></span> <span class='ocrx_word' id='word_1_212' title='bbox 965 2693 1164 2758; x_wconf 86' lang='grc' dir='ltr'>πάντες</span> <span class='ocrx_word' id='word_1_213' title='bbox 1195 2693 1406 2764; x_wconf 82' lang='grc' dir='ltr'>ἔχουσιν</span> <span class='ocrx_word' id='word_1_214' title='bbox 1435 2695 1688 2766; x_wconf 81' lang='grc' dir='ltr'>ἀφορμὰς</span> <span class='ocrx_word' id='word_1_215' title='bbox 1705 2695 1840 2766; x_wconf 75' lang='grc' dir='ltr'>πρὸς</span> 
     </span>
    </p>
   </div>
   <div class='ocr_carea' id='block_1_30' title="bbox 262 2783 1842 2858">
    <p class='ocr_par' dir='ltr' id='par_1_30' title="bbox 262 2783 1842 2858">
     <span class='ocr_line' id='line_1_30' title="bbox 262 2783 1842 2858; baseline 0 -20"><span class='ocrx_word' id='word_1_216' title='bbox 262 2783 686 2852; x_wconf 78' lang='grc' dir='ltr'>καλοκάγαθίαν,</span> <span class='ocrx_word' id='word_1_217' title='bbox 724 2787 774 2838; x_wconf 81' lang='grc' dir='ltr'><strong>εί</strong></span> <span class='ocrx_word' id='word_1_218' title='bbox 805 2785 898 2840; x_wconf 84' lang='grc' dir='ltr'>καὶ</span> <span class='ocrx_word' id='word_1_219' title='bbox 943 2783 1018 2856; x_wconf 83' lang='grc' dir='ltr'><strong>μὴ</strong></span> <span class='ocrx_word' id='word_1_220' title='bbox 1051 2784 1426 2856; x_wconf 76' lang='grc' dir='ltr'>ἐδιδάχθησαν·</span> <span class='ocrx_word' id='word_1_221' title='bbox 1463 2785 1602 2840; x_wconf 79' lang='grc' dir='ltr'>ὥστε</span> <span class='ocrx_word' id='word_1_222' title='bbox 1635 2787 1708 2858; x_wconf 82' lang='grc' dir='ltr'>μὴ</span> <span class='ocrx_word' id='word_1_223' title='bbox 1744 2786 1842 2856; x_wconf 84' lang='grc' dir='ltr'>μό·-</span> 
     </span>
    </p>
   </div>
   <div class='ocr_carea' id='block_1_31' title="bbox 261 2871 1840 2948">
    <p class='ocr_par' dir='ltr' id='par_1_31' title="bbox 261 2871 1840 2948">
     <span class='ocr_line' id='line_1_31' title="bbox 261 2871 1840 2948; baseline 0.001 -18"><span class='ocrx_word' id='word_1_224' title='bbox 261 2895 384 2940; x_wconf 82' lang='grc' dir='ltr'>νους</span> <span class='ocrx_word' id='word_1_225' title='bbox 421 2875 740 2947; x_wconf 81' lang='grc' dir='ltr'>παραϐάτας</span> <span class='ocrx_word' id='word_1_226' title='bbox 769 2871 1024 2945; x_wconf 83' lang='grc' dir='ltr'>λέγεσθαι</span> <span class='ocrx_word' id='word_1_227' title='bbox 1046 2877 1170 2940; x_wconf 78' lang='grc' dir='ltr'>τοὺς</span> <span class='ocrx_word' id='word_1_228' title='bbox 1203 2875 1342 2948; x_wconf 81' lang='grc' dir='ltr'>μετὰ</span> <span class='ocrx_word' id='word_1_229' title='bbox 1375 2875 1472 2948; x_wconf 78' lang='grc' dir='ltr'>τὴν</span> <span class='ocrx_word' id='word_1_230' title='bbox 1495 2877 1676 2930; x_wconf 79' lang='grc' dir='ltr'>πίστιν</span> <span class='ocrx_word' id='word_1_231' title='bbox 1703 2878 1840 2932; x_wconf 78' lang='grc' dir='ltr'>ἀπο-</span> 
     </span>
    </p>
   </div>
   <div class='ocr_carea' id='block_1_32' title="bbox 261 2967 1838 3042">
    <p class='ocr_par' dir='ltr' id='par_1_32' title="bbox 261 2967 1838 3042">
     <span class='ocr_line' id='line_1_32' title="bbox 261 2967 1838 3042; baseline 0.001 -20"><span class='ocrx_word' id='word_1_232' title='bbox 261 2970 516 3034; x_wconf 82' lang='grc' dir='ltr'>στάντας,</span> <span class='ocrx_word' id='word_1_233' title='bbox 555 2969 692 3022; x_wconf 83' lang='grc' dir='ltr'>ἀλλὰ</span> <span class='ocrx_word' id='word_1_234' title='bbox 729 2969 824 3024; x_wconf 77' lang='grc' dir='ltr'><strong>καὶ</strong></span> <span class='ocrx_word' id='word_1_235' title='bbox 859 2971 986 3034; x_wconf 73' lang='grc' dir='ltr'>τοὺς</span> <span class='ocrx_word' id='word_1_236' title='bbox 1017 2967 1370 3024; x_wconf 81' lang='grc' dir='ltr'>όπωσποτοῦν</span> <span class='ocrx_word' id='word_1_237' title='bbox 1407 2971 1838 3042; x_wconf 81' lang='grc' dir='ltr'>ἁμαρτάνοντας.</span> 
     </span>
    </p>
   </div>
   <div class='ocr_carea' id='block_1_33' title="bbox 1954 489 3526 572">
    <p class='ocr_par' dir='ltr' id='par_1_33' title="bbox 1954 489 3526 572">
     <span class='ocr_line' id='line_1_33' title="bbox 1954 489 3526 572; baseline 0.01 -28"><span class='ocrx_word' id='word_1_238' title='bbox 1954 497 2060 544; x_wconf 90' lang='lat' dir='ltr'><strong>etc.</strong></span> <span class='ocrx_word' id='word_1_239' title='bbox 2095 507 2114 540; x_wconf 74' lang='grc' dir='ltr'><strong>ι</strong></span> <span class='ocrx_word' id='word_1_240' title='bbox 2159 489 2420 555; x_wconf 80' lang='lat' dir='ltr'><strong>Quoniam</strong></span> <span class='ocrx_word' id='word_1_241' title='bbox 2462 490 2736 546; x_wconf 85' lang='lat' dir='ltr'><strong>tribulatio</strong></span> <span class='ocrx_word' id='word_1_242' title='bbox 2763 491 3078 563; x_wconf 76' lang='lat' dir='ltr'><strong>patientiam</strong></span> <span class='ocrx_word' id='word_1_243' title='bbox 3121 509 3400 570; x_wconf 71' lang='lat' dir='ltr'><strong>operatur,</strong></span> <span class='ocrx_word' id='word_1_244' title='bbox 3427 519 3526 572; x_wconf 80' lang='lat' dir='ltr'><strong>pa-</strong></span> 
     </span>
    </p>
   </div>
   <div class='ocr_carea' id='block_1_34' title="bbox 1955 581 3522 664">
    <p class='ocr_par' dir='ltr' id='par_1_34' title="bbox 1955 581 3522 664">
     <span class='ocr_line' id='line_1_34' title="bbox 1955 581 3522 664; baseline 0.01 -28"><span class='ocrx_word' id='word_1_245' title='bbox 1955 581 2140 637; x_wconf 89' lang='lat' dir='ltr'><strong>tientia</strong></span> <span class='ocrx_word' id='word_1_246' title='bbox 2167 583 2564 651; x_wconf 78' lang='lat' dir='ltr'><strong>probationem,</strong></span> <span class='ocrx_word' id='word_1_247' title='bbox 2583 585 2828 656; x_wconf 87' lang='lat' dir='ltr'><strong>probatio</strong></span> <span class='ocrx_word' id='word_1_248' title='bbox 2853 601 2980 644; x_wconf 88' lang='lat' dir='ltr'><strong>vero</strong></span> <span class='ocrx_word' id='word_1_249' title='bbox 2999 603 3174 660; x_wconf 86' lang='lat' dir='ltr'><strong>spem,</strong></span> <span class='ocrx_word' id='word_1_250' title='bbox 3197 607 3322 664; x_wconf 86' lang='lat' dir='ltr'><strong>spes</strong></span> <span class='ocrx_word' id='word_1_251' title='bbox 3343 607 3522 650; x_wconf 86' lang='lat' dir='ltr'><strong>autem</strong></span> 
     </span>
    </p>
   </div>
   <div class='ocr_carea' id='block_1_35' title="bbox 1953 673 2520 729">
    <p class='ocr_par' dir='ltr' id='par_1_35' title="bbox 1953 673 2520 729">
     <span class='ocr_line' id='line_1_35' title="bbox 1953 673 2520 729; baseline 0 -1"><span class='ocrx_word' id='word_1_252' title='bbox 1953 688 2058 728; x_wconf 87' lang='lat' dir='ltr'><strong>non</strong></span> <span class='ocrx_word' id='word_1_253' title='bbox 2089 673 2372 728; x_wconf 85' lang='lat' dir='ltr'><strong>confundit</strong></span> <span class='ocrx_word' id='word_1_254' title='bbox 2401 675 2466 729; x_wconf 82' lang='grc'><strong>⁵³.</strong></span> <span class='ocrx_word' id='word_1_255' title='bbox 2499 693 2520 728; x_wconf 71' lang='grc' dir='ltr'><strong>ι</strong></span> 
     </span>
    </p>
   </div>
   <div class='ocr_carea' id='block_1_36' title="bbox 2025 765 3524 842">
    <p class='ocr_par' dir='ltr' id='par_1_36' title="bbox 2025 765 3524 842">
     <span class='ocr_line' id='line_1_36' title="bbox 2025 765 3524 842; baseline 0.01 -22"><span class='ocrx_word' id='word_1_256' title='bbox 2025 765 2668 835; x_wconf 71' lang='lat' dir='ltr'><strong>Ejusdem.&#39;_tSeeumlnm</strong></span> <span class='ocrx_word' id='word_1_257' title='bbox 2689 770 2960 842; x_wconf 83' lang='lat' dir='ltr'><strong>eloquium</strong></span> <span class='ocrx_word' id='word_1_258' title='bbox 2993 781 3194 842; x_wconf 69' lang='lat' dir='ltr'><strong>tuum,o</strong></span> <span class='ocrx_word' id='word_1_259' title='bbox 3227 777 3280 832; x_wconf 90' lang='lat' dir='ltr'><strong>id</strong></span> <span class='ocrx_word' id='word_1_260' title='bbox 3313 787 3400 834; x_wconf 81' lang='lat' dir='ltr'><strong>est</strong></span> <span class='ocrx_word' id='word_1_261' title='bbox 3437 793 3524 834; x_wconf 79' lang='lat' dir='ltr'><strong>se-</strong></span> 
     </span>
    </p>
   </div>
   <div class='ocr_carea' id='block_1_37' title="bbox 1953 859 3518 930">
    <p class='ocr_par' dir='ltr' id='par_1_37' title="bbox 1953 859 3518 930">
     <span class='ocr_line' id='line_1_37' title="bbox 1953 859 3518 930; baseline 0.006 -16"><span class='ocrx_word' id='word_1_262' title='bbox 1953 859 2248 914; x_wconf 88' lang='lat' dir='ltr'><strong>secuudum</strong></span> <span class='ocrx_word' id='word_1_263' title='bbox 2283 859 2724 930; x_wconf 89' lang='lat' dir='ltr'><strong>pollicitationem</strong></span> <span class='ocrx_word' id='word_1_264' title='bbox 2759 875 2928 920; x_wconf 88' lang='lat' dir='ltr'><strong>tuam.</strong></span> <span class='ocrx_word' id='word_1_265' title='bbox 2983 865 3264 926; x_wconf 82' lang='lat' dir='ltr'><strong>Pollicitus</strong></span> <span class='ocrx_word' id='word_1_266' title='bbox 3289 885 3350 926; x_wconf 83' lang='lat' dir='ltr'><strong>es</strong></span> <span class='ocrx_word' id='word_1_267' title='bbox 3373 871 3518 926; x_wconf 83' lang='lat' dir='ltr'><strong>enim</strong></span> 
     </span>
    </p>
   </div>
   <div class='ocr_carea' id='block_1_38' title="bbox 1955 951 3518 1020">
    <p class='ocr_par' dir='ltr' id='par_1_38' title="bbox 1955 951 3518 1020">
     <span class='ocr_line' id='line_1_38' title="bbox 1955 951 3518 1020; baseline 0.008 -16"><span class='ocrx_word' id='word_1_268' title='bbox 1955 951 2006 1006; x_wconf 90' lang='lat' dir='ltr'><strong>in</strong></span> <span class='ocrx_word' id='word_1_269' title='bbox 2049 951 2167 1020; x_wconf 80' lang='lat' dir='ltr'><strong>lege</strong></span> <span class='ocrx_word' id='word_1_270' title='bbox 2201 963 2250 1008; x_wconf 90' lang='lat' dir='ltr'><strong>te</strong></span> <span class='ocrx_word' id='word_1_271' title='bbox 2274 951 2388 1006; x_wconf 90' lang='lat' dir='ltr'><strong>fore</strong></span> <span class='ocrx_word' id='word_1_272' title='bbox 2415 955 2832 1010; x_wconf 71' lang='lat' dir='ltr'><strong>custodientium</strong></span> <span class='ocrx_word' id='word_1_273' title='bbox 2857 956 3002 1014; x_wconf 88' lang='lat' dir='ltr'><strong>illam</strong></span> <span class='ocrx_word' id='word_1_274' title='bbox 3025 959 3382 1016; x_wconf 78' lang='lat' dir='ltr'><strong>defensorem.</strong></span> <span class='ocrx_word' id='word_1_275' title='bbox 3419 961 3518 1016; x_wconf 85' lang='lat' dir='ltr'><strong>Cui</strong></span> 
     </span>
    </p>
   </div>
   <div class='ocr_carea' id='block_1_39' title="bbox 1954 1045 3518 1122">
    <p class='ocr_par' dir='ltr' id='par_1_39' title="bbox 1954 1045 3518 1122">
     <span class='ocr_line' id='line_1_39' title="bbox 1954 1045 3518 1122; baseline 0.006 -24"><span class='ocrx_word' id='word_1_276' title='bbox 1954 1045 2118 1115; x_wconf 82' lang='lat' dir='ltr'><strong>igitur</strong></span> <span class='ocrx_word' id='word_1_277' title='bbox 2145 1046 2284 1100; x_wconf 83' lang='lat' dir='ltr'><strong>istud</strong></span> <span class='ocrx_word' id='word_1_278' title='bbox 2329 1047 2662 1118; x_wconf 84' lang='lat' dir='ltr'><strong>propositum</strong></span> <span class='ocrx_word' id='word_1_279' title='bbox 2691 1057 2794 1114; x_wconf 90' lang='lat' dir='ltr'><strong>est,</strong></span> <span class='ocrx_word' id='word_1_280' title='bbox 2851 1065 2974 1104; x_wconf 89' lang='lat' dir='ltr'><strong>eum</strong></span> <span class='ocrx_word' id='word_1_281' title='bbox 3023 1051 3364 1122; x_wconf 77' lang='lat' dir='ltr'><strong>providentia</strong></span> <span class='ocrx_word' id='word_1_282' title='bbox 3427 1061 3518 1108; x_wconf 90' lang='lat' dir='ltr'><strong>tua</strong></span> 
     </span>
    </p>
   </div>
   <div class='ocr_carea' id='block_1_40' title="bbox 1951 1127 3518 1210">
    <p class='ocr_par' dir='ltr' id='par_1_40' title="bbox 1951 1127 3518 1210">
     <span class='ocr_line' id='line_1_40' title="bbox 1951 1127 3518 1210; baseline 0.005 -20"><span class='ocrx_word' id='word_1_283' title='bbox 1951 1134 2192 1204; x_wconf 81' lang='lat' dir='ltr'><strong>dignare,</strong></span> <span class='ocrx_word' id='word_1_284' title='bbox 2248 1127 2314 1188; x_wconf 87' lang='lat' dir='ltr'><strong>n&#39;e</strong></span> <span class='ocrx_word' id='word_1_285' title='bbox 2355 1149 2450 1204; x_wconf 85' lang='lat' dir='ltr'><strong>spe</strong></span> <span class='ocrx_word' id='word_1_286' title='bbox 2491 1133 2748 1190; x_wconf 79' lang='lat' dir='ltr'><strong>excidens</strong></span> <span class='ocrx_word' id='word_1_287' title='bbox 2777 1139 3094 1194; x_wconf 84' lang='lat' dir='ltr'><strong>confusione</strong></span> <span class='ocrx_word' id='word_1_288' title='bbox 3131 1141 3360 1210; x_wconf 86' lang='lat' dir='ltr'><strong>replear.</strong></span> <span class='ocrx_word' id='word_1_289' title='bbox 3389 1143 3518 1198; x_wconf 82' lang='lat' dir='ltr'><strong>Elo-</strong></span> 
     </span>
    </p>
   </div>
   <div class='ocr_carea' id='block_1_41' title="bbox 1951 1226 3518 1304">
    <p class='ocr_par' dir='ltr' id='par_1_41' title="bbox 1951 1226 3518 1304">
     <span class='ocr_line' id='line_1_41' title="bbox 1951 1226 3518 1304; baseline 0.004 -22"><span class='ocrx_word' id='word_1_290' title='bbox 1951 1229 2136 1296; x_wconf 84' lang='lat' dir='ltr'><strong>quium</strong></span> <span class='ocrx_word' id='word_1_291' title='bbox 2195 1237 2374 1282; x_wconf 86' lang='lat' dir='ltr'><strong>autetn</strong></span> <span class='ocrx_word' id='word_1_292' title='bbox 2425 1227 2526 1282; x_wconf 84' lang='lat' dir='ltr'><strong>hoc</strong></span> <span class='ocrx_word' id='word_1_293' title='bbox 2594 1226 2710 1282; x_wconf 90' lang='lat' dir='ltr'><strong>loco</strong></span> <span class='ocrx_word' id='word_1_294' title='bbox 2757 1231 3172 1297; x_wconf 86' lang='lat' dir='ltr'><strong>promissionem</strong></span> <span class='ocrx_word' id='word_1_295' title='bbox 3223 1233 3518 1304; x_wconf 77' lang='lat' dir='ltr'><strong>signiﬁcat,</strong></span> 
     </span>
    </p>
   </div>
   <div class='ocr_carea' id='block_1_42' title="bbox 1951 1318 3520 1386">
    <p class='ocr_par' dir='ltr' id='par_1_42' title="bbox 1951 1318 3520 1386">
     <span class='ocr_line' id='line_1_42' title="bbox 1951 1318 3520 1386; baseline 0.005 -14"><span class='ocrx_word' id='word_1_296' title='bbox 1951 1330 2113 1386; x_wconf 73' lang='grc' dir='ltr'>ιιῑηυο</span> <span class='ocrx_word' id='word_1_297' title='bbox 2139 1319 2280 1372; x_wconf 88' lang='lat' dir='ltr'><strong>idem</strong></span> <span class='ocrx_word' id='word_1_298' title='bbox 2307 1329 2390 1372; x_wconf 89' lang='lat' dir='ltr'><strong>est</strong></span> <span class='ocrx_word' id='word_1_299' title='bbox 2423 1332 2484 1372; x_wconf 88' lang='lat' dir='ltr'><strong>ae</strong></span> <span class='ocrx_word' id='word_1_300' title='bbox 2511 1318 2558 1372; x_wconf 89' lang='lat' dir='ltr'><strong>si</strong></span> <span class='ocrx_word' id='word_1_301' title='bbox 2585 1319 2788 1376; x_wconf 88' lang='lat' dir='ltr'><strong>diceret</strong></span> <span class='ocrx_word' id='word_1_302' title='bbox 2819 1336 2832 1372; x_wconf 91' lang='lat'><strong>:</strong></span> <span class='ocrx_word' id='word_1_303' title='bbox 2863 1319 3188 1380; x_wconf 87' lang='lat' dir='ltr'><strong>Promissam</strong></span> <span class='ocrx_word' id='word_1_304' title='bbox 3213 1327 3340 1382; x_wconf 85' lang='lat' dir='ltr'><strong>mihi</strong></span> <span class='ocrx_word' id='word_1_305' title='bbox 3375 1327 3520 1382; x_wconf 88' lang='lat' dir='ltr'><strong>salu-</strong></span> 
     </span>
    </p>
   </div>
   <div class='ocr_carea' id='block_1_43' title="bbox 1951 1409 2286 1477">
    <p class='ocr_par' dir='ltr' id='par_1_43' title="bbox 1951 1409 2286 1477">
     <span class='ocr_line' id='line_1_43' title="bbox 1951 1409 2286 1477; baseline 0 -15"><span class='ocrx_word' id='word_1_306' title='bbox 1951 1419 2058 1464; x_wconf 84' lang='lat' dir='ltr'><strong>tent</strong></span> <span class='ocrx_word' id='word_1_307' title='bbox 2087 1409 2286 1477; x_wconf 68' lang='lat' dir='ltr'><strong>prmbc.</strong></span> 
     </span>
    </p>
   </div>
   <div class='ocr_carea' id='block_1_44' title="bbox 2019 1497 3520 1568">
    <p class='ocr_par' dir='ltr' id='par_1_44' title="bbox 2019 1497 3520 1568">
     <span class='ocr_line' id='line_1_44' title="bbox 2019 1497 3520 1568; baseline 0.003 -16"><span class='ocrx_word' id='word_1_308' title='bbox 2019 1497 2180 1554; x_wconf 74' lang='lat' dir='ltr'><strong>Vens.</strong></span> <span class='ocrx_word' id='word_1_309' title='bbox 2221 1499 2344 1552; x_wconf 79' lang='grc'><strong>117.</strong></span> <span class='ocrx_word' id='word_1_310' title='bbox 2385 1497 2592 1566; x_wconf 76' lang='lat' dir='ltr'><strong>Adjuea</strong></span> <span class='ocrx_word' id='word_1_311' title='bbox 2621 1513 2702 1550; x_wconf 87' lang='lat' dir='ltr'><strong>me</strong></span> <span class='ocrx_word' id='word_1_312' title='bbox 2731 1507 2776 1552; x_wconf 87' lang='lat' dir='ltr'><strong>et</strong></span> <span class='ocrx_word' id='word_1_313' title='bbox 2801 1499 2974 1554; x_wconf 76' lang='lat' dir='ltr'><strong>saluus</strong></span> <span class='ocrx_word' id='word_1_314' title='bbox 3009 1515 3122 1568; x_wconf 88' lang='lat' dir='ltr'><strong>ero,</strong></span> <span class='ocrx_word' id='word_1_315' title='bbox 3149 1511 3196 1555; x_wconf 86' lang='lat' dir='ltr'><strong>et</strong></span> <span class='ocrx_word' id='word_1_316' title='bbox 3229 1503 3520 1556; x_wconf 81' lang='lat' dir='ltr'><strong>meditabar</strong></span> 
     </span>
    </p>
   </div>
   <div class='ocr_carea' id='block_1_45' title="bbox 1953 1591 3515 1662">
    <p class='ocr_par' dir='ltr' id='par_1_45' title="bbox 1953 1591 3515 1662">
     <span class='ocr_line' id='line_1_45' title="bbox 1953 1591 3515 1662; baseline 0.001 -16"><span class='ocrx_word' id='word_1_317' title='bbox 1953 1595 2004 1646; x_wconf 86' lang='lat' dir='ltr'><strong>in</strong></span> <span class='ocrx_word' id='word_1_318' title='bbox 2027 1591 2496 1662; x_wconf 77' lang='lat' dir='ltr'><strong>jnstiﬁcationibus</strong></span> <span class='ocrx_word' id='word_1_319' title='bbox 2518 1593 2620 1648; x_wconf 83' lang='lat' dir='ltr'><strong>tuis</strong></span> <span class='ocrx_word' id='word_1_320' title='bbox 2643 1610 2862 1662; x_wconf 75' lang='lat' dir='ltr'><strong>semper,</strong></span> <span class='ocrx_word' id='word_1_321' title='bbox 2893 1603 2998 1648; x_wconf 87' lang='lat' dir='ltr'><strong>etc.</strong></span> <span class='ocrx_word' id='word_1_322' title='bbox 3021 1591 3242 1648; x_wconf 80' lang='lat' dir='ltr'><strong>Dixerat</strong></span> <span class='ocrx_word' id='word_1_323' title='bbox 3261 1593 3472 1662; x_wconf 87' lang='lat' dir='ltr'><strong>quidem</strong></span> <span class='ocrx_word' id='word_1_324' title='bbox 3501 1611 3515 1646; x_wconf 91' lang='lat'><strong>:</strong></span> 
     </span>
    </p>
   </div>
   <div class='ocr_carea' id='block_1_46' title="bbox 1955 1683 3516 1752">
    <p class='ocr_par' dir='ltr' id='par_1_46' title="bbox 1955 1683 3516 1752">
     <span class='ocr_line' id='line_1_46' title="bbox 1955 1683 3516 1752; baseline 0.001 -18"><span class='ocrx_word' id='word_1_325' title='bbox 1955 1701 1974 1734; x_wconf 77' lang='grc' dir='ltr'><strong>ι</strong></span> <span class='ocrx_word' id='word_1_326' title='bbox 1995 1683 2219 1752; x_wconf 76' lang='lat' dir='ltr'><strong>Adjutor</strong></span> <span class='ocrx_word' id='word_1_327' title='bbox 2248 1691 2300 1736; x_wconf 87' lang='lat' dir='ltr'><strong>et</strong></span> <span class='ocrx_word' id='word_1_328' title='bbox 2331 1693 2614 1752; x_wconf 86' lang='lat' dir='ltr'><strong>susceptor</strong></span> <span class='ocrx_word' id='word_1_329' title='bbox 2639 1699 2792 1740; x_wconf 85' lang='lat' dir='ltr'><strong>meus</strong></span> <span class='ocrx_word' id='word_1_330' title='bbox 2815 1699 2874 1740; x_wconf 88' lang='lat' dir='ltr'><strong>es</strong></span> <span class='ocrx_word' id='word_1_331' title='bbox 2902 1695 2978 1750; x_wconf 90' lang='lat' dir='ltr'><strong>tu,</strong></span> <span class='ocrx_word' id='word_1_332' title='bbox 3007 1703 3026 1736; x_wconf 69' lang='grc' dir='ltr'><strong>ι</strong></span> <span class='ocrx_word' id='word_1_333' title='bbox 3063 1683 3158 1740; x_wconf 88' lang='lat' dir='ltr'><strong>sed</strong></span> <span class='ocrx_word' id='word_1_334' title='bbox 3191 1685 3516 1740; x_wconf 86' lang='lat' dir='ltr'><strong>indesinenti</strong></span> 
     </span>
    </p>
   </div>
   <div class='ocr_carea' id='block_1_47' title="bbox 1949 1773 3516 1846">
    <p class='ocr_par' dir='ltr' id='par_1_47' title="bbox 1949 1773 3516 1846">
     <span class='ocr_line' id='line_1_47' title="bbox 1949 1773 3516 1846; baseline 0 -16"><span class='ocrx_word' id='word_1_335' title='bbox 1949 1785 2074 1846; x_wconf 86' lang='lat' dir='ltr'><strong>eget</strong></span> <span class='ocrx_word' id='word_1_336' title='bbox 2105 1773 2326 1830; x_wconf 78' lang='lat' dir='ltr'><strong>auxilio.</strong></span> <span class='ocrx_word' id='word_1_337' title='bbox 2371 1775 2620 1842; x_wconf 86' lang='lat' dir='ltr'><strong>Quandiu</strong></span> <span class='ocrx_word' id='word_1_338' title='bbox 2661 1779 2806 1832; x_wconf 89' lang='lat' dir='ltr'><strong>enim</strong></span> <span class='ocrx_word' id='word_1_339' title='bbox 2838 1791 3028 1834; x_wconf 88' lang='lat' dir='ltr'><strong>sumus</strong></span> <span class='ocrx_word' id='word_1_340' title='bbox 3055 1778 3107 1830; x_wconf 89' lang='lat' dir='ltr'><strong>in</strong></span> <span class='ocrx_word' id='word_1_341' title='bbox 3155 1777 3258 1833; x_wconf 91' lang='lat' dir='ltr'><strong>hoc</strong></span> <span class='ocrx_word' id='word_1_342' title='bbox 3293 1777 3516 1840; x_wconf 82' lang='lat' dir='ltr'><strong>mundo,</strong></span> 
     </span>
    </p>
   </div>
   <div class='ocr_carea' id='block_1_48' title="bbox 1951 1866 3518 1936">
    <p class='ocr_par' dir='ltr' id='par_1_48' title="bbox 1951 1866 3518 1936">
     <span class='ocr_line' id='line_1_48' title="bbox 1951 1866 3518 1936; baseline -0.001 -12"><span class='ocrx_word' id='word_1_343' title='bbox 1951 1871 2182 1925; x_wconf 85' lang='lat' dir='ltr'><strong>nondum</strong></span> <span class='ocrx_word' id='word_1_344' title='bbox 2229 1866 2532 1936; x_wconf 88' lang='lat' dir='ltr'><strong>perfectum</strong></span> <span class='ocrx_word' id='word_1_345' title='bbox 2581 1881 2664 1926; x_wconf 86' lang='lat' dir='ltr'><strong>est</strong></span> <span class='ocrx_word' id='word_1_346' title='bbox 2711 1871 2843 1924; x_wconf 90' lang='lat' dir='ltr'><strong>illud</strong></span> <span class='ocrx_word' id='word_1_347' title='bbox 2881 1893 2892 1926; x_wconf 85' lang='lat'><strong>:</strong></span> <span class='ocrx_word' id='word_1_348' title='bbox 2930 1871 3166 1934; x_wconf 67' lang='lat' dir='ltr'><strong>«Salvus</strong></span> <span class='ocrx_word' id='word_1_349' title='bbox 3215 1885 3332 1934; x_wconf 88' lang='lat' dir='ltr'><strong>ero,</strong></span> <span class='ocrx_word' id='word_1_350' title='bbox 3365 1887 3384 1921; x_wconf 72' lang='grc' dir='ltr'><strong>ι</strong></span> <span class='ocrx_word' id='word_1_351' title='bbox 3423 1872 3518 1924; x_wconf 83' lang='lat' dir='ltr'><strong>sed</strong></span> 
     </span>
    </p>
   </div>
   <div class='ocr_carea' id='block_1_49' title="bbox 1949 1961 3520 2034">
    <p class='ocr_par' dir='ltr' id='par_1_49' title="bbox 1949 1961 3520 2034">
     <span class='ocr_line' id='line_1_49' title="bbox 1949 1961 3520 2034; baseline -0.001 -20"><span class='ocrx_word' id='word_1_352' title='bbox 1949 1965 2162 2032; x_wconf 88' lang='lat' dir='ltr'><strong>quando</strong></span> <span class='ocrx_word' id='word_1_353' title='bbox 2188 1981 2310 2020; x_wconf 88' lang='lat' dir='ltr'><strong>cum</strong></span> <span class='ocrx_word' id='word_1_354' title='bbox 2341 1965 2546 2034; x_wconf 74' lang='lat' dir='ltr'><strong>angelis</strong></span> <span class='ocrx_word' id='word_1_355' title='bbox 2577 1965 2668 2018; x_wconf 87' lang='lat' dir='ltr'><strong>Dei</strong></span> <span class='ocrx_word' id='word_1_356' title='bbox 2703 1967 2966 2018; x_wconf 75' lang='lat' dir='ltr'><strong>vivemus.</strong></span> <span class='ocrx_word' id='word_1_357' title='bbox 3004 1961 3158 2016; x_wconf 86' lang='lat' dir='ltr'><strong>Tunc</strong></span> <span class='ocrx_word' id='word_1_358' title='bbox 3179 1962 3323 2016; x_wconf 89' lang='lat' dir='ltr'><strong>enim</strong></span> <span class='ocrx_word' id='word_1_359' title='bbox 3353 1961 3520 2016; x_wconf 83' lang='lat' dir='ltr'><strong>medi-</strong></span> 
     </span>
    </p>
   </div>
   <div class='ocr_carea' id='block_1_50' title="bbox 1952 2053 3518 2120">
    <p class='ocr_par' dir='ltr' id='par_1_50' title="bbox 1952 2053 3518 2120">
     <span class='ocr_line' id='line_1_50' title="bbox 1952 2053 3518 2120; baseline -0.001 -12"><span class='ocrx_word' id='word_1_360' title='bbox 1952 2056 2082 2110; x_wconf 85' lang='lat' dir='ltr'><strong>tatio</strong></span> <span class='ocrx_word' id='word_1_361' title='bbox 2119 2059 2498 2113; x_wconf 52' lang='lat' dir='ltr'><strong>n‘tandatornnt</strong></span> <span class='ocrx_word' id='word_1_362' title='bbox 2535 2057 2624 2110; x_wconf 86' lang='lat' dir='ltr'><strong>fiet</strong></span> <span class='ocrx_word' id='word_1_363' title='bbox 2651 2055 2788 2110; x_wconf 80' lang='lat' dir='ltr'><strong>facie</strong></span> <span class='ocrx_word' id='word_1_364' title='bbox 2821 2055 2888 2108; x_wconf 89' lang='lat' dir='ltr'><strong>ad</strong></span> <span class='ocrx_word' id='word_1_365' title='bbox 2915 2054 3132 2120; x_wconf 80' lang='lat' dir='ltr'><strong>faciem,</strong></span> <span class='ocrx_word' id='word_1_366' title='bbox 3163 2069 3271 2108; x_wconf 89' lang='lat' dir='ltr'><strong>non</strong></span> <span class='ocrx_word' id='word_1_367' title='bbox 3297 2053 3518 2108; x_wconf 81' lang='lat' dir='ltr'><strong>umbra-</strong></span> 
     </span>
    </p>
   </div>
   <div class='ocr_carea' id='block_1_51' title="bbox 1951 2147 2880 2212">
    <p class='ocr_par' dir='ltr' id='par_1_51' title="bbox 1951 2147 2880 2212">
     <span class='ocr_line' id='line_1_51' title="bbox 1951 2147 2880 2212; baseline -0.002 -12"><span class='ocrx_word' id='word_1_368' title='bbox 1951 2147 2074 2212; x_wconf 85' lang='lat' dir='ltr'><strong>tice,</strong></span> <span class='ocrx_word' id='word_1_369' title='bbox 2113 2149 2208 2202; x_wconf 83' lang='lat' dir='ltr'><strong>sed</strong></span> <span class='ocrx_word' id='word_1_370' title='bbox 2245 2151 2536 2204; x_wconf 86' lang='lat' dir='ltr'><strong>secundum</strong></span> <span class='ocrx_word' id='word_1_371' title='bbox 2573 2147 2880 2200; x_wconf 82' lang='lat' dir='ltr'><strong>veritatem.</strong></span> 
     </span>
    </p>
   </div>
   <div class='ocr_carea' id='block_1_52' title="bbox 2021 2237 3520 2306">
    <p class='ocr_par' dir='ltr' id='par_1_52' title="bbox 2021 2237 3520 2306">
     <span class='ocr_line' id='line_1_52' title="bbox 2021 2237 3520 2306; baseline -0.003 -14"><span class='ocrx_word' id='word_1_372' title='bbox 2021 2239 2182 2294; x_wconf 73' lang='lat' dir='ltr'><strong>Vens.</strong></span> <span class='ocrx_word' id='word_1_373' title='bbox 2213 2241 2332 2296; x_wconf 77' lang='lat'><strong>“9.</strong></span> <span class='ocrx_word' id='word_1_374' title='bbox 2381 2239 2792 2294; x_wconf 72' lang='lat' dir='ltr'><strong>Prwvaricuntes</strong></span> <span class='ocrx_word' id='word_1_375' title='bbox 2823 2237 3054 2306; x_wconf 81' lang='lat' dir='ltr'><strong>reputavi</strong></span> <span class='ocrx_word' id='word_1_376' title='bbox 3081 2253 3258 2290; x_wconf 81' lang='lat' dir='ltr'><strong>omnes</strong></span> <span class='ocrx_word' id='word_1_377' title='bbox 3283 2245 3520 2304; x_wconf 81' lang='lat' dir='ltr'><strong>peccato-</strong></span> 
     </span>
    </p>
   </div>
   <div class='ocr_carea' id='block_1_53' title="bbox 1947 2327 3520 2398">
    <p class='ocr_par' dir='ltr' id='par_1_53' title="bbox 1947 2327 3520 2398">
     <span class='ocr_line' id='line_1_53' title="bbox 1947 2327 3520 2398; baseline -0.004 -12"><span class='ocrx_word' id='word_1_378' title='bbox 1947 2351 2028 2388; x_wconf 79' lang='lat' dir='ltr'><strong>res</strong></span> <span class='ocrx_word' id='word_1_379' title='bbox 2055 2345 2206 2388; x_wconf 72' lang='lat' dir='ltr'><strong>terra:</strong></span> <span class='ocrx_word' id='word_1_380' title='bbox 2231 2350 2250 2388; x_wconf 88' lang='lat'><strong><em>:</em></strong></span> <span class='ocrx_word' id='word_1_381' title='bbox 2275 2335 2390 2388; x_wconf 79' lang='lat' dir='ltr'><strong>ideo</strong></span> <span class='ocrx_word' id='word_1_382' title='bbox 2420 2331 2581 2386; x_wconf 73' lang='lat' dir='ltr'><strong>dilexi</strong></span> <span class='ocrx_word' id='word_1_383' title='bbox 2603 2331 2902 2386; x_wconf 76' lang='lat' dir='ltr'><strong>testimonia</strong></span> <span class='ocrx_word' id='word_1_384' title='bbox 2931 2341 3044 2396; x_wconf 85' lang='lat' dir='ltr'><strong>tua,</strong></span> <span class='ocrx_word' id='word_1_385' title='bbox 3073 2340 3180 2386; x_wconf 88' lang='lat' dir='ltr'><strong>etc.</strong></span> <span class='ocrx_word' id='word_1_386' title='bbox 3231 2327 3342 2384; x_wconf 88' lang='lat' dir='ltr'><strong>Nos</strong></span> <span class='ocrx_word' id='word_1_387' title='bbox 3399 2329 3520 2398; x_wconf 84' lang='lat' dir='ltr'><strong>qui-</strong></span> 
     </span>
    </p>
   </div>
   <div class='ocr_carea' id='block_1_54' title="bbox 1947 2419 3514 2492">
    <p class='ocr_par' dir='ltr' id='par_1_54' title="bbox 1947 2419 3514 2492">
     <span class='ocr_line' id='line_1_54' title="bbox 1947 2419 3514 2492; baseline -0.004 -16"><span class='ocrx_word' id='word_1_388' title='bbox 1947 2425 2068 2476; x_wconf 88' lang='lat' dir='ltr'><strong>dem</strong></span> <span class='ocrx_word' id='word_1_389' title='bbox 2129 2425 2596 2492; x_wconf 67' lang='lat' dir='ltr'><strong>«prmvaricantes</strong></span> <span class='ocrx_word' id='word_1_390' title='bbox 2631 2442 2649 2474; x_wconf 77' lang='grc' dir='ltr'><strong>ι</strong></span> <span class='ocrx_word' id='word_1_391' title='bbox 2714 2421 2944 2476; x_wconf 85' lang='lat' dir='ltr'><strong>dicimus</strong></span> <span class='ocrx_word' id='word_1_392' title='bbox 2991 2435 3086 2476; x_wconf 88' lang='lat' dir='ltr'><strong>eos</strong></span> <span class='ocrx_word' id='word_1_393' title='bbox 3147 2419 3237 2488; x_wconf 89' lang='lat' dir='ltr'><strong>qui</strong></span> <span class='ocrx_word' id='word_1_394' title='bbox 3291 2419 3514 2474; x_wconf 86' lang='lat' dir='ltr'><strong>verbum</strong></span> 
     </span>
    </p>
   </div>
   <div class='ocr_carea' id='block_1_55' title="bbox 1945 2513 3516 2584">
    <p class='ocr_par' dir='ltr' id='par_1_55' title="bbox 1945 2513 3516 2584">
     <span class='ocr_line' id='line_1_55' title="bbox 1945 2513 3516 2584; baseline -0.003 -14"><span class='ocrx_word' id='word_1_395' title='bbox 1945 2515 2120 2570; x_wconf 84' lang='lat' dir='ltr'><strong>edocti</strong></span> <span class='ocrx_word' id='word_1_396' title='bbox 2169 2525 2316 2580; x_wconf 88' lang='lat' dir='ltr'><strong>sunt,</strong></span> <span class='ocrx_word' id='word_1_397' title='bbox 2353 2525 2406 2568; x_wconf 90' lang='lat' dir='ltr'><strong>et</strong></span> <span class='ocrx_word' id='word_1_398' title='bbox 2447 2525 2731 2584; x_wconf 82' lang='lat' dir='ltr'><strong>postquam</strong></span> <span class='ocrx_word' id='word_1_399' title='bbox 2765 2515 2942 2570; x_wconf 89' lang='lat' dir='ltr'><strong>edocti</strong></span> <span class='ocrx_word' id='word_1_400' title='bbox 2997 2521 3161 2576; x_wconf 85' lang='lat' dir='ltr'><strong>sunt,</strong></span> <span class='ocrx_word' id='word_1_401' title='bbox 3221 2513 3350 2568; x_wconf 89' lang='lat' dir='ltr'><strong>illud</strong></span> <span class='ocrx_word' id='word_1_402' title='bbox 3407 2525 3516 2568; x_wconf 90' lang='lat' dir='ltr'><strong>non</strong></span> 
     </span>
    </p>
   </div>
   <div class='ocr_carea' id='block_1_56' title="bbox 1943 2605 3514 2676">
    <p class='ocr_par' dir='ltr' id='par_1_56' title="bbox 1943 2605 3514 2676">
     <span class='ocr_line' id='line_1_56' title="bbox 1943 2605 3514 2676; baseline -0.002 -15"><span class='ocrx_word' id='word_1_403' title='bbox 1943 2609 2326 2672; x_wconf 83' lang='lat' dir='ltr'><strong>observarunt,</strong></span> <span class='ocrx_word' id='word_1_404' title='bbox 2373 2605 2468 2660; x_wconf 88' lang='lat' dir='ltr'><strong>sed</strong></span> <span class='ocrx_word' id='word_1_405' title='bbox 2505 2607 2858 2662; x_wconf 86' lang='lat' dir='ltr'><strong>deseruerunt</strong></span> <span class='ocrx_word' id='word_1_406' title='bbox 2901 2615 2956 2660; x_wconf 83' lang='lat' dir='ltr'><strong>et</strong></span> <span class='ocrx_word' id='word_1_407' title='bbox 2996 2605 3334 2676; x_wconf 81' lang='lat' dir='ltr'><strong>praevaricati</strong></span> <span class='ocrx_word' id='word_1_408' title='bbox 3365 2613 3514 2658; x_wconf 88' lang='lat' dir='ltr'><strong>sunt.</strong></span> 
     </span>
    </p>
   </div>
   <div class='ocr_carea' id='block_1_57' title="bbox 1945 2695 3514 2764">
    <p class='ocr_par' dir='ltr' id='par_1_57' title="bbox 1945 2695 3514 2764">
     <span class='ocr_line' id='line_1_57' title="bbox 1945 2695 3514 2764; baseline -0.003 -12"><span class='ocrx_word' id='word_1_409' title='bbox 1945 2699 2044 2752; x_wconf 84' lang='lat' dir='ltr'><strong>llic</strong></span> <span class='ocrx_word' id='word_1_410' title='bbox 2075 2707 2256 2754; x_wconf 87' lang='lat' dir='ltr'><strong>autem</strong></span> <span class='ocrx_word' id='word_1_411' title='bbox 2295 2698 2444 2751; x_wconf 89' lang='lat' dir='ltr'><strong>videt</strong></span> <span class='ocrx_word' id='word_1_412' title='bbox 2481 2707 2708 2752; x_wconf 86' lang='lat' dir='ltr'><strong>cunctos</strong></span> <span class='ocrx_word' id='word_1_413' title='bbox 2735 2699 2936 2752; x_wconf 83' lang='lat' dir='ltr'><strong>habere</strong></span> <span class='ocrx_word' id='word_1_414' title='bbox 2961 2696 3096 2750; x_wconf 85' lang='lat' dir='ltr'><strong>bene</strong></span> <span class='ocrx_word' id='word_1_415' title='bbox 3123 2695 3314 2764; x_wconf 80' lang='lat' dir='ltr'><strong>agendi</strong></span> <span class='ocrx_word' id='word_1_416' title='bbox 3351 2707 3480 2750; x_wconf 78' lang='lat' dir='ltr'><strong>occa</strong></span> <span class='ocrx_word' id='word_1_417' title='bbox 3499 2721 3514 2734; x_wconf 88' lang='lat'><strong>-</strong></span> 
     </span>
    </p>
   </div>
   <div class='ocr_carea' id='block_1_58' title="bbox 1947 2785 3516 2856">
    <p class='ocr_par' dir='ltr' id='par_1_58' title="bbox 1947 2785 3516 2856">
     <span class='ocr_line' id='line_1_58' title="bbox 1947 2785 3516 2856; baseline -0.004 -12"><span class='ocrx_word' id='word_1_418' title='bbox 1947 2805 2155 2856; x_wconf 87' lang='lat' dir='ltr'><strong>stones,</strong></span> <span class='ocrx_word' id='word_1_419' title='bbox 2211 2791 2316 2846; x_wconf 86' lang='lat' dir='ltr'><strong>etsi</strong></span> <span class='ocrx_word' id='word_1_420' title='bbox 2361 2805 2466 2846; x_wconf 85' lang='lat' dir='ltr'><strong>non</strong></span> <span class='ocrx_word' id='word_1_421' title='bbox 2519 2787 2724 2842; x_wconf 85' lang='lat' dir='ltr'><strong>fuerint</strong></span> <span class='ocrx_word' id='word_1_422' title='bbox 2759 2787 2934 2854; x_wconf 77' lang='lat' dir='ltr'><strong>docti,</strong></span> <span class='ocrx_word' id='word_1_423' title='bbox 2983 2785 3056 2840; x_wconf 78' lang='lat' dir='ltr'><strong>ita</strong></span> <span class='ocrx_word' id='word_1_424' title='bbox 3093 2793 3154 2840; x_wconf 89' lang='lat' dir='ltr'><strong>ut</strong></span> <span class='ocrx_word' id='word_1_425' title='bbox 3189 2799 3294 2842; x_wconf 87' lang='lat' dir='ltr'><strong>non</strong></span> <span class='ocrx_word' id='word_1_426' title='bbox 3341 2785 3516 2840; x_wconf 86' lang='lat' dir='ltr'><strong>solum</strong></span> 
     </span>
    </p>
   </div>
   <div class='ocr_carea' id='block_1_59' title="bbox 1943 2877 3514 2952">
    <p class='ocr_par' dir='ltr' id='par_1_59' title="bbox 1943 2877 3514 2952">
     <span class='ocr_line' id='line_1_59' title="bbox 1943 2877 3514 2952; baseline -0.005 -16"><span class='ocrx_word' id='word_1_427' title='bbox 1943 2897 2038 2938; x_wconf 86' lang='lat' dir='ltr'><strong>eos</strong></span> <span class='ocrx_word' id='word_1_428' title='bbox 2085 2881 2318 2952; x_wconf 79' lang='lat' dir='ltr'><strong>appellet</strong></span> <span class='ocrx_word' id='word_1_429' title='bbox 2355 2880 2774 2950; x_wconf 68' lang='lat' dir='ltr'><strong>praevaricantcs</strong></span> <span class='ocrx_word' id='word_1_430' title='bbox 2819 2879 2908 2946; x_wconf 87' lang='lat' dir='ltr'><strong>qui</strong></span> <span class='ocrx_word' id='word_1_431' title='bbox 2943 2879 3100 2932; x_wconf 78' lang='lat' dir='ltr'><strong>[idem</strong></span> <span class='ocrx_word' id='word_1_432' title='bbox 3155 2877 3514 2940; x_wconf 86' lang='lat' dir='ltr'><strong>deseruerint,</strong></span> 
     </span>
    </p>
   </div>
   <div class='ocr_carea' id='block_1_60' title="bbox 1942 2971 3517 3042">
    <p class='ocr_par' dir='ltr' id='par_1_60' title="bbox 1942 2971 3517 3042">
     <span class='ocr_line' id='line_1_60' title="bbox 1942 2971 3517 3042; baseline -0.003 -16"><span class='ocrx_word' id='word_1_433' title='bbox 1942 2989 2130 3028; x_wconf 82' lang='lat' dir='ltr'><strong>verum</strong></span> <span class='ocrx_word' id='word_1_434' title='bbox 2153 2973 2318 3028; x_wconf 88' lang='lat' dir='ltr'><strong>etiam</strong></span> <span class='ocrx_word' id='word_1_435' title='bbox 2349 2989 2442 3028; x_wconf 90' lang='lat' dir='ltr'><strong>eos</strong></span> <span class='ocrx_word' id='word_1_436' title='bbox 2475 2975 2566 3042; x_wconf 89' lang='lat' dir='ltr'><strong>qui</strong></span> <span class='ocrx_word' id='word_1_437' title='bbox 2607 2973 3098 3042; x_wconf 87' lang='lat' dir='ltr'><strong>quomodocunqne</strong></span> <span class='ocrx_word' id='word_1_438' title='bbox 3143 2971 3356 3024; x_wconf 86' lang='lat' dir='ltr'><strong>tandem</strong></span> <span class='ocrx_word' id='word_1_439' title='bbox 3385 2983 3517 3038; x_wconf 84' lang='lat' dir='ltr'><strong>pec-</strong></span> 
     </span>
    </p>
   </div>
   <div class='ocr_carea' id='block_1_61' title="bbox 271 3061 1836 3138">
    <p class='ocr_par' dir='ltr' id='par_1_61' title="bbox 271 3061 1836 3134">
     <span class='ocr_line' id='line_1_61' title="bbox 271 3061 1836 3134; baseline 0.001 -18"><span class='ocrx_word' id='word_1_440' title='bbox 271 3063 612 3134; x_wconf 75' lang='grc' dir='ltr'>Ἀμαρτωλοὶ</span> <span class='ocrx_word' id='word_1_441' title='bbox 647 3063 702 3118; x_wconf 82' lang='grc' dir='ltr'>δὲ</span> <span class='ocrx_word' id='word_1_442' title='bbox 743 3063 842 3134; x_wconf 76' lang='grc' dir='ltr'>τῆς</span> <span class='ocrx_word' id='word_1_443' title='bbox 881 3061 984 3132; x_wconf 80' lang='grc' dir='ltr'>γῆς</span> <span class='ocrx_word' id='word_1_444' title='bbox 1015 3063 1064 3116; x_wconf 77' lang='grc' dir='ltr'>οἱ</span> <span class='ocrx_word' id='word_1_445' title='bbox 1097 3063 1187 3116; x_wconf 76' lang='grc' dir='ltr'><strong>ἐπὶ</strong></span> <span class='ocrx_word' id='word_1_446' title='bbox 1219 3061 1320 3132; x_wconf 84' lang='grc' dir='ltr'>γῆς</span> <span class='ocrx_word' id='word_1_447' title='bbox 1351 3063 1730 3134; x_wconf 77' lang='grc' dir='ltr'>ἡμαρτηκότες</span> <span class='ocrx_word' id='word_1_448' title='bbox 1757 3063 1836 3118; x_wconf 66' lang='grc' dir='ltr'><strong>ἄν¹</strong></span> 
     </span>
    </p>
   </div>
   <div class='ocr_carea' id='block_1_62' title="bbox 1952 3061 3518 3138">
    <p class='ocr_par' dir='ltr' id='par_1_62' title="bbox 1952 3061 3518 3130">
     <span class='ocr_line' id='line_1_62' title="bbox 1952 3061 3518 3130; baseline -0.004 -10"><span class='ocrx_word' id='word_1_449' title='bbox 1952 3075 2093 3120; x_wconf 75' lang='lat' dir='ltr'><strong>cant.</strong></span> <span class='ocrx_word' id='word_1_450' title='bbox 2149 3063 2474 3120; x_wconf 84' lang='lat' dir='ltr'><strong>Peccatores</strong></span> <span class='ocrx_word' id='word_1_451' title='bbox 2505 3079 2636 3118; x_wconf 86' lang='lat' dir='ltr'><strong>vero</strong></span> <span class='ocrx_word' id='word_1_452' title='bbox 2667 3073 2826 3116; x_wconf 79' lang='lat' dir='ltr'><strong>terra:</strong></span> <span class='ocrx_word' id='word_1_453' title='bbox 2857 3061 3104 3116; x_wconf 82' lang='lat' dir='ltr'><strong>homines</strong></span> <span class='ocrx_word' id='word_1_454' title='bbox 3153 3069 3282 3114; x_wconf 88' lang='lat' dir='ltr'><strong>sunt</strong></span> <span class='ocrx_word' id='word_1_455' title='bbox 3325 3061 3418 3130; x_wconf 88' lang='lat' dir='ltr'><strong>qui</strong></span> <span class='ocrx_word' id='word_1_456' title='bbox 3463 3061 3518 3114; x_wconf 87' lang='lat' dir='ltr'><strong>in</strong></span> 
     </span>
    </p>
   </div>
   <div class='ocr_carea' id='block_1_63' title="bbox 259 3153 1838 3226">
    <p class='ocr_par' dir='ltr' id='par_1_63' title="bbox 259 3153 1838 3226">
     <span class='ocr_line' id='line_1_63' title="bbox 259 3153 1838 3226; baseline 0 -18"><span class='ocrx_word' id='word_1_457' title='bbox 259 3155 488 3226; x_wconf 81' lang='grc' dir='ltr'>θρωποι.</span> <span class='ocrx_word' id='word_1_458' title='bbox 525 3153 706 3208; x_wconf 71' lang='grc' dir='ltr'>Ἄλλοι</span> <span class='ocrx_word' id='word_1_459' title='bbox 755 3153 862 3226; x_wconf 75' lang='grc' dir='ltr'><strong>γάρ</strong></span> <span class='ocrx_word' id='word_1_460' title='bbox 895 3155 1030 3208; x_wconf 79' lang='grc' dir='ltr'>εἰσιν</span> <span class='ocrx_word' id='word_1_461' title='bbox 1052 3153 1364 3225; x_wconf 76' lang='grc' dir='ltr'>ἁμαρτωλοὶ</span> <span class='ocrx_word' id='word_1_462' title='bbox 1389 3153 1643 3226; x_wconf 79' lang='grc' dir='ltr'>οὐρανοῦ,</span> <span class='ocrx_word' id='word_1_463' title='bbox 1699 3153 1838 3226; x_wconf 73' lang='grc' dir='ltr'>πρὸς</span> 
     </span>
    </p>
   </div>
   <div class='ocr_carea' id='block_1_64' title="bbox 255 3246 1838 3319">
    <p class='ocr_par' dir='ltr' id='par_1_64' title="bbox 255 3246 1838 3319">
     <span class='ocr_line' id='line_1_64' title="bbox 255 3246 1838 3319; baseline 0.001 -19"><span class='ocrx_word' id='word_1_464' title='bbox 255 3246 352 3312; x_wconf 78' lang='grc' dir='ltr'><strong>οὓς</strong></span> <span class='ocrx_word' id='word_1_465' title='bbox 373 3249 504 3318; x_wconf 77' lang='grc' dir='ltr'>ἡμῖν</span> <span class='ocrx_word' id='word_1_466' title='bbox 533 3249 678 3302; x_wconf 75' lang='grc' dir='ltr'>ἐστιν</span> <span class='ocrx_word' id='word_1_467' title='bbox 697 3249 732 3318; x_wconf 85' lang='grc' dir='ltr'>ή</span> <span class='ocrx_word' id='word_1_468' title='bbox 753 3247 896 3319; x_wconf 81' lang='grc' dir='ltr'>πάλη</span> <span class='ocrx_word' id='word_1_469' title='bbox 927 3265 944 3296; x_wconf 79' lang='grc' dir='ltr'><strong>ι</strong></span> <span class='ocrx_word' id='word_1_470' title='bbox 983 3247 1120 3318; x_wconf 74' lang='grc' dir='ltr'>πρὸς</span> <span class='ocrx_word' id='word_1_471' title='bbox 1140 3246 1210 3300; x_wconf 80' lang='grc' dir='ltr'><strong>τά</strong></span> <span class='ocrx_word' id='word_1_472' title='bbox 1243 3247 1586 3318; x_wconf 78' lang='grc' dir='ltr'>πνευματικὰ</span> <span class='ocrx_word' id='word_1_473' title='bbox 1617 3247 1718 3318; x_wconf 83' lang='grc' dir='ltr'>τῆς</span> <span class='ocrx_word' id='word_1_474' title='bbox 1747 3265 1838 3302; x_wconf 89' lang='grc' dir='ltr'>πο-</span> 
     </span>
    </p>
   </div>
   <div class='ocr_carea' id='block_1_65' title="bbox 253 3339 1836 3413">
    <p class='ocr_par' dir='ltr' id='par_1_65' title="bbox 253 3339 1836 3413">
     <span class='ocr_line' id='line_1_65' title="bbox 253 3339 1836 3413; baseline -0.001 -17"><span class='ocrx_word' id='word_1_475' title='bbox 253 3341 450 3413; x_wconf 87' lang='grc' dir='ltr'>νηρίας</span> <span class='ocrx_word' id='word_1_476' title='bbox 496 3341 555 3394; x_wconf 80' lang='grc' dir='ltr'><strong>έν</strong></span> <span class='ocrx_word' id='word_1_477' title='bbox 601 3343 716 3403; x_wconf 81' lang='grc' dir='ltr'>τοῖς</span> <span class='ocrx_word' id='word_1_478' title='bbox 767 3339 1126 3410; x_wconf 81' lang='grc' dir='ltr'>ἐπουρανίοις.</span> <span class='ocrx_word' id='word_1_479' title='bbox 1195 3359 1212 3390; x_wconf 77' lang='grc' dir='ltr'><strong>ι</strong></span> <span class='ocrx_word' id='word_1_480' title='bbox 1280 3341 1428 3392; x_wconf 82' lang='grc' dir='ltr'>Ἐκεῖ</span> <span class='ocrx_word' id='word_1_481' title='bbox 1471 3339 1578 3412; x_wconf 77' lang='grc' dir='ltr'>γὰρ</span> <span class='ocrx_word' id='word_1_482' title='bbox 1621 3341 1836 3412; x_wconf 81' lang='grc' dir='ltr'>πρῶτον</span> 
     </span>
    </p>
   </div>
   <div class='ocr_carea' id='block_1_66' title="bbox 253 3429 1728 3505">
    <p class='ocr_par' dir='ltr' id='par_1_66' title="bbox 253 3429 1728 3505">
     <span class='ocr_line' id='line_1_66' title="bbox 253 3429 1728 3505; baseline -0.001 -17"><span class='ocrx_word' id='word_1_483' title='bbox 253 3433 611 3505; x_wconf 84' lang='grc' dir='ltr'>ἁμαρτόντες,</span> <span class='ocrx_word' id='word_1_484' title='bbox 647 3429 874 3504; x_wconf 75' lang='grc' dir='ltr'>ὕστερον</span> <span class='ocrx_word' id='word_1_485' title='bbox 905 3431 998 3484; x_wconf 78' lang='grc' dir='ltr'><strong>καὶ</strong></span> <span class='ocrx_word' id='word_1_486' title='bbox 1029 3431 1120 3484; x_wconf 78' lang='grc' dir='ltr'>ἐπὶ</span> <span class='ocrx_word' id='word_1_487' title='bbox 1149 3431 1252 3500; x_wconf 83' lang='grc' dir='ltr'>γῆς</span> <span class='ocrx_word' id='word_1_488' title='bbox 1277 3431 1438 3486; x_wconf 85' lang='grc' dir='ltr'>τοῦτο</span> <span class='ocrx_word' id='word_1_489' title='bbox 1465 3433 1728 3488; x_wconf 83' lang='grc' dir='ltr'>ποιοῦσιν.</span> 
     </span>
    </p>
   </div>
   <div class='ocr_carea' id='block_1_67' title="bbox 329 3523 1830 3595">
    <p class='ocr_par' dir='ltr' id='par_1_67' title="bbox 329 3523 1830 3595">
     <span class='ocr_line' id='line_1_67' title="bbox 329 3523 1830 3595; baseline 0.001 -17"><span class='ocrx_word' id='word_1_490' title='bbox 329 3523 704 3592; x_wconf 72' lang='grc' dir='ltr'>Καθήλωσον</span> <span class='ocrx_word' id='word_1_491' title='bbox 728 3523 796 3576; x_wconf 85' lang='grc' dir='ltr'>ἐκ</span> <span class='ocrx_word' id='word_1_492' title='bbox 817 3523 924 3577; x_wconf 81' lang='grc' dir='ltr'><strong>τοῦ</strong></span> <span class='ocrx_word' id='word_1_493' title='bbox 959 3525 1146 3592; x_wconf 67' lang='grc' dir='ltr'>φόϐου</span> <span class='ocrx_word' id='word_1_494' title='bbox 1169 3537 1286 3577; x_wconf 85' lang='grc' dir='ltr'><strong>σου</strong></span> <span class='ocrx_word' id='word_1_495' title='bbox 1315 3525 1420 3590; x_wconf 80' lang='grc' dir='ltr'>τὰς</span> <span class='ocrx_word' id='word_1_496' title='bbox 1439 3524 1672 3594; x_wconf 81' lang='grc' dir='ltr'>σάρκας</span> <span class='ocrx_word' id='word_1_497' title='bbox 1689 3543 1830 3595; x_wconf 82' lang='grc' dir='ltr'>μου·</span> 
     </span>
    </p>
   </div>
   <div class='ocr_carea' id='block_1_68' title="bbox 255 3613 1834 3686">
    <p class='ocr_par' dir='ltr' id='par_1_68' title="bbox 255 3613 1834 3686">
     <span class='ocr_line' id='line_1_68' title="bbox 255 3613 1834 3686; baseline 0 -14"><span class='ocrx_word' id='word_1_498' title='bbox 255 3617 374 3672; x_wconf 82' lang='grc' dir='ltr'><strong>ἀπὸ</strong></span> <span class='ocrx_word' id='word_1_499' title='bbox 405 3615 514 3686; x_wconf 76' lang='grc' dir='ltr'>γὰρ</span> <span class='ocrx_word' id='word_1_500' title='bbox 553 3613 674 3668; x_wconf 75' lang='grc' dir='ltr'><strong>τῶν</strong></span> <span class='ocrx_word' id='word_1_501' title='bbox 703 3613 998 3684; x_wconf 70' lang='grc' dir='ltr'>χριμάτων</span> <span class='ocrx_word' id='word_1_502' title='bbox 1017 3631 1134 3668; x_wconf 87' lang='grc' dir='ltr'><strong>σου</strong></span> <span class='ocrx_word' id='word_1_503' title='bbox 1161 3615 1484 3684; x_wconf 60' lang='grc' dir='ltr'>ἐφοϐήθην,</span> <span class='ocrx_word' id='word_1_504' title='bbox 1515 3635 1567 3670; x_wconf 93' lang='grc' dir='ltr'><strong>κ.</strong></span> <span class='ocrx_word' id='word_1_505' title='bbox 1603 3635 1652 3670; x_wconf 90' lang='grc' dir='ltr'><strong>τ.</strong></span> <span class='ocrx_word' id='word_1_506' title='bbox 1681 3619 1726 3670; x_wconf 87' lang='grc' dir='ltr'><strong>έ.</strong></span> <span class='ocrx_word' id='word_1_507' title='bbox 1777 3619 1834 3672; x_wconf 85' lang='lat'><strong>&#39;0</strong></span> 
     </span>
    </p>
   </div>
   <div class='ocr_carea' id='block_1_69' title="bbox 255 3705 1832 3782">
    <p class='ocr_par' dir='ltr' id='par_1_69' title="bbox 255 3705 1832 3782">
     <span class='ocr_line' id='line_1_69' title="bbox 255 3705 1832 3782; baseline 0 -16"><span class='ocrx_word' id='word_1_508' title='bbox 255 3709 658 3781; x_wconf 85' lang='grc' dir='ltr'>καθηλούμενος</span> <span class='ocrx_word' id='word_1_509' title='bbox 707 3709 1054 3780; x_wconf 81' lang='grc' dir='ltr'>σταυροῦται.</span> <span class='ocrx_word' id='word_1_510' title='bbox 1093 3709 1250 3780; x_wconf 85' lang='grc' dir='ltr'><strong>Ζητῶ</strong></span> <span class='ocrx_word' id='word_1_511' title='bbox 1305 3705 1398 3764; x_wconf 79' lang='grc' dir='ltr'>οὖν</span> <span class='ocrx_word' id='word_1_512' title='bbox 1445 3711 1536 3762; x_wconf 83' lang='grc' dir='ltr'>τὸν</span> <span class='ocrx_word' id='word_1_513' title='bbox 1581 3712 1832 3782; x_wconf 82' lang='grc' dir='ltr'>σταυρὸν,</span> 
     </span>
    </p>
   </div>
   <div class='ocr_carea' id='block_1_70' title="bbox 253 3801 1830 3873">
    <p class='ocr_par' dir='ltr' id='par_1_70' title="bbox 253 3801 1830 3873">
     <span class='ocr_line' id='line_1_70' title="bbox 253 3801 1830 3873; baseline 0 -17"><span class='ocrx_word' id='word_1_514' title='bbox 253 3805 348 3856; x_wconf 79' lang='grc' dir='ltr'><strong>καὶ</strong></span> <span class='ocrx_word' id='word_1_515' title='bbox 387 3801 534 3873; x_wconf 84' lang='grc' dir='ltr'>ζητῶ</span> <span class='ocrx_word' id='word_1_516' title='bbox 571 3801 780 3872; x_wconf 83' lang='grc' dir='ltr'>μήποτε</span> <span class='ocrx_word' id='word_1_517' title='bbox 803 3801 832 3852; x_wconf 84' lang='grc' dir='ltr'><strong>ό</strong></span> <span class='ocrx_word' id='word_1_518' title='bbox 865 3801 1092 3872; x_wconf 87' lang='grc' dir='ltr'>σταυρός</span> <span class='ocrx_word' id='word_1_519' title='bbox 1119 3804 1262 3854; x_wconf 74' lang='grc' dir='ltr'>ἐστιν</span> <span class='ocrx_word' id='word_1_520' title='bbox 1295 3803 1324 3854; x_wconf 86' lang='grc' dir='ltr'>ὁ</span> <span class='ocrx_word' id='word_1_521' title='bbox 1357 3801 1518 3870; x_wconf 87' lang='grc' dir='ltr'>φόϐος</span> <span class='ocrx_word' id='word_1_522' title='bbox 1557 3802 1649 3856; x_wconf 87' lang='grc' dir='ltr'><strong>τοῦ</strong></span> <span class='ocrx_word' id='word_1_523' title='bbox 1675 3801 1830 3856; x_wconf 84' lang='grc' dir='ltr'>Θεοῦ.</span> 
     </span>
    </p>
   </div>
   <div class='ocr_carea' id='block_1_71' title="bbox 253 3889 1834 3966">
    <p class='ocr_par' dir='ltr' id='par_1_71' title="bbox 253 3889 1834 3966">
     <span class='ocr_line' id='line_1_71' title="bbox 253 3889 1834 3966; baseline -0.001 -16"><span class='ocrx_word' id='word_1_524' title='bbox 253 3895 367 3950; x_wconf 73' lang='grc' dir='ltr'><strong>Καὶ</strong></span> <span class='ocrx_word' id='word_1_525' title='bbox 398 3893 508 3965; x_wconf 79' lang='grc' dir='ltr'><strong>γάρ</strong></span> <span class='ocrx_word' id='word_1_526' title='bbox 531 3889 681 3946; x_wconf 78' lang='grc' dir='ltr'>εἶπεν</span> <span class='ocrx_word' id='word_1_527' title='bbox 719 3895 748 3946; x_wconf 85' lang='grc' dir='ltr'><strong>ό</strong></span> <span class='ocrx_word' id='word_1_528' title='bbox 779 3893 984 3964; x_wconf 81' lang='grc' dir='ltr'>Σωτήρ·</span> <span class='ocrx_word' id='word_1_529' title='bbox 1015 3911 1034 3942; x_wconf 70' lang='grc' dir='ltr'><strong>ε</strong></span> <span class='ocrx_word' id='word_1_530' title='bbox 1081 3894 1174 3956; x_wconf 92' lang='grc' dir='ltr'><strong>Ὃς</strong></span> <span class='ocrx_word' id='word_1_531' title='bbox 1195 3894 1288 3948; x_wconf 78' lang='grc' dir='ltr'><strong>ἐὰν</strong></span> <span class='ocrx_word' id='word_1_532' title='bbox 1325 3894 1398 3966; x_wconf 86' lang='grc' dir='ltr'><strong>μὴ</strong></span> <span class='ocrx_word' id='word_1_533' title='bbox 1427 3895 1534 3966; x_wconf 79' lang='grc' dir='ltr'><strong>ἄρῃ</strong></span> <span class='ocrx_word' id='word_1_534' title='bbox 1559 3895 1650 3948; x_wconf 84' lang='grc' dir='ltr'><strong>τὸν</strong></span> <span class='ocrx_word' id='word_1_535' title='bbox 1683 3913 1834 3948; x_wconf 82' lang='grc' dir='ltr'>σταυ-</span> 
     </span>
    </p>
   </div>
   <div class='ocr_carea' id='block_1_72' title="bbox 259 3985 1826 4062">
    <p class='ocr_par' dir='ltr' id='par_1_72' title="bbox 259 3985 1826 4062">
     <span class='ocr_line' id='line_1_72' title="bbox 259 3985 1826 4062; baseline -0.001 -20"><span class='ocrx_word' id='word_1_536' title='bbox 259 3989 352 4062; x_wconf 74' lang='grc' dir='ltr'>ρὸν</span> <span class='ocrx_word' id='word_1_537' title='bbox 379 3987 568 4052; x_wconf 81' lang='grc' dir='ltr'>αὐτοῦ,</span> <span class='ocrx_word' id='word_1_538' title='bbox 588 3987 680 4042; x_wconf 73' lang='grc' dir='ltr'><strong>καὶ</strong></span> <span class='ocrx_word' id='word_1_539' title='bbox 709 3985 1048 4058; x_wconf 78' lang='grc' dir='ltr'>ἀκολουθήσῃ</span> <span class='ocrx_word' id='word_1_540' title='bbox 1071 4003 1180 4058; x_wconf 90' lang='grc' dir='ltr'>μοι,</span> <span class='ocrx_word' id='word_1_541' title='bbox 1215 3987 1314 4040; x_wconf 82' lang='grc' dir='ltr'><strong>οὐκ</strong></span> <span class='ocrx_word' id='word_1_542' title='bbox 1341 3986 1454 4040; x_wconf 79' lang='grc' dir='ltr'>ἔστι</span> <span class='ocrx_word' id='word_1_543' title='bbox 1480 4005 1578 4058; x_wconf 86' lang='grc' dir='ltr'><strong>μου</strong></span> <span class='ocrx_word' id='word_1_544' title='bbox 1601 3987 1766 4052; x_wconf 78' lang='grc' dir='ltr'>ἄξιος.</span> <span class='ocrx_word' id='word_1_545' title='bbox 1809 4009 1826 4040; x_wconf 78' lang='grc' dir='ltr'><strong>ι</strong></span> 
     </span>
    </p>
   </div>
   <div class='ocr_carea' id='block_1_73' title="bbox 255 4077 1828 4150">
    <p class='ocr_par' dir='ltr' id='par_1_73' title="bbox 255 4077 1828 4150">
     <span class='ocr_line' id='line_1_73' title="bbox 255 4077 1828 4150; baseline -0.001 -16"><span class='ocrx_word' id='word_1_546' title='bbox 255 4079 524 4144; x_wconf 81' lang='grc' dir='ltr'>Πολλάκις</span> <span class='ocrx_word' id='word_1_547' title='bbox 554 4079 611 4134; x_wconf 81' lang='grc' dir='ltr'><strong>δὲ</strong></span> <span class='ocrx_word' id='word_1_548' title='bbox 637 4077 1048 4150; x_wconf 83' lang='grc' dir='ltr'>διεστειλάμεθα</span> <span class='ocrx_word' id='word_1_549' title='bbox 1091 4079 1220 4150; x_wconf 80' lang='grc' dir='ltr'>περὶ</span> <span class='ocrx_word' id='word_1_550' title='bbox 1259 4079 1426 4148; x_wconf 84' lang='grc' dir='ltr'>φόϐου</span> <span class='ocrx_word' id='word_1_551' title='bbox 1461 4079 1554 4132; x_wconf 71' lang='grc' dir='ltr'><strong>καὶ</strong></span> <span class='ocrx_word' id='word_1_552' title='bbox 1589 4079 1828 4150; x_wconf 82' lang='grc' dir='ltr'>ἀγάπης·</span> 
     </span>
    </p>
   </div>
   <div class='ocr_carea' id='block_1_74' title="bbox 257 4169 1832 4244">
    <p class='ocr_par' dir='ltr' id='par_1_74' title="bbox 257 4169 1832 4244">
     <span class='ocr_line' id='line_1_74' title="bbox 257 4169 1832 4244; baseline -0.002 -17"><span class='ocrx_word' id='word_1_553' title='bbox 257 4171 350 4228; x_wconf 80' lang='grc' dir='ltr'>καὶ</span> <span class='ocrx_word' id='word_1_554' title='bbox 377 4171 706 4242; x_wconf 87' lang='grc' dir='ltr'>τελειότερον</span> <span class='ocrx_word' id='word_1_555' title='bbox 735 4172 1034 4242; x_wconf 84' lang='grc' dir='ltr'>εἰρήκαμεν</span> <span class='ocrx_word' id='word_1_556' title='bbox 1063 4169 1152 4224; x_wconf 82' lang='grc' dir='ltr'>τὸν</span> <span class='ocrx_word' id='word_1_557' title='bbox 1183 4170 1482 4241; x_wconf 81' lang='grc' dir='ltr'>ἀγαπῶντα</span> <span class='ocrx_word' id='word_1_558' title='bbox 1507 4171 1602 4226; x_wconf 86' lang='grc' dir='ltr'><strong>τοῦ</strong></span> <span class='ocrx_word' id='word_1_559' title='bbox 1635 4173 1832 4244; x_wconf 82' lang='grc' dir='ltr'>φοϐου-</span> 
     </span>
    </p>
   </div>
   <div class='ocr_carea' id='block_1_75' title="bbox 259 4255 1834 4339">
    <p class='ocr_par' dir='ltr' id='par_1_75' title="bbox 259 4255 1834 4339">
     <span class='ocr_line' id='line_1_75' title="bbox 259 4255 1834 4339; baseline 0 -19"><span class='ocrx_word' id='word_1_560' title='bbox 259 4267 448 4339; x_wconf 83' lang='grc' dir='ltr'>μένου,</span> <span class='ocrx_word' id='word_1_561' title='bbox 485 4266 578 4318; x_wconf 71' lang='grc' dir='ltr'><strong>καὶ</strong></span> <span class='ocrx_word' id='word_1_562' title='bbox 618 4265 914 4332; x_wconf 80' lang='grc' dir='ltr'>ἀναγκαῖον</span> <span class='ocrx_word' id='word_1_563' title='bbox 943 4259 1080 4317; x_wconf 76' lang='grc' dir='ltr'>εἶναι</span> <span class='ocrx_word' id='word_1_564' title='bbox 1111 4263 1204 4318; x_wconf 76' lang='grc' dir='ltr'>τὸν</span> <span class='ocrx_word' id='word_1_565' title='bbox 1235 4255 1398 4332; x_wconf 72' lang='grc' dir='ltr'>φόϐον</span> <span class='ocrx_word' id='word_1_566' title='bbox 1439 4265 1573 4336; x_wconf 84' lang='grc' dir='ltr'>πρὸς</span> <span class='ocrx_word' id='word_1_567' title='bbox 1603 4267 1834 4336; x_wconf 64' lang='grc' dir='ltr'>εἰσάγων</span> 
     </span>
    </p>
   </div>
   <div class='ocr_carea' id='block_1_76' title="bbox 255 4357 1832 4433">
    <p class='ocr_par' dir='ltr' id='par_1_76' title="bbox 255 4357 1832 4433">
     <span class='ocr_line' id='line_1_76' title="bbox 255 4357 1832 4433; baseline -0.001 -19"><span class='ocrx_word' id='word_1_568' title='bbox 255 4363 378 4433; x_wconf 73' lang='grc' dir='ltr'>γῆν.</span> <span class='ocrx_word' id='word_1_569' title='bbox 399 4361 570 4414; x_wconf 87' lang='grc' dir='ltr'>Ὅπου</span> <span class='ocrx_word' id='word_1_570' title='bbox 591 4357 646 4412; x_wconf 80' lang='grc' dir='ltr'><strong>δὲ</strong></span> <span class='ocrx_word' id='word_1_571' title='bbox 673 4357 886 4430; x_wconf 73' lang='grc' dir='ltr'>εἰσέλθῃ</span> <span class='ocrx_word' id='word_1_572' title='bbox 917 4375 934 4408; x_wconf 80' lang='grc' dir='ltr'><strong>ι</strong></span> <span class='ocrx_word' id='word_1_573' title='bbox 965 4359 1144 4412; x_wconf 83' lang='grc' dir='ltr'>τελεία</span> <span class='ocrx_word' id='word_1_574' title='bbox 1175 4359 1388 4428; x_wconf 82' lang='grc' dir='ltr'>ἀγάπη,</span> <span class='ocrx_word' id='word_1_575' title='bbox 1411 4357 1514 4424; x_wconf 82' lang='grc' dir='ltr'>ἔξω</span> <span class='ocrx_word' id='word_1_576' title='bbox 1541 4358 1722 4428; x_wconf 80' lang='grc' dir='ltr'>βάλλει</span> <span class='ocrx_word' id='word_1_577' title='bbox 1743 4361 1832 4412; x_wconf 77' lang='grc' dir='ltr'><strong>τὸν</strong></span> 
     </span>
    </p>
   </div>
   <div class='ocr_carea' id='block_1_77' title="bbox 1947 3153 3515 3228">
    <p class='ocr_par' dir='ltr' id='par_1_77' title="bbox 1947 3153 3515 3228">
     <span class='ocr_line' id='line_1_77' title="bbox 1947 3153 3515 3228; baseline -0.003 -16"><span class='ocrx_word' id='word_1_578' title='bbox 1947 3166 2088 3212; x_wconf 89' lang='lat' dir='ltr'><strong>terra</strong></span> <span class='ocrx_word' id='word_1_579' title='bbox 2121 3167 2364 3228; x_wconf 87' lang='lat' dir='ltr'><strong>peccant.</strong></span> <span class='ocrx_word' id='word_1_580' title='bbox 2413 3157 2522 3212; x_wconf 79' lang='lat' dir='ltr'><strong>Alii</strong></span> <span class='ocrx_word' id='word_1_581' title='bbox 2571 3157 2714 3212; x_wconf 89' lang='lat' dir='ltr'><strong>enim</strong></span> <span class='ocrx_word' id='word_1_582' title='bbox 2747 3165 2872 3210; x_wconf 88' lang='lat' dir='ltr'><strong>sunt</strong></span> <span class='ocrx_word' id='word_1_583' title='bbox 2913 3165 3224 3224; x_wconf 88' lang='lat' dir='ltr'><strong>peccatores</strong></span> <span class='ocrx_word' id='word_1_584' title='bbox 3247 3153 3392 3220; x_wconf 75' lang='lat' dir='ltr'><strong>cmli,</strong></span> <span class='ocrx_word' id='word_1_585' title='bbox 3417 3165 3515 3208; x_wconf 83' lang='lat' dir='ltr'><strong>att-</strong></span> 
     </span>
    </p>
   </div>
   <div class='ocr_carea' id='block_1_78' title="bbox 1943 3246 3512 3320">
    <p class='ocr_par' dir='ltr' id='par_1_78' title="bbox 1943 3246 3512 3320">
     <span class='ocr_line' id='line_1_78' title="bbox 1943 3246 3512 3320; baseline -0.003 -16"><span class='ocrx_word' id='word_1_586' title='bbox 1943 3265 2132 3306; x_wconf 85' lang='lat' dir='ltr'><strong>versus</strong></span> <span class='ocrx_word' id='word_1_587' title='bbox 2155 3265 2294 3320; x_wconf 87' lang='lat' dir='ltr'><strong>quos</strong></span> <span class='ocrx_word' id='word_1_588' title='bbox 2320 3250 2476 3304; x_wconf 89' lang='lat' dir='ltr'><strong>nobis</strong></span> <span class='ocrx_word' id='word_1_589' title='bbox 2513 3259 2598 3306; x_wconf 87' lang='lat' dir='ltr'><strong>est</strong></span> <span class='ocrx_word' id='word_1_590' title='bbox 2625 3247 2938 3304; x_wconf 80' lang='lat' dir='ltr'><strong>colluctatio</strong></span> <span class='ocrx_word' id='word_1_591' title='bbox 2979 3265 2996 3298; x_wconf 75' lang='grc' dir='ltr'><strong>ι</strong></span> <span class='ocrx_word' id='word_1_592' title='bbox 3021 3255 3206 3302; x_wconf 87' lang='lat' dir='ltr'><strong>contra</strong></span> <span class='ocrx_word' id='word_1_593' title='bbox 3249 3246 3512 3316; x_wconf 84' lang='lat' dir='ltr'><strong>spiritaiia</strong></span> 
     </span>
    </p>
   </div>
   <div class='ocr_carea' id='block_1_79' title="bbox 1943 3337 3518 3412">
    <p class='ocr_par' dir='ltr' id='par_1_79' title="bbox 1943 3337 3518 3412">
     <span class='ocr_line' id='line_1_79' title="bbox 1943 3337 3518 3412; baseline -0.003 -16"><span class='ocrx_word' id='word_1_594' title='bbox 1943 3343 2200 3412; x_wconf 70' lang='lat' dir='ltr'><strong>nequitim</strong></span> <span class='ocrx_word' id='word_1_595' title='bbox 2231 3343 2286 3396; x_wconf 91' lang='lat' dir='ltr'><strong>in</strong></span> <span class='ocrx_word' id='word_1_596' title='bbox 2311 3341 2624 3396; x_wconf 74' lang='lat' dir='ltr'><strong>cmlestibus</strong></span> <span class='ocrx_word' id='word_1_597' title='bbox 2651 3339 2718 3394; x_wconf 79' lang='grc'><strong>³³.</strong></span> <span class='ocrx_word' id='word_1_598' title='bbox 2753 3357 2772 3392; x_wconf 74' lang='grc' dir='ltr'><strong>ι</strong></span> <span class='ocrx_word' id='word_1_599' title='bbox 2805 3339 2940 3394; x_wconf 79' lang='lat' dir='ltr'><strong>Cum</strong></span> <span class='ocrx_word' id='word_1_600' title='bbox 2965 3339 3108 3394; x_wconf 87' lang='lat' dir='ltr'><strong>enim</strong></span> <span class='ocrx_word' id='word_1_601' title='bbox 3139 3339 3374 3408; x_wconf 88' lang='lat' dir='ltr'><strong>primum</strong></span> <span class='ocrx_word' id='word_1_602' title='bbox 3407 3337 3518 3394; x_wconf 88' lang='lat' dir='ltr'><strong>illic</strong></span> 
     </span>
    </p>
   </div>
   <div class='ocr_carea' id='block_1_80' title="bbox 1941 3429 3510 3506">
    <p class='ocr_par' dir='ltr' id='par_1_80' title="bbox 1941 3429 3510 3506">
     <span class='ocr_line' id='line_1_80' title="bbox 1941 3429 3510 3506; baseline -0.004 -15"><span class='ocrx_word' id='word_1_603' title='bbox 1941 3435 2308 3506; x_wconf 85' lang='lat' dir='ltr'><strong>peccaverint,</strong></span> <span class='ocrx_word' id='word_1_604' title='bbox 2341 3433 2683 3503; x_wconf 88' lang='lat' dir='ltr'><strong>postmodum</strong></span> <span class='ocrx_word' id='word_1_605' title='bbox 2715 3433 2880 3486; x_wconf 88' lang='lat' dir='ltr'><strong>etiam</strong></span> <span class='ocrx_word' id='word_1_606' title='bbox 2907 3431 2958 3484; x_wconf 88' lang='lat' dir='ltr'><strong>in</strong></span> <span class='ocrx_word' id='word_1_607' title='bbox 2991 3439 3134 3484; x_wconf 88' lang='lat' dir='ltr'><strong>terra</strong></span> <span class='ocrx_word' id='word_1_608' title='bbox 3157 3431 3260 3486; x_wconf 90' lang='lat' dir='ltr'><strong>hoc</strong></span> <span class='ocrx_word' id='word_1_609' title='bbox 3283 3429 3510 3484; x_wconf 86' lang='lat' dir='ltr'><strong>faciunt.</strong></span> 
     </span>
    </p>
   </div>
   <div class='ocr_carea' id='block_1_81' title="bbox 2009 3523 3512 3598">
    <p class='ocr_par' dir='ltr' id='par_1_81' title="bbox 2009 3523 3512 3598">
     <span class='ocr_line' id='line_1_81' title="bbox 2009 3523 3512 3598; baseline -0.009 -14"><span class='ocrx_word' id='word_1_610' title='bbox 2009 3527 2172 3598; x_wconf 74' lang='lat'><strong>811</strong></span> <span class='ocrx_word' id='word_1_611' title='bbox 2207 3525 2370 3582; x_wconf 70' lang='lat' dir='ltr'><strong>Vens.</strong></span> <span class='ocrx_word' id='word_1_612' title='bbox 2413 3523 2534 3580; x_wconf 73' lang='grc'><strong>120.</strong></span> <span class='ocrx_word' id='word_1_613' title='bbox 2569 3523 2784 3594; x_wconf 79' lang='lat' dir='ltr'><strong>Conﬁge</strong></span> <span class='ocrx_word' id='word_1_614' title='bbox 2813 3523 2998 3576; x_wconf 81' lang='lat' dir='ltr'><strong>timore</strong></span> <span class='ocrx_word' id='word_1_615' title='bbox 3022 3531 3112 3576; x_wconf 86' lang='lat' dir='ltr'><strong>tuo</strong></span> <span class='ocrx_word' id='word_1_616' title='bbox 3149 3537 3328 3576; x_wconf 75' lang='lat' dir='ltr'><strong>carnes</strong></span> <span class='ocrx_word' id='word_1_617' title='bbox 3349 3535 3512 3574; x_wconf 80' lang='lat' dir='ltr'><strong>utens:</strong></span> 
     </span>
    </p>
   </div>
   <div class='ocr_carea' id='block_1_82' title="bbox 1941 3611 3510 3692">
    <p class='ocr_par' dir='ltr' id='par_1_82' title="bbox 1941 3611 3510 3692">
     <span class='ocr_line' id='line_1_82' title="bbox 1941 3611 3510 3692; baseline -0.006 -16"><span class='ocrx_word' id='word_1_618' title='bbox 1941 3638 1972 3676; x_wconf 80' lang='grc' dir='ltr'><strong>α</strong></span> <span class='ocrx_word' id='word_1_619' title='bbox 1991 3621 2210 3692; x_wconf 76' lang='lat' dir='ltr'><strong>judiciis</strong></span> <span class='ocrx_word' id='word_1_620' title='bbox 2233 3619 2368 3672; x_wconf 84' lang='lat' dir='ltr'><strong>enim</strong></span> <span class='ocrx_word' id='word_1_621' title='bbox 2397 3617 2500 3672; x_wconf 81' lang='lat' dir='ltr'><strong>tuis</strong></span> <span class='ocrx_word' id='word_1_622' title='bbox 2525 3617 2696 3682; x_wconf 85' lang='lat' dir='ltr'><strong>timui,</strong></span> <span class='ocrx_word' id='word_1_623' title='bbox 2727 3625 2834 3670; x_wconf 89' lang='lat' dir='ltr'><strong>etc.</strong></span> <span class='ocrx_word' id='word_1_624' title='bbox 2859 3613 2960 3680; x_wconf 84' lang='lat' dir='ltr'><strong>Qui</strong></span> <span class='ocrx_word' id='word_1_625' title='bbox 2993 3613 3159 3668; x_wconf 82' lang='lat' dir='ltr'><strong>clavis</strong></span> <span class='ocrx_word' id='word_1_626' title='bbox 3185 3611 3374 3668; x_wconf 62' lang='lat' dir='ltr'><strong>aditus</strong></span> <span class='ocrx_word' id='word_1_627' title='bbox 3405 3625 3510 3676; x_wconf 90' lang='lat' dir='ltr'><strong>est,</strong></span> 
     </span>
    </p>
   </div>
   <div class='ocr_carea' id='block_1_83' title="bbox 1939 3709 3510 3782">
    <p class='ocr_par' dir='ltr' id='par_1_83' title="bbox 1939 3709 3510 3782">
     <span class='ocr_line' id='line_1_83' title="bbox 1939 3709 3510 3782; baseline -0.007 -15"><span class='ocrx_word' id='word_1_628' title='bbox 1939 3711 2298 3782; x_wconf 80' lang='lat' dir='ltr'><strong>cruciﬁgitur.</strong></span> <span class='ocrx_word' id='word_1_629' title='bbox 2357 3709 2554 3776; x_wconf 77' lang='lat' dir='ltr'><strong>Qumro</strong></span> <span class='ocrx_word' id='word_1_630' title='bbox 2587 3709 2754 3780; x_wconf 79' lang='lat' dir='ltr'><strong>igitur</strong></span> <span class='ocrx_word' id='word_1_631' title='bbox 2803 3723 3044 3774; x_wconf 85' lang='lat' dir='ltr'><strong>crucem,</strong></span> <span class='ocrx_word' id='word_1_632' title='bbox 3081 3713 3136 3762; x_wconf 86' lang='lat' dir='ltr'><strong>et.</strong></span> <span class='ocrx_word' id='word_1_633' title='bbox 3169 3721 3352 3774; x_wconf 69' lang='lat' dir='ltr'><strong>quaero</strong></span> <span class='ocrx_word' id='word_1_634' title='bbox 3383 3721 3510 3760; x_wconf 82' lang='lat' dir='ltr'><strong>nunt</strong></span> 
     </span>
    </p>
   </div>
   <div class='ocr_carea' id='block_1_84' title="bbox 1941 3797 3509 3860">
    <p class='ocr_par' dir='ltr' id='par_1_84' title="bbox 1941 3797 3509 3860">
     <span class='ocr_line' id='line_1_84' title="bbox 1941 3797 3509 3860; baseline -0.005 -2"><span class='ocrx_word' id='word_1_635' title='bbox 1941 3803 2084 3860; x_wconf 85' lang='lat' dir='ltr'><strong>forte</strong></span> <span class='ocrx_word' id='word_1_636' title='bbox 2109 3819 2244 3858; x_wconf 82' lang='lat' dir='ltr'><strong>crux</strong></span> <span class='ocrx_word' id='word_1_637' title='bbox 2279 3801 2351 3856; x_wconf 88' lang='lat' dir='ltr'><strong>sit</strong></span> <span class='ocrx_word' id='word_1_638' title='bbox 2403 3803 2562 3856; x_wconf 86' lang='lat' dir='ltr'><strong>timor</strong></span> <span class='ocrx_word' id='word_1_639' title='bbox 2616 3801 2732 3856; x_wconf 90' lang='lat' dir='ltr'><strong>Dei.</strong></span> <span class='ocrx_word' id='word_1_640' title='bbox 2767 3801 2980 3854; x_wconf 86' lang='lat' dir='ltr'><strong>Etenim</strong></span> <span class='ocrx_word' id='word_1_641' title='bbox 3033 3798 3284 3854; x_wconf 78' lang='lat' dir='ltr'><strong>Salvator</strong></span> <span class='ocrx_word' id='word_1_642' title='bbox 3327 3797 3509 3852; x_wconf 81' lang='lat' dir='ltr'><strong>dixit:</strong></span> 
     </span>
    </p>
   </div>
   <div class='ocr_carea' id='block_1_85' title="bbox 1947 3890 3510 3964">
    <p class='ocr_par' dir='ltr' id='par_1_85' title="bbox 1947 3890 3510 3964">
     <span class='ocr_line' id='line_1_85' title="bbox 1947 3890 3510 3964; baseline -0.001 -16"><span class='ocrx_word' id='word_1_643' title='bbox 1947 3915 1964 3948; x_wconf 76' lang='grc' dir='ltr'><strong>ι</strong></span> <span class='ocrx_word' id='word_1_644' title='bbox 1995 3895 2098 3964; x_wconf 81' lang='lat' dir='ltr'><strong>Qui</strong></span> <span class='ocrx_word' id='word_1_645' title='bbox 2127 3909 2232 3950; x_wconf 90' lang='lat' dir='ltr'><strong>non</strong></span> <span class='ocrx_word' id='word_1_646' title='bbox 2281 3893 2480 3962; x_wconf 83' lang='lat' dir='ltr'><strong>accipit</strong></span> <span class='ocrx_word' id='word_1_647' title='bbox 2514 3909 2730 3950; x_wconf 85' lang='lat' dir='ltr'><strong>crucem</strong></span> <span class='ocrx_word' id='word_1_648' title='bbox 2757 3909 2910 3948; x_wconf 86' lang='lat' dir='ltr'><strong>suam</strong></span> <span class='ocrx_word' id='word_1_649' title='bbox 2931 3931 2946 3958; x_wconf 93' lang='lat'><strong>,</strong></span> <span class='ocrx_word' id='word_1_650' title='bbox 2997 3901 3052 3946; x_wconf 88' lang='lat' dir='ltr'><strong>et</strong></span> <span class='ocrx_word' id='word_1_651' title='bbox 3103 3890 3350 3960; x_wconf 86' lang='lat' dir='ltr'><strong>sequitur</strong></span> <span class='ocrx_word' id='word_1_652' title='bbox 3403 3903 3510 3946; x_wconf 85' lang='lat' dir='ltr'><strong>me.</strong></span> 
     </span>
    </p>
   </div>
   <div class='ocr_carea' id='block_1_86' title="bbox 1943 3985 3510 4056">
    <p class='ocr_par' dir='ltr' id='par_1_86' title="bbox 1943 3985 3510 4056">
     <span class='ocr_line' id='line_1_86' title="bbox 1943 3985 3510 4056; baseline -0.005 -12"><span class='ocrx_word' id='word_1_653' title='bbox 1943 4005 2050 4044; x_wconf 88' lang='lat' dir='ltr'><strong>non</strong></span> <span class='ocrx_word' id='word_1_654' title='bbox 2083 3997 2166 4046; x_wconf 85' lang='lat' dir='ltr'><strong>est</strong></span> <span class='ocrx_word' id='word_1_655' title='bbox 2193 4003 2278 4042; x_wconf 84' lang='lat' dir='ltr'><strong>me</strong></span> <span class='ocrx_word' id='word_1_656' title='bbox 2325 3986 2520 4056; x_wconf 80' lang='lat' dir='ltr'><strong>dignus</strong></span> <span class='ocrx_word' id='word_1_657' title='bbox 2563 3986 2630 4040; x_wconf 83' lang='grc'><strong>³³.</strong></span> <span class='ocrx_word' id='word_1_658' title='bbox 2657 4007 2678 4038; x_wconf 64' lang='grc' dir='ltr'><strong><em>μ</em></strong></span> <span class='ocrx_word' id='word_1_659' title='bbox 2737 3985 3124 4056; x_wconf 62' lang='lat' dir='ltr'><strong>Saepenumero</strong></span> <span class='ocrx_word' id='word_1_660' title='bbox 3177 3985 3427 4040; x_wconf 85' lang='lat' dir='ltr'><strong>timorem</strong></span> <span class='ocrx_word' id='word_1_661' title='bbox 3479 3997 3510 4036; x_wconf 87' lang='lat' dir='ltr'><strong>a</strong></span> 
     </span>
    </p>
   </div>
   <div class='ocr_carea' id='block_1_87' title="bbox 1941 4073 3514 4146">
    <p class='ocr_par' dir='ltr' id='par_1_87' title="bbox 1941 4073 3514 4146">
     <span class='ocr_line' id='line_1_87' title="bbox 1941 4073 3514 4146; baseline -0.002 -16"><span class='ocrx_word' id='word_1_662' title='bbox 1941 4075 2228 4130; x_wconf 81' lang='lat' dir='ltr'><strong>dilectione</strong></span> <span class='ocrx_word' id='word_1_663' title='bbox 2253 4075 2602 4132; x_wconf 79' lang='lat' dir='ltr'><strong>distinximus</strong></span> <span class='ocrx_word' id='word_1_664' title='bbox 2623 4117 2640 4142; x_wconf 96' lang='lat'><strong>,</strong></span> <span class='ocrx_word' id='word_1_665' title='bbox 2685 4075 3110 4146; x_wconf 80' lang='lat' dir='ltr'><strong>diligentemque</strong></span> <span class='ocrx_word' id='word_1_666' title='bbox 3137 4073 3360 4128; x_wconf 88' lang='lat' dir='ltr'><strong>timente</strong></span> <span class='ocrx_word' id='word_1_667' title='bbox 3391 4087 3514 4144; x_wconf 86' lang='lat' dir='ltr'><strong>per—</strong></span> 
     </span>
    </p>
   </div>
   <div class='ocr_carea' id='block_1_88' title="bbox 1941 4165 3510 4230">
    <p class='ocr_par' dir='ltr' id='par_1_88' title="bbox 1941 4165 3510 4230">
     <span class='ocr_line' id='line_1_88' title="bbox 1941 4165 3510 4230; baseline -0.004 -9"><span class='ocrx_word' id='word_1_668' title='bbox 1941 4167 2220 4222; x_wconf 76' lang='lat' dir='ltr'><strong>fectiot‘etn</strong></span> <span class='ocrx_word' id='word_1_669' title='bbox 2255 4181 2376 4222; x_wconf 88' lang='lat' dir='ltr'><strong>esse</strong></span> <span class='ocrx_word' id='word_1_670' title='bbox 2405 4167 2670 4230; x_wconf 77' lang='lat' dir='ltr'><strong>diximus,</strong></span> <span class='ocrx_word' id='word_1_671' title='bbox 2701 4175 2754 4222; x_wconf 87' lang='lat' dir='ltr'><strong>et</strong></span> <span class='ocrx_word' id='word_1_672' title='bbox 2793 4168 3166 4224; x_wconf 85' lang='lat' dir='ltr'><strong>necessarium</strong></span> <span class='ocrx_word' id='word_1_673' title='bbox 3197 4180 3317 4218; x_wconf 81' lang='lat' dir='ltr'><strong>esse</strong></span> <span class='ocrx_word' id='word_1_674' title='bbox 3353 4165 3510 4218; x_wconf 81' lang='lat' dir='ltr'><strong>timo-</strong></span> 
     </span>
    </p>
   </div>
   <div class='ocr_carea' id='block_1_89' title="bbox 1943 4253 3510 4334">
    <p class='ocr_par' dir='ltr' id='par_1_89' title="bbox 1943 4253 3510 4334">
     <span class='ocr_line' id='line_1_89' title="bbox 1943 4253 3510 4334; baseline -0.005 -20"><span class='ocrx_word' id='word_1_675' title='bbox 1943 4275 2056 4314; x_wconf 86' lang='lat' dir='ltr'><strong>rem</strong></span> <span class='ocrx_word' id='word_1_676' title='bbox 2090 4275 2190 4328; x_wconf 89' lang='lat' dir='ltr'><strong>pro</strong></span> <span class='ocrx_word' id='word_1_677' title='bbox 2222 4259 2648 4334; x_wconf 85' lang='lat' dir='ltr'><strong>introductioue.</strong></span> <span class='ocrx_word' id='word_1_678' title='bbox 2701 4257 2802 4314; x_wconf 85' lang='lat' dir='ltr'><strong>Ubi</strong></span> <span class='ocrx_word' id='word_1_679' title='bbox 2833 4269 3012 4312; x_wconf 88' lang='lat' dir='ltr'><strong>autem</strong></span> <span class='ocrx_word' id='word_1_680' title='bbox 3061 4257 3302 4324; x_wconf 80' lang='lat' dir='ltr'><strong>ingressa</strong></span> <span class='ocrx_word' id='word_1_681' title='bbox 3347 4253 3510 4308; x_wconf 89' lang='lat' dir='ltr'><strong>fuerit</strong></span> 
     </span>
    </p>
   </div>
   <div class='ocr_carea' id='block_1_90' title="bbox 1947 4341 3512 4420">
    <p class='ocr_par' dir='ltr' id='par_1_90' title="bbox 1947 4341 3512 4420">
     <span class='ocr_line' id='line_1_90' title="bbox 1947 4341 3512 4420; baseline -0.003 -18"><span class='ocrx_word' id='word_1_682' title='bbox 1947 4349 2232 4420; x_wconf 72' lang='lat' dir='ltr'><strong>«perfecta</strong></span> <span class='ocrx_word' id='word_1_683' title='bbox 2262 4349 2528 4412; x_wconf 84' lang='lat' dir='ltr'><strong>charitas,</strong></span> <span class='ocrx_word' id='word_1_684' title='bbox 2570 4349 2713 4402; x_wconf 88' lang='lat' dir='ltr'><strong>foras</strong></span> <span class='ocrx_word' id='word_1_685' title='bbox 2737 4347 2902 4400; x_wconf 90' lang='lat' dir='ltr'><strong>mittit</strong></span> <span class='ocrx_word' id='word_1_686' title='bbox 2937 4345 3184 4398; x_wconf 84' lang='lat' dir='ltr'><strong>timorem</strong></span> <span class='ocrx_word' id='word_1_687' title='bbox 3220 4343 3286 4396; x_wconf 71' lang='lat'><strong>“.</strong></span> <span class='ocrx_word' id='word_1_688' title='bbox 3315 4361 3334 4394; x_wconf 81' lang='grc'><strong><em>›</em></strong></span> <span class='ocrx_word' id='word_1_689' title='bbox 3365 4341 3512 4412; x_wconf 85' lang='lat' dir='ltr'><strong>Quo-</strong></span> 
     </span>
    </p>
   </div>
   <div class='ocr_carea' id='block_1_91' title="bbox 257 4433 1836 4523">
    <p class='ocr_par' dir='ltr' id='par_1_91' title="bbox 257 4451 1832 4523">
     <span class='ocr_line' id='line_1_91' title="bbox 257 4451 1832 4523; baseline -0.001 -17"><span class='ocrx_word' id='word_1_690' title='bbox 257 4453 440 4523; x_wconf 75' lang='grc' dir='ltr'>φόϐον.</span> <span class='ocrx_word' id='word_1_691' title='bbox 491 4469 510 4504; x_wconf 73' lang='grc' dir='ltr'><strong>ι</strong></span> <span class='ocrx_word' id='word_1_692' title='bbox 560 4451 712 4504; x_wconf 72' lang='grc' dir='ltr'>Ἐπεὶ</span> <span class='ocrx_word' id='word_1_693' title='bbox 751 4451 928 4504; x_wconf 85' lang='grc' dir='ltr'>τοίνυν</span> <span class='ocrx_word' id='word_1_694' title='bbox 967 4451 1278 4522; x_wconf 83' lang='grc' dir='ltr'>εὑρίσκεται</span> <span class='ocrx_word' id='word_1_695' title='bbox 1319 4451 1722 4522; x_wconf 82' lang='grc' dir='ltr'>καθηλούμενος</span> <span class='ocrx_word' id='word_1_696' title='bbox 1769 4453 1832 4504; x_wconf 79' lang='grc' dir='ltr'>ἐκ</span> 
     </span>
    </p>
   </div>
   <div class='ocr_carea' id='block_1_92' title="bbox 1952 4433 3508 4523">
    <p class='ocr_par' dir='ltr' id='par_1_92' title="bbox 1952 4433 3508 4510">
     <span class='ocr_line' id='line_1_92' title="bbox 1952 4433 3508 4510; baseline -0.003 -17"><span class='ocrx_word' id='word_1_697' title='bbox 1952 4443 2086 4494; x_wconf 76' lang='grc' dir='ltr'>,ιίιιιιι</span> <span class='ocrx_word' id='word_1_698' title='bbox 2125 4441 2286 4510; x_wconf 77' lang='lat' dir='ltr'><strong>igitur</strong></span> <span class='ocrx_word' id='word_1_699' title='bbox 2311 4439 2494 4507; x_wconf 84' lang='lat' dir='ltr'><strong>justus</strong></span> <span class='ocrx_word' id='word_1_700' title='bbox 2527 4439 2724 4492; x_wconf 87' lang='lat' dir='ltr'><strong>timore</strong></span> <span class='ocrx_word' id='word_1_701' title='bbox 2753 4453 2782 4490; x_wconf 86' lang='lat' dir='ltr'><strong>a</strong></span> <span class='ocrx_word' id='word_1_702' title='bbox 2813 4435 2921 4492; x_wconf 85' lang='lat' dir='ltr'><strong>Deo</strong></span> <span class='ocrx_word' id='word_1_703' title='bbox 2947 4433 3193 4490; x_wconf 78' lang='lat' dir='ltr'><strong>conﬁxus</strong></span> <span class='ocrx_word' id='word_1_704' title='bbox 3221 4435 3508 4504; x_wconf 78' lang='lat' dir='ltr'><strong>reperitur,</strong></span> 
     </span>
    </p>
   </div>
   <div class='ocr_carea' id='block_1_93' title="bbox 254 4541 1832 4616">
    <p class='ocr_par' dir='ltr' id='par_1_93' title="bbox 254 4541 1832 4616">
     <span class='ocr_line' id='line_1_93' title="bbox 254 4541 1832 4616; baseline -0.002 -17"><span class='ocrx_word' id='word_1_705' title='bbox 254 4545 348 4600; x_wconf 85' lang='grc' dir='ltr'><strong>τοῦ</strong></span> <span class='ocrx_word' id='word_1_706' title='bbox 404 4543 566 4616; x_wconf 86' lang='grc' dir='ltr'>φόϐου</span> <span class='ocrx_word' id='word_1_707' title='bbox 617 4543 722 4596; x_wconf 81' lang='grc' dir='ltr'><strong>ὑπὸ</strong></span> <span class='ocrx_word' id='word_1_708' title='bbox 763 4543 858 4596; x_wconf 89' lang='grc' dir='ltr'><strong>τοῦ</strong></span> <span class='ocrx_word' id='word_1_709' title='bbox 901 4543 1036 4598; x_wconf 82' lang='grc' dir='ltr'>Θεου</span> <span class='ocrx_word' id='word_1_710' title='bbox 1071 4545 1098 4596; x_wconf 87' lang='grc' dir='ltr'><strong>ό</strong></span> <span class='ocrx_word' id='word_1_711' title='bbox 1131 4542 1356 4606; x_wconf 88' lang='grc' dir='ltr'>δίκαιος,</span> <span class='ocrx_word' id='word_1_712' title='bbox 1405 4541 1571 4612; x_wconf 80' lang='grc' dir='ltr'>ζητῶ,</span> <span class='ocrx_word' id='word_1_713' title='bbox 1621 4543 1832 4614; x_wconf 78' lang='grc' dir='ltr'>μήποτε</span> 
     </span>
    </p>
   </div>
   <div class='ocr_carea' id='block_1_94' title="bbox 253 4634 1830 4710">
    <p class='ocr_par' dir='ltr' id='par_1_94' title="bbox 253 4634 1830 4710">
     <span class='ocr_line' id='line_1_94' title="bbox 253 4634 1830 4710; baseline -0.004 -18"><span class='ocrx_word' id='word_1_714' title='bbox 253 4639 282 4692; x_wconf 84' lang='grc' dir='ltr'>ὁ</span> <span class='ocrx_word' id='word_1_715' title='bbox 321 4639 416 4710; x_wconf 76' lang='grc' dir='ltr'><strong>μὲν</strong></span> <span class='ocrx_word' id='word_1_716' title='bbox 473 4635 872 4708; x_wconf 81' lang='grc' dir='ltr'>σταυρούμενος</span> <span class='ocrx_word' id='word_1_717' title='bbox 919 4636 1160 4704; x_wconf 78' lang='grc' dir='ltr'>φοϐεῖται</span> <span class='ocrx_word' id='word_1_718' title='bbox 1207 4634 1609 4706; x_wconf 82' lang='grc' dir='ltr'>καθηλούμενος</span> <span class='ocrx_word' id='word_1_719' title='bbox 1647 4637 1712 4688; x_wconf 83' lang='grc' dir='ltr'>ὲκ</span> <span class='ocrx_word' id='word_1_720' title='bbox 1737 4634 1830 4686; x_wconf 85' lang='grc' dir='ltr'><strong>τοῦ</strong></span> 
     </span>
    </p>
   </div>
   <div class='ocr_carea' id='block_1_95' title="bbox 255 4727 1834 4800">
    <p class='ocr_par' dir='ltr' id='par_1_95' title="bbox 255 4727 1834 4800">
     <span class='ocr_line' id='line_1_95' title="bbox 255 4727 1834 4800; baseline -0.002 -16"><span class='ocrx_word' id='word_1_721' title='bbox 255 4731 442 4800; x_wconf 69' lang='grc' dir='ltr'>φόϐου,</span> <span class='ocrx_word' id='word_1_722' title='bbox 498 4730 584 4782; x_wconf 80' lang='grc' dir='ltr'><strong>ἵνα</strong></span> <span class='ocrx_word' id='word_1_723' title='bbox 625 4727 876 4800; x_wconf 83' lang='grc' dir='ltr'>νεκρὼσῃ</span> <span class='ocrx_word' id='word_1_724' title='bbox 906 4728 974 4780; x_wconf 75' lang='grc' dir='ltr'>τὰ</span> <span class='ocrx_word' id='word_1_725' title='bbox 1019 4727 1154 4798; x_wconf 85' lang='grc' dir='ltr'>μέλη</span> <span class='ocrx_word' id='word_1_726' title='bbox 1183 4727 1248 4780; x_wconf 78' lang='grc' dir='ltr'>τὰ</span> <span class='ocrx_word' id='word_1_727' title='bbox 1281 4727 1370 4780; x_wconf 66' lang='grc' dir='ltr'>ἐπὶ</span> <span class='ocrx_word' id='word_1_728' title='bbox 1393 4727 1492 4797; x_wconf 78' lang='grc' dir='ltr'>τῆς</span> <span class='ocrx_word' id='word_1_729' title='bbox 1525 4727 1644 4796; x_wconf 73' lang='grc' dir='ltr'>γῆς·</span> <span class='ocrx_word' id='word_1_730' title='bbox 1673 4727 1834 4798; x_wconf 76' lang='grc' dir='ltr'>ἡνίκα</span> 
     </span>
    </p>
   </div>
   <div class='ocr_carea' id='block_1_96' title="bbox 253 4818 1832 4894">
    <p class='ocr_par' dir='ltr' id='par_1_96' title="bbox 253 4818 1832 4894">
     <span class='ocr_line' id='line_1_96' title="bbox 253 4818 1832 4894; baseline -0.004 -16"><span class='ocrx_word' id='word_1_731' title='bbox 253 4823 298 4878; x_wconf 77' lang='grc' dir='ltr'>δ’</span> <span class='ocrx_word' id='word_1_732' title='bbox 316 4823 380 4878; x_wconf 77' lang='grc' dir='ltr'><strong>ἂν</strong></span> <span class='ocrx_word' id='word_1_733' title='bbox 407 4823 532 4894; x_wconf 75' lang='grc' dir='ltr'>ἔλθῃ</span> <span class='ocrx_word' id='word_1_734' title='bbox 565 4823 598 4892; x_wconf 77' lang='grc' dir='ltr'><strong>ἡ</strong></span> <span class='ocrx_word' id='word_1_735' title='bbox 619 4821 800 4874; x_wconf 84' lang='grc' dir='ltr'>τελεία</span> <span class='ocrx_word' id='word_1_736' title='bbox 822 4820 1030 4892; x_wconf 80' lang='grc' dir='ltr'>ἀγάπη,</span> <span class='ocrx_word' id='word_1_737' title='bbox 1057 4818 1396 4891; x_wconf 78' lang='grc' dir='ltr'>καθαιρεῖται</span> <span class='ocrx_word' id='word_1_738' title='bbox 1416 4819 1524 4872; x_wconf 84' lang='grc' dir='ltr'><strong>ἀπὸ</strong></span> <span class='ocrx_word' id='word_1_739' title='bbox 1545 4819 1640 4872; x_wconf 88' lang='grc' dir='ltr'><strong>τοῦ</strong></span> <span class='ocrx_word' id='word_1_740' title='bbox 1667 4837 1832 4874; x_wconf 76' lang='grc' dir='ltr'>σταυ-</span> 
     </span>
    </p>
   </div>
   <div class='ocr_carea' id='block_1_97' title="bbox 261 4911 1832 4988">
    <p class='ocr_par' dir='ltr' id='par_1_97' title="bbox 261 4911 1832 4988">
     <span class='ocr_line' id='line_1_97' title="bbox 261 4911 1832 4988; baseline -0.003 -20"><span class='ocrx_word' id='word_1_741' title='bbox 261 4915 680 4988; x_wconf 83' lang='grc' dir='ltr'>ροῦ,θὰτιτεται,</span> <span class='ocrx_word' id='word_1_742' title='bbox 713 4915 776 4966; x_wconf 76' lang='grc' dir='ltr'><strong>ἐκ</strong></span> <span class='ocrx_word' id='word_1_743' title='bbox 809 4911 1016 4984; x_wconf 82' lang='grc' dir='ltr'>νεκρῶν</span> <span class='ocrx_word' id='word_1_744' title='bbox 1049 4912 1341 4982; x_wconf 72' lang='grc' dir='ltr'>ἐγείρεται,</span> <span class='ocrx_word' id='word_1_745' title='bbox 1374 4911 1438 4964; x_wconf 74' lang='grc' dir='ltr'><strong>ἶν’</strong></span> <span class='ocrx_word' id='word_1_746' title='bbox 1465 4913 1522 4964; x_wconf 82' lang='grc' dir='ltr'><strong>ὲν</strong></span> <span class='ocrx_word' id='word_1_747' title='bbox 1557 4911 1832 4984; x_wconf 74' lang='grc' dir='ltr'>καινότητι</span> 
     </span>
    </p>
   </div>
   <div class='ocr_carea' id='block_1_98' title="bbox 257 5003 1832 5080">
    <p class='ocr_par' dir='ltr' id='par_1_98' title="bbox 257 5003 1832 5080">
     <span class='ocr_line' id='line_1_98' title="bbox 257 5003 1832 5080; baseline -0.003 -19"><span class='ocrx_word' id='word_1_748' title='bbox 257 5007 402 5078; x_wconf 78' lang='grc' dir='ltr'>ζωῆς</span> <span class='ocrx_word' id='word_1_749' title='bbox 431 5007 798 5080; x_wconf 76' lang='grc' dir='ltr'>περιπατήσῃ,</span> <span class='ocrx_word' id='word_1_750' title='bbox 833 5005 1014 5058; x_wconf 70' lang='grc' dir='ltr'>οὐκέτι</span> <span class='ocrx_word' id='word_1_751' title='bbox 1037 5003 1176 5058; x_wconf 76' lang='grc' dir='ltr'>κατὰ</span> <span class='ocrx_word' id='word_1_752' title='bbox 1198 5003 1382 5073; x_wconf 84' lang='grc' dir='ltr'>φόϐον,</span> <span class='ocrx_word' id='word_1_753' title='bbox 1405 5003 1538 5056; x_wconf 78' lang='grc' dir='ltr'>ἀλλὰ</span> <span class='ocrx_word' id='word_1_754' title='bbox 1567 5007 1708 5058; x_wconf 80' lang='grc' dir='ltr'>κατὰ</span> <span class='ocrx_word' id='word_1_755' title='bbox 1735 5005 1832 5075; x_wconf 83' lang='grc' dir='ltr'><strong>τὴν</strong></span> 
     </span>
    </p>
   </div>
   <div class='ocr_carea' id='block_1_99' title="bbox 257 5095 1168 5170">
    <p class='ocr_par' dir='ltr' id='par_1_99' title="bbox 257 5095 1168 5170">
     <span class='ocr_line' id='line_1_99' title="bbox 257 5095 1168 5170; baseline -0.002 -16"><span class='ocrx_word' id='word_1_756' title='bbox 257 5100 478 5170; x_wconf 82' lang='grc' dir='ltr'>ἀγάπην</span> <span class='ocrx_word' id='word_1_757' title='bbox 511 5099 609 5170; x_wconf 82' lang='grc' dir='ltr'>τὴν</span> <span class='ocrx_word' id='word_1_758' title='bbox 637 5099 692 5152; x_wconf 83' lang='grc' dir='ltr'>ὲν</span> <span class='ocrx_word' id='word_1_759' title='bbox 723 5097 940 5170; x_wconf 77' lang='grc' dir='ltr'>Χριστῴ</span> <span class='ocrx_word' id='word_1_760' title='bbox 977 5095 1168 5166; x_wconf 76' lang='grc' dir='ltr'>Ἰησοῦ.</span> 
     </span>
    </p>
   </div>
   <div class='ocr_carea' id='block_1_100' title="bbox 341 5189 1832 5260">
    <p class='ocr_par' dir='ltr' id='par_1_100' title="bbox 341 5189 1832 5260">
     <span class='ocr_line' id='line_1_100' title="bbox 341 5189 1832 5260; baseline 0 -16"><span class='ocrx_word' id='word_1_761' title='bbox 341 5193 628 5260; x_wconf 78' lang='grc' dir='ltr'>Ἐποίησα</span> <span class='ocrx_word' id='word_1_762' title='bbox 653 5193 832 5260; x_wconf 78' lang='grc' dir='ltr'>κρίμα</span> <span class='ocrx_word' id='word_1_763' title='bbox 857 5191 952 5244; x_wconf 80' lang='grc' dir='ltr'>καὶ</span> <span class='ocrx_word' id='word_1_764' title='bbox 987 5189 1395 5256; x_wconf 72' lang='grc' dir='ltr'>δικαιοσύνην·</span> <span class='ocrx_word' id='word_1_765' title='bbox 1441 5189 1526 5258; x_wconf 76' lang='grc' dir='ltr'>μὴ</span> <span class='ocrx_word' id='word_1_766' title='bbox 1555 5189 1832 5256; x_wconf 82' lang='grc' dir='ltr'>παραδῷς</span> 
     </span>
    </p>
   </div>
   <div class='ocr_carea' id='block_1_101' title="bbox 251 5277 1832 5354">
    <p class='ocr_par' dir='ltr' id='par_1_101' title="bbox 251 5277 1832 5354">
     <span class='ocr_line' id='line_1_101' title="bbox 251 5277 1832 5354; baseline 0 -18"><span class='ocrx_word' id='word_1_767' title='bbox 251 5301 329 5354; x_wconf 80' lang='grc' dir='ltr'><strong>με</strong></span> <span class='ocrx_word' id='word_1_768' title='bbox 355 5283 478 5349; x_wconf 82' lang='grc' dir='ltr'>τοῖς</span> <span class='ocrx_word' id='word_1_769' title='bbox 503 5281 782 5336; x_wconf 80' lang='grc' dir='ltr'>ἀδικοῦσί</span> <span class='ocrx_word' id='word_1_770' title='bbox 813 5299 910 5350; x_wconf 85' lang='grc' dir='ltr'><strong>με,</strong></span> <span class='ocrx_word' id='word_1_771' title='bbox 949 5299 1002 5336; x_wconf 93' lang='grc' dir='ltr'><strong>κ.</strong></span> <span class='ocrx_word' id='word_1_772' title='bbox 1025 5283 1138 5334; x_wconf 56' lang='lat' dir='ltr'><strong>me.</strong></span> <span class='ocrx_word' id='word_1_773' title='bbox 1169 5281 1294 5344; x_wconf 77' lang='grc' dir='ltr'><strong>Πῶς</strong></span> <span class='ocrx_word' id='word_1_774' title='bbox 1325 5277 1418 5334; x_wconf 78' lang='grc' dir='ltr'>οὖν</span> <span class='ocrx_word' id='word_1_775' title='bbox 1455 5279 1574 5334; x_wconf 84' lang='grc' dir='ltr'><strong>Ἰὼϐ</strong></span> <span class='ocrx_word' id='word_1_776' title='bbox 1601 5283 1832 5352; x_wconf 77' lang='grc' dir='ltr'>ποιήσας</span> 
     </span>
    </p>
   </div>
   <div class='ocr_carea' id='block_1_102' title="bbox 257 5367 1832 5446">
    <p class='ocr_par' dir='ltr' id='par_1_102' title="bbox 257 5367 1832 5446">
     <span class='ocr_line' id='line_1_102' title="bbox 257 5367 1832 5446; baseline -0.004 -19"><span class='ocrx_word' id='word_1_777' title='bbox 257 5375 434 5446; x_wconf 84' lang='grc' dir='ltr'>κρίμα</span> <span class='ocrx_word' id='word_1_778' title='bbox 465 5373 562 5426; x_wconf 70' lang='grc' dir='ltr'>καὶ</span> <span class='ocrx_word' id='word_1_779' title='bbox 611 5371 974 5442; x_wconf 74' lang='grc' dir='ltr'>δικαιοσύνην,</span> <span class='ocrx_word' id='word_1_780' title='bbox 1009 5371 1084 5432; x_wconf 81' lang='grc' dir='ltr'>ὡς</span> <span class='ocrx_word' id='word_1_781' title='bbox 1117 5369 1276 5432; x_wconf 76' lang='grc' dir='ltr'>αὐτὸς</span> <span class='ocrx_word' id='word_1_782' title='bbox 1304 5369 1332 5420; x_wconf 90' lang='grc' dir='ltr'>ὁ</span> <span class='ocrx_word' id='word_1_783' title='bbox 1365 5367 1568 5438; x_wconf 83' lang='grc' dir='ltr'>Κύριος</span> <span class='ocrx_word' id='word_1_784' title='bbox 1599 5367 1832 5438; x_wconf 76' lang='grc' dir='ltr'>ἐμαρτύ-</span> 
     </span>
    </p>
   </div>
   <div class='ocr_carea' id='block_1_103' title="bbox 262 5457 1832 5535">
    <p class='ocr_par' dir='ltr' id='par_1_103' title="bbox 262 5457 1832 5535">
     <span class='ocr_line' id='line_1_103' title="bbox 262 5457 1832 5535; baseline -0.004 -18"><span class='ocrx_word' id='word_1_785' title='bbox 262 5479 418 5535; x_wconf 76' lang='grc' dir='ltr'>ρησε,</span> <span class='ocrx_word' id='word_1_786' title='bbox 449 5461 714 5534; x_wconf 81' lang='grc' dir='ltr'>παρεδόθη</span> <span class='ocrx_word' id='word_1_787' title='bbox 745 5465 854 5524; x_wconf 89' lang='grc' dir='ltr'>τοῖς</span> <span class='ocrx_word' id='word_1_788' title='bbox 883 5459 1154 5514; x_wconf 81' lang='grc' dir='ltr'>ἀδικοῦσιν</span> <span class='ocrx_word' id='word_1_789' title='bbox 1185 5459 1380 5524; x_wconf 51' lang='lat' dir='ltr'><strong>uoce»);</strong></span> <span class='ocrx_word' id='word_1_790' title='bbox 1431 5457 1502 5510; x_wconf 85' lang='grc' dir='ltr'><em>Ἣ</em></span> <span class='ocrx_word' id='word_1_791' title='bbox 1527 5457 1626 5528; x_wconf 81' lang='grc' dir='ltr'><strong>τὴν</strong></span> <span class='ocrx_word' id='word_1_792' title='bbox 1657 5457 1832 5528; x_wconf 75' lang='grc' dir='ltr'>ψυχὴν</span> 
     </span>
    </p>
   </div>
   <div class='ocr_carea' id='block_1_104' title="bbox 257 5549 1832 5624">
    <p class='ocr_par' dir='ltr' id='par_1_104' title="bbox 257 5549 1832 5624">
     <span class='ocr_line' id='line_1_104' title="bbox 257 5549 1832 5624; baseline -0.004 -16"><span class='ocrx_word' id='word_1_793' title='bbox 257 5557 440 5617; x_wconf 66' lang='grc' dir='ltr'>αὺτοῖς</span> <span class='ocrx_word' id='word_1_794' title='bbox 469 5555 530 5608; x_wconf 79' lang='grc' dir='ltr'>οὐ</span> <span class='ocrx_word' id='word_1_795' title='bbox 569 5553 810 5624; x_wconf 79' lang='grc' dir='ltr'>βούλεται</span> <span class='ocrx_word' id='word_1_796' title='bbox 861 5551 1266 5624; x_wconf 84' lang='grc' dir='ltr'>παραδίδοσθαι·</span> <span class='ocrx_word' id='word_1_797' title='bbox 1313 5549 1562 5622; x_wconf 84' lang='grc' dir='ltr'>σώματος</span> <span class='ocrx_word' id='word_1_798' title='bbox 1603 5551 1710 5621; x_wconf 77' lang='grc' dir='ltr'>γὰρ</span> <span class='ocrx_word' id='word_1_799' title='bbox 1739 5551 1832 5604; x_wconf 78' lang='grc' dir='ltr'>καὶ</span> 
     </span>
    </p>
   </div>
   <div class='ocr_carea' id='block_1_105' title="bbox 259 5639 1414 5716">
    <p class='ocr_par' dir='ltr' id='par_1_105' title="bbox 259 5639 1414 5716">
     <span class='ocr_line' id='line_1_105' title="bbox 259 5639 1414 5716; baseline -0.007 -12"><span class='ocrx_word' id='word_1_800' title='bbox 259 5647 554 5716; x_wconf 69' lang='grc' dir='ltr'>κτημάτων</span> <span class='ocrx_word' id='word_1_801' title='bbox 595 5647 624 5700; x_wconf 87' lang='grc' dir='ltr'><strong>ὁ</strong></span> <span class='ocrx_word' id='word_1_802' title='bbox 649 5645 848 5709; x_wconf 89' lang='grc' dir='ltr'>δίκαιος</span> <span class='ocrx_word' id='word_1_803' title='bbox 867 5639 1004 5696; x_wconf 71' lang='grc' dir='ltr'>οἶδεν</span> <span class='ocrx_word' id='word_1_804' title='bbox 1035 5647 1414 5716; x_wconf 80' lang='grc' dir='ltr'>καταφρονεῖν.</span> 
     </span>
    </p>
   </div>
   <div class='ocr_carea' id='block_1_106' title="bbox 1939 4525 3512 4608">
    <p class='ocr_par' dir='ltr' id='par_1_106' title="bbox 1939 4525 3512 4608">
     <span class='ocr_line' id='line_1_106' title="bbox 1939 4525 3512 4608; baseline 0 -18"><span class='ocrx_word' id='word_1_805' title='bbox 1939 4554 2124 4608; x_wconf 82' lang='lat' dir='ltr'><strong>quer</strong></span> <span class='ocrx_word' id='word_1_806' title='bbox 2141 4553 2268 4592; x_wconf 89' lang='lat' dir='ltr'><strong>num</strong></span> <span class='ocrx_word' id='word_1_807' title='bbox 2299 4535 2440 4590; x_wconf 86' lang='lat' dir='ltr'><strong>forte</strong></span> <span class='ocrx_word' id='word_1_808' title='bbox 2473 4533 2768 4588; x_wconf 78' lang='lat' dir='ltr'><strong>cruciﬁxus</strong></span> <span class='ocrx_word' id='word_1_809' title='bbox 2803 4533 3020 4602; x_wconf 87' lang='lat' dir='ltr'><strong>quidem</strong></span> <span class='ocrx_word' id='word_1_810' title='bbox 3049 4525 3236 4588; x_wconf 84' lang='lat' dir='ltr'><strong>timeat</strong></span> <span class='ocrx_word' id='word_1_811' title='bbox 3263 4535 3512 4590; x_wconf 77' lang='lat' dir='ltr'><strong>confixus</strong></span> 
     </span>
    </p>
   </div>
   <div class='ocr_carea' id='block_1_107' title="bbox 1941 4625 3512 4698">
    <p class='ocr_par' dir='ltr' id='par_1_107' title="bbox 1941 4625 3512 4698">
     <span class='ocr_line' id='line_1_107' title="bbox 1941 4625 3512 4698; baseline 0 -16"><span class='ocrx_word' id='word_1_812' title='bbox 1941 4629 2160 4694; x_wconf 86' lang='lat' dir='ltr'><strong>timore,</strong></span> <span class='ocrx_word' id='word_1_813' title='bbox 2205 4637 2263 4680; x_wconf 88' lang='lat' dir='ltr'><strong>ut</strong></span> <span class='ocrx_word' id='word_1_814' title='bbox 2299 4625 2590 4682; x_wconf 86' lang='lat' dir='ltr'><strong>mortificet</strong></span> <span class='ocrx_word' id='word_1_815' title='bbox 2643 4625 2884 4680; x_wconf 87' lang='lat' dir='ltr'><strong>membra</strong></span> <span class='ocrx_word' id='word_1_816' title='bbox 2927 4641 3022 4680; x_wconf 86' lang='lat' dir='ltr'><strong>sua</strong></span> <span class='ocrx_word' id='word_1_817' title='bbox 3051 4641 3172 4694; x_wconf 67' lang='lat' dir='ltr'><strong>qua:</strong></span> <span class='ocrx_word' id='word_1_818' title='bbox 3197 4635 3326 4682; x_wconf 89' lang='lat' dir='ltr'><strong>sunt</strong></span> <span class='ocrx_word' id='word_1_819' title='bbox 3349 4643 3512 4698; x_wconf 87' lang='lat' dir='ltr'><strong>super</strong></span> 
     </span>
    </p>
   </div>
   <div class='ocr_carea' id='block_1_108' title="bbox 1941 4717 3508 4788">
    <p class='ocr_par' dir='ltr' id='par_1_108' title="bbox 1941 4717 3508 4788">
     <span class='ocr_line' id='line_1_108' title="bbox 1941 4717 3508 4788; baseline 0.001 -14"><span class='ocrx_word' id='word_1_820' title='bbox 1941 4731 2174 4784; x_wconf 87' lang='lat' dir='ltr'><strong>terram;</strong></span> <span class='ocrx_word' id='word_1_821' title='bbox 2217 4719 2440 4786; x_wconf 88' lang='lat' dir='ltr'><strong>quando</strong></span> <span class='ocrx_word' id='word_1_822' title='bbox 2482 4727 2664 4770; x_wconf 87' lang='lat' dir='ltr'><strong>autem</strong></span> <span class='ocrx_word' id='word_1_823' title='bbox 2707 4717 2916 4772; x_wconf 85' lang='lat' dir='ltr'><strong>venerit</strong></span> <span class='ocrx_word' id='word_1_824' title='bbox 2963 4719 3200 4788; x_wconf 88' lang='lat' dir='ltr'><strong>perfecta</strong></span> <span class='ocrx_word' id='word_1_825' title='bbox 3245 4719 3508 4776; x_wconf 86' lang='lat' dir='ltr'><strong>cbaritas.</strong></span> 
     </span>
    </p>
   </div>
   <div class='ocr_carea' id='block_1_109' title="bbox 1940 4807 3510 4882">
    <p class='ocr_par' dir='ltr' id='par_1_109' title="bbox 1940 4807 3510 4882">
     <span class='ocr_line' id='line_1_109' title="bbox 1940 4807 3510 4882; baseline -0.002 -16"><span class='ocrx_word' id='word_1_826' title='bbox 1940 4811 1988 4866; x_wconf 68' lang='grc' dir='ltr'><strong>ιιι</strong></span> <span class='ocrx_word' id='word_1_827' title='bbox 2009 4821 2244 4882; x_wconf 70' lang='lat' dir='ltr'><strong>putatur</strong></span> <span class='ocrx_word' id='word_1_828' title='bbox 2271 4811 2338 4866; x_wconf 90' lang='lat' dir='ltr'><strong>de</strong></span> <span class='ocrx_word' id='word_1_829' title='bbox 2363 4823 2544 4874; x_wconf 89' lang='lat' dir='ltr'><strong>cruce,</strong></span> <span class='ocrx_word' id='word_1_830' title='bbox 2573 4807 2886 4878; x_wconf 88' lang='lat' dir='ltr'><strong>sepeliatur,</strong></span> <span class='ocrx_word' id='word_1_831' title='bbox 2935 4825 2966 4864; x_wconf 87' lang='lat' dir='ltr'><strong>a</strong></span> <span class='ocrx_word' id='word_1_832' title='bbox 3003 4811 3237 4866; x_wconf 88' lang='lat' dir='ltr'><strong>mortuis</strong></span> <span class='ocrx_word' id='word_1_833' title='bbox 3279 4809 3510 4866; x_wconf 85' lang='lat' dir='ltr'><strong>suscite-</strong></span> 
     </span>
    </p>
   </div>
   <div class='ocr_carea' id='block_1_110' title="bbox 1941 4901 3506 4971">
    <p class='ocr_par' dir='ltr' id='par_1_110' title="bbox 1941 4901 3506 4971">
     <span class='ocr_line' id='line_1_110' title="bbox 1941 4901 3506 4971; baseline 0.001 -16"><span class='ocrx_word' id='word_1_834' title='bbox 1941 4911 2050 4966; x_wconf 86' lang='lat' dir='ltr'><strong>tur,</strong></span> <span class='ocrx_word' id='word_1_835' title='bbox 2101 4913 2160 4956; x_wconf 92' lang='lat' dir='ltr'><strong>ut</strong></span> <span class='ocrx_word' id='word_1_836' title='bbox 2213 4903 2266 4956; x_wconf 89' lang='lat' dir='ltr'><strong>in</strong></span> <span class='ocrx_word' id='word_1_837' title='bbox 2319 4905 2558 4958; x_wconf 87' lang='lat' dir='ltr'><strong>novitate</strong></span> <span class='ocrx_word' id='word_1_838' title='bbox 2611 4902 2738 4956; x_wconf 76' lang='lat' dir='ltr'><strong>vitae</strong></span> <span class='ocrx_word' id='word_1_839' title='bbox 2791 4901 3066 4968; x_wconf 85' lang='lat' dir='ltr'><strong>ambulet,</strong></span> <span class='ocrx_word' id='word_1_840' title='bbox 3117 4919 3222 4958; x_wconf 87' lang='lat' dir='ltr'><strong>non</strong></span> <span class='ocrx_word' id='word_1_841' title='bbox 3271 4901 3506 4971; x_wconf 85' lang='lat' dir='ltr'><strong>amplius</strong></span> 
     </span>
    </p>
   </div>
   <div class='ocr_carea' id='block_1_111' title="bbox 1938 4993 3508 5062">
    <p class='ocr_par' dir='ltr' id='par_1_111' title="bbox 1938 4993 3508 5062">
     <span class='ocr_line' id='line_1_111' title="bbox 1938 4993 3508 5062; baseline 0 -14"><span class='ocrx_word' id='word_1_842' title='bbox 1938 4993 2236 5048; x_wconf 88' lang='lat' dir='ltr'><strong>seetmdum</strong></span> <span class='ocrx_word' id='word_1_843' title='bbox 2265 4993 2543 5060; x_wconf 85' lang='lat' dir='ltr'><strong>timorem,</strong></span> <span class='ocrx_word' id='word_1_844' title='bbox 2569 4993 2664 5052; x_wconf 86' lang='lat' dir='ltr'><strong>sed</strong></span> <span class='ocrx_word' id='word_1_845' title='bbox 2687 4995 2986 5052; x_wconf 87' lang='lat' dir='ltr'><strong>secundum</strong></span> <span class='ocrx_word' id='word_1_846' title='bbox 3017 4993 3358 5050; x_wconf 86' lang='lat' dir='ltr'><strong>dilectionem</strong></span> <span class='ocrx_word' id='word_1_847' title='bbox 3385 5008 3508 5062; x_wconf 74' lang='lat' dir='ltr'><strong>qua:</strong></span> 
     </span>
    </p>
   </div>
   <div class='ocr_carea' id='block_1_112' title="bbox 1938 5085 2520 5143">
    <p class='ocr_par' dir='ltr' id='par_1_112' title="bbox 1938 5085 2520 5143">
     <span class='ocr_line' id='line_1_112' title="bbox 1938 5085 2520 5143; baseline -0.005 0"><span class='ocrx_word' id='word_1_848' title='bbox 1938 5099 2024 5143; x_wconf 87' lang='lat' dir='ltr'><strong>est</strong></span> <span class='ocrx_word' id='word_1_849' title='bbox 2049 5087 2100 5138; x_wconf 90' lang='lat' dir='ltr'><strong>in</strong></span> <span class='ocrx_word' id='word_1_850' title='bbox 2129 5085 2346 5140; x_wconf 84' lang='lat' dir='ltr'><strong>Christo</strong></span> <span class='ocrx_word' id='word_1_851' title='bbox 2371 5085 2520 5140; x_wconf 86' lang='lat' dir='ltr'><strong>Jesu.</strong></span> 
     </span>
    </p>
   </div>
   <div class='ocr_carea' id='block_1_113' title="bbox 2013 5177 3506 5250">
    <p class='ocr_par' dir='ltr' id='par_1_113' title="bbox 2013 5177 3506 5250">
     <span class='ocr_line' id='line_1_113' title="bbox 2013 5177 3506 5250; baseline -0.001 -18"><span class='ocrx_word' id='word_1_852' title='bbox 2013 5179 2178 5234; x_wconf 71' lang='lat' dir='ltr'><strong>Vnus.</strong></span> <span class='ocrx_word' id='word_1_853' title='bbox 2211 5179 2331 5234; x_wconf 72' lang='grc'><strong>121.</strong></span> <span class='ocrx_word' id='word_1_854' title='bbox 2369 5177 2496 5232; x_wconf 83' lang='lat' dir='ltr'><strong>Feci</strong></span> <span class='ocrx_word' id='word_1_855' title='bbox 2511 5179 2774 5250; x_wconf 80' lang='lat' dir='ltr'><strong>judicium</strong></span> <span class='ocrx_word' id='word_1_856' title='bbox 2797 5189 2844 5234; x_wconf 88' lang='lat' dir='ltr'><strong>et</strong></span> <span class='ocrx_word' id='word_1_857' title='bbox 2863 5178 3130 5248; x_wconf 81' lang='lat' dir='ltr'><strong>justitiam</strong></span> <span class='ocrx_word' id='word_1_858' title='bbox 3151 5190 3172 5228; x_wconf 86' lang='lat'><strong>.&#39;</strong></span> <span class='ocrx_word' id='word_1_859' title='bbox 3197 5193 3300 5231; x_wconf 82' lang='lat' dir='ltr'><strong>non</strong></span> <span class='ocrx_word' id='word_1_860' title='bbox 3324 5177 3506 5230; x_wconf 76' lang='lat' dir='ltr'><strong>tradas</strong></span> 
     </span>
    </p>
   </div>
   <div class='ocr_carea' id='block_1_114' title="bbox 1937 5267 3508 5340">
    <p class='ocr_par' dir='ltr' id='par_1_114' title="bbox 1937 5267 3508 5340">
     <span class='ocr_line' id='line_1_114' title="bbox 1937 5267 3508 5340; baseline 0.001 -16"><span class='ocrx_word' id='word_1_861' title='bbox 1937 5287 2020 5324; x_wconf 86' lang='lat' dir='ltr'><strong>me</strong></span> <span class='ocrx_word' id='word_1_862' title='bbox 2064 5273 2508 5328; x_wconf 73' lang='lat' dir='ltr'><strong>calumniantibus</strong></span> <span class='ocrx_word' id='word_1_863' title='bbox 2553 5290 2654 5338; x_wconf 84' lang='lat' dir='ltr'><strong>me,</strong></span> <span class='ocrx_word' id='word_1_864' title='bbox 2691 5285 2800 5328; x_wconf 87' lang='lat' dir='ltr'><strong>etc.</strong></span> <span class='ocrx_word' id='word_1_865' title='bbox 2851 5271 3134 5338; x_wconf 87' lang='lat' dir='ltr'><strong>Quomodo</strong></span> <span class='ocrx_word' id='word_1_866' title='bbox 3181 5270 3348 5340; x_wconf 78' lang='lat' dir='ltr'><strong>igitur</strong></span> <span class='ocrx_word' id='word_1_867' title='bbox 3405 5267 3508 5326; x_wconf 76' lang='lat' dir='ltr'><strong>Job</strong></span> 
     </span>
    </p>
   </div>
   <div class='ocr_carea' id='block_1_115' title="bbox 1938 5361 3506 5430">
    <p class='ocr_par' dir='ltr' id='par_1_115' title="bbox 1938 5361 3506 5430">
     <span class='ocr_line' id='line_1_115' title="bbox 1938 5361 3506 5430; baseline 0.004 -19"><span class='ocrx_word' id='word_1_868' title='bbox 1938 5363 2052 5430; x_wconf 88' lang='lat' dir='ltr'><strong>qui,</strong></span> <span class='ocrx_word' id='word_1_869' title='bbox 2101 5373 2160 5416; x_wconf 89' lang='lat' dir='ltr'><strong>ut</strong></span> <span class='ocrx_word' id='word_1_870' title='bbox 2215 5371 2446 5418; x_wconf 89' lang='lat' dir='ltr'><strong>testatus</strong></span> <span class='ocrx_word' id='word_1_871' title='bbox 2490 5373 2574 5418; x_wconf 92' lang='lat' dir='ltr'><strong>est</strong></span> <span class='ocrx_word' id='word_1_872' title='bbox 2621 5363 2904 5426; x_wconf 89' lang='lat' dir='ltr'><strong>Dominus,</strong></span> <span class='ocrx_word' id='word_1_873' title='bbox 2956 5361 3086 5416; x_wconf 86' lang='lat' dir='ltr'><strong>fecit</strong></span> <span class='ocrx_word' id='word_1_874' title='bbox 3139 5361 3404 5430; x_wconf 85' lang='lat' dir='ltr'><strong>judicium</strong></span> <span class='ocrx_word' id='word_1_875' title='bbox 3453 5373 3506 5418; x_wconf 86' lang='lat' dir='ltr'><strong>et</strong></span> 
     </span>
    </p>
   </div>
   <div class='ocr_carea' id='block_1_116' title="bbox 1935 5453 3506 5526">
    <p class='ocr_par' dir='ltr' id='par_1_116' title="bbox 1935 5453 3506 5526">
     <span class='ocr_line' id='line_1_116' title="bbox 1935 5453 3506 5526; baseline -0.001 -18"><span class='ocrx_word' id='word_1_876' title='bbox 1935 5455 2236 5526; x_wconf 88' lang='lat' dir='ltr'><strong>justitiam,</strong></span> <span class='ocrx_word' id='word_1_877' title='bbox 2287 5457 2516 5510; x_wconf 88' lang='lat' dir='ltr'><strong>traditus</strong></span> <span class='ocrx_word' id='word_1_878' title='bbox 2563 5465 2648 5510; x_wconf 88' lang='lat' dir='ltr'><strong>est</strong></span> <span class='ocrx_word' id='word_1_879' title='bbox 2693 5453 3146 5508; x_wconf 85' lang='lat' dir='ltr'><strong>calunmiautibus</strong></span> <span class='ocrx_word' id='word_1_880' title='bbox 3200 5453 3296 5510; x_wconf 79' lang='lat' dir='ltr'><strong>se?</strong></span> <span class='ocrx_word' id='word_1_881' title='bbox 3341 5453 3506 5508; x_wconf 83' lang='lat' dir='ltr'><strong>Certe</strong></span> 
     </span>
    </p>
   </div>
   <div class='ocr_carea' id='block_1_117' title="bbox 1941 5543 3504 5614">
    <p class='ocr_par' dir='ltr' id='par_1_117' title="bbox 1941 5543 3504 5614">
     <span class='ocr_line' id='line_1_117' title="bbox 1941 5543 3504 5614; baseline -0.003 -14"><span class='ocrx_word' id='word_1_882' title='bbox 1941 5549 2178 5600; x_wconf 80' lang='lat' dir='ltr'><strong>animant</strong></span> <span class='ocrx_word' id='word_1_883' title='bbox 2223 5547 2330 5602; x_wconf 85' lang='lat' dir='ltr'><strong>illis</strong></span> <span class='ocrx_word' id='word_1_884' title='bbox 2366 5549 2504 5601; x_wconf 90' lang='lat' dir='ltr'><strong>tradi</strong></span> <span class='ocrx_word' id='word_1_885' title='bbox 2553 5561 2660 5599; x_wconf 88' lang='lat' dir='ltr'><strong>non</strong></span> <span class='ocrx_word' id='word_1_886' title='bbox 2707 5543 2842 5600; x_wconf 91' lang='lat' dir='ltr'><strong>vult.</strong></span> <span class='ocrx_word' id='word_1_887' title='bbox 2881 5545 3089 5614; x_wconf 82' lang='lat' dir='ltr'><strong>Corpus</strong></span> <span class='ocrx_word' id='word_1_888' title='bbox 3117 5546 3262 5602; x_wconf 87' lang='lat' dir='ltr'><strong>enim</strong></span> <span class='ocrx_word' id='word_1_889' title='bbox 3287 5553 3344 5602; x_wconf 83' lang='grc' dir='ltr'><strong>ει</strong></span> <span class='ocrx_word' id='word_1_890' title='bbox 3369 5543 3504 5600; x_wconf 83' lang='lat' dir='ltr'><strong>divi-</strong></span> 
     </span>
    </p>
   </div>
   <div class='ocr_carea' id='block_1_118' title="bbox 1941 5637 2813 5706">
    <p class='ocr_par' dir='ltr' id='par_1_118' title="bbox 1941 5637 2813 5706">
     <span class='ocr_line' id='line_1_118' title="bbox 1941 5637 2813 5706; baseline -0.002 -14"><span class='ocrx_word' id='word_1_891' title='bbox 1941 5639 2044 5692; x_wconf 85' lang='lat' dir='ltr'><strong>tias</strong></span> <span class='ocrx_word' id='word_1_892' title='bbox 2067 5637 2246 5706; x_wconf 80' lang='lat' dir='ltr'><strong>justus</strong></span> <span class='ocrx_word' id='word_1_893' title='bbox 2277 5639 2425 5692; x_wconf 85' lang='lat' dir='ltr'><strong>novit</strong></span> <span class='ocrx_word' id='word_1_894' title='bbox 2443 5647 2813 5694; x_wconf 82' lang='lat' dir='ltr'><strong>contemnere.</strong></span> 
     </span>
    </p>
   </div>
   <div class='ocr_carea' id='block_1_119' title="bbox 335 5733 1836 5808">
    <p class='ocr_par' dir='ltr' id='par_1_119' title="bbox 335 5737 1836 5808">
     <span class='ocr_line' id='line_1_119' title="bbox 335 5737 1836 5808; baseline -0.001 -14"><span class='ocrx_word' id='word_1_895' title='bbox 335 5743 378 5774; x_wconf 78' lang='lat'><strong>&quot;</strong></span> <span class='ocrx_word' id='word_1_896' title='bbox 417 5739 572 5796; x_wconf 77' lang='lat' dir='ltr'><strong>Rom.</strong></span> <span class='ocrx_word' id='word_1_897' title='bbox 603 5757 653 5806; x_wconf 75' lang='grc' dir='ltr'><strong>ν,</strong></span> <span class='ocrx_word' id='word_1_898' title='bbox 685 5739 738 5796; x_wconf 83' lang='grc'>5.</span> <span class='ocrx_word' id='word_1_899' title='bbox 813 5741 858 5772; x_wconf 80' lang='grc'><strong>⁵³</strong></span> <span class='ocrx_word' id='word_1_900' title='bbox 883 5739 1082 5808; x_wconf 82' lang='lat' dir='ltr'><strong>Epltcs.</strong></span> <span class='ocrx_word' id='word_1_901' title='bbox 1117 5753 1188 5804; x_wconf 80' lang='lat' dir='ltr'><strong>vt,</strong></span> <span class='ocrx_word' id='word_1_902' title='bbox 1221 5741 1310 5794; x_wconf 75' lang='grc'><strong>12.</strong></span> <span class='ocrx_word' id='word_1_903' title='bbox 1389 5737 1436 5770; x_wconf 82' lang='grc'><strong><em>⁵³</em></strong></span> <span class='ocrx_word' id='word_1_904' title='bbox 1465 5737 1654 5792; x_wconf 79' lang='lat' dir='ltr'><strong>Matth.</strong></span> <span class='ocrx_word' id='word_1_905' title='bbox 1693 5753 1746 5804; x_wconf 65' lang='grc' dir='ltr'><strong>κ,</strong></span> <span class='ocrx_word' id='word_1_906' title='bbox 1775 5737 1836 5792; x_wconf 76' lang='grc'>58</span> 
     </span>
    </p>
   </div>
   <div class='ocr_carea' id='block_1_120' title="bbox 1952 5733 2448 5808">
    <p class='ocr_par' dir='ltr' id='par_1_120' title="bbox 1952 5733 2448 5800">
     <span class='ocr_line' id='line_1_120' title="bbox 1952 5733 2448 5800; baseline -0.004 -10"><span class='ocrx_word' id='word_1_907' title='bbox 1952 5737 1988 5768; x_wconf 68' lang='grc'>⁵³</span> <span class='ocrx_word' id='word_1_908' title='bbox 2021 5737 2038 5790; x_wconf 91' lang='lat' dir='ltr'><strong>l</strong></span> <span class='ocrx_word' id='word_1_909' title='bbox 2067 5735 2222 5792; x_wconf 83' lang='lat' dir='ltr'><strong>Joan.</strong></span> <span class='ocrx_word' id='word_1_910' title='bbox 2261 5751 2332 5800; x_wconf 84' lang='lat' dir='ltr'><strong>tv,</strong></span> <span class='ocrx_word' id='word_1_911' title='bbox 2361 5733 2448 5790; x_wconf 66' lang='lat'><strong>&#39;18.</strong></span> 
     </span>
    </p>
   </div>
  </div>
