3914 6374
456 255 598 310 1615

1829 249 1920 306 EX
1961 250 2264 308 ORIGENE

3539 272 3645 334 ιιιι

529 377 691 432 Vitas.
738 369 862 426 125.
933 369 1128 427 Servus
1153 377 1273 424 tuus
1301 384 1418 424 sum
1451 383 1543 438 ego
1571 388 1591 427 :
1619 371 1688 424 da
1716 369 1844 424 mihi
1870 371 2013 426 intel-

2199 372 2427 440 Δοῦλός
2448 387 2566 428 σου
2586 373 2703 444 εἰμί
2727 373 2859 445 ἐφὼο
2891 378 3225 435 συνέτισόν
3240 398 3316 452 με
3339 384 3429 442 καί
3466 393 3643 458 me.

452 470 646 526 lectum
688 476 737 523 et
773 468 934 522 sciam
965 465 1266 520 testimonia
1300 473 1417 529 tua,
1447 471 1555 519 etc.
1607 462 1798 520 Nullus
1838 480 2028 522 servus

454 557 665 632 peccati
692 573 884 614 servus
908 566 990 612 est
1019 556 1135 613 Dei.
1183 556 1286 623 Qui
1329 573 1458 626 ergo
1505 559 1674 613 servit
1715 560 1763 614 ei
1797 560 2024 616 inomni

454 653 670 710 actione
721 668 786 709 ac
840 652 1188 720 cogitatione,
1253 651 1458 706 faciens
1507 653 1686 706 omnia
1732 656 2025 709 secundum

453 747 679 802 verbum
721 743 860 813 ejus,
896 745 985 800 hic
1011 745 1156 800 dicat
1190 761 1202 798 :
1235 762 1254 796 ι
1276 744 1480 801 Servus
1529 755 1653 801 tuus
1683 759 1801 800 smn
1833 761 1951 818 ego.
2001 767 2021 801 ι

455 837 606 895 Talis
633 852 758 894 cum
793 846 938 894 esset
973 836 1264 908 Propheta,
1307 837 1360 892 in
1401 838 1702 893 mercedem
1750 839 2027 895 servitutis

455 946 567 987 sua:
620 929 860 1003 postulat
894 928 1068 987 illud:
1111 931 1230 984 tDa
1287 929 1421 984 mihi
1471 930 1873 986 intellectum.)
1931 932 2027 988 Est

451 1024 597 1080 enim
640 1022 953 1079 intellectus
984 1021 1073 1078 ille
1102 1037 1130 1077 a
1167 1023 1276 1078 Deo
1300 1023 1530 1078 donatus
1554 1024 1643 1092 qui
1676 1026 1817 1092 apud
1858 1025 2023 1079 Deum

450 1116 606 1185 quasi
633 1116 686 1172 in
713 1115 952 1171 thesauri
986 1115 1232 1171 custodia
1262 1115 1568 1184 deponitur.
1595 1114 1829 1185 Spiritus
1855 1117 2022 1182 enim,

448 1208 645 1280 inquit,
687 1208 972 1281 sapientia:
1004 1216 1060 1263 et
1093 1207 1416 1274 intellectus,
1453 1216 1506 1264 et
1534 1217 1725 1263 caetera
1758 1207 2022 1265 bonormn

451 1300 590 1356 dona
623 1314 788 1370 super
809 1314 933 1357 eum
968 1298 1330 1368 requiescent.
1658 1313 1660 1315 '

520 1386 687 1443 Vsus.
719 1388 840 1444 126.
868 1387 1087 1455 Tempus
1109 1387 1342 1456 faciendi
1367 1387 1613 1454 Domino,
1640 1389 2023 1459 dissipaverunt

445 1480 611 1554 legem
639 1492 810 1546 tuam,
848 1491 956 1538 etc.
987 1481 1224 1552 Tempus
1252 1491 1332 1539 est
1363 1483 1722 1540 correctionis
1773 1485 2020 1549 Domino,

447 1583 662 1643 tempus
698 1571 953 1628 videlicet
995 1575 1251 1630 vindicta:
1282 1576 1578 1646 capiendae.
1630 1575 2020 1644 Dissolverunt,

443 1671 658 1730 irritam
696 1671 946 1728 fecerunt
975 1669 1148 1742 legem
1178 1679 1320 1724 tuam
1367 1670 1559 1740 iniqui.
1613 1671 1973 1743 Symmachus
2004 1691 2017 1727 :

447 1781 467 1816 ι
498 1763 736 1834 Tempus
782 1761 1015 1820 faciendi
1065 1762 1315 1826 Domino,
1367 1761 1494 1831 quia
1535 1764 1809 1833 dissipant
1850 1763 2020 1836 legem

446 1865 618 1911 tuam.
650 1873 670 1908 ι
706 1855 899 1926 Aquila
933 1869 948 1908 :
982 1872 1000 1908 ι
1029 1855 1459 1926 Abrogaverunt.
1489 1874 1506 1908 ι

513 1950 679 2006 Vens.
743 1948 867 2005 128.
923 1946 1217 2015 Propterea
1267 1948 1337 2002 ad
1383 1951 1559 2004 omnia
1615 1951 1872 2005 mandata
1931 1961 2021 2007 tua

451 2041 760 2112 dirigebar:
797 2057 1002 2096 onmem
1049 2041 1189 2094 viam
1234 2042 1469 2113 iniquam
1517 2044 1639 2097 odio
1690 2045 1870 2112 habui,
1908 2057 2016 2105 etc.

443 2135 546 2202 Qui
581 2136 763 2190 omnia
805 2134 1062 2190 mandata
1095 2152 1206 2191 non
1251 2135 1510 2201 servavit,
1569 2138 1614 2192 is
1660 2153 1760 2194 nec
1802 2155 2018 2196 omnem

440 2229 582 2283 viam
621 2227 864 2298 iniquam
899 2229 1024 2284 odio
1054 2229 1265 2283 habuit.
1323 2228 1378 2283 Si
1416 2244 1544 2286 vero
1587 2231 1682 2300 qni
1734 2233 1886 2287 timet
1917 2233 2021 2288 Do-

439 2317 672 2387 tninutn,
706 2320 833 2376 odio
875 2319 1039 2376 habet
1089 2319 1456 2390 iniquitatem,
1523 2322 1612 2378 hic
1653 2333 1834 2379 autem
1874 2325 2017 2380 illam

437 2413 564 2468 odio
613 2427 724 2470 non
779 2412 993 2480 habuit,
1055 2428 1162 2468 non
1218 2413 1372 2468 timet
1400 2414 1708 2470 Dominum.
1761 2417 1862 2484 Qui
1910 2433 2018 2474 non

438 2507 618 2572 timet,
646 2522 752 2562 non
789 2506 984 2562 beatus
1023 2516 1134 2575 est,
1212 2503 1505 2577 siquidem,
1548 2527 1566 2560 ι
1592 2508 1782 2564 beatus
1811 2511 1896 2565 vir
1925 2511 2018 2582 qui

434 2597 594 2653 timet
626 2596 918 2652 Dominum
947 2599 1014 2653 ⁸⁵.
1049 2617 1068 2652 ι
1117 2598 1222 2666 Qui
1268 2599 1524 2655 mandata
1558 2598 1650 2655 Del
1679 2600 1873 2672 diligit,
1901 2617 2020 2658 om-

438 2703 562 2744 nem
606 2690 723 2746 odit
768 2689 1064 2758 malitiam,
1107 2697 1296 2760 utpOte
1343 2688 1424 2745 eis
1472 2692 1823 2747 contrariam.
1863 2694 2017 2750 Nulla

435 2782 584 2836 enim
637 2780 872 2836 societas
910 2780 1099 2835 virtuti
1146 2795 1270 2836 cum
1305 2779 1506 2837 malitia
1528 2823 1544 2850 ,
1569 2783 1678 2840 luci
1708 2801 1830 2842 eum
1864 2799 2016 2846 tene-

434 2870 571 2935 bris,
606 2870 827 2926 sanitati
861 2884 986 2925 cum
1018 2871 1228 2928 morbo.

509 2959 678 3019 Vens.
709 2961 833 3018 129.
868 2960 1142 3017 Mirabilia
1169 2965 1466 3020 testimonia
1499 2975 1613 3033 tua,
1634 2968 1752 3023 ideo
1775 2981 2014 3029 scrutata

2124 483 2232 538 μαι
2259 467 2650 537 τὰ.μαρτύριά
2698 483 2834 535 σου,
2895 488 2951 526 κ.
2983 489 3035 529 τ.
3069 475 3117 527 ὲ.
3159 474 3343 540 οὐδεὶς
3383 478 3541 548 δοῦλος
3575 490 3647 562 τῆς

2132 561 2404 632 ἁμαρτίας
2431 560 2615 626 δοῦλός
2635 564 2750 616 ἐστι
2770 562 2863 618 τοῦ
2883 564 3040 618 Θεοῦ·
3072 569 3101 620 6
3120 561 3214 622 οῦν
3227 567 3474 628 δουλεύων
3499 578 3546 631 ἐν

2133 669 2200 727 σῃ
2225 653 2419 724 πράξει
2445 654 2538 708 καὶ
2562 655 2858 727 διανοήσει,
2878 659 3048 712 ποιῶν
3074 660 3256 715 πάντα
3280 665 3413 716 κατὰ
3433 667 3511 723 τὸν
3529 670 3650 742 λόγον

2130 747 2316 812 αὑτοῦ,
2345 743 2498 811 οὗτος
2521 747 2742 816 λεγέτωο
2772 767 2790 800 ι
2827 750 3023 816 Δοῦλός
3044 769 3137 808 σου
3169 756 3284 827 είμὶ
3313 757 3431 826 ἐγώ.
3469 781 3486 814 ι
3509 763 3650 822 Tom}.

2126 854 2218 901 τος
2238 835 2311 892 ὢν
2337 840 2688 910 ὁΠροφήτης,
2730 838 2874 906 ἀξιοῖ
2907 841 3098 911 μισθὸν
3126 842 3308 899 λαϐεῖν
3335 847 3430 918 τῆς
3455 848 3651 922 δουλείας

2128 931 2206 983 τό·
2254 949 2270 981 ι
2321 930 2603 984 Συνέτισόν
2657 948 2744 1003 με.
2787 951 2805 983 ι
2851 933 3008 987 Ἔστι
3061 935 3171 1006 γὰρ
3206 938 3412 1006 σύνεσις
3450 944 3650 1024 διδομένη

2127 1023 2234 1078 ἀπὸ
2267 1023 2422 1091 Θεοῦ,
2455 1024 2488 1096 ἢ
2525 1025 2810 1079 ἀπόκειται
2845 1027 2996 1098 παρά
3019 1028 3097 1100 τῷ
3117 1030 3236 1102 Θεῷ
3255 1031 3330 1097 ὡς
3362 1036 3415 1087 ἐν
3444 1023 3655 1114 θησαυροζ

2129 1115 2392 1189 φυλακίῳ.
2433 1119 2659 1188 Πνεῦμα
2688 1118 2818 1191 γὰρ,
2865 1121 3019 1192 φησὶ,
3057 1122 3249 1191 σοφίας
3289 1127 3382 1179 καὶ
3414 1131 3650 1199 συνέσεως,

2127 1209 2219 1262 καὶ
2242 1210 2309 1264 τὰ
2338 1210 2465 1283 ἑξῆς
2490 1211 2596 1265 τῶν
2626 1211 2847 1282 ἀγαθῶν
2874 1214 3186 1287 χαρίσματα
3225 1219 3568 1278 ἀναπαύσεται
3587 1228 3652 1282 ἐπ’

2129 1302 2312 1358 αὐτόν.

2195 1397 2415 1466 Καιρὸς
2444 1398 2551 1453 τοῦ
2585 1400 2834 1470 ποιῆσαι
2849 1400 2928 1468 τῷ
2943 1405 3157 1472 Κυρίῳ,
3187 1405 3656 1468 διεσκέδασαν-τὸν

2125 1491 2313 1558 νόμον
2335 1507 2472 1555 σου,
2501 1510 2555 1546 κ.
2584 1511 2634 1546 τ.
2661 1496 2706 1547 ὲ.
2742 1495 2948 1566 Καιρός
2965 1498 3080 1550 ἐστι
3107 1498 3299 1570 χρόνος
3325 1503 3657 1574 κατορθώσεως

2124 1583 2202 1654 τῷ
2241 1585 2448 1657 Κυρίῳ,
2487 1586 2580 1640 τοῦ
2605 1589 2824 1660 ποιῆσαι
2856 1590 3133 1663 ἐκδίκησιν
3174 1593 3433 1665 δηλονότι.
3462 1599 3657 1654 Κατέλυ-

2127 1691 2244 1739 σαν,
2281 1677 2554 1749 ἠθέτησαν
2585 1680 2675 1734 τὸν
2706 1681 2867 1753 νόμον
2909 1701 3001 1737 σου
3037 1688 3085 1739 oi
3119 1691 3442 1761 παράνομοι.
3469 1693 3659 1764 Σύμμα-

2126 1785 2239 1838 χος·
2295 1789 2312 1821 ι
2344 1770 2552 1842 Καιρὸς
2596 1773 2803 1844 πρᾶξαι
2850 1775 2929 1847 τῷ
2975 1779 3186 1850 Κυρίῳ,
3215 1782 3299 1836 ὅτι
3331 1783 3660 1842 σκεδαννύουσι

2122 1860 2213 1915 τὸν
2238 1863 2402 1934 νόμον
2431 1882 2544 1919 σου.
2577 1885 2596 1918 ι
2635 1867 2885 1932 Ἀκύλας·
2915 1887 2934 1921 ι
2976 1870 3320 1944 Ἦκύρωσαν.
3357 1895 3376 1930 ι

2193 1956 2294 2008 Διὰ
2319 1957 2496 2012 τοῦτο
2519 1959 2669 2027 πρὸς
2695 1959 2897 2028 πάσας
2917 1962 3022 2029 τὰς
3046 1964 3303 2034 ἐντολάς
3345 1986 3457 2026 σου
3482 1991 3662 2045 κατωρ-

2123 2049 2372 2118 θούμην,
2407 2049 2616 2106 πᾶσαν
2661 2053 2806 2107 ὀδόν
2841 2054 3050 2109 ἄδικον
3066 2059 3355 2127 ἐμίσησα,
3391 2081 3442 2117 κ.
3470 2082 3516 2120 τ.
3545 2065 3585 2121 ὲ.
3621 2069 3666 2122 '0

2124 2139 2199 2212 μὴ
2223 2142 2401 2206 πάσας
2432 2143 2532 2206 τὰς
2565 2144 2785 2208 ἐντολὰς
2825 2146 3180 2218 κατορθώσας
3218 2153 3344 2205 οὐδὲ
3379 2157 3544 2210 πᾶσαν
3570 2158 3664 2212 ὁδὸν

2121 2230 2304 2287 ἄδικον
2338 2234 2617 2324 ἐμίσησεν.
2651 2239 2713 2292 Ei
2752 2239 2808 2292 δὲ
2837 2243 2865 2294 6
2893 2243 3226 2314 φοϐούμενος
3253 2246 3348 2300 τὸν
3385 2248 3572 2321 Κύριον
3598 2269 3668 2324 μι-

2123 2325 2207 2376 σεῖ
2237 2323 2471 2390 ἀδικίαν,
2506 2322 2660 2392 οὗτος
2695 2330 2752 2383 δὲ
2778 2331 2878 2384 οὐκ
2915 2334 3199 2408 ἐμίσησεν,
3233 2339 3296 2390 οὐ
3328 2339 3556 2407 φοϐεῖται
3596 2322 3666 2399 τὸν

2121 2415 2346 2488 Κύριον.
2394 2420 2452 2472 '0
2491 2420 2552 2474 δὲ
2601 2423 2676 2495 μὴ
2720 2424 3052 2498 φοϐούμενος
3093 2429 3154 2482 ού
3188 2433 3476 2505 μακάριος,
3520 2437 3666 2510 εἴπερ,

2126 2526 2146 2558 ι
2193 2509 2478 2583 Μακάριος
2507 2515 2535 2567 6
2566 2515 2896 2588 φοϐούμενος
2921 2519 3010 2573 τὸν
3032 2521 3256 2594 Κύριον.
3300 2544 3320 2577 ι
3365 2527 3420 2580 ’0
3444 2528 3534 2590 τὰς
3551 2509 3669 2582 ὲντο-

2120 2598 2220 2665 λάς
2247 2603 2340 2657 τοῦ
2371 2605 2509 2659 Θεοῦ
2545 2608 2776 2677 ἀγαπῶν
2806 2615 2955 2682 μισεῖ
2983 2616 3160 2670 πᾶσαν
3189 2617 3412 2683 κακίαν,
3447 2619 3519 2684 ὡς
3549 2622 3668 2674 ἀντι-

2121 2694 2385 2768 κειμένην
2410 2697 2618 2764 αύταῖς.
2658 2701 2997 2775 Ἀσύμϐατον
3034 2706 3142 2780 γὰρ
3171 2709 3346 2782 ἀρετὴ
3369 2712 3464 2766 καὶ
3511 2713 3668 2777 κακία,

2119 2785 2238 2858 φῶς
2271 2789 2365 2843 καὶ
2387 2791 2597 2858 σκότος,
2625 2791 2785 2864 ὑγεία
2818 2797 2912 2850 καὶ
2947 2799 3122 2864 νόσος.

2189 2973 2514 3044 Θαυμαστὰ
2547 2977 2620 3032 τὰ
2641 2983 2938 3050 μαρτύριά
2964 3000 3102 3050 σου,
3127 2986 3226 3042 διὰ
3255 2989 3435 3046 τοῦτο
3464 2991 3674 3060 ἑξηρεύ-

403 3065 506 3134 ⁸εει
540 3073 604 3114 ea
640 3056 820 3110 anima
851 3071 987 3117 meo,
1027 3065 1134 3110 etc.
1162 3055 1300 3122 Quia
1332 3071 1524 3129 magna
1547 3073 1671 3114 eum
1705 3060 1815 3118 sint
1848 3063 2013 3137 812

2126 3080 2312 3133 νησεν
2353 3069 2507 3124 αὐτὰ
2552 3073 2590 3141 ἠ
2635 3075 2805 3144 ψυχή
2829 3095 2970 3145 μου,
3012 3097 3066 3133 κ.
3113 3097 3161 3134 τ.
3200 3082 3246 3133 ἑ.
3298 3083 3452 3136 Ἐπεὶ
3495 3055 3673 3154 μεγάλα

436 3151 744 3208 testimonia
779 3160 868 3205 tua
895 3151 1227 3222 uberemque
1253 3167 1470 3208 sensum
1500 3155 1758 3222 habeant,
1794 3159 2015 3214 mirabi-

433 3247 503 3301 lia
569 3254 719 3308 sunt,
764 3243 968 3298 idcirco
1004 3259 1110 3299 non
1157 3243 1454 3313 vulgariter
1505 3247 1573 3302 iis
1629 3249 1868 3315 attendo,
1919 3251 2012 3306 sed

431 3334 622 3392 sedulo
653 3335 742 3392 illa
776 3345 1149 3406 perscrutatur
1177 3338 1355 3391 anima
1401 3353 1541 3394 mea.
1595 3339 1732 3396 Cum
1777 3342 1922 3396 enim
1951 3357 2012 3397 ea

430 3427 830 3498 contemplatus
877 3427 1029 3484 fuero
1054 3469 1070 3492 ,
1114 3427 1378 3498 meipsum
1415 3429 1573 3486 video
1611 3431 1905 3500 plurimum
1945 3438 2012 3490 ab

431 3533 625 3574 eorum
655 3518 967 3589 cognitione
995 3530 1260 3574 remotum
1293 3535 1414 3578 esse
1433 3563 1449 3588 ,
1487 3531 1542 3577 et
1574 3523 1770 3579 iterum
1799 3525 1867 3580 iis
1893 3527 2012 3580 ani-

433 3625 582 3666 mum
634 3611 854 3681 adjicio.
909 3611 1114 3668 Deinde
1150 3624 1381 3670 cernens
1431 3631 1517 3670 me
1579 3616 1667 3672 vix
1715 3617 1769 3672 in
1823 3634 2010 3675 eorum

433 3703 836 3759 introductione
870 3705 1098 3773 versari,
1125 3707 1301 3761 denuo
1323 3722 1441 3762 eam
1470 3709 1625 3776 cuius
1653 3723 1830 3780 capax
1864 3727 2007 3780 sum,

431 3796 836 3866 inquisitionem
875 3797 1095 3852 intendo
1119 3839 1134 3864 ,
1171 3798 1341 3856 donec
1385 3801 1652 3872 integram
1683 3805 2010 3874 cognitionis

430 3903 619 3944 eorum
642 3888 932 3944 veritatem
965 3890 1264 3945 obtineam.

501 3978 669 4035 Vsus.
699 3980 823 4038 151.
855 3979 932 4036 Os
956 3996 1126 4034 meum
1151 3983 1334 4048 aperui
1354 4022 1370 4048 ,
1412 3993 1460 4039 et
1499 3988 1699 4042 attraxi
1737 3991 2001 4057 spiritum,

2115 3159 2246 3214 ϐντα
2279 3162 2374 3216 καὶ
2396 3163 2562 3218 πολὺν
2588 3165 2776 3236 ἔχοντα
2801 3169 2925 3224 νοῦν
2952 3169 3020 3224 τὰ
3041 3172 3323 3245 μαρτύριά
3353 3193 3469 3242 σου,
3495 3177 3676 3250 θαυμα-

2117 3253 2217 3306 στά
2238 3255 2374 3318 ἐστι,
2396 3255 2586 3310 τούτου
2617 3259 2776 3330 χάριν
2792 3261 2890 3332 οὐχ
2913 3262 2988 3328 ὡς
3003 3263 3191 3335 ἔτυχεν
3220 3267 3408 3332 αὐτοῖς
3433 3273 3673 3342 προσέχω,

2113 3343 2229 3398 ἀλλ’
2263 3347 2666 3419 ἐπιτεταμένως
2695 3351 2951 3424 ὲξερευνᾷ
2986 3356 3123 3410 αὐτὰ
3157 3359 3188 3429 ἡ
3231 3359 3382 3434 ψυχή
3413 3381 3531 3433 μου·
3564 3365 3677 3436 ἔχων

2113 3436 2221 3510 γάρ
2239 3437 2335 3511 τὴν
2368 3441 2548 3496 αὐτῶν
2578 3441 2831 3516 θεωρίαν,
2864 3447 2976 3519 ὁρῶ
3020 3449 3253 3520 ἐμαυτὸν
3287 3455 3428 3508 πολὺ
3460 3457 3553 3528 τῆς
3578 3459 3672 3512 ἐπι-

2115 3530 2331 3620 στήμης
2377 3532 2554 3620 αὐτῶν
2607 3535 3057 3613 ἀπολειπόμενον,
3099 3544 3192 3598 καὶ
3235 3545 3494 3620 δεύτερον
3523 3553 3678 3615 αὐτοῖς

2113 3618 2407 3674 ἐπιϐάλλω·
2453 3617 2570 3677 εἶτα
2600 3626 2759 3682 πάλιν
2809 3628 2972 3701 ὁρῶν,
2999 3632 3080 3686 ὅτι
3130 3635 3287 3705 μόγις
3329 3617 3677 3713 ὲν-εἱσαγωγῇ

2111 3712 2289 3767 αὐτῶν
2305 3714 2556 3808 ὑπάρχω,
2579 3720 2832 3775 ὲπιτείνω
2850 3723 3030 3778 τοίνυν
3056 3728 3415 3801 ἑγχωροῦσάν
3445 3751 3533 3805 μοι
3553 3735 3680 3808 ἐρευ-

2111 3820 2230 3867 ναν,
2261 3805 2366 3872 ἕως
2391 3801 2453 3860 οὗ
2501 3810 2600 3880 τὴν
2623 3811 3100 3890 ἀκραιφνεστάτην
3130 3820 3228 3892 τῆς
3263 3801 3679 3898 ἐπιστήμης-αύ-

2108 3895 2217 3948 τῶν
2245 3895 2352 3963 ἔξω
2379 3897 2658 3971 ἀλήθειαν.

2183 3987 2256 4044 Τὸ
2288 3995 2484 4062 στόμα
2505 4013 2625 4065 μου
2666 3996 2880 4065 ἤνοιξα
2908 4002 3005 4056 καὶ
3027 4003 3285 4060 εἶλκυσα
3315 4010 3572 4081 πνεῦμα,
3608 4013 3680 4066 ὅτι

427 4059 832 4144 ᾳιιὶαήιαηάιιια
873 4081 962 4124 tua
991 4070 1380 4139 desiderabam,
1429 4084 1538 4130 etc.
1585 4077 1687 4144 Qui
1716 4095 1814 4150 per
1841 4096 2004 4150 opera

2126 4081 2215 4148 τὰς
2245 4059 2643 4151 ἐντολάςνσου
2672 4059 3031 4160 ἐπεπόθουν,
3084 4114 3137 4150 κ.
3187 4115 3237 4150 τ.
3273 4102 3324 4155 ὲ.
3383 4103 3443 4156 Ὀ
3472 4059 3679 4170 inv-aiis;

426 4165 647 4237 aperuit
679 4180 796 4232 cor,
834 4166 1063 4220 attrahit
1101 4166 1363 4235 Spiritum
1395 4177 1644 4223 sanctum
1674 4173 2001 4229 revelantem

2126 4173 2191 4226 ῖιὰ
2216 4175 2315 4246 τῆς
2343 4180 2653 4251 πρακτικῆς
2679 4181 2775 4253 τὴν
2809 4184 3052 4258 καρδίαν,
3077 4187 3220 4244 ἕλκει
3249 4193 3313 4245 τὸ
3342 4194 3502 4264 ἅγιον
3532 4165 3679 4251 Hveﬁ:

425 4259 474 4315 ei
510 4260 775 4332 mysteria
819 4258 938 4313 Dei.
972 4257 1045 4314 Os
1073 4259 1268 4314 animae
1295 4275 1426 4315 meae
1459 4270 1542 4316 est
1585 4264 1858 4334 cogitatio.
1890 4265 2002 4322 Hoc

2126 4284 2184 4320 ta
2209 4268 2270 4321 τὸ
2299 4270 2681 4328 ἀποκαλύπτον
2713 4277 2861 4349 αὐτῷ
2881 4278 2952 4332 τὰ
2985 4284 3259 4354 μυστήρια
3288 4288 3390 4340 τοῦ
3427 4289 3580 4344 Θεοῦ.
3620 4289 3681 4344 Τὸ

427 4351 595 4422 igitur
629 4350 788 4406 malis
826 4351 1251 4422 cogitationibus
1282 4351 1552 4420 clausum,
1600 4357 1786 4426 aperui
1821 4357 1998 4424 bonis,

2107 4358 2280 4431 στόμα
2321 4363 2422 4434 τῆς
2477 4363 2655 4436 ψυχῆς
2699 4365 2812 4439 ’μου
2873 4371 3021 4425 ἐστὶν
3051 4375 3082 4445 ἡ
3115 4374 3348 4432 διάνοια.
3406 4381 3577 4434 Τοῦτο
3603 4379 3680 4436 οὖν

425 4451 480 4498 et
510 4447 715 4503 attraxi
754 4446 1018 4517 Spiritum
1053 4450 1396 4519 intellectus,
1445 4454 1637 4526 gratia:
1681 4463 1737 4510 et
1787 4455 2002 4526 sapien-

2126 4451 2327 4519 ιλείσας
2352 4459 2465 4520 τοῖς
2493 4463 2748 4530 πονηροῖς
2764 4461 3060 4535 λογισμοῖς,
3088 4467 3274 4540 ἧνοιξα
3305 4475 3428 4538 τοῖς
3454 4475 3679 4544 ἀγαθοῖς,

423 4539 534 4596 tiae.

495 4630 772 4703 Ejusdem.
803 4630 1013 4692 Merees
1051 4633 1216 4704 igitur
1245 4635 1616 4692 concessionis
1652 4637 1887 4708 Spiritus
1917 4648 2000 4694 est

424 4721 662 4778 elocutio
691 4731 747 4778 et
781 4725 1064 4779 exsecutio
1096 4727 1478 4782 mandatorum
1522 4727 1640 4796 Dei,
1682 4733 1756 4784 ita
1807 4739 1867 4784 ut
1899 4745 1998 4787 nos

421 4813 595 4869 solum
620 4827 682 4870 os
714 4813 1046 4884 aperiamus,
1084 4825 1139 4870 et
1186 4816 1334 4872 illico
1377 4832 1409 4874 e
1453 4817 1608 4874 caelis
1655 4821 1996 4878 attrahamus

421 4903 702 4972 Spiritum.

502 4989 657 5054 Vens.
695 4998 821 5054 15⁸5.
864 4996 1086 5054 Gressus
1137 5017 1277 5057 meos
1319 5003 1485 5074 dirige
1535 5005 1823 5059 secundum
1879 5007 1994 5061 elo-

417 5089 600 5159 quium
633 5099 804 5155 tuum,
840 5102 891 5146 et
935 5107 1039 5145 non
1078 5094 1377 5148 dominetur
1426 5095 1526 5150 mei
1573 5098 1739 5152 omnis
1776 5097 1994 5168 injusti-

416 5182 512 5245 tia,
538 5191 646 5237 etc.
681 5182 856 5238 Mente
880 5186 1160 5254 peccantis
1194 5188 1455 5242 dominari
1487 5188 1989 5261 diciturinjustitia;

416 5286 580 5340 opere
609 5276 1038 5344 prmvarieantis,
1060 5279 1515 5349 superdominari.
1542 5279 1637 5336 Vel
1671 5281 1812 5338 forte
1861 5298 1994 5352 pau-

416 5363 583 5419 lulum
619 5369 955 5438 peccantium
998 5371 1315 5427 dominatur
1362 5372 1650 5445 iniquitas,
1699 5376 1991 5449 plurimum

417 5471 546 5514 vero
571 5461 910 5529 peccantium
941 5464 1439 5535 superdominatur.

485 5707 532 5740 ⁸³
563 5705 703 5764 l‘sal.
731 5723 839 5774 (ιιι,
871 5709 925 5764 1.

2111 4546 2202 4600 καὶ
2225 4548 2446 4603 είλκυσα
2471 4552 2693 4625 Πνεῦμα
2723 4557 3007 4625 συνέσεως,
3031 4562 3274 4634 χάριτος,
3307 4569 3410 4621 καὶ
3436 4572 3636 4640 σοφίας.

2184 4641 2293 4695 Τοῦ
2324 4644 2530 4699 αὐτοῦ.
2566 4647 2774 4712 Μισθὸς
2813 4650 2922 4721 ἀρα
2969 4653 3068 4724 τῆς
3101 4657 3374 4728 χορηγίας
3404 4661 3502 4715 τοῦ
3534 4663 3681 4717 Πνεύ-

2109 4751 2276 4804 ματος
2304 4738 2337 4808 ἡ
2377 4737 2574 4809 φράσις
2607 4740 2717 4795 τῶν
2754 4743 2982 4799 ἐντολῶν
3011 4747 3104 4800 τοῦ
3133 4749 3268 4803 Θεοῦ
3303 4753 3407 4807 καὶ
3442 4758 3476 4827 ἡ
3511 4759 3680 4829 κατόρ-

2107 4829 2293 4896 θωσις,
2329 4831 2470 4886 ὥστε
2501 4834 2707 4901 ἀνοῖξαι
2733 4838 2890 4907 μόνον
2915 4841 3062 4910 ἡμᾶς
3081 4841 3142 4895 τὸ
3169 4844 3373 4917 στόμα,
3410 4851 3507 4905 καὶ
3532 4870 3682 4923 παρα.

2106 4922 2292 4992 χρῆμα
2325 4923 2550 4994 Πνεῦμα
2569 4925 2626 4990 ἐξ
2653 4928 2896 5000 οὐρανῶν
2922 4932 3116 4987 ἕλκειν.

2181 5014 2256 5068 Τὰ
2286 5014 2616 5086 διαϐήματά
2634 5038 2755 5089 μου
2800 5026 3168 5082 κατεύθυνον
3195 5032 3354 5086 κατὰ
3392 5035 3461 5088 τὸ
3489 5037 3680 5106 λόγιόν

2101 5123 2238 5173 σου,
2282 5108 2484 5178 καὶμὴ
2532 5117 3050 5182 κατακυριευσὰτω
3084 5138 3203 5190 μου
3245 5124 3428 5181 πᾶσα
3457 5131 3676 5200 ἀνομία,

2101 5215 2154 5251 κ.
2198 5215 2249 5252 τ.
2293 5199 2340 5253 ὲ.
2374 5200 2481 5253 Τοῦ
2514 5203 2614 5273 μὲν
2674 5207 2812 5260 κατὰ
2856 5207 3090 5265 διάνοιαν
3132 5199 3678 5286 ἀμαρτάνοντοςγκυ·

2107 5287 2305 5358 ριεύειν
2331 5290 2550 5360 λέγεται
2578 5296 2609 5366 ἡ
2651 5297 2872 5369 ἀνομία⁸
2907 5300 2999 5368 τοῦ
3034 5303 3088 5356 δὲ
3118 5308 3239 5358 κατ’
3265 5309 3564 5383 ἐνέργειαν
3592 5334 3680 5368 m-

2105 5381 2484 5452 ρανομοῦντος,
2524 5391 2960 5461 κατακυριεύειν.
2998 5395 3066 5447 Ἢ
3094 5397 3234 5468 τάχα
3259 5381 3376 5457 τῶν
3410 5407 3512 5474 μὲν
3539 5408 3676 5474 ὀλίγα

2100 5474 2524 5546 ἁμαρτανόντων
2584 5483 2823 5554 κυριεύει
2876 5489 2910 5558 ἡ
2953 5489 3169 5562 ἀνομία,
3208 5493 3320 5546 τῶν
3368 5496 3430 5551 δὲ
3473 5500 3678 5554 πλείονα

2097 5569 2502 5640 κατακυριεύει.
