3800 6506
174 383 303 441 1617

1081 372 1392 430 SELECTA
1430 372 1495 425 IN
1531 370 1866 427 PSALSIOS.
1910 403 1979 413 —-
2016 370 2210 427 PSAL.
2249 366 2483 424 CXVIII.

3289 371 3428 427 ιοιε

236 494 543 562 Διεξόδους
579 490 814 548 ὑδάτων
831 488 1173 544 κατέδυσαν
1205 494 1256 544 οὶ
1281 489 1576 559 ὀφθαλμοί
1601 505 1741 557 μου,

1930 484 2093 541 Vens.
2153 487 2279 545 156.
2339 484 2529 541 Exitus
2597 498 2848 554 .;.atum
2901 486 3226 546 transierunt
3289 495 3431 548 oculi

170 589 289 643 ἐπεὶ
320 588 430 640 οὐκ
476 582 753 653 ἐφύλαξα
786 580 893 635 τὸν
944 581 1132 649 νόμον
1163 596 1301 645 σου,
1335 596 1389 631 κ.
1428 594 1479 630 τ.
1524 576 1570 629 έ.
1604 575 1741 637 Τοὺς

169 678 301 735 κατὰ
319 677 554 731 διάνοιαν
576 673 913 746 πειρασμοὺς
936 671 1031 726 νῦν
1046 671 1321 742 τροπικῶς
1348 669 1516 723 ὕδατα
1548 668 1745 739 ὀνομά-

167 773 263 838 ξει,
298 763 372 824 ὧν
397 770 544 841 ἡμᾶς
571 767 869 840 ἀποτρέπει
892 766 1161 837 Σολομὼν,
1184 764 1381 833 λέγων’
1410 782 1428 815 ι
1452 762 1584 815 Ἀπὸ
1616 761 1744 814 ὓδα-

166 882 250 929 τος
277 862 556 934 ἀλλοτρίου
589 861 855 934 ἀπόσχου,
887 860 982 914 καὶ
1008 859 1116 915 ἀπὸ
1144 857 1329 930 πηγῆς
1352 855 1637 927 ἀλλοτρίας
1670 852 1745 926 μὴ

166 957 309 1031 πίῃς.
352 974 373 1009 ι

232 1049 341 1105 Τοῦ
372 1047 579 1105 αὐτοῦ.
616 1048 681 1102 Οἱ
730 1045 991 1119 ἡμέτεροι
1041 1044 1308 1117 ὀφθαλμοὶ
1362 1047 1440 1111 είς
1480 1044 1745 1110 διεξόδους

164 1141 368 1196 ὑδάτων
404 1141 763 1197 καταδύνουσι
806 1140 876 1194 τά
901 1139 993 1194 τοῦ
1022 1140 1137 1211 βίου
1178 1140 1479 1211 πράγματα
1513 1139 1744 1206 ἄστατα,

162 1230 239 1299 oi;
266 1234 381 1288 ἐστι
404 1235 563 1306 χρεία
578 1233 761 1287 λοιπὸν
774 1232 985 1286 ἐκεῖθεν
1002 1232 1299 1303 ἀναχθῆναι
1326 1232 1419 1285 καὶ
1437 1232 1746 1303 διαϐλέψαι,

162 1326 297 1380 ὥστε
310 1326 377 1380 τὰ
390 1326 657 1397 ἑστηκότα
669 1324 762 1379 τοῦ
784 1324 1066 1396 μέλλοντος
1083 1324 1275 1389 αἰῶνος
1287 1325 1404 1378 διαθ
1415 1327 1523 1395 ρεῖν
1536 1324 1741 1380 λοιπόν.

230 1417 339 1473 Τοῦ
369 1418 577 1474 αὐτοῦ.
632 1417 691 1472 '0
716 1416 1009 1489 Σύμμαχος
1037 1416 1198 1470 οὕτω·
1230 1436 1248 1469 ι
1288 1419 1593 1491 Διαιρέσεις
1620 1418 1746 1473 ὑδάυ

165 1528 265 1565 των
289 1512 589 1567 κατέδυναν
608 1515 655 1566 οἱ
689 1511 958 1582 ὀφθαλμοί
1005 1529 1107 1582 μου
1140 1512 1270 1583 περὶ
1306 1511 1414 1566 τῶν
1447 1514 1521 1586 μὴ
1553 1513 1748 1583 φυλασ-

163 1602 360 1657 σόντων
391 1604 483 1657 τὸν
512 1605 674 1674 νόμον
721 1620 835 1656 σου.
870 1620 890 1655 ι

239 1694 511 1763 Ἐξέτηξέ
523 1712 600 1766 με
630 1693 808 1765 ζῆλος
842 1709 980 1761 σου,
1012 1695 1102 1750 ὅτι
1121 1696 1487 1753 ἐπελάθοντο
1513 1698 1633 1753 τῶν
1651 1701 1748 1755 λό-

156 1804 274 1857 γων
293 1802 409 1844 σου
436 1792 490 1843 οὶ
531 1789 734 1858 ἐχθροί
750 1806 891 1859 μου,
919 1806 975 1843 κ.
1005 1807 1055 1843 τ.
1080 1790 1127 1843 ἑ.
1167 1786 1293 1844 Οἶον
1323 1789 1483 1861 ζῆλον
1513 1791 1746 1862 ἀνελάμ-

157 1851 335 1945 όανον,
371 1851 767 1951 είποτενέῶρων
785 1851 905 1935 τινά
938 1851 1362 1953 ἐπιλελησμένον
1379 1851 1497 1935 ’τῶν
1532 1882 1637 1936 σῶν
1657 1851 1744 1936 λό-
1774 1851 1817 1907 Β

155 1986 297 2038 γων;
338 1970 451 2042 Οὐχ
482 1971 671 2035 ἀπλῶς
701 1971 881 2043 ζῆλον,
918 1972 1055 2027 ἀλλά
1101 1972 1402 2027 διάπτοντά
1444 1990 1504 2028 τε
1540 1976 1635 2029 καὶ
1663 1976 1744 2031 έν-

155 2059 377 2132 θερμον,
414 2063 508 2116 καὶ
558 2063 883 2135 αὐτόχρημα
926 2064 1144 2129 καῦσιν,
1193 2066 1242 2119 εί
1282 2065 1545 2137 ἐθεώρουν
1589 2066 1743 2132 τινὰς

153 2150 679 2224 ἐπιλανθανομένους
722 2172 819 2209 σου
851 2154 961 2209 τῶν
1012 2155 1202 2226 λόγων.
1253 2158 1389 2229 Περὶ
1422 2158 1614 2214 τούτου
1646 2158 1741 2213 τοῦ

152 2243 312 2315 ζήλου
340 2246 692 2320 ἐμνήσθησαν
719 2249 767 2302 oi
796 2248 1035 2321 μαθηταὶ
1083 2252 1149 2304 ὲκ
1175 2250 1466 2323 προσώπου
1510 2251 1601 2304 τοῦ
1637 2253 1743 2307 Κυ-

153 2335 269 2407 ρίου
310 2340 368 2392 ὲν
414 2338 613 2410 ψαλμῷ
652 2341 964 2412 εἰρημένου,
993 2341 1076 2395 ὅτι
1127 2361 1148 2394 s
1175 2338 1237 2397 Ὀ
1254 2341 1415 2415 ζῆλος
1464 2343 1559 2399 τοῦ
1590 2344 1742 2400 οἴκου

153 2442 245 2478 σου
281 2428 565 2497 κατέφαγέ
595 2446 683 2500 με.
716 2449 735 2482 ι

220 2519 658 2589 Πεπυρωμένον
702 2520 771 2573 τό
814 2522 1024 2592 λόγιόν
1077 2538 1193 2579 σου
1254 2526 1511 2595 σφόδρα,
1560 2527 1657 2581 καί
1708 2531 1741 2582 ὀ

149 2605 368 2676 δοῦλός
400 2624 517 2664 σου
549 2611 871 2681 ἠγάπησεν
907 2615 1075 2681 αὐτὸ,
1104 2634 1158 2670 κ.
1195 2634 1245 2671 τ.
1277 2620 1323 2672 ἐ.
1356 2619 1594 2684 Ἀδολος,
1644 2638 1742 2692 φη-

151 2699 258 2762 σὶν,
292 2702 320 2753 ὀ
361 2701 455 2754 τοῦ
503 2702 639 2756 Θεοῦ
687 2705 871 2775 νόμος,
915 2706 991 2769 ὡς
1038 2707 1186 2778 αύτῷ
1221 2711 1616 2780 πεπυρωμένος
1661 2711 1740 2782 τῷ

147 2792 440 2862 πνεύματι*
475 2795 663 2867 διόπερ
684 2798 744 2849 οὐ
769 2798 1077 2864 κολακείαν,
1108 2802 1210 2854 οὐκ
1234 2802 1516 2873 εἰρωνείαν
1538 2805 1738 2877 κέκτη-

144 2899 255 2948 ται,
300 2886 436 2940 ἀλλὰ
464 2888 713 2960 φανερῶς
741 2891 867 2954 τοὺς
902 2892 1314 2964 ἁμαρτάνοντας
1343 2896 1576 2967 ἐλέγχει,
1609 2899 1737 2962 τοὺς

143 2975 480 3047 ἀμελοῦντας
522 2979 735 3049 στύφει.
783 3001 801 3033 ι
838 2983 954 3035 Ζῶν
976 2984 1085 3056 γὰρ
1113 2987 1141 3038 ό
1162 2986 1318 3055 λόγος
1350 2987 1442 3040 τοῦ
1465 2989 1621 3053 Θεοῦ,
1645 2990 1738 3043 καὶ

144 3070 396 3143 ἐνεργὴς,
429 3072 522 3126 καὶ
550 3073 859 3146 τομώτερος
892 3076 1035 3148 ὑπὲρ
1063 3079 1241 3131 πᾶσαν
1272 3080 1549 3154 μάχαιραν
1572 3082 1739 3136 δίστο-

1845 577 1967 643 mei,
1997 580 2122 648 quia
2147 596 2249 633 non
2277 576 2533 632 custodivi
2561 575 2726 647 legem
2756 587 2900 631 luam
2922 617 2938 646 ,
2984 588 3094 635 etc.
3140 579 3425 640 Tentatio-

1845 686 1941 726 nes
1988 686 2107 740 qute
2162 670 2326 726 menti
2358 682 2696 735 occurrunt.
2759 687 2905 729 nunc
2973 674 3204 747 ﬁgurate
3253 692 3429 750 aquas

1846 772 2038 827 vocat,
2073 777 2102 818 a
2140 763 2336 833 quibus
2384 779 2483 820 nos
2530 768 2727 819 avertit
2782 764 3064 834 Salomon,
3102 768 3292 829 dicens
3342 772 3425 828 “:

1853 854 1976 908 tAb
2007 869 2146 925 aqua
2205 856 2384 910 aliena
2414 855 2648 924 abstine,
2691 867 2745 913 et
2790 859 2855 914 de
2906 858 3056 916 fonte
3101 861 3281 922 alieno
3317 880 3423 922 neu

1846 945 2020 1001 bibas.
2052 965 2072 999 ι

1919 1036 2198 1112 Ejusdem.
2253 1036 2407 1094 Oculi
2450 1042 2623 1097 nostri
2670 1043 2723 1097 in
2770 1042 2947 1100 exitus
2980 1060 3245 1118 aquarum
3281 1049 3425 1107 fluxa

1847 1130 1969 1185 vitae
2003 1130 2162 1199 hujus
2194 1132 2406 1203 negotia
2442 1133 2789 1205 demergunt,
2823 1138 3023 1208 quibus
3067 1138 3265 1196 deinde
3290 1157 3424 1211 opus

1847 1234 1931 1280 est
1968 1224 2094 1278 inde
2138 1224 2330 1279 deduci
2367 1232 2420 1279 et
2468 1225 2760 1296 dispicere,
2819 1237 2878 1283 ut
2919 1231 2972 1286 in
3017 1241 3293 1300 posterum
3340 1248 3428 1289 res

1847 1316 2072 1372 stabiles
2102 1316 2266 1371 futuri
2295 1317 2476 1373 seaculi
2506 1328 2890 1377 contueantur.

1921 1407 2194 1480 Ejusdem.
2262 1407 2622 1482 Symmachus
2678 1414 2757 1471 sic
2818 1417 3028 1473 vertit:
3068 1435 3088 1471 ι
3124 1416 3428 1476 Divisiones

1848 1517 2114 1571 aquarum
2145 1502 2427 1558 subierunt
2464 1503 2608 1560 oculi
2643 1505 2749 1563 mei
2788 1506 2856 1563 de
2886 1507 2952 1563 iis
2979 1510 3068 1580 qui
3099 1523 3209 1567 non
3240 1520 3428 1566 custo-

1848 1594 2003 1649 diunt
2032 1593 2206 1667 legem
2238 1606 2401 1651 tuam.
2422 1618 2444 1654 ι

1858 1750 1861 1751 ν
1926 1688 2085 1745 Vens.
2123 1688 2244 1743 159.
2300 1688 2583 1744 Tabescere
2628 1707 2709 1746 me
2745 1690 2867 1760 fecit
2908 1692 3053 1748 zelus
3098 1703 3258 1759 tuus;
3303 1691 3428 1764 quia

1849 1782 2136 1838 oblitisunt
2164 1783 2316 1838 verba
2354 1791 2448 1838 tua
2473 1785 2673 1839 inimici
2696 1787 2818 1847 mei,
2850 1797 2957 1842 etc.
2986 1787 3209 1855 Qualem
3251 1785 3427 1841 zelum

1844 1875 2210 1940 assumebam,
2238 1876 2281 1932 si
2307 1879 2527 1948 quando
2570 1881 2821 1935 videbam
2856 1880 3095 1949 aliquem
3130 1878 3425 1935 verborum

1849 1978 2061 2023 tuorum
2089 1967 2380 2025 oblivisci?
2412 1969 2610 2042 Utique
2633 1988 2739 2029 non
2770 1974 3203 2043 qualemcunque
3227 1971 3426 2033 zelum,

1844 2062 1939 2116 sed
1976 2076 2264 2117 accensum
2297 2070 2351 2118 et
2376 2061 2642 2129 calidum,
2672 2075 2835 2135 atque
2874 2064 3023 2119 illico
3046 2065 3352 2131 ardentem,
3383 2064 3428 2116 si

1842 2155 2064 2225 quando
2096 2155 2343 2210 videbam
2382 2155 2596 2226 aliquos
2625 2158 2919 2213 verborum
2960 2168 3176 2213 tuorum
3206 2156 3424 2212 oblitos.

1845 2247 2016 2318 Hujus
2044 2248 2142 2304 zeli
2170 2249 2537 2305 meminerunt
2565 2251 2840 2322 discipuli,
2873 2253 2937 2306 de
2959 2265 3068 2321 quo
3096 2264 3162 2306 ex
3195 2264 3427 2320 persona

1846 2341 2058 2399 Domini
2102 2344 2154 2397 in
2206 2343 2416 2413 psalmo
2448 2342 2492 2374 "’
2545 2344 2748 2400 dicitur
2782 2365 2794 2400 :
2830 2343 3036 2398 «Zelus
3084 2342 3278 2399 domus
3325 2350 3430 2399 tua:

1842 2437 2079 2491 comedit
2105 2450 2209 2490 me.
2237 2455 2257 2488 ι

1914 2528 2079 2583 Vens.
2134 2528 2257 2584 NO.
2303 2527 2540 2598 Ignitum
2585 2527 2851 2599 eloquium
2886 2534 3034 2580 tuum
3075 2526 3425 2589 vehementer,

1841 2628 1892 2674 et
1916 2638 2093 2675 servus
2131 2630 2252 2673 tuus
2293 2620 2479 2675 dilexit
2506 2619 2663 2683 illud,
2689 2628 2800 2674 etc.
2850 2618 2989 2683 Doli,
3019 2616 3215 2687 inquit,
3256 2615 3423 2688 813

1794 2706 1795 2709 “
1841 2729 2035 2779 expers
2061 2722 2145 2768 est
2181 2715 2263 2768 lex
2293 2715 2407 2779 Dei,
2438 2723 2623 2783 utpote
2652 2713 2772 2782 ipso
2805 2710 3001 2781 spiritu
3036 2710 3204 2780 ignita
3239 2731 3251 2766 :
3290 2723 3428 2779 qua-

1841 2818 2063 2876 propter
2085 2821 2189 2861 non
2222 2806 2625 2871 adulationem,
2657 2819 2763 2859 non
2797 2802 3204 2859 simulationem
3244 2798 3425 2856 conti-

1841 2910 1952 2966 net,
1999 2900 2092 2954 sed
2145 2899 2436 2954 manifeste
2485 2907 2775 2967 peccantes
2831 2897 3041 2967 arguit,
3087 2893 3428 2965 negligentes

1840 2993 2178 3061 perstringit.
2221 3008 2240 3042 ι
2276 2991 2445 3046 Vivus
2470 2998 2553 3043 est
2575 2990 2720 3043 enim
2749 3003 2933 3043 sermo
2971 2986 3097 3053 Dei,
3127 2996 3181 3041 et
3210 2984 3422 3046 elIicax.

1840 3093 1894 3140 et
1920 3084 2310 3155 penetrabilior
2340 3083 2492 3138 omni
2519 3081 2698 3153 gladio
2738 3079 2999 3150 ancipiti,
3030 3089 3085 3134 et
3110 3079 3426 3149 pertingens

148 3178 268 3227 μον,
313 3165 409 3217 καὶ
468 3163 838 3236 διικνούμενος
892 3166 1022 3239 ἄχρι
1084 3171 1352 3242 μερισμοῦ
1403 3172 1584 3242 ψυχῆς
1641 3173 1737 3227 καὶ

1884 3194 2011 3249 sque
2043 3178 2110 3233 ad
2132 3177 2456 3232 divisionem
2486 3176 2683 3230 anima:
2710 3182 2766 3229 et
2803 3174 3030 3244 spiritus
3050 3215 3064 3239 ,
3101 3185 3423 3240 compagem

142 3251 479 3324 πνεύματος,
528 3255 722 3329 ἁρμῶν
758 3273 817 3310 τε
854 3260 950 3313 καὶ
983 3259 1217 3330 μυελῶν,
1248 3262 1341 3316 καὶ
1374 3264 1618 3333 κριτικὸς
1648 3265 1735 3320 ὲν-

143 3342 437 3417 Ουμήσεων
484 3350 579 3405 καὶ
615 3352 838 3409 ἐννοιῶν
891 3353 1141 3425 καρδίας.
1197 3374 1216 3406 ι
1274 3356 1475 3410 Τοῦτον
1532 3358 1736 3424 τοίνυν,

141 3437 306 3512 εἴπερ
330 3441 497 3513 ἐσμὲν
520 3442 697 3497 δοῦλοι
728 3444 822 3498 τοῦ
845 3446 1003 3511 Θεοῦ,
1030 3448 1123 3501 καὶ
1148 3449 1307 3519 ἡμεῖς
1340 3435 1737 3523 ἀγαπήσωμεν,

145 3534 418 3606 μηδαμῶς
461 3534 627 3591 αὑτὸν
677 3538 1003 3607 κυϐεύοντες
1056 3542 1190 3615 μηδὲ
1234 3542 1511 3607 δολοῦντες
1567 3546 1738 3617 (ὅπερ

139 3628 255 3692 πᾶς
279 3631 307 3682 ὁ
335 3629 547 3695 Παῦλος
576 3631 840 3703 ᾐνίξατο),
875 3634 1114 3708 καθαρὸν
1132 3636 1189 3691 δὲ
1218 3637 1603 3709 προφέροντες,
1634 3656 1736 3693 κα-

138 3720 323 3794 θάπερ
340 3723 404 3776 ἐκ
419 3724 517 3794 τῆς
536 3722 630 3777 τοῦ
656 3724 973 3797 Πνεύματος
989 3728 1219 3799 χωνείας
1234 3728 1554 3799 ἐδεξάμεθα.

218 3814 331 3871 Τοῦ
365 3815 571 3871 αὐτοῦ.
613 3816 686 3871 Τὸ
718 3819 1114 3890 πεπυρωμένον
1144 3820 1322 3890 λόγιον
1352 3822 1447 3877 τοῦ
1482 3821 1615 3877 Θεοῦ
1640 3841 1738 3877 κα-

134 3905 357 3961 τακαίει
392 3906 545 3975 ξύλα,
592 3907 804 3981 χόρτον,
838 3910 1113 3985 καλάμην,
1152 3912 1255 3979 τὰς
1284 3914 1565 3988 μοχθηρὰς
1594 3915 1736 3983 ἕξεις

136 3996 458 4052 ἀναλίσκον.

224 4091 295 4148 Ἦ
320 4092 677 4164 δικαιοσύνη
720 4110 839 4149 σου
869 4092 1226 4167 δικαιοσύνη
1255 4098 1344 4166 είς
1374 4097 1484 4155 τὸν
1525 4098 1731 4165 αἰῶνα,

133 4186 242 4240 καί
278 4189 313 4241 ό
335 4188 521 4256 νόμος
544 4202 662 4241 σου
690 4188 957 4256 ἀλήθεια,
992 4205 1045 4244 κ.
1066 4206 1117 4242 τ.
1146 4190 1192 4243 ἑ.
1244 4190 1311 4245 Ἦ
1339 4191 1490 4264 παρά
1523 4192 1735 4265 ἀνθρώο

132 4296 266 4344 ποις
294 4278 605 4351 δικαιοσύνη
645 4279 783 4352 πρὸς
824 4280 1005 4350 ὀλίγον
1034 4280 1351 4354 ψηφίζεται.
1409 4283 1731 4357 Δικαιοσύνη

130 4369 358 4436 αἰώνιος
384 4369 693 4444 δικαιοσύνη
730 4372 933 4445 κυρίως
954 4389 967 4403 °
1018 4374 1076 4429 ὃν
1123 4373 1191 4428 ἂν
1215 4376 1465 4441 δικαιοῖς,
1497 4378 1733 4441 αίωνίως

128 4465 234 4520 καὶ
261 4464 486 4530 δικαίως
536 4466 794 4536 βεϐαιοῖς.
847 4467 911 4521 Ἦ
939 4468 996 4521 δὲ
1039 4468 1151 4521 τῶν
1195 4468 1499 4540 ἀνθρώπων
1531 4470 1590 4524 οὐ
1623 4487 1730 4523 τοι-

1845 3287 2059 3342 quoque
2086 3285 2152 3326 ac
2181 3269 2533 3325 medullarum
2555 3308 2571 3334 ,
2628 3277 2682 3323 et
2732 3267 2998 3323 diseretor
3033 3264 3423 3334 cogitationum

1843 3374 1898 3420 et
1941 3364 2298 3417 intentionum
2346 3361 2528 3417 cordis
2559 3361 2627 3415 ⁵⁵.
2661 3378 2679 3413 t
2712 3358 2866 3414 Illum
2891 3360 3077 3430 igitur,
3113 3359 3161 3413 si
3202 3357 3422 3427 quidem

1842 3457 1983 3513 servi
2020 3456 2110 3511 Dei
2141 3470 2351 3521 sumus,
2380 3470 2478 3509 nos
2507 3468 2723 3524 quoque
2745 3453 3420 3523 diligemus,nequaqunut

1839 3567 1963 3608 eum
2017 3550 2364 3606 ludificantes
2412 3559 2505 3603 aut
2545 3548 2900 3603 falsificantes
2946 3546 3131 3617 (quod
3194 3545 3259 3600 de
3310 3560 3425 3616 qut.

1839 3644 2064 3700 busdam
2091 3643 2301 3700 Paulus
2349 3640 2707 3712 insinuavit),
2734 3640 2828 3696 sed
2857 3654 3052 3711 purum
3083 3636 3426 3710 proferentcs

1838 3746 1997 3810 prout
2026 3752 2150 3792 eum
2178 3752 2241 3791 ex
2274 3736 2501 3792 fornace
2533 3736 2770 3805 Spiritus
2799 3734 3135 3803 accepimus.

1913 3830 2193 3900 Ejusdem.
2231 3828 2461 3900 Ignitum
2494 3827 2768 3890 eloquium
2803 3826 2897 3881 Dei
2945 3821 3219 3880 comburit
3248 3820 3420 3894 ligna,

1840 3922 2047 3988 fenum,
2071 3922 2349 3994 stipulam,
2386 3921 2559 3978 malos
2591 3920 2810 3976 habitus
2832 3930 3185 3975 consumens.

1908 4107 2074 4163 Vens.
2106 4106 2229 4163 142.
2261 4105 2485 4161 Iustitia
2508 4114 2601 4159 tua
2622 4103 2837 4172 justitia
2875 4102 2931 4157 in
2959 4111 3238 4166 wternum,
3268 4106 3319 4154 et
3338 4098 3423 4153 (ea:

1838 4214 1927 4258 tua
1945 4204 2158 4265 veritas,
2182 4209 2287 4255 etc.
2308 4198 2438 4264 Quae
2465 4198 2605 4270 apud
2635 4195 2883 4267 homines
2900 4204 2986 4250 est
3007 4191 3214 4263 justitia
3237 4190 3418 4260 parvi-

1838 4294 2110 4365 pcnditur.
2138 4291 2353 4347 Iustitia
2385 4300 2587 4346 teterna
2620 4289 2838 4358 proprie
2873 4285 3082 4356 justitia
3114 4292 3217 4340 est.
3247 4282 3417 4348 Quem

1829 4385 2232 4456 justiftcaveris,
2279 4399 2405 4439 eum
2460 4385 2513 4436 in
2565 4390 2824 4435 aeternum
2852 4388 2906 4432 et
2933 4379 3078 4448 justo
3100 4375 3416 4431 confirmas.

1834 4477 2054 4534 Justitia
2089 4490 2219 4532 vero
2246 4475 2521 4530 hominum
2557 4488 2663 4525 non
2696 4481 2777 4526 est
2804 4469 3089 4540 ejusmodi.
3121 4467 3421 4537 Tempora-

126 4558 279 4630 αύτη
301 4575 315 4588 ·
344 4558 678 4630 πρόσκαιρός
701 4575 761 4611 τε
797 4559 904 4631 γὰρ
932 4558 1027 4612 καὶ
1059 4559 1401 4632 σφαλλομένη
1432 4562 1503 4615 τὰ
1536 4561 1726 4616 πολλά.

1884 4586 1939 4626 ea
1974 4570 2117 4625 enim
2154 4577 2239 4624 est
2267 4578 2320 4622 et
2344 4581 2486 4637 saepe
2520 4564 2673 4619 falsa.
2697 4562 2808 4617 Lex
2840 4574 2928 4617 tua
2957 4563 3187 4633 ipsatnet
3220 4560 3418 4616 veritas

126 4651 251 4705 Καὶ
282 4650 312 4704 ὁ
337 4650 500 4723 νόμος
530 4669 623 4705 σου
650 4650 782 4705 αὐτὸ
827 4652 1018 4724 χρῆμα
1048 4652 1326 4725 ἀληθείας,
1369 4654 1573 4725 σφόδρα
1597 4655 1731 4727 ἀλη-

127 4741 316 4798 θεύων
349 4744 409 4797 ὲν
453 4744 609 4797 πᾶσι.
672 4744 891 4797 Νοεῖται
942 4744 999 4796 δὲ
1030 4743 1257 4816 ἀλήθεια
1308 4745 1402 4799 καὶ
1438 4745 1731 4818 ἡόρθότης

123 4834 283 4907 κατά
308 4835 371 4890 τό
394 4851 408 4868 θ
451 4854 471 4891 ι
498 4835 716 4899 Δίκαιος
751 4832 821 4904 si,
856 4835 1051 4908 Κύριε,
1088 4834 1184 4889 καί¹
1228 4836 1407 4903 εὐθεῖς
1433 4839 1488 4891 ad
1519 4837 1730 4911 κρίσεις

123 4945 254 4984 σου.
292 4945 314 4982 1

208 5021 461 5090 atth
506 5020 608 5077 καί
648 5021 903 5093 ἀνάγκαι
932 5022 1197 5092 εὔρου-ἀν
1234 5041 1332 5095 με,
1378 5025 1440 5079 al
1486 5022 1731 5080 ἐντολαί

121 5127 257 5169 σου
282 5114 505 5185 μελέτη
528 5133 670 5186 μου,
713 5134 771 5174 κ.
794 5135 856 5175 ,τ.
882 5117 928 5172 έ.
970 5119 1181 5189 Ὥσπερ
1216 5115 1558 5190 ἐκζητουσῶν
1582 5119 1731 5189 ἡμᾶς

120 5205 245 5263 τῶν
274 5207 504 5279 θλίψεων
537 5209 632 5264 καὶ
678 5210 786 5264 τῶν
814 5210 1089 5281 ἀναγκῶν,
1121 5209 1268 5280 λέγει
1312 5211 1393 5279 τὸ,
1441 5229 1461 5263 ι
1482 5210 1730 5285 Εὖροσάν

128 5316 230 5372 με.
256 5318 276 5353 ι
331 5302 403 5356 Ἥ
447 5302 592 5372 τάχα
637 5302 845 5373 θλίψεις
891 5305 940 5358 οἱ
992 5302 1264 5369 θλίϐοντες
1304 5303 1575 5375 λέγονται,
1629 5305 1726 5359 καὶ

124 5394 379 5463 ἀνάγκαι
408 5396 457 5449 οι
484 5396 584 5459 τὰς
610 5397 856 5466 ἀνάγκας
887 5396 1214 5467 ἐπάγοντεςο
1248 5396 1371 5461 ἔθος
1400 5398 1510 5468 γὰρ
1543 5398 1656 5469 ἔχει
1684 5400 1719 5470 ἡ

124 5486 331 5560 Γραφὴ
360 5488 459 5552 τὰς
489 5488 630 5555 ἔξεις
658 5490 780 5543 ἀντὶ
810 5490 918 5545 τῶν
945 5490 1179 5562 ἑχόντων
1216 5490 1384 5555 αὐτὰς
1414 5491 1719 5562 ὀνομάζειν.

126 5581 298 5637 Οὕτω
322 5583 433 5656 γὰρ
479 5583 632 5655 παρὰ
677 5582 896 5656 Παύλῳ·
921 5604 939 5638 ι
962 5582 1028 5637 Ἠ
1048 5586 1235 5657 ἀγάπη
1263 5586 1519 5641 οὐδέποτε
1562 5588 1721 5642 ἐκπί-

128 5691 265 5727 πτει
284 5690 297 5705 ο
325 5693 346 5727 ι
402 5676 495 5728 καὶ
528 5675 681 5747 παρὰ
708 5676 1014 5748 Σολομῶντι
1035 5692 1048 5709 ο
1081 5696 1099 5729 ι
1146 5678 1210 5732 Ἠ
1235 5679 1380 5752 κακὴ
1416 5679 1578 5754 βουλὴ
1611 5684 1719 5736 ἀπ-

252 5767 299 5843 f‘
337 5769 495 5824 Prov.
538 5787 599 5843 v,
646 5769 731 5827 16.
843 5772 887 5804 ⁸⁷
925 5772 1066 5829 Psal.
1108 5790 1297 5843 vant,
1344 5775 1429 5831 10.

137 5838 190 5871 ⁶¹
228 5838 392 5897 Prov.
435 5856 493 5903 tt,
539 5842 623 5897 17.

1541 5774 1587 5807 ⁸⁸
1625 5774 1791 5831 Hebr.
1836 5790 1914 5843 tv,
1962 5778 2046 5832 12.

1832 4672 1939 4728 est,
1967 4661 2164 4731 quippe
2194 4672 2314 4728 quas
2336 4659 2389 4713 iu
2420 4658 2670 4713 omnibus
2700 4672 2862 4712 verax
2894 4664 2996 4710 est.
3030 4650 3289 4707 Veritatis
3319 4666 3416 4705 no-

1836 4756 1983 4812 mine
2034 4754 2358 4824 intelligitur
2414 4753 2577 4807 ctiatn
2639 4751 2908 4807 reclitndo
2951 4748 3106 4820 juxta
3168 4745 3298 4804 illud
3326 4745 3413 4799 ”:

1839 4864 1860 4901 ι
1902 4845 2089 4902 Justus
2114 4859 2193 4911 es,
2224 4844 2477 4914 Domine,
2509 4853 2565 4902 et
2595 4854 2742 4902 recta
2767 4840 2971 4911 judicia
2997 4850 3109 4896 tua.
3152 4857 3172 4891 ι

1907 5032 2072 5088 Vens.
2105 5030 2230 5088 145.
2265 5028 2656 5085 Tribulationes
2681 5036 2730 5083 et
2758 5025 3087 5081 necessitates
3108 5023 3413 5077 invenerunt

1835 5144 1958 5193 me;
1986 5128 2242 5182 mandata
2269 5134 2362 5179 tua
2392 5124 2663 5178 meditatio
2703 5138 2820 5177 mea
2849 5130 2947 5185 est,
2983 5128 3088 5173 etc.
3121 5114 3287 5181 Quasi
3315 5129 3414 5170 nos

1833 5222 2123 5293 exquirant
2173 5220 2555 5277 tribulationes
2605 5229 2660 5276 et
2691 5216 3062 5279 necessitates,
3098 5213 3174 5268 ait
3205 5228 3220 5265 :
3257 5229 3278 5264 ι
3324 5209 3412 5265 In-

1831 5323 2101 5370 venerunt
2139 5327 2247 5369 me.
2289 5330 2310 5367 ι
2343 5311 2439 5368 Vel
2485 5313 2628 5370 forte
2671 5310 3055 5369 tribulationes
3087 5305 3344 5361 dicuntur
3376 5301 3413 5358 ii

1831 5406 1922 5477 qui
1953 5406 2233 5475 tribulant,
2268 5408 2620 5463 necessitates
2644 5421 2769 5462 vero
2792 5405 2829 5459 ii
2864 5403 2952 5474 qui
2985 5400 3105 5456 illas
3145 5398 3411 5453 inferunt.

1833 5501 1985 5559 Solet
2010 5501 2153 5557 enim
2189 5501 2469 5572 Scriptura
2511 5501 2735 5557 habitus
2786 5498 3069 5554 nominare
3099 5507 3196 5563 pro
3225 5491 3293 5546 iis
3319 5489 3413 5553 qui

1831 5593 1952 5648 illos
2000 5593 2222 5649 habent.
2269 5594 2362 5649 Sic
2398 5594 2542 5647 enim
2583 5594 2722 5661 apud
2767 5590 2991 5646 Paulum
3031 5583 3412 5638 “:«Lharllas

1829 5700 2107 5756 nunquam
2136 5685 2338 5741 excidit
2367 5703 2380 5739 :
2422 5702 2441 5737 ι
2489 5693 2544 5737 et
2571 5685 2710 5753 apud
2747 5684 3091 5740 Salomonem
3116 5679 3196 5732 “z
3234 5696 3252 5727 ι
3287 5676 3409 5728 Per-

2151 5778 2195 5809 ”
2232 5774 2375 5852 Psal.
2415 5790 2612 5843 cxvm,
2659 5779 2778 5834 157.
2892 5778 2933 5808 ⁶⁰
2973 5777 2992 5831 I
3032 5776 3156 5831 Cor.
3195 5792 3321 5844 xm,
3360 5778 3410 5832 8.
3454 5822 3455 5825 η
