3800 6500
182 319 312 377 169.1

1092 297 1400 368 SEL'ECTA
1439 308 1505 363 lN
1546 304 1880 363 PSALMOS.
1925 333 1996 346 ..-
2035 301 2230 358 PSAL.
2263 295 2496 356 cxvut.

3281 284 3420 337 {62:2

180 451 263 512 εἰς
293 444 399 498 τὸν
425 441 607 496 αἰῶνα
649 439 1046 509 ἐθεμελίωσας
1075 438 1245 501 αὐτὰ,
1282 454 1334 489 κ.
1357 454 1404 489 τ.
1431 436 1477 488 ὲ.
1521 435 1584 486 'H
1609 431 1746 500 γνῶ-

1871 439 2169 482 ηαιιενηωη
2215 423 2452 495 fundasti
2496 437 2598 486 ea,
2633 427 2740 474 etc.
2801 416 2929 473 Mihi
2980 416 3104 471 olim
3163 413 3229 468 ab
3270 410 3419 465 initio

183 540 264 602 σίς
299 552 388 607 μοι
435 532 668 603 ἀρχῆθεν
718 529 1005 602 ἀρξαμένῳ
1043 527 1136 582 τοῦ
1188 526 1453 580 θεοσεϐεῖν
1496 521 1746 594 ἐλήλυθεν

179 628 284 683 ἀπὸ
329 625 434 678 τῶν
471 624 578 677 σῶν
624 623 966 695 μαρτυρίων
1020 619 1440 691 συνεργούμενος
1493 615 1598 687 γὰρ
1641 613 1748 667 άπὸ

178 720 268 774 τοῦ
306 719 617 790 νενοηκέναι
643 717 711 770 τὰ
741 717 1011 788 μαρτύρια
1031 713 1097 765 τά
1124 709 1550 783 παραδεδομένα,
1579 706 1747 768 οὑτως

179 811 540 883 ὲφωτιζόμην,
574 809 668 863 καὶ
711 805 1070 878 ὴκοντιζόμην
1121 805 1214 856 ἐπὶ
1259 802 1356 872 τὴν
1398 800 1617 868 γνῶσιν,
1657 798 1750 849 καὶ

179 906 370 973 ἔγνων,
406 903 486 956 ὃτι
526 901 592 954 τὰ
625 900 895 972 μαρτύρια
939 900 1016 961 εἰς
1043 896 1132 949 τὸν
1165 894 1333 948 αἰῶνα
1365 890 1748 963 ἐθεμελίωσας.

178 996 241 1050 Εἰ
266 996 322 1049 δὲ
350 994 707 1065 ὲθεμελίωσεν
740 995 767 1046 ὁ
810 989 940 1053 Θεὸς
969 991 1038 1043 τὰ
1073 988 1369 1060 μαρτύρια,
1418 983 1628 1036 οὐδέπω
1651 981 1749 1052 λή-

86 1069 87 1072 Ἲ
179 1106 264 1157 γει
295 1089 376 1150 εἰς
413 1087 472 1141 τὸ
518 1082 914 1156 θεμελιοῦσθαι,
949 1079 1082 1134 ἀλλὰ
1116 1079 1180 1150 ζῇ
1231 1081 1290 1132 τὸ
1339 1075 1749 1148 θεμελιούμενον

178 1182 272 1235 καὶ
299 1177 768 1250 οἰκοδομούμενον.
809 1175 872 1229 Τί
903 1175 957 1226 δὲ
986 1173 1359 1242 ἐποικοδομεῖ;
1395 1168 1751 1241 προστάγμα-

177 1295 264 1339 τα,
296 1273 535 1338 ἐντολὰς,
567 1269 929 1340 δικαιώματα,
966 1265 1228 1336 κρίματα,
1264 1263 1475 1332 σοφίαν,
1515 1259 1712 1329 γνῶσιν
1733 1275 1747 1288 ⁶

180 1373 272 1425 καὶ
301 1369 473 1434 οὑτως
498 1366 787 1439 ἀπαρτίζει
817 1364 912 1436 τὴν
934 1360 1220 1432 οἰκοδομὴν
1254 1362 1309 1414 ὲν
1342 1361 1502 1413 πᾶσιν
1529 1357 1752 1426 ἀγαθοῖς

178 1461 379 1532 ἔργοις,
413 1458 591 1527 λόγοις
622 1455 832 1525 σοφίας,
869 1453 1176 1523 ἐπιστήμης
1208 1448 1436 1519 γνώσει·
1473 1449 1629 1502 ἆτινα
1660 1448 1752 1500 ἐάν

179 1552 315 1605 κατὰ
341 1549 438 1621 τὴν
469 1547 788 1619 θεμελίωσιν
816 1543 966 1614 τεθῇ,
997 1543 1108 1613 ἔχει
1137 1560 1219 1605 τις
1244 1539 1436 1594 ἑαυτοῦ
1472 1537 1754 1609 οἰκοδόμη-

179 1664 258 1718 μα
302 1646 524 1707 τέλειον,
561 1643 709 1709 ἄξιον
754 1639 846 1694 τοῦ
893 1637 1169 1710 ἐνοικῆσαι
1213 1639 1270 1690 ἐν
1310 1637 1456 1707 αὑτῷ
1504 1635 1592 1689 τὸν
1622 1635 1752 1687 Θεὸν

179 1742 273 1794 καὶ
295 1737 759 1810 ὲμπεριπατῆσαι.

254 1831 377 1886 Ἴδε
419 1829 534 1898 τὴν
573 1830 935 1884 ταπείνωσιν

177 1923 283 1976 τοῦ
309 1923 494 1992 νόμου
521 1937 638 1977 σου
666 1924 776 1977 οὐκ
805 1920 1202 1989 ἐπελαθόμην,
1233 1936 1285 1970 κ.
1307 1934 1357 1969 τ.
1381 1916 1428 1970 ὲ.
1471 1911 1755 1985 Μακάριον

176 2014 407 2070 ἐνώπιον
429 2015 521 2069 τοῦ
555 2015 687 2069 Θεοῦ
718 2013 1131 2070 ταπεινοῦσθαι·
1164 2011 1296 2081 φησι
1318 2008 1427 2080 γὰρ
1468 2006 1748 2068 ’ῐάκωὸοςο

183 2126 200 2156 ι
221 2107 609 2179 Ταπεινώθητε
643 2107 872 2163 ἐνώπιον
917 2105 1144 2176 Κυρίου,
1181 2103 1272 2156 καὶ
1307 2100 1507 2170 ὑψώσει
1537 2098 1698 2169 ὑμᾶς.
1729 2116 1745 2149 ι

179 2200 346 2254 Ὅταν
375 2200 552 2253 τοίνυν
603 2199 775 2263 οὑτως
817 2197 1257 2268 ταπεινωθῶμεν,
1289 2195 1390 2248 κᾶν
1438 2194 1542 2246 ὑπὸ
1575 2190 1754 2263 δαιμόο

177 2309 284 2344 νων
327 2291 819 2362 ὲπιὸουλευθῶμεν,
866 2290 966 2345 κᾶν
997 2289 1100 2342 ὑπὸ
1127 2287 1423 2359 ἀνθρώπων
1456 2285 1753 2356 μισούντων

177 2383 277 2446 τὰς
324 2385 521 2456 ἀρετὰς
547 2383 963 2454 πολεμηθῶμεν,
1008 2382 1200 2452 ἔχομεν
1232 2379 1322 2433 τὸν
1353 2379 1483 2432 Θεὸν
1509 2377 1752 2448 ὲξαιρούυ

180 2493 361 2545 μενον,
396 2476 554 2546 μόνον
585 2478 669 2530 ἵνα
700 2474 792 2528 τοῦ
835 2473 996 2545 νόμου
1031 2473 1192 2528 αὑτοῦ
1229 2473 1301 2544 μὴ
1349 2471 1752 2541 ἐπιλαθώμεθα,

181 2569 318 2640 μηδὲ
352 2570 724 2640 άποκάμωμεν
751 2569 810 2622 ὲν
841 2571 960 2632 ταῖς
993 2566 1225 2638 θλίψεσι.

247 2755 497 2822 Μακρὰν
535 2754 648 2807 ἀπὸ
699 2751 1061 2822 ἁμαρτωλῶν
1102 2752 1382 2817 σωτηρία,
1430 2749 1516 2801 ὅτι
1564 2747 1634 2800 τὰ
1672 2747 1755 2799 δι-

177 2841 478 2911 καιώματά
511 2858 626 2894 σου
656 2843 765 2895 οὐκ
795 2839 1180 2907 ἐξεζήτησαν,
1232 2855 1284 2890 κ.
1309 2855 1361 2890 τ.
1389 2838 1437 2888 ὲ.
1493 2837 1557 2888 Εἰ
1591 2836 1623 2906 ἡ
1655 2853 1757 2887 σω-

175 2935 338 3005 τηρία
371 2931 486 2986 ἐστὶ
514 2932 611 3003 τῆς
660 2931 884 3001 λογικῆς
913 2929 1125 3000 φύσεως
1158 2931 1191 2999 ἡ
1217 2928 1415 2997 γνῶσις
1457 2925 1550 2980 τοῦ
1597 2924 1754 2988 Θεοῦ,

177 3023 319 3094 α’ὑτη
346 3024 401 3076 δὲ
429 3022 697 3094 καθαραῖς
745 3023 943 3092 ψυχαῖς
992 3021 1287 3089 ἐγγίνεται,
1322 3016 1502 3079 καλῶς
1541 3015 1756 3083 λέγεται

177 3117 258 3178 το,
282 3088 704 3186 (νΜακρὰν-άπὸ
739 3088 1075 3184 άμαρτωλῶν
1123 3111 1385 3182 σωτηρίαο
1425 3111 1502 3172 εἰς
1527 3108 1633 3179 γὰρ
1663 3124 1759 3160 κα-
1787 3109 1828 3168 C
1863 3088 2007 3186 sanis
2036 3105 2051 3153 ἲ

177 3210 428 3279 κότεχνον
459 3207 634 3278 ψυχὴν
681 3208 779 3259 οὑκ
829 3204 1192 3258 εἰσελεύσεται
1248 3203 1427 3273 σοφία.
1458 3221 1476 3252 ι
1531 3196 1606 3254 Οὑ
1644 3197 1753 3270 γάρ

178 3302 403 3372 ὲγγὺςή
439 3301 638 3371 κρίσις,
688 3300 852 3368 ὲγγὺς
885 3299 978 3350 καὶ
1008 3299 1041 3367 ἡ
1077 3296 1350 3368 σωτηρίοισ
1393 3295 1487 3350 κού⁴
1534 3289 1593 3349 οῦ
1649 3311 1753 3364 μα-

175 3391 318 3462 κρὰν
341 3394 374 3462 ἠ
404 3389 665 3460 σωτηρία,
689 3390 782 3442 καὶ
810 3391 842 3458 ἡ
873 3390 1053 3460 κρίσις
1083 3388 1316 3458 μακράν.
1344 3385 1441 3438 Διὰ
1465 3385 1549 3450 τί;
1583 3386 1756 3437 Ἐπει.

174 3484 241 3555 δὴ
273 3483 341 3537 τὰ
385 3480 728 3552 δικαιώματά
788 3498 880 3534 σου
929 3481 1027 3533 οὑκ
1077 3477 1420 3549 ὲξεζήτησεν.
1462 3477 1534 3529 Οὐ
1582 3473 1688 3545 γὰρ
1719 3477 1754 3547 ὴ

176 3573 426 3646 σωτηρία
460 3589 551 3626 σου
587 3571 776 3642 φεύγει
807 3574 973 3643 ἡμᾶς,
1008 3571 1119 3625 ἀλλ’
1151 3555 1309 3641 ἡμεῖς
1333 3569 1501 3640 αὑτήν
1521 3585 1533 3599 ·
1579 3587 1597 3620 ι
1621 3564 1758 3621 Ἤλ-

176 3669 241 3722 θε
271 3669 380 3739 γὰρ
405 3669 432 3722 ὁ
464 3667 591 3731 Υἱὸς
622 3666 715 3720 τοῦ
763 3664 1072 3737 ἀνθρώπου,
1122 3666 1154 3736 ἡ
1194 3662 1456 3735 σωτηρία,
1522 3661 1755 3732 ζητῆσαι

175 3763 274 3816 καὶ
300 3761 472 3815 σῶσαι
496 3760 556 3814 τὸ
590 3758 882 3822 ἀπολωλός.
916 3777 933 3810 ι

245 3855 311 3907 οι
367 3853 653 3920 οἰκτιρμοί
689 3866 804 3904 σου
843 3851 1081 3912 πολλοὶ,
1117 3851 1319 3917 Κύριεο
1353 3848 1504 3902 κατὰ
1533 3849 1596 3900 τὸ
1634 3846 1752 3915 κρῖ-

172 3942 261 4014 μά
289 3958 404 3998 σου
434 3940 619 4010 ζῆσόν
640 3959 736 4011 με,
769 3959 821 3994 κ.
849 3958 897 3997 τ.
925 3942 971 3995 ὲ.
1017 3939 1200 4002 Ἔλεος
1234 3937 1517 4010 ἀνθρώπου
1551 3937 1642 3989 ἐπὶ
1664 3937 1755 3991 τὸν

176 4032 406 4104 πλησίον
432 4030 618 4094 αὑτοῦ,
664 4030 807 4093 ἔλεος
852 4029 908 4081 δὲ
946 4029 1150 4101 Κυρίου
1197 4031 1288 4082 ἐπὶ
1329 4031 1507 4081 πᾶσαν
1538 4027 1714 4099 σάρκα
1737 4043 1750 4057 ⁶

176 4123 277 4178 καὶ
301 4123 329 4177 ὁ
359 4121 697 4184 δικαιότατος
717 4121 822 4192 γὰρ
854 4120 1136 4192 ἄνθρωπος
1159 4119 1234 4182 ῶς
1263 4119 1400 4190 πρὸς
1425 4119 1523 4190 τὴν
1551 4116 1752 4188 ἀκριϐῆ

179 4201 277 4268 τοῦ
311 4212 444 4269 Θεοῦ
472 4213 651 4285 κρίσιν
681 4212 828 4266 ὲλέου
861 4213 1028 4265 δεῖται
1055 4211 1208 4264 Θεοῦο
1245 4212 1376 4264 ὅπου
1408 4226 1470 4278 γε
1504 4211 1598 4262 καὶ
1624 4209 1756 4261 αὑτὸ

179 4306 244 4359 τὸ
271 4306 445 4358 δοκεῖν
477 4304 752 4374 γεγονέναι
791 4302 1016 4368 δίκαιον,
1067 4301 1198 4372 ἐλέῳ
1234 4301 1442 4369 γίνεται
1469 4300 1562 4354 τοῦ
1595 4299 1750 4353 Θεοῦ.

179 4398 249 4450 Τί
279 4398 386 4468 γάρ
423 4396 571 4463 ἄξιόν
615 4413 698 4459 τις
728 4395 1021 4466 πεποίηκεν
1061 4394 1276 4448 αἰωνίου
1322 4393 1752 4464 μακαριότητος;

1855 520 2018 574 Deum
2048 519 2223 572 colere
2248 511 2527 586 incipienti
2557 512 2747 566 notitia
2775 509 2992 566 obvenit
3025 523 3052 562 a
3094 502 3420 561 tesumoniis

1851 611 1976 666 tuis.
2012 609 2144 664 Cum
2181 609 2324 660 enim
2368 602 2797 661 testimoniorum
2833 615 2862 655 a
2893 610 2943 655 te
2972 597 3293 654 traditorum
3323 606 3419 647 no-

1852 703 1980 756 tilia:
2004 713 2344 768 cooperarer,
2373 698 2473 751 hoc
2496 695 2650 749 modo
2676 693 3040 756 illuminabar,
3068 700 3122 745 et
3143 689 3210 744 ad
3240 687 3417 743 scien-

1853 794 1978 846 tiam
2001 789 2364 850 collimabam,
2392 797 2443 843 et
2487 787 2712 858 cognovi
2744 785 2868 854 quia
2911 781 3217 838 testimonia
3249 777 3416 835 tua'in

1848 892 2109 938 mternum
2144 878 2400 934 fundasti.
2430 878 2487 933 Si
2510 888 2691 933 autem
2721 877 2862 932 Deus
2901 872 3146 929 fundavit
3170 872 3418 926 testimo-

1851 975 1960 1036 nia,
1989 973 2222 1029 nondum
2248 980 2423 1025 cessat
2456 983 2485 1022 a
2526 969 2858 1033 fundatione,
2890 965 2982 1023 sed
3023 965 3156 1021 vivit
3193 964 3245 1019 id
3276 964 3416 1034 quod

1853 1065 2132 1120 fundatum
2181 1071 2236 1117 et
2266 1061 2590 1116 aedificatum
2622 1070 2722 1115 est.
2759 1059 2894 1128 Quid
2935 1071 3062 1114 vero
3087 1056 3417 1126 superaedilio

1851 1167 1937 1212 cat
1963 1159 1984 1210 ι
2014 1166 2297 1228 prtecepta,
2323 1155 3043 1225 mandata,justilicationes,
3070 1153 3295 1224 judicia,
3332 1166 3422 1207 sa.

1853 1250 2127 1318 pientiam,
2161 1247 2484 1312 scientiam;
2525 1255 2578 1301 et
2625 1247 2703 1300 sic
2755 1248 2965 1317 perlicit
3006 1245 3419 1301 aediﬁcationem

1854 1341 1904 1395 in
1935 1340 2186 1395 omnibus
2231 1339 2485 1409 operibus
2520 1337 2705 1406 bonis,
2741 1339 3085 1393 sermonibus
3118 1337 3420 1407 sapientiae,

1853 1432 2152 1500 disciplina:
2187 1431 2528 1501 cognitione;
2561 1444 2681 1498 qua:
2705 1427 2748 1483 si
2785 1438 2904 1499 post
2932 1428 3303 1486 fundationem
3333 1443 3422 1498 po-

1853 1525 1953 1578 sita
1990 1522 2208 1585 fuerint,
2237 1521 2396 1575 habet
2429 1521 2552 1588 quis
2582 1520 2637 1573 in
2670 1519 2958 1586 semetipso
2982 1516 3266 1573 tedilicium
3299 1532 3422 1586 per-

1856 1616 2084 1677 fectum,
2136 1615 2353 1682 dignum
2395 1611 2448 1668 in
2496 1627 2602 1682 quo
2653 1612 2790 1666 Deus
2841 1609 3105 1666 inhabitet
3150 1619 3202 1666 et
3249 1609 3422 1665 inani--

1857 1709 2021 1764 buiet.

983 1846 1100 1898 μου
1133 1825 1230 1880 καὶ
1277 1821 1495 1888 ἐξελοῦ
1536 1837 1630 1889 με,
1665 1819 1751 1872 ὅτι

1926 1799 2090 1856 Vsus.
2132 1799 2258 1854 155.
2313 1796 2436 1851 Vide
2474 1794 2820 1850 humilitatem
2858 1811 3026 1851 meum
3067 1804 3114 1850 et
3151 1794 3292 1862 eripe
3322 1809 3422 1860 me,

1854 1894 1976 1961 quia
2002 1892 2161 1962 legem
2214 1902 2358 1943 tuam
2396 1905 2499 1942 non
2542 1906 2656 1942 sum
2695 1889 2905 1956 oblitus,
2948 1897 3052 1943 etc.
3083 1887 3306 1940 Beatum
3343 1895 3426 1938 est

1856 1984 2019 2056 815
2069 1999 2251 2038 coram
2289 1985 2395 2038 Deo
2441 1983 2736 2039 humiliari.
2775 1983 2866 2036 Ait
2898 1982 3041 2036 enim
3061 1978 3298 2034 Iacobus
3333 1977 3378 2008 “
3410 1992 3424 2029 :

1861 2095 1880 2129 ι
1919 2076 2284 2132 llumiliamini
2337 2076 2390 2130 in
2449 2083 2744 2142 conspectu
2796 2070 3030 2134 Domini,
3070 2080 3123 2124 et
3169 2067 3430 2123 exaltabit

1857 2186 1970 2224 vos.
2010 2189 2028 2222 ι
2070 2169 2296 2234 Quando
2325 2168 2488 2238 igitur
2517 2168 2618 2221 hoc
2658 2167 2819 2220 modo
2846 2163 3107 2217 fuerimus
3136 2159 3427 2224 humiliati,

1855 2262 1954 2317 etsi
1999 2263 2300 2315 daztnonum
2340 2258 2552 2314 insidiis
2589 2257 2838 2324 impetiti,
2879 2256 2979 2310 etsi
3021 2256 3086 2311 ab
3121 2252 3430 2308 hominibus

1856 2355 2115 2407 virtutum
2174 2353 2426 2408 osoribus
2484 2351 2775 2421 oppugnati
2827 2349 3119 2411 fuerimus,
3171 2346 3430 2401 habemus

1859 2447 2024 2502 Deum
2057 2445 2148 2516 qui
2177 2460 2272 2500 nos
2298 2445 2513 2513 eripiat,
2537 2441 2828 2498 dummodo
2856 2441 2985 2510 legis
3015 2438 3128 2508 ejus
3161 2453 3264 2493 non
3289 2438 3428 2492 obli-

1856 2540 2147 2605 viscamur,
2179 2551 2353 2606 neque
2377 2537 2429 2590 in
2467 2533 2900 2591 tribulationibus
2927 2531 3166 2586 animum
3202 2527 3434 2601 despon-

1859 2634 1952 2685 den
1965 2645 2101 2682 mus.

1849 2746 1863 2763 ο
1931 2720 2090 2776 Vens.
2120 2721 2239 2775 155.
2271 2719 2450 2790 Longe
2477 2737 2507 2772 α
2536 2719 2890 2788 peccatoribus
2931 2716 3096 2781 salus,
3126 2715 3244 2786 quia
3269 2711 3431 2785 justi-

1857 2815 2126 2884 ﬁcationes
2150 2825 2265 2870 luas
2301 2831 2402 2870 non
2434 2813 2811 2883 exquisierunt,
2863 2821 2967 2866 etc.
3006 2812 3060 2865 Si
3095 2806 3432 2864 rationabilis

1859 2907 2004 2962 salus
2029 2915 2111 2961 est
2141 2915 2344 2959 natura:
2371 2906 2606 2971 cognitio
2641 2907 2754 2971 Dei,
2785 2907 3004 2973 ipsaque
3039 2902 3185 2972 puris
3220 2899 3432 2955 anima-

1862 2999 1960 3052 bus
1987 2998 2143 3062 inest,
2185 2997 2409 3066 pulchre
2435 2997 2632 3051 dicitur
2665 3013 2679 3050 :
2722 3015 2740 3046 ι
2769 2995 2952 3064 Longe
2998 3010 3026 3047 a
3059 2993 3433 3063 peccatoribus

2138 3103 2263 3142 nam
2356 3089 2409 3141 in
2448 3071 2763 3143 m'alevolam
2795 3088 3028 3140 animam
3056 3100 3160 3138 non
3190 3083 3436 3137 introibit

1862 3183 2124 3253 sapientia
2144 3183 2208 3236 °".
2242 3201 2260 3234 ι
2282 3182 2327 3235 Α
2351 3197 2458 3252 quo
2483 3184 2625 3237 enim
2649 3195 2814 3253 prope
2841 3189 2923 3234 est
2952 3178 3234 3247 judicium,
3269 3191 3435 3246 prope

1861 3283 1944 3328 est
1972 3283 2025 3328 et
2063 3274 2206 3329 salus
2232 3291 2246 3341 ;
2271 3290 2298 3327 a
2331 3289 2437 3344 quo
2469 3274 2624 3343 longe
2660 3282 2739 3328 est
2779 3273 2947 3339 salus,
2973 3272 3128 3340 longe
3163 3278 3246 3324 est.
3273 3270 3434 3338 etju-

1863 3365 2081 3420 dicium.
2119 3366 2298 3432 Quare
2332 3366 2521 3433 ?Quia
2574 3365 2989 3433 iustificationes
3037 3374 3156 3417 tuas
3193 3376 3300 3416 non
3339 3377 3434 3414 ex-

1862 3458 2101 3527 quisivit.
2151 3457 2268 3512 Non
2322 3458 2468 3511 enim
2524 3457 2663 3528 fugit
2699 3471 2798 3511 nos
2845 3455 2991 3510 salus
3027 3463 3140 3519 tua,
3186 3454 3280 3509 sed
3335 3466 3436 3508 uos

1863 3553 2032 3623 ipsam
2065 3552 2320 3624 fugimus.
2347 3570 2364 3604 ‹
2393 3549 2555 3606 Venit
2591 3550 2737 3604 enim
2770 3548 2935 3605 Filius
2965 3549 3200 3604 hominis
3229 3583 3246 3612 ,
3270 3545 3437 3609 salus,

1860 3651 2106 3711 quaerere
2133 3648 2188 3694 et
2209 3637 2421 3698 salvum
2482 3640 2665 3697 facere
2687 3641 2828 3711 quod
2853 3641 3092 3711 perierat
3130 3640 3198 3697 “.
3249 3658 3267 3692 ι

1932 3828 2094 3884 Vens.
2126 3826 2248 3882 156.
2289 3827 2670 3884 Misericordia:
2703 3836 2807 3881 tua:
2847 3827 3045 3891 multw,
3087 3825 3329 3892 Domine,
3354 3841 3435 3878 se-

1861 3922 2090 3976 cundum
2105 3921 2366 3991 judicium
2390 3934 2536 3977 tuum
2560 3923 2760 3992 vivi/ica
2788 3938 2890 3987 me,
2924 3931 3027 3976 etc.
3062 3918 3459 3973 Misericordia-

1863 4014 2096 4069 homiuis
2119 4024 2202 4069 est
2231 4030 2358 4084 erga
2386 4017 2694 4086 proximum
2730 4030 2910 4078 suum,
2939 4011 3310 4067 misericordia
3341 4024 3437 4062 au-

1863 4114 1972 4159 tem
2011 4105 2224 4160 Domini
2262 4120 2388 4177 erga
2422 4121 2636 4162 omnem
2672 4121 2910 4160 carnem.
2959 4102 3134 4158 Homo
3162 4101 3304 4155 enim
3351 4099 3438 4153 vel

1854 4193 2216 4263 iustissimus,
2250 4197 2294 4252 si
2327 4207 2584 4254 accurato
2632 4197 2724 4252 Dei
2753 4196 2958 4264 judicio
2989 4196 3236 4256 sistatur,
3271 4194 3434 4247 mise-

1863 4285 2092 4341 ricordia
2135 4285 2228 4342 Dei
2277 4287 2501 4359 indiget,
2543 4289 2978 4358 quandoquidem
3022 4286 3250 4352 idipsum
3294 4283 3435 4350 quod

1861 4377 2074 4432 videtur
2098 4377 2272 4434 factus
2297 4394 2420 4433 esse
2441 4379 2640 4448 justus,
2669 4372 3038 4434 misericordia
3069 4374 3159 4431 Dei
3193 4373 3274 4429 lit.
3296 4373 3436 4441 Quid

180 4466 439 4544 οὐδὲν-δὲ
474 4488 712 4561 ἀκρίτως
750 4491 778 4544 ὁ
825 4489 955 4551 Θεὸς
1004 4490 1164 4550 ποιεῖ,
1214 4487 1336 4541 οὑδὲ
1383 4487 1650 4550 ζωοποιεῖ.
1694 4488 1753 4538 Οί

1864 4469 2007 4523 enim
2045 4469 2238 4539 aliquis
2276 4481 2480 4524 aeterna
2508 4469 2844 4525 beatitudine
2875 4470 3096 4540 dignum
3126 4468 3254 4524 fecit
3287 4467 3311 4522 7
3343 4466 3437 4523 Ni-

180 4581 460 4656 οίκτιρμοὶ
506 4582 564 4636 δὲ
613 4580 818 4648 πολλοὶ,
875 4579 1082 4634 πολλῶν
1133 4579 1326 4647 ὄντων,
1387 4579 1470 4646 ἐφ’
1527 4577 1621 4641 οὒς
1669 4576 1754 4645 γί-

182 4692 388 4731 νονται.

257 4855 480 4913 Πολλοὶ
529 4857 582 4912 οι
627 4854 1014 4920 ἐκδιώκοντές
1053 4871 1129 4924 με
1182 4855 1279 4908 καὶ
1323 4854 1658 4918 θλίϐοντεςο
1691 4854 1762 4906 ἐκ

183 4947 308 5004 τῶν
323 4946 663 5018 μαρτυρίων
676 4961 791 5001 σου
817 4948 926 5000 οὐκ
953 4944 1255 5010 ἐξέκλινα,
1282 4962 1333 4998 κ.
1359 4963 1408 4997 τ.
1435 4946 1477 4996 ὲ.
1527 4962 1544 4994 ε
1569 4943 1762 4998 Μακὰ-

189 5058 314 5112 ριοι,
346 5038 528 5109 φησὶν,
563 5037 612 5091 οἱ
645 5036 989 5108 δεδιωγμένοι
1031 5036 1214 5090 ἕνεκεν
1265 5033 1632 5106 δικαιοσύνης,
1679 5035 1760 5087 ὅτι

185 5128 368 5184 αὑτῶν
398 5129 545 5182 ἐστιν
570 5127 602 5198 ή
638 5126 884 5199 βασιλεία
904 5125 1013 5180 τῶν
1043 5124 1304 5198 οὐρανῶν.
1333 5144 1352 5178 ι

265 5220 374 5276 Τοῦ
406 5218 610 5274 αὑτοῦ.
653 5219 726 5273 Τὸ
748 5218 951 5289 πλῆθος
981 5217 1205 5291 ἐχθροὺς
1229 5220 1455 5289 ὁρατούς
1478 5219 1571 5272 καὶ
1599 5218 1764 5289 ἀορά-

187 5328 315 5374 τους
347 5309 660 5375 αἰνίττεται,
707 5303 783 5366 ὧν
827 5310 878 5363 οἱ
922 5308 1150 5380 διωγμοὶ
1193 5309 1285 5361 καὶ
1317 5310 1373 5362 αί
1408 5309 1613 5379 θλίψεις
1657 5308 1762 5362 διὰ-

191 5421 365 5475 φοροι.
419 5404 482 5456 0i
514 5403 612 5472 μὲν
640 5400 746 5472 γὰρ
792 5399 972 5471 φιλίαν
1003 5400 1412 5472 ὑποκρινόμενοι
1442 5400 1540 5464 τὰς
1572 5400 1764 5472 ἡδονὰς

193 5492 606 5548 ὑποϐάλλουσιν
656 5495 705 5548 oi
752 5491 810 5547 δὲ
850 5493 948 5565 τὴν
981 5492 1178 5565 ἔχθραν
1221 5490 1603 5564 γυμνώσαντες
1653 5491 1764 5543 πᾶν

193 5581 332 5648 εἶδος
375 5583 698 5658 πειρασμῶν
747 5583 1125 5656 ὑποφέρουσιν.
1185 5582 1322 5638 Ἀλλ’
1353 5584 1513 5657 ἡμεῖς
1561 5582 1626 5636 ὲκ
1655 5579 1766 5635 τῶν

1864 4561 1938 4615 hil
1972 4571 2150 4616 autem
2195 4564 2397 4632 absque
2442 4560 2648 4628 judicio
2683 4561 2822 4615 Dens
2850 4560 2999 4625 facit,
3041 4575 3138 4616 nec
3176 4558 3432 4615 vivilicat.

1866 4654 2248 4710 Misericordia:
2297 4654 2477 4709 multa:
2509 4663 2662 4723 sunt,
2695 4668 2828 4712 cum.
2859 4652 3012 4710 multi
3055 4652 3163 4710 sint
3203 4651 3269 4708 ad
3300 4664 3437 4723 quos

1863 4747 2194 4818 pertineant.

1937 4839 2102 4894 Vsus.
2133 4839 2256 4894 157.
2293 4838 2451 4893 Mulli
2479 4839 2570 4909 qui
2599 4847 2978 4908 persequuntur
3012 4854 3090 4893 me
3114 4846 3161 4892 et
3184 4833 3436 4890 tribulam

1867 4948 1945 4985 me
1974 4947 1991 4984 :
2019 4949 2049 4984 a
2076 4931 2383 4984 testimoniis
2406 4931 2511 4983 tuis
2546 4945 2649 4983 non
2674 4927 2950 4994 declinavi,
2974 4937 3079 4984 etc.
3119 4947 3135 4979 ι
3162 4923 3439 4988 Beati,in—

1866 5023 2070 5092 quit”,
2099 5023 2190 5091 qui
2240 5022 2672 5093 persecutionem
2714 5020 3000 5091 patiuntur
3028 5028 3252 5088 propter
3279 5015 3438 5086 justi-

1870 5118 2020 5179 tiam,
2056 5117 2307 5184 quoniam
2344 5116 2583 5185 ipsorum
2613 5123 2694 5169 est
2729 5127 2955 5183 regnum
2988 5109 3274 5171 caelorum,
3302 5125 3324 5162 ι

1940 5206 2216 5277 Ejusdem.
2257 5207 2540 5265 Multitudo
2576 5209 2760 5266 hostes
2789 5204 3030 5261 visibiles
3060 5211 3115 5259 et
3143 5198 3439 5258 invisibiles

1871 5300 2068 5368 innuit,
2094 5313 2322 5370 quorum
2365 5301 2531 5356 variae
2575 5308 2702 5358 sunt
2733 5295 3139 5370 persecutiones
3169 5308 3233 5349 ac
3264 5292 3439 5348 tribu-

1869 5392 2120 5448 lationes.
2151 5392 2255 5447 Alii
2284 5407 2541 5464 namque,
2569 5394 2864 5449 amicitiam
2889 5389 3226 5453 simulantes,
3245 5398 3438 5457 sugge-

1869 5496 1998 5542 runt
2028 5485 2370 5557 voluptates;
2419 5487 2510 5542 alii
2549 5501 2700 5552 vero,
2738 5484 3076 5541 inimicitiam
3104 5481 3436 5550 detegentes,

1871 5594 2033 5636 omne
2083 5594 2251 5650 genus
2297 5579 2652 5637 tentationuut
2702 5578 2958 5636 inferunt.
3013 5576 3208 5632 Verum
3259 5586 3360 5628 nos
3407 5584 3438 5624 a

271 5764 452 5822 "Jac.
487 5781 558 5830 tv,
596 5764 683 5821 l0.
761 5764 804 5797 ⁸⁷
829 5762 956 5837 Sap.
994 5781 1031 5832 t,
1057 5765 1109 5821 4.
1186 5765 1228 5797 ⁶⁸
1255 5763 1385 5823 Luc.
1417 5781 1532 5831 χιχ,
1557 5763 1642 5821 ιο.
1719 5765 1753 5800 ⁸¹

1864 5767 1987 5823 tlth.
2031 5781 2084 5833 v,
2128 5767 2213 5823 10.
