3914 6374
439 283 464 339 Ι
475 284 577 339 69.3

1813 279 1908 338 EX
1941 278 2241 336 ORIGENE

3531 291 3639 354 162i

437 399 761 464 testimoniis
781 399 871 456 Dei
906 399 1131 456 minime
1157 399 1510 470 declinemus,
1529 399 1580 454 in
1613 399 1808 469 quibus
1847 399 2001 453 nobis

2113 399 2424 472 μαρτυρίων
2461 399 2555 454 τοῦ
2599 398 2733 454 Θεοῦ
2764 399 2838 473 μή
2870 401 3222 476 ἐκκλίνωμεν,
3251 406 3309 461 ὲν
3336 401 3414 472 οἷς
3442 412 3556 480 ἡμῖν
3578 415 3616 468 δι

435 497 756 552 testificatus
779 504 862 551 est
884 495 966 560 ’°,
1005 512 1025 548 ι
1063 495 1318 565 quoniam
1353 508 1451 564 per
1483 495 1678 549 multas
1703 494 2005 550 tribulatio-

432 600 528 642 nes
562 593 779 655 oportet
807 599 906 640 nos
935 587 1139 640 intrare
1170 585 1223 639 in
1256 599 1481 656 regnum
1514 584 1798 638 ctelorum.
1839 603 1858 637 ι

502 676 671 733 Vens.
708 677 832 733 158.
869 676 987 731 Vidi
1024 679 1353 743 insensatos,
1382 685 1436 732 et
1486 677 1835 741 tabescebam,
1877 680 2000 746 quia

432 768 638 839 eloquia
661 779 753 823 tua
779 785 882 823 non
905 769 1282 835 custodierunt,
1301 777 1406 825 etc.
1441 785 1462 820 ι
1499 766 1655 823 Zelus
1677 767 1868 822 domus
1904 778 2003 822 tua:

431 865 666 920 comedit
704 880 791 919 me
814 863 882 917 ⁷⁸.
914 881 935 916 ι

505 979 665 1032 Vens.
698 976 821 1032 l59.
862 975 992 1032 Vide
1019 975 1268 1045 quoniam
1291 976 1544 1030 mandata
1581 985 1671 1030 tua
1696 976 1878 1040 dilexi,
1899 975 2004 1030 Do-

431 1071 592 1137 mine,
641 1068 695 1123 in
731 1069 1095 1124 misericordia
1136 1077 1227 1121 tua
1259 1068 1462 1137 vivi/ica
1501 1083 1604 1132 me,
1642 1078 1754 1124 etc.
1787 1067 1849 1121 Et
1875 1083 2000 1136 pro-

430 1173 612 1231 pterea
644 1160 810 1216 Deum
840 1173 1118 1231 provocat,
1145 1170 1199 1217 et
1227 1161 1300 1215 ait
1327 1160 1394 1215 ad
1427 1176 1549 1215 cum
1572 1179 1584 1214 :
1609 1159 1822 1214 Faciem
1855 1170 2002 1215 tuam

427 1251 660 1323 appello.
694 1251 918 1307 Confido
967 1253 1132 1317 enim,
1166 1251 1212 1305 si
1247 1249 1437 1305 faciem
1477 1261 1622 1305 tuam
1658 1251 1724 1304 ad
1759 1267 1844 1306 me
1872 1265 2004 1304 con-

429 1345 772 1402 siderandum
805 1346 1176 1411 inclinaveris,
1215 1345 1455 1400 visurum
1476 1351 1528 1398 te
1555 1346 1826 1413 quomodo
1851 1359 2003 1398 man-

427 1437 552 1492 data
581 1447 672 1495 tua
702 1438 1101 1496 observaveritn
1133 1457 1148 1509 ;
1180 1455 1304 1497 natu
1346 1439 1608 1510 bqnorum
1653 1452 1875 1508 operum
1914 1448 2002 1510 ty-

428 1543 526 1597 pos
566 1531 618 1586 in
652 1547 742 1588 me
772 1533 1034 1588 invenies.

498 1621 667 1694 816
681 1621 838 1680 Vens.
858 1624 979 1681 161.
996 1622 1267 1692 Principes
1287 1626 1543 1694 persecuti
1560 1635 1678 1679 sunt
1708 1642 1786 1680 me
1812 1627 1998 1696 gratis,

427 1725 472 1768 et
503 1731 536 1769 α
565 1714 726 1770 verbis
759 1717 862 1770 tuis
892 1715 1192 1785 formidavit
1221 1732 1313 1769 cor
1355 1732 1548 1782 meum,
1581 1725 1684 1771 etc.
1717 1715 2000 1786 Principes

427 1815 584 1860 vocat
639 1799 823 1861 mundi
871 1817 1114 1862 rectores
1159 1807 1502 1862 tenebrarum
1537 1808 1751 1862 harum.
1781 1828 1799 1861 ι
1843 1807 2002 1864 Venit

426 1895 594 1963 enim,
620 1897 795 1968 inquit
819 1899 886 1963 ⁷³,
917 1901 1172 1969 princeps
1197 1899 1382 1954 mundi
1412 1901 1592 1970 hujus,
1617 1900 1747 1954 etin
1781 1917 1865 1954 me
1894 1918 1998 1955 non

429 1991 631 2047 invenit
663 1992 974 2062 quidquam.
1004 2012 1023 2046 ι
1063 1993 1316 2048 Mundum
1347 2003 1528 2048 autent
1552 2004 1709 2049 vocat
1735 2011 1839 2050 non
1859 1997 2000 2052 hanc

425 2099 457 2138 e
483 2082 619 2140 c0310
644 2094 698 2140 et
728 2093 874 2142 terra
895 2091 1292 2158 compaginem,
1324 2090 1416 2146 sed
1434 2103 1529 2145 eos
1551 2087 1643 2158 qui
1670 2090 1997 2143 mundanam

427 2177 589 2231 vitam
625 2187 813 2246 agunt.

493 2265 772 2338 Ejusdem.
808 2270 1061 2326 Continet
1100 2271 1316 2340 quidem
1343 2287 1525 2329 sermo
1555 2274 1607 2328 id
1646 2275 1789 2344 quod
1817 2283 1870 2330 et
1901 2275 1999 2329 Da-

426 2360 561 2415 vidis
591 2367 676 2415 est
703 2350 976 2431 pr0prium
1009 2377 1025 2425 ;
1057 2375 1180 2415 eum
1210 2376 1398 2431 nempe
1429 2362 1629 2419 frustra
1655 2380 1684 2418 a
1717 2365 1882 2419 Saule
1906 2381 2002 2434 per

423 2451 683 2507 invidiam
721 2454 1158 2523 persecutionem
1203 2470 1457 2526 passum,
1493 2458 1689 2511 timore
1723 2457 1816 2511 Dei
1861 2457 2002 2511 inhi-

421 2544 605 2602 buisse
636 2546 914 2602 ultionem.
936 2546 1156 2602 Transit
1183 2564 1310 2604 vero
1337 2549 1497 2604 etiam
1524 2551 1588 2604 ad
1616 2549 1668 2604 id
1690 2549 1836 2618 quod
1865 2565 2004 2604 corn-

425 2654 588 2694 mune
647 2651 750 2703 est,
804 2653 902 2693 nos
949 2639 1200 2696 videlicet
1242 2643 1308 2695 ab
1362 2640 1609 2696 hostibus
1664 2641 2002 2710 principibus

421 2729 542 2785 sine
565 2731 762 2787 damno
793 2733 952 2788 aliter
972 2733 1196 2790 liberari
1226 2748 1329 2787 non
1353 2745 1535 2801 posse,
1560 2733 1660 2789 nisi
1695 2734 1888 2789 timore
1908 2733 2000 2791 Dei

425 2821 688 2878 fuerimus
714 2824 930 2882 muniti.

495 2935 662 2994 Vens.
699 2938 823 2994 164.
850 2935 1050 3008 Septies
1076 2938 1131 2993 in
1177 2940 1264 2993 die
1305 2939 1512 2994 laudem
1541 2939 1654 2995 dixi
1685 2941 1780 2996 tibi
1802 2955 1824 2996 :
1847 2958 2004 3012 super

418 3029 625 3103 judicia
663 3029 888 3100 justitiw
945 3041 1087 3097 tute,
1124 3042 1230 3088 etc.
1286 3031 1753 3100 Quemadmodum
1808 3043 1999 3089 octava

2112 489 2478 562 εμαρτύρατο·
2512 508 2530 542 ι
2553 491 2672 544 ’Ότι
2696 491 2784 546 διὰ
2815 494 3023 546 πολλῶν
3042 494 3268 565 Θλιψεων
3293 498 3376 552 δεῖ
3394 501 3529 570 ἡμᾶς
3551 507 3639 557 εἰσ-

2111 579 2284 633 ελθεῖν
2311 581 2392 644 εἰς
2416 580 2510 653 τὴν
2543 581 2819 654 βασιλείαν
2845 583 2954 638 τῶν
2985 585 3245 656 οὐρανῶν.
3275 605 3294 639 ι

2180 668 2364 726 Εἶδον
2405 673 2855 743 ἀσυνετοῦντας
2903 677 3003 730 καὶ
3057 677 3444 748 ἐξετηκόμην,
3481 681 3644 740 ὅτιτὸ

2108 765 2284 836 λόγιά
2320 780 2438 821 σου
2460 769 2571 821 οὐκ
2599 767 3002 837 ἐφυλάξαντο,
3039 788 3090 824 κ.
3114 787 3164 823 τ.
3189 772 3238 826 ὲ.
3275 789 3294 823 ι
3317 773 3375 824 Ὁ
3404 773 3549 843 ζῆλος
3570 775 3641 828 eoi

2108 854 2259 910 οἴκου
2293 873 2389 909 σου
2418 858 2690 927 κατέφαγε
2727 877 2815 930 με.
2846 877 2867 912 s

2183 965 2326 1032 Ἴδε,
2355 967 2442 1020 ὅτι
2479 969 2586 1034 τὰς
2613 969 2869 1037 ἐντολάς
2895 985 3013 1025 σου
3044 971 3350 1042 ἠγάπησα,
3377 974 3558 1041 Κύριε,
3592 976 3647 1028 ἐν

2108 1057 2188 1125 τῷ
2207 1058 2360 1112 ἐλέει
2383 1075 2498 1114 σου
2531 1059 2720 1128 ζῆσόν
2736 1079 2834 1131 με,
2863 1079 2912 1116 κ.
2943 1080 2994 1117 τ.
3019 1064 3063 1116 ἐ.
3109 1064 3218 1116 Καὶ
3251 1065 3342 1116 ἐπὶ
3367 1064 3514 1118 τοῦτο
3541 1083 3646 1138 προ-

2109 1150 2352 1205 καλεῖται
2381 1153 2470 1205 τὸν
2509 1153 2660 1217 Θεὸν,
2696 1155 2788 1206 καί
2819 1171 2951 1225 φησι
2994 1155 3128 1227 πρὸς
3172 1156 3331 1209 αὐτόν
3351 1173 3366 1185 ο
3396 1155 3548 1210 Καλῶ
3572 1174 3646 1212 σου

2107 1248 2168 1302 τὸ
2193 1249 2498 1320 πρόσωπον.
2534 1249 2734 1321 Θαρῤὦ
2764 1251 2892 1321 γὰρ,
2925 1253 3006 1304 ὅτι
3035 1252 3092 1305 τὸ
3127 1252 3416 1323 πρόσωπόν
3445 1269 3530 1306 σου
3555 1254 3648 1308 κλε-

2107 1359 2212 1396 νων
2243 1341 2377 1412 πρὸς
2411 1339 2496 1412 μὲ,
2532 1340 2620 1394 ἵνα
2653 1359 2721 1411 με
2767 1343 3125 1414 κατανοήσῃς,
3169 1342 3288 1412 ὕψει
3317 1343 3438 1396 τίνα
3483 1345 3648 1414 τρόπον

2106 1433 2206 1498 τὰς
2263 1435 2481 1498 ἐντολάς
2535 1452 2628 1488 σου
2674 1437 2982 1508 τετήρηκα’
3027 1438 3154 1499 τοὺς
3199 1436 3308 1507 γὰρ
3352 1436 3648 1502 τύπουςτῶν

2109 1525 2329 1596 ἀγαθῶν
2357 1526 2532 1598 ἔργων
2562 1528 2813 1600 εὑρήσεις
2837 1529 2894 1581 ἐν
2921 1528 3063 1599 ἐμοί.

2180 1617 2500 1686 ’Ἄρχοντες
2527 1617 2891 1684 κατεδίωξὰν
2912 1637 2988 1688 με
3028 1618 3272 1688 δωρεὰν,
3299 1620 3402 1674 καὶ
3427 1620 3536 1675 ἀπὸ
3556 1618 3652 1678 τῶν

2105 1711 2302 1780 λόγων
2327 1726 2444 1765 σου
2467 1710 2808 1765 ἐδειλίασεν
2840 1713 2878 1779 ἡ
2904 1711 3118 1780 καρδία
3137 1730 3276 1782 μου,
3313 1731 3364 1767 κ.
3388 1730 3438 1766 τ.
3458 1714 3502 1767 ὲ.
3542 1715 3652 1786 ’Δρσ

2107 1821 2300 1874 χοντας
2333 1805 2482 1873 λέγει
2527 1806 2658 1869 τοὺς
2703 1807 3150 1877 κοσμοκράτορας
3192 1806 3286 1860 τοῦ
3317 1806 3530 1871 σκότους
3555 1806 3652 1860 τού-

2106 1912 2221 1948 του.
2269 1897 2572 1969 (Ἔρχεται
2621 1897 2750 1969 γὰρ,
2801 1899 2988 1968 φησὶν,
3030 1900 3058 1951 ὁ
3104 1898 3288 1969 ἄρχων
3337 1897 3430 1952 τοῦ
3479 1899 3652 1968 κόσμου

2107 1987 2317 2053 τούτου,
2349 1989 2443 2042 καὶ
2473 1990 2528 2043 ὲν
2570 1990 2694 2060 ἐμοὶ
2737 1989 2979 2060 εὑρίσκει
3017 1989 3189 2046 οὐδέν.
3213 2009 3230 2042 ι
3273 1992 3486 2062 Κόσμον
3513 1991 3561 2045 δὲ
3585 1991 3656 2044 λέ-

2106 2096 2192 2148 γει
2215 2081 2276 2133 ού
2311 2081 2369 2132 τὸ
2401 2079 2461 2144 ἐξ
2491 2079 2720 2150 οὐρανοῦ
2772 2082 2866 2136 καὶ
2905 2081 3011 2153 γῆς
3057 2080 3334 2152 σύστημα,
3388 2081 3515 2136 ἀλλὰ
3552 2084 3653 2146 τοὺς

2108 2171 2370 2243 κοσμικὸν
2400 2172 2511 2243 βίον
2545 2171 2813 2244 βιοῦντας.

2183 2261 2292 2317 Τοῦ
2323 2262 2530 2316 αὑτοῦ.
2573 2264 2726 2332 Ἔχει
2761 2261 2858 2334 μὲν
2883 2258 2976 2316 καὶ
2996 2263 3057 2316 τὸ
3090 2261 3220 2317 ἴδιον
3245 2262 3342 2316 τοῦ
3365 2262 3520 2317 Δαυῒδ
3544 2262 3657 2316 ὁλό-

2110 2373 2227 2424 γος,
2259 2357 2362 2422 ὅτι,
2425 2357 2604 2428 μάτην
2650 2355 2746 2412 καὶ
2799 2357 2938 2412 κατὰ
2991 2357 3182 2428 φθόνον
3235 2357 3343 2410 ὑπὸ
3395 2355 3485 2409 τοῦ
3514 2357 3655 2408 Σαοὺλ

2105 2449 2452 2521 διωκόμενος,
2488 2449 2637 2521 φόϐῳ
2675 2448 2752 2522 τῷ
2781 2448 2918 2522 πρὸς
2961 2448 3091 2503 Θεὸν
3128 2450 3332 2520 ἐπέσχε
3381 2449 3442 2502 τὸ
3482 2449 3658 2518 ἀμύναι

2110 2544 2253 2599 σθαι.
2273 2546 2456 2616 Διήκει
2475 2545 2532 2600 δὲ
2558 2545 2652 2598 καὶ
2685 2547 2765 2609 εἰς
2795 2546 2854 2600 τὸ
2883 2545 3079 2609 κοινὸν,
3109 2547 3190 2599 ὅτι
3216 2547 3324 2600 τῶν
3357 2547 3660 2618 diplomqu

2109 2635 2381 2707 πολεμίων
2411 2637 2511 2690 οὐκ
2544 2636 2691 2690 ἔστιν
2720 2637 2921 2708 ἑτέρως
2949 2637 3203 2702 ἀϐλαϐεῖς
3233 2639 3658 2702 ἀπαλλάττεσθαι,

2111 2729 2187 2800 μὴ
2213 2729 2330 2799 οὐχὶ
2363 2729 2514 2800 φόϐῳ
2543 2728 2679 2782 Θεοῦ
2710 2729 3168 2802 φρουρουμένους.

2192 2955 2462 3024 Ἐπτάκις
2493 2955 2602 3025 τῆς
2639 2957 2868 3028 ἡμέρας
2905 2957 3098 3030 ᾗνεσά
3117 2972 3191 3012 σε
3210 2975 3222 2988 ·
3255 2958 3358 3014 ἐπὶ
3391 2959 3461 3014 τὰ
3482 2960 3660 3027 κρίμαι

2109 3062 2181 3099 τα
2230 3045 2340 3114 τῆς
2379 3045 2772 3117 δικαιοσύνης
2803 3064 2940 3114 σου,
2974 3067 3028 3102 κ.
3052 3066 3100 3101 τ.
3127 3050 3175 3101 ὲ.
3219 3049 3434 3122 Ὥσπερ
3465 3053 3500 3122 ή
3527 3050 3660 3120 ὀγδόη

427 3122 592 3180 futuri
625 3123 830 3180 sarculi-
863 3123 1124 3179 indicium
1178 3137 1286 3190 est,
1339 3135 1526 3195 utpote
1578 3141 1699 3195 quas
1745 3127 1996 3182 virtutem

2113 3137 2369 3207 σύμϐολόν
2401 3141 2516 3192 ἐστι
2560 3139 2656 3194 τοῦ
2717 3140 3000 3210 μέλλοντος
3050 3142 3263 3205 αἰῶνος,
3308 3141 3534 3212 δύναμιν
3563 3142 3662 3194 ἀνα·

425 3216 848 3272 resurrectiouis
881 3215 1148 3283 continet,
1175 3217 1246 3271 ita
1299 3217 1466 3271 etiam
1513 3217 1742 3286 septima
1785 3217 2002 3287 signum

424 3306 858 3377 estbujusmodi.
895 3307 1062 3366 Forte
1111 3309 1272 3379 igitur
1302 3310 1369 3365 de
1412 3310 1560 3380 justo
1591 3307 1800 3378 judicio
1843 3309 2005 3379 hujus

423 3400 516 3469 qui
550 3400 654 3456 sub
703 3416 922 3457 sensum
975 3403 1121 3457 cadit
1156 3401 1344 3456 mundi
1375 3402 1617 3458 rationes
1660 3417 2006 3474 cognoscens

427 3491 591 3550 David
615 3491 870 3550 laudabat
913 3495 1221 3552 Dominum.

495 3606 772 3680 Ejusdem.
808 3609 910 3666 Per
935 3625 1094 3666 omne
1135 3612 1260 3665 vita:
1291 3627 1402 3666 suae
1427 3621 1636 3682 tempus
1668 3609 2004 3668 illuminatus

417 3699 598 3768 justus
642 3700 694 3754 in
738 3701 976 3770 perfecta
1012 3703 1116 3756 erit
1162 3702 1268 3766 die,
1299 3717 1460 3772 quam
1497 3718 1602 3757 nox
1635 3717 1738 3758 non
1769 3703 2006 3758 interce-

427 3792 591 3860 perit,
639 3790 933 3862 laudatque
986 3794 1152 3848 Deum
1188 3797 1388 3866 septies
1418 3810 1581 3864 supra
1618 3797 1874 3851 mundum
1897 3796 2005 3852 ela-

430 3896 514 3938 tus
541 3897 640 3939 sex
671 3881 866 3939 diebus
909 3884 1214 3940 absolutum
1249 3905 1262 3940 :
1293 3888 1730 3957 quandoquidem
1761 3891 1920 3944 etiam
1949 3890 2002 3944 in

425 3977 677 4046 paradiso
721 3975 816 4032 Dei
860 3979 1222 4045 constitutus,
1271 3996 1562 4052 rerumque
1601 3984 1894 4039 creationis
1937 3997 2003 4040 ac

426 4066 779 4136 providentiae
807 4065 904 4123 Dei
941 4069 1205 4122 rationem
1250 4073 1667 4141 contemplatus,
1711 4071 2002 4128 confitetur

418 4157 625 4228 judicia
661 4157 886 4228 iustitia
920 4160 1034 4226 Dei,
1063 4177 1131 4218 ex
1174 4165 1373 4233 quibus
1415 4181 1502 4220 res
1534 4165 1790 4234 quaelibet
1816 4165 2000 4221 divero

422 4264 537 4305 sant
559 4252 926 4310 conditionem
949 4268 1015 4310 ac
1037 4252 1430 4325 providentiam
1463 4255 1654 4308 sortita
1674 4257 1791 4309 est.

2106 3229 2348 3292 στάσεως
2396 3230 2743 3302 περιέχουσα,
2799 3230 2942 3286 οὕτω
2974 3233 3067 3286 καὶ
3106 3235 3139 3304 ή
3187 3233 3392 3304 ἑϐδόμη
3429 3231 3662 3302 σύμϐολόν

2104 3319 2220 3371 ἐστι
2263 3317 2357 3371 τοῦ
2392 3319 2599 3390 κόσμου
2643 3320 2857 3374 τούτου.
2895 3323 3124 3394 Μήποτε
3155 3317 3248 3376 οὖν
3275 3325 3408 3388 τοὺς
3448 3324 3567 3395 περὶ
3602 3323 3662 3375 διο

2103 3412 2449 3484 καιοκρισίας
2475 3413 2666 3482 λόγους
2703 3414 2798 3469 τοῦ
2844 3417 3052 3488 κόσμου
3083 3419 3272 3474 τούτου
3305 3417 3405 3473 τοῦ
3434 3414 3662 3488 αἰσθητοῦ

2102 3502 2386 3573 γινώσκων
2415 3508 2444 3560 ὁ
2474 3505 2658 3574 Δαυῒδ,
2689 3507 2808 3579 ﬁve:
2836 3509 2928 3563 τὸν
2957 3509 3184 3582 Κύριον.

2178 3619 2292 3673 Τοῦ
2341 3622 2550 3676 αὐτοῦ.
2592 3623 2728 3695 Παρ’
2763 3624 2882 3679 ὅλον
2928 3626 3019 3680 τὸν
3053 3625 3166 3697 βίον
3195 3625 3368 3682 αὐτοῦ
3417 3628 3448 3681 ὁ
3487 3624 3664 3686 δὲκαιος

2103 3706 2470 3779 φωτιζόμενος
2522 3713 2579 3764 ὲν
2627 3713 2810 3786 ἡμέρᾳ
2841 3714 2993 3770 ἔσται
3023 3717 3223 3789 τελείᾳ,
3249 3719 3309 3773 οὐ
3347 3715 3664 3790 μεσολαμϐα-

2102 3799 2302 3871 νομένῃ
2333 3800 2438 3854 ὑπὸ
2461 3804 2654 3866 νυκτός
2671 3820 2684 3834 ο
2719 3806 2812 3858 καὶ
2836 3808 2976 3860 αἰνεῖ
2996 3808 3086 3861 τὸν
3113 3809 3247 3862 Θεὸν
3276 3810 3510 3872 ἑπτάκις
3529 3811 3664 3876 ὑπερ-

2103 3890 2329 3960 κόσμιος
2359 3892 2617 3961 γεγονὼς,
2661 3895 2739 3967 τῷ
2776 3897 2888 3952 ἄνω
2925 3902 3300 3973 κεχωρηκέναι
3330 3902 3428 3955 τοῦ
3470 3901 3525 3968 ἓξ
3548 3898 3661 3972 ήμέ·

2105 3999 2226 4053 ραις
2268 3983 2557 4053 γενομένου
2593 3987 2796 4058 κόσμου
2823 4006 2835 4018 ·
2887 3991 2974 4043 ὅτε
3006 3993 3099 4046 καὶ
3150 3993 3208 4045 ἐν
3249 3994 3329 4065 τῷ
3377 3997 3662 4073 παραδείσῳ

2102 4069 2196 4124 τοῦ
2225 4071 2361 4125 Θεοῦ
2414 4075 2724 4146 γενόμενος,
2774 4079 2866 4134 τὸν
2907 4082 3004 4151 τῆς
3033 4082 3397 4155 δημιουργίας
3429 4091 3520 4141 καὶ
3549 4069 3661 4162 προσ

2103 4165 2251 4228 νοίας
2285 4169 2421 4223 Θεοῦ
2450 4169 2605 4238 λόγον
2631 4171 2932 4244 θεωρήσας,
2968 4173 3368 4246 ἑξομολογείται
3395 4182 3465 4233 τὰ
3486 4182 3660 4254 κρίμα-

2103 4279 2168 4317 τα
2196 4263 2295 4335 τῆς
2337 4263 2685 4336 δικαιοσύνης
2734 4265 2826 4318 τοῦ
2856 4265 2990 4318 Θεοῦ
3015 4284 3026 4296 ·
3061 4269 3183 4321 καθ’
3221 4269 3257 4323 ἃ
3285 4272 3528 4343 κρίματα
3553 4274 3661 4328 2x1-

2105 4369 2228 4410 στον
2272 4357 2508 4427 πρᾶγμα
2563 4356 2813 4430 ποικίλην
2869 4357 3226 4432 δημιουργίαν
3257 4365 3371 4418 ’καὶ
3431 4367 3662 4437 πρόνοιαν

2105 4445 2280 4518 ἔσχεν.

491 4523 650 4579 Vsus.
686 4525 808 4580 165.
840 4523 960 4580 I’ax
989 4527 1154 4580 multa
1190 4527 1525 4596 diligentibus
1557 4527 1726 4598 legem.
1753 4537 1919 4588 luant,
1949 4535 1998 4578 et

2167 4538 2390 4608 Εἰρήνη
2428 4540 2626 4608 πολλεὴ
2675 4540 2799 4606 τοῖς
2847 4541 3118 4612 ἀγαπῶσι
3169 4543 3276 4598 τὸν
3313 4547 3502 4617 νόμον
3541 4565 3660 4612 σου,

423 4633 526 4671 non
565 4625 641 4670 est
674 4617 781 4670 illis
809 4618 1140 4685 scandalum,
1169 4629 1274 4675 etc.
1306 4618 1362 4674 Si
1404 4619 1608 4688 pusillis
1630 4618 2001 4673 scandalizat]-

425 4720 536 4775 tur,
567 4709 743 4778 pusilli
775 4726 880 4766 tton
907 4710 1133 4781 diligunt
1160 4712 1464 4768 Dominum.
1499 4727 1517 4762 ι
1549 4711 1814 4778 Quieuim
1843 4726 2002 4766 scau-

419 4800 760 4868 dalizaverit,
796 4803 971 4870 inquit
1003 4803 1068 4869 ⁷³,
1107 4819 1272 4858 unum
1315 4806 1382 4858 de
1433 4803 1642 4874 pusillis
1676 4803 1805 4858 illis.
1851 4820 1870 4855 ο
1899 4802 2000 4869 Qui

421 4891 654 4960 diligunt
684 4893 991 4957 Dominum,
1019 4911 1123 4950 non
1155 4895 1621 4952 scandalizantur.
1657 4895 1839 4950 Pusilli
1869 4911 2000 4964 ergo

419 5001 527 5042 non
561 4985 796 5056 diligunt
823 4986 1155 5046 Dominum:
1183 4997 1510 5062 quapropter
1539 4989 1702 5043 etiam
1748 4988 2000 5058 ignorant

421 5079 659 5134 rationes
685 5095 866 5134 rerum
900 5097 1020 5150 qua:
1062 5082 1216 5147 fiunt,
1258 5093 1311 5135 et
1337 5082 1402 5137 de
1424 5083 1619 5150 quibus
1649 5081 1812 5136 etiam
1839 5095 2002 5135 scan-

421 5172 751 5228 dalizautur.
777 5173 891 5228 Pax
926 5190 1034 5231 non
1063 5190 1184 5230 cum
1234 5174 1594 5230 invisibilibus
1619 5173 1876 5236 inimicis,
1903 5173 1999 5228 sed

419 5279 540 5316 cum
575 5261 705 5332 Deo,
723 5272 776 5319 et
811 5281 916 5319 nou
971 5276 1055 5321 est
1092 5265 1200 5321 illis
1233 5262 1633 5320 oﬂ'endiculum.
1679 5264 2002 5334 Complanat

419 5355 563 5408 enim
611 5355 719 5410 illis
767 5356 854 5412 lex
898 5354 1036 5412 viam
1079 5359 1315 5424 virtutis,
1345 5366 1561 5413 remoto
1589 5359 1737 5412 omni
1789 5356 1998 5426 peccati

417 5447 762 5504 offendicula.
793 5449 887 5506 Vel
918 5468 1022 5521 pax
1056 5467 1180 5508 cum
1237 5451 1540 5507 hominibus
1573 5451 1819 5521 ejusdem
1847 5449 1994 5516 fidei,

421 5539 544 5596 licet
570 5539 647 5596 illi
679 5541 875 5612 sapius
913 5558 1099 5612 pacem
1133 5559 1257 5600 cum
1291 5544 1372 5600 eis
1396 5543 1597 5600 habere
1622 5542 1816 5598 nolint.

2105 4631 2202 4684 καὶ
2253 4633 2364 4686 οὐκ
2408 4634 2578 4686 ἐστιν
2615 4633 2818 4699 αὐτοῖς
2863 4633 3232 4702 σκάνδαλον,
3285 4656 3416 4692 κ.τ.
3443 4641 3488 4697 ὲ.
3539 4641 3659 4693 Eiol

2108 4722 2294 4794 μικροὶ
2328 4723 2784 4788 σκανδαλίζονται,
2835 4726 2883 4778 oi
2937 4727 3124 4797 μικροὶ
3159 4728 3258 4781 οὐκ
3308 4731 3560 4798 ἀγαπῶσι
3586 4731 3660 4783 τὸν

2104 4812 2327 4883 Κύριον.
2384 4815 2610 4877 «Ὅστις
2642 4814 2751 4885 γὰρ
2791 4815 3139 4889 σκανδαλίσῃ,
3195 4820 3378 4889 φησὶν,
3430 4822 3524 4874 ἕνα
3569 4818 3658 4872 τῶν

2107 4905 2318 4977 μικρῶν
2353 4905 2578 4960 τούτων.
2605 4926 2622 4960 s
2669 4908 2730 4961 Οἱ
2763 4907 2820 4960 δὲ
2864 4908 3186 4978 ἀγαπῶντες
3235 4912 3326 4964 τὸν
3359 4914 3562 4985 Κύριον
3605 4910 3656 4965 οὐ

2108 4999 2568 5064 σκανδαλίζονται.
2609 5001 2672 5053 Oi
2702 5003 2886 5072 μικροὶ
2911 5003 3010 5056 οὐκ
3037 5003 3290 5072 ἀγαπῶσι
3322 5005 3414 5060 τὸν
3443 5006 3653 5078 Κύριον·

2104 5090 2185 5144 διὸ
2217 5091 2310 5144 καὶ
2343 5089 2593 5158 ἀγνοοῦσι
2617 5091 2742 5155 τοὺς
2771 5091 2961 5161 λόγους
2996 5093 3104 5148 τῶν
3132 5095 3452 5167 γινομένων,
3482 5099 3562 5166 ἐφ’
3591 5090 3657 5160 οἷς

2107 5183 2200 5236 καὶ
2253 5180 2711 5246 σκανδαλίζονται.
2751 5183 2951 5254 Εἰρήνη
2982 5184 3041 5237 οὐ
3076 5185 3212 5256 πρὸς
3258 5187 3380 5249 τοὺς
3416 5186 3656 5257 ἀοράτως

2105 5273 2351 5344 ἐχθροὺς,
2401 5273 2534 5326 ἀλλὰ
2563 5273 2700 5344 πρὸς
2726 5274 2816 5330 τὸν
2847 5275 2999 5338 Θεὸν,
3046 5278 3140 5330 καὶ
3180 5279 3278 5331 οὐκ
3310 5279 3457 5332 ἐστιν
3494 5278 3654 5339 αὐτοῖς

2107 5365 2454 5436 πρόσκομμα.
2488 5364 2821 5436 Ἐξομαλίιζει
2843 5367 2951 5436 γὰρ
2967 5368 3176 5433 τούτοις
3197 5372 3226 5423 ὁ
3256 5371 3416 5443 νόμος
3436 5371 3531 5442 τὴν
3551 5369 3654 5422 ὁδὸν

2102 5458 2200 5528 τῆς
2219 5455 2442 5530 ἀρετῆς,
2461 5459 2568 5511 πᾶν
2595 5457 2800 5512 σκῶλον
2819 5460 2917 5530 τῆς
2945 5463 3211 5532 ἁμαρτίας
3231 5463 3476 5533 ἐξαίρων.
3497 5462 3562 5514 Ἦ
3588 5461 3653 5512 ει.

2105 5551 2241 5622 ρήνη
2267 5551 2358 5603 καὶ
2379 5550 2514 5621 πρὸς
2541 5552 2664 5614 τοὺς
2694 5551 2796 5622 τῆς
2822 5553 2991 5621 αὐτῆς
3019 5553 3269 5616 πίστεως,
3290 5556 3336 5606 εἰ
3357 5556 3453 5605 καὶ
3473 5554 3647 5604 ἐκεῖνοι

2103 5635 2362 5699 πολλάκις
2392 5635 2692 5708 εἰρηνεύειν
2726 5636 2860 5708 πρὸς
2891 5635 3109 5700 τούτους
3138 5639 3198 5690 οὐ
3229 5637 3520 5706 βούλονται.

490 5745 676 5800 “Act.
713 5763 823 5814 xiv,
859 5747 949 5802 2|.
1028 5749 1072 5779 “
1107 5745 1248 5804 Psal.
1281 5763 1470 5814 vant,
1505 5748 1607 5814 10;
1641 5746 1796 5803 Joan.
1839 5761 1898 5813 tt,
1935 5747 2020 5806 17.
2097 5749 2142 5781 ⁷¹
2173 5749 2300 5806 ibid.
2334 5765 2446 5819 stv,
2480 5749 2567 5805 30.
2639 5751 2684 5782 ⁷³
2720 5749 2909 5805 Matth.
2945 5765 3096 5808 xvtn.
3122 5749 3176 5806 6.
