3800 6502
117 359 136 414 l
146 355 235 414 625

991 344 1298 404 SELECTA
1337 345 1404 400 IN
1444 341 1784 399 PSALMOS.
1822 371 1893 382 --
1931 341 2125 400 PSAL.
2167 339 2396 399 CXVIII.

3191 339 3328 400 £626

171 475 538 546 Προσεὸόκων
563 471 628 526 τὸ
677 470 970 540 σωτήριόν
1013 488 1151 536 σου,
1184 473 1380 539 Κύριε,
1410 469 1508 524 καὶ
1550 467 1648 534 τὰς

1831 467 1992 521 Vens.
2018 466 2137 520 166.
2192 462 2574 533 Exspectabam
2606 461 2841 516 salutare
2883 469 3052 526 tuum,
3085 459 3324 530 Domine,

111 565 335 632 ἐντολάς
363 579 479 618 σου
508 562 812 634 ἠγάπησα,
857 581 910 616 κ.
935 580 985 616 τ.
1014 564 1059 616 ἐ.
1107 562 1392 633 Μακάριος
1428 563 1456 613 6
1481 577 1644 632 προσ-

109 657 367 730 δεχόμενος
398 656 489 709 τοῦ
533 655 664 710 Θεοῦ
709 655 769 710 τὸ
799 655 1082 727 σωτήριον,
1126 655 1357 725 ἀγαπῶν
1402 655 1459 708 δέ
1488 651 1650 707 αὐτοῦ

110 749 190 802 καὶ
217 747 300 812 τὰς
333 745 578 811 ἐντολάς·
614 740 767 811 οὗτος
793 746 901 818 γὰρ
931 749 1010 810 εἰς
1061 745 1175 816 βίον
1219 746 1422 802 τέλειον
1455 747 1532 810 είς
1553 746 1653 798 ἀκ-

110 840 204 911 μὴν
241 839 524 912 προκόπτει
562 839 978 911 μακαριότητος,
1013 839 1134 909 ἥτις
1175 838 1358 902 αὐτοῖς
1381 840 1495 901 τοῖς
1521 838 1655 890 ἀπο-

107 932 292 994 στόλοις
317 930 648 1003 κεκλήρωτο,
684 930 821 1002 πρὸς
851 929 946 992 οὓς
987 929 1200 997 ἔλεγεν·
1236 947 1254 980 t
1285 930 1566 981 Ἔστωσαν
1597 930 1653 982 αἱ

102 1021 281 1092 ὀσφύες
309 1019 459 1092 ὑμῶν
512 1018 966 1093 περιεζωσμέναι,
1014 1021 1111 1072 καὶ
1141 1020 1189 1072 οἱ
1217 1018 1401 1090 λύχνοι
1429 1018 1653 1089 καιόμε-

101 1132 174 1168 νοι
193 1131 205 1144 ο
229 1114 315 1167 καὶ
357 1114 512 1184 ὑμεῖς
550 1114 724 1184 ὅμοιοι
749 1110 1052 1183 ἀνθρώποις
1081 1110 1531 1183 προσδεχομένοις
1562 1111 1654 1166 τὸν

100 1205 285 1280 Κύριον
310 1204 506 1259 αὐτῶν.
539 1224 558 1258 ο

177 1297 478 1369 Ἐγγισάτω
519 1297 558 1365 ἡ
593 1297 803 1364 δέησίς
831 1312 952 1366 μου
991 1294 1252 1350 ἐνώπιόν
1276 1309 1392 1352 σου
1414 1334 1428 1360 ,
1454 1296 1650 1364 Κύριε,

97 1391 236 1446 κατὰ
263 1391 324 1444 τὸ
349 1392 561 1461 λόγιόν
582 1404 697 1444 σου
726 1388 1054 1443 συνέτισόν
1083 1406 1192 1460 με,
1233 1406 1287 1442 κ.
1318 1406 1370 1443 τ.
1406 1389 1454 1442 ἐ.
1495 1389 1653 1442 Κατὰ

94 1483 159 1536 τὰ
187 1482 410 1553 πρότερα
450 1483 687 1552 στοιχεῖα
724 1481 890 1534 ὥδευε
937 1481 1072 1552 πρὸς
1117 1483 1210 1535 τὸν
1252 1480 1404 1549 Θεὸν,
1440 1480 1652 1534 οὐδέπω

91 1567 158 1643 ἦν
186 1573 341 1640 ἐγγὺς
373 1569 536 1624 αὑτοῦ
557 1587 571 1602 ·
604 1571 694 1624 ὅτε
727 1569 782 1624 δὲ
817 1569 908 1623 ἐπὶ
932 1570 1074 1622 τέλει
1105 1570 1396 1640 γεγένηται
1433 1567 1528 1622 τοῦ
1565 1567 1652 1620 λό-

93 1680 184 1731 γου
215 1662 302 1716 τοῦ
332 1662 690 1734 προκειμένου
710 1702 725 1727 ,
767 1663 862 1716 καὶ
895 1660 1037 1714 κατὰ
1073 1661 1135 1714 τὸ
1174 1661 1476 1714 τελευταῖον
1519 1660 1650 1730 παρ’

104 1754 358 1826 Ἑϐραίοις
391 1757 651 1825 στοιχεῖον
671 1793 686 1819 ,
718 1755 838 1808 τότε
871 1752 1090 1826 εὔχεται
1120 1753 1208 1807 ἵνα
1247 1755 1281 1824 ἠ
1315 1753 1449 1824 εὐχὴ
1485 1752 1650 1808 αὑτοῦ

1755 575 1803 614 ει
1851 559 2103 612 mandata
2161 567 2254 611 tua
2315 557 2501 621 dilexi,
2543 563 2648 610 etc.
2683 554 2876 608 Beatus
2903 553 2994 624 qui
3050 564 3306 622 exspecta

1754 655 1991 710 salutare
2023 653 2137 718 Dei,
2169 660 2224 707 et
2281 651 2530 706 mandata
2563 648 2680 716 ejus
2720 647 2913 718 diligit.
2965 647 3063 702 llic
3089 647 3232 702 enim
3261 648 3327 700 ad

1754 749 1917 804 vitam
1945 744 2263 816 perfectam,
2300 752 2353 797 el
2382 742 2448 797 ad
2477 741 2689 798 culmen
2717 738 2933 808 proﬁcit
2953 737 3324 802 beatitudinis,

1755 857 1872 913 qua:
1899 839 2030 911 ipsis
2082 836 2342 908 apostolis
2393 837 2631 908 reposita
2664 843 2768 898 est,
2803 835 2867 887 ad
2901 848 3036 903 quos
3074 831 3280 887 dixit'.‘
3311 848 3326 886 :

1761 953 1778 987 ι
1821 933 1942 989 Sint
1969 931 2135 986 lumbi
2165 929 2332 985 veStri
2373 930 2672 1000 praecincti,
2700 936 2754 981 et
2778 927 3014 982 lucernae
3036 925 3325 990 ardentes;

1753 1037 1808 1083 et
1838 1041 1937 1082 vos
1975 1025 2178 1080 similes
2225 1021 2537 1078 hominibus
2573 1018 3013 1090 exspectantibus
3040 1016 3326 1072 Dominum

1754 1133 1930 1173 suum.
1960 1135 1980 1170 ι

1822 1298 1989 1370 81⁵1
2041 1293 2201 1350 Vens.
2251 1294 2375 1350 169.
2429 1292 2821 1363 Appropinquet
2871 1290 3173 1361 deprecatio
3213 1304 3326 1342 mea

1753 1392 1806 1445 in
1847 1399 2124 1457 conspectu
2167 1399 2279 1454 tuo,
2311 1386 2530 1440 Domine
2549 1399 2568 1439 .·
2585 1383 2746 1453 juxta
2777 1383 3038 1453 eloquium
3069 1393 3218 1436 tuum
3257 1382 3325 1434 da

1754 1483 1884 1537 mihi
1922 1480 2264 1542 intellectum,
2319 1485 2425 1532 etc.
2472 1476 2782 1532 Secundum
2832 1474 3013 1543 priora
3059 1476 3324 1530 elementa

1753 1570 2070 1626 ambulabat
2121 1570 2188 1623 ad
2245 1569 2434 1632 Deum,
2493 1577 2548 1621 et
2603 1566 2840 1620 nondum
2891 1565 2940 1620 ei
2991 1568 3326 1635 propinquus

1752 1675 1906 1732 erat;
1930 1663 2147 1733 quando
2169 1670 2349 1716 autem
2379 1660 2483 1714 fuit
2517 1659 2571 1712 in
2607 1659 2712 1712 [ine
2741 1659 3003 1728 propositi
3036 1659 3326 1720 sermonis,

1755 1765 1809 1809 et
1841 1758 1894 1810 in
1926 1756 2106 1810 littera
2139 1769 2262 1824 qua:
2298 1755 2442 1823 apud
2477 1751 2731 1806 Hebraeos
2762 1760 2848 1804 est
2875 1760 3171 1819 postrema,
3203 1759 3330 1805 tunc

90 1846 276 1920 ἐγγίσῃ
305 1845 380 1911 τῷ
405 1847 524 1917 Θεῷ
547 1887 562 1911 ,
599 1847 690 1900 καὶ
725 1847 902 1917 φθάσῃ
936 1846 1072 1918 πρὸς
1095 1846 1280 1900 αὐτόν.
1311 1846 1446 1916 Περὶ
1473 1845 1529 1898 δὲ
1555 1843 1648 1898 τοῦ

1753 1848 2028 1914 obsecrat,
2063 1855 2121 1902 ut
2153 1845 2332 1903 oratio
2361 1845 2480 1915 ejus
2530 1843 2640 1898 Deo
2692 1843 3114 1912 appropinquet,
3161 1851 3216 1897 et
3263 1842 3328 1895 ad

88 1938 201 2010 Θεῷ
247 1940 493 2008 ἐγγίσαι,
543 1938 647 2011 χρὴ
715 1939 944 2004 εἰδέναι,
993 1941 1073 1992 ὅτι
1116 1939 1376 2010 διαφορὰς
1417 1939 1648 2010 εὕρομεν

85 2031 300 2093 ταύτας.
362 2032 421 2084 Ὀ
472 2031 570 2102 μὲν
617 2031 950 2102 τελειότερος
1001 2031 1208 2099 ἐγγίζει
1248 2031 1326 2102 τῷ
1353 2030 1503 2100 Θεῷ·
1535 2033 1562 2084 6
1591 2031 1649 2084 δὲ

87 2123 463 2194 ὑποδεέστερος
496 2125 588 2178 καὶ
633 2125 802 2192 ἐγγὺς
845 2124 1036 2176 τούτου
1063 2163 1077 2187 ,
1109 2123 1270 2187 αὐτὸς
1306 2123 1406 2194 μὲν
1435 2123 1534 2176 οὐκ
1563 2125 1650 2192 ἐγ-

83 2216 220 2284 γίζει
249 2216 323 2286 τῷ
341 2215 460 2288 Θεῷ
483 2233 497 2246 ’
534 2217 700 2288 εὐχὴν
727 2217 782 2270 δὲ
814 2216 927 2287 ἔχει
956 2215 1278 2286 ἐγγίζουσαν
1314 2215 1462 2286 αὐτῷ
1481 2232 1494 2245 ’
1527 2213 1646 2269 ὅθεν

84 2307 207 2378 περὶ
237 2307 511 2370 Μωῦσέως
551 2305 732 2377 εὕροις
775 2307 840 2361 ἂν
866 2307 926 2358 τό
948 2323 962 2338 ο
999 2324 1017 2358 ι
1070 2307 1280 2374 Ἐγγιεῖ
1315 2305 1522 2376 Μωσῆς
1561 2304 1650 2376 μό-

81 2415 171 2462 νος
197 2399 327 2471 πρὸς
361 2398 451 2453 τὸν
471 2399 624 2464 Θεὸν,
655 2400 704 2452 οί
749 2399 803 2452 δὲ
831 2397 1006 2452 λοιποὶ
1033 2399 1130 2451 οὐκ
1164 2399 1463 2467 ἐγγιοῦσινο
1499 2417 1516 2451 ι
1555 2400 1649 2453 ἐπὶ

79 2491 138 2544 δὲ
187 2491 373 2546 τούτου
437 2492 603 2563 εὐχὴν
656 2492 919 2560 λέγουσαν
965 2510 984 2543 t
1027 2491 1334 2560 Ἐγγισάτω
1387 2493 1420 2562 ἡ
1464 2490 1647 2561 δέησίς

83 2600 216 2653 μου,
247 2603 266 2636 ι
313 2585 406 2637 καὶ
449 2584 595 2654 ἐξῆς.
649 2585 746 2648 Τίς
793 2585 850 2638 δὲ
893 2583 1098 2637 τούτων
1152 2584 1446 2656 ήδιαφορὰ
1498 2583 1647 2647 ἄξιον

76 2676 176 2747 ἤδη
207 2676 500 2747 θεωρῆσαι.
540 2677 596 2729 Ὀ
623 2677 754 2740 Θεὸς
785 2677 884 2730 ούκ
907 2679 963 2729 ἐν
995 2676 1145 2746 τόπῳ
1173 2677 1318 2729 ἐστὶν
1339 2715 1354 2740 ,
1389 2675 1525 2730 ἀολλά
1557 2675 1647 2728 δύ-

74 2769 237 2838 ναμίς
279 2769 424 2820 ἐστιν
461 2768 696 2838 ἄρρητος
736 2769 832 2821 καὶ
886 2767 1191 2836 ᾶφθεγκτος
1243 2767 1337 2819 καὶ
1392 2766 1640 2838 ἀόρατος.

72 2859 138 2912 Εἰ
176 2859 220 2912 δ’
255 2859 353 2911 οὐκ
401 2858 546 2911 ἔστιν
579 2860 636 2911 ἐν
666 2859 814 2929 τόπῳ
857 2861 884 2911 6
919 2859 1081 2924 Θεὸς,
1143 2857 1382 2927 ἐγγίζειν
1436 2853 1493 2908 δὲ
1527 2855 1644 2909 ἔστι

72 2953 209 3006 ποτε
234 2951 310 3023 τῷ
356 2950 475 3022 Θεῷ
495 2992 510 3014 ,
543 2951 786 3022 δηλονότι
819 2951 896 3023 τῷ
927 2953 982 3004 ἐν
1016 2953 1147 3022 ἡμῖν
1181 2950 1399 3022 ἀοράτῳ
1434 2949 1648 3019 ἐγγίζο-

69 3063 173 3118 μεν
216 3045 380 3116 αὐτῷ.
421 3045 486 3098 Τί
519 3045 662 3099 δὲέν
699 3047 832 3116 ἡμῖν
877 3045 1140 3116 ἁόρατον;
1181 3045 1240 3096 Ὀ
1270 3043 1509 3114 κρυπτὸς
1550 3043 1646 3113 τῆς

64 3139 294 3210 καρδίας
326 3138 639 3210 ἄνθρωπος,
669 3138 725 3190 ὃν
755 3137 1037 3208 ὠνόμασεν
1069 3139 1101 3208 ὴ
1137 3135 1328 3208 Γραφὴ
1365 3154 1383 3186 ι
1427 3135 1533 3188 ἔσω
1555 3136 1646 3190 ἅν-

1753 1939 1928 2008 ipsum
1979 1937 2280 2009 perveniat.
2334 1936 2607 1992 Czetcrum
2662 1937 2729 1989 de
2772 1935 3182 2005 propinquitate
3233 1932 3326 1988 Dei

1750 2033 2032 2089 sciendum
2059 2042 2144 2087 est
2169 2030 2270 2086 has
2316 2045 2414 2084 nos
2454 2028 2790 2084 diderentias
2820 2029 3112 2097 reperisse.
3146 2025 3328 2083 Perle-

1748 2125 1887 2181 ctior
1917 2123 2317 2194 appropinquat
2354 2122 2495 2186 Deo;
2521 2120 2751 2174 inferior
2781 2136 2911 2175 vero
2946 2129 3000 2174 et
3034 2119 3158 2171 huic
3188 2117 3326 2172 vici-

1749 2233 1850 2274 nus
1886 2234 1992 2273 non
2024 2215 2422 2288 apprOpinquat
2448 2214 2666 2283 quidem
2707 2214 2835 2279 Deo,
2872 2213 2973 2267 sed
3017 2212 3326 2266 orationem

1749 2311 1916 2369 habet
1950 2311 1998 2366 ei
2029 2309 2584 2381 appropinquantem.
2633 2305 2788 2362 Unde
2835 2307 2900 2360 de
2952 2305 3136 2376 Moyse
3177 2319 3332 2374 repe-

1751 2405 1864 2461 rire
1895 2413 1981 2460 est
2015 2403 2188 2459 illud:
2224 2421 2243 2454 ι
2279 2402 2517 2458 Accedet
2561 2399 2778 2472 Moyses
2827 2399 2976 2455 solus
3027 2399 3094 2453 ad
3138 2398 3326 2456 Deum.

1748 2498 1931 2554 caeteri
1964 2505 2150 2552 autem
2185 2509 2292 2550 non
2322 2494 2624 2559 accedent;
2663 2511 2682 2544 ι
2725 2493 2942 2563 insuper
2971 2505 3100 2547 vero
3125 2489 3330 2544 oratio-

1747 2604 1871 2644 nem
1905 2588 2177 2642 dicentem
2208 2599 2226 2641 :
2272 2603 2291 2638 ι
2319 2585 2730 2656 Appropinquet
2761 2583 3078 2652 deprecatio
3113 2597 3255 2644 mea,
3295 2598 3321 2632 ι

1747 2689 1854 2734 etc.
1895 2680 2025 2744 Qua:
2053 2692 2218 2747 porro
2249 2678 2443 2732 horum
2487 2679 2559 2731 sit
2593 2676 2928 2739 diﬂ'erentia,
2974 2688 3153 2744 opera:
3201 2688 3328 2742 prc-

1748 2769 1884 2822 tium
1916 2777 2002 2821 est
2039 2767 2408 2824 considerare.
2443 2765 2586 2821 Deus
2619 2781 2722 2819 non
2760 2765 2920 2819 estin
2954 2766 3094 2830 loco,
3125 2765 3220 2818 sed
3247 2772 3332 2815 est

1746 2859 1919 2914 virtus
1959 2873 2159 2914 arcana
2191 2867 2246 2914 et
2277 2855 2569 2913 ineﬂ‘ahilis
2618 2866 2674 2912 et
2718 2856 3032 2911 invisibilis.
3061 2857 3117 2909 Si
3147 2866 3328 2909 autem

1751 2953 1894 3008 Deus
1926 2967 2033 3008 non
2066 2961 2152 3007 est
2187 2952 2240 3006 in
2285 2955 2426 3017 loco,
2452 2959 2508 3006 et
2540 2951 2835 3019 aliquando
2875 2959 3051 3004 tamen
3090 2948 3200 3004 Deo
3233 2965 3329 3018 ap-

1747 3038 2113 3112 propinquare
2142 3057 2452 3113 possumus,
2485 3042 2675 3111 utique
2699 3055 2795 3110 per
2820 3039 2872 3093 id
2903 3042 3046 3107 quod
3084 3041 3132 3094 in
3171 3039 3328 3094 nobis

1746 3145 1829 3188 est
1873 3135 2149 3190 invisibile
2197 3135 2299 3205 ipsi
2341 3134 2863 3205 appropinquamus.
2908 3134 3044 3198 Quid
3081 3149 3245 3203 porro
3273 3135 3324 3186 in

63 3206 321 3303 θρωπον;
358 3249 376 3283 ι
417 3206 617 3284 Τούτου
647 3229 778 3299 γοῦν
807 3206 952 3283 ἐστιν
981 3206 1196 3298 ἐγγίσαι
1215 3227 1292 3299 τῷ
1318 3206 1458 3299 Θεῷ.
1489 3229 1644 3280 Ἔστι

1752 3230 1904 3284 nobis
1955 3240 2038 3286 est
2085 3229 2379 3296 invisibile,
2439 3231 2541 3286 nisi
2589 3229 2836 3286 occultus
2882 3230 3061 3285 cordis
3118 3230 3324 3294 homo,

57 3323 124 3376 δέ
169 3324 386 3392 ἐγγίσαι
440 3323 528 3377 διὰ
574 3323 750 3395 Ἰησοῦ
798 3321 1065 3394 Χριστοῦ·
1116 3323 1211 3375 καὶ
1265 3321 1496 3392 μάλιστα
1550 3320 1645 3374 ἐὰν

56 3417 348 3487 νοήσωμεν
375 3415 466 3468 τὸν
495 3416 728 3485 Χριστὸν
747 3455 760 3480 ,
790 3417 871 3469 ὅτι
892 3417 1008 3468 ἐστὶ
1027 3414 1359 3486 δικαιοσύνη,
1382 3414 1462 3468 ὅτι
1495 3415 1644 3468 ἐστὶν

50 3508 292 3580 ἀλήθεια
319 3508 413 3562 καὶ
445 3509 604 3576 σοφία
625 3548 640 3572 ,
676 3509 769 3562 καὶ
792 3508 1086 3571 ἀνάστασις
1116 3508 1209 3561 καὶ
1236 3506 1350 3576 φῶς
1369 3505 1641 3577 ἀληθινόν.

53 3599 230 3652 ΙΙἈνευ
257 3597 365 3671 γὰρ
395 3599 598 3652 τούτων
641 3601 739 3652 ούκ
769 3598 910 3651 ἐστιν
943 3597 1154 3668 ἐγγίσαι
1188 3597 1340 3668 Θεῷ,
1374 3599 1488 3652 ἀλλ’
1521 3598 1642 3652 ούδέ

46 3691 234 3761 χωρὶς
253 3691 504 3763 εἰρήνης,
531 3691 630 3761 τῆς
664 3693 1004 3768 φρουρούσης
1041 3693 1141 3762 τὴν
1174 3691 1404 3762 καρδίαν
1445 3691 1538 3743 καὶ
1573 3691 1643 3744 τὰ

46 3785 308 3855 νοήματα
327 3823 341 3848 ,
363 3785 486 3854 ἥτις
523 3785 667 3836 ἐστὶν
691 3787 718 3837 6
745 3784 995 3857 Χριστός.
1032 3785 1180 3854 Ὅσῳ
1207 3783 1262 3836 δέ
1303 3801 1386 3848 τις
1423 3782 1642 3837 ἀπολεί-

43 3891 224 3928 πεται
246 3874 450 3927 τούτων
471 3913 485 3938 ,
509 3873 850 3944 δικαιοσύνης
871 3892 942 3944 φη
953 3875 1012 3944 μὶ
1035 3873 1128 3926 καὶ
1155 3873 1344 3942 σοφίας
1364 3914 1376 3938 ,
1404 3873 1640 3945 τοσούτῳ

45 3968 282 4040 μακράν
305 3968 452 4020 ἐστιν
484 3969 511 4020 6
538 3967 775 4032 τοιοῦτος
803 3966 897 4020 τοῦ
929 3966 1088 4022 Θεοῦ.

124 4246 412 4301 Είσέλθοι
444 4246 509 4298 τὸ
547 4245 776 4315 ἀξίωμά
807 4263 928 4315 μου
971 4242 1228 4298 ἐνώπιόν
1252 4259 1397 4307 σου,
1427 4245 1634 4312 Κύριε,

34 4337 208 4391 κατὰ
235 4336 301 4389 τὸ
323 4337 532 4405 λόγιόν
569 4352 686 4390 σου
709 4337 898 4405 ῥῦσαί
923 4355 1030 4406 με,
1072 4354 1127 4389 κ.
1160 4354 1210 4392 τ.
1244 4339 1290 4390 ἐ.
1327 4338 1638 4410 Παρακαλεί

29 4433 309 4503 τοιαύτην
361 4429 501 4487 εἶναι
552 4433 650 4504 τὴν
680 4435 900 4499 ἀξίωσιν
957 4437 1215 4508 δόκιμον,
1259 4439 1351 4491 καὶ
1401 4436 1633 4507 βέϐαιον,

1745 3338 1904 3394 quem
1934 3321 2221 3392 Scriptura
2253 3322 2300 3356 ⁷⁸
2344 3340 2363 3374 ι
2397 3323 2720 3377 interiorem
2771 3320 3048 3376 hominem
3086 3340 3104 3372 ι
3144 3321 3321 3374 nomi-

1743 3412 1938 3470 navit?
1968 3413 2141 3486 llujus
2177 3428 2310 3484 ergo
2358 3424 2443 3470 est
2470 3414 2914 3484 appropinquare
2959 3413 3089 3467 Deo.
3122 3411 3324 3467 Possu-

1742 3523 1862 3563 mus
1905 3508 2068 3562 etiam
2125 3509 2565 3577 appropinquare
2617 3520 2713 3575 per
2758 3504 2950 3561 Iesum
3003 3503 3320 3571 Christum,

1741 3600 2041 3671 praesertim
2061 3600 2106 3654 si
2133 3600 2568 3655 intellexerimus
2588 3598 2865 3654 Christum
2885 3613 3012 3654 esse
3026 3598 3322 3670 justitiam,

1741 3693 2062 3756 veritatem,
2117 3693 2476 3764 sapientiam,
2526 3692 2987 3747 resurrectionem
3035 3701 3090 3748 et
3146 3691 3323 3747 lucem

1741 3801 1944 3840 veram.
1988 3782 2123 3838 Nam
2155 3785 2274 3841 sine
2305 3784 2389 3840 his
2424 3785 2649 3840 minime
2679 3800 2970 3854 possumus
2995 3785 3108 3839 Deo
3129 3800 3325 3854 appro-

1740 3881 2035 3950 pinquare,
2083 3880 2176 3935 sed
2229 3893 2330 3934 nec
2383 3878 2503 3934 sine
2550 3891 2684 3947 pace
2731 3892 2828 3933 cor
2867 3886 2921 3933 et
2966 3878 3324 3948 cogitationes

1739 3974 2107 4037 custodiente,
2138 3988 2262 4042 qua:
2291 3987 2394 4042 pax
2427 3979 2512 4026 est
2538 3970 2811 4025 Christus.
2839 3971 3111 4036 Quantum
3143 3980 3320 4025 autem

1739 4067 1861 4136 quis
1893 4066 2019 4121 istis
2049 4066 2385 4128 destituitur,
2417 4063 2633 4134 justitia
2681 4063 2902 4133 inquam
2945 4071 2998 4118 et
3031 4062 3322 4135 sapientia,

1745 4161 2085 4215 tantumdem
2116 4169 2354 4214 remotus
2383 4165 2465 4212 est
2489 4173 2518 4211 a
2550 4156 2679 4211 Deo.

1817 4254 1980 4308 Vens.
2025 4253 2150 4308 170.
2201 4251 2370 4306 Intret
2420 4249 2704 4318 postulatio
2763 4266 2877 4302 mea
2941 4250 2992 4301 in
3044 4255 3319 4317 conspectu

1739 4355 1852 4414 tuo,
1902 4345 2146 4412 Domine,
2189 4344 2474 4398 secundant
2515 4344 2777 4412 eloquium
2824 4350 2971 4394 tuum
3013 4343 3152 4408 eripe
3203 4355 3318 4402 me,

1738 4447 1844 4492 etc.
1897 4437 2070 4507 Rogat
2128 4445 2186 4491 ut
2238 4435 2544 4490 istiusmodi
2602 4433 2894 4502 postulatio
2945 4432 3016 4488 sit
3063 4433 3316 4502 probata,

27 4527 146 4580 καὶ
177 4525 601 4593 ἀκατάγνωστον
624 4567 638 4589 ,
676 4526 814 4579 ὥστε
861 4528 1120 4580 εἰσελθεῖν
1151 4527 1378 4583 ἐνώπιον
1404 4529 1632 4598 Κυρίου.

1752 4529 1899 4585 firma
1925 4538 1979 4586 et
2001 4528 2528 4599 lrreprehensibilis,
2555 4527 2628 4580 ita
2663 4535 2720 4580 ut
2751 4526 2919 4581 intret
2945 4526 2997 4579 in
3019 4535 3316 4594 conspectu

26 4619 338 4690 Γνώσομαι
361 4618 416 4671 δὲ
434 4620 482 4671 εί
508 4617 734 4671 εἰσέλθοι
759 4620 816 4672 τὸ
840 4619 1055 4692 ἀξίωμά
1078 4639 1178 4692 μου
1200 4621 1426 4674 ἐνώπιόν
1445 4638 1559 4684 σου,
1584 4624 1631 4675 εί

1752 4623 1975 4678 Domini.
2020 4621 2356 4692 Cognoscam
2404 4631 2585 4677 autem
2635 4633 2818 4677 utrum
2859 4618 3152 4688 postulatio
3199 4631 3318 4672 mea

25 4710 312 4786 ρυσθείην
347 4711 450 4765 ὕπὸ
480 4709 573 4762 σοῦ
602 4710 740 4764 κατὰ
763 4713 853 4764 τὸν
879 4712 1033 4781 λόγον
1061 4713 1155 4766 καὶ
1192 4715 1251 4767 τὸ
1278 4713 1492 4785 ἀξίωμά
1530 4731 1628 4785 μου

21 4807 140 4862 καὶ
190 4806 295 4879 τὴν
327 4804 519 4874 σοφίαν
562 4821 674 4857 σου.
733 4805 788 4858 'O
831 4808 939 4876 γὰρ
968 4805 1237 4870 ἁνώτεοος
1273 4809 1490 4862 πάντων
1526 4826 1632 4862 πα-

19 4902 155 4957 θῶν
177 4901 422 4970 γεγονὼς
440 4942 453 4964 ,
483 4899 690 4970 καὶτῆς
711 4899 1032 4971 ἀχρειούσης
1057 4901 1271 4973 μακρὰν
1293 4902 1374 4955 ὅτι
1398 4901 1630 4974 μάλιστα

17 4995 252 5060 κακίας
307 4996 596 5067 χωρήσας,
633 4992 870 5064 ἐρῤύσθη
921 4994 1026 5048 ὑπὸ
1061 4994 1158 5048 τοῦ
1201 4993 1337 5049 Θεοῦ
1379 4996 1519 5049 κατὰ
1569 4995 1630 5050 τὸ

17 5089 231 5158 λόγιον
265 5088 452 5143 αὐτοῦ.
497 5089 642 5141 Ἀντὶ
673 5087 729 5140 δὲ
753 5085 847 5140 τοῦ
883 5106 900 5138 ι
935 5087 997 5140 τὸ
1027 5087 1246 5159 ἀξίωμά
1272 5107 1372 5159 μου
1402 5109 1422 5140 ι
1469 5091 1497 5142 6
1533 5089 1629 5159 μέν

32 5177 298 5243 Ἀκύλας
349 5198 368 5230 ι
395 5179 578 5250 δέησίς
616 5197 716 5250 μου
741 5217 754 5241 ,
794 5198 811 5231 t
870 5181 896 5234 6
932 5179 988 5232 δέ
1039 5179 1330 5252 Σύμμαχος
1395 5201 1413 5232 ‹
1454 5182 1630 5235 ίκεσία

17 5291 144 5344 μου
182 5291 200 5324 ι
244 5274 524 5344 εἰρήκασι.
565 5271 666 5324 Δύο
697 5271 766 5342 δὴ
808 5266 900 5324 οὖν
926 5273 1104 5337 αἰτεῖ,
1143 5273 1241 5344 τὴν
1276 5273 1490 5327 σύνεσιν
1521 5274 1629 5328 τῷν

17 5369 75 5419 is
89 5363 212 5436 ρῶν
233 5364 434 5433 λογίων
453 5406 467 5428 ,
498 5365 590 5417 καὶ
611 5364 706 5434 τὴν
732 5367 1048 5436 ἀπαλλαγὴν
1075 5367 1169 5420 καὶ
1191 5365 1499 5440 ἐλευθερίαν
1520 5367 1628 5424 τῶν

17 5459 85 5511 ἐν
117 5454 208 5526 τῷ
243 5454 348 5527 βίῳ
381 5455 595 5510 κακῶν·
625 5457 653 5510 ὃ
680 5457 743 5529 δὴ
773 5458 867 5512 κα)⁵
900 5461 1030 5530 ἡμῖν
1061 5459 1378 5530 ἀναγκαῖον.

93 5824 156 5858 ’⁵
197 5824 340 5883 Luc.
369 5840 466 5894 xu,
491 5826 580 5882 35.
655 5827 698 5858 ’⁸
741 5825 894 5883 Rom.
931 5841 1026 5896 vn,
1057 5826 1144 5882 22.

1739 4717 2025 4771 intraverit
2065 4717 2118 4770 in
2166 4725 2460 4786 conspectu
2505 4725 2620 4780 tuo,
2663 4719 2707 4771 si
2757 4713 3052 4770 secundum
3091 4711 3312 4767 vet-bum

1736 4813 1792 4858 et
1821 4802 2248 4871 postulationem
2284 4819 2459 4859 meam
2492 4819 2556 4859 ac
2586 4807 2906 4875 sapientiam
2938 4813 3085 4858 tuam
3115 4813 3220 4856 ate
3253 4802 3316 4854 li-

1739 4898 1956 4953 beratus
1984 4899 2157 4953 fuero.
2182 4896 2284 4966 Qui
2305 4899 2449 4953 enim
2477 4900 2731 4955 omnibus
2752 4899 3040 4956 aliectibus
3063 4897 3314 4968 superior

1737 4990 1930 5056 evasit,
1955 4999 2009 5045 et
2033 4989 2191 5059 longe
2227 4989 2517 5045 admodum
2550 4991 2617 5046 ab
2653 4992 2832 5046 inutili
2885 4993 3091 5048 malitia
3129 5005 3311 5045 remo-

1739 5094 1823 5140 tus
1852 5093 1958 5149 est,
1987 5085 2033 5140 is
2063 5099 2092 5137 a
2127 5085 2237 5139 Deo
2268 5085 2567 5140 secundum
2596 5084 2870 5154 eloquium
2902 5085 3018 5154 ejus
3050 5084 3312 5138 liberatus

1735 5189 1840 5234 est.
1871 5177 2136 5248 Czeterutu
2167 5194 2266 5248 pro
2321 5197 2340 5230 ι
2375 5179 2671 5248 postulatio
2719 5195 2835 5235 mea
2877 5199 2896 5232 ι
2949 5177 3140 5247 Aquila
3181 5175 3309 5246 qui-

1735 5275 1857 5329 dem
1889 5291 1910 5325 ι
1945 5274 2259 5344 deprecatio
2289 5288 2429 5339 mea,
2470 5291 2490 5326 ι
2530 5271 2897 5342 Symmachus
2927 5286 3055 5326 vero
3095 5289 3114 5322 ι
3149 5269 3309 5327 οῦδε-

1733 5366 1905 5423 cratio
1940 5382 2058 5421 mea
2095 5385 2113 5419 ι
2151 5365 2421 5422 dixerunt.
2458 5366 2571 5420 Duo
2601 5366 2773 5436 igitur
2813 5364 3070 5434 postulat,
3109 5363 3308 5417 intelli-

1731 5460 1970 5531 gentiam
2011 5473 2290 5514 sacrorum
2333 5457 2670 5528 eloquiorum
2720 5466 2774 5512 et
2819 5455 3196 5511 liberationem
3245 5465 3306 5508 ac

1734 5551 2039 5607 libertatem
2071 5554 2138 5608 ab
2166 5552 2324 5624 hujus
2357 5553 2481 5608 vitae
2515 5553 2673 5610 malis
2703 5572 2715 5607 :
2751 5549 2896 5624 quod
2929 5549 3119 5621 utique
3149 5545 3304 5603 nobis

1730 5645 2095 5702 necessarium
2125 5656 2230 5706 est.
