3914 6374
575 241 713 300 169.7
1989 246 2078 303 EX
2120 247 2280 305 ORlG
2290 245 2425 304 ENE
3618 255 3701 309 ιιξι

646 371 812 426 Vens.
857 372 978 429 ΓΗ.
1027 371 1358 426 Eructabuut
1396 372 1537 426 labia
1580 388 1691 427 mea
1719 374 1989 442 hymnum,
2037 392 2192 433 cumr

2183 379 2228 433 Α
2338 371 2779 440 Ἐξερεύξονται
2823 371 2894 425 τὰ
2939 372 3113 440 χείλη
3141 390 3259 441 μου
3292 373 3487 443 ὕμνον,
3522 377 3626 432 ὅταν
3653 383 3698 437 ὄι-

574 462 818 517 ᾱοσιιετὶε
859 480 938 516 me
963 463 1382 533 justiﬁcationcs
1433 473 1576 532 tuas,
1631 472 1737 518 etc.
1784 463 2063 530 Eructatio
2097 479 2120 516 ιι

2263 464 2454 531 δάξης
2487 482 2562 533 με
2603 464 2672 517 τὰ
2699 463 3055 534 δικαιώματά
3095 482 3243 528 σου,
3279 484 3327 518 κ.
3363 483 3408 519 τ.
3434 469 3472 519 ὲ.
3521 469 3572 523 Ἡ
3601 475 3704 548 imi

576 553 862 622 plurimum
894 554 1090 609 accidit
1150 555 1432 610 saturatis.
1474 553 1564 608 Sic
1605 557 1751 610 enim
1788 556 1980 625 repleti
2022 571 2118 612 eru

2262 557 2338 620 ὡς
2373 557 2573 611 ἐπίπαν
2622 557 2827 625 γίνεται
2860 560 2974 622 τοῖς
3026 557 3444 628 κεκορεσμένοις.
3474 561 3706 631 [limiti/ts;

575 658 790 705 ctamus
847 649 1164 718 qualitatem
1223 650 1326 703 cibi
1383 664 1540 718 quem
1588 648 1940 717 sumpsimus.
1995 647 2121 703 Novi

2263 648 2369 719 γὰρ
2399 648 2571 712 οὑτως
2611 648 2946 720 ὲρευγόμεθα
2974 649 3070 720 τὴν
3104 649 3355 720 ποιότητα
3380 651 3465 722 τῆς
3487 654 3652 722 τροφῆς,
3671 659 3707 727 ἢν

579 739 746 809 igitur
779 741 998 796 divinus
1029 757 1208 796 sermo
1233 742 1410 795 cibum
1445 740 1739 812 spiritalem
1770 755 1784 793 :
1818 756 1942 794 nam
1977 741 2125 809 ipsun

2261 743 2580 813 εἰλήφαμεν.
2611 738 2762 796 Οἶδεν
2791 739 2882 795 οὖν
2909 744 2938 794 ό
2961 743 3101 805 θεῖος
3131 741 3283 809 λόγος
3309 746 3617 817 πνευματικὴν
3638 765 3709 817 τρι-

578 832 816 890 Verbum
870 836 947 890 ait
974 837 1020 868 ⁷⁸
1049 851 1106 890 se
1139 851 1260 890 esse
1304 851 1493 904 panem
1541 853 1554 889 :
1612 853 1627 884 ι
1663 835 1773 899 Ego
1817 849 1939 888 sum
1996 834 2119 902 pani

2262 837 2386 905 φήν·
2407 835 2567 897 αὐτὸς
2581 833 2652 903 γά
2660 852 2688 906 ρ
2703 837 2730 888 ό
2747 835 2918 903 Λόγος
2936 837 3097 905 φησὶν
3113 837 3274 906 ἄρτος
3290 831 3433 888 εἶναι’
3459 855 3474 886 ι
3494 837 3603 905 Ἐγώ
3618 842 3711 908 εἱμιὸ

578 930 735 984 vivus
763 931 854 1000 qui
885 929 952 984 de
991 930 1130 984 coelo
1158 929 1413 985 descendi
1448 948 1460 984 :
1497 929 1541 982 si
1575 929 1699 997 quis
1742 928 2124 982 inandncateri

2261 933 2423 1002 ἄρτος
2439 933 2464 984 ό
2487 930 2593 996 ζῶν
2615 933 2642 984 ό
2666 931 2724 996 ἐξ
2740 932 2798 983 οὑ
2807 930 2971 1002 ρανοὺ
2987 928 3228 992 καταϐάς
3248 946 3261 958 ο
3283 929 3310 980 ό
3327 929 3491 997 φαγὼν
3509 930 3712 984 τοῦτον

576 1037 642 1076 ex
694 1022 795 1078 hoc
841 1038 1000 1092 pane,
1059 1023 1207 1080 vivet
1259 1021 1312 1074 in
1364 1019 1862 1089 :eternumaﬂls
1902 1019 2040 1086 Quin
2099 1035 2122 1074 e

2261 1023 2422 1094 ἄρτον
2445 1023 2668 1094 ζήσεται
2691 1025 2770 1086 είς
2798 1022 2887 1075 τὸν
2918 1022 3110 1075 αἰῶνα.
3148 1041 3164 1073 ι
3197 1020 3302 1073 Καί
3325 1037 3444 1090 φησι
3465 1021 3590 1092 γὰρό
3609 1023 3714 1090 Λόγος

576 1129 773 1171 carnes
815 1116 1016 1170 habere
1074 1130 1134 1170 se
1181 1114 1257 1168 ait
1282 1115 1371 1168 ’τε
1430 1131 1448 1164 ι
1487 1113 1589 1181 Qui
1640 1114 1934 1166 manducat
1978 1128 2122 1167 mean

2261 1114 2405 1185 ἔχειν
2430 1115 2638 1185 σάρκας
2660 1117 2715 1168 ὲν
2740 1114 2818 1185 τῷ
2836 1133 2848 1144 ·
2883 1133 2902 1166 ι
2923 1113 3212 1185 ὐτρώγων
3239 1131 3335 1184 μου
3365 1114 3453 1183 τὴν
3475 1115 3624 1183 σάρκα,
3649 1113 3716 1182 ἔχει

576 1220 822 1271 carnem,
851 1207 1015 1261 habet
1040 1207 1209 1260 vitam
1238 1205 1290 1259 in
1318 1207 1615 1275 semetipso
1647 1222 1660 1258 :
1697 1219 1827 1258 caro
1856 1205 1999 1257 enim
2034 1219 2120 1258 me

2261 1207 2406 1279 ζωὴν
2426 1210 2482 1260 ὲν
2507 1207 2684 1278 ἑαυτῷ
2703 1224 2717 1238 ο
2741 1209 2773 1277 ἡ
2794 1206 2902 1278 γὰρ
2924 1205 3060 1278 σάρξ
3083 1223 3184 1278 μου
3204 1205 3400 1276 ἀληθής
3417 1207 3514 1257 ἐστι
3536 1205 3715 1280 βρῶσις,ι

577 1311 745 1352 verus
790 1308 872 1354 est
911 1299 1086 1354 cibus.
1117 1317 1136 1349 ι
1175 1297 1229 1352 Si
1262 1296 1428 1367 igitur
1449 1297 1549 1352 hoc
1578 1311 1733 1364 pane,
1761 1297 1814 1349 id
1840 1310 1922 1351 εει
1953 1297 2123 1351 Verbo

2274 1301 2398 1354 Ἐὰν
2427 1296 2518 1354 οὖν
2567 1300 2915 1373 κορεσθῶμεν
2960 1300 3149 1352 τούτου
3183 1297 3274 1352 τοῦ
3306 1299 3486 1368 ἄρτου,
3519 1299 3719 1351 ὅέστιτοῦ

576 1392 809 1446 saturati
847 1391 1132 1457 fuerimus,
1180 1391 1548 1446 eructabimus
1584 1391 1866 1460 hymnum.
1902 1390 2122 1458 Quando

2261 1395 2433 1462 Λόγου
2451 1433 2464 1456 ,
2493 1393 2826 1466 ὲρευξόμεθα
2858 1393 3046 1464 ὕμνον.
3079 1392 3215 1444 Ποτὲ
3258 1392 3316 1444 δὲ
3340 1389 3643 1462 ὲξερεόξῡνται
3665 1393 3722 1443 ιιιὶ

577 1499 685 1553 que
731 1500 861 1540 vero
897 1485 1067 1540 etiam
1120 1485 1448 1539 eructabunt
1495 1483 1774 1538 orationes
1816 1503 1828 1538 :
1864 1485 1967 1540 hoc
2005 1485 2123 1540 enin

2263 1485 2418 1555 εὑχαί
2445 1503 2456 1514 ·
2484 1485 2545 1537 τὸ
2578 1484 2687 1556 γὰρ
2713 1484 2844 1537 αὑτὸ
2873 1482 3126 1552 γενέσθαι
3157 1483 3453 1550 ἐπάναγκες
3477 1483 3552 1533 καὶ
3573 1482 3634 1534 διὰ
3660 1482 3723 1534 τῶν

577 1581 744 1633 etiam
786 1594 882 1648 per
912 1593 1106 1650 preces
1143 1593 1367 1634 necesse
1411 1587 1494 1635 est
1546 1581 1686 1645 ﬁeri,
1735 1597 1855 1635 cum
1905 1582 2122 1637 docueri

2261 1577 2454 1648 εὑχῶν,
2477 1579 2605 1630 ὅταν
2640 1577 2855 1648 διδάξῃς
2882 1594 2948 1648 με
2972 1576 3039 1630 τὰ
3071 1575 3413 1645 δικαιώματά
3443 1591 3549 1626 σου’
3573 1574 3641 1627 ἐὰν
3657 1575 3724 1645 γὰρ

579 1687 666 1728 me
711 1672 1134 1742 justiﬁcationes
1192 1682 1330 1727 tuas.
1379 1671 1514 1725 Nam
1578 1673 1680 1727 nisi
1727 1674 2120 1742 justiﬁcatione

2266 1670 2340 1740 μὴ
2367 1669 2598 1740 διδαχθῶ
2638 1670 2705 1723 τὰ
2751 1668 3094 1740 δικαιώματά
3147 1685 3242 1721 σου
3265 1707 3280 1731 ,
3332 1666 3556 1736 τοιαύτην
3593 1665 3726 1736 ὲρυγὴι

579 1773 700 1820 tuas
727 1766 949 1822 edoctus
971 1764 1148 1831 fuero,
1177 1763 1446 1832 ejusmodi
1471 1766 1871 1820 eructationem
1904 1779 2124 1822 eructar

1475 1766 1871 1820 eructationem
1904 1779 2156 1823 eructare
2189 1742 2229 1796 Β
2260 1761 2642 1834 ἐξερεύξασθαι
2670 1764 2732 1815 οὐ
2763 1761 3021 1833 δύναμαι.

579 1871 812 1926 nequeo.

647 1948 924 2018 Ejusdem.
958 1949 1429 2017 Quemadmodum
1457 1965 1644 2005 eorum
1673 1949 1762 2019 qui
1795 1964 1952 2018 equo
1976 1950 2157 2003 animo

2338 1947 2445 2002 Τοῦ
2497 1947 2702 2002 αὑτοῦ.
2746 1947 2956 2019 ’Ὠσπερ
3005 1946 3113 2000 τῶν
3164 1945 3526 2017 εὑθυμοὺντων
3567 1945 3655 1998 ἐστὶ
3693 1946 3729 1997 τὲ

579 2049 724 2103 sunt,
759 2050 844 2096 est
866 2041 1097 2111 psallere
1135 2041 1319 2112 (nam,
1351 2042 1527 2112 inquit.
1552 2043 1618 2105 ⁷³,
1654 2061 1672 2092 ι
1695 2056 1848 2110 aequo
1865 2042 2047 2094 animo
2075 2058 2125 2096 es

2258 2040 2477 2110 ψάλλειν
2523 2035 2810 2110 (ιεῦθυμεῖ
2855 2039 2964 2111 γάρ
3007 2057 3117 2103 τις,
3169 2039 3366 2109 φησὶν,
3412 2039 3462 2090 ὲν
3483 2038 3610 2107 ὑμίν;
3647 2037 3734 2104 ψιλ-

577 2133 774 2203 aliquis
808 2135 858 2188 in
887 2134 1060 2200 vobis,
1092 2134 1284 2203 psallat
1307 2134 1378 2205 ι),
1404 2135 1481 2189 sic
1511 2136 1737 2206 hymnos
1755 2154 1949 2194 canere
1969 2154 2119 2193 eorm

2258 2131 2631 2205 λὲτωι),οὔτω
2655 2131 2714 2184 τὸ
2743 2130 2930 2202 ὑμνεῖν
2968 2130 3077 2184 τῶν
3109 2130 3450 2202 θεωρούντων
3488 2130 3593 2190 τοὺς
3612 2127 3735 2194 λόγους

577 2235 660 2279 est
687 2225 776 2292 qui
803 2222 1258 2294 justiﬁcationum
1298 2226 1538 2282 rationes
1575 2239 1895 2299 perspectas
1929 2231 2123 2285 habent

2259 2224 2368 2277 τῶν
2395 2223 2780 2294 δικαιωμάτων
2821 2223 2989 2276 ἐστίν.
3056 2222 3216 2276 Ἀλλά
3261 2223 3324 2274 τὸ
3365 2223 3456 2292 μὲν
3488 2220 3662 2290 ψάλλειν
3684 2222 3739 2271 ἁν-

578 2321 646 2370 At
679 2332 807 2374 vero
839 2319 1074 2388 psallere
1102 2318 1416 2374 hominibus
1458 2323 1732 2388 convenit,
1787 2323 2018 2392 hymnos
2064 2340 2124 2377 au

2261 2315 2498 2387 θρώποις
2525 2315 2774 2387 ἁρμόζει,
2813 2315 2873 2368 τὸ
2904 2315 2960 2367 δὲ
2992 2315 3180 2385 ὑμνεῖν
3213 2313 3543 2383 ἀγγέλοις,ἧ
3575 2315 3658 2373 τοῖς
3681 2314 3739 2374 ἀγ-

579 2422 687 2464 tetn
721 2426 943 2478 canere,
976 2414 1184 2483 angelis
1217 2413 1298 2466 vel
1334 2413 1401 2467 iis
1425 2415 1516 2483 qui
1547 2415 1850 2483 angelicam
1886 2417 2050 2471 vitam
2084 2421 2125 2471 vi

2261 2409 2475 2478 γελικδν
2505 2408 2684 2479 ἔχουσι
2718 2407 2832 2477 βίον
2853 2425 2866 2437 ·
2901 2407 2981 2460 διὸ
3011 2408 3105 2460 καὶ
3129 2408 3178 2460 οἱ
3207 2405 3585 2478 ἀγραυλοῦντες

577 2512 732 2558 vunt.
797 2504 1144 2576 QuaprOpter
1202 2505 1371 2559 etiam
1441 2508 1493 2560 in
1564 2507 1708 2576 agris
1771 2520 2123 2575 pernoctante

2261 2518 2350 2563 νες
2375 2500 2475 2552 οὑκ
2496 2500 2734 2570 ἥκουσαν
2759 2498 3007 2567 ἀγγέλων
3033 2498 3347 2568 ψαλλόντων
3367 2537 3380 2560 ,
3404 2495 3507 2550 ἀλλ’
3531 2492 3740 2563 ἀνυμνοὺνο

578 2603 830 2665 pastores
877 2611 983 2649 non
1037 2597 1332 2651 audierunt
1398 2597 1620 2662 angelos
1683 2598 2012 2668 psallentes,
2065 2617 2122 2655 se

2261 2611 2367 2646 των
2415 2594 2520 2664 καὶ,
2558 2593 2824 2660 λεγόντων
2845 2609 2858 2622 ·
2918 2610 2936 2642 ι
2973 2589 3108 2654 Δόξα
3143 2592 3199 2642 ἐν
3231 2589 3475 2658 ὑψίστοις
3503 2586 3629 2656 Θεῷ,
3652 2604 3665 2634 ι
3689 2585 3743 2635 καὶ

580 2688 812 2756 hymnos
839 2696 1101 2742 canentes
1129 2697 1184 2742 et
1224 2687 1509 2740 dicentes:
1555 2706 1572 2738 ι
1625 2687 1810 2743 Gloria
1859 2690 1911 2743 in
1958 2691 2126 2748 altissi

2260 2686 2328 2739 τά
2353 2686 2498 2756 ἑξῆς·
2538 2686 2692 2738 Ἔστι
2731 2683 2910 2737 τοίνυν
2957 2682 3194 2752 εὐθυμία
3244 2681 3478 2736 ἀπάθεια
3506 2678 3648 2749 ψυχῆς
3680 2675 3745 2728 ἀει

580 2780 683 2832 mis
733 2779 839 2832 Deo
881 2779 950 2844 ⁷³,
994 2797 1014 2830 ι
1062 2787 1168 2833 etc.
1215 2777 1310 2831 Est
1358 2779 1523 2848 igitur
1553 2782 1935 2849 mquanimitas
1963 2784 2126 2837 anim:

2261 2781 2367 2835 τῶν
2396 2779 2620 2834 ἐντολῶν
2659 2778 2754 2832 τοὺ
2803 2777 2937 2830 Θεοῦ
2965 2778 3057 2831 καὶ
3103 2777 3211 2830 τῶν
3242 2776 3504 2846 ἀληθινῶν
3548 2772 3745 2842 δογμάτων

579 2878 756 2923 status
797 2866 1087 2924 affectuum
1133 2883 1348 2939 expers,
1385 2871 1450 2924 ad
1487 2885 1645 2940 quem
1677 2872 1928 2926 manda‘ta
1975 2871 2067 2928 Dei
2107 2891 2125 2928 ε

1905 2888 1928 2925 a
1975 2871 2067 2928 Dei
2107 2884 2161 2928 et
2261 2870 2664 2944 προσγινομένη
2689 2888 2703 2902 ο
2740 2869 2906 2942 ὕμνος
2927 2869 2983 2924 δέ
3012 2869 3124 2922 ἐστι
3152 2868 3451 2936 δοξολογία.

581 2977 707 3016 vera
737 2963 985 3033 dogmata
1027 2964 1331 3033 perducunt
1365 2979 1380 3030 ;
1415 2963 1653 3036 hymnus
1695 2975 1876 3019 autem
1919 2977 2005 3023 est
2043 2968 2158 3038 glo~

579 3052 833 3109 r..’2catio.
2185 3081 2228 3140 ρ

655 3148 815 3202 Vsus.
849 3146 975 3204 175.
1029 3147 1166 3202 Vivet
1191 3149 1370 3203 anima
1403 3165 1518 3203 mea
1548 3159 1597 3204 et
1625 3150 1859 3204 laudabit
1890 3160 1962 3218 te,
1991 3162 2039 3206 et
2057 3152 2154 3222 jn-

2331 3150 2589 3218 Ζήσεται
2627 3150 2664 3220 ἡ
2714 3148 2884 3220 ψυχή
2933 3167 3051 3220 μου
3084 3148 3182 3202 καὶ
3209 3147 3438 3202 αἰνέσει
3475 3162 3571 3208 σε,
3611 3142 3680 3196 καὶ
3710 3141 3752 3192 τὰ

577 3242 722 3295 dicio
753 3252 844 3295 tua
877 3243 1203 3314 adjuvabunt
1233 3260 1336 3309 me,
1379 3253 1486 3298 etc.
1533 3244 1614 3298 Ad
1649 3243 1890 3299 futurum
1943 3256 2122 3316 lempu

2261 3241 2517 3315 χρίματὰ
2544 3259 2660 3297 σου
2683 3241 2980 3310 βοηθήσει
3005 3259 3106 3311 μοι
3131 3281 3147 3306 ,
3188 3258 3244 3294 κ.
3277 3258 3330 3294 τ.
3361 3241 3412 3293 ὲ.
3455 3239 3543 3302 Εἰς
3567 3237 3640 3291 τὸν
3673 3235 3752 3304 μέλ·

575 3336 744 3390 vitam
795 3336 991 3390 anima:
1037 3335 1246 3390 retulit.
1289 3354 1308 3387 ι
1340 3335 1463 3390 Vita
1510 3339 1655 3389 enim
1688 3348 1873 3391 nostra
1923 3339 2121 3394 abscon

2259 3340 2421 3393 λοντα
2444 3337 2632 3409 χρόνον
2649 3334 2884 3388 ὲνέκλειε
2911 3334 3008 3405 τὴν
3031 3332 3174 3404 ζωὴν
3199 3333 3300 3403 τῆς
3330 3332 3506 3402 ψυχῆς
3523 3349 3535 3363 ·
3565 3349 3580 3382 ι
3604 3327 3656 3380 Ἦ
3689 3325 3755 3392 γὰρ

577 3429 689 3484 dita
741 3438 826 3483 est
874 3444 997 3485 cum
1043 3428 1270 3485 Christo
1305 3430 1358 3484 in
1403 3431 1513 3485 Deo
1545 3429 1614 3484 ⁸⁸.
1651 3449 1668 3482 ι
1701 3430 1855 3485 Tunc
1892 3431 2123 3501 hymnun

2263 3430 2378 3500 ζωὴ
2413 3429 2570 3502 ἡμῶν
2600 3429 2907 3500 κέκρυπται
2946 3428 3042 3480 σὺν
3079 3425 3156 3497 τῷ
3185 3425 3412 3497 Χριστῷ
3447 3427 3501 3480 ὲν
3532 3423 3598 3494 τῷ
3623 3420 3752 3488 Θεῷ.Ι

580 3521 690 3577 Duo
723 3523 943 3594 proprie
973 3523 1136 3577 dicet.

2264 3523 2396 3576 Τότε
2425 3522 2654 3594 ὑμνήσει
2688 3521 2892 3595 κυρίως
2915 3519 3005 3572 τὸν
3029 3518 3180 3575 Θεόν.

653 3614 816 3671 Vsus.
866 3613 984 3668 I76.
1025 3614 1213 3668 ΕΠ·αοὶ
1247 3617 1384 3669 sicut
1429 3615 1540 3668 ovis
1578 3630 1694 3684 quia
1733 3615 1932 3683 periit:
1977 3631 2156 3684 quivre

2341 3613 2725 3680 Ἐπλανήθην
2752 3621 2836 3678 ὼς
2870 3613 3168 3680 πρόϐατον
3208 3612 3548 3676 ἀπολωλός·
3579 3607 3757 3672 ζήτησιν

576 3727 783 3766 servum
819 3720 988 3773 tuum,
1041 3710 1165 3780 quia
1198 3708 1449 3762 mandata
1493 3717 1585 3760 tua
1628 3725 1730 3761 non
1778 3723 1892 3760 sum
1936 3709 2122 3763 oblitus

2256 3708 2365 3762 τὸν
2416 3706 2643 3761 δοῦλόν
2684 3721 2834 3769 σου,
2875 3703 2963 3758 ὅτι
2999 3705 3106 3770 τὰς
3129 3703 3390 3770 ἐντολάς
3436 3717 3546 3757 σου
3577 3702 3663 3754 οὐκ
3693 3697 3757 3749 ἑπ-

576 3812 687 3857 etc.
734 3799 981 3858 Primum
1034 3801 1252 3869 quidem
1304 3808 1562 3867 tanquam
1611 3796 1823 3864 justitia
1879 3810 2122 3853 erranten

2260 3800 2584 3869 ελαθόμην,
2615 3817 2670 3852 κ.
2706 3815 2759 3850 τ.
2797 3798 2843 3852 ὲ.
2899 3796 3125 3868 Πρῶτον
3179 3796 3276 3866 μὲν
3337 3796 3437 3866 τὴν
3482 3791 3758 3861 πλανηθεῖπι

581 3892 822 3947 animam
874 3890 1147 3945 convertit
1200 3890 1514 3955 Dominus;
1559 3889 1753 3943 deinde
1810 3904 1938 3944 vero
1989 3891 2127 3944 etian

2257 3894 2437 3964 ψυχὴν
2473 3892 2549 3956 ὼς
2590 3888 2904 3958 δικαιοσύνη
2940 3886 3254 3959 ἐπιστρέφει
3293 3889 3326 3939 ὁ
3369 3883 3590 3956 Κύριος,
3633 3880 3759 3932 ἔπειτι

581 3994 836 4056 tanquam
868 3983 1160 4051 sapientia,
1199 3981 1468 4052 siquidem
1493 3998 1654 4042 error
1690 3984 1884 4041 anima:
1921 3993 2006 4040 est
2040 4000 2126 4039 ma

2261 3985 2319 4038 δὲ
2365 3984 2458 4037 καὶ
2507 3981 2582 4044 ὡς
2618 3979 2808 4049 σοφία,
2855 3977 3014 4051 εἴπερ
3066 3976 3238 4048 πλάνη
3293 3976 3419 4029 ἐστὶ
3462 3973 3620 4044 ψυχῆς
3653 3967 3759 4022 κικίι

579 4075 694 4132 litia
725 4084 778 4134 et
809 4075 1135 4146 ignorantia.

1111 4114 1135 4130 η.
2264 4076 2359 4128 καὶ
2390 4073 2657 4144 ἀγνωσία.

1082 4253 1407 4312 PSALMUS
1471 4255 1659 4312 exux.
2195 4277 2237 4330 ο

2195 4277 2237 4330 ι)
2821 4255 3112 4310 ΨΑΑΜΟΣ
3145 4253 3290 4306 Ριεν.

651 4347 818 4404 Vens.
872 4348 924 4403 1.
979 4345 1254 4404 Canticum
1305 4351 1588 4418 graduum,
1634 4357 1743 4403 etc.
1793 4349 1904 4406 Soli
1947 4351 2023 4407 illi
2064 4357 2153 4424 qui

2340 4353 2478 4427 -ᾨδὴ
2509 4352 2626 4406 τῶν
2649 4347 3006 4418 ἀναϐαθμῶν
3028 4389 3042 4412 ,
3072 4365 3124 4401 κ.
3162 4364 3214 4404 τ.
3243 4347 3289 4398 ὲ.
3333 4345 3504 4400 Μόνοι
3540 4344 3584 4396 οἰ
3617 4338 3676 4409 τῷ
3703 4335 3762 4406 iis}

578 4440 688 4494 vita
739 4439 1056 4510 rationeque
1106 4441 1432 4504 ascendunt,
1469 4441 1578 4509 apti
1608 4452 1734 4495 sunt
1784 4444 2124 4512 gradualibns

2262 4447 2372 4518 (42)
2403 4446 2496 4499 καὶ
2529 4443 2606 4514 τῷ
2629 4443 2772 4511 λόγῳ
2804 4439 3186 4502 ἀναϐαίνοντες
3213 4436 3409 4490 οἰκεῖοί
3447 4438 3546 4488 εἰσι
3571 4432 3659 4485 τῶν
3684 4430 3761 4481 ἀνι-

585 4531 763 4600 iisque
793 4531 1066 4600 mysteriis
1091 4545 1212 4600 qum
1245 4531 1298 4586 in
1329 4534 1562 4588 canticis
1603 4534 1980 4591 continentur.
2013 4538 2126 4593 Con

2261 4534 2484 4606 ϐαθμῶν
2508 4574 2522 4598 ,
2559 4532 2652 4586 καὶ
2688 4531 2796 4584 τῶν
2829 4532 2884 4583 ὲν
2916 4533 3034 4594 ταῖς
3077 4528 3244 4599 ᾠδαῖς
3277 4527 3464 4580 αὑτῶν
3511 4521 3761 4596 μυστηρίων.

575 4623 796 4693 jicimus
839 4624 1070 4694 primum
1118 4625 1384 4695 graduum
1427 4627 1703 4681 canticum
1753 4628 1922 4685 fuisse
1965 4633 2121 4686 recita

2262 4627 2639 4700 Στοχαζόμεθα
2663 4627 2759 4696 τὴν
2794 4626 2891 4696 μὲν
2920 4623 3144 4694 πρώτην
3189 4620 3336 4692 ᾠδὴν
3371 4622 3481 4673 τῶν
3519 4612 3760 4681 ἀναεαθμώ,

581 4725 721 4780 tum,
775 4715 821 4770 si
876 4714 1098 4785 quando
1145 4714 1343 4770 bellum
1400 4717 1763 4784 immineret;
1822 4721 2116 4775 secundum

2261 4720 2516 4790 λέγεσθαι
2559 4719 2616 4770 ὲν
2653 4715 2730 4787 τῷ
2765 4715 2880 4785 λαῷ
2905 4755 2919 4778 ,
2963 4714 3143 4767 εἴποτε
3180 4712 3422 4783 πόλεμος
3451 4707 3761 4782 προσεδοκᾶτο·

576 4807 796 4874 quando
831 4819 893 4862 se
922 4805 1300 4877 praeparabant
1326 4816 1381 4862 et
1415 4809 1595 4864 socios
1628 4809 2006 4876 advocabant;
2047 4824 2122 4866 ter

2259 4813 2357 4886 τὴν
2397 4813 2451 4865 δὲ
2487 4809 2746 4881 δευτέραν
2768 4848 2782 4872 ,
2836 4807 2996 4860 ὁπότε
3045 4804 3556 4877 παρεσκευάζοντο,
3582 4801 3657 4854 καὶ
3681 4812 3764 4862 σιμ·

581 4900 736 4965 tium,
769 4908 1058 4972 postquam
1086 4915 1210 4954 eum
1242 4899 1491 4956 hostibus
1521 4907 1823 4973 congreSsi,
1854 4905 1988 4975 ipsis
2023 4923 2127 4976 quo

2264 4907 2450 4979 μάχων
2481 4905 2722 4957 ἐδέοντο·
2755 4902 2851 4972 τὴν
2894 4899 2950 4952 δὲ
2998 4900 3209 4970 τρίτην.
3255 4899 3398 4968 μετά
3445 4898 3504 4950 τὸ
3541 4891 3764 4965 συμεαλὸεί-

577 4993 869 5046 dammodo
898 4992 1208 5063 superiores
1243 5004 1574 5062 evaserant;
1623 5007 1900 5066 quartum,
1937 5000 2117 5068 quand

2257 5015 2348 5060 τες
2375 5000 2486 5060 τοῖς
2527 4995 2802 5067 πολεμίοις
2846 4992 3136 5064 ὑπέρτεροί
3165 5008 3281 5054 πως
3310 4991 3497 5044 αὑτῶν
3522 4987 3762 5057 γεγονὲνιι·

578 5084 644 5141 de
673 5085 898 5140 victoria
937 5084 988 5139 iu
1020 5085 1124 5140 line
1155 5087 1495 5156 sperabant;
1534 5090 1803 5158 quintum,
1855 5101 2124 5162 postquan

2259 5090 2356 5161 τὴν
2377 5089 2433 5143 δὲ
2456 5089 2724 5161 τετάρτην
2743 5129 2758 5153 ,
2791 5088 2877 5140 ὅτε
2914 5104 2980 5140 πε
2993 5087 3045 5158 ρὶ
3071 5085 3172 5156 τῆς
3197 5085 3357 5156 νίκης
3390 5086 3487 5138 ἐπὶ
3513 5083 3638 5136 τέλει
3665 5079 3767 5148 fm-

578 5196 698 5236 eam
736 5178 954 5234 fuerant
984 5179 1264 5234 consecuti
1299 5197 1312 5244 ;
1347 5189 1584 5246 sextum,
1617 5184 1836 5252 quando
1865 5185 2114 5239 redibant

2261 5181 2381 5247 ζον·
2416 5179 2514 5251 τὴν
2545 5179 2601 5232 δὲ
2656 5180 2948 5250 πέμπτην,
2983 5178 3077 5230 ἐπὶ
3123 5176 3200 5246 τῷ
3236 5174 3680 5247 κατωρθωκέναι·
3709 5168 3765 5234 τὴν

578 5271 897 5341 ειψιίιιιιιιιι,
923 5269 1265 5339 quandojam
1289 5269 1569 5324 redierant
1595 5287 1610 5331 ;
1639 5281 1910 5339 octavum,
1939 5273 2124 5340 quandi

2261 5272 2318 5326 δὲ
2340 5255 2506 5341 Excipi
2533 5311 2546 5336 ,
2579 5271 3002 5341 ἐπανερχόμεναι
3024 5285 3036 5298 ·
3070 5268 3167 5338 τὴν
3193 5266 3251 5319 δὲ
3278 5266 3520 5337 ἑϐδόμην
3539 5307 3552 5330 ,
3579 5259 3769 5322 ἐπανελη-

579 5358 838 5428 templum
885 5359 1281 5424 exstruebant;
1316 5374 1538 5425 nonum,
1589 5371 1873 5433 postquam
1919 5366 1970 5420 in
2020 5379 2125 5435 paci

2261 5365 2478 5428 λυθότες
2503 5383 2514 5395 ·
2565 5365 2664 5437 τὴν
2697 5365 2752 5417 δὲ
2793 5362 3012 5434 όγδόην,
3061 5359 3520 5423 ἐπισκευάζοντες
3562 5358 3642 5410 τὸν
3667 5351 3764 5404 ναόν

578 5450 960 5517 versabantur,
996 5449 1371 5506 describentes
1412 5452 1533 5520 quis
1573 5455 1766 5511 beatus
1809 5465 1956 5511 esset
1997 5470 2123 5510 recu

2257 5455 2355 5527 τὴν
2382 5455 2438 5510 δὲ
2465 5454 2691 5527 ἐννάτην
2716 5497 2729 5521 ,
2761 5453 2899 5527 μετά
2919 5452 2980 5506 τὸ
3005 5453 3063 5506 ὲν
3087 5451 3276 5521 είρήνῃ
3293 5450 3551 5519 γενέσθαι
3567 5487 3581 5510 ,
3610 5443 3768 5514 διαγρά-

648 5592 697 5630 το
729 5589 886 5645 Joan.
933 5606 1006 5656 vi,
1049 5592 1139 5656 51,
1179 5592 1268 5649 52.
1345 5592 1391 5624 ⁷⁷
1429 5591 1560 5648 ibid.
1601 5589 1690 5658 55,
1716 5589 1806 5645 56.
1881 5588 1926 5621 ⁷⁸
1943 5585 2133 5646 Jacob.
2163 5603 2194 5645 v

1803 5629 1806 5643 .
1881 5588 1926 5621 ⁷⁸
1943 5585 2133 5646 Jacob.
2163 5589 2324 5657 v.15.
2401 5591 2446 5625 '°
2473 5589 2605 5648 Luc.
2631 5605 2693 5658 ιι,
2719 5590 2802 5646 Η.
2880 5590 2926 5624 ⁸⁸
2951 5590 3158 5652 Coloss.
3188 5607 3266 5660 ιιι,
3294 5591 3349 5646 3.

657 5734 769 5806 (4‘2)
797 5736 985 5792 Μόνοι
1010 5736 1064 5792 οι
1089 5735 1168 5803 τῷ
1191 5737 1331 5804 βίῳ,
1367 5745 1469 5793 etc.
1509 5735 1713 5794 Catena
1749 5734 2014 5792 Corderii.
