3914 6374
217 331 356 389 ιεεθ

1177 331 1484 390 SELECTA
1523 332 1588 388 IN
1621 331 1966 391 PSALMOS.
2007 368 2076 376 ——
2110 335 2306 393 PSAL.
2351 337 2537 393 CXIX.

3345 344 3363 397 Ι
3377 344 3480 402 6³50

215 467 408 522 φοντες
435 451 521 516 »τίς
547 452 575 505 ὁ
603 451 898 524 μακάριος,
933 453 1026 505 ἐπὶ
1053 451 1130 524 τῷ
1163 453 1286 518 τοὺς
1311 453 1546 518 οἰκείους
1573 454 1781 525 ἁπειλη·

1901 465 2089 524 perala
2123 457 2544 513 domesticorum
2593 459 2980 515 consuetudine
3005 502 3019 526 ,
3055 458 3345 529 decimum,
3388 466 3480 522 ubi

216 545 415 615 φέναι,
450 546 544 599 καὶ
589 542 730 600 εἶναι
775 547 872 601 σὺν
917 547 1136 610 αὐτοῖς·
1189 548 1288 618 τὴν
1332 549 1388 602 δὲ
1420 548 1690 618 δεκάτην,
1744 550 1802 601 ἐν

214 638 415 710 βαθείᾳ
447 639 812 710 τυγχάνοντες
861 642 1085 714 εἰρήνῃ,
1112 642 1198 694 ὅτε
1241 643 1374 710 φασὶ
1414 641 1674 705 πολλάκις
1705 641 1803 712 μὲν

213 729 658 801 πεπολεμῆσθαι,
706 732 1060 802 μηδεπώποτε
1092 733 1149 785 δὲ
1174 731 1495 802 δεδυνῆσθαι
1541 732 1672 784 κατ’·
1711 730 1805 784 αύ-

209 821 321 875 τῶν
371 823 498 885 τοὺς
547 823 868 894 πολεμίους·
905 824 1005 896 τὴν
1049 824 1106 877 δὲ
1152 824 1475 895 ἑνδεκάτην,
1535 823 1634 894 ἤδη
1687 827 1801 888 τοῖς

213 913 378 976 θείοις
436 912 786 984 σχολάζοντες
815 916 909 968 καὶ
961 915 1028 969 τά
1081 914 1221 985 βάθη
1273 913 1453 967 αὐτῶν
1491 913 1794 977 συνιέντες·

210 1007 313 1076 τὴν
338 1005 394 1059 δέ
414 1005 724 1077 δωδεκάτην
743 1046 758 1070 ,
791 1007 866 1070 ὡς
895 1008 995 1061 οὐκ
1019 1007 1371 1079 ἐπαιρόμενοι
1404 1007 1496 1060 ἐπὶ
1517 1009 1629 1069 τοῖς
1660 1023 1799 1075 γνω-

214 1100 422 1152 σθεῖσιν
447 1115 458 1126 ·
496 1099 594 1168 τὴν
627 1098 683 1150 δὲ
710 1099 1202 1170 τρισκαιδεκάτην,
1247 1099 1376 1171 περὶ
1409 1097 1795 1152 ἀποκαταστά-

212 1209 350 1256 σεως
387 1191 636 1262 εὔχονται
666 1191 903 1264 Χριστοῦ
926 1209 940 1222 ·
973 1192 1072 1264 τὴν
1092 1193 1149 1246 δὲ
1174 1192 1793 1264 τεσσαρεσκαιδεκάτην,

209 1284 339 1356 περὶ
369 1283 869 1348 ἀποκαταστάσεως
912 1284 1012 1354 τῆς
1046 1284 1403 1356 Ἐκκλησίας·
1435 1283 1532 1356 τὴν
1566 1283 1622 1337 δέ
1661 1300 1792 1336 πεν-

205 1377 597 1449 τεκαιδεκάτην
616 1417 630 1441 ,
663 1378 789 1449 περὶ
819 1376 914 1430 τοῦ
948 1377 1056 1431 δεῖν
1086 1378 1314 1442 αὐτοὺς,
1365 1377 1679 1447 φθάσαντας
1714 1378 1794 1440 είς

204 1471 297 1523 τὸν
326 1465 475 1523 οἷκον
508 1469 602 1523 τοῦ
630 1469 764 1523 Θεοῦ
785 1510 798 1534 ,
827 1472 1048 1525 ἑστάναι
1100 1473 1158 1525 ἐν
1191 1469 1340 1540 αὐτῷ
1359 1511 1372 1535 ,
1404 1471 1499 1524 καὶ
1549 1469 1792 1538 εὐλογεῖν

205 1566 369 1618 αὐτὸν
393 1605 407 1630 ,
449 1565 772 1637 ἐπαίροντας
801 1565 898 1629 τάς
926 1569 1116 1640 χεῖρας
1157 1568 1237 1630 εἰς
1281 1565 1350 1619 τά
1388 1564 1519 1634 ἆγια
1539 1606 1553 1633 ,
1581 1565 1666 1618 ἵνα
1697 1564 1791 1618 καὶ

205 1664 360 1718 αὐτοὶ
394 1664 760 1736 εὐλογηθῶσιν
799 1665 907 1718 ἀπὸ
941 1666 1167 1737 Κυρίου.

274 1757 430 1824 Πρὸς
487 1759 708 1826 Κύριον
765 1757 835 1810 ἐν
876 1757 956 1824 τῷ
1008 1759 1318 1813 θλίϐεσθαι
1362 1777 1440 1828 με
1471 1758 1786 1828 ἐκέκραξα,

201 1848 303 1902 καὶ
329 1847 658 1915 εἰσήκουσέ
686 1867 805 1918 μου
829 1889 843 1914 ,
879 1867 933 1903 κ.
970 1867 1019 1902 τ.
1057 1851 1104 1904 ἐ.
1152 1849 1272 1902 Τῶν
1322 1850 1388 1903 δι’
1430 1851 1631 1924 ἀρετὴν
1675 1852 1786 1925 (45)

200 1939 297 1993 καὶ
322 1939 522 2009 γνῶσιν
555 1939 891 2011 θλιϐομένων
939 1941 1198 1995 ἐπακούει
1231 1942 1363 2005 Θεὸς
1397 1945 1454 1996 ἐν
1502 1946 1568 2014 τῇ
1614 1943 1789 2014 θλίψει

199 2033 301 2104 τῆς
358 2033 737 2104 αἰχμαλωσίας
805 2035 898 2088 καὶ
957 2035 1058 2106 τῆς
1106 2034 1343 2090 ἐκεῖθεν
1398 2036 1784 2101 κακοπαθείας.

199 2128 466 2199 Κραυγὴν
493 2127 550 2182 δὲ
577 2128 724 2196 λέγει
753 2128 848 2202 τὴν
869 2131 1126 2184 ἐπάνοδον
1147 2130 1324 2202 ψυχῆς
1347 2135 1439 2186 καὶ
1462 2150 1786 2206 συντετριμ-

203 2219 372 2290 μένης
415 2221 508 2273 καὶ
544 2221 1022 2293 τεταπεινωμένης
1057 2223 1192 2294 πρὸς
1239 2223 1330 2278 τὸν
1358 2223 1652 2295 δυνάμενον
1687 2223 1785 2296 ῥύ-

199 2311 429 2387 σασθαιι,
459 2307 527 2382 ἦς
562 2311 766 2376 εὐθέως
800 2315 1068 2368 ὑπακούει
1101 2313 1252 2378 Θεός.

273 2405 447 2472 Κύριε
469 2445 484 2469 ,
509 2403 698 2472 ῥῦσαι
727 2404 840 2474 τὴν
866 2405 1079 2476 ψυχήν
1098 2424 1216 2475 μου
1236 2407 1353 2460 ἀπὸ
1382 2408 1633 2476 χειλέων
1660 2409 1786 2464 ἀδί-

195 2516 318 2552 κων
339 2498 438 2551 καὶ
459 2497 576 2551 ἀπὸ
598 2497 884 2568 γλώσσης
906 2497 1118 2566 δολίως
1136 2540 1152 2563 ,
1176 2519 1228 2553 κ.
1253 2517 1305 2553 τ.
1331 2502 1377 2553 ἐ.
1404 2501 1650 2570 Συνεχῶς
1673 2501 1783 2555 ἄνω

197 2591 252 2660 (4
265 2592 308 2659 ir)
338 2593 431 2644 καὶ
464 2593 616 2646 κάτω
645 2591 802 2645 τοῦτο
832 2589 1142 2662 παρακαλεῖ
1167 2591 1258 2643 τὸν
1284 2592 1415 2644 Θεὸν
1437 2632 1451 2656 ,
1481 2594 1588 2646 τῶν
1617 2595 1785 2647 τοιού-

194 2700 303 2735 των
327 2683 626 2737 ἐπιϐουλῶν
664 2681 1120 2736 ἀπαλλάττεσθαι.
1166 2683 1227 2734 Εί
1268 2682 1322 2735 δὲ
1358 2685 1484 2746 τοὺς
1531 2685 1782 2756 δολεροὺς

192 2774 275 2827 δεῖ
303 2774 523 2843 φεύγειν
560 2776 654 2828 καὶ
683 2773 949 2836 ὑπούλους
969 2813 982 2838 ,
1020 2773 1200 2844 πολλῷ
1241 2773 1439 2845 μᾶλλον
1471 2776 1596 2839 τοὺς
1640 2778 1783 2830 άπα-

193 2865 400 2929 τεῶνας
425 2906 438 2930 ,
467 2868 560 2921 καὶ
597 2867 809 2938 πονηρὰ
839 2865 1086 2936 δόγματα
1121 2867 1383 2930 ἐνιέντας.
1426 2868 1678 2920 Μάλιστα
1721 2869 1778 2922 δέ

193 2958 354 3012 ἄδικα
386 2958 528 3012 εἴποι
559 2975 642 3020 τις
671 2958 734 3012 ἂν
763 2957 914 3028 χείλη
960 2959 1142 3010 ἐκεῖνα
1172 2957 1240 3009 τά
1284 2957 1418 3029 περὶ
1441 2957 1537 3028 τὴν
1579 2959 1779 3032 ἀρετὴν

197 3049 523 3120 βλάπτοντα,
550 3051 620 3103 τά
650 3050 786 3120 πρὸς
825 3051 1024 3103 κακίαν
1065 3049 1357 3118 ἐπάγοντα.
1403 3051 1502 3104 Διά
1528 3051 1592 3121 δὴ
1621 3051 1780 3104 τοῦτο

1907 549 2015 602 alta
2052 564 2183 618 pace
2218 549 2580 618 fruebantur;
2615 553 2832 622 quando
2862 555 3049 609 dicunt
3088 570 3146 611 se
3189 572 3329 626 saepe
3358 560 3480 628 qui.

1904 641 2026 694 dem
2074 638 2242 695 fuisse
2291 642 2650 712 impugnatos,
2702 654 2759 698 at
2804 661 3078 717 nunquam
3122 651 3190 702 ah
3237 647 3479 708 inimicis

1901 741 2252 802 prostratos;
2293 733 2461 804 819
2503 736 2871 804 undecimum,
2921 739 3137 807 quando
3174 739 3282 808 jam
3316 741 3500 814 rebus.

1901 828 2101 883 divinis
2157 837 2419 882 vacantes
2464 843 2648 883 earum
2697 833 2966 898 profunda
3037 834 3410 903 intelligebaut
3453 853 3495 904 ;'

1901 927 2283 982 duodecimum
2326 927 2614 992 canebant,
2673 939 2731 982 ut
2780 929 3006 984 minime
3057 929 3184 982 elati
3245 929 3312 984 iis
3355 944 3475 989 qua:

1899 1029 2269 1088 cognoverant
2301 1039 2315 1084 ;
2355 1021 2626 1075 decimum
2663 1021 2879 1075 tertium
2911 1021 2974 1074 de
3003 1021 3208 1076 Christi
3253 1021 3473 1076 restitu-

1905 1111 2053 1165 tione
2081 1127 2095 1175 ;
2133 1112 2401 1165 decimum
2431 1125 2683 1182 quartum
2713 1113 2779 1167 de
2813 1113 3153 1168 restitutione
3179 1113 3470 1174 Ecclesia:

1898 1205 2132 1273 denique
2161 1204 2430 1259 decimum
2454 1206 2705 1275 quintum
2737 1205 2898 1261 docet
2927 1207 3198 1276 quomodo
3224 1214 3472 1278 oporteat

1897 1296 2063 1366 ipsos,
2109 1306 2394 1366 postquam
2440 1298 2506 1352 ad
2567 1299 2786 1352 domum
2839 1299 2930 1353 Dei
2991 1299 3367 1369 pervenerint,
3415 1299 3469 1354 in

1893 1390 2083 1444 eadem
2139 1399 2324 1454 stare,
2391 1399 2446 1444 et
2500 1390 2675 1460 ipsum
2735 1390 3103 1456 benedicere,
3155 1391 3468 1447 attollentes

1894 1497 2084 1536 manus
2113 1481 2164 1535 in
2196 1490 2406 1548 sancta,
2438 1491 2494 1536 ut
2526 1490 2575 1537 et
2607 1482 2708 1554 ipsi
2739 1499 2764 1537 a
2794 1482 3020 1540 Domino
3048 1482 3464 1540 benedicautur.

1965 1759 2126 1814 Vsus.
2157 1761 2208 1814 i.
2252 1761 2331 1816 Ad
2365 1733 2646 1814 Do’miuum
2682 1779 2800 1815 cum
2828 1762 3115 1817 tribularer
3139 1762 3388 1828 clamavi,
3417 1773 3466 1816 et

1893 1854 2160 1907 exaudivit
2209 1871 2309 1910 me.
2352 1865 2457 1908 etc.
2500 1851 2600 1919 Qui
2638 1864 2856 1922 propter
2901 1855 3154 1910 virtutem
3202 1864 3254 1909 et
3291 1855 3470 1910 scien-

1892 1945 2022 1998 tiam
2063 1947 2412 2017 tribulantur,
2449 1967 2544 2006 eos
2571 1951 2792 2006 exaudit
2836 1951 2978 2004 Deus
3011 1950 3062 2003 in
3113 1949 3467 2004 tribulatione

1887 2039 2220 2108 captivitatis
2260 2051 2526 2097 etcarum
2573 2059 2693 2114 qua:
2741 2044 2864 2098 inde
2915 2044 3191 2107 oriuntur,
3239 2042 3467 2096 calami-

1889 2141 2085 2188 tatum.
2117 2135 2423 2190 Clamorem
2458 2147 2639 2192 autem
2689 2147 2848 2192 vocat
2905 2139 3102 2191 anima:
3132 2136 3382 2192 contrita:
3412 2143 3468 2190 et

1888 2225 2184 2281 ltumiliatae
2233 2228 2469 2284 reditum
2516 2231 2584 2282 ad
2625 2244 2746 2283 eum
2792 2231 2882 2298 qui
2920 2229 3068 2284 solus
3110 2228 3321 2284 salvare
3371 2241 3468 2298 po-

1889 2323 2010 2370 test.
2053 2317 2208 2373 Hunc
2239 2318 2536 2372 clamorem
2569 2315 2857 2371 confestim
2889 2315 3109 2372 exaudit
3139 2315 3302 2369 Deus.

1957 2410 2122 2465 Vnus.
2164 2411 2221 2466 2.
2266 2409 2509 2475 Domine,
2558 2409 2720 2463 libera
2753 2410 2987 2462 animum
3030 2425 3196 2462 meum
3236 2425 3266 2462 a
3303 2405 3464 2462 labiis

1883 2505 2078 2574 iniquis
2110 2514 2158 2557 et
2185 2521 2215 2556 a
2247 2502 2427 2571 lingua
2454 2501 2661 2567 dolosa,
2703 2513 2813 2556 etc.
2849 2500 3084 2554 Assidue
3111 2516 3272 2570 supra
3300 2507 3354 2553 et
3381 2499 3466 2552 in-

1885 2598 1963 2650 fra
1996 2595 2160 2650 Deum
2197 2595 2474 2656 obsecrat,
2512 2602 2569 2646 ttt
2615 2595 2680 2647 ab
2729 2592 3030 2647 istiusmodi
3077 2591 3290 2645 insidiis
3334 2589 3468 2644 Iibe-

1884 2694 2056 2738 retur.
2100 2682 2157 2736 Si
2195 2692 2378 2736 autem
2429 2682 2600 2736 dolosi
2653 2692 2706 2735 et
2758 2681 2969 2736 subdoli
3021 2680 3256 2750 fugiendi
3314 2687 3462 2746 sunt,

1883 2775 2054 2830 multo
2091 2775 2266 2844 magis
2305 2775 2632 2842 impostores
2667 2783 2722 2827 et
2770 2773 2860 2841 qui
2909 2786 3172 2841 perversa
3213 2773 3466 2842 dogmata

1882 2864 2258 2918 disseminant.
2303 2862 2538 2917 Maxime
2577 2879 2707 2917 vero
2745 2863 2929 2931 iniqua
2963 2862 3160 2917 dixerit
3191 2861 3313 2931 quis
3341 2873 3466 2917 esse

1880 2957 2019 3012 labia
2059 2957 2155 3010 illa
2190 2971 2310 3026 quae
2358 2957 2545 3010 virtuti
2595 2955 2859 3024 obiciunt,
2918 2969 3146 3026 qumque
3187 2953 3254 3008 ad
3307 2952 3464 3008 mali.-

1883 3049 2009 3103 tiam
2047 3035 2325 3105 inducunt.
2372 3047 2583 3103 Idcirco
2631 3049 2818 3116 utique
2863 3048 2955 3102 hic
2999 3045 3263 3118 propheta
3293 3053 3460 3100 etlam

193 3142 286 3196 καὶ
306 3143 334 3195 ὁ
358 3145 646 3215 προφήτης
675 3137 830 3206 οὗτος
862 3143 955 3196 καὶ
992 3141 1090 3215 τὴν
1118 3143 1297 3214 ψυχὴν
1324 3143 1490 3198 αὐτοῦ
1516 3143 1658 3210 ἀξιοῖ
1681 3147 1776 3216 ρυ-

1889 3147 2118 3216 postulat
2142 3147 2381 3202 animam
2418 3163 2570 3202 suam
2600 3147 2668 3201 ab
2697 3145 2804 3202 illis
2833 3145 3078 3202 liberari.

194 3235 405 3306 σθῆναι.

267 3328 345 3382 Τὰ
370 3327 534 3396 ,βέλη
567 3329 675 3383 τοῦ
698 3328 960 3384 δυνατοῦ
995 3329 1340 3398 ἠκονημένα
1371 3331 1493 3384 σὺν
1520 3329 1645 3397 τοῖς
1675 3331 1780 3385 ἅν-

191 3418 364 3487 θραξι
406 3419 530 3486 τοῖς
569 3420 906 3490 ἐρημικοῖς,
953 3439 1006 3474 κ.
1044 3439 1094 3475 τ.
1131 3423 1178 3475 ἐ.
1227 3423 1392 3476 Οὐδὲν
1441 3423 1612 3486 οὕτως
1664 3423 1776 3494 (45)

189 3510 419 3582 ἁρμόζει
441 3513 578 3584 πρὸς
603 3514 702 3578 τάς
727 3515 1106 3586 ἀντικειμένας
1125 3515 1382 3586 δυνάμεις
1402 3556 1416 3581 ,
1445 3516 1521 3581 ὡς
1551 3516 1619 3570 τά
1649 3516 1774 3588 βέλη

187 3605 282 3660 τοῦ
323 3605 561 3678 Χριστοῦ
591 3606 659 3660 τά
691 3608 1042 3679 ἀντικείμενα
1084 3612 1197 3673 τοῖς
1243 3609 1658 3682 πεπυρωμένοις
1692 3611 1779 3682 βέ-

187 3701 303 3754 λεσι
333 3697 428 3752 τοῦ
456 3699 696 3773 πονηροῦ
723 3742 736 3766 ,
771 3701 866 3755 καὶ
890 3703 938 3755 οἱ
963 3700 1232 3772 ἄνθρακες
1262 3703 1310 3755 οἱ
1355 3703 1777 3758 καταναλίσκον-

184 3808 278 3855 τες
313 3789 444 3856 ξύλα
467 3832 482 3855 ,
517 3791 743 3863 χόρτον,
788 3791 1061 3863 καλάμην.
1107 3792 1170 3845 Ei
1199 3792 1256 3845 δέ
1285 3793 1402 3846 ἐστι
1445 3794 1601 3865 βέλος
1641 3797 1778 3864 ἀγά-

185 3900 297 3954 πης
328 3882 466 3936 κατά
494 3883 592 3955 τὴν
615 3884 672 3937 ἐν
704 3885 818 3948 τοις
843 3884 1086 3954 ’ᾼσμασι
1105 3883 1354 3956 νύμφηνο
1398 3905 1416 3937 ι
1445 3887 1774 3962 Τετρωμένη

184 3973 330 4046 γάρ,
372 3974 570 4046 φησιν,
613 3975 802 4048 ἀγάπῃ
847 3973 986 4042 ἐγώο
1017 3993 1035 4026 ι
1088 3974 1203 4027 ἔστι
1238 3975 1393 4046 βέλος
1429 3976 1776 4051 δικαιοσύνης

184 4067 283 4120 καὶ
309 4065 533 4138 ἀνδρίας
559 4067 652 4120 καὶ
675 4065 1031 4138 σωφροσύνης
1057 4065 1150 4120 καὶ
1173 4066 1280 4120 τῶν
1313 4067 1515 4122 λοιπῶν
1540 4071 1771 4142 ἀρετῶν,

179 4153 266 4223 οἷς
301 4160 479 4230 βέλεσι
499 4159 924 4233 τιτρωσκόμενοι
961 4160 1217 4215 ὑποκάτω
1245 4161 1338 4216 τοῦ
1371 4163 1507 4218 Θεοῦ
1539 4164 1772 4218 πίπτου-

181 4270 273 4307 σιν
297 4255 347 4306 oi
371 4252 510 4307 λαοί.

263 4345 373 4402 Τοῦ
396 4345 602 4400 αὑτοῦ.
643 4345 701 4400 '0
737 4344 936 4415 λέγων·
964 4366 983 4399 ι
1021 4349 1265 4420 Ἐθηκάς
1305 4367 1371 4421 με
1416 4351 1570 4421 βέλος
1618 4351 1772 4404 ἐκλε-

179 4436 334 4502 κτὸν,
369 4456 388 4488 ι
423 4431 577 4500 οὗτός
605 4439 752 4490 ἐστιν
777 4439 834 4488 ἐν
862 4438 1075 4502 πολλοῖς
1103 4438 1279 4509 βέλεσι
1315 4439 1466 4510 βέλος
1491 4441 1764 4506 ἐκλεκτὸν,

1952 3333 2119 3388 Vens.
2162 3334 2214 3388 4.
2258 3333 2482 3404 Sagitta:
2505 3333 2729 3402 potentis
2767 3342 2938 3386 acuta:
2980 3347 3098 3385 cum
3141 3329 3455 3384 carbonibus

1879 3426 2236 3490 desolatoriis,
2281 3435 2389 3480 etc.
2443 3425 2588 3479 Nihil
2624 3434 2810 3480 contra
2844 3423 3186 3478 adversarius
3227 3422 3461 3476 virtutes

1878 3519 2104 3589 perinde
2135 3519 2406 3592 convenit,
2438 3516 2500 3574 ac
2533 3516 2729 3572 Christi
2760 3518 2973 3588 sagittae
3017 3513 3202 3588 ignitis
3235 3512 3459 3584 maligni

1873 3609 2076 3680 jaculis
2100 3609 2478 3674 adversantes,
2521 3618 2575 3663 et
2619 3607 2882 3663 carbones
2911 3608 3081 3679 ligna,
3122 3607 3331 3670 fenum,
3361 3605 3461 3659 sti-

1880 3704 2058 3773 pulam
2102 3711 2506 3758 consutuentcs.
2558 3699 2615 3755 Si
2664 3715 2792 3755 vero
2833 3699 3076 3768 jaculum
3129 3708 3213 3754 est
3259 3697 3460 3752 amoris

1870 3792 2023 3862 juxta
2042 3793 2250 3849 Cantici
2271 3792 2613 3848 canticorum
2643 3805 2897 3860 sponsam
2921 3806 3042 3861 qua!
3063 3790 3143 3844 ait
3169 3807 3183 3845 :
3214 3807 3232 3840 ι
3257 3789 3459 3845 Amore

1877 3886 2158 3943 vulnerata
2186 3899 2287 3955 ego
2319 3900 2438 3940 sum
2469 3901 2484 3950 ;
2517 3903 2536 3937 ι
2585 3885 2771 3954 utique
2799 3883 3048 3954 jaculum
3096 3891 3178 3938 est
3207 3882 3456 3951 iustitia},

1877 3979 2237 4045 fortitudinis,
2281 3980 2589 4050 prudentia:
2648 3995 2713 4035 ac
2766 3980 3097 4048 reliquarum
3145 3979 3403 4034 virtutum
3436 3995 3454 4032 :

1874 4075 2072 4144 quibus
2097 4073 2296 4144 jaculis
2329 4073 2593 4130 vulnerati
2626 4072 2808 4145 populi
2841 4073 2942 4128 sub
2985 4071 3097 4128 Deo
3126 4072 3350 4128 cadunt.

1945 4347 2223 4416 Ejusdem.
2284 4345 2384 4414 Qui
2427 4345 2502 4400 ait
2541 4345 2584 4376 ⁸¹
2630 4362 2645 4399 :
2699 4363 2717 4395 ι
2769 4341 3004 4397 Posuisti
3062 4354 3146 4393 me
3194 4337 3449 4407 sagittam

1871 4438 2126 4503 electam,
2158 4458 2176 4490 ο
2225 4439 2314 4493 hic
2356 4447 2438 4492 est
2469 4437 2521 4490 in
2552 4434 2740 4489 multis
2774 4433 2989 4502 sagittis
3017 4433 3211 4502 sagitta
3255 4429 3447 4494 electa,

179 4533 262 4596 ὡς
296 4532 354 4585 ἐν
389 4531 606 4596 πολλοῖς
651 4533 786 4595 υἱοῖς
827 4531 920 4585 καὶ⁸
965 4533 1079 4612 υίὸς
1116 4533 1524 4605 ἐκλελεγμένος.
1553 4536 1669 4588 Οὐκ
1702 4534 1766 4589 ἂν

1889 4536 2018 4587 sicut
2044 4533 2098 4586 in
2135 4531 2324 4588 multis
2356 4531 2484 4585 ﬁliis
2514 4529 2679 4583 etiam
2707 4536 2793 4582 est
2815 4526 2958 4580 ﬁlius
2981 4526 3206 4581 electus.
3239 4524 3452 4612 Nequa-

174 4624 240 4678 δέ
269 4625 517 4696 φαρέτρα
544 4619 613 4696 ἦν
648 4623 722 4694 τῷ
753 4624 871 4695 Θεῷ
899 4624 967 4677 δι’
1004 4624 1062 4680 ἓν
1108 4625 1294 4695 βέλος,
1327 4629 1457 4700 περὶ
1503 4624 1568 4700 ἧς
1598 4646 1762 4700 φησι·

183 4735 206 4769 ι
247 4718 356 4769 Καὶ
407 4720 474 4789 τῇ
526 4717 772 4790 φαρέτρα
815 4717 980 4771 αὑτοῦ
1020 4718 1223 4790 ἐκρυψέ
1261 4737 1348 4790 με.
1385 4741 1403 4772 ι
1443 4721 1627 4775 Πάντα
1673 4719 1768 4777 οῦν

175 4810 251 4865 τά
289 4808 417 4881 βέλη
459 4809 551 4864 τοῦ
579 4809 803 4864 δυνατοῦ
834 4809 968 4865 Θεοῦ
1000 4812 1342 4884 ἠκονημένα,
1380 4814 1598 4868 ἐναντία
1638 4815 1767 4869 ὄντα

173 4906 294 4968 τοῖς
326 4903 503 4975 βέλεσι
537 4902 632 4956 τοῦ
660 4902 922 4978 πονηροῦ.

247 5021 415 5090 Οῑμοι
440 5034 454 5048 ·
497 5019 589 5075 ὅτι
634 5020 672 5089 ὴ
717 5021 996 5089 παροικία
1044 5037 1164 5090 μου
1203 5021 1542 5090 ἐμακρύνθη
1568 5061 1583 5087 ,
1625 5038 1766 5077 κατ·-

172 5109 504 5178 εσκήνωσα
526 5111 680 5181 μετὰ
705 5110 824 5166 τῶν
853 5108 1261 5180 σκηνωμάτων
1298 5109 1522 5179 Κηδὰρ,
1554 5129 1607 5164 κ.
1638 5129 1688 5164 τ.
1713 5113 1761 5166 ἐ.

178 5203 305 5258 Οὐκ
326 5203 442 5257 ἐστι
471 5203 582 5275 (46)
608 5204 702 5256 τοῦ
735 5203 901 5258 αὑτοῦ
939 5203 1116 5272 λέγειν
1137 5221 1150 5234 ·
1188 5219 1206 5253 ι
1235 5203 1326 5275 Μὴ
1370 5204 1656 5278 ἀναγάγῃς
1700 5221 1767 5274 με

179 5293 240 5346 ἐν
300 5294 490 5366 ἡμίσει
534 5293 758 5366 ἡμερῶν
791 5311 930 5366 μου·
973 5314 992 5347 ι
1038 5296 1132 5348 καὶ
1172 5293 1262 5348 τόο
1320 5314 1338 5346 ι
1383 5294 1580 5365 Οῑμοι,
1623 5295 1771 5365 ana

174 5388 442 5458 παροικία
473 5406 574 5460 μου
609 5387 948 5460 ἐμακρύνθη.
989 5407 1006 5439 ι
1047 5389 1120 5444 Ἦ
1143 5388 1284 5460 τάχα
1302 5389 1517 5460 ἡμέρας
1542 5391 1657 5442 ἐκεῖ
1677 5386 1770 5442 λέ-

173 5495 267 5550 γει
313 5479 380 5545 ἀς
422 5483 452 5535 ὁ
493 5481 658 5552 φόϐος
721 5480 816 5534 τοῦ
869 5480 1075 5553 Κυρίου
1122 5481 1262 5536 κατά
1315 5482 1406 5536 τὸν
1449 5480 1771 5554 Σολομῶντα

249 5619 294 5651 ⁸³
323 5618 443 5675 lsai.
485 5635 632 5686 χιιι,
664 5617 720 5677 2.
794 5617 840 5651 ⁸⁸
867 5617 998 5674 ibid.
1075 5619 1120 5650 ⁸³
1147 5617 1288 5676 Psal.
1313 5632 1388 5684 Ct,
1413 5617 1510 5676 25.

275 5756 364 5817 43)
412 5756 535 5813 Τῶν
566 5758 641 5812 δι’
669 5757 910 5828 ἀρετήν,
945 5769 1049 5816 etc.
1079 5759 1304 5816 Scltedaa
1335 5761 1543 5819 Grabii.

281 5829 363 5896 Η)
399 5829 678 5900 Συνεχῶς
703 5830 843 5900 ἄνω,
877 5843 983 5889 etc.
1015 5833 1214 5890 Catcua
1247 5832 1517 5891 Cordcrii.

1877 4638 2038 4694 quam
2073 4632 2254 4677 autem
2287 4622 2397 4677 Deo
2426 4630 2649 4691 propter
2672 4619 2887 4673 unicum
2923 4619 3166 4687 jaculum
3194 4603 3449 4689 pharetra

1875 4727 2015 4783 erat,
2053 4717 2121 4771 de
2151 4731 2255 4785 qua
2279 4715 2355 4770 ait
2393 4714 2478 4768 “z
2527 4731 2546 4765 ι
2581 4714 2646 4768 Ει
2677 4713 2729 4767 in
2763 4713 3018 4783 pharetra
3045 4725 3142 4766 sua
3169 4711 3453 4768 abscondit

1877 4825 1981 4864 nte.
2019 4829 2037 4862 ι
2079 4808 2282 4863 Omnes
2330 4807 2496 4878 igitur
2551 4805 2763 4875 sagitta:
2815 4807 3054 4875 potentis
3103 4803 3195 4859 Dei
3255 4814 3450 4864 acutze.

1874 4900 2073 4970 quippe
2103 4915 2226 4970 qua:
2251 4909 2380 4955 sunt
2406 4897 2604 4967 jaculis
2634 4896 2858 4968 maligni
2893 4897 3206 4953 contrariae.

1853 5003 1864 5012 ’
1943 5017 2107 5074 Vsus.
2147 5015 2200 5071 5.
2246 5013 2364 5068 Heu
2392 5014 2560 5068 mihi!
2587 5015 2712 5084 quia
2758 5010 3021 5068 incolatu:
3049 5025 3194 5063 meus
3233 4985 3450 5072 prolon-

1866 5121 2020 5182 gatua
2067 5119 2166 5174 est,
2214 5108 2448 5162 habitaui
2497 5124 2615 5162 cum
2668 5107 3028 5163 habitantibus
3088 5101 3290 5166 Cedar,
3339 5108 3448 5155 etc.

1867 5203 1982 5259 Non
2019 5203 2259 5274 ejusdem
2299 5211 2384 5257 est
2421 5202 2630 5258 dicere:
2663 5221 2682 5254 ι
2716 5199 2794 5255 Ne
2822 5212 3046 5254 revoces
3078 5209 3165 5251 me
3192 5195 3244 5248 iu
3285 5191 3449 5248 dimi-

1866 5296 1956 5354 dio
1977 5295 2188 5352 dierum
2215 5309 2459 5350 meorum
2478 5294 2549 5360 ⁸³,
2584 5313 2602 5348 ι
2635 5303 2690 5349 et
2719 5292 2850 5348 illud
2885 5310 2898 5346 :
2937 5310 2954 5342 ι
2985 5287 3098 5344 Heu
3123 5286 3257 5342 mihi
3283 5287 3295 5339 !
3320 5284 3448 5354 quia

1866 5389 2137 5446 iucolatus
2163 5403 2318 5446 meus
2353 5390 2706 5460 prolongatus
2747 5395 2849 5445 est.
2891 5405 2909 5438 ι
2954 5384 3047 5440 Vel
3094 5382 3236 5437 forte
3278 5378 3448 5451 820

1864 5484 1984 5542 dies
2013 5484 2127 5542 illic
2147 5483 2302 5552 dicit,
2326 5498 2464 5558 quas
2487 5483 2649 5540 timor
2674 5479 2890 5536 Domini
2916 5478 3068 5548 juxta
3095 5476 3442 5533 Salomonem

1939 5762 2053 5832 (45)
2077 5761 2269 5818 οὐδὲν
2295 5760 2502 5824 οὕτως,
2534 5767 2636 5832 etc.
2669 5755 2903 5832 ASeheda‘"
2927 5755 3138 5814 Grabii.

1940 5826 2054 5904 (46)
2078 5836 2200 5889 Οὐκ
2237 5833 2388 5897 ἔστι,
2411 5841 2516 5884 etc.
2555 5826 2791 5884 Eaedem.
