3800 6492
85 369 194 424 1657

924 364 1232 422 SELECTA
1263 363 1331 420 IN
1368 363 1702 421 PSALMOS.
1745 398 1812 406 -—
1849 363 2042 419 PSAL.
2083 360 2316 418 CXXIV.

3131 369 3152 422 ἰ
3163 371 3267 428 658

77 491 284 562 ἐποίησεν
328 489 504 544 Ἠλιοῦ
543 485 683 541 κατὰ
711 485 768 542 τὺ
797 487 947 558 ῥῆμα
971 487 1197 558 Κυρίου,
1222 487 1315 540 καὶ
1345 486 1590 540 ἐκάθισεν

1704 484 1936 550 Domini,
1969 495 2021 541 et
2047 486 2188 541 sedit
2217 484 2271 538 in
2307 491 2545 538 torrente
2567 481 2837 540 Chorrath
2867 499 3028 555 super
3069 487 3262 546 faciem

77 583 204 654 ἐντῷ
227 583 489 654 χειμάρρῳ
503 579 720 652 Χορράθ
742 580 834 632 ἐπὶ
859 579 1148 652 προσώπου
1179 580 1272 633 τοῦ
1313 581 1590 652 Ἰορδάνου.

75 676 167 728 Καὶ
197 676 238 728 οἰ
282 674 508 745 κόρακες
549 673 743 744 ἔφερον
767 673 1150 744 αὐτῴηάρτους
1200 673 1260 726 τὺ
1320 673 1462 744 πρωῒ
1503 675 1597 726 καὶ

73 767 190 838 κρέα
213 765 263 820 τὸ
296 766 488 836 δείλης,
525 767 618 819 καὶ
646 769 708 819 ἐκ
738 765 830 818 τοῦ
880 765 1180 837 χειμάρρου
1213 765 1394 818 ἔπινεν
1432 767 1592 840 ὕδωρ.

73 859 165 910 Καὶ
183 857 370 925 ἐγένετο
398 856 512 926 μεθ’
539 855 768 927 ἡμέρας,
799 855 890 908 καί¹
916 853 1186 926 ἐξηράνθη
1217 856 1244 906 ὸ
1275 854 1594 929 χείμαρρος,

70 949 140 1002 ὅτι
160 948 243 1002 οὐκ
269 948 472 1018 ἐγένετο
501 947 652 1010 ὑετὸς
675 945 768 998 ἐπὶ
788 945 888 1016 τῆς
909 945 1032 1016 γῆς.
1073 963 1091 996 ι

141 1042 192 1100 Ἡ
222 1041 372 1111 ψυχὴ
417 1039 584 1110 ἡμῶν
615 1041 695 1105 ὡς
741 1039 1060 1106 στρουθίον
1085 1037 1342 1106 app-won
1380 1037 1448 1092 ἐκ
1486 1039 1597 1108 τῆς

67 1133 281 1204 παγίδος
297 1131 406 1185 τῶν
426 1131 797 1198 θηρευόντων
820 1169 834 1194 ,
859 1147 912 1182 κ.
934 1147 981 1182 τ.
1007 1129 1050 1182 ἐ.
1085 1127 1350 1201 Ἐρρύσθη
1360 1147 1456 1200 μεν
1485 1129 1596 1200 (68)

65 1224 160 1278 τῶν
196 1223 448 1294 θηρευτῶν
481 1221 750 1292 δαιμόνων
777 1221 874 1291 τῆς
903 1221 1128 1289 παγίδος
1153 1261 1166 1284 ,
1208 1221 1597 1292 συντρίψαντος

63 1315 269 1384 Χριστοῦ
297 1315 381 1368 τὸν
407 1314 670 1376 διάϐολον,
697 1313 875 1376 δόντος
901 1331 960 1366 τε
995 1315 1184 1367 πατεῖν
1207 1314 1392 1366 ἐπάνω
1422 1314 1596 1382 ὄφεων

62 1407 147 1459 καὶ
175 1406 444 1478 σκορπίων,
474 1407 568 1459 καὶ
590 1406 680 1459 ἐπὶ
697 1407 876 1459 πᾶσαν
897 1406 995 1477 τὴν
1024 1405 1250 1476 δύναμιν
1283 1405 1374 1459 τοῦ
1401 1406 1595 1478 ἐχθροῦ

60 1497 128 1562 ὡς
156 1499 275 1571 πρὸς
303 1499 491 1570 μόνους
519 1499 688 1568 αὐτὴν
723 1498 1008 1569 ἰσχύουσαν
1032 1499 1156 1562 τοὺς
1183 1499 1560 1570 ῥᾳθυμοῦντας
1579 1516 1592 1529 ·

59 1591 336 1662 Πνεύματος
361 1591 468 1660 γάρ
490 1609 550 1644 τε
577 1589 841 1661 ἐλάϐομεν
869 1592 1046 1660 χάριν,
1070 1591 1162 1644 καὶ
1186 1591 1494 1664 τρεφόμεθα
1520 1590 1598 1662 τῷ

53 1679 140 1733 τοῦ
165 1680 379 1752 Χριστοῦ
401 1679 590 1751 αἵματί
613 1697 672 1732 τε
699 1679 790 1732 καὶ
825 1679 1054 1749 σώματι.

125 1772 220 1828 Τοῦ
241 1773 435 1826 αὑτοῦ.
471 1771 802 1843 Θηρεύουσιν
829 1772 920 1824 ἐπὶ
943 1769 1051 1841 (69)
1082 1770 1260 1842 ψυχὴν
1300 1770 1506 1824 δικαίου
1539 1771 1595 1824 αἱ

51 1864 392 1936 ἁντικείμεναι
445 1864 699 1935 δυνάμεις
727 1905 741 1930 ,
790 1859 868 1918 ὧν
925 1863 1150 1932 παγίδες
1197 1863 1246 1916 οἰ
1293 1863 1382 1916 ὑπ’
1419 1863 1596 1916 αὐτῶν

49 1955 421 2026 ἐνεργούμενοι,
448 1957 539 2010 καὶ
575 1955 912 2028 ἐρεθίζοντες
953 1955 1416 2026 προσκαλούμενοι
1453 1957 1598 2027 ἡμᾶς

45 2049 120 2110 εἰς
145 2046 200 2099 τὸ
237 2049 514 2120 ἁμαρτεῖν,
563 2050 656 2102 καί
689 2050 835 2102 πᾶσα
867 2047 965 2120 ὕλη
1013 2048 1106 2100 ἐπὶ
1155 2048 1216 2100 τὸ
1264 2047 1598 2118 ἁμαρτάνειν

45 2140 460 2212 προκαλουμένη.
507 2143 582 2194 Οὐ
625 2142 812 2196 πίπτει
862 2142 918 2194 δὲ
963 2141 1242 2214 στρουθίον
1283 2142 1361 2204 εἰς
1397 2140 1598 2210 παγίδα

41 2227 162 2283 ἄνευ
191 2229 278 2284 τοῦ
305 2231 514 2302 Πατρὸς
541 2231 633 2285 τοῦ
673 2234 730 2286 ἐν
763 2235 874 2296 τοῖς
894 2233 1164 2305 οὐρανοῖς.

119 2322 361 2394 Ἡπαγίς
397 2325 736 2392 συνετρίϐη,
764 2326 862 2378 καὶ
899 2325 1069 2394 ἡμεῖς
1091 2325 1488 2394 ἐρῤὐσθημεν,
1539 2341 1593 2377 κ.

37 2427 85 2464 τ.
112 2411 155 2465 ἐ.
203 2411 261 2466 Ἦ
293 2414 388 2484 μὲν
407 2414 616 2468 Παλαιὰ
643 2417 754 2486 (70)
781 2415 1022 2488 Διαθήκη
1051 2417 1146 2480 τὰς
1173 2419 1291 2470 κατ’
1319 2417 1598 2486 ἐνέργειαν

38 2503 298 2577 συντρίϐει
356 2506 616 2573 παγίδας,
654 2507 1018 2578 νομοθετοῦσα
1065 2509 1157 2561 τό·
1208 2526 1226 2559 ‹
1271 2508 1344 2561 Οὐ
1385 2507 1598 2578 μοιχεύ-

36 2611 146 2660 σεις
167 2611 180 2625 ο
203 2596 268 2667 »ἡ
295 2596 348 2648 δὲ
365 2597 536 2667 Καινὴ
563 2600 661 2662 τὰς
694 2599 834 2653 κατὰ
851 2599 1086 2652 διάνοιαν
1109 2598 1318 2670 φθείρει
1341 2599 1592 2666 παγίδας,

30 2687 468 2756 παραγγέλλουσα
499 2690 585 2742 τό·
628 2709 646 2740 ι
679 2691 792 2743 Ούκ
831 2689 1212 2760 ἐπιθυμήσεις.
1251 2709 1268 2741 ι
1311 2690 1458 2760 Πλὴν
1503 2691 1595 2742 ἐπὶ

28 2776 127 2845 μὲν
152 2779 240 2831 τοῦ
278 2780 564 2851 Ἀϐιμέλεχ
606 2781 714 2834 τῶν
745 2781 1000 2852 Γεραρῶν
1023 2783 1122 2852 τὴν
1159 2783 1277 2836 κατ’
1317 2781 1594 2853 ἐνέργειαν

25 2869 224 2934 παγίδα
265 2869 563 2942 διέφθειρε,
623 2871 696 2942 μὴ
747 2873 1104 2944 συγχωρήσας
1160 2873 1257 2943 τῆς
1312 2873 1594 2944 ἀλλοτρίας

23 2959 180 3010 αὐτὸν
225 2958 459 3027 ἅψασθαι
509 2960 796 3028 γυναικός·
842 2961 932 3013 ἐπὶ
980 2963 1035 3014 δὲ
1095 2961 1290 3032 Ἰωσὴφ
1323 2962 1419 3034 τὴν
1451 2962 1596 3016 κατὰ

23 3049 272 3105 διάνοιαν.
307 3052 380 3104 υύ
403 3052 510 3124 γὰρ
540 3053 748 3122 εἰσάγει
772 3054 804 3124 ἡ
833 3053 1023 3127 Γραιρὴ
1056 3053 1468 3125 ἐπιθυμήσαντα
1493 3056 1593 3126 τῆς

1699 576 1971 633 Jordanis.
2004 577 2068 632 Et
2103 579 2249 633 corvi
2279 579 2525 634 ferebant
2555 581 2604 634 ei
2644 594 2809 649 panes
2854 594 3011 636 mane
3059 594 3114 636 et
3143 599 3263 637 car—

1699 687 1794 728 nes
1823 673 2052 742 vesperi,
2081 683 2135 728 et
2163 674 2228 728 de
2264 681 2508 729 torrente
2535 674 2754 729 bibebat
2793 689 3010 742 aquam.
3066 675 3134 731 Et
3179 677 3262 730 fa-

1700 771 1841 816 ctum
1898 773 1982 817 est
2023 773 2144 832 post
2192 765 2328 830 dies,
2373 775 2426 820 et
2465 765 2680 820 exaruit
2723 772 2959 833 torrens,
3003 767 3127 836 quia
3157 784 3264 823 non

1701 855 1874 910 fuerat
1907 855 2088 924 pluvia
2115 871 2276 924 super
2313 867 2512 911 terram
2549 857 2616 912 ".
2657 875 2675 909 ι

1769 1032 1934 1087 Vens.
1976 1031 2030 1086 7.
2075 1031 2261 1086 Anima
2295 1043 2476 1088 nostra
2499 1035 2630 1089 sicut
2667 1053 2849 1106 passer
2875 1051 3053 1109 erepta
3095 1052 3170 1096 est
3198 1046 3264 1097 de

1699 1125 1884 1195 laqueo
1921 1125 2236 1188 venantium,
2287 1134 2393 1180 etc.
2448 1127 2520 1181 De
2563 1128 2751 1198 laqueo
2792 1143 3109 1187 venatorum
3158 1137 3265 1190 tlte-

1699 1230 1916 1270 monum
1949 1217 2124 1286 erepti
2155 1231 2358 1281 sumus,
2386 1233 2507 1271 cum
2541 1217 2787 1276 Christus
2814 1224 3088 1280 diabolum
3125 1242 3264 1281 con-

1701 1307 1936 1372 triverit,
1969 1317 2027 1361 et
2058 1307 2262 1362 dederit
2294 1308 2552 1362 virtutem
2598 1313 2908 1368 ambulandi
2943 1332 3106 1386 super
3149 1333 3264 1373 ser-

1698 1405 1891 1466 pentes
1922 1404 1976 1450 et
2013 1397 2329 1465 scorpiones
2361 1406 2413 1452 et
2445 1413 2608 1467 super
2637 1414 2853 1454 omnem
2883 1405 3133 1459 virtutem
3165 1407 3266 1459 ini-

1699 1487 1844 1552 mici,
1875 1501 1994 1556 quae
2014 1497 2206 1542 contra
2238 1490 2380 1542 solos
2411 1491 2663 1544 socordes
2687 1492 2943 1559 praevalet
2970 1508 2984 1547 :
3015 1496 3260 1564 Spiritus

1699 1579 1838 1632 enim
1884 1581 2110 1648 gratiam
2161 1579 2494 1648 accepimus,
2537 1579 2852 1652 Christique
2889 1588 3154 1655 sanguine
3199 1605 3264 1644 ac

1699 1685 1922 1738 corpore
1949 1670 2236 1724 nutrimur.

1770 1764 2050 1844 Ejusdem.
2093 1763 2336 1819 Virtutes
2365 1765 2690 1822 adversariae
2725 1779 2990 1825 venantur
3025 1773 3261 1830 animam

1697 1854 1849 1924 justi,
1885 1870 2117 1925 quarum
2144 1855 2323 1924 laquei
2348 1864 2475 1911 sunt
2506 1859 2558 1913 hi
2581 1875 2717 1929 quos
2751 1863 3022 1931 obsiderat,
3065 1868 3265 1935 quique

1700 1946 1956 2014 instigant
2007 1955 2062 2000 et
2115 1957 2412 2015 provocant
2463 1965 2560 2005 nos
2611 1951 2674 2004 ad
2729 1955 3059 2020 peccandum
3089 1971 3104 2020 ;
3134 1957 3262 2015 item

1697 2038 1876 2092 omnis
1911 2038 2137 2091 materia
2167 2053 2290 2107 qme
2314 2039 2380 2093 ad
2407 2041 2738 2108 peccandum
2765 2042 2950 2098 allicit.
2976 2043 3090 2100 Non
3119 2047 3264 2102 cadit

1697 2137 1876 2182 autem
1907 2129 2252 2199 passerculus
2309 2131 2364 2184 in
2415 2131 2670 2202 laqueum
2713 2134 2832 2190 sine
2861 2133 3024 2192 Patre
3069 2137 3163 2210 qui
3206 2140 3260 2195 in

1697 2220 1850 2275 coelis
1879 2231 1982 2275 est.

1766 2311 1894 2366 lum.
1941 2311 2178 2382 Laqueus
2227 2315 2481 2368 contritus
2530 2325 2643 2382 est,
2693 2329 2742 2373 et
2788 2337 2880 2374 nos
2927 2321 3136 2377 liberati
3174 2339 3266 2378 su-

1695 2421 1833 2472 mus,
1865 2415 1967 2460 etc.
2003 2405 2166 2461 Vetus
2205 2403 2611 2464 Testamentum
2648 2410 2866 2480 laqueos
2909 2415 2998 2484 qui
3034 2417 3099 2470 ad
3129 2431 3266 2486 epos

1696 2507 1966 2565 spectant,
1990 2499 2222 2552 conterit
2243 2499 2344 2554 hac
2365 2501 2484 2571 lege
2515 2524 2526 2558 :
2557 2520 2576 2555 ι
2603 2501 2724 2557 Νοη
2752 2506 3114 2562 mmchaberis
3138 2507 3214 2574 ⁹⁸;
3237 2526 3260 2562 ι

1695 2585 1900 2641 Novum
1927 2604 2055 2644 vero
2087 2593 2314 2659 laqueos
2334 2592 2401 2644 ad
2433 2601 2667 2648 mentem
2701 2604 3010 2664 spectantes
3031 2601 3264 2653 conterit

1695 2681 1796 2735 ista
1826 2698 1840 2734 :
1874 2699 1894 2732 ι
1931 2680 2047 2735 Νοη
2085 2683 2440 2749 concupisces
2473 2684 2540 2738 ’⁷.
2575 2703 2596 2736 ›
2638 2684 3028 2740 Verumtamen
3058 2686 3110 2740 in
3139 2687 3266 2746 Abi-

1693 2772 1902 2827 melech
1952 2787 2080 2842 rege
2114 2771 2379 2828 Cerarum
2431 2775 2679 2845 laqueum
2723 2777 2788 2830 ad
2829 2793 2962 2846 Opus
3007 2789 3261 2848 spectan-

1695 2871 1800 2917 tem
1831 2864 2110 2930 contrivit,
2139 2864 2358 2934 quando
2399 2883 2505 2922 non
2543 2867 2791 2937 permisit
2821 2868 2992 2938 ipsum
3022 2871 3254 2926 alienam

1693 2971 1916 3012 uxorem
1956 2967 2222 3028 tangere;
2258 2961 2310 3013 in
2348 2959 2548 3029 Joseph
2583 2975 2716 3016 vero
2755 2960 3010 3030 laqueum
3059 2964 3148 3030 qui
3190 2963 3257 3017 ad

1693 3058 1927 3104 mentem
1958 3051 2264 3119 spectabat,
2297 3051 2550 3121 disl‘llpil.
2588 3051 2701 3106 Non
2741 3055 2884 3107 enim
2919 3069 2948 3107 a
2975 3053 3258 3123 Scriptura

23 3143 300 3215 ἄλλοτρίας
330 3145 490 3197 αὑτὸν
513 3145 788 3213 γυναικός.
815 3147 924 3199 Καὶ
957 3146 1224 3219 μακάριος
1258 3147 1353 3217 μὲν
1388 3139 1447 3200 οὗ
1475 3164 1590 3199 συν-

1704 3140 1930 3194 refertur
1961 3143 2194 3198 alienam
2239 3145 2620 3212 concupivisse
2649 3159 2897 3199 uxorem.
2945 3145 3026 3200 Ac
3067 3146 3260 3201 beatus

23 3231 201 3306 ετριψε
224 3236 424 3308 Κύριος
453 3237 550 3309 τὴν
579 3239 699 3292 κατ’
727 3239 1002 3311 ἐνέργειαν
1048 3241 1270 3308 παγίδα,
1309 3239 1592 3312 μακαριώ-

25 3347 170 3400 τερος
199 3329 256 3382 δὲ
284 3325 342 3383 οὗ
358 3331 455 3402 τὴν
480 3331 617 3384 κατὰ
653 3331 888 3385 διάνοιαν
906 3331 1107 3400 παγίδα
1130 3330 1451 3404 διέφθειρεν,
1469 3331 1590 3387 οὐδὲ

26 3422 208 3494 ὑρέθη
238 3423 386 3487 δόλος
413 3427 468 3477 ὲν
499 3423 576 3495 τῷ
607 3425 834 3496 στόματι
857 3424 1040 3478 αὐτοῦ.

541 3687 833 3740 ΨΛΛΜΟΣ
877 3687 1056 3746 ,ΡΚΔἏ

80 3782 148 3834 Ol
176 3779 530 3845 πεποιθότες
559 3778 654 3831 ἐπὶ
693 3780 908 3846 Κύριον
929 3779 1008 3844 ὡς
1039 3777 1176 3846 ἔρος
1223 3777 1395 3844 Σιὼν,
1446 3795 1500 3833 κ.
1539 3796 1590 3834 τ.

28 3917 40 3926 .
85 3874 152 3926 υἰ
195 3872 624 3944 προσερχόμενοι
672 3871 783 3942 (71)
811 3869 946 3922 Σιὼν
969 3871 1082 3942 ὄρει
1128 3871 1223 3924 καὶ
1273 3871 1424 3924 πόλει
1457 3871 1592 3924 θεοῦ

28 3966 230 4030 ὦντος,
269 3963 624 4036 Ἰερουσαλὴμ
657 3963 982 4034 ἐπουρανίῳ,
1015 3962 1239 4033 φοροῦσι
1271 3963 1370 4034 τὴν
1412 3964 1593 4016 εἰκόνα

27 4058 91 4110 τοῦ
121 4057 478 4128 ἐπουρανίου.
502 4057 595 4108 καὶ
623 4053 940 4118 πεποιθότες
973 4054 1067 4106 ἐπὶ
1109 4054 1312 4124 Κύριον
1350 4055 1590 4123 γίνονται

37 4164 70 4210 ς
97 4147 285 4200 ἐκεῖνο
307 4145 368 4198 τὸ
395 4145 534 4198 Σιὼν
567 4145 708 4215 ὅρος.

71 4239 192 4292 Τοῦ
223 4238 436 4292 αὐτοῦ.
467 4239 526 4291 Εἰ
558 4239 620 4290 ἐκ
641 4235 732 4289 τοῦ
766 4235 875 4308 (72)
907 4235 1220 4290 πεποιθέναι
1256 4235 1347 4290 ἐπὶ
1381 4236 1586 4310 Κύριον

29 4331 212 4384 ίνεταί
243 4349 330 4395 τις
379 4330 454 4394 ὡς
487 4330 610 4401 ὅρος
657 4327 814 4394 Σιὼν,
847 4329 1004 4393 ἄλλος
1045 4329 1110 4383 ἂν
1151 4329 1208 4395 ἐξ
1251 4329 1408 4383 ἄλλου
1443 4331 1581 4395 τινὸς

29 4423 196 4476 ξνοιτ’
227 4422 296 4476 ἂν
323 4421 399 4486 ὡς
432 4422 556 4493 ὅρος
583 4419 805 4492 Χωρὴϐ,
836 4421 928 4474 καὶ
957 4421 1110 4485 ἄλλος
1148 4421 1222 4485 ὡς
1263 4423 1387 4494 ὅρος
1417 4423 1578 4476 Σινά·

29 4515 82 4568 κί
115 4515 186 4567 ἐκ
240 4513 354 4566 τῶν
393 4513 648 4566 ἐναντίων
697 4513 780 4582 εῖη
817 4511 880 4566 ἄν
909 4529 990 4575 τις
1022 4511 1096 4574 ὡς
1133 4511 1256 4583 ὅρος
1285 4513 1580 4581 Αἰγύπτου,

31 4608 80 4660 ei.
115 4607 252 4678 ὅρος
277 4605 619 4668 Βαϐυλῶνος,
645 4605 738 4658 καὶ
761 4605 1014 4658 τοιούτων
1047 4604 1154 4658 τῶν
1187 4607 1336 4678 παρὰ
1359 4610 1466 4670 τοῖς
1495 4609 1582 4677 ἐχ-

31 4700 140 4761 )οῖς
169 4695 345 4768 ὀρῶν.
384 4697 454 4748 Ἢ
491 4695 680 4767 ὥσπερ
719 4697 768 4748 οἰ
799 4695 1118 4759 πεποιθότες
1141 4697 1232 4750 ἐπὶ
1268 4697 1470 4768 Κύριον
1508 4697 1584 4761 ὡς

31 4807 110 4850 ,ος
137 4789 256 4841 εἰσί
285 4787 454 4854 Σιὼν,
475 4787 647 4850 οὕτως
681 4787 730 4840 οἰ
771 4786 1144 4857 ὑποδεέστεροι
1182 4787 1256 4852 ὡς
1289 4788 1354 4842 τὰ
1400 4788 1586 4859 κύκλῳ

31 4882 160 4951 ιτῆς
195 4881 332 4953 59n-

47 5057 208 5124 Ὄρη
253 5054 468 5122 κύκλῳ
505 5052 726 5122 αὐτῆς,
769 5054 866 5108 καὶ
898 5058 930 5108 ό
971 5055 1186 5123 Κύριος
1241 5057 1442 5121 κύκλῳ
1479 5057 1584 5111 τοῦ

33 5147 136 5202 τοῦ
165 5147 376 5202 αὑτοῦ
399 5187 414 5212 ,
441 5165 494 5202 κ.
532 5165 582 5201 τ.
615 5150 662 5202 ἐ.
703 5149 840 5220 Ὄρη
870 5147 1052 5219 κύκλῳ
1077 5149 1186 5218 (73)
1232 5149 1584 5222 Ἰερουσαλὴμ

33 5244 258 5314 νάμεις
285 5281 302 5308 ,
339 5237 528 5312 οἶμαι,
578 5241 718 5295 θεῖαί
772 5245 897 5296 εἰσι.
941 5261 958 5295 ι
1004 5242 1424 5313 Παρεμϐάλλει»
1475 5241 1586 5315 γὰρ

33 5335 296 5404 ἱγγελος
351 5333 558 5404 Κυρίου
593 5333 778 5406 κύκλῳ
823 5334 932 5388 τῶν
987 5336 1340 5406 φοϐουμένων
1387 5335 1580 5388 αὐτόν’

1697 3232 1916 3300 quidem
1948 3243 2030 3287 est
2055 3234 2207 3304 cujus
2242 3247 2578 3304 spectantem
2607 3235 2674 3290 ad
2701 3251 2838 3305 opus
2866 3235 3116 3306 laqueum
3147 3235 3260 3290 Do-

1699 3321 1877 3376 minus
1907 3324 2186 3389 contrivit,
2219 3325 2433 3380 beatior
2465 3340 2614 3388 vero,
2639 3325 2792 3393 cujus
2825 3333 3158 3394 spectantem
3191 3325 3262 3378 ad

1695 3412 2084 3480 cogitationem
2111 3415 2362 3486 laqueum
2399 3417 2470 3473 ita
2500 3416 2752 3484 disrupit,
2789 3423 2975 3470 utnon
3009 3415 3263 3468 inventus

1693 3505 1764 3560 sit
1794 3505 1948 3561 dolus
1985 3507 2036 3560 in
2074 3521 2169 3562 ore
2198 3508 2335 3578 ejus.

2058 3687 2225 3760 824
2270 3685 2588 3742 PSALMUS
2645 3687 2879 3744 CXXIV.

1763 3779 1930 3836 Vens.
1975 3782 2025 3834 l.
2071 3783 2172 3847 Qui
2212 3780 2487 3847 conﬁdunt
2539 3781 2593 3834 in
2639 3780 2862 3834 Domino
2918 3781 3052 3834 sicut
3111 3795 3260 3834 mox:

1691 3870 1849 3938 Sion,
1884 3883 1988 3927 etc.
2025 3872 2126 3939 Qui
2161 3875 2425 3928 accedunt
2453 3873 2518 3927 ad
2548 3873 2678 3930 Sion
2711 3882 2948 3928 montem
2983 3883 3038 3927 et
3067 3872 3260 3926 civita-

1691 3977 1796 4021 tem
1845 3967 1938 4022 Dei
1989 3968 2241 4032 viventis,
2292 3965 2590 4022 Jerusalem
2647 3967 2950 4030 etelestcm,
2997 3966 3033 4020 ii
3077 3965 3258 4020 lerunt

1694 4056 1982 4128 imaginem
2011 4057 2270 4124 caelestis,
2301 4068 2355 4113 et
2385 4059 2722 4115 conﬁdentes
2761 4058 2815 4114 in
2847 4057 3080 4114 Domino
3125 4057 3260 4112 ﬁunt

1693 4151 1834 4205 sicut
1865 4151 1958 4206 ille
1986 4167 2140 4206 mons
2188 4151 2343 4206 Sion.

1759 4242 2033 4311 Eiusdem.
2088 4244 2144 4299 Si
2198 4260 2264 4300 ex
2323 4242 2514 4298 fiducia
2561 4244 2618 4299 in
2668 4244 2834 4299 Deum
2875 4241 2936 4298 fit
2987 4241 3254 4312 quispiam

1696 4343 1950 4405 tanquam
1994 4353 2150 4392 mons
2191 4337 2345 4400 Sion,
2384 4337 2524 4392 alius
2573 4337 2757 4405 utique
2785 4351 2852 4390 ex
2883 4334 2986 4388 alia
3018 4349 3074 4388 re
3119 4349 3256 4403 qua-

1690 4427 1831 4492 piam
1861 4425 1952 4480 tiet
1981 4427 2122 4481 sicut
2146 4442 2298 4482 mOIIS
2319 4425 2554 4492 Choreb,
2589 4427 2714 4480 item
2756 4424 2901 4480 alius
2927 4425 3066 4480 sicut
3098 4439 3253 4479 mons

1691 4515 1818 4570 Sina
1869 4534 1884 4582 ;
1941 4527 1995 4572 et
2044 4532 2074 4573 e
2129 4519 2346 4572 diverso
2394 4517 2488 4572 ﬁet
2536 4518 2732 4586 aliquis
2785 4527 3040 4587 tanquam
3095 4531 3254 4573 mons

1690 4607 1932 4681 Egypti,
1967 4619 2020 4664 et
2047 4611 2190 4666 sicut
2219 4626 2374 4666 mons
2403 4609 2714 4682 Babylonis,
2743 4617 2798 4664 et
2829 4609 2998 4664 instar
3019 4607 3250 4665 aliorum

1690 4701 1780 4769 qui
1823 4703 1960 4770 apud
2003 4702 2190 4757 hostes
2218 4709 2364 4766 sunt,
2393 4701 2680 4756 montium.
2715 4699 2810 4754 Vel
2839 4702 2980 4756 sicut
3003 4701 3092 4772 qui
3123 4717 3253 4757 con-

1687 4791 1860 4846 ﬁdunt
1895 4793 1944 4844 in
1983 4792 2231 4856 Domino,
2279 4791 2423 4848 velut
2471 4806 2628 4848 mons
2675 4788 2807 4845 Sion
2853 4801 3000 4856 sunt,
3049 4791 3120 4846 ita
3168 4791 3252 4847 his

1687 4882 1975 4940 inferiores
2013 4893 2176 4940 erunt
2203 4886 2344 4941 sicut
2375 4897 2590 4944 montes
2623 4887 2712 4957 qui
2747 4893 2878 4940 sunt
2923 4883 2975 4939 in
3020 4882 3247 4938 circuitu

1686 4974 1822 5042 ejus.

1761 5067 1924 5122 Vens.
1964 5067 2020 5122 2.
2061 5067 2264 5124 Montes
2297 5070 2353 5124 in
2399 5069 2621 5122 circuitu
2651 5069 2782 5142 ejus,
2813 5077 2860 5122 et
2905 5065 3162 5120 Dominus
3192 5063 3248 5116 iu

1689 5161 1916 5214 circuitu
1949 5162 2129 5229 populi
2169 5162 2274 5227 sui,
2319 5171 2426 5217 etc.
2457 5161 2668 5216 Montes
2719 5162 2770 5214 in
2812 5157 3041 5213 circuitu
3086 5153 3246 5210 Jeru-

1690 5249 1856 5304 salem
1890 5251 2130 5306 arhitror
2158 5263 2280 5306 esse
2304 5252 2514 5307 divinas
2542 5251 2787 5304 virtutes.
2819 5245 2952 5300 Nam
2989 5263 3007 5296 ι
3039 5253 3245 5300 castra-

1693 5351 1929 5397 metatur
1988 5342 2215 5412 angelus
2272 5341 2484 5400 Domini
2549 5343 2601 5396 in
2664 5340 2893 5396 circuitu
2945 5335 3243 5394 timentium

43 5485 68 5517 υ
117 5472 196 5528 Ill
228 5465 375 5541 Reg.
400 5488 536 5536 xvn,
563 5471 599 5526 2
625 5481 678 5526 et
701 5488 858 5542 seqq.
931 5472 976 5506 "
1007 5471 1181 5528 Exod.
1211 5488 1302 5540 xx,
1337 5474 1418 5529 Η.
1497 5475 1542 5506 ⁸⁷
1569 5475 1724 5532 Rom.
1757 5491 1882 5542 xm,
1909 5476 1964 5531 9.

36 5597 160 5665 :68)
191 5595 638 5664 Ἐῤῥύσθημεν,
695 5603 802 5648 etc.
860 5592 1084 5665 Scheda:
1135 5591 1354 5660 Grahii;
1407 5595 1584 5651 simile

36 5661 160 5720 'eui
191 5661 272 5733 (ιιὶ
287 5661 492 5732 ἷάρὶηηι
506 5661 785 5733 anonymo
822 5663 1010 5718 tribuit
1041 5663 1246 5718 Catena
1279 5665 1546 5723 Corderii.

45 5737 162 5800 61))
204 5735 738 5802 Θηρεύουσινέπί,
770 5743 874 5788 etc.
907 5735 1108 5788 Catena
1135 5735 1398 5791 Corderii.

36 5803 162 5862 '70)
223 5807 290 5861 Ἠ
318 5805 434 5870 μὲν
457 5804 706 5868 Halani,
735 5815 841 5860 etc.
881 5803 1104 5859 Scin:th
1137 5805 1342 5860 Grnbii.

1756 5596 1870 5668 (τι)
1903 5599 1968 5651 Οἱ
1997 5599 2482 5667 προσερχόμενοι,
2513 5605 2620 5650 etc.
2647 5594 2850 5650 Catena
2877 5589 3140 5649 Corderii.

1755 5689 1868 5758 (72)
1890 5691 1960 5742 Εἰ
1990 5689 2058 5742 ὲκ
2084 5687 2209 5750 τοῦ,
2239 5699 2346 5742 etc.
2375 5686 2597 5740 Eadem.

1759 5781 1868 5852 (75)
1905 5781 2048 5848 Ὄρη
2080 5780 2302 5844 κύκλῳ,
2340 5789 2440 5835 etc.
2471 5777 2688 5834 Eadem.
