  <div class='ocr_page' id='page_1' title='image "/cluster/home/n/w/nwhite01/storage/ocr_20150623/12/hvd.32044019207638/824.png"; bbox 0 0 3800 6516; ppageno 0'>
   <div class='ocr_carea' id='block_1_1' title="bbox 133 297 252 354">
    <p class='ocr_par' dir='ltr' id='par_1_1' title="bbox 133 297 252 354">
     <span class='ocr_line' id='line_1_1' title="bbox 133 297 252 354; baseline -0.008 0"><span class='ocrx_word' id='word_1_1' title='bbox 133 297 252 354; x_wconf 70' lang='lat' dir='ltr'><strong><em>i5“</em></strong></span> 
     </span>
    </p>
   </div>
   <div class='ocr_carea' id='block_1_2' title="bbox 1027 291 2434 357">
    <p class='ocr_par' dir='ltr' id='par_1_2' title="bbox 1027 291 2434 357">
     <span class='ocr_line' id='line_1_2' title="bbox 1027 291 2434 357; baseline 0.006 -13"><span class='ocrx_word' id='word_1_2' title='bbox 1027 291 1337 352; x_wconf 78' lang='lat' dir='ltr'><strong><em>FELECTA</em></strong></span> <span class='ocrx_word' id='word_1_3' title='bbox 1379 295 1442 351; x_wconf 78' lang='lat' dir='ltr'><strong><em>IN</em></strong></span> <span class='ocrx_word' id='word_1_4' title='bbox 1483 295 1824 357; x_wconf 77' lang='lat' dir='ltr'><strong><em>PSALMOS.</em></strong></span> <span class='ocrx_word' id='word_1_5' title='bbox 1862 327 1932 340; x_wconf 90' lang='lat'><strong><em>—-</em></strong></span> <span class='ocrx_word' id='word_1_6' title='bbox 1969 299 2165 357; x_wconf 81' lang='lat' dir='ltr'><strong><em>PSAL.</em></strong></span> <span class='ocrx_word' id='word_1_7' title='bbox 2201 297 2434 357; x_wconf 78' lang='lat' dir='ltr'><strong><em>CXXVI.</em></strong></span> 
     </span>
    </p>
   </div>
   <div class='ocr_carea' id='block_1_3' title="bbox 3211 301 3346 356">
    <p class='ocr_par' dir='ltr' id='par_1_3' title="bbox 3211 301 3346 356">
     <span class='ocr_line' id='line_1_3' title="bbox 3211 301 3346 356; baseline 0.015 -2"><span class='ocrx_word' id='word_1_8' title='bbox 3211 301 3346 356; x_wconf 61' lang='grc'><strong><em>164⁸2</em></strong></span> 
     </span>
    </p>
   </div>
   <div class='ocr_carea' id='block_1_4' title="bbox 121 409 1680 487">
    <p class='ocr_par' dir='ltr' id='par_1_4' title="bbox 121 409 1680 487">
     <span class='ocr_line' id='line_1_4' title="bbox 121 409 1680 487; baseline -0.003 -17"><span class='ocrx_word' id='word_1_9' title='bbox 121 433 242 487; x_wconf 82' lang='grc' dir='ltr'>ριος</span> <span class='ocrx_word' id='word_1_10' title='bbox 293 413 398 468; x_wconf 79' lang='grc' dir='ltr'><strong><em>τοῦ</em></strong></span> <span class='ocrx_word' id='word_1_11' title='bbox 444 411 690 480; x_wconf 77' lang='grc' dir='ltr'>ποιῆσαι</span> <span class='ocrx_word' id='word_1_12' title='bbox 734 409 860 482; x_wconf 74' lang='grc' dir='ltr'>μετ’</span> <span class='ocrx_word' id='word_1_13' title='bbox 914 413 1130 476; x_wconf 64' lang='grc' dir='ltr'>αὐτᾶν,</span> <span class='ocrx_word' id='word_1_14' title='bbox 1179 433 1233 467; x_wconf 87' lang='grc' dir='ltr'>κ.</span> <span class='ocrx_word' id='word_1_15' title='bbox 1276 432 1329 470; x_wconf 86' lang='grc' dir='ltr'>τ.</span> <span class='ocrx_word' id='word_1_16' title='bbox 1373 415 1420 468; x_wconf 83' lang='grc' dir='ltr'><strong><em>ὲ.</em></strong></span> <span class='ocrx_word' id='word_1_17' title='bbox 1475 437 1492 464; x_wconf 83' lang='grc' dir='ltr'><strong><em>ι</em></strong></span> <span class='ocrx_word' id='word_1_18' title='bbox 1529 415 1680 468; x_wconf 79' lang='grc' dir='ltr'>Μετὰ</span> 
     </span>
    </p>
   </div>
   <div class='ocr_carea' id='block_1_5' title="bbox 1797 409 3351 487">
    <p class='ocr_par' dir='ltr' id='par_1_5' title="bbox 1797 415 3351 486">
     <span class='ocr_line' id='line_1_5' title="bbox 1797 415 3351 486; baseline 0.005 -19"><span class='ocrx_word' id='word_1_19' title='bbox 1797 415 1959 469; x_wconf 77' lang='lat' dir='ltr'><strong><em>minus</em></strong></span> <span class='ocrx_word' id='word_1_20' title='bbox 1995 417 2170 486; x_wconf 77' lang='lat' dir='ltr'><strong><em>facere</em></strong></span> <span class='ocrx_word' id='word_1_21' title='bbox 2195 433 2313 472; x_wconf 84' lang='lat' dir='ltr'><strong><em>cum</em></strong></span> <span class='ocrx_word' id='word_1_22' title='bbox 2338 417 2435 480; x_wconf 76' lang='lat' dir='ltr'><strong><em>eis,</em></strong></span> <span class='ocrx_word' id='word_1_23' title='bbox 2471 423 2577 471; x_wconf 82' lang='lat' dir='ltr'><strong><em>etc.</em></strong></span> <span class='ocrx_word' id='word_1_24' title='bbox 2625 435 2643 468; x_wconf 82' lang='lat' dir='ltr'><strong><em>t</em></strong></span> <span class='ocrx_word' id='word_1_25' title='bbox 2678 415 2806 473; x_wconf 85' lang='lat' dir='ltr'><strong><em>Post</em></strong></span> <span class='ocrx_word' id='word_1_26' title='bbox 2843 417 2956 473; x_wconf 65' lang='lat' dir='ltr'><strong><em>hare</em></strong></span> <span class='ocrx_word' id='word_1_27' title='bbox 2980 419 3123 474; x_wconf 88' lang='lat' dir='ltr'><strong><em>enim</em></strong></span> <span class='ocrx_word' id='word_1_28' title='bbox 3163 419 3214 472; x_wconf 92' lang='lat' dir='ltr'><strong><em>in</em></strong></span> <span class='ocrx_word' id='word_1_29' title='bbox 3243 429 3351 474; x_wconf 81' lang='lat' dir='ltr'><strong><em>ler-</em></strong></span> 
     </span>
    </p>
   </div>
   <div class='ocr_carea' id='block_1_6' title="bbox 126 501 1684 576">
    <p class='ocr_par' dir='ltr' id='par_1_6' title="bbox 126 501 1684 576">
     <span class='ocr_line' id='line_1_6' title="bbox 126 501 1684 576; baseline -0.001 -16"><span class='ocrx_word' id='word_1_30' title='bbox 126 505 282 562; x_wconf 74' lang='grc' dir='ltr'>ταῦτα</span> <span class='ocrx_word' id='word_1_31' title='bbox 307 503 414 574; x_wconf 83' lang='grc'>(80)</span> <span class='ocrx_word' id='word_1_32' title='bbox 443 503 550 574; x_wconf 76' lang='grc' dir='ltr'>γὰρ</span> <span class='ocrx_word' id='word_1_33' title='bbox 571 504 662 556; x_wconf 73' lang='grc' dir='ltr'><strong><em>ἐπὶ</em></strong></span> <span class='ocrx_word' id='word_1_34' title='bbox 691 503 789 574; x_wconf 82' lang='grc' dir='ltr'>τῆς</span> <span class='ocrx_word' id='word_1_35' title='bbox 813 504 914 574; x_wconf 81' lang='grc' dir='ltr'><strong><em>γῆς</em></strong></span> <span class='ocrx_word' id='word_1_36' title='bbox 933 501 1110 575; x_wconf 75' lang='grc' dir='ltr'>ὤφθη,</span> <span class='ocrx_word' id='word_1_37' title='bbox 1127 508 1221 558; x_wconf 77' lang='grc' dir='ltr'>καὶ</span> <span class='ocrx_word' id='word_1_38' title='bbox 1245 509 1355 570; x_wconf 84' lang='grc' dir='ltr'>τοῖς</span> <span class='ocrx_word' id='word_1_39' title='bbox 1379 505 1684 576; x_wconf 82' lang='grc' dir='ltr'>ἀνθρώποις</span> 
     </span>
    </p>
   </div>
   <div class='ocr_carea' id='block_1_7' title="bbox 128 595 598 666">
    <p class='ocr_par' dir='ltr' id='par_1_7' title="bbox 128 595 598 666">
     <span class='ocr_line' id='line_1_7' title="bbox 128 595 598 666; baseline -0.009 -17"><span class='ocrx_word' id='word_1_40' title='bbox 128 595 543 666; x_wconf 73' lang='grc' dir='ltr'>συνανεστράφη.</span> <span class='ocrx_word' id='word_1_41' title='bbox 579 614 598 645; x_wconf 79' lang='grc' dir='ltr'><strong><em>ι</em></strong></span> 
     </span>
    </p>
   </div>
   <div class='ocr_carea' id='block_1_8' title="bbox 199 685 1682 760">
    <p class='ocr_par' dir='ltr' id='par_1_8' title="bbox 199 685 1682 760">
     <span class='ocr_line' id='line_1_8' title="bbox 199 685 1682 760; baseline 0.001 -19"><span class='ocrx_word' id='word_1_42' title='bbox 199 685 602 757; x_wconf 70' lang='grc' dir='ltr'>Ἐπίστρεψωο,</span> <span class='ocrx_word' id='word_1_43' title='bbox 647 691 844 758; x_wconf 77' lang='grc' dir='ltr'>Κύριε,</span> <span class='ocrx_word' id='word_1_44' title='bbox 895 689 1010 758; x_wconf 75' lang='grc' dir='ltr'><strong><em>τὴν</em></strong></span> <span class='ocrx_word' id='word_1_45' title='bbox 1055 691 1470 760; x_wconf 73' lang='grc' dir='ltr'>αἰχμαλωσίαν</span> <span class='ocrx_word' id='word_1_46' title='bbox 1515 689 1682 760; x_wconf 72' lang='grc' dir='ltr'><strong><em>ἡμῶν</em></strong></span> 
     </span>
    </p>
   </div>
   <div class='ocr_carea' id='block_1_9' title="bbox 121 778 1682 854">
    <p class='ocr_par' dir='ltr' id='par_1_9' title="bbox 121 778 1682 854">
     <span class='ocr_line' id='line_1_9' title="bbox 121 778 1682 854; baseline 0.003 -22"><span class='ocrx_word' id='word_1_47' title='bbox 121 781 196 847; x_wconf 81' lang='grc' dir='ltr'>ὡς</span> <span class='ocrx_word' id='word_1_48' title='bbox 243 778 594 848; x_wconf 75' lang='grc' dir='ltr'>χειμιίῤῥους</span> <span class='ocrx_word' id='word_1_49' title='bbox 643 781 712 834; x_wconf 78' lang='grc' dir='ltr'><strong><em>ἐν</em></strong></span> <span class='ocrx_word' id='word_1_50' title='bbox 759 780 839 845; x_wconf 83' lang='grc' dir='ltr'>τῷ</span> <span class='ocrx_word' id='word_1_51' title='bbox 887 783 1060 844; x_wconf 75' lang='grc' dir='ltr'>νότῳ,</span> <span class='ocrx_word' id='word_1_52' title='bbox 1112 801 1166 836; x_wconf 91' lang='grc' dir='ltr'>κ.</span> <span class='ocrx_word' id='word_1_53' title='bbox 1212 801 1265 838; x_wconf 90' lang='grc' dir='ltr'>τ.</span> <span class='ocrx_word' id='word_1_54' title='bbox 1311 784 1358 836; x_wconf 85' lang='grc' dir='ltr'><strong><em>ὲ.</em></strong></span> <span class='ocrx_word' id='word_1_55' title='bbox 1406 784 1682 854; x_wconf 79' lang='grc' dir='ltr'>Ἀνωτέρω</span> 
     </span>
    </p>
   </div>
   <div class='ocr_carea' id='block_1_10' title="bbox 124 870 1681 945">
    <p class='ocr_par' dir='ltr' id='par_1_10' title="bbox 124 870 1681 945">
     <span class='ocr_line' id='line_1_10' title="bbox 124 870 1681 945; baseline 0.003 -22"><span class='ocrx_word' id='word_1_56' title='bbox 124 872 215 942; x_wconf 72' lang='grc' dir='ltr'>μὲν</span> <span class='ocrx_word' id='word_1_57' title='bbox 249 870 358 942; x_wconf 79' lang='grc'>(81)</span> <span class='ocrx_word' id='word_1_58' title='bbox 390 872 465 934; x_wconf 85' lang='grc' dir='ltr'>ὡς</span> <span class='ocrx_word' id='word_1_59' title='bbox 507 871 607 942; x_wconf 74' lang='grc' dir='ltr'>ἤδη</span> <span class='ocrx_word' id='word_1_60' title='bbox 651 874 984 945; x_wconf 78' lang='grc' dir='ltr'><strong><em>ἐπιστροφῆς</em></strong></span> <span class='ocrx_word' id='word_1_61' title='bbox 1031 873 1138 927; x_wconf 80' lang='grc' dir='ltr'><strong><em>ἀπὸ</em></strong></span> <span class='ocrx_word' id='word_1_62' title='bbox 1182 875 1277 944; x_wconf 80' lang='grc' dir='ltr'>τῆς</span> <span class='ocrx_word' id='word_1_63' title='bbox 1306 875 1681 945; x_wconf 76' lang='grc' dir='ltr'><strong><em>αἰχμαλωσίας</em></strong></span> 
     </span>
    </p>
   </div>
   <div class='ocr_carea' id='block_1_11' title="bbox 121 961 1684 1034">
    <p class='ocr_par' dir='ltr' id='par_1_11' title="bbox 121 961 1684 1034">
     <span class='ocr_line' id='line_1_11' title="bbox 121 961 1684 1034; baseline 0.003 -21"><span class='ocrx_word' id='word_1_64' title='bbox 121 961 408 1033; x_wconf 76' lang='grc' dir='ltr'><strong><em>γενομένης</em></strong></span> <span class='ocrx_word' id='word_1_65' title='bbox 457 963 702 1032; x_wconf 80' lang='grc' dir='ltr'>εἴρηνται</span> <span class='ocrx_word' id='word_1_66' title='bbox 753 965 802 1016; x_wconf 77' lang='grc' dir='ltr'>οἱ</span> <span class='ocrx_word' id='word_1_67' title='bbox 847 963 940 1016; x_wconf 83' lang='grc' dir='ltr'>δύο</span> <span class='ocrx_word' id='word_1_68' title='bbox 973 963 1170 1034; x_wconf 80' lang='grc' dir='ltr'>στίχοι-</span> <span class='ocrx_word' id='word_1_69' title='bbox 1217 963 1310 1018; x_wconf 87' lang='grc' dir='ltr'><strong><em>νῦν</em></strong></span> <span class='ocrx_word' id='word_1_70' title='bbox 1344 965 1400 1018; x_wconf 84' lang='grc' dir='ltr'>δὲ</span> <span class='ocrx_word' id='word_1_71' title='bbox 1449 964 1580 1018; x_wconf 75' lang='grc' dir='ltr'><strong><em>ὡσεὶ</em></strong></span> <span class='ocrx_word' id='word_1_72' title='bbox 1626 966 1684 1018; x_wconf 83' lang='grc' dir='ltr'>ἐν</span> 
     </span>
    </p>
   </div>
   <div class='ocr_carea' id='block_1_12' title="bbox 116 1053 1682 1128">
    <p class='ocr_par' dir='ltr' id='par_1_12' title="bbox 116 1053 1682 1128">
     <span class='ocr_line' id='line_1_12' title="bbox 116 1053 1682 1128; baseline 0.001 -20"><span class='ocrx_word' id='word_1_73' title='bbox 116 1053 456 1126; x_wconf 71' lang='grc' dir='ltr'><strong><em>αἰχμαλωσίᾳ.</em></strong></span> <span class='ocrx_word' id='word_1_74' title='bbox 497 1053 572 1107; x_wconf 83' lang='grc' dir='ltr'>ὢν</span> <span class='ocrx_word' id='word_1_75' title='bbox 619 1054 792 1108; x_wconf 87' lang='grc' dir='ltr'>ταῦτά</span> <span class='ocrx_word' id='word_1_76' title='bbox 845 1072 1008 1125; x_wconf 71' lang='grc' dir='ltr'>φησιν</span> <span class='ocrx_word' id='word_1_77' title='bbox 1045 1057 1072 1107; x_wconf 90' lang='grc' dir='ltr'>ὁ</span> <span class='ocrx_word' id='word_1_78' title='bbox 1113 1057 1432 1128; x_wconf 76' lang='grc' dir='ltr'><strong><em>Προφήτης·</em></strong></span> <span class='ocrx_word' id='word_1_79' title='bbox 1474 1055 1534 1108; x_wconf 81' lang='grc' dir='ltr'>τὸ</span> <span class='ocrx_word' id='word_1_80' title='bbox 1583 1056 1682 1128; x_wconf 86' lang='grc' dir='ltr'>μὲν</span> 
     </span>
    </p>
   </div>
   <div class='ocr_carea' id='block_1_13' title="bbox 121 1141 1678 1218">
    <p class='ocr_par' dir='ltr' id='par_1_13' title="bbox 121 1141 1678 1218">
     <span class='ocr_line' id='line_1_13' title="bbox 121 1141 1678 1218; baseline 0.001 -20"><span class='ocrx_word' id='word_1_81' title='bbox 121 1145 372 1217; x_wconf 76' lang='grc' dir='ltr'>πρότερον</span> <span class='ocrx_word' id='word_1_82' title='bbox 403 1147 780 1218; x_wconf 72' lang='grc' dir='ltr'><strong><em>προφητεύων,</em></strong></span> <span class='ocrx_word' id='word_1_83' title='bbox 805 1141 982 1217; x_wconf 81' lang='grc' dir='ltr'>οἶμαι,</span> <span class='ocrx_word' id='word_1_84' title='bbox 1023 1147 1150 1218; x_wconf 77' lang='grc' dir='ltr'>περ).</span> <span class='ocrx_word' id='word_1_85' title='bbox 1183 1148 1292 1201; x_wconf 83' lang='grc' dir='ltr'>τῶν</span> <span class='ocrx_word' id='word_1_86' title='bbox 1335 1149 1646 1202; x_wconf 78' lang='grc' dir='ltr'><strong><em>ἀποστόλων</em></strong></span> <span class='ocrx_word' id='word_1_87' title='bbox 1665 1166 1678 1178; x_wconf 95' lang='grc'><strong>·</strong></span> 
     </span>
    </p>
   </div>
   <div class='ocr_carea' id='block_1_14' title="bbox 119 1231 1683 1314">
    <p class='ocr_par' dir='ltr' id='par_1_14' title="bbox 119 1231 1683 1314">
     <span class='ocr_line' id='line_1_14' title="bbox 119 1231 1683 1314; baseline 0 -20"><span class='ocrx_word' id='word_1_88' title='bbox 119 1241 176 1294; x_wconf 74' lang='grc' dir='ltr'>τὸ</span> <span class='ocrx_word' id='word_1_89' title='bbox 203 1241 253 1294; x_wconf 79' lang='grc' dir='ltr'>δὲ</span> <span class='ocrx_word' id='word_1_90' title='bbox 295 1240 546 1312; x_wconf 86' lang='grc' dir='ltr'>δεύτερον</span> <span class='ocrx_word' id='word_1_91' title='bbox 577 1242 642 1294; x_wconf 85' lang='grc' dir='ltr'>ὲκ</span> <span class='ocrx_word' id='word_1_92' title='bbox 677 1241 966 1312; x_wconf 80' lang='grc' dir='ltr'>προσώπου</span> <span class='ocrx_word' id='word_1_93' title='bbox 995 1242 1169 1311; x_wconf 77' lang='grc' dir='ltr'>λέγων</span> <span class='ocrx_word' id='word_1_94' title='bbox 1210 1241 1398 1296; x_wconf 80' lang='grc' dir='ltr'>ἐθνῶν.</span> <span class='ocrx_word' id='word_1_95' title='bbox 1423 1231 1544 1296; x_wconf 78' lang='grc' dir='ltr'>Τῶν</span> <span class='ocrx_word' id='word_1_96' title='bbox 1574 1242 1683 1314; x_wconf 73' lang='grc' dir='ltr'><strong><em>γὰρ</em></strong></span> 
     </span>
    </p>
   </div>
   <div class='ocr_carea' id='block_1_15' title="bbox 119 1333 1683 1407">
    <p class='ocr_par' dir='ltr' id='par_1_15' title="bbox 119 1333 1683 1407">
     <span class='ocr_line' id='line_1_15' title="bbox 119 1333 1683 1407; baseline 0.002 -22"><span class='ocrx_word' id='word_1_97' title='bbox 119 1335 174 1386; x_wconf 83' lang='grc' dir='ltr'>ὲν</span> <span class='ocrx_word' id='word_1_98' title='bbox 195 1335 301 1398; x_wconf 82' lang='grc' dir='ltr'>τοῖς</span> <span class='ocrx_word' id='word_1_99' title='bbox 330 1333 536 1386; x_wconf 74' lang='grc' dir='ltr'>ἔθνεσιν</span> <span class='ocrx_word' id='word_1_100' title='bbox 563 1336 678 1388; x_wconf 81' lang='grc' dir='ltr'>ἐστι</span> <span class='ocrx_word' id='word_1_101' title='bbox 706 1335 774 1389; x_wconf 74' lang='grc' dir='ltr'><strong><em>τὰ</em></strong></span> <span class='ocrx_word' id='word_1_102' title='bbox 797 1335 904 1388; x_wconf 78' lang='grc' dir='ltr'><strong><em>ἀπὸ</em></strong></span> <span class='ocrx_word' id='word_1_103' title='bbox 929 1335 1040 1399; x_wconf 84' lang='grc' dir='ltr'>τοῦ,</span> <span class='ocrx_word' id='word_1_104' title='bbox 1073 1353 1091 1386; x_wconf 77' lang='grc' dir='ltr'><strong><em>ι</em></strong></span> <span class='ocrx_word' id='word_1_105' title='bbox 1123 1335 1450 1406; x_wconf 77' lang='grc' dir='ltr'>Ἐμεγάλυνε</span> <span class='ocrx_word' id='word_1_106' title='bbox 1479 1335 1683 1407; x_wconf 82' lang='grc' dir='ltr'>Κύριος</span> 
     </span>
    </p>
   </div>
   <div class='ocr_carea' id='block_1_16' title="bbox 117 1427 1682 1500">
    <p class='ocr_par' dir='ltr' id='par_1_16' title="bbox 117 1427 1682 1500">
     <span class='ocr_line' id='line_1_16' title="bbox 117 1427 1682 1500; baseline -0.001 -18"><span class='ocrx_word' id='word_1_107' title='bbox 117 1428 204 1482; x_wconf 88' lang='grc' dir='ltr'><strong><em>τοῦ</em></strong></span> <span class='ocrx_word' id='word_1_108' title='bbox 225 1429 446 1498; x_wconf 78' lang='grc' dir='ltr'>ποιῆσαι</span> <span class='ocrx_word' id='word_1_109' title='bbox 465 1428 602 1498; x_wconf 83' lang='grc' dir='ltr'>μετὰ</span> <span class='ocrx_word' id='word_1_110' title='bbox 632 1427 852 1492; x_wconf 81' lang='grc' dir='ltr'>τούτων,</span> <span class='ocrx_word' id='word_1_111' title='bbox 887 1429 1023 1492; x_wconf 70' lang='grc' dir='ltr'>»ἕως</span> <span class='ocrx_word' id='word_1_112' title='bbox 1045 1427 1160 1494; x_wconf 86' lang='grc' dir='ltr'>τοῦ,</span> <span class='ocrx_word' id='word_1_113' title='bbox 1184 1449 1202 1480; x_wconf 77' lang='grc' dir='ltr'><strong><em>ι</em></strong></span> <span class='ocrx_word' id='word_1_114' title='bbox 1237 1429 1322 1492; x_wconf 84' lang='grc' dir='ltr'>Ὠς</span> <span class='ocrx_word' id='word_1_115' title='bbox 1353 1429 1682 1500; x_wconf 67' lang='grc' dir='ltr'>χειμάρρους</span> 
     </span>
    </p>
   </div>
   <div class='ocr_carea' id='block_1_17' title="bbox 117 1519 503 1592">
    <p class='ocr_par' dir='ltr' id='par_1_17' title="bbox 117 1519 503 1592">
     <span class='ocr_line' id='line_1_17' title="bbox 117 1519 503 1592; baseline -0.003 -19"><span class='ocrx_word' id='word_1_116' title='bbox 117 1523 172 1573; x_wconf 87' lang='grc' dir='ltr'>ὲν</span> <span class='ocrx_word' id='word_1_117' title='bbox 197 1519 270 1591; x_wconf 83' lang='grc' dir='ltr'>τῷ</span> <span class='ocrx_word' id='word_1_118' title='bbox 301 1521 455 1592; x_wconf 81' lang='grc' dir='ltr'>νότῳ.</span> <span class='ocrx_word' id='word_1_119' title='bbox 485 1540 503 1572; x_wconf 75' lang='grc' dir='ltr'><strong><em>ι</em></strong></span> 
     </span>
    </p>
   </div>
   <div class='ocr_carea' id='block_1_18' title="bbox 185 1609 1683 1681">
    <p class='ocr_par' dir='ltr' id='par_1_18' title="bbox 185 1609 1683 1681">
     <span class='ocr_line' id='line_1_18' title="bbox 185 1609 1683 1681; baseline -0.001 -15"><span class='ocrx_word' id='word_1_120' title='bbox 185 1613 246 1666; x_wconf 81' lang='lat' dir='ltr'><strong><em>0i</em></strong></span> <span class='ocrx_word' id='word_1_121' title='bbox 283 1613 635 1680; x_wconf 77' lang='grc' dir='ltr'><strong><em>σπείροντες</em></strong></span> <span class='ocrx_word' id='word_1_122' title='bbox 671 1611 740 1664; x_wconf 70' lang='grc' dir='ltr'><strong><em>ἐν</em></strong></span> <span class='ocrx_word' id='word_1_123' title='bbox 775 1610 1071 1680; x_wconf 71' lang='grc' dir='ltr'>δάκρυσιν</span> <span class='ocrx_word' id='word_1_124' title='bbox 1095 1611 1165 1666; x_wconf 81' lang='grc' dir='ltr'><strong><em>ἐν</em></strong></span> <span class='ocrx_word' id='word_1_125' title='bbox 1191 1609 1546 1681; x_wconf 71' lang='grc' dir='ltr'><em>ἀγαλλιάσει</em></span> <span class='ocrx_word' id='word_1_126' title='bbox 1593 1614 1683 1664; x_wconf 85' lang='grc' dir='ltr'><strong><em>θε-</em></strong></span> 
     </span>
    </p>
   </div>
   <div class='ocr_carea' id='block_1_19' title="bbox 106 1705 1681 1779">
    <p class='ocr_par' dir='ltr' id='par_1_19' title="bbox 106 1705 1681 1779">
     <span class='ocr_line' id='line_1_19' title="bbox 106 1705 1681 1779; baseline 0 -21"><span class='ocrx_word' id='word_1_127' title='bbox 106 1705 359 1774; x_wconf 72' lang='grc' dir='ltr'>ριοῦσιν,</span> <span class='ocrx_word' id='word_1_128' title='bbox 394 1723 448 1758; x_wconf 88' lang='grc' dir='ltr'>κ.</span> <span class='ocrx_word' id='word_1_129' title='bbox 483 1724 535 1761; x_wconf 89' lang='grc' dir='ltr'>τ.</span> <span class='ocrx_word' id='word_1_130' title='bbox 571 1708 617 1760; x_wconf 81' lang='grc' dir='ltr'><strong><em>ὲ.</em></strong></span> <span class='ocrx_word' id='word_1_131' title='bbox 652 1707 712 1758; x_wconf 81' lang='lat' dir='ltr'><strong><em>Oi</em></strong></span> <span class='ocrx_word' id='word_1_132' title='bbox 764 1707 860 1776; x_wconf 81' lang='grc' dir='ltr'>μὲν</span> <span class='ocrx_word' id='word_1_133' title='bbox 901 1707 1000 1778; x_wconf 81' lang='grc' dir='ltr'>τὴν</span> <span class='ocrx_word' id='word_1_134' title='bbox 1045 1707 1154 1777; x_wconf 72' lang='lat'><strong><em>(82)</em></strong></span> <span class='ocrx_word' id='word_1_135' title='bbox 1203 1706 1510 1779; x_wconf 83' lang='grc' dir='ltr'>πρακτικὴν</span> <span class='ocrx_word' id='word_1_136' title='bbox 1546 1705 1681 1777; x_wconf 83' lang='grc' dir='ltr'>μετὰ</span> 
     </span>
    </p>
   </div>
   <div class='ocr_carea' id='block_1_20' title="bbox 115 1797 1680 1873">
    <p class='ocr_par' dir='ltr' id='par_1_20' title="bbox 115 1797 1680 1873">
     <span class='ocr_line' id='line_1_20' title="bbox 115 1797 1680 1873; baseline 0.001 -23"><span class='ocrx_word' id='word_1_137' title='bbox 115 1797 272 1852; x_wconf 88' lang='grc' dir='ltr'>πόνου</span> <span class='ocrx_word' id='word_1_138' title='bbox 303 1798 395 1851; x_wconf 77' lang='grc' dir='ltr'>καὶ</span> <span class='ocrx_word' id='word_1_139' title='bbox 423 1799 670 1870; x_wconf 79' lang='grc' dir='ltr'><strong><em>δακρύων</em></strong></span> <span class='ocrx_word' id='word_1_140' title='bbox 704 1799 1166 1870; x_wconf 77' lang='grc' dir='ltr'><strong><em>κατεργαζόμενοι</em></strong></span> <span class='ocrx_word' id='word_1_141' title='bbox 1195 1801 1252 1853; x_wconf 82' lang='grc' dir='ltr'>ὲν</span> <span class='ocrx_word' id='word_1_142' title='bbox 1276 1799 1505 1873; x_wconf 78' lang='grc' dir='ltr'>δάκρυσι</span> <span class='ocrx_word' id='word_1_143' title='bbox 1533 1799 1680 1852; x_wconf 83' lang='grc' dir='ltr'>σπεί-</span> 
     </span>
    </p>
   </div>
   <div class='ocr_carea' id='block_1_21' title="bbox 115 1890 1679 1964">
    <p class='ocr_par' dir='ltr' id='par_1_21' title="bbox 115 1890 1679 1964">
     <span class='ocr_line' id='line_1_21' title="bbox 115 1890 1679 1964; baseline 0.001 -22"><span class='ocrx_word' id='word_1_144' title='bbox 115 1906 318 1961; x_wconf 87' lang='grc' dir='ltr'>ρουσιν·</span> <span class='ocrx_word' id='word_1_145' title='bbox 351 1891 400 1943; x_wconf 90' lang='grc' dir='ltr'><strong><em>οἰ</em></strong></span> <span class='ocrx_word' id='word_1_146' title='bbox 437 1891 494 1944; x_wconf 80' lang='grc' dir='ltr'>δὲ</span> <span class='ocrx_word' id='word_1_147' title='bbox 522 1894 619 1962; x_wconf 77' lang='grc' dir='ltr'>τῆς</span> <span class='ocrx_word' id='word_1_148' title='bbox 649 1890 901 1960; x_wconf 81' lang='grc' dir='ltr'>γνώσεως</span> <span class='ocrx_word' id='word_1_149' title='bbox 929 1893 1142 1956; x_wconf 79' lang='grc' dir='ltr'><strong><em>ἀπόνως</em></strong></span> <span class='ocrx_word' id='word_1_150' title='bbox 1173 1892 1679 1964; x_wconf 79' lang='grc' dir='ltr'>μεταλαμϐάνοντες</span> 
     </span>
    </p>
   </div>
   <div class='ocr_carea' id='block_1_22' title="bbox 111 1982 798 2054">
    <p class='ocr_par' dir='ltr' id='par_1_22' title="bbox 111 1982 798 2054">
     <span class='ocr_line' id='line_1_22' title="bbox 111 1982 798 2054; baseline 0.007 -20"><span class='ocrx_word' id='word_1_151' title='bbox 111 1982 168 2036; x_wconf 78' lang='grc' dir='ltr'>ὲν</span> <span class='ocrx_word' id='word_1_152' title='bbox 200 1983 512 2053; x_wconf 75' lang='grc' dir='ltr'><strong><em>ἀγαλλιάσει</em></strong></span> <span class='ocrx_word' id='word_1_153' title='bbox 539 1983 798 2054; x_wconf 85' lang='grc' dir='ltr'>θεριοῦσι.</span> 
     </span>
    </p>
   </div>
   <div class='ocr_carea' id='block_1_23' title="bbox 632 2174 1150 2242">
    <p class='ocr_par' dir='ltr' id='par_1_23' title="bbox 632 2174 1150 2242">
     <span class='ocr_line' id='line_1_23' title="bbox 632 2174 1150 2242; baseline 0 -14"><span class='ocrx_word' id='word_1_154' title='bbox 632 2174 924 2228; x_wconf 77' lang='grc' dir='ltr'><strong><em>ΨΑΛΜΟΣ</em></strong></span> <span class='ocrx_word' id='word_1_155' title='bbox 961 2176 1150 2242; x_wconf 69' lang='grc' dir='ltr'><strong><em>Ριςςῖν.</em></strong></span> 
     </span>
    </p>
   </div>
   <div class='ocr_carea' id='block_1_24' title="bbox 190 2259 1678 2334">
    <p class='ocr_par' dir='ltr' id='par_1_24' title="bbox 190 2259 1678 2334">
     <span class='ocr_line' id='line_1_24' title="bbox 190 2259 1678 2334; baseline 0.001 -18"><span class='ocrx_word' id='word_1_156' title='bbox 190 2263 322 2318; x_wconf 77' lang='grc' dir='ltr'><strong><em>Ἐὰν</em></strong></span> <span class='ocrx_word' id='word_1_157' title='bbox 347 2264 428 2332; x_wconf 79' lang='grc' dir='ltr'>μὴ</span> <span class='ocrx_word' id='word_1_158' title='bbox 459 2265 671 2333; x_wconf 81' lang='grc' dir='ltr'>Κύριος</span> <span class='ocrx_word' id='word_1_159' title='bbox 717 2263 1084 2334; x_wconf 76' lang='grc' dir='ltr'>οὶκοδομήσῃ</span> <span class='ocrx_word' id='word_1_160' title='bbox 1137 2259 1324 2328; x_wconf 71' lang='grc' dir='ltr'>οἷκον,</span> <span class='ocrx_word' id='word_1_161' title='bbox 1352 2266 1438 2330; x_wconf 83' lang='grc' dir='ltr'><strong><em>εἰς</em></strong></span> <span class='ocrx_word' id='word_1_162' title='bbox 1479 2263 1678 2334; x_wconf 76' lang='grc' dir='ltr'>μάτην</span> 
     </span>
    </p>
   </div>
   <div class='ocr_carea' id='block_1_25' title="bbox 107 2355 1678 2426">
    <p class='ocr_par' dir='ltr' id='par_1_25' title="bbox 107 2355 1678 2426">
     <span class='ocr_line' id='line_1_25' title="bbox 107 2355 1678 2426; baseline 0.001 -17"><span class='ocrx_word' id='word_1_163' title='bbox 107 2356 439 2412; x_wconf 53' lang='lat' dir='ltr'><strong><em>horridam“</em></strong></span> <span class='ocrx_word' id='word_1_164' title='bbox 490 2361 544 2411; x_wconf 78' lang='grc' dir='ltr'><strong><em>οἱ</em></strong></span> <span class='ocrx_word' id='word_1_165' title='bbox 603 2357 1083 2426; x_wconf 72' lang='grc' dir='ltr'>οἰκοδομοῦντες·</span> <span class='ocrx_word' id='word_1_166' title='bbox 1147 2357 1256 2410; x_wconf 67' lang='grc' dir='ltr'><strong><em>ἐὰν</em></strong></span> <span class='ocrx_word' id='word_1_167' title='bbox 1311 2355 1396 2426; x_wconf 78' lang='grc' dir='ltr'>μὴ</span> <span class='ocrx_word' id='word_1_168' title='bbox 1463 2357 1678 2425; x_wconf 79' lang='grc' dir='ltr'>Κύριος</span> 
     </span>
    </p>
   </div>
   <div class='ocr_carea' id='block_1_26' title="bbox 110 2448 1681 2520">
    <p class='ocr_par' dir='ltr' id='par_1_26' title="bbox 110 2448 1681 2520">
     <span class='ocr_line' id='line_1_26' title="bbox 110 2448 1681 2520; baseline 0.001 -18"><span class='ocrx_word' id='word_1_169' title='bbox 110 2448 348 2518; x_wconf 64' lang='grc' dir='ltr'><strong><em>φυλάξῃ</em></strong></span> <span class='ocrx_word' id='word_1_170' title='bbox 374 2449 573 2514; x_wconf 72' lang='grc' dir='ltr'>πόλιν,</span> <span class='ocrx_word' id='word_1_171' title='bbox 605 2454 690 2516; x_wconf 75' lang='grc' dir='ltr'><strong><em>εἰς</em></strong></span> <span class='ocrx_word' id='word_1_172' title='bbox 724 2449 922 2520; x_wconf 68' lang='grc' dir='ltr'>μάτην</span> <span class='ocrx_word' id='word_1_173' title='bbox 955 2450 1344 2519; x_wconf 76' lang='grc' dir='ltr'><strong><em>ἠγρύπνησεν</em></strong></span> <span class='ocrx_word' id='word_1_174' title='bbox 1376 2453 1406 2502; x_wconf 85' lang='grc' dir='ltr'><em>ὀ</em></span> <span class='ocrx_word' id='word_1_175' title='bbox 1444 2449 1681 2518; x_wconf 71' lang='grc' dir='ltr'><strong><em>φυλάσο</em></strong></span> 
     </span>
    </p>
   </div>
   <div class='ocr_carea' id='block_1_27' title="bbox 111 2541 1684 2614">
    <p class='ocr_par' dir='ltr' id='par_1_27' title="bbox 111 2541 1684 2614">
     <span class='ocr_line' id='line_1_27' title="bbox 111 2541 1684 2614; baseline 0.003 -22"><span class='ocrx_word' id='word_1_176' title='bbox 111 2556 254 2602; x_wconf 69' lang='lat' dir='ltr'><strong><em>cur,</em></strong></span> <span class='ocrx_word' id='word_1_177' title='bbox 289 2559 344 2595; x_wconf 91' lang='grc' dir='ltr'>κ.</span> <span class='ocrx_word' id='word_1_178' title='bbox 375 2559 424 2594; x_wconf 88' lang='grc' dir='ltr'><strong><em>τ.</em></strong></span> <span class='ocrx_word' id='word_1_179' title='bbox 458 2543 502 2594; x_wconf 78' lang='grc' dir='ltr'><strong><em>ἑ.</em></strong></span> <span class='ocrx_word' id='word_1_180' title='bbox 541 2543 820 2614; x_wconf 82' lang='grc' dir='ltr'>Χρηστέον</span> <span class='ocrx_word' id='word_1_181' title='bbox 870 2541 947 2612; x_wconf 82' lang='grc' dir='ltr'>τῷ</span> <span class='ocrx_word' id='word_1_182' title='bbox 1003 2541 1151 2614; x_wconf 78' lang='grc' dir='ltr'>ῥητῷ</span> <span class='ocrx_word' id='word_1_183' title='bbox 1207 2543 1318 2612; x_wconf 81' lang='grc'>(85)</span> <span class='ocrx_word' id='word_1_184' title='bbox 1369 2543 1506 2614; x_wconf 80' lang='grc' dir='ltr'>πρὸς</span> <span class='ocrx_word' id='word_1_185' title='bbox 1557 2542 1684 2606; x_wconf 82' lang='grc' dir='ltr'>τοὺς</span> 
     </span>
    </p>
   </div>
   <div class='ocr_carea' id='block_1_28' title="bbox 109 2629 1683 2706">
    <p class='ocr_par' dir='ltr' id='par_1_28' title="bbox 109 2629 1683 2706">
     <span class='ocr_line' id='line_1_28' title="bbox 109 2629 1683 2706; baseline 0.002 -22"><span class='ocrx_word' id='word_1_186' title='bbox 109 2636 208 2706; x_wconf 76' lang='grc' dir='ltr'>τῆς</span> <span class='ocrx_word' id='word_1_187' title='bbox 247 2629 620 2706; x_wconf 77' lang='grc' dir='ltr'><strong><em>ὑπερηφανίας</em></strong></span> <span class='ocrx_word' id='word_1_188' title='bbox 659 2634 970 2706; x_wconf 79' lang='grc' dir='ltr'>λογισμούς.</span> <span class='ocrx_word' id='word_1_189' title='bbox 1013 2634 1137 2686; x_wconf 73' lang='grc' dir='ltr'>Ἐὰν</span> <span class='ocrx_word' id='word_1_190' title='bbox 1178 2633 1252 2704; x_wconf 85' lang='grc' dir='ltr'>μὴ</span> <span class='ocrx_word' id='word_1_191' title='bbox 1293 2634 1496 2706; x_wconf 78' lang='grc' dir='ltr'>Κύριος</span> <span class='ocrx_word' id='word_1_192' title='bbox 1539 2636 1683 2688; x_wconf 80' lang='grc' dir='ltr'>οἱκο-</span> 
     </span>
    </p>
   </div>
   <div class='ocr_carea' id='block_1_29' title="bbox 107 2725 1680 2800">
    <p class='ocr_par' dir='ltr' id='par_1_29' title="bbox 107 2725 1680 2800">
     <span class='ocr_line' id='line_1_29' title="bbox 107 2725 1680 2800; baseline 0.001 -22"><span class='ocrx_word' id='word_1_193' title='bbox 107 2727 316 2800; x_wconf 74' lang='grc' dir='ltr'>δομήσῃ</span> <span class='ocrx_word' id='word_1_194' title='bbox 345 2727 430 2781; x_wconf 75' lang='grc' dir='ltr'><strong><em>διὰ</em></strong></span> <span class='ocrx_word' id='word_1_195' title='bbox 483 2728 796 2797; x_wconf 67' lang='grc' dir='ltr'>συνεργείιις</span> <span class='ocrx_word' id='word_1_196' title='bbox 837 2727 934 2796; x_wconf 77' lang='grc' dir='ltr'>τῆς</span> <span class='ocrx_word' id='word_1_197' title='bbox 988 2727 1114 2795; x_wconf 79' lang='grc' dir='ltr'>παρ’</span> <span class='ocrx_word' id='word_1_198' title='bbox 1159 2725 1342 2788; x_wconf 75' lang='grc' dir='ltr'>αὐτοῦ,</span> <span class='ocrx_word' id='word_1_199' title='bbox 1389 2729 1468 2790; x_wconf 84' lang='grc' dir='ltr'><strong><em>εἰς</em></strong></span> <span class='ocrx_word' id='word_1_200' title='bbox 1504 2727 1680 2798; x_wconf 84' lang='grc' dir='ltr'>μάτην</span> 
     </span>
    </p>
   </div>
   <div class='ocr_carea' id='block_1_30' title="bbox 106 2817 933 2888">
    <p class='ocr_par' dir='ltr' id='par_1_30' title="bbox 106 2817 933 2888">
     <span class='ocr_line' id='line_1_30' title="bbox 106 2817 933 2888; baseline 0 -18"><span class='ocrx_word' id='word_1_201' title='bbox 106 2819 401 2872; x_wconf 81' lang='grc' dir='ltr'>ἐκοπίασαν</span> <span class='ocrx_word' id='word_1_202' title='bbox 430 2821 478 2872; x_wconf 82' lang='lat' dir='ltr'><strong><em>oi</em></strong></span> <span class='ocrx_word' id='word_1_203' title='bbox 508 2817 933 2888; x_wconf 87' lang='grc' dir='ltr'>οἰκοδομοῦντες.</span> 
     </span>
    </p>
   </div>
   <div class='ocr_carea' id='block_1_31' title="bbox 180 2906 1678 2981">
    <p class='ocr_par' dir='ltr' id='par_1_31' title="bbox 180 2906 1678 2981">
     <span class='ocr_line' id='line_1_31' title="bbox 180 2906 1678 2981; baseline 0 -17"><span class='ocrx_word' id='word_1_204' title='bbox 180 2908 288 2964; x_wconf 80' lang='grc' dir='ltr'>Τοῦ</span> <span class='ocrx_word' id='word_1_205' title='bbox 353 2907 558 2964; x_wconf 83' lang='grc' dir='ltr'>αὑτοῦ.</span> <span class='ocrx_word' id='word_1_206' title='bbox 612 2908 836 2979; x_wconf 78' lang='grc' dir='ltr'>Πρῶτον</span> <span class='ocrx_word' id='word_1_207' title='bbox 887 2906 1244 2978; x_wconf 74' lang='grc' dir='ltr'>(ᾠκοδόμησε</span> <span class='ocrx_word' id='word_1_208' title='bbox 1303 2906 1423 2980; x_wconf 74' lang='grc'>(84)</span> <span class='ocrx_word' id='word_1_209' title='bbox 1477 2907 1678 2981; x_wconf 84' lang='grc' dir='ltr'>Κύριος</span> 
     </span>
    </p>
   </div>
   <div class='ocr_carea' id='block_1_32' title="bbox 104 3000 1678 3073">
    <p class='ocr_par' dir='ltr' id='par_1_32' title="bbox 104 3000 1678 3073">
     <span class='ocr_line' id='line_1_32' title="bbox 104 3000 1678 3073; baseline 0.003 -19"><span class='ocrx_word' id='word_1_210' title='bbox 104 3000 205 3073; x_wconf 75' lang='grc' dir='ltr'>τὴν</span> <span class='ocrx_word' id='word_1_211' title='bbox 236 3000 472 3072; x_wconf 75' lang='grc' dir='ltr'>πλευρὰν</span> <span class='ocrx_word' id='word_1_212' title='bbox 501 3002 566 3072; x_wconf 84' lang='grc' dir='ltr'>ἢν</span> <span class='ocrx_word' id='word_1_213' title='bbox 591 3001 778 3054; x_wconf 74' lang='grc' dir='ltr'>ἐλαϐεν</span> <span class='ocrx_word' id='word_1_214' title='bbox 800 3000 908 3055; x_wconf 74' lang='grc' dir='ltr'><strong><em>ἀπὸ</em></strong></span> <span class='ocrx_word' id='word_1_215' title='bbox 937 3000 1031 3054; x_wconf 88' lang='grc' dir='ltr'><strong><em>τοῦ</em></strong></span> <span class='ocrx_word' id='word_1_216' title='bbox 1069 3001 1244 3071; x_wconf 71' lang='grc' dir='ltr'>’Λδὶῑμ</span> <span class='ocrx_word' id='word_1_217' title='bbox 1266 3004 1343 3065; x_wconf 83' lang='grc' dir='ltr'><strong><em>εἰς</em></strong></span> <span class='ocrx_word' id='word_1_218' title='bbox 1374 3007 1636 3072; x_wconf 82' lang='grc' dir='ltr'>γυναῖκα·</span> <span class='ocrx_word' id='word_1_219' title='bbox 1659 3025 1678 3058; x_wconf 74' lang='grc' dir='ltr'><strong><em>ι</em></strong></span> 
     </span>
    </p>
   </div>
   <div class='ocr_carea' id='block_1_33' title="bbox 1786 509 3344 574">
    <p class='ocr_par' dir='ltr' id='par_1_33' title="bbox 1786 509 3344 574">
     <span class='ocr_line' id='line_1_33' title="bbox 1786 509 3344 574; baseline 0 -12"><span class='ocrx_word' id='word_1_220' title='bbox 1786 525 1846 562; x_wconf 91' lang='lat' dir='ltr'><strong><em>ra</em></strong></span> <span class='ocrx_word' id='word_1_221' title='bbox 1873 509 2022 563; x_wconf 88' lang='lat' dir='ltr'><strong><em>visus</em></strong></span> <span class='ocrx_word' id='word_1_222' title='bbox 2051 519 2154 574; x_wconf 90' lang='lat' dir='ltr'><strong><em>est,</em></strong></span> <span class='ocrx_word' id='word_1_223' title='bbox 2184 521 2239 564; x_wconf 89' lang='lat' dir='ltr'><strong><em>et</em></strong></span> <span class='ocrx_word' id='word_1_224' title='bbox 2269 525 2390 564; x_wconf 85' lang='lat' dir='ltr'><strong><em>cum</em></strong></span> <span class='ocrx_word' id='word_1_225' title='bbox 2423 509 2734 564; x_wconf 84' lang='lat' dir='ltr'><strong><em>hominibus</em></strong></span> <span class='ocrx_word' id='word_1_226' title='bbox 2768 521 3122 565; x_wconf 88' lang='lat' dir='ltr'><strong><em>conversatus</em></strong></span> <span class='ocrx_word' id='word_1_227' title='bbox 3153 513 3286 564; x_wconf 62' lang='lat' dir='ltr'><strong><em>est&quot;.</em></strong></span> <span class='ocrx_word' id='word_1_228' title='bbox 3329 533 3344 562; x_wconf 76' lang='grc' dir='ltr'><strong><em>ι</em></strong></span> 
     </span>
    </p>
   </div>
   <div class='ocr_carea' id='block_1_34' title="bbox 1855 599 3350 672">
    <p class='ocr_par' dir='ltr' id='par_1_34' title="bbox 1855 599 3350 672">
     <span class='ocr_line' id='line_1_34' title="bbox 1855 599 3350 672; baseline 0.001 -20"><span class='ocrx_word' id='word_1_229' title='bbox 1855 599 2016 654; x_wconf 75' lang='lat' dir='ltr'><strong><em>Vens.</em></strong></span> <span class='ocrx_word' id='word_1_230' title='bbox 2053 600 2108 654; x_wconf 77' lang='grc'><strong><em>4.</em></strong></span> <span class='ocrx_word' id='word_1_231' title='bbox 2153 601 2425 667; x_wconf 83' lang='lat' dir='ltr'><strong><em>Converte,</em></strong></span> <span class='ocrx_word' id='word_1_232' title='bbox 2451 601 2694 664; x_wconf 74' lang='lat' dir='ltr'><strong><em>Domine.</em></strong></span> <span class='ocrx_word' id='word_1_233' title='bbox 2725 602 3075 672; x_wconf 73' lang='lat' dir='ltr'><strong><em>captivitatem</em></strong></span> <span class='ocrx_word' id='word_1_234' title='bbox 3112 614 3350 655; x_wconf 80' lang='lat' dir='ltr'><strong><em>nostram</em></strong></span> 
     </span>
    </p>
   </div>
   <div class='ocr_carea' id='block_1_35' title="bbox 1784 689 3353 760">
    <p class='ocr_par' dir='ltr' id='par_1_35' title="bbox 1784 689 3353 760">
     <span class='ocr_line' id='line_1_35' title="bbox 1784 689 3353 760; baseline 0 -16"><span class='ocrx_word' id='word_1_235' title='bbox 1784 689 1919 744; x_wconf 80' lang='lat' dir='ltr'><strong><em>sicut</em></strong></span> <span class='ocrx_word' id='word_1_236' title='bbox 1953 699 2157 744; x_wconf 81' lang='lat' dir='ltr'><strong><em>torrens</em></strong></span> <span class='ocrx_word' id='word_1_237' title='bbox 2191 694 2243 744; x_wconf 82' lang='lat' dir='ltr'><strong><em>in</em></strong></span> <span class='ocrx_word' id='word_1_238' title='bbox 2284 703 2485 755; x_wconf 83' lang='lat' dir='ltr'><strong><em>austro,</em></strong></span> <span class='ocrx_word' id='word_1_239' title='bbox 2515 701 2622 746; x_wconf 90' lang='lat' dir='ltr'><strong><em>etc.</em></strong></span> <span class='ocrx_word' id='word_1_240' title='bbox 2655 690 2918 758; x_wconf 82' lang='lat' dir='ltr'><strong><em>Superius</em></strong></span> <span class='ocrx_word' id='word_1_241' title='bbox 2962 691 3182 760; x_wconf 81' lang='lat' dir='ltr'><strong><em>quidem</em></strong></span> <span class='ocrx_word' id='word_1_242' title='bbox 3237 699 3353 744; x_wconf 83' lang='lat' dir='ltr'><strong><em>tan-</em></strong></span> 
     </span>
    </p>
   </div>
   <div class='ocr_carea' id='block_1_36' title="bbox 1783 781 3351 852">
    <p class='ocr_par' dir='ltr' id='par_1_36' title="bbox 1783 781 3351 852">
     <span class='ocr_line' id='line_1_36' title="bbox 1783 781 3351 852; baseline 0.002 -19"><span class='ocrx_word' id='word_1_243' title='bbox 1783 795 1947 850; x_wconf 90' lang='lat' dir='ltr'><strong><em>quam</em></strong></span> <span class='ocrx_word' id='word_1_244' title='bbox 1984 782 2294 837; x_wconf 81' lang='lat' dir='ltr'><strong><em>reversione</em></strong></span> <span class='ocrx_word' id='word_1_245' title='bbox 2335 799 2364 836; x_wconf 90' lang='lat' dir='ltr'><strong><em>a</em></strong></span> <span class='ocrx_word' id='word_1_246' title='bbox 2400 784 2714 852; x_wconf 85' lang='lat' dir='ltr'><strong><em>captivitate</em></strong></span> <span class='ocrx_word' id='word_1_247' title='bbox 2744 782 2854 852; x_wconf 85' lang='lat' dir='ltr'><strong><em>jam</em></strong></span> <span class='ocrx_word' id='word_1_248' title='bbox 2890 781 3027 837; x_wconf 80' lang='lat' dir='ltr'><strong><em>facta</em></strong></span> <span class='ocrx_word' id='word_1_249' title='bbox 3061 782 3190 836; x_wconf 93' lang='lat' dir='ltr'><strong><em>dicti</em></strong></span> <span class='ocrx_word' id='word_1_250' title='bbox 3219 791 3351 840; x_wconf 87' lang='lat' dir='ltr'><strong><em>sunt</em></strong></span> 
     </span>
    </p>
   </div>
   <div class='ocr_carea' id='block_1_37' title="bbox 1787 873 3351 946">
    <p class='ocr_par' dir='ltr' id='par_1_37' title="bbox 1787 873 3351 946">
     <span class='ocr_line' id='line_1_37' title="bbox 1787 873 3351 946; baseline 0.003 -20"><span class='ocrx_word' id='word_1_251' title='bbox 1787 873 1894 928; x_wconf 89' lang='lat' dir='ltr'><strong><em>duo</em></strong></span> <span class='ocrx_word' id='word_1_252' title='bbox 1930 874 2214 940; x_wconf 83' lang='lat' dir='ltr'><strong><em>versiculi;</em></strong></span> <span class='ocrx_word' id='word_1_253' title='bbox 2249 891 2390 930; x_wconf 85' lang='lat' dir='ltr'><strong><em>nunc.</em></strong></span> <span class='ocrx_word' id='word_1_254' title='bbox 2420 885 2599 930; x_wconf 88' lang='lat' dir='ltr'><strong><em>autem</em></strong></span> <span class='ocrx_word' id='word_1_255' title='bbox 2637 887 2890 945; x_wconf 86' lang='lat' dir='ltr'><strong><em>tanquam</em></strong></span> <span class='ocrx_word' id='word_1_256' title='bbox 2945 878 2996 931; x_wconf 91' lang='lat' dir='ltr'><strong><em>in</em></strong></span> <span class='ocrx_word' id='word_1_257' title='bbox 3034 877 3351 946; x_wconf 77' lang='lat' dir='ltr'><strong><em>captivitate</em></strong></span> 
     </span>
    </p>
   </div>
   <div class='ocr_carea' id='block_1_38' title="bbox 1785 966 3349 1040">
    <p class='ocr_par' dir='ltr' id='par_1_38' title="bbox 1785 966 3349 1040">
     <span class='ocr_line' id='line_1_38' title="bbox 1785 966 3349 1040; baseline 0.002 -19"><span class='ocrx_word' id='word_1_258' title='bbox 1785 966 2054 1036; x_wconf 86' lang='lat' dir='ltr'><strong><em>Propheta</em></strong></span> <span class='ocrx_word' id='word_1_259' title='bbox 2087 970 2201 1022; x_wconf 69' lang='lat' dir='ltr'><strong><em>btet:</em></strong></span> <span class='ocrx_word' id='word_1_260' title='bbox 2235 969 2401 1033; x_wconf 89' lang='lat' dir='ltr'><strong><em>dicit;</em></strong></span> <span class='ocrx_word' id='word_1_261' title='bbox 2435 971 2669 1038; x_wconf 89' lang='lat' dir='ltr'><strong><em>primum</em></strong></span> <span class='ocrx_word' id='word_1_262' title='bbox 2703 971 2946 1040; x_wconf 85' lang='lat' dir='ltr'><strong><em>quidem,</em></strong></span> <span class='ocrx_word' id='word_1_263' title='bbox 2995 979 3056 1024; x_wconf 89' lang='lat' dir='ltr'><strong><em>ut</em></strong></span> <span class='ocrx_word' id='word_1_264' title='bbox 3087 970 3349 1032; x_wconf 84' lang='lat' dir='ltr'><strong><em>arbitror,</em></strong></span> 
     </span>
    </p>
   </div>
   <div class='ocr_carea' id='block_1_39' title="bbox 1785 1060 3349 1132">
    <p class='ocr_par' dir='ltr' id='par_1_39' title="bbox 1785 1060 3349 1132">
     <span class='ocr_line' id='line_1_39' title="bbox 1785 1060 3349 1132; baseline 0 -16"><span class='ocrx_word' id='word_1_265' title='bbox 1785 1061 1850 1116; x_wconf 90' lang='lat' dir='ltr'><strong><em>de</em></strong></span> <span class='ocrx_word' id='word_1_266' title='bbox 1884 1061 2146 1130; x_wconf 84' lang='lat' dir='ltr'><strong><em>apostolis</em></strong></span> <span class='ocrx_word' id='word_1_267' title='bbox 2182 1060 2531 1128; x_wconf 83' lang='lat' dir='ltr'><strong><em>vaticinans;</em></strong></span> <span class='ocrx_word' id='word_1_268' title='bbox 2566 1064 2864 1118; x_wconf 88' lang='lat' dir='ltr'><strong><em>secundum</em></strong></span> <span class='ocrx_word' id='word_1_269' title='bbox 2900 1077 3030 1117; x_wconf 87' lang='lat' dir='ltr'><strong><em>vero</em></strong></span> <span class='ocrx_word' id='word_1_270' title='bbox 3063 1062 3349 1132; x_wconf 79' lang='lat' dir='ltr'><strong><em>proferens</em></strong></span> 
     </span>
    </p>
   </div>
   <div class='ocr_carea' id='block_1_40' title="bbox 1784 1151 3349 1225">
    <p class='ocr_par' dir='ltr' id='par_1_40' title="bbox 1784 1151 3349 1225">
     <span class='ocr_line' id='line_1_40' title="bbox 1784 1151 3349 1225; baseline 0.002 -20"><span class='ocrx_word' id='word_1_271' title='bbox 1784 1165 1850 1205; x_wconf 78' lang='lat' dir='ltr'><strong><em>ex</em></strong></span> <span class='ocrx_word' id='word_1_272' title='bbox 1877 1165 2108 1220; x_wconf 85' lang='lat' dir='ltr'><strong><em>persona</em></strong></span> <span class='ocrx_word' id='word_1_273' title='bbox 2133 1151 2393 1220; x_wconf 78' lang='lat' dir='ltr'><strong><em>gentimn.</em></strong></span> <span class='ocrx_word' id='word_1_274' title='bbox 2423 1151 2516 1206; x_wconf 85' lang='lat' dir='ltr'><strong><em>Illa</em></strong></span> <span class='ocrx_word' id='word_1_275' title='bbox 2552 1154 2694 1206; x_wconf 90' lang='lat' dir='ltr'><strong><em>enim</em></strong></span> <span class='ocrx_word' id='word_1_276' title='bbox 2727 1169 2847 1225; x_wconf 78' lang='lat' dir='ltr'><strong><em>quae</em></strong></span> <span class='ocrx_word' id='word_1_277' title='bbox 2901 1162 3029 1210; x_wconf 87' lang='lat' dir='ltr'><strong><em>sunt</em></strong></span> <span class='ocrx_word' id='word_1_278' title='bbox 3085 1169 3114 1208; x_wconf 91' lang='lat' dir='ltr'><strong><em>a</em></strong></span> <span class='ocrx_word' id='word_1_279' title='bbox 3164 1152 3349 1208; x_wconf 78' lang='lat' dir='ltr'><strong><em>verbis</em></strong></span> 
     </span>
    </p>
   </div>
   <div class='ocr_carea' id='block_1_41' title="bbox 1784 1240 3344 1311">
    <p class='ocr_par' dir='ltr' id='par_1_41' title="bbox 1784 1240 3344 1311">
     <span class='ocr_line' id='line_1_41' title="bbox 1784 1240 3344 1311; baseline -0.001 -15"><span class='ocrx_word' id='word_1_280' title='bbox 1784 1243 1904 1296; x_wconf 86' lang='lat' dir='ltr'><strong><em>istis</em></strong></span> <span class='ocrx_word' id='word_1_281' title='bbox 1930 1283 1944 1308; x_wconf 90' lang='lat'><strong><em>,</em></strong></span> <span class='ocrx_word' id='word_1_282' title='bbox 1987 1260 2006 1292; x_wconf 72' lang='grc' dir='ltr'><strong><em>ι</em></strong></span> <span class='ocrx_word' id='word_1_283' title='bbox 2061 1241 2426 1311; x_wconf 79' lang='lat' dir='ltr'><strong><em>Magniﬁcavit</em></strong></span> <span class='ocrx_word' id='word_1_284' title='bbox 2477 1240 2746 1298; x_wconf 81' lang='lat' dir='ltr'><strong><em>Dominus</em></strong></span> <span class='ocrx_word' id='word_1_285' title='bbox 2789 1243 2968 1298; x_wconf 81' lang='lat' dir='ltr'><strong><em>facere</em></strong></span> <span class='ocrx_word' id='word_1_286' title='bbox 2991 1258 3112 1299; x_wconf 90' lang='lat' dir='ltr'><strong><em>cum</em></strong></span> <span class='ocrx_word' id='word_1_287' title='bbox 3159 1243 3278 1308; x_wconf 88' lang='lat' dir='ltr'><strong><em>eis,</em></strong></span> <span class='ocrx_word' id='word_1_288' title='bbox 3323 1261 3344 1294; x_wconf 77' lang='grc' dir='ltr'><strong><em>ι</em></strong></span> 
     </span>
    </p>
   </div>
   <div class='ocr_carea' id='block_1_42' title="bbox 1785 1331 3347 1400">
    <p class='ocr_par' dir='ltr' id='par_1_42' title="bbox 1785 1331 3347 1400">
     <span class='ocr_line' id='line_1_42' title="bbox 1785 1331 3347 1400; baseline 0.004 -15"><span class='ocrx_word' id='word_1_289' title='bbox 1785 1347 1954 1400; x_wconf 89' lang='lat' dir='ltr'><strong><em>usque</em></strong></span> <span class='ocrx_word' id='word_1_290' title='bbox 1999 1333 2064 1384; x_wconf 92' lang='lat' dir='ltr'><strong><em>ad</em></strong></span> <span class='ocrx_word' id='word_1_291' title='bbox 2099 1331 2184 1386; x_wconf 90' lang='lat' dir='ltr'><strong><em>illa</em></strong></span> <span class='ocrx_word' id='word_1_292' title='bbox 2218 1374 2232 1396; x_wconf 89' lang='lat'><strong><em>,</em></strong></span> <span class='ocrx_word' id='word_1_293' title='bbox 2270 1349 2290 1381; x_wconf 75' lang='grc' dir='ltr'><strong><em>ι</em></strong></span> <span class='ocrx_word' id='word_1_294' title='bbox 2333 1333 2472 1388; x_wconf 92' lang='lat' dir='ltr'><strong><em>sicut</em></strong></span> <span class='ocrx_word' id='word_1_295' title='bbox 2524 1339 2741 1386; x_wconf 90' lang='lat' dir='ltr'><strong><em>torrens</em></strong></span> <span class='ocrx_word' id='word_1_296' title='bbox 2778 1334 2834 1386; x_wconf 89' lang='lat' dir='ltr'><strong><em>in</em></strong></span> <span class='ocrx_word' id='word_1_297' title='bbox 2874 1343 3059 1388; x_wconf 83' lang='lat' dir='ltr'><strong><em>austro</em></strong></span> <span class='ocrx_word' id='word_1_298' title='bbox 3086 1374 3100 1397; x_wconf 91' lang='lat'><strong><em>,</em></strong></span> <span class='ocrx_word' id='word_1_299' title='bbox 3141 1352 3160 1386; x_wconf 71' lang='grc' dir='ltr'><strong><em>ι</em></strong></span> <span class='ocrx_word' id='word_1_300' title='bbox 3201 1335 3347 1391; x_wconf 84' lang='lat' dir='ltr'><strong><em>dicta</em></strong></span> 
     </span>
    </p>
   </div>
   <div class='ocr_carea' id='block_1_43' title="bbox 1782 1425 2269 1494">
    <p class='ocr_par' dir='ltr' id='par_1_43' title="bbox 1782 1425 2269 1494">
     <span class='ocr_line' id='line_1_43' title="bbox 1782 1425 2269 1494; baseline 0.004 -15"><span class='ocrx_word' id='word_1_301' title='bbox 1782 1434 1909 1480; x_wconf 88' lang='lat' dir='ltr'><strong><em>sunt</em></strong></span> <span class='ocrx_word' id='word_1_302' title='bbox 1941 1440 1968 1478; x_wconf 87' lang='lat' dir='ltr'><strong><em>a</em></strong></span> <span class='ocrx_word' id='word_1_303' title='bbox 1996 1425 2269 1494; x_wconf 77' lang='lat' dir='ltr'><strong><em>gentibus.</em></strong></span> 
     </span>
    </p>
   </div>
   <div class='ocr_carea' id='block_1_44' title="bbox 1853 1611 3354 1684">
    <p class='ocr_par' dir='ltr' id='par_1_44' title="bbox 1853 1611 3354 1684">
     <span class='ocr_line' id='line_1_44' title="bbox 1853 1611 3354 1684; baseline 0.003 -18"><span class='ocrx_word' id='word_1_304' title='bbox 1853 1611 2015 1666; x_wconf 74' lang='lat' dir='ltr'><strong><em>Vsus.</em></strong></span> <span class='ocrx_word' id='word_1_305' title='bbox 2049 1618 2102 1666; x_wconf 83' lang='grc'><strong><em>5.</em></strong></span> <span class='ocrx_word' id='word_1_306' title='bbox 2149 1613 2254 1677; x_wconf 86' lang='lat' dir='ltr'><strong><em>Qui</em></strong></span> <span class='ocrx_word' id='word_1_307' title='bbox 2281 1617 2541 1666; x_wconf 80' lang='lat' dir='ltr'><strong><em>seminam</em></strong></span> <span class='ocrx_word' id='word_1_308' title='bbox 2570 1629 2622 1666; x_wconf 82' lang='grc' dir='ltr'><strong><em>ιη</em></strong></span> <span class='ocrx_word' id='word_1_309' title='bbox 2666 1615 2916 1684; x_wconf 80' lang='lat' dir='ltr'><strong><em>Iacrymis</em></strong></span> <span class='ocrx_word' id='word_1_310' title='bbox 2944 1653 2956 1676; x_wconf 83' lang='grc'><strong><em>,</em></strong></span> <span class='ocrx_word' id='word_1_311' title='bbox 3010 1615 3065 1666; x_wconf 88' lang='lat' dir='ltr'><strong><em>in</em></strong></span> <span class='ocrx_word' id='word_1_312' title='bbox 3116 1621 3354 1670; x_wconf 73' lang='lat' dir='ltr'><strong><em>exsulta-</em></strong></span> 
     </span>
    </p>
   </div>
   <div class='ocr_carea' id='block_1_45' title="bbox 1780 1705 3346 1778">
    <p class='ocr_par' dir='ltr' id='par_1_45' title="bbox 1780 1705 3346 1778">
     <span class='ocr_line' id='line_1_45' title="bbox 1780 1705 3346 1778; baseline 0.001 -19"><span class='ocrx_word' id='word_1_313' title='bbox 1780 1706 1918 1759; x_wconf 81' lang='lat' dir='ltr'><strong><em>tione</em></strong></span> <span class='ocrx_word' id='word_1_314' title='bbox 1945 1714 2156 1766; x_wconf 71' lang='lat' dir='ltr'><strong><em>metant.</em></strong></span> <span class='ocrx_word' id='word_1_315' title='bbox 2185 1715 2290 1759; x_wconf 89' lang='lat' dir='ltr'><strong><em>etc.</em></strong></span> <span class='ocrx_word' id='word_1_316' title='bbox 2327 1705 2426 1772; x_wconf 86' lang='lat' dir='ltr'><strong><em>Qui</em></strong></span> <span class='ocrx_word' id='word_1_317' title='bbox 2463 1721 2584 1760; x_wconf 91' lang='lat' dir='ltr'><strong><em>cum</em></strong></span> <span class='ocrx_word' id='word_1_318' title='bbox 2629 1706 2814 1762; x_wconf 86' lang='lat' dir='ltr'><strong><em>labore</em></strong></span> <span class='ocrx_word' id='word_1_319' title='bbox 2843 1719 2898 1760; x_wconf 89' lang='lat' dir='ltr'><strong><em>et</em></strong></span> <span class='ocrx_word' id='word_1_320' title='bbox 2935 1708 3188 1778; x_wconf 83' lang='lat' dir='ltr'><strong><em>lacrymis</em></strong></span> <span class='ocrx_word' id='word_1_321' title='bbox 3219 1723 3346 1778; x_wconf 91' lang='lat' dir='ltr'><strong><em>ope-</em></strong></span> 
     </span>
    </p>
   </div>
   <div class='ocr_carea' id='block_1_46' title="bbox 1781 1799 3348 1871">
    <p class='ocr_par' dir='ltr' id='par_1_46' title="bbox 1781 1799 3348 1871">
     <span class='ocr_line' id='line_1_46' title="bbox 1781 1799 3348 1871; baseline 0.001 -17"><span class='ocrx_word' id='word_1_322' title='bbox 1781 1809 1995 1864; x_wconf 88' lang='lat' dir='ltr'><strong><em>rantur,</em></strong></span> <span class='ocrx_word' id='word_1_323' title='bbox 2027 1799 2077 1853; x_wconf 91' lang='lat' dir='ltr'><strong><em>in</em></strong></span> <span class='ocrx_word' id='word_1_324' title='bbox 2111 1801 2367 1870; x_wconf 87' lang='lat' dir='ltr'><strong><em>lacrymis</em></strong></span> <span class='ocrx_word' id='word_1_325' title='bbox 2394 1801 2698 1866; x_wconf 88' lang='lat' dir='ltr'><strong><em>semiuant;</em></strong></span> <span class='ocrx_word' id='word_1_326' title='bbox 2747 1803 2836 1870; x_wconf 86' lang='lat' dir='ltr'><strong><em>qui</em></strong></span> <span class='ocrx_word' id='word_1_327' title='bbox 2865 1817 2992 1856; x_wconf 84' lang='lat' dir='ltr'><strong><em>vero</em></strong></span> <span class='ocrx_word' id='word_1_328' title='bbox 3031 1804 3239 1871; x_wconf 80' lang='lat' dir='ltr'><strong><em>absque</em></strong></span> <span class='ocrx_word' id='word_1_329' title='bbox 3273 1802 3348 1856; x_wconf 86' lang='lat' dir='ltr'><strong><em>la-</em></strong></span> 
     </span>
    </p>
   </div>
   <div class='ocr_carea' id='block_1_47' title="bbox 1778 1893 3347 1965">
    <p class='ocr_par' dir='ltr' id='par_1_47' title="bbox 1778 1893 3347 1965">
     <span class='ocr_line' id='line_1_47' title="bbox 1778 1893 3347 1965; baseline 0 -17"><span class='ocrx_word' id='word_1_330' title='bbox 1778 1893 1910 1948; x_wconf 88' lang='lat' dir='ltr'><strong><em>bore</em></strong></span> <span class='ocrx_word' id='word_1_331' title='bbox 1939 1895 2182 1948; x_wconf 74' lang='lat' dir='ltr'><strong><em>scientia:</em></strong></span> <span class='ocrx_word' id='word_1_332' title='bbox 2212 1894 2338 1949; x_wconf 79' lang='lat' dir='ltr'><strong><em>iacti</em></strong></span> <span class='ocrx_word' id='word_1_333' title='bbox 2371 1905 2498 1948; x_wconf 90' lang='lat' dir='ltr'><strong><em>sunt</em></strong></span> <span class='ocrx_word' id='word_1_334' title='bbox 2531 1896 2819 1965; x_wconf 84' lang='lat' dir='ltr'><strong><em>participes</em></strong></span> <span class='ocrx_word' id='word_1_335' title='bbox 2844 1937 2859 1962; x_wconf 90' lang='lat'><strong><em>,</em></strong></span> <span class='ocrx_word' id='word_1_336' title='bbox 2900 1898 2952 1950; x_wconf 91' lang='lat' dir='ltr'><strong><em>in</em></strong></span> <span class='ocrx_word' id='word_1_337' title='bbox 2982 1895 3347 1960; x_wconf 76' lang='lat' dir='ltr'><strong><em>exsultatione</em></strong></span> 
     </span>
    </p>
   </div>
   <div class='ocr_carea' id='block_1_48' title="bbox 1777 1993 2002 2044">
    <p class='ocr_par' dir='ltr' id='par_1_48' title="bbox 1777 1993 2002 2044">
     <span class='ocr_line' id='line_1_48' title="bbox 1777 1993 2002 2044; baseline 0.013 -4"><span class='ocrx_word' id='word_1_338' title='bbox 1777 1993 2002 2044; x_wconf 82' lang='lat' dir='ltr'><strong><em>metent.</em></strong></span> 
     </span>
    </p>
   </div>
   <div class='ocr_carea' id='block_1_49' title="bbox 2271 2159 2862 2222">
    <p class='ocr_par' dir='ltr' id='par_1_49' title="bbox 2271 2159 2862 2222">
     <span class='ocr_line' id='line_1_49' title="bbox 2271 2159 2862 2222; baseline -0.014 -1"><span class='ocrx_word' id='word_1_339' title='bbox 2271 2163 2595 2222; x_wconf 78' lang='lat' dir='ltr'><strong><em>PSALMUS</em></strong></span> <span class='ocrx_word' id='word_1_340' title='bbox 2627 2159 2862 2218; x_wconf 77' lang='lat' dir='ltr'><strong><em>CXXVI.</em></strong></span> 
     </span>
    </p>
   </div>
   <div class='ocr_carea' id='block_1_50' title="bbox 1853 2249 3350 2323">
    <p class='ocr_par' dir='ltr' id='par_1_50' title="bbox 1853 2249 3350 2323">
     <span class='ocr_line' id='line_1_50' title="bbox 1853 2249 3350 2323; baseline -0.016 -1"><span class='ocrx_word' id='word_1_341' title='bbox 1853 2265 2020 2322; x_wconf 72' lang='lat' dir='ltr'><strong><em>Vens.</em></strong></span> <span class='ocrx_word' id='word_1_342' title='bbox 2053 2265 2104 2320; x_wconf 78' lang='grc'><strong><em>1.</em></strong></span> <span class='ocrx_word' id='word_1_343' title='bbox 2161 2262 2287 2317; x_wconf 80' lang='lat' dir='ltr'><strong><em>Nisi</em></strong></span> <span class='ocrx_word' id='word_1_344' title='bbox 2334 2261 2592 2314; x_wconf 83' lang='lat' dir='ltr'><strong><em>Dominus</em></strong></span> <span class='ocrx_word' id='word_1_345' title='bbox 2643 2253 2978 2323; x_wconf 76' lang='lat' dir='ltr'><strong><em>mdiﬁeaverit</em></strong></span> <span class='ocrx_word' id='word_1_346' title='bbox 3013 2250 3258 2310; x_wconf 81' lang='lat' dir='ltr'><strong><em>domum,</em></strong></span> <span class='ocrx_word' id='word_1_347' title='bbox 3287 2249 3350 2298; x_wconf 77' lang='lat' dir='ltr'><strong><em>in</em></strong></span> 
     </span>
    </p>
   </div>
   <div class='ocr_carea' id='block_1_51' title="bbox 1784 2339 3348 2423">
    <p class='ocr_par' dir='ltr' id='par_1_51' title="bbox 1784 2339 3348 2423">
     <span class='ocr_line' id='line_1_51' title="bbox 1784 2339 3348 2423; baseline -0.015 -8"><span class='ocrx_word' id='word_1_348' title='bbox 1784 2375 1982 2415; x_wconf 82' lang='lat' dir='ltr'><strong><em>vanum</em></strong></span> <span class='ocrx_word' id='word_1_349' title='bbox 2035 2358 2402 2410; x_wconf 74' lang='lat' dir='ltr'><strong><em>laboraret-unt</em></strong></span> <span class='ocrx_word' id='word_1_350' title='bbox 2447 2353 2538 2423; x_wconf 83' lang='lat' dir='ltr'><strong><em>qui</em></strong></span> <span class='ocrx_word' id='word_1_351' title='bbox 2579 2349 2868 2417; x_wconf 63' lang='lat' dir='ltr'><strong><em>aediﬁcant.</em></strong></span> <span class='ocrx_word' id='word_1_352' title='bbox 2919 2339 3040 2398; x_wconf 79' lang='lat' dir='ltr'><strong><em>Nisi</em></strong></span> <span class='ocrx_word' id='word_1_353' title='bbox 3092 2342 3348 2396; x_wconf 67' lang='lat' dir='ltr'><strong><em>Dominus</em></strong></span> 
     </span>
    </p>
   </div>
   <div class='ocr_carea' id='block_1_52' title="bbox 1789 2436 3351 2513">
    <p class='ocr_par' dir='ltr' id='par_1_52' title="bbox 1789 2436 3351 2513">
     <span class='ocr_line' id='line_1_52' title="bbox 1789 2436 3351 2513; baseline -0.015 -4"><span class='ocrx_word' id='word_1_354' title='bbox 1789 2450 2102 2509; x_wconf 80' lang='lat' dir='ltr'><strong><em>custodierit</em></strong></span> <span class='ocrx_word' id='word_1_355' title='bbox 2149 2449 2448 2512; x_wconf 79' lang='lat' dir='ltr'><strong><em>civitatem,</em></strong></span> <span class='ocrx_word' id='word_1_356' title='bbox 2496 2445 2695 2513; x_wconf 78' lang='lat' dir='ltr'><strong><em>frustra</em></strong></span> <span class='ocrx_word' id='word_1_357' title='bbox 2735 2439 2914 2511; x_wconf 79' lang='lat' dir='ltr'><strong><em>vigilat</em></strong></span> <span class='ocrx_word' id='word_1_358' title='bbox 2957 2437 3046 2509; x_wconf 88' lang='lat' dir='ltr'><strong><em>qui</em></strong></span> <span class='ocrx_word' id='word_1_359' title='bbox 3099 2436 3351 2498; x_wconf 78' lang='lat' dir='ltr'><strong><em>custodit,</em></strong></span> 
     </span>
    </p>
   </div>
   <div class='ocr_carea' id='block_1_53' title="bbox 1785 2527 3354 2598">
    <p class='ocr_par' dir='ltr' id='par_1_53' title="bbox 1785 2527 3354 2598">
     <span class='ocr_line' id='line_1_53' title="bbox 1785 2527 3354 2598; baseline -0.011 -4"><span class='ocrx_word' id='word_1_360' title='bbox 1785 2549 1896 2594; x_wconf 89' lang='lat' dir='ltr'><strong><em>etc.</em></strong></span> <span class='ocrx_word' id='word_1_361' title='bbox 1930 2537 2197 2594; x_wconf 89' lang='lat' dir='ltr'><strong><em>Utendum</em></strong></span> <span class='ocrx_word' id='word_1_362' title='bbox 2228 2537 2314 2590; x_wconf 85' lang='lat' dir='ltr'><strong><em>bis</em></strong></span> <span class='ocrx_word' id='word_1_363' title='bbox 2369 2533 2549 2588; x_wconf 84' lang='lat' dir='ltr'><strong><em>verbis</em></strong></span> <span class='ocrx_word' id='word_1_364' title='bbox 2597 2541 2784 2586; x_wconf 82' lang='lat' dir='ltr'><strong><em>contra</em></strong></span> <span class='ocrx_word' id='word_1_365' title='bbox 2843 2529 3104 2598; x_wconf 86' lang='lat' dir='ltr'><strong><em>superbas</em></strong></span> <span class='ocrx_word' id='word_1_366' title='bbox 3155 2527 3354 2595; x_wconf 81' lang='lat' dir='ltr'><strong><em>cogita-</em></strong></span> 
     </span>
    </p>
   </div>
   <div class='ocr_carea' id='block_1_54' title="bbox 1784 2619 3348 2690">
    <p class='ocr_par' dir='ltr' id='par_1_54' title="bbox 1784 2619 3348 2690">
     <span class='ocr_line' id='line_1_54' title="bbox 1784 2619 3348 2690; baseline -0.008 -6"><span class='ocrx_word' id='word_1_367' title='bbox 1784 2633 1980 2686; x_wconf 79' lang='lat' dir='ltr'><strong><em>tiones.</em></strong></span> <span class='ocrx_word' id='word_1_368' title='bbox 2011 2629 2123 2684; x_wconf 83' lang='lat' dir='ltr'><strong><em>Nisi</em></strong></span> <span class='ocrx_word' id='word_1_369' title='bbox 2155 2627 2409 2686; x_wconf 88' lang='lat' dir='ltr'><strong><em>Dominus</em></strong></span> <span class='ocrx_word' id='word_1_370' title='bbox 2439 2623 2797 2680; x_wconf 68' lang='lat' dir='ltr'><strong><em>aadilicaverit</em></strong></span> <span class='ocrx_word' id='word_1_371' title='bbox 2841 2638 2996 2677; x_wconf 87' lang='lat' dir='ltr'><strong><em>suum</em></strong></span> <span class='ocrx_word' id='word_1_372' title='bbox 3029 2619 3348 2690; x_wconf 85' lang='lat' dir='ltr'><strong><em>impertiens</em></strong></span> 
     </span>
    </p>
   </div>
   <div class='ocr_carea' id='block_1_55' title="bbox 1783 2714 3191 2786">
    <p class='ocr_par' dir='ltr' id='par_1_55' title="bbox 1783 2714 3191 2786">
     <span class='ocr_line' id='line_1_55' title="bbox 1783 2714 3191 2786; baseline -0.006 -10"><span class='ocrx_word' id='word_1_373' title='bbox 1783 2723 2061 2786; x_wconf 84' lang='lat' dir='ltr'><strong><em>auxilium,</em></strong></span> <span class='ocrx_word' id='word_1_374' title='bbox 2097 2722 2148 2774; x_wconf 90' lang='lat' dir='ltr'><strong><em>in</em></strong></span> <span class='ocrx_word' id='word_1_375' title='bbox 2186 2735 2381 2774; x_wconf 78' lang='lat' dir='ltr'><strong><em>vamtm</em></strong></span> <span class='ocrx_word' id='word_1_376' title='bbox 2412 2720 2798 2774; x_wconf 79' lang='lat' dir='ltr'><strong><em>laboraverunt.</em></strong></span> <span class='ocrx_word' id='word_1_377' title='bbox 2831 2714 3191 2770; x_wconf 66' lang='lat' dir='ltr'><strong><em>aedificantes.</em></strong></span> 
     </span>
    </p>
   </div>
   <div class='ocr_carea' id='block_1_56' title="bbox 1851 2889 3354 2970">
    <p class='ocr_par' dir='ltr' id='par_1_56' title="bbox 1851 2889 3354 2970">
     <span class='ocr_line' id='line_1_56' title="bbox 1851 2889 3354 2970; baseline -0.011 -14"><span class='ocrx_word' id='word_1_378' title='bbox 1851 2897 2018 2970; x_wconf 77' lang='lat'><strong><em>826</em></strong></span> <span class='ocrx_word' id='word_1_379' title='bbox 2074 2897 2349 2968; x_wconf 83' lang='lat' dir='ltr'><strong><em>Ejusdem.</em></strong></span> <span class='ocrx_word' id='word_1_380' title='bbox 2381 2895 2622 2950; x_wconf 86' lang='lat' dir='ltr'><strong><em>Primum</em></strong></span> <span class='ocrx_word' id='word_1_381' title='bbox 2663 2911 2682 2944; x_wconf 75' lang='grc' dir='ltr'><strong><em>ι</em></strong></span> <span class='ocrx_word' id='word_1_382' title='bbox 2740 2891 3032 2947; x_wconf 68' lang='lat' dir='ltr'><strong><em>ardilicavit</em></strong></span> <span class='ocrx_word' id='word_1_383' title='bbox 3091 2889 3354 2942; x_wconf 83' lang='lat' dir='ltr'><strong><em>Dominus</em></strong></span> 
     </span>
    </p>
   </div>
   <div class='ocr_carea' id='block_1_57' title="bbox 1787 2981 3351 3062">
    <p class='ocr_par' dir='ltr' id='par_1_57' title="bbox 1787 2981 3351 3062">
     <span class='ocr_line' id='line_1_57' title="bbox 1787 2981 3351 3062; baseline -0.006 -16"><span class='ocrx_word' id='word_1_384' title='bbox 1787 2981 1991 3047; x_wconf 84' lang='lat' dir='ltr'><strong><em>costam</em></strong></span> <span class='ocrx_word' id='word_1_385' title='bbox 2022 3008 2190 3062; x_wconf 88' lang='lat' dir='ltr'><strong><em>quam</em></strong></span> <span class='ocrx_word' id='word_1_386' title='bbox 2241 2989 2450 3058; x_wconf 91' lang='lat' dir='ltr'><strong><em>accepit</em></strong></span> <span class='ocrx_word' id='word_1_387' title='bbox 2499 2989 2568 3042; x_wconf 90' lang='lat' dir='ltr'><strong><em>de</em></strong></span> <span class='ocrx_word' id='word_1_388' title='bbox 2597 2987 2766 3040; x_wconf 86' lang='lat' dir='ltr'><strong><em>Adam</em></strong></span> <span class='ocrx_word' id='word_1_389' title='bbox 2820 2986 2874 3040; x_wconf 91' lang='lat' dir='ltr'><strong><em>in</em></strong></span> <span class='ocrx_word' id='word_1_390' title='bbox 2911 2981 3285 3037; x_wconf 69' lang='lat' dir='ltr'><strong><em>mulierem“:</em></strong></span> <span class='ocrx_word' id='word_1_391' title='bbox 3327 2997 3351 3036; x_wconf 74' lang='grc' dir='ltr'><strong><em>ι</em></strong></span> 
     </span>
    </p>
   </div>
   <div class='ocr_carea' id='block_1_58' title="bbox 104 3071 1680 3167">
    <p class='ocr_par' dir='ltr' id='par_1_58' title="bbox 104 3093 1680 3167">
     <span class='ocr_line' id='line_1_58' title="bbox 104 3093 1680 3167; baseline 0.003 -21"><span class='ocrx_word' id='word_1_392' title='bbox 104 3093 166 3158; x_wconf 76' lang='grc' dir='ltr'>ὃς</span> <span class='ocrx_word' id='word_1_393' title='bbox 193 3095 314 3146; x_wconf 70' lang='grc' dir='ltr'><strong><em>ἐπεὶ</em></strong></span> <span class='ocrx_word' id='word_1_394' title='bbox 348 3095 422 3166; x_wconf 81' lang='grc' dir='ltr'>μὴ</span> <span class='ocrx_word' id='word_1_395' title='bbox 452 3094 766 3167; x_wconf 75' lang='grc' dir='ltr'><strong><em>ᾠκοδόμησε</em></strong></span> <span class='ocrx_word' id='word_1_396' title='bbox 797 3095 933 3164; x_wconf 78' lang='grc' dir='ltr'>μετὰ</span> <span class='ocrx_word' id='word_1_397' title='bbox 967 3094 1060 3146; x_wconf 87' lang='grc' dir='ltr'><strong><em>τοῦ</em></strong></span> <span class='ocrx_word' id='word_1_398' title='bbox 1105 3095 1244 3146; x_wconf 81' lang='grc' dir='ltr'><strong><em>Κάῖν</em></strong></span> <span class='ocrx_word' id='word_1_399' title='bbox 1277 3096 1680 3167; x_wconf 78' lang='grc' dir='ltr'>οἰκοδομοῦντος</span> 
     </span>
    </p>
   </div>
   <div class='ocr_carea' id='block_1_59' title="bbox 1797 3071 3350 3167">
    <p class='ocr_par' dir='ltr' id='par_1_59' title="bbox 1797 3075 3350 3156">
     <span class='ocr_line' id='line_1_59' title="bbox 1797 3075 3350 3156; baseline -0.009 -17"><span class='ocrx_word' id='word_1_400' title='bbox 1797 3086 1882 3156; x_wconf 82' lang='lat' dir='ltr'><strong><em>qui</em></strong></span> <span class='ocrx_word' id='word_1_401' title='bbox 1935 3086 2190 3156; x_wconf 91' lang='lat' dir='ltr'><strong><em>quoniam</em></strong></span> <span class='ocrx_word' id='word_1_402' title='bbox 2245 3099 2349 3138; x_wconf 85' lang='lat' dir='ltr'><strong><em>non</em></strong></span> <span class='ocrx_word' id='word_1_403' title='bbox 2383 3079 2671 3136; x_wconf 71' lang='lat' dir='ltr'><strong><em>tediiicavit</em></strong></span> <span class='ocrx_word' id='word_1_404' title='bbox 2699 3093 2820 3133; x_wconf 91' lang='lat' dir='ltr'><strong><em>cum</em></strong></span> <span class='ocrx_word' id='word_1_405' title='bbox 2859 3075 3033 3132; x_wconf 88' lang='lat' dir='ltr'><strong><em>Caino</em></strong></span> <span class='ocrx_word' id='word_1_406' title='bbox 3074 3075 3350 3131; x_wconf 85' lang='lat' dir='ltr'><strong><em>civitatem</em></strong></span> 
     </span>
    </p>
   </div>
   <div class='ocr_carea' id='block_1_60' title="bbox 104 3186 1686 3260">
    <p class='ocr_par' dir='ltr' id='par_1_60' title="bbox 104 3186 1686 3260">
     <span class='ocr_line' id='line_1_60' title="bbox 104 3186 1686 3260; baseline 0.004 -22"><span class='ocrx_word' id='word_1_407' title='bbox 104 3187 200 3239; x_wconf 72' lang='grc' dir='ltr'><strong><em>ἐπὶ</em></strong></span> <span class='ocrx_word' id='word_1_408' title='bbox 231 3187 308 3257; x_wconf 82' lang='grc' dir='ltr'>τῷ</span> <span class='ocrx_word' id='word_1_409' title='bbox 337 3187 559 3258; x_wconf 80' lang='grc' dir='ltr'>ὀνόματι</span> <span class='ocrx_word' id='word_1_410' title='bbox 587 3187 679 3240; x_wconf 88' lang='grc' dir='ltr'><strong><em>τοῦ</em></strong></span> <span class='ocrx_word' id='word_1_411' title='bbox 710 3188 825 3240; x_wconf 86' lang='grc' dir='ltr'>υἱοῦ</span> <span class='ocrx_word' id='word_1_412' title='bbox 863 3187 1026 3240; x_wconf 82' lang='grc' dir='ltr'>αὑτοῦ</span> <span class='ocrx_word' id='word_1_413' title='bbox 1067 3186 1236 3258; x_wconf 83' lang='grc' dir='ltr'>Ἑνὼχ</span> <span class='ocrx_word' id='word_1_414' title='bbox 1269 3188 1442 3254; x_wconf 81' lang='grc' dir='ltr'>πόλιν,</span> <span class='ocrx_word' id='word_1_415' title='bbox 1467 3190 1546 3252; x_wconf 84' lang='grc' dir='ltr'><strong><em>εἰς</em></strong></span> <span class='ocrx_word' id='word_1_416' title='bbox 1591 3189 1686 3260; x_wconf 82' lang='grc' dir='ltr'><strong><em>μά-</em></strong></span> 
     </span>
    </p>
   </div>
   <div class='ocr_carea' id='block_1_61' title="bbox 99 3278 1686 3353">
    <p class='ocr_par' dir='ltr' id='par_1_61' title="bbox 99 3278 1686 3353">
     <span class='ocr_line' id='line_1_61' title="bbox 99 3278 1686 3353; baseline 0 -19"><span class='ocrx_word' id='word_1_417' title='bbox 99 3295 206 3351; x_wconf 85' lang='grc' dir='ltr'><strong><em>την</em></strong></span> <span class='ocrx_word' id='word_1_418' title='bbox 237 3279 528 3333; x_wconf 70' lang='grc' dir='ltr'>ἐκοπίασεν</span> <span class='ocrx_word' id='word_1_419' title='bbox 552 3279 580 3330; x_wconf 84' lang='grc' dir='ltr'><strong>ὁ</strong></span> <span class='ocrx_word' id='word_1_420' title='bbox 607 3279 902 3351; x_wconf 80' lang='grc' dir='ltr'>οἰκοδομῶν</span> <span class='ocrx_word' id='word_1_421' title='bbox 931 3278 1090 3332; x_wconf 83' lang='grc' dir='ltr'>Κὰῖν.</span> <span class='ocrx_word' id='word_1_422' title='bbox 1128 3279 1288 3332; x_wconf 74' lang='grc' dir='ltr'><strong><em>Ἀλλὰ</em></strong></span> <span class='ocrx_word' id='word_1_423' title='bbox 1323 3279 1414 3332; x_wconf 75' lang='grc' dir='ltr'><strong><em>καὶ</em></strong></span> <span class='ocrx_word' id='word_1_424' title='bbox 1445 3282 1496 3333; x_wconf 87' lang='lat' dir='ltr'><strong><em>oi.</em></strong></span> <span class='ocrx_word' id='word_1_425' title='bbox 1533 3283 1686 3353; x_wconf 84' lang='grc' dir='ltr'>κινή-</span> 
     </span>
    </p>
   </div>
   <div class='ocr_carea' id='block_1_62' title="bbox 101 3370 1686 3436">
    <p class='ocr_par' dir='ltr' id='par_1_62' title="bbox 101 3370 1686 3436">
     <span class='ocr_line' id='line_1_62' title="bbox 101 3370 1686 3436; baseline 0 -10"><span class='ocrx_word' id='word_1_426' title='bbox 101 3388 298 3436; x_wconf 74' lang='grc' dir='ltr'>σαντες</span> <span class='ocrx_word' id='word_1_427' title='bbox 339 3373 434 3426; x_wconf 85' lang='grc' dir='ltr'><strong><em>ἀπ’</em></strong></span> <span class='ocrx_word' id='word_1_428' title='bbox 472 3372 768 3436; x_wconf 81' lang='grc' dir='ltr'>ἀνατολῶν,</span> <span class='ocrx_word' id='word_1_429' title='bbox 797 3373 891 3425; x_wconf 76' lang='grc' dir='ltr'>καὶ</span> <span class='ocrx_word' id='word_1_430' title='bbox 923 3370 1186 3435; x_wconf 86' lang='grc' dir='ltr'>εἰπόντες,</span> <span class='ocrx_word' id='word_1_431' title='bbox 1221 3391 1238 3422; x_wconf 76' lang='grc' dir='ltr'><strong><em>ι</em></strong></span> <span class='ocrx_word' id='word_1_432' title='bbox 1269 3371 1452 3434; x_wconf 81' lang='grc' dir='ltr'><strong><em>Δεῦτε,</em></strong></span> <span class='ocrx_word' id='word_1_433' title='bbox 1485 3373 1686 3426; x_wconf 83' lang='grc' dir='ltr'>οἰκοδο-</span> 
     </span>
    </p>
   </div>
   <div class='ocr_carea' id='block_1_63' title="bbox 100 3463 1684 3540">
    <p class='ocr_par' dir='ltr' id='par_1_63' title="bbox 100 3463 1684 3540">
     <span class='ocr_line' id='line_1_63' title="bbox 100 3463 1684 3540; baseline -0.001 -20"><span class='ocrx_word' id='word_1_434' title='bbox 100 3468 373 3540; x_wconf 83' lang='grc' dir='ltr'>μήσωμεν</span> <span class='ocrx_word' id='word_1_435' title='bbox 425 3467 638 3529; x_wconf 81' lang='grc' dir='ltr'>ἑαυτοῖς</span> <span class='ocrx_word' id='word_1_436' title='bbox 683 3463 837 3518; x_wconf 82' lang='grc' dir='ltr'>πόλιν</span> <span class='ocrx_word' id='word_1_437' title='bbox 876 3465 970 3517; x_wconf 74' lang='grc' dir='ltr'>κα).</span> <span class='ocrx_word' id='word_1_438' title='bbox 1003 3464 1233 3535; x_wconf 73' lang='grc' dir='ltr'>πύργον,</span> <span class='ocrx_word' id='word_1_439' title='bbox 1265 3485 1281 3515; x_wconf 72' lang='grc' dir='ltr'><strong><em>ι</em></strong></span> <span class='ocrx_word' id='word_1_440' title='bbox 1333 3465 1508 3536; x_wconf 85' lang='grc' dir='ltr'>μάτην</span> <span class='ocrx_word' id='word_1_441' title='bbox 1561 3467 1684 3520; x_wconf 77' lang='grc' dir='ltr'><strong><em>ἐκο-</em></strong></span> 
     </span>
    </p>
   </div>
   <div class='ocr_carea' id='block_1_64' title="bbox 97 3556 1686 3630">
    <p class='ocr_par' dir='ltr' id='par_1_64' title="bbox 97 3556 1686 3630">
     <span class='ocr_line' id='line_1_64' title="bbox 97 3556 1686 3630; baseline -0.003 -16"><span class='ocrx_word' id='word_1_442' title='bbox 97 3560 310 3614; x_wconf 88' lang='grc' dir='ltr'>πίασαν</span> <span class='ocrx_word' id='word_1_443' title='bbox 344 3558 776 3630; x_wconf 85' lang='grc' dir='ltr'>οἰκοδομοῦντες,</span> <span class='ocrx_word' id='word_1_444' title='bbox 810 3556 932 3609; x_wconf 68' lang='grc' dir='ltr'><strong><em>ἐπεὶ</em></strong></span> <span class='ocrx_word' id='word_1_445' title='bbox 977 3556 1050 3627; x_wconf 79' lang='grc' dir='ltr'>μὴ</span> <span class='ocrx_word' id='word_1_446' title='bbox 1100 3556 1462 3627; x_wconf 75' lang='grc' dir='ltr'>συνῳκοδὸμει</span> <span class='ocrx_word' id='word_1_447' title='bbox 1502 3559 1686 3620; x_wconf 76' lang='grc' dir='ltr'>αὐτοῖς</span> 
     </span>
    </p>
   </div>
   <div class='ocr_carea' id='block_1_65' title="bbox 95 3648 1682 3724">
    <p class='ocr_par' dir='ltr' id='par_1_65' title="bbox 95 3648 1682 3724">
     <span class='ocr_line' id='line_1_65' title="bbox 95 3648 1682 3724; baseline -0.004 -16"><span class='ocrx_word' id='word_1_448' title='bbox 95 3652 332 3724; x_wconf 79' lang='grc' dir='ltr'>Κύριος.</span> <span class='ocrx_word' id='word_1_449' title='bbox 383 3650 706 3717; x_wconf 59' lang='grc' dir='ltr'>Ἐστένλξαν</span> <span class='ocrx_word' id='word_1_450' title='bbox 734 3651 799 3709; x_wconf 79' lang='grc' dir='ltr'><strong><em>δ’,</em></strong></span> <span class='ocrx_word' id='word_1_451' title='bbox 826 3648 998 3721; x_wconf 81' lang='grc' dir='ltr'>οἶμαι,</span> <span class='ocrx_word' id='word_1_452' title='bbox 1034 3651 1272 3722; x_wconf 78' lang='grc' dir='ltr'>Ἐῦραῖοι</span> <span class='ocrx_word' id='word_1_453' title='bbox 1315 3653 1372 3702; x_wconf 83' lang='grc' dir='ltr'>ὲν</span> <span class='ocrx_word' id='word_1_454' title='bbox 1401 3651 1682 3722; x_wconf 61' lang='grc' dir='ltr'><strong><em>Αἰγύπτιε),</em></strong></span> 
     </span>
    </p>
   </div>
   <div class='ocr_carea' id='block_1_66' title="bbox 93 3744 1686 3820">
    <p class='ocr_par' dir='ltr' id='par_1_66' title="bbox 93 3744 1686 3820">
     <span class='ocr_line' id='line_1_66' title="bbox 93 3744 1686 3820; baseline -0.003 -18"><span class='ocrx_word' id='word_1_455' title='bbox 93 3748 184 3812; x_wconf 73' lang='grc' dir='ltr'>ὡς</span> <span class='ocrx_word' id='word_1_456' title='bbox 219 3749 394 3820; x_wconf 82' lang='grc' dir='ltr'>μάτην</span> <span class='ocrx_word' id='word_1_457' title='bbox 425 3748 482 3800; x_wconf 83' lang='grc' dir='ltr'>ὲν</span> <span class='ocrx_word' id='word_1_458' title='bbox 508 3744 586 3817; x_wconf 83' lang='grc' dir='ltr'>τῷ</span> <span class='ocrx_word' id='word_1_459' title='bbox 620 3745 920 3818; x_wconf 70' lang='grc' dir='ltr'>οἰκοδομεῖν</span> <span class='ocrx_word' id='word_1_460' title='bbox 953 3745 1272 3809; x_wconf 78' lang='grc' dir='ltr'><strong><em>κοπιῶντες,</em></strong></span> <span class='ocrx_word' id='word_1_461' title='bbox 1303 3744 1425 3799; x_wconf 69' lang='grc' dir='ltr'><strong><em>ἐπεὶ</em></strong></span> <span class='ocrx_word' id='word_1_462' title='bbox 1471 3745 1544 3816; x_wconf 81' lang='grc' dir='ltr'>μὴ</span> <span class='ocrx_word' id='word_1_463' title='bbox 1573 3744 1686 3798; x_wconf 78' lang='grc' dir='ltr'><strong><em>Κῦ-</em></strong></span> 
     </span>
    </p>
   </div>
   <div class='ocr_carea' id='block_1_67' title="bbox 99 3840 874 3916">
    <p class='ocr_par' dir='ltr' id='par_1_67' title="bbox 99 3840 874 3916">
     <span class='ocr_line' id='line_1_67' title="bbox 99 3840 874 3916; baseline -0.006 -21"><span class='ocrx_word' id='word_1_464' title='bbox 99 3860 226 3916; x_wconf 83' lang='grc' dir='ltr'>ριος</span> <span class='ocrx_word' id='word_1_465' title='bbox 257 3842 521 3912; x_wconf 77' lang='grc' dir='ltr'><strong><em>ᾠκοδόμει</em></strong></span> <span class='ocrx_word' id='word_1_466' title='bbox 549 3843 644 3894; x_wconf 77' lang='grc' dir='ltr'>σὺν</span> <span class='ocrx_word' id='word_1_467' title='bbox 671 3840 874 3904; x_wconf 69' lang='grc' dir='ltr'>αὐτοῖς.</span> 
     </span>
    </p>
   </div>
   <div class='ocr_carea' id='block_1_68' title="bbox 183 3925 1686 4002">
    <p class='ocr_par' dir='ltr' id='par_1_68' title="bbox 183 3925 1686 4002">
     <span class='ocr_line' id='line_1_68' title="bbox 183 3925 1686 4002; baseline -0.003 -14"><span class='ocrx_word' id='word_1_468' title='bbox 183 3935 294 3988; x_wconf 81' lang='grc' dir='ltr'><strong><em>Τοῦ</em></strong></span> <span class='ocrx_word' id='word_1_469' title='bbox 324 3934 527 3988; x_wconf 80' lang='grc' dir='ltr'>αὐτοῦ.</span> <span class='ocrx_word' id='word_1_470' title='bbox 573 3933 676 3986; x_wconf 81' lang='grc' dir='ltr'><strong><em>Τὸν</em></strong></span> <span class='ocrx_word' id='word_1_471' title='bbox 713 3933 771 3984; x_wconf 74' lang='grc' dir='ltr'>ἐν</span> <span class='ocrx_word' id='word_1_472' title='bbox 810 3929 1159 4002; x_wconf 76' lang='grc' dir='ltr'>Ἰερουσαλὴμ</span> <span class='ocrx_word' id='word_1_473' title='bbox 1202 3929 1312 4000; x_wconf 75' lang='grc'>(85)</span> <span class='ocrx_word' id='word_1_474' title='bbox 1359 3925 1506 3984; x_wconf 81' lang='grc' dir='ltr'>οἶκον</span> <span class='ocrx_word' id='word_1_475' title='bbox 1543 3932 1686 3984; x_wconf 86' lang='grc' dir='ltr'>οἰκο-</span> 
     </span>
    </p>
   </div>
   <div class='ocr_carea' id='block_1_69' title="bbox 89 4022 1686 4096">
    <p class='ocr_par' dir='ltr' id='par_1_69' title="bbox 89 4022 1686 4096">
     <span class='ocr_line' id='line_1_69' title="bbox 89 4022 1686 4096; baseline -0.003 -15"><span class='ocrx_word' id='word_1_476' title='bbox 89 4025 396 4096; x_wconf 79' lang='grc' dir='ltr'>δομοῦντες</span> <span class='ocrx_word' id='word_1_477' title='bbox 436 4029 610 4096; x_wconf 67' lang='grc' dir='ltr'>μάτην</span> <span class='ocrx_word' id='word_1_478' title='bbox 648 4024 978 4078; x_wconf 80' lang='grc' dir='ltr'>ὲκοπίασαν’</span> <span class='ocrx_word' id='word_1_479' title='bbox 1016 4023 1096 4077; x_wconf 77' lang='grc' dir='ltr'>διὸ</span> <span class='ocrx_word' id='word_1_480' title='bbox 1141 4022 1454 4095; x_wconf 77' lang='grc' dir='ltr'>καθηρέθη·</span> <span class='ocrx_word' id='word_1_481' title='bbox 1488 4023 1588 4076; x_wconf 82' lang='grc' dir='ltr'>οὐκ</span> <span class='ocrx_word' id='word_1_482' title='bbox 1619 4022 1686 4076; x_wconf 82' lang='grc' dir='ltr'>ἂν</span> 
     </span>
    </p>
   </div>
   <div class='ocr_carea' id='block_1_70' title="bbox 93 4112 1685 4190">
    <p class='ocr_par' dir='ltr' id='par_1_70' title="bbox 93 4112 1685 4190">
     <span class='ocr_line' id='line_1_70' title="bbox 93 4112 1685 4190; baseline -0.003 -17"><span class='ocrx_word' id='word_1_483' title='bbox 93 4119 408 4190; x_wconf 77' lang='grc' dir='ltr'>καθηρὲθη,</span> <span class='ocrx_word' id='word_1_484' title='bbox 432 4119 480 4171; x_wconf 92' lang='grc' dir='ltr'><strong><em>εἰ</em></strong></span> <span class='ocrx_word' id='word_1_485' title='bbox 512 4117 712 4188; x_wconf 78' lang='grc' dir='ltr'>Κύριος</span> <span class='ocrx_word' id='word_1_486' title='bbox 743 4115 902 4170; x_wconf 80' lang='grc' dir='ltr'>αὑτὸν</span> <span class='ocrx_word' id='word_1_487' title='bbox 933 4115 1294 4186; x_wconf 81' lang='grc' dir='ltr'>ᾠκοδομήκει.</span> <span class='ocrx_word' id='word_1_488' title='bbox 1323 4116 1426 4170; x_wconf 83' lang='grc' dir='ltr'><strong><em>Τὸν</em></strong></span> <span class='ocrx_word' id='word_1_489' title='bbox 1454 4115 1510 4168; x_wconf 84' lang='grc' dir='ltr'>δὲ</span> <span class='ocrx_word' id='word_1_490' title='bbox 1537 4112 1685 4168; x_wconf 78' lang='grc' dir='ltr'>οἶκον</span> 
     </span>
    </p>
   </div>
   <div class='ocr_carea' id='block_1_71' title="bbox 89 4207 1688 4279">
    <p class='ocr_par' dir='ltr' id='par_1_71' title="bbox 89 4207 1688 4279">
     <span class='ocr_line' id='line_1_71' title="bbox 89 4207 1688 4279; baseline -0.004 -14"><span class='ocrx_word' id='word_1_491' title='bbox 89 4213 200 4266; x_wconf 81' lang='grc' dir='ltr'><strong><em>τοῦ</em></strong></span> <span class='ocrx_word' id='word_1_492' title='bbox 233 4211 389 4275; x_wconf 85' lang='grc' dir='ltr'>Θεοῦ,</span> <span class='ocrx_word' id='word_1_493' title='bbox 432 4211 558 4264; x_wconf 84' lang='grc' dir='ltr'>ὄντα</span> <span class='ocrx_word' id='word_1_494' title='bbox 595 4210 919 4279; x_wconf 78' lang='grc' dir='ltr'>Ἐκκλησίαν</span> <span class='ocrx_word' id='word_1_495' title='bbox 963 4209 1150 4272; x_wconf 81' lang='grc' dir='ltr'>αὐτοῦ,</span> <span class='ocrx_word' id='word_1_496' title='bbox 1195 4211 1242 4261; x_wconf 81' lang='grc' dir='ltr'>οἱ</span> <span class='ocrx_word' id='word_1_497' title='bbox 1281 4207 1688 4278; x_wconf 79' lang='grc' dir='ltr'>οἰκοδομοῦντες</span> 
     </span>
    </p>
   </div>
   <div class='ocr_carea' id='block_1_72' title="bbox 89 4299 1686 4376">
    <p class='ocr_par' dir='ltr' id='par_1_72' title="bbox 89 4299 1686 4376">
     <span class='ocr_line' id='line_1_72' title="bbox 89 4299 1686 4376; baseline -0.004 -19"><span class='ocrx_word' id='word_1_498' title='bbox 89 4304 392 4359; x_wconf 74' lang='grc' dir='ltr'>ἀπόστολοι</span> <span class='ocrx_word' id='word_1_499' title='bbox 428 4303 686 4376; x_wconf 85' lang='grc' dir='ltr'>Χριστοῦ,</span> <span class='ocrx_word' id='word_1_500' title='bbox 728 4303 821 4356; x_wconf 78' lang='grc' dir='ltr'>καὶ</span> <span class='ocrx_word' id='word_1_501' title='bbox 853 4303 900 4355; x_wconf 87' lang='grc' dir='ltr'>οἱ</span> <span class='ocrx_word' id='word_1_502' title='bbox 941 4300 1259 4371; x_wconf 80' lang='grc' dir='ltr'>τεταγμένοι</span> <span class='ocrx_word' id='word_1_503' title='bbox 1285 4299 1376 4352; x_wconf 82' lang='grc' dir='ltr'><strong><em>ὑπ’</em></strong></span> <span class='ocrx_word' id='word_1_504' title='bbox 1417 4299 1580 4354; x_wconf 74' lang='grc' dir='ltr'>αὐτοῦ</span> <span class='ocrx_word' id='word_1_505' title='bbox 1611 4299 1686 4351; x_wconf 88' lang='grc' dir='ltr'>δι-</span> 
     </span>
    </p>
   </div>
   <div class='ocr_carea' id='block_1_73' title="bbox 89 4393 1686 4468">
    <p class='ocr_par' dir='ltr' id='par_1_73' title="bbox 89 4393 1686 4468">
     <span class='ocr_line' id='line_1_73' title="bbox 89 4393 1686 4468; baseline -0.005 -16"><span class='ocrx_word' id='word_1_506' title='bbox 89 4397 390 4460; x_wconf 72' lang='grc' dir='ltr'>δάσκαλοι,</span> <span class='ocrx_word' id='word_1_507' title='bbox 434 4398 492 4450; x_wconf 80' lang='grc' dir='ltr'><strong><em>οὐ</em></strong></span> <span class='ocrx_word' id='word_1_508' title='bbox 543 4397 716 4468; x_wconf 82' lang='grc' dir='ltr'>μάτην</span> <span class='ocrx_word' id='word_1_509' title='bbox 769 4396 1102 4450; x_wconf 78' lang='grc' dir='ltr'>ὲκοπίασαν·</span> <span class='ocrx_word' id='word_1_510' title='bbox 1139 4397 1342 4465; x_wconf 78' lang='grc' dir='ltr'>Κύριος</span> <span class='ocrx_word' id='word_1_511' title='bbox 1372 4393 1480 4464; x_wconf 72' lang='grc' dir='ltr'>γὰρ</span> <span class='ocrx_word' id='word_1_512' title='bbox 1523 4393 1686 4445; x_wconf 80' lang='grc' dir='ltr'>αὑτὸν</span> 
     </span>
    </p>
   </div>
   <div class='ocr_carea' id='block_1_74' title="bbox 87 4481 1684 4563">
    <p class='ocr_par' dir='ltr' id='par_1_74' title="bbox 87 4481 1684 4563">
     <span class='ocr_line' id='line_1_74' title="bbox 87 4481 1684 4563; baseline -0.006 -19"><span class='ocrx_word' id='word_1_513' title='bbox 87 4491 442 4563; x_wconf 79' lang='grc' dir='ltr'>ᾠκοδόμησε.</span> <span class='ocrx_word' id='word_1_514' title='bbox 491 4489 599 4542; x_wconf 75' lang='grc' dir='ltr'><strong><em>Καὶ</em></strong></span> <span class='ocrx_word' id='word_1_515' title='bbox 646 4487 820 4550; x_wconf 75' lang='grc' dir='ltr'>ἄλλως</span> <span class='ocrx_word' id='word_1_516' title='bbox 879 4487 935 4539; x_wconf 79' lang='grc' dir='ltr'>δὲ</span> <span class='ocrx_word' id='word_1_517' title='bbox 987 4481 1134 4538; x_wconf 77' lang='grc' dir='ltr'>οἷκον</span> <span class='ocrx_word' id='word_1_518' title='bbox 1199 4484 1570 4554; x_wconf 77' lang='grc' dir='ltr'>οἰκοδομοῦσιν</span> <span class='ocrx_word' id='word_1_519' title='bbox 1623 4483 1684 4536; x_wconf 80' lang='grc' dir='ltr'>οὐ</span> 
     </span>
    </p>
   </div>
   <div class='ocr_carea' id='block_1_75' title="bbox 93 4577 1685 4658">
    <p class='ocr_par' dir='ltr' id='par_1_75' title="bbox 93 4577 1685 4658">
     <span class='ocr_line' id='line_1_75' title="bbox 93 4577 1685 4658; baseline -0.008 -19"><span class='ocrx_word' id='word_1_520' title='bbox 93 4585 250 4658; x_wconf 71' lang='grc' dir='ltr'>μετὰ</span> <span class='ocrx_word' id='word_1_521' title='bbox 282 4583 488 4655; x_wconf 80' lang='grc' dir='ltr'>Κυρίου</span> <span class='ocrx_word' id='word_1_522' title='bbox 534 4584 582 4634; x_wconf 86' lang='grc' dir='ltr'>οἱ</span> <span class='ocrx_word' id='word_1_523' title='bbox 631 4577 949 4652; x_wconf 79' lang='grc' dir='ltr'>ἑτερόδοξοι,</span> <span class='ocrx_word' id='word_1_524' title='bbox 997 4579 1096 4650; x_wconf 81' lang='grc' dir='ltr'>τὴν</span> <span class='ocrx_word' id='word_1_525' title='bbox 1139 4577 1464 4648; x_wconf 74' lang='grc' dir='ltr'>Ἐκκλησίαν</span> <span class='ocrx_word' id='word_1_526' title='bbox 1517 4593 1685 4645; x_wconf 84' lang='grc' dir='ltr'>πονη-</span> 
     </span>
    </p>
   </div>
   <div class='ocr_carea' id='block_1_76' title="bbox 91 4667 1684 4750">
    <p class='ocr_par' dir='ltr' id='par_1_76' title="bbox 91 4667 1684 4750">
     <span class='ocr_line' id='line_1_76' title="bbox 91 4667 1684 4750; baseline -0.006 -21"><span class='ocrx_word' id='word_1_527' title='bbox 91 4675 417 4750; x_wconf 73' lang='grc' dir='ltr'>ρευομὲνων</span> <span class='ocrx_word' id='word_1_528' title='bbox 440 4693 454 4706; x_wconf 88' lang='grc'>·</span> <span class='ocrx_word' id='word_1_529' title='bbox 492 4673 572 4726; x_wconf 85' lang='grc' dir='ltr'>διὸ</span> <span class='ocrx_word' id='word_1_530' title='bbox 617 4674 696 4735; x_wconf 87' lang='grc' dir='ltr'><strong><em>εἰς</em></strong></span> <span class='ocrx_word' id='word_1_531' title='bbox 730 4671 906 4742; x_wconf 82' lang='grc' dir='ltr'>μάτην</span> <span class='ocrx_word' id='word_1_532' title='bbox 953 4669 1270 4722; x_wconf 83' lang='grc' dir='ltr'>ὲκοπίασαν.</span> <span class='ocrx_word' id='word_1_533' title='bbox 1331 4667 1560 4738; x_wconf 85' lang='grc' dir='ltr'>Ὁμοίως</span> <span class='ocrx_word' id='word_1_534' title='bbox 1590 4667 1684 4720; x_wconf 74' lang='grc' dir='ltr'>καὶ</span> 
     </span>
    </p>
   </div>
   <div class='ocr_carea' id='block_1_77' title="bbox 101 4769 382 4826">
    <p class='ocr_par' dir='ltr' id='par_1_77' title="bbox 101 4769 382 4826">
     <span class='ocr_line' id='line_1_77' title="bbox 101 4769 382 4826; baseline -0.011 0"><span class='ocrx_word' id='word_1_535' title='bbox 101 4769 382 4826; x_wconf 77' lang='grc' dir='ltr'>Ἰουδαῖοι.</span> 
     </span>
    </p>
   </div>
   <div class='ocr_carea' id='block_1_78' title="bbox 181 4851 1680 4928">
    <p class='ocr_par' dir='ltr' id='par_1_78' title="bbox 181 4851 1680 4928">
     <span class='ocr_line' id='line_1_78' title="bbox 181 4851 1680 4928; baseline -0.009 -11"><span class='ocrx_word' id='word_1_536' title='bbox 181 4863 293 4918; x_wconf 77' lang='grc' dir='ltr'>Τοῦ</span> <span class='ocrx_word' id='word_1_537' title='bbox 342 4862 546 4917; x_wconf 80' lang='grc' dir='ltr'>αὑτοῦ.</span> <span class='ocrx_word' id='word_1_538' title='bbox 593 4859 707 4928; x_wconf 76' lang='grc' dir='ltr'>Ἐφ’</span> <span class='ocrx_word' id='word_1_539' title='bbox 735 4858 856 4911; x_wconf 76' lang='grc' dir='ltr'>ὅσον</span> <span class='ocrx_word' id='word_1_540' title='bbox 907 4853 1018 4926; x_wconf 82' lang='grc'>(86)</span> <span class='ocrx_word' id='word_1_541' title='bbox 1051 4851 1196 4918; x_wconf 79' lang='grc' dir='ltr'>οἶκός</span> <span class='ocrx_word' id='word_1_542' title='bbox 1247 4857 1392 4907; x_wconf 78' lang='grc' dir='ltr'>ἐστιν</span> <span class='ocrx_word' id='word_1_543' title='bbox 1437 4851 1680 4924; x_wconf 75' lang='grc' dir='ltr'>ἡψυχὴ,</span> 
     </span>
    </p>
   </div>
   <div class='ocr_carea' id='block_1_79' title="bbox 87 4947 1685 5027">
    <p class='ocr_par' dir='ltr' id='par_1_79' title="bbox 87 4947 1685 5027">
     <span class='ocr_line' id='line_1_79' title="bbox 87 4947 1685 5027; baseline -0.009 -14"><span class='ocrx_word' id='word_1_544' title='bbox 87 4961 180 5022; x_wconf 82' lang='grc' dir='ltr'>ὡς</span> <span class='ocrx_word' id='word_1_545' title='bbox 234 4956 622 5027; x_wconf 83' lang='grc' dir='ltr'>οἰκοδεσπότην</span> <span class='ocrx_word' id='word_1_546' title='bbox 677 4951 790 5024; x_wconf 82' lang='grc' dir='ltr'>ἔχει</span> <span class='ocrx_word' id='word_1_547' title='bbox 834 4954 891 5004; x_wconf 82' lang='grc' dir='ltr'>ὲν</span> <span class='ocrx_word' id='word_1_548' title='bbox 925 4951 1090 5021; x_wconf 75' lang='grc' dir='ltr'>ἑαυτῇ</span> <span class='ocrx_word' id='word_1_549' title='bbox 1135 4949 1227 5001; x_wconf 86' lang='grc' dir='ltr'>τὸν</span> <span class='ocrx_word' id='word_1_550' title='bbox 1277 4948 1441 5000; x_wconf 85' lang='grc' dir='ltr'>Θεόν·</span> <span class='ocrx_word' id='word_1_551' title='bbox 1492 4947 1587 5000; x_wconf 78' lang='grc' dir='ltr'><strong><em>ἐὰν</em></strong></span> <span class='ocrx_word' id='word_1_552' title='bbox 1627 4947 1685 5000; x_wconf 82' lang='grc' dir='ltr'>δὲ</span> 
     </span>
    </p>
   </div>
   <div class='ocr_carea' id='block_1_80' title="bbox 87 5037 1686 5123">
    <p class='ocr_par' dir='ltr' id='par_1_80' title="bbox 87 5037 1686 5123">
     <span class='ocr_line' id='line_1_80' title="bbox 87 5037 1686 5123; baseline -0.007 -21"><span class='ocrx_word' id='word_1_553' title='bbox 87 5055 334 5123; x_wconf 74' lang='grc' dir='ltr'>γένηται</span> <span class='ocrx_word' id='word_1_554' title='bbox 366 5048 510 5114; x_wconf 74' lang='grc' dir='ltr'>ναὸς,</span> <span class='ocrx_word' id='word_1_555' title='bbox 555 5047 630 5111; x_wconf 85' lang='grc' dir='ltr'>ὡς</span> <span class='ocrx_word' id='word_1_556' title='bbox 671 5045 802 5098; x_wconf 77' lang='grc' dir='ltr'>Θεὸν</span> <span class='ocrx_word' id='word_1_557' title='bbox 831 5043 1143 5115; x_wconf 81' lang='grc' dir='ltr'>ὑπάρχοντα</span> <span class='ocrx_word' id='word_1_558' title='bbox 1182 5041 1294 5112; x_wconf 82' lang='grc' dir='ltr'>ἔχει</span> <span class='ocrx_word' id='word_1_559' title='bbox 1328 5043 1384 5094; x_wconf 83' lang='grc' dir='ltr'>ἐν</span> <span class='ocrx_word' id='word_1_560' title='bbox 1426 5040 1560 5110; x_wconf 83' lang='grc' dir='ltr'>αὑτῇ</span> <span class='ocrx_word' id='word_1_561' title='bbox 1595 5037 1686 5092; x_wconf 86' lang='grc' dir='ltr'>τὸν</span> 
     </span>
    </p>
   </div>
   <div class='ocr_carea' id='block_1_81' title="bbox 89 5133 1687 5224">
    <p class='ocr_par' dir='ltr' id='par_1_81' title="bbox 89 5133 1687 5224">
     <span class='ocr_line' id='line_1_81' title="bbox 89 5133 1687 5224; baseline -0.015 -15"><span class='ocrx_word' id='word_1_562' title='bbox 89 5151 379 5224; x_wconf 72' lang='grc' dir='ltr'>Χριστόν·</span> <span class='ocrx_word' id='word_1_563' title='bbox 424 5148 517 5202; x_wconf 69' lang='grc' dir='ltr'>καὶ</span> <span class='ocrx_word' id='word_1_564' title='bbox 564 5145 652 5200; x_wconf 74' lang='grc' dir='ltr'><strong><em>διὰ</em></strong></span> <span class='ocrx_word' id='word_1_565' title='bbox 699 5145 796 5214; x_wconf 78' lang='grc' dir='ltr'>μὲν</span> <span class='ocrx_word' id='word_1_566' title='bbox 835 5139 1143 5214; x_wconf 78' lang='grc' dir='ltr'>πρακτικῆς</span> <span class='ocrx_word' id='word_1_567' title='bbox 1193 5137 1386 5190; x_wconf 79' lang='grc' dir='ltr'>κτᾶται</span> <span class='ocrx_word' id='word_1_568' title='bbox 1429 5133 1504 5198; x_wconf 79' lang='grc' dir='ltr'>ὡς</span> <span class='ocrx_word' id='word_1_569' title='bbox 1543 5135 1687 5186; x_wconf 88' lang='grc' dir='ltr'>οἰκο-</span> 
     </span>
    </p>
   </div>
   <div class='ocr_carea' id='block_1_82' title="bbox 85 5225 1684 5315">
    <p class='ocr_par' dir='ltr' id='par_1_82' title="bbox 85 5225 1684 5315">
     <span class='ocr_line' id='line_1_82' title="bbox 85 5225 1684 5315; baseline -0.015 -15"><span class='ocrx_word' id='word_1_570' title='bbox 85 5243 374 5315; x_wconf 81' lang='grc' dir='ltr'>δεσπότην</span> <span class='ocrx_word' id='word_1_571' title='bbox 409 5239 590 5303; x_wconf 61' lang='lat' dir='ltr'><strong><em>eam,</em></strong></span> <span class='ocrx_word' id='word_1_572' title='bbox 621 5237 707 5290; x_wconf 76' lang='grc' dir='ltr'><strong><em>διὰ</em></strong></span> <span class='ocrx_word' id='word_1_573' title='bbox 747 5236 804 5288; x_wconf 74' lang='grc' dir='ltr'>δὲ</span> <span class='ocrx_word' id='word_1_574' title='bbox 847 5232 1083 5304; x_wconf 76' lang='grc' dir='ltr'>φυσικῆς</span> <span class='ocrx_word' id='word_1_575' title='bbox 1131 5227 1363 5300; x_wconf 79' lang='grc' dir='ltr'>θεωρίας</span> <span class='ocrx_word' id='word_1_576' title='bbox 1412 5226 1488 5289; x_wconf 79' lang='grc' dir='ltr'>ὡς</span> <span class='ocrx_word' id='word_1_577' title='bbox 1532 5225 1684 5295; x_wconf 78' lang='grc' dir='ltr'>βασι-ο</span> 
     </span>
    </p>
   </div>
   <div class='ocr_carea' id='block_1_83' title="bbox 87 5317 1686 5396">
    <p class='ocr_par' dir='ltr' id='par_1_83' title="bbox 87 5317 1686 5396">
     <span class='ocr_line' id='line_1_83' title="bbox 87 5317 1686 5396; baseline -0.015 -3"><span class='ocrx_word' id='word_1_578' title='bbox 87 5338 230 5393; x_wconf 81' lang='grc' dir='ltr'><strong><em>λέα·</em></strong></span> <span class='ocrx_word' id='word_1_579' title='bbox 279 5335 375 5390; x_wconf 75' lang='grc' dir='ltr'><strong><em>κα)⁸</em></strong></span> <span class='ocrx_word' id='word_1_580' title='bbox 417 5333 576 5388; x_wconf 82' lang='grc' dir='ltr'>πάλιν</span> <span class='ocrx_word' id='word_1_581' title='bbox 606 5329 692 5382; x_wconf 78' lang='grc' dir='ltr'><strong><em>διὰ</em></strong></span> <span class='ocrx_word' id='word_1_582' title='bbox 731 5325 1010 5396; x_wconf 80' lang='grc' dir='ltr'>Θεολογίας</span> <span class='ocrx_word' id='word_1_583' title='bbox 1043 5324 1118 5386; x_wconf 78' lang='grc' dir='ltr'>ὡς</span> <span class='ocrx_word' id='word_1_584' title='bbox 1146 5321 1298 5374; x_wconf 83' lang='grc' dir='ltr'>Θεόν.</span> <span class='ocrx_word' id='word_1_585' title='bbox 1339 5319 1447 5372; x_wconf 74' lang='grc' dir='ltr'><strong><em>Καὶ</em></strong></span> <span class='ocrx_word' id='word_1_586' title='bbox 1475 5317 1554 5388; x_wconf 83' lang='grc' dir='ltr'>τῷ</span> <span class='ocrx_word' id='word_1_587' title='bbox 1590 5317 1686 5389; x_wconf 76' lang='grc' dir='ltr'>μὲν</span> 
     </span>
    </p>
   </div>
   <div class='ocr_carea' id='block_1_84' title="bbox 177 5435 1671 5512">
    <p class='ocr_par' dir='ltr' id='par_1_84' title="bbox 177 5435 1671 5512">
     <span class='ocr_line' id='line_1_84' title="bbox 177 5435 1671 5512; baseline -0.013 -4"><span class='ocrx_word' id='word_1_588' title='bbox 177 5455 202 5487; x_wconf 82' lang='grc'>⁸</span> <span class='ocrx_word' id='word_1_589' title='bbox 239 5452 472 5507; x_wconf 86' lang='lat' dir='ltr'><strong><em>Baruch.</em></strong></span> <span class='ocrx_word' id='word_1_590' title='bbox 504 5465 587 5512; x_wconf 85' lang='lat' dir='ltr'>III,</span> <span class='ocrx_word' id='word_1_591' title='bbox 622 5447 712 5502; x_wconf 78' lang='grc'><strong><em>58.</em></strong></span> <span class='ocrx_word' id='word_1_592' title='bbox 787 5445 806 5476; x_wconf 86' lang='grc'><strong><em>⁹</em></strong></span> <span class='ocrx_word' id='word_1_593' title='bbox 828 5443 962 5499; x_wconf 85' lang='lat' dir='ltr'><strong><em>Gen.</em></strong></span> <span class='ocrx_word' id='word_1_594' title='bbox 991 5457 1062 5507; x_wconf 89' lang='lat' dir='ltr'><strong><em>tt,</em></strong></span> <span class='ocrx_word' id='word_1_595' title='bbox 1094 5439 1184 5492; x_wconf 69' lang='lat'><strong><em>22.</em></strong></span> <span class='ocrx_word' id='word_1_596' title='bbox 1275 5437 1319 5467; x_wconf 71' lang='grc'><strong><em>²⁰</em></strong></span> <span class='ocrx_word' id='word_1_597' title='bbox 1351 5435 1484 5490; x_wconf 85' lang='lat' dir='ltr'><strong>ibid.</strong></span> <span class='ocrx_word' id='word_1_598' title='bbox 1518 5450 1590 5500; x_wconf 74' lang='lat' dir='ltr'><strong><em>xl,</em></strong></span> <span class='ocrx_word' id='word_1_599' title='bbox 1617 5435 1671 5488; x_wconf 76' lang='grc'><strong><em>4.</em></strong></span> 
     </span>
    </p>
   </div>
   <div class='ocr_carea' id='block_1_85' title="bbox 172 5552 1332 5643">
    <p class='ocr_par' dir='ltr' id='par_1_85' title="bbox 172 5552 1332 5643">
     <span class='ocr_line' id='line_1_85' title="bbox 172 5552 1332 5643; baseline -0.016 -19"><span class='ocrx_word' id='word_1_600' title='bbox 172 5569 291 5643; x_wconf 75' lang='lat' dir='ltr'><strong><em>(SD)</em></strong></span> <span class='ocrx_word' id='word_1_601' title='bbox 320 5565 481 5643; x_wconf 72' lang='grc' dir='ltr'>Μετὰ</span> <span class='ocrx_word' id='word_1_602' title='bbox 505 5562 706 5643; x_wconf 46' lang='grc' dir='ltr'>ταῦτα,</span> <span class='ocrx_word' id='word_1_603' title='bbox 735 5570 840 5643; x_wconf 78' lang='lat' dir='ltr'><strong><em>etc.</em></strong></span> <span class='ocrx_word' id='word_1_604' title='bbox 873 5555 1097 5643; x_wconf 50' lang='lat' dir='ltr'><strong><em>ScliIeda:</em></strong></span> <span class='ocrx_word' id='word_1_605' title='bbox 1126 5552 1332 5643; x_wconf 44' lang='lat' dir='ltr'><strong><em>Gltzabii.</em></strong></span> 
     </span>
    </p>
   </div>
   <div class='ocr_carea' id='block_1_86' title="bbox 170 5622 1436 5710">
    <p class='ocr_par' dir='ltr' id='par_1_86' title="bbox 170 5622 1436 5710">
     <span class='ocr_line' id='line_1_86' title="bbox 170 5622 1436 5710; baseline -0.014 -17"><span class='ocrx_word' id='word_1_606' title='bbox 170 5622 291 5710; x_wconf 49' lang='lat'><strong><em>(‘81,,</em></strong></span> <span class='ocrx_word' id='word_1_607' title='bbox 321 5632 762 5710; x_wconf 37' lang='lat' dir='ltr'><strong><em>‘Arweépm‘yér,</em></strong></span> <span class='ocrx_word' id='word_1_608' title='bbox 797 5641 902 5710; x_wconf 57' lang='lat' dir='ltr'><strong><em>etc.</em></strong></span> <span class='ocrx_word' id='word_1_609' title='bbox 925 5629 1137 5710; x_wconf 48' lang='lat' dir='ltr'><strong><em>patent:</em></strong></span> <span class='ocrx_word' id='word_1_610' title='bbox 1166 5622 1436 5710; x_wconf 64' lang='lat' dir='ltr'><strong><em>Gortlerii.</em></strong></span> 
     </span>
    </p>
   </div>
   <div class='ocr_carea' id='block_1_87' title="bbox 172 5693 1301 5780">
    <p class='ocr_par' dir='ltr' id='par_1_87' title="bbox 172 5693 1301 5780">
     <span class='ocr_line' id='line_1_87' title="bbox 172 5693 1301 5780; baseline -0.012 -18"><span class='ocrx_word' id='word_1_611' title='bbox 172 5693 292 5780; x_wconf 59' lang='grc'>(82)</span> <span class='ocrx_word' id='word_1_612' title='bbox 325 5713 385 5764; x_wconf 86' lang='grc' dir='ltr'><strong><em>Οἱ</em></strong></span> <span class='ocrx_word' id='word_1_613' title='bbox 416 5693 684 5780; x_wconf 36' lang='grc' dir='ltr'><strong><em>μὲνίτήῖπ,</em></strong></span> <span class='ocrx_word' id='word_1_614' title='bbox 702 5715 814 5780; x_wconf 55' lang='lat' dir='ltr'><strong><em>fle.</em></strong></span> <span class='ocrx_word' id='word_1_615' title='bbox 850 5693 1301 5780; x_wconf 59' lang='lat' dir='ltr'><strong><em>S_cheda:§rabii.</em></strong></span> 
     </span>
    </p>
   </div>
   <div class='ocr_carea' id='block_1_88' title="bbox 171 5761 1553 5853">
    <p class='ocr_par' dir='ltr' id='par_1_88' title="bbox 171 5761 1553 5853">
     <span class='ocr_line' id='line_1_88' title="bbox 171 5761 1553 5853; baseline -0.013 -18"><span class='ocrx_word' id='word_1_616' title='bbox 171 5761 294 5853; x_wconf 61' lang='lat' dir='ltr'><strong><em>{si}</em></strong></span> <span class='ocrx_word' id='word_1_617' title='bbox 324 5761 629 5850; x_wconf 60' lang='grc' dir='ltr'><strong><em>Χρῆστέοί·</em></strong></span> <span class='ocrx_word' id='word_1_618' title='bbox 657 5761 734 5839; x_wconf 66' lang='grc' dir='ltr'><strong><em>ἐῷ</em></strong></span> <span class='ocrx_word' id='word_1_619' title='bbox 745 5769 925 5841; x_wconf 81' lang='grc' dir='ltr'>ῥητῷ,</span> <span class='ocrx_word' id='word_1_620' title='bbox 950 5781 1056 5823; x_wconf 86' lang='lat' dir='ltr'><strong><em>etc.</em></strong></span> <span class='ocrx_word' id='word_1_621' title='bbox 1084 5767 1308 5822; x_wconf 68' lang='lat' dir='ltr'><strong><em>Schedaa</em></strong></span> <span class='ocrx_word' id='word_1_622' title='bbox 1347 5761 1553 5818; x_wconf 87' lang='lat' dir='ltr'><strong><em>Grabii.</em></strong></span> 
     </span>
    </p>
   </div>
   <div class='ocr_carea' id='block_1_89' title="bbox 429 5865 1054 5937">
    <p class='ocr_par' dir='ltr' id='par_1_89' title="bbox 429 5865 1054 5937">
     <span class='ocr_line' id='line_1_89' title="bbox 429 5865 1054 5937; baseline -0.016 -1"><span class='ocrx_word' id='word_1_623' title='bbox 429 5881 698 5937; x_wconf 66' lang='lat' dir='ltr'><strong><em>l‘naor.</em></strong></span> <span class='ocrx_word' id='word_1_624' title='bbox 747 5871 864 5930; x_wconf 81' lang='lat' dir='ltr'><strong><em>Gn.</em></strong></span> <span class='ocrx_word' id='word_1_625' title='bbox 915 5865 1054 5927; x_wconf 77' lang='grc' dir='ltr'><strong><em>ΧΠ.</em></strong></span> 
     </span>
    </p>
   </div>
   <div class='ocr_carea' id='block_1_90' title="bbox 1791 3167 3354 3236">
    <p class='ocr_par' dir='ltr' id='par_1_90' title="bbox 1791 3167 3354 3236">
     <span class='ocr_line' id='line_1_90' title="bbox 1791 3167 3354 3236; baseline -0.01 -2"><span class='ocrx_word' id='word_1_626' title='bbox 1791 3179 1840 3233; x_wconf 89' lang='lat' dir='ltr'><strong><em>in</em></strong></span> <span class='ocrx_word' id='word_1_627' title='bbox 1869 3178 2087 3234; x_wconf 89' lang='lat' dir='ltr'><strong><em>nomine</em></strong></span> <span class='ocrx_word' id='word_1_628' title='bbox 2113 3177 2206 3230; x_wconf 84' lang='lat' dir='ltr'><strong><em>ﬁlii</em></strong></span> <span class='ocrx_word' id='word_1_629' title='bbox 2249 3175 2332 3230; x_wconf 90' lang='lat' dir='ltr'><strong><em>sui</em></strong></span> <span class='ocrx_word' id='word_1_630' title='bbox 2371 3175 2554 3229; x_wconf 86' lang='lat' dir='ltr'><strong><em>Enocb</em></strong></span> <span class='ocrx_word' id='word_1_631' title='bbox 2596 3173 2919 3236; x_wconf 54' lang='lat' dir='ltr'><strong><em>aediﬁcante,</em></strong></span> <span class='ocrx_word' id='word_1_632' title='bbox 2953 3170 3006 3224; x_wconf 90' lang='lat' dir='ltr'><strong><em>in</em></strong></span> <span class='ocrx_word' id='word_1_633' title='bbox 3038 3183 3238 3222; x_wconf 82' lang='lat' dir='ltr'><strong><em>vanum</em></strong></span> <span class='ocrx_word' id='word_1_634' title='bbox 3273 3167 3354 3220; x_wconf 82' lang='lat' dir='ltr'><strong><em>la-</em></strong></span> 
     </span>
    </p>
   </div>
   <div class='ocr_carea' id='block_1_91' title="bbox 1783 3260 3356 3330">
    <p class='ocr_par' dir='ltr' id='par_1_91' title="bbox 1783 3260 3356 3330">
     <span class='ocr_line' id='line_1_91' title="bbox 1783 3260 3356 3330; baseline -0.009 -2"><span class='ocrx_word' id='word_1_635' title='bbox 1783 3271 2001 3328; x_wconf 83' lang='lat' dir='ltr'><strong><em>boravit</em></strong></span> <span class='ocrx_word' id='word_1_636' title='bbox 2047 3270 2180 3326; x_wconf 85' lang='lat' dir='ltr'><strong><em>Cain</em></strong></span> <span class='ocrx_word' id='word_1_637' title='bbox 2240 3269 2517 3324; x_wconf 79' lang='lat' dir='ltr'><strong><em>auiilicans</em></strong></span> <span class='ocrx_word' id='word_1_638' title='bbox 2567 3280 2710 3322; x_wconf 87' lang='lat' dir='ltr'><strong><em>eam.</em></strong></span> <span class='ocrx_word' id='word_1_639' title='bbox 2763 3265 2869 3320; x_wconf 85' lang='lat' dir='ltr'><strong><em>Sed</em></strong></span> <span class='ocrx_word' id='word_1_640' title='bbox 2917 3271 2973 3319; x_wconf 87' lang='lat' dir='ltr'><strong><em>et</em></strong></span> <span class='ocrx_word' id='word_1_641' title='bbox 3031 3261 3084 3317; x_wconf 74' lang='lat' dir='ltr'><strong><em>lii</em></strong></span> <span class='ocrx_word' id='word_1_642' title='bbox 3137 3260 3230 3330; x_wconf 90' lang='lat' dir='ltr'><strong>qui</strong></span> <span class='ocrx_word' id='word_1_643' title='bbox 3286 3260 3356 3314; x_wconf 89' lang='lat' dir='ltr'><strong><em>ab</em></strong></span> 
     </span>
    </p>
   </div>
   <div class='ocr_carea' id='block_1_92' title="bbox 1784 3353 3358 3426">
    <p class='ocr_par' dir='ltr' id='par_1_92' title="bbox 1784 3353 3358 3426">
     <span class='ocr_line' id='line_1_92' title="bbox 1784 3353 3358 3426; baseline -0.008 -5"><span class='ocrx_word' id='word_1_644' title='bbox 1784 3366 1996 3422; x_wconf 88' lang='lat' dir='ltr'><strong><em>oriente</em></strong></span> <span class='ocrx_word' id='word_1_645' title='bbox 2028 3371 2316 3420; x_wconf 85' lang='lat' dir='ltr'><strong><em>moverunt</em></strong></span> <span class='ocrx_word' id='word_1_646' title='bbox 2341 3402 2358 3426; x_wconf 83' lang='lat'><strong><em>,</em></strong></span> <span class='ocrx_word' id='word_1_647' title='bbox 2388 3371 2444 3416; x_wconf 89' lang='lat' dir='ltr'><strong><em>et</em></strong></span> <span class='ocrx_word' id='word_1_648' title='bbox 2471 3359 2746 3426; x_wconf 79' lang='lat' dir='ltr'><strong><em>dixerunt,</em></strong></span> <span class='ocrx_word' id='word_1_649' title='bbox 2786 3354 3036 3411; x_wconf 72' lang='lat' dir='ltr'><strong><em>c&#39;V’enite</em></strong></span> <span class='ocrx_word' id='word_1_650' title='bbox 3065 3395 3080 3420; x_wconf 86' lang='lat'><strong><em>.</em></strong></span> <span class='ocrx_word' id='word_1_651' title='bbox 3123 3353 3358 3410; x_wconf 60' lang='lat' dir='ltr'><strong><em>adiace-</em></strong></span> 
     </span>
    </p>
   </div>
   <div class='ocr_carea' id='block_1_93' title="bbox 1784 3445 3356 3522">
    <p class='ocr_par' dir='ltr' id='par_1_93' title="bbox 1784 3445 3356 3522">
     <span class='ocr_line' id='line_1_93' title="bbox 1784 3445 3356 3522; baseline -0.008 -12"><span class='ocrx_word' id='word_1_652' title='bbox 1784 3471 1905 3510; x_wconf 86' lang='lat' dir='ltr'><strong><em>Inus</em></strong></span> <span class='ocrx_word' id='word_1_653' title='bbox 1937 3454 2343 3522; x_wconf 84' lang='lat' dir='ltr'><strong><em>nobismetipsis</em></strong></span> <span class='ocrx_word' id='word_1_654' title='bbox 2367 3453 2644 3507; x_wconf 83' lang='lat' dir='ltr'><strong><em>civitatem</em></strong></span> <span class='ocrx_word' id='word_1_655' title='bbox 2677 3459 2732 3505; x_wconf 88' lang='lat' dir='ltr'><strong><em>et</em></strong></span> <span class='ocrx_word' id='word_1_656' title='bbox 2779 3449 2971 3504; x_wconf 88' lang='lat' dir='ltr'><strong><em>turrim</em></strong></span> <span class='ocrx_word' id='word_1_657' title='bbox 3007 3447 3074 3514; x_wconf 71' lang='grc' dir='ltr'>η,</span> <span class='ocrx_word' id='word_1_658' title='bbox 3115 3464 3134 3498; x_wconf 75' lang='grc' dir='ltr'><strong><em>ι</em></strong></span> <span class='ocrx_word' id='word_1_659' title='bbox 3167 3445 3220 3500; x_wconf 90' lang='lat' dir='ltr'><strong><em>in</em></strong></span> <span class='ocrx_word' id='word_1_660' title='bbox 3255 3462 3356 3499; x_wconf 83' lang='lat' dir='ltr'><strong><em>va-</em></strong></span> 
     </span>
    </p>
   </div>
   <div class='ocr_carea' id='block_1_94' title="bbox 1785 3539 3352 3612">
    <p class='ocr_par' dir='ltr' id='par_1_94' title="bbox 1785 3539 3352 3612">
     <span class='ocr_line' id='line_1_94' title="bbox 1785 3539 3352 3612; baseline -0.008 -10"><span class='ocrx_word' id='word_1_661' title='bbox 1785 3565 1910 3602; x_wconf 88' lang='lat' dir='ltr'><strong><em>num</em></strong></span> <span class='ocrx_word' id='word_1_662' title='bbox 1939 3549 2319 3602; x_wconf 73' lang='lat' dir='ltr'><strong><em>laboraverunt</em></strong></span> <span class='ocrx_word' id='word_1_663' title='bbox 2359 3545 2708 3607; x_wconf 71' lang='lat' dir='ltr'><strong><em>mdilicantes,</em></strong></span> <span class='ocrx_word' id='word_1_664' title='bbox 2743 3543 2868 3612; x_wconf 82' lang='lat' dir='ltr'><strong><em>quia</em></strong></span> <span class='ocrx_word' id='word_1_665' title='bbox 2899 3555 3008 3595; x_wconf 76' lang='lat' dir='ltr'><strong><em>non</em></strong></span> <span class='ocrx_word' id='word_1_666' title='bbox 3046 3539 3206 3594; x_wconf 91' lang='lat' dir='ltr'><strong><em>simul</em></strong></span> <span class='ocrx_word' id='word_1_667' title='bbox 3229 3553 3352 3594; x_wconf 89' lang='lat' dir='ltr'><strong><em>cum</em></strong></span> 
     </span>
    </p>
   </div>
   <div class='ocr_carea' id='block_1_95' title="bbox 1785 3634 3358 3706">
    <p class='ocr_par' dir='ltr' id='par_1_95' title="bbox 1785 3634 3358 3706">
     <span class='ocr_line' id='line_1_95' title="bbox 1785 3634 3358 3706; baseline -0.006 -13"><span class='ocrx_word' id='word_1_668' title='bbox 1785 3641 1890 3694; x_wconf 88' lang='lat' dir='ltr'><strong><em>illis</em></strong></span> <span class='ocrx_word' id='word_1_669' title='bbox 1941 3640 2202 3694; x_wconf 88' lang='lat' dir='ltr'><strong><em>Dominus</em></strong></span> <span class='ocrx_word' id='word_1_670' title='bbox 2257 3639 2582 3694; x_wconf 65' lang='lat' dir='ltr'><strong><em>aediﬁcabat.</em></strong></span> <span class='ocrx_word' id='word_1_671' title='bbox 2637 3637 3062 3706; x_wconf 78' lang='lat' dir='ltr'><strong><em>lugemuerunt.</em></strong></span> <span class='ocrx_word' id='word_1_672' title='bbox 3120 3634 3358 3702; x_wconf 90' lang='lat' dir='ltr'><strong><em>opinor,</em></strong></span> 
     </span>
    </p>
   </div>
   <div class='ocr_carea' id='block_1_96' title="bbox 1783 3726 3361 3806">
    <p class='ocr_par' dir='ltr' id='par_1_96' title="bbox 1783 3726 3361 3806">
     <span class='ocr_line' id='line_1_96' title="bbox 1783 3726 3361 3806; baseline -0.008 -16"><span class='ocrx_word' id='word_1_673' title='bbox 1783 3731 1992 3790; x_wconf 67' lang='lat' dir='ltr'><strong><em>Hebraei</em></strong></span> <span class='ocrx_word' id='word_1_674' title='bbox 2029 3734 2082 3788; x_wconf 90' lang='lat' dir='ltr'><strong><em>in</em></strong></span> <span class='ocrx_word' id='word_1_675' title='bbox 2125 3732 2402 3806; x_wconf 69' lang='lat' dir='ltr'><strong><em>Egypto,</em></strong></span> <span class='ocrx_word' id='word_1_676' title='bbox 2451 3741 2640 3801; x_wconf 90' lang='lat' dir='ltr'><strong><em>utpote</em></strong></span> <span class='ocrx_word' id='word_1_677' title='bbox 2695 3729 2895 3784; x_wconf 83' lang='lat' dir='ltr'><strong><em>frustra</em></strong></span> <span class='ocrx_word' id='word_1_678' title='bbox 2930 3728 2982 3782; x_wconf 87' lang='lat' dir='ltr'><strong><em>in</em></strong></span> <span class='ocrx_word' id='word_1_679' title='bbox 3031 3726 3361 3781; x_wconf 69' lang='lat' dir='ltr'><strong><em>aediﬁcando</em></strong></span> 
     </span>
    </p>
   </div>
   <div class='ocr_carea' id='block_1_97' title="bbox 1781 3807 3353 3897">
    <p class='ocr_par' dir='ltr' id='par_1_97' title="bbox 1781 3807 3353 3897">
     <span class='ocr_line' id='line_1_97' title="bbox 1781 3807 3353 3897; baseline -0.006 -14"><span class='ocrx_word' id='word_1_680' title='bbox 1781 3826 2118 3891; x_wconf 84' lang='lat' dir='ltr'><strong><em>laborantes,</em></strong></span> <span class='ocrx_word' id='word_1_681' title='bbox 2155 3827 2280 3897; x_wconf 89' lang='lat' dir='ltr'><strong><em>quia</em></strong></span> <span class='ocrx_word' id='word_1_682' title='bbox 2333 3825 2590 3880; x_wconf 88' lang='lat' dir='ltr'><strong><em>Dominus</em></strong></span> <span class='ocrx_word' id='word_1_683' title='bbox 2616 3837 2722 3878; x_wconf 89' lang='lat' dir='ltr'><strong><em>non</em></strong></span> <span class='ocrx_word' id='word_1_684' title='bbox 2754 3820 3063 3876; x_wconf 75' lang='lat' dir='ltr'><strong><em>aediﬁcabat</em></strong></span> <span class='ocrx_word' id='word_1_685' title='bbox 3091 3807 3215 3873; x_wconf 84' lang='lat' dir='ltr'><strong><em>eum</em></strong></span> <span class='ocrx_word' id='word_1_686' title='bbox 3249 3817 3353 3873; x_wconf 79' lang='lat' dir='ltr'><strong><em>eis.</em></strong></span> 
     </span>
    </p>
   </div>
   <div class='ocr_carea' id='block_1_98' title="bbox 1855 3907 3356 3992">
    <p class='ocr_par' dir='ltr' id='par_1_98' title="bbox 1855 3907 3356 3992">
     <span class='ocr_line' id='line_1_98' title="bbox 1855 3907 3356 3992; baseline -0.011 -16"><span class='ocrx_word' id='word_1_687' title='bbox 1855 3919 2126 3992; x_wconf 80' lang='lat' dir='ltr'><strong><em>Ejusdem.</em></strong></span> <span class='ocrx_word' id='word_1_688' title='bbox 2159 3918 2259 3986; x_wconf 88' lang='lat' dir='ltr'><strong><em>Qui</em></strong></span> <span class='ocrx_word' id='word_1_689' title='bbox 2310 3917 2360 3971; x_wconf 90' lang='lat' dir='ltr'><strong><em>in</em></strong></span> <span class='ocrx_word' id='word_1_690' title='bbox 2399 3913 2701 3970; x_wconf 80' lang='lat' dir='ltr'><strong><em>Jerusalem</em></strong></span> <span class='ocrx_word' id='word_1_691' title='bbox 2735 3914 2958 3968; x_wconf 87' lang='lat' dir='ltr'><strong><em>domum</em></strong></span> <span class='ocrx_word' id='word_1_692' title='bbox 2987 3907 3356 3970; x_wconf 69' lang='lat' dir='ltr'><strong><em>aediﬁcabant,</em></strong></span> 
     </span>
    </p>
   </div>
   <div class='ocr_carea' id='block_1_99' title="bbox 1786 4005 3356 4075">
    <p class='ocr_par' dir='ltr' id='par_1_99' title="bbox 1786 4005 3356 4075">
     <span class='ocr_line' id='line_1_99' title="bbox 1786 4005 3356 4075; baseline -0.011 -7"><span class='ocrx_word' id='word_1_693' title='bbox 1786 4015 1838 4069; x_wconf 88' lang='lat' dir='ltr'><strong><em>in</em></strong></span> <span class='ocrx_word' id='word_1_694' title='bbox 1873 4028 2070 4067; x_wconf 78' lang='lat' dir='ltr'><strong><em>vatunn</em></strong></span> <span class='ocrx_word' id='word_1_695' title='bbox 2124 4011 2540 4070; x_wconf 83' lang='lat' dir='ltr'><strong><em>laboraverunt;</em></strong></span> <span class='ocrx_word' id='word_1_696' title='bbox 2601 4006 2956 4075; x_wconf 73' lang='lat' dir='ltr'><strong><em>quamobrem</em></strong></span> <span class='ocrx_word' id='word_1_697' title='bbox 3005 4013 3198 4058; x_wconf 74' lang='lat' dir='ltr'><strong><em>eversa</em></strong></span> <span class='ocrx_word' id='word_1_698' title='bbox 3247 4005 3356 4053; x_wconf 83' lang='lat' dir='ltr'><strong><em>est.</em></strong></span> 
     </span>
    </p>
   </div>
   <div class='ocr_carea' id='block_1_100' title="bbox 1787 4096 3356 4175">
    <p class='ocr_par' dir='ltr' id='par_1_100' title="bbox 1787 4096 3356 4175">
     <span class='ocr_line' id='line_1_100' title="bbox 1787 4096 3356 4175; baseline -0.01 -15"><span class='ocrx_word' id='word_1_699' title='bbox 1787 4106 2218 4175; x_wconf 85' lang='lat' dir='ltr'><strong><em>Haudquaquam</em></strong></span> <span class='ocrx_word' id='word_1_700' title='bbox 2254 4116 2450 4157; x_wconf 82' lang='lat' dir='ltr'><strong><em>eversa</em></strong></span> <span class='ocrx_word' id='word_1_701' title='bbox 2487 4101 2723 4164; x_wconf 84' lang='lat' dir='ltr'><strong><em>luisset,</em></strong></span> <span class='ocrx_word' id='word_1_702' title='bbox 2759 4099 2802 4152; x_wconf 89' lang='lat' dir='ltr'><strong><em>si</em></strong></span> <span class='ocrx_word' id='word_1_703' title='bbox 2839 4096 3102 4150; x_wconf 88' lang='lat' dir='ltr'><strong><em>Dominus</em></strong></span> <span class='ocrx_word' id='word_1_704' title='bbox 3132 4108 3251 4148; x_wconf 90' lang='lat' dir='ltr'><strong><em>eam</em></strong></span> <span class='ocrx_word' id='word_1_705' title='bbox 3279 4108 3356 4146; x_wconf 72' lang='lat' dir='ltr'><strong><em>a2-</em></strong></span> 
     </span>
    </p>
   </div>
   <div class='ocr_carea' id='block_1_101' title="bbox 1785 4185 3356 4263">
    <p class='ocr_par' dir='ltr' id='par_1_101' title="bbox 1785 4185 3356 4263">
     <span class='ocr_line' id='line_1_101' title="bbox 1785 4185 3356 4263; baseline -0.01 -10"><span class='ocrx_word' id='word_1_706' title='bbox 1785 4198 2076 4253; x_wconf 87' lang='lat' dir='ltr'><strong><em>dilicasset.</em></strong></span> <span class='ocrx_word' id='word_1_707' title='bbox 2108 4195 2210 4263; x_wconf 82' lang='lat' dir='ltr'><strong><em>Qui</em></strong></span> <span class='ocrx_word' id='word_1_708' title='bbox 2239 4205 2419 4251; x_wconf 84' lang='lat' dir='ltr'><strong><em>autem</em></strong></span> <span class='ocrx_word' id='word_1_709' title='bbox 2451 4195 2668 4250; x_wconf 89' lang='lat' dir='ltr'><strong><em>domum</em></strong></span> <span class='ocrx_word' id='word_1_710' title='bbox 2702 4193 2816 4258; x_wconf 85' lang='lat' dir='ltr'><strong><em>Dei,</em></strong></span> <span class='ocrx_word' id='word_1_711' title='bbox 2852 4206 2972 4261; x_wconf 71' lang='lat' dir='ltr'><strong><em>quae</em></strong></span> <span class='ocrx_word' id='word_1_712' title='bbox 3003 4197 3089 4243; x_wconf 90' lang='lat' dir='ltr'><strong><em>est</em></strong></span> <span class='ocrx_word' id='word_1_713' title='bbox 3117 4185 3356 4241; x_wconf 86' lang='lat' dir='ltr'><strong><em>Ecclesia</em></strong></span> 
     </span>
    </p>
   </div>
   <div class='ocr_carea' id='block_1_102' title="bbox 1785 4279 3357 4360">
    <p class='ocr_par' dir='ltr' id='par_1_102' title="bbox 1785 4279 3357 4360">
     <span class='ocr_line' id='line_1_102' title="bbox 1785 4279 3357 4360; baseline -0.011 -16"><span class='ocrx_word' id='word_1_714' title='bbox 1785 4289 1922 4360; x_wconf 87' lang='lat' dir='ltr'><strong><em>ejus,</em></strong></span> <span class='ocrx_word' id='word_1_715' title='bbox 1954 4290 2330 4355; x_wconf 66' lang='lat' dir='ltr'><strong><em>aedificarunt,</em></strong></span> <span class='ocrx_word' id='word_1_716' title='bbox 2365 4286 2599 4357; x_wconf 88' lang='lat' dir='ltr'><strong><em>apostoli</em></strong></span> <span class='ocrx_word' id='word_1_717' title='bbox 2634 4284 2858 4347; x_wconf 83' lang='lat' dir='ltr'><strong><em>Clu-isti,</em></strong></span> <span class='ocrx_word' id='word_1_718' title='bbox 2911 4291 2967 4336; x_wconf 83' lang='lat' dir='ltr'><strong><em>et</em></strong></span> <span class='ocrx_word' id='word_1_719' title='bbox 2997 4281 3087 4348; x_wconf 90' lang='lat' dir='ltr'><strong><em>qui</em></strong></span> <span class='ocrx_word' id='word_1_720' title='bbox 3139 4279 3208 4332; x_wconf 87' lang='lat' dir='ltr'><strong><em>ab</em></strong></span> <span class='ocrx_word' id='word_1_721' title='bbox 3239 4279 3357 4345; x_wconf 84' lang='lat' dir='ltr'><strong><em>ipso</em></strong></span> 
     </span>
    </p>
   </div>
   <div class='ocr_carea' id='block_1_103' title="bbox 1787 4371 3364 4450">
    <p class='ocr_par' dir='ltr' id='par_1_103' title="bbox 1787 4371 3364 4450">
     <span class='ocr_line' id='line_1_103' title="bbox 1787 4371 3364 4450; baseline -0.011 -10"><span class='ocrx_word' id='word_1_722' title='bbox 1787 4383 2076 4440; x_wconf 71' lang='lat' dir='ltr'><strong><em>constituti</em></strong></span> <span class='ocrx_word' id='word_1_723' title='bbox 2105 4392 2232 4438; x_wconf 92' lang='lat' dir='ltr'><strong><em>sunt</em></strong></span> <span class='ocrx_word' id='word_1_724' title='bbox 2263 4383 2538 4450; x_wconf 84' lang='lat' dir='ltr'><strong><em>doctores,</em></strong></span> <span class='ocrx_word' id='word_1_725' title='bbox 2568 4381 2790 4434; x_wconf 83' lang='lat' dir='ltr'><strong><em>minime</em></strong></span> <span class='ocrx_word' id='word_1_726' title='bbox 2826 4377 2876 4429; x_wconf 92' lang='lat' dir='ltr'><strong><em>in</em></strong></span> <span class='ocrx_word' id='word_1_727' title='bbox 2927 4389 3122 4428; x_wconf 83' lang='lat' dir='ltr'><strong><em>vanum</em></strong></span> <span class='ocrx_word' id='word_1_728' title='bbox 3151 4371 3364 4425; x_wconf 81' lang='lat' dir='ltr'><strong><em>labora-</em></strong></span> 
     </span>
    </p>
   </div>
   <div class='ocr_carea' id='block_1_104' title="bbox 1794 4486 2054 4532">
    <p class='ocr_par' dir='ltr' id='par_1_104' title="bbox 1794 4486 2054 4532">
     <span class='ocr_line' id='line_1_104' title="bbox 1794 4486 2054 4532; baseline 0.004 -2"><span class='ocrx_word' id='word_1_729' title='bbox 1794 4486 1990 4532; x_wconf 80' lang='lat' dir='ltr'><strong><em>verunt</em></strong></span> <span class='ocrx_word' id='word_1_730' title='bbox 2041 4496 2054 4531; x_wconf 90' lang='lat'><strong>:</strong></span> 
     </span>
    </p>
   </div>
   <div class='ocr_carea' id='block_1_105' title="bbox 1793 4559 3364 4634">
    <p class='ocr_par' dir='ltr' id='par_1_105' title="bbox 1793 4559 3364 4634">
     <span class='ocr_line' id='line_1_105' title="bbox 1793 4559 3364 4634; baseline -0.009 -10"><span class='ocrx_word' id='word_1_731' title='bbox 1793 4569 1956 4624; x_wconf 89' lang='lat' dir='ltr'><strong><em>etiam</em></strong></span> <span class='ocrx_word' id='word_1_732' title='bbox 1983 4609 2000 4634; x_wconf 95' lang='lat'><strong><em>,</em></strong></span> <span class='ocrx_word' id='word_1_733' title='bbox 2037 4578 2091 4622; x_wconf 91' lang='lat' dir='ltr'><strong><em>et</em></strong></span> <span class='ocrx_word' id='word_1_734' title='bbox 2124 4583 2228 4623; x_wconf 92' lang='lat' dir='ltr'><strong><em>non</em></strong></span> <span class='ocrx_word' id='word_1_735' title='bbox 2259 4583 2381 4623; x_wconf 92' lang='lat' dir='ltr'><strong><em>cum</em></strong></span> <span class='ocrx_word' id='word_1_736' title='bbox 2417 4566 2644 4621; x_wconf 90' lang='lat' dir='ltr'><strong><em>Domino</em></strong></span> <span class='ocrx_word' id='word_1_737' title='bbox 2673 4565 2890 4618; x_wconf 86' lang='lat' dir='ltr'><strong><em>domum</em></strong></span> <span class='ocrx_word' id='word_1_738' title='bbox 2917 4560 3187 4616; x_wconf 78' lang='lat' dir='ltr'><strong><em>:edilicant</em></strong></span> <span class='ocrx_word' id='word_1_739' title='bbox 3213 4559 3364 4612; x_wconf 83' lang='lat' dir='ltr'><strong><em>hete-</em></strong></span> 
     </span>
    </p>
   </div>
   <div class='ocr_carea' id='block_1_106' title="bbox 1793 4651 3361 4726">
    <p class='ocr_par' dir='ltr' id='par_1_106' title="bbox 1793 4651 3361 4726">
     <span class='ocr_line' id='line_1_106' title="bbox 1793 4651 3361 4726; baseline -0.008 -10"><span class='ocrx_word' id='word_1_740' title='bbox 1793 4663 2008 4726; x_wconf 82' lang='lat' dir='ltr'><strong><em>rodoxi,</em></strong></span> <span class='ocrx_word' id='word_1_741' title='bbox 2040 4660 2250 4716; x_wconf 84' lang='lat' dir='ltr'><strong><em>scilicet</em></strong></span> <span class='ocrx_word' id='word_1_742' title='bbox 2283 4660 2582 4715; x_wconf 87' lang='lat' dir='ltr'><strong><em>Ecclesiam</em></strong></span> <span class='ocrx_word' id='word_1_743' title='bbox 2613 4655 3024 4725; x_wconf 79' lang='lat' dir='ltr'><strong><em>malignantium</em></strong></span> <span class='ocrx_word' id='word_1_744' title='bbox 3053 4671 3068 4707; x_wconf 89' lang='lat'><strong>:</strong></span> <span class='ocrx_word' id='word_1_745' title='bbox 3100 4651 3361 4721; x_wconf 84' lang='lat' dir='ltr'><strong><em>quamob-</em></strong></span> 
     </span>
    </p>
   </div>
   <div class='ocr_carea' id='block_1_107' title="bbox 1792 4743 3259 4810">
    <p class='ocr_par' dir='ltr' id='par_1_107' title="bbox 1792 4743 3259 4810">
     <span class='ocr_line' id='line_1_107' title="bbox 1792 4743 3259 4810; baseline -0.01 1"><span class='ocrx_word' id='word_1_746' title='bbox 1792 4771 1904 4810; x_wconf 88' lang='lat' dir='ltr'><strong><em>rem</em></strong></span> <span class='ocrx_word' id='word_1_747' title='bbox 1935 4755 1988 4808; x_wconf 87' lang='lat' dir='ltr'><strong><em>in</em></strong></span> <span class='ocrx_word' id='word_1_748' title='bbox 2015 4769 2212 4808; x_wconf 79' lang='lat' dir='ltr'><strong><em>vanum</em></strong></span> <span class='ocrx_word' id='word_1_749' title='bbox 2243 4753 2650 4808; x_wconf 84' lang='lat' dir='ltr'><strong><em>laboraverunt.</em></strong></span> <span class='ocrx_word' id='word_1_750' title='bbox 2680 4749 2944 4805; x_wconf 80' lang='lat' dir='ltr'><strong><em>Similiter</em></strong></span> <span class='ocrx_word' id='word_1_751' title='bbox 2978 4755 3032 4801; x_wconf 88' lang='lat' dir='ltr'><strong><em>et</em></strong></span> <span class='ocrx_word' id='word_1_752' title='bbox 3063 4743 3259 4799; x_wconf 69' lang='lat' dir='ltr'><strong><em>Judaei.</em></strong></span> 
     </span>
    </p>
   </div>
   <div class='ocr_carea' id='block_1_108' title="bbox 1864 4842 3360 4916">
    <p class='ocr_par' dir='ltr' id='par_1_108' title="bbox 1864 4842 3360 4916">
     <span class='ocr_line' id='line_1_108' title="bbox 1864 4842 3360 4916; baseline -0.008 -16"><span class='ocrx_word' id='word_1_753' title='bbox 1864 4846 2137 4916; x_wconf 84' lang='lat' dir='ltr'><strong><em>Ejusdem.</em></strong></span> <span class='ocrx_word' id='word_1_754' title='bbox 2175 4847 2230 4900; x_wconf 89' lang='lat' dir='ltr'><strong><em>In</em></strong></span> <span class='ocrx_word' id='word_1_755' title='bbox 2263 4857 2526 4916; x_wconf 89' lang='lat' dir='ltr'><strong><em>quantum</em></strong></span> <span class='ocrx_word' id='word_1_756' title='bbox 2555 4846 2746 4900; x_wconf 87' lang='lat' dir='ltr'><strong><em>domus</em></strong></span> <span class='ocrx_word' id='word_1_757' title='bbox 2777 4851 2858 4897; x_wconf 90' lang='lat' dir='ltr'><strong><em>est</em></strong></span> <span class='ocrx_word' id='word_1_758' title='bbox 2881 4842 3080 4901; x_wconf 84' lang='lat' dir='ltr'><strong><em>anima,</em></strong></span> <span class='ocrx_word' id='word_1_759' title='bbox 3107 4850 3360 4906; x_wconf 83' lang='lat' dir='ltr'><strong><em>tanquam</em></strong></span> 
     </span>
    </p>
   </div>
   <div class='ocr_carea' id='block_1_109' title="bbox 1793 4930 3362 4998">
    <p class='ocr_par' dir='ltr' id='par_1_109' title="bbox 1793 4930 3362 4998">
     <span class='ocr_line' id='line_1_109' title="bbox 1793 4930 3362 4998; baseline -0.009 -4"><span class='ocrx_word' id='word_1_760' title='bbox 1793 4939 1985 4995; x_wconf 81' lang='lat' dir='ltr'><strong><em>dooms</em></strong></span> <span class='ocrx_word' id='word_1_761' title='bbox 2037 4939 2322 4994; x_wconf 89' lang='lat' dir='ltr'><strong><em>Dominum</em></strong></span> <span class='ocrx_word' id='word_1_762' title='bbox 2369 4938 2538 4992; x_wconf 85' lang='lat' dir='ltr'><strong><em>habet</em></strong></span> <span class='ocrx_word' id='word_1_763' title='bbox 2586 4937 2640 4990; x_wconf 87' lang='lat' dir='ltr'><strong><em>in</em></strong></span> <span class='ocrx_word' id='word_1_764' title='bbox 2707 4950 2767 4991; x_wconf 88' lang='lat' dir='ltr'><strong><em>se</em></strong></span> <span class='ocrx_word' id='word_1_765' title='bbox 2816 4936 3017 4998; x_wconf 89' lang='lat' dir='ltr'><strong><em>Deum;</em></strong></span> <span class='ocrx_word' id='word_1_766' title='bbox 3077 4930 3120 4984; x_wconf 92' lang='lat' dir='ltr'><strong><em>si</em></strong></span> <span class='ocrx_word' id='word_1_767' title='bbox 3180 4936 3362 4982; x_wconf 87' lang='lat' dir='ltr'><strong><em>autem</em></strong></span> 
     </span>
    </p>
   </div>
   <div class='ocr_carea' id='block_1_110' title="bbox 1794 5019 3364 5101">
    <p class='ocr_par' dir='ltr' id='par_1_110' title="bbox 1794 5019 3364 5101">
     <span class='ocr_line' id='line_1_110' title="bbox 1794 5019 3364 5101; baseline -0.008 -17"><span class='ocrx_word' id='word_1_768' title='bbox 1794 5029 1890 5084; x_wconf 85' lang='lat' dir='ltr'><strong><em>ﬁat</em></strong></span> <span class='ocrx_word' id='word_1_769' title='bbox 1942 5030 2229 5101; x_wconf 88' lang='lat' dir='ltr'><strong><em>templum,</em></strong></span> <span class='ocrx_word' id='word_1_770' title='bbox 2263 5039 2518 5099; x_wconf 89' lang='lat' dir='ltr'><strong><em>tauquam</em></strong></span> <span class='ocrx_word' id='word_1_771' title='bbox 2565 5027 2733 5083; x_wconf 84' lang='lat' dir='ltr'><strong><em>Deum</em></strong></span> <span class='ocrx_word' id='word_1_772' title='bbox 2779 5026 3166 5081; x_wconf 87' lang='lat' dir='ltr'><strong><em>subsistentem</em></strong></span> <span class='ocrx_word' id='word_1_773' title='bbox 3201 5019 3364 5075; x_wconf 84' lang='lat' dir='ltr'><strong><em>habet</em></strong></span> 
     </span>
    </p>
   </div>
   <div class='ocr_carea' id='block_1_111' title="bbox 1795 5117 3364 5192">
    <p class='ocr_par' dir='ltr' id='par_1_111' title="bbox 1795 5117 3364 5192">
     <span class='ocr_line' id='line_1_111' title="bbox 1795 5117 3364 5192; baseline -0.009 -12"><span class='ocrx_word' id='word_1_774' title='bbox 1795 5125 1849 5180; x_wconf 90' lang='lat' dir='ltr'><strong><em>in</em></strong></span> <span class='ocrx_word' id='word_1_775' title='bbox 1901 5140 1959 5180; x_wconf 79' lang='lat' dir='ltr'><strong><em>se</em></strong></span> <span class='ocrx_word' id='word_1_776' title='bbox 1992 5124 2309 5190; x_wconf 88' lang='lat' dir='ltr'><strong><em>Christum;</em></strong></span> <span class='ocrx_word' id='word_1_777' title='bbox 2340 5133 2398 5179; x_wconf 88' lang='lat' dir='ltr'><strong><em>et</em></strong></span> <span class='ocrx_word' id='word_1_778' title='bbox 2441 5123 2699 5192; x_wconf 86' lang='lat' dir='ltr'><strong><em>operibus</em></strong></span> <span class='ocrx_word' id='word_1_779' title='bbox 2728 5119 2942 5190; x_wconf 88' lang='lat' dir='ltr'><strong><em>quidem</em></strong></span> <span class='ocrx_word' id='word_1_780' title='bbox 2979 5117 3152 5186; x_wconf 90' lang='lat' dir='ltr'><strong><em>ipsum</em></strong></span> <span class='ocrx_word' id='word_1_781' title='bbox 3183 5127 3364 5184; x_wconf 82' lang='lat' dir='ltr'><strong><em>posst-</em></strong></span> 
     </span>
    </p>
   </div>
   <div class='ocr_carea' id='block_1_112' title="bbox 1793 5210 3364 5291">
    <p class='ocr_par' dir='ltr' id='par_1_112' title="bbox 1793 5210 3364 5291">
     <span class='ocr_line' id='line_1_112' title="bbox 1793 5210 3364 5291; baseline -0.013 -13"><span class='ocrx_word' id='word_1_782' title='bbox 1793 5223 1882 5278; x_wconf 90' lang='lat' dir='ltr'><strong><em>det</em></strong></span> <span class='ocrx_word' id='word_1_783' title='bbox 1915 5233 2174 5291; x_wconf 90' lang='lat' dir='ltr'><strong><em>tauquam</em></strong></span> <span class='ocrx_word' id='word_1_784' title='bbox 2224 5221 2422 5274; x_wconf 90' lang='lat' dir='ltr'><strong><em>domus</em></strong></span> <span class='ocrx_word' id='word_1_785' title='bbox 2471 5218 2782 5279; x_wconf 84' lang='lat' dir='ltr'><strong><em>Dominum,</em></strong></span> <span class='ocrx_word' id='word_1_786' title='bbox 2809 5210 3050 5266; x_wconf 87' lang='lat' dir='ltr'><strong><em>naturali</em></strong></span> <span class='ocrx_word' id='word_1_787' title='bbox 3079 5223 3208 5264; x_wconf 80' lang='lat' dir='ltr'><strong><em>vero</em></strong></span> <span class='ocrx_word' id='word_1_788' title='bbox 3237 5223 3364 5260; x_wconf 60' lang='lat' dir='ltr'><strong><em>con.</em></strong></span> 
     </span>
    </p>
   </div>
   <div class='ocr_carea' id='block_1_113' title="bbox 1795 5301 3360 5386">
    <p class='ocr_par' dir='ltr' id='par_1_113' title="bbox 1795 5301 3360 5386">
     <span class='ocr_line' id='line_1_113' title="bbox 1795 5301 3360 5386; baseline -0.011 -16"><span class='ocrx_word' id='word_1_789' title='bbox 1795 5315 2150 5386; x_wconf 84' lang='lat' dir='ltr'><strong><em>templatione</em></strong></span> <span class='ocrx_word' id='word_1_790' title='bbox 2199 5323 2457 5384; x_wconf 82' lang='lat' dir='ltr'><strong><em>tanquam</em></strong></span> <span class='ocrx_word' id='word_1_791' title='bbox 2506 5325 2687 5383; x_wconf 78' lang='lat' dir='ltr'><strong><em>regem</em></strong></span> <span class='ocrx_word' id='word_1_792' title='bbox 2713 5347 2731 5377; x_wconf 93' lang='lat'><strong><em>,</em></strong></span> <span class='ocrx_word' id='word_1_793' title='bbox 2771 5317 2826 5362; x_wconf 88' lang='lat' dir='ltr'><strong><em>et</em></strong></span> <span class='ocrx_word' id='word_1_794' title='bbox 2875 5319 3062 5360; x_wconf 86' lang='lat' dir='ltr'><strong><em>rursus</em></strong></span> <span class='ocrx_word' id='word_1_795' title='bbox 3095 5301 3360 5369; x_wconf 74' lang='lat' dir='ltr'><strong><em>theologia</em></strong></span> 
     </span>
    </p>
   </div>
   <div class='ocr_carea' id='block_1_114' title="bbox 1871 5527 3307 5618">
    <p class='ocr_par' dir='ltr' id='par_1_114' title="bbox 1871 5527 3307 5618">
     <span class='ocr_line' id='line_1_114' title="bbox 1871 5527 3307 5618; baseline -0.012 -15"><span class='ocrx_word' id='word_1_796' title='bbox 1871 5545 1983 5618; x_wconf 61' lang='grc'>(84)</span> <span class='ocrx_word' id='word_1_797' title='bbox 2017 5541 2258 5616; x_wconf 73' lang='grc' dir='ltr'>Πρῶτον</span> <span class='ocrx_word' id='word_1_798' title='bbox 2283 5543 2652 5618; x_wconf 59' lang='grc' dir='ltr'>ᾠκοδόμησε,</span> <span class='ocrx_word' id='word_1_799' title='bbox 2683 5547 2793 5594; x_wconf 83' lang='lat' dir='ltr'><strong><em>etc.</em></strong></span> <span class='ocrx_word' id='word_1_800' title='bbox 2818 5535 3018 5618; x_wconf 49' lang='lat' dir='ltr'><strong><em>eatena</em></strong></span> <span class='ocrx_word' id='word_1_801' title='bbox 3041 5527 3307 5588; x_wconf 75' lang='lat' dir='ltr'><strong><em>Corderii.</em></strong></span> 
     </span>
    </p>
   </div>
   <div class='ocr_carea' id='block_1_115' title="bbox 1867 5609 3054 5688">
    <p class='ocr_par' dir='ltr' id='par_1_115' title="bbox 1867 5609 3054 5688">
     <span class='ocr_line' id='line_1_115' title="bbox 1867 5609 3054 5688; baseline -0.013 -13"><span class='ocrx_word' id='word_1_802' title='bbox 2013 5609 2124 5674; x_wconf 73' lang='grc' dir='ltr'><strong><em>Τῦν</em></strong></span> <span class='ocrx_word' id='word_1_803' title='bbox 2149 5621 2219 5672; x_wconf 78' lang='grc' dir='ltr'><strong><em>ἐν</em></strong></span> <span class='ocrx_word' id='word_1_804' title='bbox 2251 5609 2801 5688; x_wconf 42' lang='grc' dir='ltr'>Ἰὲρουάαβήμεη</span> <span class='ocrx_word' id='word_1_805' title='bbox 2833 5609 3054 5688; x_wconf 70' lang='lat' dir='ltr'><strong><em>Eadem.</em></strong></span> 
     </span>
    </p>
   </div>
   <div class='ocr_carea' id='block_1_116' title="bbox 1867 5679 2966 5766">
    <p class='ocr_par' dir='ltr' id='par_1_116' title="bbox 1867 5679 2966 5766">
     <span class='ocr_line' id='line_1_116' title="bbox 1867 5679 2966 5766; baseline -0.025 -11"><span class='ocrx_word' id='word_1_806' title='bbox 1867 5679 1979 5766; x_wconf 73' lang='grc'>(86)</span> <span class='ocrx_word' id='word_1_807' title='bbox 2015 5690 2132 5762; x_wconf 58' lang='grc' dir='ltr'><strong><em>Ἐφ’</em></strong></span> <span class='ocrx_word' id='word_1_808' title='bbox 2158 5679 2338 5754; x_wconf 56' lang='lat' dir='ltr'><strong><em>door;</em></strong></span> <span class='ocrx_word' id='word_1_809' title='bbox 2363 5697 2468 5743; x_wconf 87' lang='lat' dir='ltr'><strong><em>etc.</em></strong></span> <span class='ocrx_word' id='word_1_810' title='bbox 2504 5679 2730 5740; x_wconf 75' lang='lat' dir='ltr'><strong><em>Sclieda:</em></strong></span> <span class='ocrx_word' id='word_1_811' title='bbox 2759 5679 2966 5735; x_wconf 80' lang='lat' dir='ltr'><strong><em>Gt&#39;abii.</em></strong></span> 
     </span>
    </p>
   </div>
   <div class='ocr_carea' id='block_1_117' title="bbox 2939 5836 3019 5900">
    <p class='ocr_par' dir='ltr' id='par_1_117' title="bbox 2939 5836 3019 5900">
     <span class='ocr_line' id='line_1_117' title="bbox 2939 5836 3019 5900; baseline 0.025 -2"><span class='ocrx_word' id='word_1_812' title='bbox 2939 5836 3019 5900; x_wconf 77' lang='lat'><strong>52</strong></span> 
     </span>
    </p>
   </div>
   <div class='ocr_carea' id='block_1_118' title="bbox 2106 4465 3444 4532">
    <p class='ocr_par' dir='ltr' id='par_1_118' title="bbox 2106 4465 3444 4532">
     <span class='ocr_line' id='line_1_118' title="bbox 2106 4465 3444 4532; baseline -0.013 -2"><span class='ocrx_word' id='word_1_813' title='bbox 2106 4493 2230 4532; x_wconf 87' lang='lat' dir='ltr'><strong><em>nam</em></strong></span> <span class='ocrx_word' id='word_1_814' title='bbox 2303 4476 2568 4532; x_wconf 90' lang='lat' dir='ltr'><strong><em>Dominus</em></strong></span> <span class='ocrx_word' id='word_1_815' title='bbox 2626 4470 2914 4528; x_wconf 66' lang='lat' dir='ltr'><strong><em>aediﬁcavit</em></strong></span> <span class='ocrx_word' id='word_1_816' title='bbox 2965 4482 3130 4524; x_wconf 88' lang='lat' dir='ltr'><strong><em>eam.</em></strong></span> <span class='ocrx_word' id='word_1_817' title='bbox 3185 4465 3358 4518; x_wconf 82' lang='lat' dir='ltr'><strong><em>Aliter</em></strong></span> 
     </span>
    </p>
   </div>
  </div>
