3800 6520
164 299 273 355 “iis
1009 291 1318 350 SELECTA
1352 291 1417 347 IN
1456 289 1791 347 PSALMOS.
1831 322 1903 332 —
1937 290 2132 346 PSAL.
2169 290 2450 346 CXXVIII.
2625 309 2636 316 '
3200 298 3340 353 1645

221 416 338 482 Τοὺς
370 415 588 480 πόνους
625 413 744 468 τῶν
791 411 1033 481 καρπῶν
1063 431 1180 468 σου
1221 414 1497 484 φάγεσαι,
1533 429 1587 464 κ.
1619 429 1669 465 τ.

1845 408 2010 462 Vsus.
2038 409 2092 462 2.
2150 407 2379 462 Labore:
2414 423 2667 462 manuum
2712 417 2924 463 tuarum
2972 416 3340 484 mauducabis,

159 511 196 564 ὲ.
225 496 345 578 δὈσῳ
372 507 580 571 πλείους
619 507 728 578 (95)
757 508 807 560 οἱ
840 507 988 560 πόνοι
1017 507 1123 560 τῶν
1158 507 1407 580 καρπῶν,
1435 504 1672 575 τοσούτῳ

1811 509 1882 554 te.
1917 500 2130 566 Quanto
2165 510 2286 555 sunt
2339 499 2522 570 plures
2571 499 2870 570 palmarum
2903 502 3116 560 labores
3144 547 3158 570 ,
3193 520 3342 566 tanto

157 602 331 663 πλείους
365 601 416 655 αἱ
449 603 506 653 ὲν
541 599 618 671 τῷ
663 600 905 671 μέλλοντι
946 599 1101 654 αἰῶνι
1139 600 1354 670 τροφαί.
1391 599 1590 661 Πόνους
1617 597 1672 651 δὲ

1804 592 2057 646 ιὺοτίοτρε
2096 593 2148 645 in
2183 593 2362 646 l’ittnro
2391 591 2589 648 saeculo
2625 593 2732 647 cibi
2761 604 2938 649 erunt.
2978 595 3343 658 Labores-au.

155 693 274 760 λέγει
305 693 400 747 τῶν
446 694 503 745 ὲν
537 695 657 756 ταῖς
719 693 874 764 χερσὶ
909 690 1105 762 μελῶν,
1157 691 1192 745 ἃ
1225 691 1427 763 καρποὶ
1477 689 1674 760 όνομόι⁴

1804 699 1884 738 em
1928 693 2083 737 vocat
2123 685 2487 740 musculorum
2533 687 2620 756 qui
2662 687 2712 740 in
2765 688 3012 744 manibus
3059 703 3187 745 sunt
3223 735 3237 756 ,
3283 706 3341 751 et

153 786 318 851 ζονται.
358 784 568 853 ’Λγαθοὶ
600 780 692 837 οὖν
722 785 772 836 οἱ
800 783 949 836 πόνοι
978 783 1083 836 τῶν
1114 783 1338 855 καρπῶν
1365 783 1458 836 καὶ
1487 783 1675 854 τρόφιο

1804 781 2040 828 unctura.-
2092 776 2462 832 nominantur.
2521 777 2652 832 Boni
2709 779 2874 848 igitur
2924 791 3056 836 sunt
3117 784 3334 844 labores

153 895 244 949 μοι,
269 877 345 946 ἀφ’
368 869 438 929 ὧν
470 874 829 946 ἀναϐαίνομεν
861 874 954 927 ἐπὶ
979 873 1070 926 τὸν
1103 872 1278 937 ζῶντα
1302 874 1486 944 ἄρτον.

1804 865 2144 920 nusculorum
2184 875 2235 919 et
2272 869 2598 934 nutrientes,
2647 885 2675 924 a
2708 872 2905 942 quibus
2938 873 3005 928 ad
3028 889 3224 944 panem
3265 881 3346 935 vi-

1775 972 1901 1012 vum
1929 957 2292 1012 ascendimus.

1849 1046 2018 1102 Vens.
2049 1048 2100 1102 5.
2136 1045 2284 1101 Uxor
2311 1059 2402 1102 tua
2450 1050 2584 1105 sicut
2615 1055 2732 1110 vitis
2767 1056 3046 1114 abundans
3076 1061 3131 1116 in
3161 1063 3347 1121 lateri-

1781 1138 1876 1193 bus
1915 1141 2102 1194 domus
2129 1153 2255 1196 tute.
2283 1140 2418 1196 Filii
2445 1147 2526 1198 tui
2560 1149 2693 1201 sicut
2742 1151 2959 1207 novella:
2993 1155 3251 1213 olivarum
3291 1163 3346 1215 iu

1779 1233 2002 1285 circuitu
2051 1249 2241 1287 meum
2279 1244 2384 1288 tua:
2410 1275 2424 1300 ,
2471 1246 2576 1291 etc.
2604 1237 2772 1294 Nemo
2803 1259 2831 1296 a
2861 1245 2967 1298 Deo
2999 1246 3208 1302 alienus
3233 1253 3346 1306 hmc

1780 1337 2148 1394 consequetur
2175 1344 2186 1378 :
2222 1342 2326 1380 non
2355 1327 2500 1382 enim
2543 1341 2669 1384 sunt
2705 1337 3036 1405 corporalia,
3066 1343 3162 1397 sed
3189 1343 3350 1414 spiri-

1783 1419 1970 1484 tualia,
2013 1419 2078 1473 de
2122 1421 2316 1488 quibus
2351 1422 2463 1477 haec
2512 1425 2650 1478 dicta
2684 1437 2830 1482 sunt.
2864 1430 3094 1498 Quando
3127 1439 3264 1493 vites
3295 1449 3349 1494 et

1779 1509 1934 1563 oliva.-
1981 1510 2251 1579 iustorum
2301 1510 2736 1580 benedicuntur,
2783 1533 2964 1574 sermo
3012 1528 3348 1600 tropologice

141 1609 234 1662 τῶν
275 1608 500 1669 δικαίων,
535 1604 956 1677 τροπολογητέον
989 1603 1068 1666 είς
1114 1604 1348 1671 γυναῖκα
1390 1601 1482 1654 καὶ
1531 1601 1679 1664 υἱοὺς

1804 1601 2076 1656 ηυῐηειιόυε
2107 1613 2189 1657 est
2232 1601 2299 1658 de
2347 1619 2514 1659 uxore
2549 1616 2604 1660 et
2653 1607 2775 1664 ﬁliis
2802 1651 2817 1676 ,
2850 1613 2934 1668 vel
2967 1616 3034 1671 de
3082 1622 3246 1677 verbo
3278 1625 3346 1679 ad

138 1703 220 1756 τὸν
247 1702 407 1770 λόγον,
436 1702 552 1772 ἦτοι
579 1697 872 1763 αὐτολεξεί.
903 1699 972 1751 ’Ἡ
1003 1697 1084 1750 ὅτι
1120 1697 1278 1766 σοφία
1316 1696 1413 1767 μὲν
1447 1699 1478 1766 ἡ
1519 1694 1675 1767 γυνὴ,

1804 1697 2030 1750 ιρι-ὺυιη.
2063 1697 2160 1752 Vel
2200 1699 2322 1767 quia
2355 1699 2614 1768 sapientia
2639 1705 2855 1772 quidem
2889 1725 3022 1763 uxor
3050 1721 3152 1776 est,
3182 1719 3352 1774 artio-

140 1793 344 1866 πράξεις
366 1793 418 1846 δὲ
445 1769 494 1846 οἱ
521 1790 643 1844 υἱοί.
679 1790 818 1861 Γυνὴ
857 1789 935 1852 δὲ,
975 1791 1006 1859 ἡ
1038 1785 1171 1842 οὖσα
1212 1780 1369 1860 μερῖς
1397 1785 1594 1858 ἀγαθὴ,
1641 1787 1673 1856 ἢ

1805 1801 1882 1840 tes
1929 1801 2058 1842 vero
2109 1788 2227 1842 ﬁlii.
2277 1788 2469 1844 Mulier
2503 1769 2682 1848 autem
2715 1811 2834 1865 qtue
2875 1810 2957 1854 est
3001 1769 3350 1877 pars'bonav,

135 1891 164 1960 ή
197 1888 330 1959 παρὰ
364 1886 439 1957 τῷ
473 1884 773 1955 Σολομῶντι
803 1882 1039 1955 ἀνδρεία,
1073 1881 1312 1952 ἄμπελός
1346 1881 1491 1934 ἐστιν
1520 1879 1679 1949 εὐθη-

1804 1877 1866 1932 tel
1896 1895 2015 1950 qua?
2045 1882 2185 1950 apud
2244 1881 2591 1940 Salomonem
2643 1887 2798 1945 fortis
2845 1892 3064 1962 dicitur,
3102 1899 3226 1956 vilis
3259 1913 3345 1960 est

135 1977 303 2039 νοῦσα,
329 1977 418 2032 καὶ
448 1975 675 2047 μάλιστα
705 1975 791 2028 ὅτε
825 1973 1069 2043 οἰκουρός
1105 1973 1249 2024 ἐστιν
1276 1968 1476 2040 ἀγαθή.
1520 1969 1581 2021 'II
1621 1967 1679 2022 δὲ

1804 1971 2088 2037 ibundans,
2120 1983 2175 2028 et
2208 1975 2443 2030 maxime
2472 1980 2688 2047 quando
2723 1993 2806 2037 est
2837 1986 2973 2041 bona
3011 1993 3352 2051 materfami-

137 2071 204 2142 μὴ
234 2070 437 2140 τοιαύτη
470 2066 606 2138 γυνὴ
643 2065 702 2131 ἐξ
729 2064 974 2136 ἀμπέλου
1009 2063 1125 2117 ἐστὶ
1157 2062 1431 2132 Σοδόμων·
1466 2059 1561 2114 καὶ
1591 2058 1680 2112 λέ-

1807 2062 1905 2116 ias.
1930 2065 1997 2116 At
2033 2064 2229 2119 mulier
2264 2081 2383 2134 qure
2413 2084 2516 2123 non
2551 2081 2634 2126 est
2664 2073 3037 2144 ejusmodi,de
3067 2084 3223 2142 vinea
3253 2087 3354 2144 So-

132 2178 269 2230 γοιτο
313 2160 354 2214 δ’
387 2158 452 2213 ἂν
499 2158 634 2231 πρὸς
671 2155 1106 2228 μεταϐάλλουσαν
1137 2154 1217 2217 είς
1259 2153 1319 2206 τὸ
1349 2154 1529 2224 χεῖρον
1579 2168 1678 2220 γυ-

1804 2155 2066 2210 Iomorum
2088 2167 2193 2212 est.
2221 2159 2362 2226 Quin
2390 2171 2446 2216 et
2471 2164 2538 2217 ad
2565 2166 2849 2223 mulierem
2879 2171 2931 2227 in
2969 2175 3207 2234 deterius
3234 2199 3352 2237 mll-

131 2256 306 2306 ναῖκα·
346 2271 362 2302 ι
394 2250 515 2315 Πῶς
566 2249 835 2322 ὲστράφης
883 2249 961 2311 εἰς
1011 2247 1314 2319 πικρίαν,ἡ
1365 2245 1604 2316 ἄμπελος
1645 2245 1680 2316 ἡ

1813 2259 1954 2303 alam
1986 2250 2090 2305 dici
2118 2253 2288 2319 possit
2321 2277 2331 2309 :
2367 2273 2386 2305 ι
2419 2255 2701 2322 Quomodo
2728 2276 2989 2322 conversa
3023 2285 3082 2324 es
3117 2271 3169 2327 in
3201 2289 3354 2331 aina-

131 2343 366 2414 ἀλλοτρία
383 2358 398 2405 ;
429 2361 446 2394 ι

1804 2336 2098 2406 'itudinetn,
2129 2343 2257 2397 vitis
2282 2343 2460 2400 ulicnn
2491 2349 2532 2379 ¹²
2557 2349 2578 2402 ?
2605 2368 2625 2400 ι

202 2430 302 2486 Τοῦ
332 2431 532 2485 αὐτοῦ.
579 2430 722 2502 Γυνὴ
766 2429 858 2484 τοῦ
907 2428 998 2483 νοῦ
1051 2429 1166 2499 (97)
1220 2430 1254 2500 ή
1298 2427 1459 2497 σοφία
1509 2425 1678 2482 ἐστίν.

1857 2429 2138 2531 iijiisdeiii.
2175 2434 2328 2491 Uxor
2379 2442 2574 2497 mentis
2627 2452 2710 2498 est
2759 2448 3046 2517 sapientia.
3110 2472 3130 2506 ι
3182 2455 3354 2531 Dilige

135 2542 153 2572 ί
192 2523 467 2595 Ἐράσθητι
519 2521 647 2592 γὰρ,
676 2522 860 2592 φησὶν,
910 2521 1110 2592 αὐτῆς,
1167 2521 1260 2574 καὶ
1315 2521 1543 2592 τηρήσει
1598 2535 1677 2572 σε.

1804 2523 1954 2590 enim,
1990 2526 2184 2596 inquit,
2223 2545 2367 2597 eam,
2395 2543 2449 2585 et
2497 2539 2844 2594 conservabit
2884 2551 2954 2596 te.
2989 2543 3200 2602 Honora
3233 2521 3351 2607 eavm

129 2613 358 2685 Τίμησον
386 2614 574 2686 αὐτὴν,
603 2615 689 2667 ἵνα
730 2631 789 2666 σε
824 2613 1110 2687 περιλάϐῃ,
1145 2614 1236 2666 καὶ
1269 2612 1441 2682 κτήσῃ
1469 2609 1561 2664 ἀπ’
1584 2611 1682 2662 αὐ-

1807 2625 1849 2670 ιι
1881 2628 1934 2671 te
1965 2619 2326 2688 amplexetur,
2360 2634 2408 2678 et
2441 2627 2618 2682 disces
2642 2630 2709 2682 ab
2734 2646 2796 2685 ea
2830 2649 3114 2694 sermones
3140 2644 3355 2712 sapien-

125 2705 219 2774 τῆς
246 2703 427 2771 λόγους
468 2705 679 2774 σοφούς.
707 2723 723 2754 ι
751 2735 821 2744 ——
855 2722 873 2753 ι
898 2699 1062 2755 Εἶπον
1095 2701 1192 2772 τὴν
1229 2701 1415 2769 σοφίαν
1448 2699 1680 2770 ἀδελφὴν

1804 2720 1867 2760 es
1896 2708 1958 2761 ίε.
2003 2727 2022 2760 i
2053 2712 2317 2782 -828
2355 2733 2373 2766 ι
2411 2717 2505 2771 Dic
2549 2720 2871 2788 sapientiam
2917 2741 3161 2784 sororem
3204 2699 3353 2789 tuam

1786 2809 1909 2850 esse
1941 2797 2004 2852 ιδ.
2045 2817 2064 2850 ι
2098 2799 2348 2858 Sororem
2378 2815 2558 2861 autem
2585 2809 2729 2865 illam
2765 2815 3028 2885 nominat,
3062 2833 3348 2892 propterea

1787 2888 1930 2956 quod
1976 2899 2030 2944 et
2073 2890 2185 2961 ipsa
2215 2909 2244 2948 a
2291 2893 2449 2952 Patre
2481 2899 2858 2957 universorum
2890 2917 2991 2960 est.
3044 2888 3098 2964 In
3151 2888 3356 2970 inemo-

1787 2981 1926 3034 riam
1991 2983 2156 3038 etiam
2214 2989 2572 3043 revocandum
2617 3001 2701 3046 est
2760 2999 3028 3064 quomodo
3075 3004 3351 3061 Abraham

115 3069 364 3141 ἀδελφὴν,
397 3070 612 3134 πάντως
657 3070 749 3124 τοῦ
810 3068 1130 3139 βουλομένου
1179 3067 1275 3139 τὴν
1317 3068 1507 3137 σοφίαν
1541 3063 1678 3122 εἶναι

1804 3074 2068 3142 )I'opriam
2128 3092 2352 3132 uxorein
2408 3082 3098 3159 appellaveritsororem,
3154 3093 3358 3153 docens

112 3161 397 3216 διδάσκων.
1710 3161 1753 3188 ν
1788 3167 2011 3220 omnino
2037 3167 2326 3236 cujuslibet
2356 3173 2588 3237 volentis
2613 3191 2732 3231 esse
2756 3179 3103 3247 sapientiam.

198 3253 340 3310 Ἰδοὺ
369 3253 556 3322 οὕτως
584 3253 1048 3325 εὐλογηθήσεται
1080 3254 1384 3322 ἄνθρωπος
1410 3253 1443 3306 ὁ
1472 3251 1687 3321 φοϐού-

1856 3259 2022 3315 Vsas.
2047 3261 2102 3316 4.
2134 3263 2267 3318 Ecce
2302 3265 2379 3318 sic
2408 3266 2738 3322 benedicetur
2767 3271 2920 3325 homo
2939 3275 3030 3343 qui
3064 3275 3210 3330 timet
3240 3275 3356 3333 Do-

102 3367 293 3420 μενος
333 3349 439 3402 τὸν
484 3350 717 3416 Κύριον,
761 3366 813 3402 κ.
843 3367 892 3402 τ.
924 3349 971 3401 ὲ.
1017 3348 1075 3400 '0
1106 3345 1394 3417 λεγόμενος
1445 3342 1553 3416 (98)
1591 3343 1687 3397 ἄν·

1804 3352 1989 3406 niuum
2017 3394 2033 3419 ,
2081 3366 2189 3410 etc.
2241 3355 2288 3412 Is
2319 3359 2408 3426 qui
2447 3361 2650 3415 dicitur
2677 3365 2836 3418 homo
2861 3342 2958 3434 per
2984 3368 3228 3424 timorem
3261 3370 3361 3426 Do-

105 3441 330 3513 θρωπος
369 3439 456 3493 διὰ
486 3441 547 3495 τὸ
593 3439 871 3510 φοϐεῖσθαι
916 3441 1007 3494 τὸν
1063 3439 1263 3510 Κύριον
1307 3437 1474 3509 ἀγρὸν
1534 3435 1680 3505 ἔχει·

1804 3443 1925 3497 mini
1960 3459 2150 3512 agrum
2189 3448 2387 3516 habet;
2441 3453 2603 3506 vitem
2654 3465 2832 3508 autem
2870 3456 2924 3511 in
2971 3458 3230 3515 lateribus
3269 3462 3360 3518 do-

101 3532 352 3602 ἄμπελον
384 3532 440 3586 δὲ
483 3534 541 3586 ἐν
589 3537 699 3596 τοῖς
746 3532 949 3586 κλίτεσι
995 3533 1094 3603 τῆς
1145 3530 1320 3594 οἰκίας
1372 3528 1538 3583 αὑτοῦ
1587 3528 1685 3596 τὴν

1804 3550 1911 3590 mus
1957 3553 2067 3592 sua:
2112 3555 2383 3606 uxorem;
2439 3544 2678 3601 novellas
2726 3547 2960 3618 denique
2999 3551 3263 3606 olivarum
3300 3555 3355 3609 in

98 3629 372 3694 γυναῖκα·
419 3625 650 3694 νεόφυτα
685 3626 741 3680 δὲ
788 3624 981 3679 ἐλαιῶν
1030 3623 1214 3696 κύκλῳ
1265 3623 1362 3694 τῆς
1403 3619 1680 3694 τραπέζης

1804 3626 2017 3682 :ircuitu
2051 3646 2251 3686 niensze
2279 3649 2390 3689 sua
2417 3634 2572 3691 ﬁlios.

98 3717 304 3772 ἑαυτοῦ
330 3718 456 3780 τοὺς
483 3719 651 3782 υἱούς.

177 3811 286 3864 Καὶ
343 3810 493 3883 ἴδοις
529 3812 698 3877 υἱοὺς
747 3810 864 3865 τῶν
907 3809 1053 3866 υἱῶν
1093 3827 1230 3874 σου,
1266 3827 1320 3865 κ.
1347 3825 1398 3860 τ.
1428 3807 1472 3860 ὲ.
1507 3805 1615 3858 Καὶ
1653 3805 1682 3856 ὁ

98 3901 359 3974 Σολομὼν
403 3904 514 3974 (99)
549 3922 742 3976 φησιν·
787 3923 805 3956 ι
845 3904 1072 3974 Ἄγαϐος
1106 3903 1244 3976 ἀνὴρ
1285 3901 1680 3972 κληρονομήσει

97 3996 258 4059 υἱοὺς
291 3995 443 4048 υίῶν.
471 4015 490 4046 ι

217 1055 272 1108 Ἠ
297 1051 433 1124 γυνή
465 1064 580 1104 σου
621 1049 701 1109 ὡς
744 1049 1009 1119 ἄμπελος
1055 1041 1397 1114 εὑθηνοῦσα
1441 1045 1510 1098 ἐν
1549 1045 1674 1112 τοῖς

149 1146 348 1200 alitem
391 1143 497 1211 τῆς
534 1143 726 1207 οἰκίας
761 1157 906 1194 σου·
941 1143 994 1192 οἱ
1022 1139 1140 1192 υἱοί
1167 1154 1281 1192 σου
1307 1139 1386 1204 ὡς
1415 1139 1678 1206 νεόφυτα

145 1238 332 1292 ἐλαιῶν
358 1239 556 1300 κύκλῳ
597 1233 702 1303 τῆς
741 1232 1025 1302 τραπέζης
1058 1247 1194 1295 σου,
1236 1249 1292 1285 κ.
1320 1249 1372 1284 τ.
1406 1232 1453 1285 ὲ.
1489 1231 1678 1296 Οὐδεὶς

145 1331 385 1402 ἀλλότριος
423 1330 532 1401 (96)
567 1328 660 1382 τοῦ
701 1326 834 1380 Θεοῦ
884 1327 1086 1380 τούτων
1128 1325 1406 1390 τεύξεταιο
1452 1324 1513 1377 οὐ
1566 1323 1675 1394 γάρ

146 1429 246 1480 ἐστι
271 1423 560 1495 σωματικὰ,
587 1421 723 1476 ἀλλὰ
756 1418 1120 1490 πνευματικὰ,
1154 1417 1280 1488 περὶ
1306 1411 1379 1470 ὧν
1402 1416 1573 1470 ταῦτα
1594 1416 1681 1469 λέ-

142 1517 323 1570 λεκται.
359 1517 482 1568 Ὅτε
531 1512 850 1584 ἀμπελῶνες
889 1510 982 1563 καὶ
1031 1509 1285 1570 ὲλαιῶνες
1331 1506 1677 1573 εὐλογοῦνται

127 2796 222 2866 σὴν
262 2791 423 2848 εἶναι⁸
451 2815 469 2845 ι
506 2795 739 2866 ἀδελφὴν
773 2794 828 2847 δὲ
862 2793 1030 2863 αὐτὴν
1087 2791 1360 2863 ὀνομάζει,
1412 2791 1544 2844 διότι
1585 2788 1680 2843 καὶ

121 2885 254 2956 αὐτὴ
292 2888 354 2940 ὲκ
384 2885 477 2939 τοῦ
508 2887 718 2958 ῐιατρὸς
757 2886 970 2939 πάντων
1001 2883 1134 2938 ἐστί.
1182 2881 1593 2955 Μνημονευτέον
1621 2881 1679 2935 δὲ

121 2980 214 3031 καὶ
247 2978 336 3032 τοῦ
373 2979 618 3050 Ἀϐραὰμ
649 2978 765 3043 πῶς
811 2980 906 3048 τὴν
943 2978 1075 3030 ἰδίαν
1125 2979 1354 3046 γυναῖκα
1400 2976 1680 3048 ὠνόμασεν

1710 3132 1753 3188 C

1859 3804 2027 3861 Vens.
2079 3807 2132 3863 6.
2172 3808 2240 3864 Et
2285 3812 2458 3867 videas
2505 3814 2642 3881 ﬁlios
2672 3816 2710 3884 ﬁ
2737 3817 2908 3870 iorum
2957 3828 3168 3873 tuorum
3196 3861 3210 3885 ,
3244 3830 3351 3876 etc.

1791 3892 2049 3950 Salomon
2087 3914 2304 3970 quoque
2330 3904 2406 3958 ait
2445 3905 2487 3936 "‘
2532 3922 2546 3959 :
2597 3924 2617 3956 ι
2659 3906 2754 3962 Vir
2777 3910 2980 3978 probus
3011 3909 3356 3968 haereditahit

1792 3988 1930 4044 ﬁlios
1965 3994 2218 4049 liliorutu.
2277 4015 2294 4047 ι

633 4177 924 4232 ΨΑΛΜΟΣ
962 4176 1143 4230 PKIl'.

2256 4173 2579 4230 PSALMUS
2620 4175 2897 4232 CXXVIII.

173 4272 518 4337 Πλεονίίκις
555 4269 944 4340 ἐπολέμησάν
989 4289 1064 4340 με
1105 4270 1172 4323 ἐκ
1222 4267 1500 4334 νεότητός
1539 4282 1679 4335 μου,

1868 4263 2032 4318 Vsus.
2064 4265 2118 4320 1.
2145 4265 2295 4336 Swpe
2331 4283 2752 4340 expugnaverunt
2783 4287 2863 4323 me
2885 4289 2915 4324 a
2943 4271 3203 4342 iuventute
3224 4289 3358 4339 mea,

82 4364 324 4420 εἰπάτω
369 4366 446 4434 δὴ
505 4367 778 4436 Ἰσραὴλ,
827 4385 880 4420 κ.
916 4384 966 4418 τ.
1020 4367 1064 4419 ὲ.
1113 4366 1172 4418 Ὀ
1223 4367 1288 4417 ἐκ
1341 4361 1544 4415 παίδων
1605 4358 1681 4429 (1)

1804 4351 1926 4407 lica!
1960 4372 2098 4410 nunc
2122 4356 2314 4426 Israel,
2343 4371 2449 4415 etc.
2495 4362 2617 4418 Haec
2647 4365 2791 4417 dicet
2823 4363 2866 4416 is
2896 4363 2988 4430 qui
3023 4378 3052 4416 a
3078 4363 3362 4431 juventute

81 4459 509 4530 ἀγωνιζόμενος
551 4457 724 4514 ταῦτα
755 4460 898 4532 ἐρεῖ,
942 4457 1036 4511 κα)⁹
1084 4459 1141 4509 ὲν
1173 4454 1250 4526 τῷ
1289 4453 1547 4514 πολλάκις
1586 4465 1685 4503 πε-

81 4550 448 4621 πολεμῆσθαι
476 4551 703 4621 νικήσας
733 4550 858 4613 τοὺς
891 4549 1207 4618 πολεμίους’
1241 4545 1333 4600 καὶ
1361 4547 1389 4598 ό
1423 4543 1677 4612 φάσκων·

83 4655 107 4687 ι
153 4636 217 4688 ’0
253 4637 392 4700 Θεὸς
415 4639 443 4690 ὁ
465 4637 679 4708 τρέφων
713 4654 778 4708 με
806 4640 868 4690 ἐκ
898 4636 1142 4706 νεότητός
1187 4651 1307 4706 μου.
1338 4654 1355 4685 i

178 4728 562 4798 ‘Eydxpvrar
592 4730 705 4798 τὴν
741 4731 997 4800 ἀνομίαν
1029 4728 1246 4793 αὐτῶν,
1273 4745 1328 4782 κ.
1367 4746 1416 4781 τ.
1455 4728 1502 4782 ὲ.
1538 4728 1683 4799 Χρή-

74 4840 257 4893 σιμον
288 4826 373 4887 εἰς
409 4822 568 4877 τοῦτο
601 4823 674 4895 (2)
703 4822 783 4885 τὸ,
817 4843 834 4874 ι
862 4821 996 4876 om
1023 4825 1071 4876 oi
1105 4820 1471 4892 ἐπισπώμενοι
1513 4822 1686 4893 ἁμαρ-

65 4917 213 4980 τίας
268 4916 352 4980 ὡς
405 4915 619 4988 σχοινίῳ
653 4915 866 4990 μακρῷ,
908 4917 1000 4969 καὶ
1053 4915 1128 4980 ὡς
1161 4915 1321 4984 ζυγοῦ
1372 4915 1554 4986 ἱμάντι
1586 4915 1683 4968 δα-

71 5009 319 5080 μάλεως
339 5009 440 5074 τὰς
455 5010 685 5081 ἀνομίας
720 5029 738 5062 ι
770 5011 918 5079 Ὄσῳ
947 5009 1002 5062 δέ
1024 5026 1106 5072 τις
1133 5008 1399 5080 μακρύνει
1432 5008 1528 5079 τὴν
1555 5009 1680 5062 ἀνο-

65 5101 224 5173 μίαν
259 5099 486 5166 ἑαυτοῦ,
516 5101 754 5174 τοσούτῳ
774 5101 1038 5174 μακρύνει
1062 5101 1249 5154 ἑαυτὸν
1272 5100 1379 5155 ἀπὸ
1399 5100 1490 5155 τοῦ
1523 5101 1677 5157 Θεοῦ.

149 5213 619 5281 Γενηθήτωσαν
658 5212 801 5267 ὡσεὶ
863 5214 1074 5283 χόρτος
1118 5212 1421 5283 δωμάτων,
1457 5213 1525 5281 ὃς
1565 5215 1679 5283 πρὸ

60 5299 190 5360 τοῦ
239 5304 676 5374 ἐκσπασθτῆναι
705 5305 1025 5375 ἐξηράνθη,
1057 5323 1108 5360 κ.
1144 5325 1191 5360 τ.
1230 5307 1275 5361 ὲ.
1327 5306 1390 5360 Ἡ
1427 5307 1680 5360 διδασκα-

737 5401 779 5432 ¹³
808 5401 964 5456 Prov.
999 5417 1072 5464 tv,
1101 5401 1155 5463 6,
1185 5401 1238 5458 8.
1302 5400 1345 5432 “
1375 5402 1502 5455 ibid.
1529 5417 1624 5464 vn,
1658 5401 1711 5454 4.
1772 5401 1814 5433 ’⁵
1839 5401 1970 5454 ibid.
1998 5400 2228 5463 xm,22.

147 5400 198 5430 ¹²
229 5398 448 5453 Jerent.
482 5415 542 5463 tt,
569 5400 661 5454 21.

148 5494 284 5565 (95)
326 5496 487 5558 Ὅσῳ
535 5497 806 5561 πλείους,
837 5506 946 5554 etc.
996 5497 1199 5551 Catena
1252 5497 1517 5560 Corderii,
1557 5512 1677 5565 qua:

54 5575 122 5648 et
173 5567 297 5647 alia
337 5567 500 5648 plura
529 5567 747 5636 subjicit
775 5579 1029 5637 tanquam
1053 5567 1324 5639 Origenis,
1361 5568 1486 5624 licet
1505 5568 1674 5623 Theo-

53 5637 273 5688 dormi
300 5639 438 5691 sint.
1158 5637 1173 5639 ⁷

143 5706 284 5775 (96)
328 5705 543 5775 Οὐδεὶς
569 5709 903 5775 ἐμμέτρως,
930 5721 1034 5765 etc.
1079 5711 1275 5764 Eadem
1311 5709 1539 5765 Catena.

142 5772 280 5849 (97')
329 5772 644 5848 Γεννὶιτοῦ
666 5772 794 5846 rei",
834 5772 940 5837 etc.
975 5782 1203 5839 Schcdet‘.
1225 5781 1436 5837 Grabii.

1790 4446 2115 4515 decertavit,
2146 4463 2201 4506 et
2249 4454 2558 4510 dimicando
2593 4457 2776 4510 hostes
2802 4472 3180 4528 saepenumero
3211 4459 3362 4512 devi-

1787 4538 1907 4604 cit;
1963 4542 2053 4610 qui
2087 4545 2250 4597 etiam
2293 4546 2430 4601 dicit
2461 4547 2549 4602 “2
2592 4567 2610 4598 ι
2648 4549 2790 4603 Deus
2833 4550 2926 4620 qui
2978 4553 3158 4621 pascis
3201 4565 3286 4605 me
3329 4567 3360 4604 a

1785 4643 2072 4701 μιγεηῑιιιρ
2116 4651 2256 4690 mea.
2301 4655 2320 4689 ι

1865 4725 2028 4780 Vens.
2063 4728 2115 4782 5.
2165 4727 2618 4796 l’rolongaveruut
2649 4731 2977 4801 iniquitatem
3015 4749 3166 4787 suam
3193 4774 3210 4799 ,
3252 4742 3359 4789 etc.

1795 4817 1912 4873 lluc
1947 4831 2156 4888 spectat
2193 4822 2324 4877 illud
2361 4824 2400 4855 "
2429 4861 2444 4886 ,
2501 4841 2520 4873 ι
2587 4825 2671 4877 Va:
2713 4826 2802 4893 qui
2863 4825 3086 4879 trahunt
3140 4835 3360 4895 peccata

1792 4916 1946 4985 quasi
1982 4915 2222 4972 funiculo
2272 4919 2434 4990 longo
2458 4960 2474 4985 ,
2503 4930 2556 4975 et
2592 4920 2748 4990 quasi
2771 4919 2885 4990 jugi
2913 4921 3145 4990 corrigia
3178 4921 3360 4974 vitula:

1790 5005 2128 5076 iniquitates.
2156 5029 2174 5061 ι
2198 5009 2467 5075 Quantum
2498 5020 2678 5065 autem
2704 5013 2826 5080 quis
2853 5011 3137 5081 prolongat
3161 5013 3360 5080 iniqui-

1794 5106 1955 5152 tatem
1984 5115 2159 5166 suam,
2188 5101 2522 5156 tantumdem
2559 5103 2777 5172 elongat
2800 5103 3148 5170 semetipsum
3173 5117 3201 5154 a
3227 5102 3356 5155 Deo.

1873 5211 2034 5268 Vens.
2073 5213 2126 5268 6.
2155 5214 2314 5270 Fiant
2349 5217 2481 5270 sicut
2511 5216 2686 5286 fenum
2719 5225 2997 5280 tectorum,
3018 5218 3158 5286 quod
3186 5220 3360 5287 prius-

1787 5323 1944 5374 quam
1975 5307 2228 5361 evellatur
2249 5309 2460 5361 exaruit
2491 5349 2506 5372 ,
2541 5319 2645 5362 etc.
2679 5308 2932 5362 Doctrina
2964 5310 3359 5364 suliliniitatutn

2306 5402 2349 5432 "
2395 5401 2531 5456 Gen.
2571 5415 2760 5463 XLVIII,
2786 5399 2874 5455 15.
2960 5401 3002 5432 ¹⁷
3030 5401 3152 5456 Isai.
3184 5418 3238 5468 ν,
3272 5405 3358 5465 18.

1864 5496 1977 5565 (98)
2022 5497 2086 5549 '0
2108 5501 2458 5566 λεγομενος,
2495 5506 2604 5550 etc.
2637 5495 3130 5566 GatenaCorderii.

1859 5568 2112 5640 (99))Kal
2142 5572 2174 5622 ό
2194 5565 2507 5640 Σολομὼν,
2536 5578 2640 5640 et_c.
2685 5565 2912 5640 Schedte
2933 5566 3147 5640 _Grabii.

1865 5636 1958 5708 (I)
1977 5639 2038 5692 '0
2065 5640 2133 5692 ἐκ
2156 5636 2404 5698 παίδων,
2434 5647 2540 5708 etc.
2573 5638 2776 5691 Catena
2803 5636 3073 5692 Corderii.

1859 5706 1936 5783 (Ξ)
1964 5709 2270 5781 Χρήσιμον
2290 5711 2376 5773 εὶς
2400 5706 2593 5773 τοῦτο,
2630 5719 2735 5762 etc.
2777 5707 2996 5767 Eadem.
