3800 6484
119 371 240 427 1649

1099 370 1411 428 SELECTA
1448 369 1519 427 IN
1555 368 1896 430 PSALMOS.
1933 401 2006 414 —
2043 369 2234 428 PSAL.
2269 368 2546 428 CXXXI.‘

3217 371 3358 427 1650

113 489 368 563 πρακτικὴ
394 491 453 544 οὐ
480 491 548 545 τὰ
579 493 827 563 νοήματα
857 492 956 564 τῆς
983 493 1208 564 καρδίας
1231 495 1523 565 περιαιρεῖ,
1547 491 1682 546 ἀλλὰ
1710 496 1734 553 Α

1825 490 2077 547 itationes
2122 492 2326 558 cordis,
2358 492 2452 548 sed
2482 487 2843 562 cogitationes
2873 488 3156 544 aﬂ‘ectihus
3179 489 3348 544 οιηιο-

110 581 172 636 τὰ
195 582 404 653 ἐμπαθῆ
433 587 700 655 νοήματα.
772 641 785 652 ,

652 758 945 812 ΨΑΛΜΟΣ
985 759 1109 812 PA'.

172 848 353 916 Κύριε,
381 849 493 916 οὐχ
527 848 736 918 ὑψώθη
777 852 814 919 ἡ
851 850 1063 920 καρδία
1085 869 1225 921 μου,
1261 851 1404 906 οὐδὲ
1433 853 1677 924 ἐμετεω-

99 939 388 1007 ρίσθησαν
420 941 473 992 οἱ
506 941 802 1012 ὀφθαλμοί
841 961 984 1012 μου,
1037 961 1091 996 κ.
1141 961 1192 996 τ.
1237 944 1283 997 ὲ.
1337 936 1512 998 Αὗται
1560 963 1676 1015 φω-

108 1031 188 1084 ναὶ
215 1029 316 1100 (19.)
345 1030 556 1084 δικαίου
599 1034 657 1086 ὲν
702 1035 1002 1108 χαρίσμασι
1044 1035 1297 1107 μεγάλοις
1337 1038 1430 1090 καὶ
1463 1037 1677 1108 θαυμα-

107 1119 228 1182 σίοις
273 1120 344 1189 μὴ
391 1121 804 1192 τετυφωμένου,
852 1123 985 1195 μηδὲ
1031 1124 1482 1197 ύπεραιρομένου,
1543 1127 1678 1199 μηδὲ

106 1212 472 1284 φυσιουμὲνου,
517 1214 654 1269 ἀλλά
696 1218 788 1270 καὶ
836 1220 894 1272 ἐν
939 1217 1149 1284 τούτοις
1197 1219 1683 1293 ταπεινοφρονοῦν-

102 1321 206 1370 τος.

169 1400 234 1452 El
257 1397 338 1468 μὴ
384 1401 947 1470 ἐταπεινοερρόνουν,
981 1402 1142 1457 ἀλλὰ
1171 1403 1391 1472 ὒψωσα
1420 1402 1534 1470 τὴν
1562 1408 1680 1473 ψυ-

105 1489 390 1586 Xvir-110v.
578 1493 645 1546 τὸ
703 1494 1376 1565 ἀπογεγαλακτισμένον
1426 1495 1525 1549 ἐπὶ
1563 1495 1680 1563 τὴν

97 1582 310 1652 μητέρὶι
346 1585 553 1647 αὑτοῦ,
593 1586 674 1650 ὡς
702 1585 1146 1652 ἀνταποδώσεις
1172 1586 1270 1640 ἐπὶ
1316 1586 1430 1656 τὴν
1466 1587 1678 1656 ψυχήν

99 1696 226 1746 μου,
259 1696 310 1731 κ.
343 1698 390 1732 τ.
419 1681 466 1732 ὲ.
506 1680 591 1742 Ὠς
614 1683 642 1733 6
683 1680 866 1734 Ἰσαὰκ
891 1682 998 1751 (15)
1030 1681 1122 1735 καὶ
1142 1684 1171 1735 6
1194 1682 1447 1752 Σαμουὴλ
1475 1683 1681 1749 ἁπεγα-

1785 584 1926 639 xias.

2280 757 2603 815 PSALMUS
2643 756 2855 814 CXXX.

1859 855 2022 912 Vens.
2059 855 2103 909 1.
2143 853 2384 916 Domine.
2430 873 2533 910 non
2570 867 2644 910 est
2699 857 2987 909 exaltatum
3035 872 3129 909 cor
3158 872 3352 918 meum,

1786 965 1946 1019 neque
1986 947 2106 1002 elati
2151 957 2269 1001 sunt
2299 947 2437 1000 oculi
2464 949 2582 1013 mei,
2618 959 2721 1002 etc.
2757 948 2847 1002 lla'.
2878 959 3003 1003 sunt
3032 964 3196 1002 voces
3219 947 3350 1016 justi

1787 1043 1841 1098 in
1869 1041 2077 1111 magnis
2108 1049 2160 1093 et
2196 1039 2521 1094 admirandis
2547 1043 2736 1111 gratiis
2772 1041 2994 1096 minime
3029 1040 3353 1110 superbien-

1789 1135 1880 1198 tis,
1913 1147 2088 1202 neque
2124 1147 2243 1188 sese
2290 1132 2590 1199 elferentis,
2629 1151 2803 1205 neque
2854 1136 3232 1199 tumescentis,
3264 1146 3356 1186 ee-

1782 1235 1901 1273 rum
1937 1219 2098 1274 etiam
2127 1219 2178 1273 in
2211 1219 2295 1274 his
2329 1220 2604 1276 humiliter
2636 1239 2692 1278 se
2717 1227 2978 1294 gerentis.

1859 1423 2018 1480 Vens.
2053 1423 2106 1477 Ξ.
2144 1422 2205 1478 Si
2243 1440 2344 1477 non
2381 1422 2651 1477 humiliter
2678 1425 2982 1492 sentiebam,
3007 1427 3098 1481 sed
3126 1425 3354 1480 exaltari

1781 1519 2016 1570 animum
2052 1532 2242 1570 meam.
2289 1512 2438 1568 Sicut
2483 1514 2777 1570 obluctatus
2821 1533 2978 1585 super
3014 1527 3181 1572 matre
3232 1533 3352 1581 sua,

1783 1610 1858 1663 sic
1885 1609 2138 1663 retribues
2167 1609 2219 1662 in
2252 1611 2487 1662 animum
2530 1624 2714 1672 meam,
2743 1617 2848 1662 etc.
2891 1609 3350 1675 Quemadmodum

1785 1703 1938 1757 Isaac
1967 1711 2020 1757 et
2063 1702 2283 1756 Samuel
2317 1701 2572 1755 ablactati
2603 1699 2846 1764 fuerunt,
2874 1699 3042 1771 830
3070 1700 3150 1755 sic
3187 1701 3350 1756 etiam

101 1769 476 1844 λακτίσθησαν,
525 1772 698 1837 οὕτως
756 1774 850 1827 καὶ
905 1769 1061 1838 οὗτος
1122 1775 1362 1839 ἐκείνους
1412 1775 1506 1829 καὶ
1557 1776 1734 1854 τοὺςε

1827 1797 1874 1850 ic
1906 1795 1995 1864 qui
2029 1794 2148 1849 illus
2180 1794 2392 1863 illisque
2423 1793 2624 1848 similes
2653 1769 3030 1848 imitatus‘e'st.
3063 1791 3177 1848 Non
3209 1794 3358 1848 exal-

99 1865 306 1934 ὀμοίους
336 1867 517 1930 αὐτοῖς
555 1868 954 1938 μιμησάμενος.
981 1871 1092 1939 Οὐχ
1123 1868 1352 1938 ὑψοῦται
1384 1870 1440 1922 δὲ
1479 1871 1504 1939 ἡ
1534 1869 1680 1940 ψυχὴ

100 1959 188 2011 τού
224 1961 793 2029 ἁπογαλακτισθέντος
831 1963 976 2027 τινὸς
1033 1963 1294 2033 ὑψοῦντος
1343 1962 1528 2034 αὐτὴν,
1566 1964 1680 2017 ἀλλ’

101 2051 318 2121 ὑψοῦται
371 2055 463 2106 ἐπὶ
496 2053 594 2125 τὴν
638 2055 829 2108 ἑαυτοῦ
880 2055 1112 2127 μητέρα,
1156 2056 1284 2127 περὶ
1317 2052 1383 2124 ἧς
1427 2054 1680 2128 εἴρηταις

104 2163 122 2196 ι
165 2145 225 2197 Ἡ
261 2146 316 2199 δὲ
359 2146 470 2200 ἄνω
509 2149 865 2220 Ἰερουσαλὴμ
897 2149 1158 2221 ἐλευθέρα
1189 2150 1359 2217 ἐστὶν,
1401 2149 1524 2220 ἥτις
1567 2151 1683 2203 ἐστὶ

101 2239 276 2308 μήτηρ
307 2238 490 2309 ἡμῶν,
526 2259 546 2292 ι
584 2241 679 2295 καὶ
707 2241 776 2295 τὰ
802 2242 951 2313 ἑξῆς.

171 2332 275 2384 Τοῦ
305 2331 516 2387 αὐτοῦ.
554 2331 631 2405 Τῇ
664 2333 759 2387 τοῦ
793 2335 906 2406 (14)
939 2337 1556 2410 ἀπογεγαλακτισμένου
1583 2337 1684 2409 ψυ-

99 2425 165 2496 χῇ
209 2424 528 2481 ἀποδίδωσιν
575 2429 603 2481 6
652 2427 857 2500 Κύριος
909 2431 1098 2501 μισθὸν
1136 2433 1237 2504 τῆς
1286 2433 1379 2488 ἐπὶ
1430 2433 1684 2488 τοσοῦτον

101 2515 434 2581 ἀναϐάσεως.

179 2610 510 2665 Ἐλπισάτω
551 2611 791 2680 Ἰσραὴλ
841 2613 941 2666 ἐπὶ
998 2613 1105 2668 τὸν
1150 2617 1371 2682 Κύριον
1405 2614 1524 2670 ἀπὸ
1575 2615 1682 2668 τοῦ

93 2703 210 2759 νῦν
240 2705 341 2759 καὶ
380 2705 492 2771 ἕως
519 2705 625 2759 τοῦ
662 2706 897 2772 αἰῶνος,
939 2725 992 2760 κ.
1029 2724 1080 2760 τ.
1126 2708 1173 2760 ὲ.
1207 2707 1296 2760 Ἐν
1328 2709 1429 2778 μὲν
1456 2710 1524 2778 τῇ
1568 2707 1680 2777 (15)

93 2797 199 2868 πρὸ
226 2798 427 2867 ταύτης
460 2797 569 2868 ᾠδῇ
617 2797 894 2851 λέλεκται·
937 2818 955 2848 ‹
995 2798 1126 2852 Ἀπὸ
1174 2799 1422 2869 φυλακῆς
1471 2798 1679 2871 πρῶτος

92 2890 370 2944 ἐλπισάτω
414 2891 630 2962 Ἰσραὴλ
664 2891 754 2944 ἐπὶ
797 2892 890 2945 τὸν
941 2889 1178 2962 Κύριον·
1225 2911 1243 2942 ι
1302 2890 1362 2940 ὲν
1406 2890 1463 2943 δὲ
1491 2888 1679 2962 ,ταύτῃ

91 2985 188 3035 καὶ
214 2983 316 3048 ἕως
365 2984 529 3050 revise;
563 3003 582 3036 ί
615 2983 713 3037 Διὰ
739 2985 801 3037 τὸ
852 2983 960 3038 ἀπὸ
1010 2983 1104 3037 τοῦ
1157 2983 1252 3037 νῦν
1296 2984 1390 3038 καὶ
1438 2983 1542 3048 ἕως
1585 2982 1681 3037 τοῦ

88 3075 313 3140 αἰῶνος.
360 3097 378 3129 ι
414 3079 547 3132 Μετ’
581 3078 784 3131 ἐκεῖνον
814 3077 923 3150 γάρ
951 3093 1033 3140 τις
1067 3075 1328 3130 ἀπολαύει
1360 3075 1430 3130 τὰ
1470 3076 1682 3144 ἐλπιζό-

90 3186 251 3240 μενα.

644 3355 940 3410 ΨΑΛΜΟΣ
973 3357 1143 3409 PAA'.
1711 3365 1755 3422 α

162 3447 498 3516 Μνήσθητι,
553 3449 748 3517 Κύριε,
800 3447 904 3502 τοῦ
948 3448 1148 3513 Δαυῒδ,
1183 3449 1282 3503 καὶ
1326 3445 1530 3517 πάσης
1572 3447 1682 3518 τῆς

79 3545 426 3611 πραότητος
453 3543 660 3606 αὐτοῦ,
693 3561 748 3596 κ.
779 3561 828 3596 τ.
866 3543 912 3596 ὲ.
944 3542 1182 3594 Ἐκείνου
1211 3542 1538 3613 μνημονεύει
1571 3540 1681 3614 (16)

77 3639 110 3690 ὁ
142 3635 349 3706 Κύριος
375 3635 469 3688 τοῦ
517 3636 574 3689 ἐν
614 3629 658 3704 ᾧ
691 3635 921 3704 γίνεται,
957 3633 1209 3688 κάκείνου
1244 3635 1304 3688 ού
1357 3635 1683 3706 μνημονεύει

76 3728 185 3783 τοῦ
220 3731 278 3782 ὲν
309 3721 353 3796 ᾧ
389 3729 449 3782 ού
477 3729 702 3796 γίνεται.
739 3729 802 3781 Εἰ
843 3728 898 3780 δὲ
951 3729 1256 3800 πραότητος
1296 3726 1621 3798 μνημονεύει
1656 3729 1684 3780 6

77 3821 319 3892 Κύριος,
350 3821 550 3892 πολλῆς
578 3821 876 3893 ἁοργησίας
904 3820 1082 3891 χρεία,
1115 3820 1203 3872 ἵνα
1233 3836 1315 3882 τις
1350 3818 1567 3888 δέξηται
1595 3819 1684 3871 τὸν

76 3916 318 3988 Κύριον.
361 3915 612 3986 Πραότης
662 3915 769 3986 γάρ
815 3915 962 3967 ἐστιν
1013 3911 1281 3982 ἀταραξία
1332 3910 1504 3983 θυμοῦ
1543 3911 1686 3964 κατά

79 4008 354 4079 στέρησιν
385 4006 589 4078 ἡδονῶν
625 4006 1026 4078 προσγινομένη
1063 4005 1340 4076 φθαρτῶν.

171 4190 283 4245 Τοῦ
341 4190 550 4244 αὑτοῦ.
595 4189 742 4242 Ἀντὶ
798 4208 816 4240 ‹
875 4188 1180 4260 πραότητος
1221 4190 1334 4262 (17)
1373 4213 1390 4246 ι
1459 4184 1686 4250 Ἀκύλας

82 4304 105 4337 ι
160 4283 460 4355 κακουχίαν
497 4302 515 4334 ι
546 4282 805 4348 ἐξέδωκεν
825 4298 837 4312 ·
860 4284 887 4336 6
909 4281 966 4335 δὲ
995 4280 1291 4352 Σύμμαχος
1320 4297 1337 4330 ι
1367 4278 1630 4340 κάκωσιν,
1662 4298 1680 4330 ι

76 4381 118 4450 ἡ
154 4378 213 4432 δὲ
244 4379 474 4448 πέμπτη
515 4396 534 4428 ί
570 4375 920 4430 ταπείνωσιν.
963 4394 981 4426 i

168 4473 326 4536 ’Έως
363 4467 434 4525 οὗ
468 4469 618 4536 εὕρω
650 4469 836 4520 τόπον
871 4465 950 4531 τῷ
992 4466 1205 4535 Κυρίῳ,
1266 4484 1320 4520 κ.
1377 4482 1427 4518 τ.
1480 4466 1526 4517 ὲ.
1589 4463 1688 4516 Τό·

78 4582 195 4629 πος
232 4564 344 4635 (18)
380 4563 586 4634 Κυρίου
620 4564 648 4615 6
680 4560 803 4624 νοῦς
835 4559 1090 4632 καθαρός.

161 4658 439 4726 Εὗρομεν
489 4654 684 4723 αὐτὴν
727 4655 797 4708 ἐν
841 4652 964 4718 τοῖς
1009 4651 1234 4717 πεδίοις
1282 4649 1389 4704 τοῦ
1435 4647 1685 4719 δρυμοῦ,

1788 1898 1932 1943 tatur
1978 1898 2157 1940 autem
2203 1887 2381 1940 anima
2417 1885 2672 1940 ablactali
2712 1885 2962 1955 quopiam
3007 1885 3154 1940 illam
3182 1886 3357 1941 extol—

1784 1979 1949 2042 lente,
1997 1979 2093 2034 sed
2128 1978 2399 2034 exaltatur
2433 1993 2598 2047 super
2641 1988 2871 2033 matrem
2917 1993 3089 2042 suam,
3134 1979 3198 2033 de
3250 1994 3355 2046 qua

1783 2072 1986 2126 dictum
2013 2077 2098 2124 est
2127 2086 2142 2126 :
2182 2088 2200 2120 ι
2231 2069 2321 2123 Illa
2354 2077 2532 2123 autem
2565 2083 2683 2136 qua:
2707 2083 2922 2124 sursum
2950 2077 3031 2123 est
3055 2065 3355 2124 Jerusalem

1783 2163 1953 2220 libera
1988 2172 2093 2230 est,
2119 2176 2240 2233 quae
2268 2170 2352 2218 est
2381 2173 2554 2217 mater
2581 2171 2767 2217 nostra
2783 2160 3013 2224 “,Ietc.

1855 2341 2132 2412 Ejusdem.
2185 2340 2455 2398 Ablactati
2528 2341 2723 2398 anima:
2782 2341 3033 2398 retribuit
3099 2342 3361 2398 Dominus

1783 2442 2091 2494 mercedem
2128 2445 2284 2492 tantie
2306 2435 2666 2492 ascensionis.

1859 2619 2023 2675 Vens.
2064 2622 2119 2676 5.
2156 2621 2343 2690 Speret
2373 2618 2545 2674 Israel
2567 2618 2618 2670 in
2670 2619 2894 2672 Domino
2936 2633 3002 2672 ea;
3028 2618 3126 2672 hoc
3155 2633 3294 2672 nunc
3313 2623 3365 2672 et

1783 2731 1944 2785 usque
1975 2717 2030 2768 in
2077 2714 2353 2780 swculum,
2381 2726 2486 2769 etc.
2522 2717 2578 2770 In
2614 2712 2938 2785 praecedenti
2971 2712 3190 2782 quidem
3236 2724 3366 2763 can-

1783 2807 1892 2861 tico
1948 2805 2148 2861 dictum
2217 2814 2301 2859 est
2348 2819 2361 2856 :
2410 2807 2495 2860 «Α
2563 2807 2806 2863 custodia
2868 2803 3126 2858 matutina
3184 2806 3364 2866 speret

1782 2899 1947 2956 Israel
1974 2899 2026 2954 in
2061 2900 2318 2967 Domino;
2345 2918 2364 2951 ι
2400 2901 2454 2954 in
2488 2900 2588 2955 hoc
2617 2913 2747 2955 vero
2776 2893 3093 2968 quousque?
3116 2911 3134 2943 ς
3162 2893 3234 2946 lix
3260 2891 3363 2944 hoc

1782 3007 1957 3059 nunc,
2001 2991 2208 3060 inquit,
2265 3000 2321 3046 et
2368 3005 2544 3062 usque
2585 2994 2638 3044 in
2688 2988 2967 3045 saeculum.
2998 3004 3016 3037 ι
3074 2983 3203 3038 Post
3259 2981 3362 3036 hoc

1786 3083 1931 3139 enim
1957 3083 2213 3139 saeculum
2242 3082 2439 3137 fruitur
2459 3081 2583 3152 quis
2611 3083 2676 3137 iis
2700 3096 2819 3151 quae
2843 3088 3189 3149 speraverat.

2276 3352 2598 3410 PSALMUS
2636 3352 2870 3410 CXXXI.

1860 3449 2022 3507 Vens.
2048 3449 2096 3504 1.
2116 3447 2404 3513 Memento,
2435 3447 2678 3518 Domine,
2707 3446 2904 3511 Dauid,
2934 3453 2984 3500 et
3012 3445 3181 3498 omnis
3210 3459 3367 3499 man-

1785 3544 2080 3599 suetudinis
2122 3543 2257 3614 ejus,
2283 3551 2389 3597 etc.
2427 3541 2571 3595 Illius
2604 3541 2846 3595 meminit
2897 3537 3152 3593 Domiuus
3180 3537 3231 3591 in
3259 3553 3367 3606 quo

1786 3647 1902 3702 est;
1966 3636 2110 3690 illius
2148 3651 2279 3690 vero
2334 3649 2439 3689 non
2489 3633 2740 3689 meminit
2795 3633 2846 3686 in
2890 3647 2998 3702 quo
3031 3646 3135 3686 non
3165 3639 3268 3686 est.
3304 3630 3362 3686 Si

1787 3741 1966 3785 autem
2008 3728 2440 3784 mansuetudinis
2487 3725 2734 3780 meminit
2785 3725 3064 3789 Dominus,
3095 3724 3260 3778 multa
3291 3723 3368 3777 le-

1791 3822 1960 3875 nitate
2004 3835 2138 3889 opus
2184 3828 2289 3886 est,
2317 3825 2376 3874 ut
2415 3818 2539 3888 quis
2574 3817 2833 3886 suscipiat
2867 3815 3178 3870 Dominum.
3216 3814 3370 3869 Man-

1788 3913 2018 3968 suetmlo
2057 3913 2200 3966 enim
2263 3919 2349 3966 est
2399 3909 2566 3963 animi
2624 3918 2800 3964 status
2847 3907 3270 3978 imperturbatus
3314 3915 3369 3961 ct

1787 4005 1970 4065 omnis
1995 4002 2197 4058 furoris
2219 4017 2436 4070 expers,
2461 4016 2620 4071 quem
2655 3999 3090 4070 corruptibilium
3119 3997 3368 4068 volupta-

1791 4107 1902 4153 tum
1937 4097 2169 4167 privatio
2202 4102 2480 4163 procurat.

1863 4191 2137 4261 Ejusdem.
2180 4188 2287 4243 Pro
2334 4189 2836 4245 cmansuetndinei
2889 4185 3083 4256 Aquila
3136 4184 3373 4240 reddidit

1795 4305 1814 4337 ι
1843 4299 2119 4348 :erumna;
2152 4301 2170 4335 ι
2226 4281 2586 4354 Symmachus
2657 4280 3126 4344 ialﬂictionemp
3178 4278 3371 4346 quinta

1791 4375 1960 4431 editio
1998 4394 2015 4427 ι
2047 4373 2504 4429 hmnilialionem.
2532 4392 2550 4425 ι

1865 4469 2028 4523 Vens.
2066 4468 2119 4524 5.
2161 4468 2338 4523 Donec
2397 4468 2658 4522 inveniam
2711 4465 2883 4519 locum
2951 4463 3199 4527 Domino,
3258 4473 3365 4518 etc.

1795 4559 1968 4615 Locus
1999 4562 2212 4615 Domini
2254 4577 2409 4616 mens
2441 4577 2601 4631 pura.

1871 4655 2034 4711 Vens.
2069 4655 2120 4708 6.
2161 4655 2463 4712 Invenimus
2515 4673 2633 4712 eam
2685 4656 2742 4711 in
2799 4652 2998 4717 campis
3057 4651 3224 4716 silvae,
3260 4658 3367 4704 etc.

76 4771 145 4808 κ.
183 4723 337 4805 τίὲ.
385 4748 520 4821 Περὶ
571 4747 672 4818 τῆς
718 4746 826 4818 (19)
875 4746 1066 4818 σοφίας
1117 4743 1265 4814 λέγει
1310 4741 1684 4815 προφητικῶς,
1723 4723 1734 4775 Ῐ

1818 4749 2118 4820 ‘rophetiee
2150 4750 2389 4820 loquitur
2411 4750 2477 4804 de
2508 4748 2780 4820 sapientia
2809 4761 2928 4817 quae
2961 4753 3046 4801 est
3066 4744 3335 4799 Christus.

72 4848 217 4918 ἥτις
257 4845 404 4898 ἐστὶν
435 4847 463 4897 6
491 4841 742 4913 Χριστός.

166 4942 237 4993 οι
269 4937 444 5006 ἱερεῖς
472 4949 589 4990 σου
629 4933 984 4988 ἐνδύσονται
1023 4929 1436 4995 δικαιοσύνην,
1488 4927 1585 4981 καὶ
1635 4929 1688 4980 οἱ

76 5034 258 5090 ὀσιοί
304 5049 419 5088 σου
465 5027 956 5100 ἀγαλλεάσονται,
998 5044 1051 5080 κ.
1096 5043 1148 5078 τ.
1189 5025 1236 5077 ὲ.
1265 5024 1471 5094 Ὥσπερ
1505 5020 1688 5075 ἐνδύε-

74 5129 184 5182 ταί
225 5125 341 5199 (20)
370 5144 453 5188 τις
485 5123 849 5194 δικαιοσύνην,
882 5120 1024 5174 οὕτω
1070 5118 1163 5172 καὶ
1202 5115 1552 5190 σωφροσύνην
1597 5115 1690 5168 καὶ

80 5219 357 5291 ἀνδρείαν
391 5219 482 5271 καὶ
511 5217 732 5288 ἀγάπην
765 5215 858 5269 καὶ
893 5209 1294 5287 μακροθυμίαν,
1329 5210 1424 5264 καὶ
1453 5207 1552 5274 τὰς
1577 5207 1687 5261 λοι-

80 5314 209 5376 πὰς
246 5310 470 5383 ἀρετάς.

164 5451 218 5482 ²²
259 5447 441 5504 Galat.
483 5443 674 5513 tv,26.

202 5613 299 5676 18)
341 5607 766 5682 Αὕταιςρωναί,
792 5610 1135 5682 etc._Catena
1177 5606 1444 5666 Curderii.

200 5685 296 5758 11'?)
318 5685 426 5758 "ag
456 5687 488 5736 ὀ
530 5679 748 5758 Ἰσαάκ,
764 5692 878 5758 etc.
909 5679 1128 5738 Eadem.

167 5752 298 5828 (14)
335 5754 413 5828 Τῇ
463 5755 590 5828 τοῦ,
618 5763 723 5828 etc.
764 5752 987 5828 Eade_m.

171 5823 302 5898 (15)
349 5823 453 5880 Ἐν
477 5825 594 5894 μὲν
625 5823 720 5893 τῇ,
748 5836 853 5878 ειε.
894 5823 1118 5898 Eadem.

171 5894 298 5971 (16)
344 5899 612 5954 Ἑκείνευ
635 5895 1017 5967 μνημονεύει,
1052 5905 1157 5951 etc.
1193 5895 1417 5954 Schcdie
1451 5894 1656 5953 Grahii.

1869 4929 2032 4986 Vens.
2053 4930 2105 4986 9.
2129 4927 2440 4986 Sacerdotes
2469 4932 2548 4985 tui
2573 4928 3155 5000 imluenturjustit‘iam,
3180 4936 3226 4979 et
3249 4940 3374 4979 san-

1796 5023 1869 5076 eti
1887 5022 1965 5076 tui
1989 5021 2346 5091 exsultabunt,
2367 5035 2470 5080 etc.
2491 5023 2956 5093 Quemadmodum
2986 5019 3226 5074 induitur
3252 5017 3373 5087 quis

1793 5114 2104 5183 justitiam,
2161 5116 2232 5169 ita
2294 5126 2350 5171 et
2411 5115 2752 5187 prudentiam
2800 5121 2852 5170 et
2903 5110 3277 5169 fortitudinem
3319 5119 3374 5164 et

1795 5208 2116 5264 charitatem
2140 5218 2194 5262 et
2216 5207 2686 5281 longanimitatem
2704 5216 2758 5263 et
2780 5205 3019 5274 reliquas
3047 5204 3293 5259 virtutes.

1878 5608 1992 5680 (17)
2037 5610 2186 5665 Ἀντί
2216 5610 2566 5680 πραότητος,
2591 5615 2700 5663 etc.
2729 5607 2965 5664 Eaedem.

1881 5679 1896 5745 (
1907 5684 1924 5736 1
1940 5679 1992 5748 8)
2030 5683 2237 5748 Τόπος,
2260 5679 2373 5736 etc.
2401 5681 2638 5738 Eaedem.

2031 5752 2171 5826 Περὶ
2199 5752 2327 5826 τῆς,
2360 5761 2468 5826 etc.
2505 5749 2738 5807 Eaedem.

1879 5819 1994 5898 (‘20)
2028 5819 2252 5892 ’.ρο-περ
2280 5821 2570 5888 ἐνδύεται,
2597 5833 2704 5879 etc.
2735 5819 2969 5878 Eaedem.
