3800 6484
173 345 299 405 1653

1089 354 1392 410 summa
1433 354 1498 410 IN
1534 355 1875 412 ussuros.
1915 388 1988 401 _
2023 329 2216 412 PSAL.
2255 353 2514 411 cxxxv.

3280 355 3413 410 1654

168 470 236 533 ὡς
281 471 338 522 ἐν
387 470 466 540 τῷ
508 471 777 544 Ἐϐραῖκῴ
801 489 814 502 ο
850 471 946 526 νῦν
989 473 1046 526 δὲ
1098 474 1234 543 μετὰ
1263 473 1376 539 τοῦ,
1407 494 1424 526 ι
1457 475 1514 526 ὲν
1549 474 1735 538 αὐλαῖς

1847 475 1894 528 in
1923 475 2086 528 domo
2123 473 2357 537 Domini,
2383 491 2401 526 ι
2439 481 2498 528 ut
2537 472 2642 528 fert
2694 483 2871 530 textus
2901 473 3233 540 Hebraieus;
3267 492 3410 532 nunc

167 563 303 616 οἴκου
334 563 467 617 Θεοῦ
495 565 673 636 ἡμῶν.
718 586 736 618 ι

231 655 347 708 Ὅτι
567 656 816 727 ἔγνωκα,
865 659 954 712 ὅτι
995 657 1184 730 μέγας
1217 663 1250 714 ό
1296 662 1531 730 Κύριος,
1567 660 1664 713 καί
1699 664 1731 715 ό

162 747 366 815 Κύριος
400 748 570 817 ἡμῶν
599 751 756 819 παρὰ
796 751 1027 819 πάντας
1079 755 1220 820 τοὺς
1261 754 1455 820 θεοὺς,
1497 772 1551 809 κ.
1599 772 1651 807 τ.
1681 756 1728 808 ἐ.

169 840 224 892 '0
258 840 354 910 μὲν
395 840 577 914 Ἰοθώρ
631 861 763 916 φησι
790 844 937 916 (ξ’-8)⁸
978 865 996 896 ι
1033 844 1147 899 Νῦν
1201 846 1393 915 ἔγνων,
1427 848 1508 900 ὅτι
1561 846 1733 918 μέγας

159 931 354 1004 Κύριος
383 933 534 1006 παρὰ
564 937 770 1001 πάντας
810 939 938 1002 τούς
970 937 1156 1000 Θεούςο
1206 958 1225 988 ›
1253 940 1282 993 6
1313 937 1368 991 δὲ
1407 941 1694 1012 Προφήτης
1714 955 1728 969 ·

162 1043 179 1074 ι
218 1025 335 1078 ’Ότι
365 1025 474 1094 ἐγὼ
497 1027 666 1097 ἔγνων
699 1049 717 1081 ›
753 1030 988 1102 πρῶτον.
1019 1050 1036 1083 ι
1063 1032 1146 1084 ὃτι
1181 1030 1356 1102 μέγας
1387 1033 1416 1084 6
1450 1031 1673 1102 Κύριος,
1705 1052 1724 1084 ι

154 1110 285 1178 εἶτα,
317 1136 334 1167 ι
369 1118 461 1171 καὶ
481 1121 508 1172 6
526 1120 725 1192 Κύριος
748 1124 780 1193 ἡ
789 1121 904 1193 μῶν
931 1121 1082 1194 παρὰ
1107 1123 1314 1186 πάντας
1342 1122 1467 1186 τοὺς
1492 1121 1664 1187 θεούς.
1705 1143 1723 1176 ι

220 1208 421 1264 Πάντα
453 1211 569 1266 ὅσα
593 1213 897 1282 ἠθέλησεν
921 1218 952 1268 ὀ
980 1216 1211 1284 Κύριος,
1241 1216 1529 1284 ἐποίησεν
1553 1215 1623 1270 ἐν
1651 1217 1729 1284 τῷ

149 1303 380 1370 οὐρανῷ
413 1305 509 1358 καὶ
537 1306 607 1359 ἐν
635 1305 708 1376 τῇ
737 1305 832 1378 τῇ,
869 1307 938 1361 ἐν
973 1307 1100 1375 ταῖς
1145 1306 1501 1374 θαιτιάσσίιις,
1535 1309 1632 1363 καὶ
1660 1310 1730 1362 ἐν

149 1395 368 1462 πείσαις
409 1397 537 1464 ταῖς
567 1400 880 1466 ἀϐύσσοις,
917 1419 970 1454 κ.
1001 1418 1052 1454 τ.
1087 1402 1134 1454 ὲ.
1161 1402 1302 1456 Ὅσα
1334 1402 1587 1472 ἐποίησεν
1615 1401 1727 1473 (‘29)

147 1490 176 1540 6
213 1491 412 1562 Κύριος
435 1492 490 1543 ὲν
519 1491 596 1562 τῷ
619 1492 850 1565 οὐρανῷ,
890 1496 983 1548 καὶ
1011 1496 1067 1548 ὲν
1099 1497 1164 1566 τῇ
1192 1496 1358 1567 γῇ,ὲν
1390 1499 1509 1560 ταῖς
1539 1496 1731 1551 Θαλάσ-

150 1600 268 1645 σαις
299 1585 392 1638 καὶ
421 1587 478 1638 ἐν
516 1589 632 1650 ταῖς
665 1583 921 1651 ἀϐύσσοις
950 1587 1090 1642 καλά
1122 1589 1288 1653 ἐστιν,
1325 1589 1419 1644 ἅτε
1465 1589 1727 1662 θελήματι

149 1673 413 1744 γενόμενα
463 1675 618 1730 Θεοῦ,
656 1678 718 1730 Εί
751 1677 808 1732 δέ
854 1678 936 1742 τίς
976 1680 1124 1732 ἐστιν
1171 1680 1229 1732 ὲν
1266 1681 1500 1752 οὐρανῷ,
1536 1682 1611 1746 ὡς
1661 1681 1728 1736 τὰ

145 1766 487 1834 πνευματικὰ
518 1769 616 1839 τῆς
647 1770 928 1841 πονηρίας,
964 1771 996 1842 ἢ
1029 1773 1086 1824 ἐν
1115 1775 1182 1842 τῇ
1223 1775 1316 1843 γῇ,
1348 1773 1422 1837 ὡς
1457 1774 1506 1826 οἱ
1552 1775 1730 1846 ἀμαρ-

1839 573 2019 618 autem
2055 564 2294 635 adjungi,
2334 583 2353 616 ι
2379 565 2432 619 in
2468 564 2625 619 atriis
2656 565 2848 620 domus
2885 567 2975 621 Dei
3013 567 3213 621 nostri.
3246 586 3265 619 ι

1909 655 2072 727 832
2100 656 2266 712 Vens.
2308 657 2364 712 5.
2399 655 2537 723 Quia
2565 673 2656 728 ego
2679 659 2896 729 cognoui
2923 660 3062 730 quod
3088 677 3306 730 magnus
3337 672 3412 716 est

1840 747 2124 814 Dominus,
2154 760 2200 804 et
2237 749 2493 806 Dominus
2525 763 2702 806 noster
2725 769 2836 821 pra:
2869 753 3114 809 onmibus
3153 755 3277 818 diis,
3305 765 3412 808 etc.

1837 841 2026 898 Jethro
2052 843 2268 912 quidem
2297 845 2436 898 ait“
2469 861 2484 899 τ
2526 864 2544 896 ι
2568 845 2722 900 Nunc
2755 845 2980 916 cognovi
3022 847 3145 915 quia
3188 863 3415 917 magmns

1840 935 2096 990 Dominus
2147 943 2344 1002 praeter
2391 951 2582 992 omnes
2645 937 2866 1004 deos“
2932 936 3202 1009 PrOphcta
3251 956 3412 1006 vero,

1843 1029 2010 1096 «Quia
2037 1043 2135 1099 ego
2165 1027 2392 1100 cognovi
2434 1029 2668 1098 primum
2697 1032 2822 1102 quia
2871 1047 3101 1102 magnus
3127 1043 3207 1087 est
3234 1031 3414 1086 Domi-

1836 1137 1992 1185 nus,»
2015 1121 2229 1187 deinde,
2267 1137 2286 1170 ι
2311 1131 2363 1176 et
2382 1120 2640 1177 Dominus
2659 1132 2839 1178 noster
2856 1139 2966 1192 pra:
2981 1123 3233 1178 omnibus
3252 1125 3373 1177 aliis.
3390 1143 3406 1174 ι

1911 1215 2075 1269 Vens.
2108 1213 2160 1268 6.
2200 1213 2394 1268 Omnia
2424 1230 2749 1284 quiscunque
2781 1216 2947 1271 voluit
2975 1215 3258 1280 Dominus,
3291 1215 3408 1285 fecit

1837 1310 1891 1362 in
1927 1308 2054 1363 caelo
2083 1318 2131 1362 et
2169 1307 2224 1361 in
2268 1319 2429 1372 terra,
2476 1309 2529 1362 iu
2569 1308 2705 1360 mari
2739 1320 2786 1362 et
2827 1311 2880 1363 in
2911 1311 3154 1364 omnibus
3185 1310 3409 1379 abyssis,

1835 1412 1942 1458 etc.
1984 1402 2329 1470 Quaecunque
2365 1401 2495 1456 fecit
2531 1401 2792 1458 Dominus
2818 1403 2869 1456 in
2899 1403 3038 1458 coelo
3077 1414 3127 1458 et
3162 1403 3212 1456 in
3243 1414 3407 1466 terra,

1837 1495 1889 1550 in
1925 1493 2167 1548 maribus
2193 1502 2245 1548 et
2281 1495 2334 1547 in
2370 1493 2605 1562 abyssis,
2632 1494 2769 1549 bona
2803 1503 2953 1557 sunt,
2995 1503 3184 1563 utpote
3215 1493 3409 1548 volun-

1837 1595 1949 1640 tate
1991 1586 2083 1640 Dei
2113 1584 2274 1640 facta.
2304 1585 2360 1641 Si
2398 1588 2521 1656 quis
2561 1595 2740 1640 autem
2765 1597 2846 1641 est
2874 1586 2926 1641 in
2960 1585 3118 1650 caelo,
3152 1587 3409 1656 qm-mad-

1837 1678 2052 1733 tnodum
2087 1677 2349 1748 spiritalia
2386 1678 2678 1747 nequitiae;
2711 1677 2792 1730 vel
2851 1676 2903 1731 in
2939 1687 3109 1742 terra,
3141 1687 3201 1730 ut
3234 1677 3410 1732 homi-

1839 1787 1934 1828 nes
1982 1783 2326 1843 peccatorcs;
2370 1769 2456 1823 vel
2498 1770 2550 1825 in
2593 1770 2861 1834 maribus,
2896 1781 2953 1824 ut
2981 1769 3186 1825 malitia
3220 1772 3412 1825 draco-

139 1860 299 1913 τωλοὶ
335 1860 630 1933 ἄνθρωποι,
661 1863 693 1933 ἢ
719 1865 774 1917 ὲν
806 1866 926 1926 ταῖς
959 1863 1273 1929 Θαλάσσαις,
1307 1866 1382 1929 ὼς
1416 1869 1447 1938 ἡ
1483 1866 1577 1919 τοῦ
1599 1867 1728 1939 δρά-

1849 1868 1946 1931 iis;
1972 1867 2055 1920 vel
2102 1867 2154 1921 in
2202 1867 2438 1938 abyssis,
2467 1875 2524 1920 ut
2562 1864 2890 1934 perversitas
2936 1879 3124 1920 eorum
3155 1865 3246 1935 qui
3281 1864 3410 1920 illuc

141 1971 326 2018 κοντος
350 1956 538 2022 κακία,
569 1957 602 2029 ἢ
633 1959 689 2010 ὲν
713 1961 834 2022 ταῖς
856 1958 1134 2023 ἀδύσσοις,
1171 1960 1246 2022 ὠς
1285 1962 1317 2032 ἡ
1360 1961 1594 2032 πονηρία
1617 1962 1725 2015 τῶν

139 2049 626 2119 προστασσομένων
657 2052 772 2103 ἐκεῖ
815 2050 1092 2104 ἀπελθεῖν·
1143 2053 1310 2105 κακὸν
1350 2052 1508 2106 τοῦτο
1553 2055 1650 2125 οὐχ
1695 2056 1725 2107 6

135 2139 267 2202 Θεὸς
303 2140 522 2223 ἐποίησε
547 2141 624 2212 τῷ
653 2142 915 2215 Θελήματι
949 2144 1114 2198 αὐτοῦ
1135 2161 1148 2174 ο
1180 2163 1199 2196 ι
1242 2146 1336 2199 Ἐκ
1367 2145 1476 2218 γὰρ
1519 2146 1724 2217 στόμα-

134 2249 224 2296 τος
247 2233 499 2303 Ὑψίστου
526 2236 624 2288 οὐκ
646 2235 982 2302 ἐξελεύσεται
1003 2237 1070 2291 τὰ
1093 2237 1239 2291 κακὰ
1257 2239 1349 2291 καὶ
1377 2238 1436 2290 τὸ
1454 2237 1673 2307 ἀγαθόν.
1699 2258 1718 2290 ι

212 2326 320 2380 Τοῦ
353 2328 560 2382 αὑτοῦ.
590 2329 800 2402 Ὠσπερ
854 2331 882 2383 6
931 2331 1159 2403 οὐρανὸς
1204 2332 1313 2403 (50)
1353 2332 1522 2401 ἁγίων
1562 2331 1722 2385 δυνά-

137 2417 279 2488 μεὼν
314 2419 462 2473 ἐστιν
504 2423 837 2496 οἰκητήριον,
868 2423 1010 2477 οὕτω
1047 2426 1140 2478 καὶ
1179 2427 1210 2496 ή
1251 2426 1321 2497 γῆ
1367 2425 1474 2478 τῶν
1518 2425 1724 2497 ἀνθρὼ-

136 2527 272 2562 πων.
309 2530 327 2562 ι
363 2511 418 2564 Ὀ
461 2512 687 2584 οὐρανὸς
769 2513 898 2587 γὰρ,
955 2517 1107 2584 φησὶ,
1215 2517 1308 2570 τοῦ
1362 2517 1592 2591 οὐρανοῦ
1647 2519 1723 2590 τῷ

133 2601 347 2672 Κυρίῳ,
379 2603 477 2674 τὴν
507 2604 562 2656 δὲ
583 2604 685 2675 γῆν
707 2604 874 2658 ἔδωκε
902 2609 1015 2669 τοῖς
1042 2608 1174 2670 υἱοῖς
1204 2605 1312 2660 τῶν
1337 2605 1657 2677 ἀνθρώπων.
1697 2627 1715 2658 ι

131 2695 244 2747 Καὶ
275 2695 462 2768 ὥσπερ
495 2700 552 2750 ἐν
584 2701 704 2762 ταῖς
733 2699 1008 2770 τροπικῶς
1052 2700 1374 2771 λεγομέναις
1422 2700 1720 2764 θαλάσσαις

126 2786 369 2845 οίκόῦτιν
404 2788 449 2840 oi
480 2790 840 2860 ἀντικείμενοι
867 2793 998 2862 ἡμῖν
1027 2791 1298 2863 δαίμονες,
1343 2795 1399 2845 ὲν
1438 2788 1527 2856 αἷς
1566 2793 1660 2847 καὶ
1691 2794 1720 2845 6

125 2886 342 2957 δράκων
380 2882 621 2954 ἐπλάσθη
663 2882 756 2936 τοῦ
802 2885 1090 2956 ἐμπαίζειν
1133 2883 1314 2956 αὐτῷ·
1356 2883 1498 2938 οὕτω
1529 2885 1624 2939 καὶ
1662 2887 1719 2939 ἐν

123 2981 248 3043 ταῖς
281 2976 657 3051 ἀλληγορικῶς
697 2977 1016 3049 λεγομέναις
1061 2977 1318 3042 ἀϐύσσοις
1354 2978 1404 3031 οἱ
1446 2977 1716 3048 καταχθό-

124 3090 235 3127 νιοι
274 3074 547 3144 δαίμονες.

211 3165 464 3236 Ἁνάγων
491 3165 752 3236 νεφέλας
778 3163 849 3228 ἐξ
886 3161 1149 3233 ἐσχάτου
1179 3163 1289 3233 τῆς
1316 3163 1429 3234 γῆς
1448 3181 1460 3194 ·
1493 3164 1716 3232 ἀστρα-

119 3257 247 3324 πὰς
278 3233 364 3323 εἰς
397 3233 575 3312 ὑετὸν
605 3258 916 3325 ἐποίησεν,
957 3273 1011 3310 κ.
1043 3273 1093 3308 τ.
1131 3257 1178 3310 ἐ.
1219 3233 1434 3328 Νεφέλη
1462 3258 1578 3312 ἐστὶ
1605 3257 1716 3328 (51)
1744 3233 1787 3292 c

119 3350 290 3420 φύσις
314 3349 524 3422 λογικὴ,
555 3352 680 3414 τοὺς
712 3352 839 3422 περὶ
883 3349 1148 3422 Προνοίας
1192 3349 1385 3418 λόγους
1419 3368 1717 3405 πεπιστευ-

121 3441 265 3513 μένη
287 3457 300 3472 ο
337 3440 588 3512 ἀστραπὴ
626 3440 682 3493 δέ
724 3442 840 3494 ἐστι
879 3439 1196 3495 διδασκαλία
1231 3441 1598 3516 πνευματικὴ,
1628 3441 1714 3496 λο-

117 3527 290 3596 γικὰς
327 3529 504 3600 ψυχὰς
534 3530 641 3584 ἀπὸ
669 3531 868 3594 κακίας
894 3533 980 3584 ἐπ’
1013 3530 1213 3604 ἀρετὴν
1238 3532 1606 3601 ἐπανάγουσα.

197 3621 307 3676 Καὶ
340 3622 523 3676 ἔδωκε
549 3623 660 3691 τὴν
683 3623 800 3695 γῆν
822 3624 1027 3679 αὐτῶν
1054 3625 1479 3694 κληρονομίαν,
1507 3643 1562 3681 κ.
1587 3644 1636 3680 τ.
1668 3626 1714 3680 ὲ.

117 3713 189 3766 Ei
221 3716 252 3785 ἡ
288 3713 619 3786 κληρονομία
650 3717 757 3786 (3‘2)
788 3721 820 3789 ἡ
831 3718 946 3788 μῶν
971 3717 1172 3787 γνῶσίς
1197 3719 1346 3771 ἐστιν
1369 3720 1403 3789 ἡ
1437 3716 1529 3772 τοῦ
1557 3717 1714 3782 Θεοῦ,

117 3805 246 3870 πῶς
270 3805 516 3875 λέγονται
560 3810 808 3880 κατέχειν
838 3811 1040 3882 ταύτην
1079 3812 1127 3864 oi
1176 3811 1574 3882 ἁντικείμενοι;
1608 3813 1718 3865 Καὶ

117 3897 384 3970 ζητήσεις
431 3902 640 3971 μήποτε
695 3901 942 3971 λέγονται
990 3904 1260 3974 κατέχειν,
1291 3903 1388 3975 οὐχ
1429 3903 1506 3967 ὡς
1550 3901 1714 3973 γινὼ-

119 4007 366 4056 σκοντες,
399 3992 512 4045 ἀλλ’
542 3994 617 4057 ὡς
645 3995 946 4060 κωλύοντες
979 3998 1128 4067 ἡμᾶς
1158 3996 1332 4050 ἐλθεῖν
1366 3995 1502 4068 πρὸς
1523 3996 1712 4068 αὐτήν.

195 4087 540 4156 Εἰκῑογητύς
569 4091 784 4157 Κύριος
811 4089 879 4143 ἐκ
921 4089 1074 4144 Σιὼν
1104 4093 1136 4143 ό
1178 4087 1468 4144 κατοικῶν
1508 4090 1714 4158 Ἰερου-

115 4179 354 4249 σαλὴμ,
396 4198 450 4234 κ.
497 4199 548 4235 τ.
585 4183 631 4235 ἑ.
685 4183 742 4236 '0
776 4184 834 4236 ὲν
880 4183 1098 4257 καθαρᾷ
1134 4184 1245 4254 (55)
1289 4183 1488 4255 καρδίᾳ.
1535 4199 1716 4235 κατοι-

116 4273 239 4326 κῶν
263 4277 504 4327 κατοικεῖ
545 4277 601 4327 ὲν
642 4275 1018 4348 Ἰερουσαλήμ.
1063 4277 1351 4330 Κατοικεῖν
1383 4275 1439 4328 δὲ
1467 4275 1628 4328 αὐτὸν
1657 4276 1714 4327 ὲν

131 4367 488 4439 Ἰερουσαλὴμ
516 4368 638 4440 ἔφη,
680 4370 740 4422 οὐ
776 4369 871 4440 τὴν
915 4370 1065 4424 Θείαν
1101 4369 1264 4440 φύσιν
1289 4371 1404 4422 ἐκεῖ
1449 4367 1714 4440 περιγρά-

115 4477 260 4528 φων,
292 4459 405 4513 ἀλλ’
429 4462 544 4513 ἐκεῖ
576 4462 874 4530 τηνικαῦτα
900 4461 995 4534 τὴν
1031 4461 1180 4514 Οείαν
1207 4460 1528 4530 ἐπιφάνειαν
1557 4457 1712 4520 εἰδὼς

115 4555 179 4608 ἐν
206 4554 281 4626 τῷ
309 4553 421 4625 ναῷ
446 4554 545 4624 τῆς
582 4555 646 4608 Ἰε
657 4556 887 4628 ρουσαλή
897 4574 954 4626 μ.

649 4735 792 4788 ‘i'AA
802 4737 942 4788 ΜΟΣ
996 4736 1080 4788 ΡΛ
1088 4733 1164 4788 Ε’.

205 4825 683 4897 Ἑξομολογεῖσθε
725 4827 804 4893 τῷ
833 4827 1057 4896 Κυρίῳ,
1089 4829 1179 4881 ὅτι
1215 4827 1436 4898 ἀγαθὸς
1457 4867 1472 4892 ,
1503 4828 1588 4882 ὅτι
1621 4832 1706 4896 εἰς

114 4918 228 4970 τὸν
264 4916 450 4971 αὶῶνα
491 4919 557 4971 τὸ
606 4921 778 4986 ἕλεος
820 4919 1044 4984 αὐτοῦ,
1074 4938 1127 4974 κ.
1165 4937 1217 4973 τ.
1249 4921 1295 4973 ὲ.
1332 4921 1393 4973 Οἱ
1431 4920 1706 4974 ταλαιπω-

122 5011 343 5081 ροῦντες
372 5011 480 5082 (54)
511 5013 568 5064 ὲν
606 5013 682 5084 τῷ
715 5013 868 5067 αἰῶνι
908 5015 1133 5078 εἰκότως
1161 5014 1420 5086 χρῄζουσι
1461 5016 1556 5070 καὶ
1590 5015 1704 5068 ὲλὲ-

114 5122 214 5169 ους
243 5106 298 5156 ἐν
315 5104 407 5176 -τῷ
441 5107 616 5161 αἰῶνι.

206 5199 690 5270 Ἐξομολογνεῖσθε
724 5199 805 5266 τῷ
841 5199 962 5266 Θεῷ
996 5198 1113 5253 τῶν
1139 5199 1323 5263 θεῶν,
1356 5201 1444 5253 ὅτι
1477 5203 1564 5267 εὶς
1596 5201 1703 5254 τὸν

115 5293 307 5346 αἰῶνα
357 5292 424 5346 τὸ
465 5294 635 5361 ἔλεος
676 5293 901 5358 αὑτοῦ,
944 5311 998 5348 κ.
1047 5311 1099 5347 τ.
1147 5294 1194 5346 ἐ.
1256 5295 1319 5346 Ἡ
1363 5292 1700 5366 ἐξομολόγη-

116 5402 207 5448 σις
238 5385 347 5458 (53)
393 5385 490 5458 τὴν
519 5387 868 5457 εὐχαριστίαν
911 5386 1004 5440 καὶ
1049 5385 1353 5455 δοξολογίαν
1404 5387 1656 5456 σημαίνει
1685 5403 1696 5415 ο

193 5510 238 5545 ³³
265 5507 435 5565 Exod.
461 5524 616 5574 mu,
641 5509 726 5564 11.

195 5625 306 5696 (9.8)
348 5627 411 5680 Ὀ
441 5625 558 5696 μὲν
590 5624 776 5694 Ἰοθὼρ
797 5642 966 5697 φησι,
998 5639 1103 5683 etc.
1135 5629 1338 5684 Catena
1375 5627 1641 5686 Corderii.

195 5698 308 5765 (:19)
349 5698 502 5752 Ὅσα
529 5698 840 5766 ἐποίησεν,
880 5710 986 5754 clc.
1016 5699 1236 5753 Eadem.

196 5769 307 5837 (δυ)
335 5770 557 5839 ’Ὠσπερ
599 5773 631 5824 ό
668 5770 943 5836 οὐρανός,
979 5780 1084 5824 etc.
1123 5771 1347 5826 St'ltch!
1385 5770 1593 5828 Grabii.

197 5839 308 5909 (51)
341 5841 578 5911 Νεφέλη
612 5842 808 5908 ἐστίν,
839 5843 1209 5910 ιειιεηιιωιιοιιι.

1828 1961 1978 2014 abire
2005 1960 2142 2030 jussi
2175 1970 2322 2021 sunt.
2357 1960 2558 2014 malum
2592 1960 2696 2014 hoc
2734 1973 3073 2028 nequaquam
3112 1958 3239 2014 fecit
3269 1957 3409 2014 Deus

1832 2053 2107 2107 voluntate
2147 2069 2266 2108 sua.
2305 2051 2478 2106 «Nam
2521 2068 2587 2107 ex
2644 2067 2740 2107 ore
2787 2052 3053 2107 Allissimi
3100 2067 3205 2108 non
3246 2067 3404 2123 egre.

1829 2145 2044 2200 dieutur
2072 2145 2210 2200 mala
2236 2154 2292 2200 et
2324 2144 2526 2200 bonum
2544 2143 2613 2204 “.
2639 2163 2658 2198 ι

1899 2324 2180 2396 Ejusdem.
2213 2323 2682 2394 Quemadmodum
2724 2326 2923 2380 coelum
2953 2336 3264 2382 sanctarum
3292 2329 3406 2382 vir-

1831 2423 2025 2481 tutum,
2073 2417 2152 2471 sic
2209 2427 2259 2472 et
2329 2427 2472 2472 terra
2525 2417 2804 2471 hominum
2864 2425 2949 2471 est
3009 2418 3402 2480 habitaculum.

1831 2525 1850 2558 ι
1880 2506 2088 2562 Caelum
2123 2509 2291 2576 enim,
2320 2507 2496 2578 inquit
2519 2509 2585 2574 ³⁸,
2615 2509 2741 2564 cmli
2796 2509 3043 2573 Domino,
3075 2519 3272 2566 terram
3317 2525 3406 2564 au-

1827 2607 1932 2652 tem
1967 2600 2120 2654 dedit
2175 2600 2300 2656 tiliis
2338 2600 2641 2656 hominum.
2669 2619 2687 2652 ι
2736 2601 2802 2655 Et
2847 2602 3301 2672 quemadmodum
3353 2607 3404 2656 iu

1827 2690 2033 2758 tropice
2080 2690 2241 2746 dictis
2290 2691 2531 2747 maribus
2567 2693 2867 2747 adversarii
2925 2693 3084 2749 nobis
3132 2695 3406 2749 daemones

1823 2783 2092 2849 habitant,
2120 2784 2340 2857 illicquc
2369 2789 2535 2842 etiam
2576 2789 2741 2843 draco
2769 2788 2928 2845 ﬁctus
2950 2798 3032 2845 est
3061 2799 3119 2843 ut
3147 2789 3405 2846 illuderct

1820 2876 1893 2940 ei,
1927 2875 2008 2931 sic
2033 2886 2088 2932 et
2120 2879 2172 2932 in
2201 2879 2488 2951 allegorice
2527 2883 2738 2939 vocatis
2778 2885 2994 2957 abyssis
3027 2883 3278 2940 habitant
3315 2885 3405 2941 iu-

1820 2968 1960 3026 l‘erni
1990 2971 2290 3028 daamones.

1893 3147 2057 3210 Vatis.
2099 3151 2152 3206 7.
2191 3151 2436 3208 Educens
2478 3155 2638 3209 nubes
2663 3156 2730 3210 ab
2757 3167 2990 3212 extremo
3017 3165 3198 3220 terrm,
3223 3157 3402 3228 fulgu-

1823 3258 1883 3296 ra
1923 3245 1977 3298 in
2011 3243 2246 3312 pluviam
2283 3246 2430 3316 fecit,
2463 3257 2570 3301 etc.
2620 3247 2802 3304 Nubes
2830 3259 2914 3304 est
2951 3257 3147 3304 natura
3190 3250 3402 3304 ratione

1822 3337 2065 3405 przedita,
2113 3339 2198 3393 cui
2246 3342 2452 3394 credita
2491 3350 2617 3395 sunt
2650 3342 2863 3413 eloquia
2909 3343 2976 3398 de
3013 3342 3397 3408 Providentia;

1823 3427 2003 3497 fulgur
2053 3441 2235 3486 autem
2281 3441 2369 3487 est
2404 3434 2652 3489 doctrina
2698 3435 2960 3504 spiritalis
3015 3451 3138 3508 qua:
3190 3437 3400 3491 animas

1824 3523 2036 3579 ratione
2061 3527 2318 3595 praeditas
2341 3543 2370 3582 a
2398 3528 2602 3584 malitia
2629 3531 2694 3584 ad
2722 3532 2974 3586 virtutem
3005 3541 3250 3585 revocat.

1892 3612 2056 3670 Vens.
2088 3616 2173 3670 12.
2195 3616 2262 3670 Et
2282 3618 2427 3682 dedit
2454 3629 2650 3674 terram
2677 3637 2857 3674 eorum
2888 3622 3267 3686 qureditatem,
3288 3629 3397 3676 etc.

1820 3705 1876 3762 Si
1909 3708 2202 3764 haereditas
2246 3721 2427 3766 nostra
2460 3715 2697 3783 cognitio
2735 3714 2826 3770 Dei
2878 3723 2984 3780 est,
3011 3716 3282 3786 quomodo
3312 3717 3396 3770 di—

1819 3811 2015 3855 cuntur
2043 3818 2161 3857 eam
2190 3804 2438 3860 obtinere
2465 3807 2800 3862 adversarii?
2829 3807 2896 3862 Et
2925 3823 3136 3878 quaeres
3164 3823 3230 3862 ne
3259 3809 3400 3866 forte

1818 3893 2070 3950 dicantur
2126 3895 2412 3962 obtinere,
2481 3914 2587 3953 non
2662 3911 2918 3970 tauquam
2981 3914 3401 3973 cognoscentes,

1822 3985 1915 4040 sed
1948 3995 2202 4055 tanquam
2234 3990 2587 4057 prohibentes
2614 4005 2679 4044 ne
2713 3992 2779 4044 ad
2814 4006 2933 4045 eam
2967 3993 3317 4047 accedamus.

1888 4079 2054 4134 Vens.
2081 4081 2172 4135 9.1.
2199 4082 2518 4137 Benedictus
2563 4082 2820 4139 Dominus
2849 4102 2913 4139 ex
2938 4085 3092 4153 Sion,
3123 4088 3214 4157 qui
3243 4087 3397 4140 habi-

1817 4180 1892 4223 tat
1917 4171 1970 4225 in
2001 4170 2324 4241 Jerusalem,
2352 4185 2456 4230 etc.
2490 4175 2589 4242 Qui
2628 4177 2680 4230 in
2717 4179 2880 4232 corde
2912 4193 3045 4248 puro
3077 4178 3304 4245 habitat,
3341 4180 3394 4233 in

1814 4262 2114 4318 Jerusalem
2158 4267 2392 4322 habitat.
2449 4269 2631 4338 Ipsum
2666 4279 2844 4323 autem
2874 4271 3125 4324 habitare
3157 4270 3207 4323 in
3239 4269 3397 4325 Jeru-

1815 4356 1980 4412 salem
2019 4357 2176 4425 dixit,
2210 4377 2315 4414 non
2355 4363 2497 4432 quod
2531 4362 2768 4417 divinam
2821 4361 2930 4416 illic
2982 4371 3229 4416 naturam
3268 4363 3396 4430 cir-

1815 4453 2178 4519 cumscribat,
2210 4455 2302 4508 sed
2335 4454 2478 4523 quod
2521 4454 2630 4510 illic
2667 4454 2833 4509 Deum
2866 4454 2917 4508 in
2948 4456 3147 4526 templo
3173 4455 3396 4514 Jerusa-

1820 4545 1924 4598 lem
1956 4545 2296 4602 nmnifcstari
2325 4549 2514 4604 sciret.

2182 4731 2345 4804 833
2394 4729 2715 4787 PSALMUS
2753 4729 3014 4790 CXXXV.

1888 4826 2050 4880 Vens.
2101 4825 2152 4880 1.
2203 4826 2534 4893 Con/itemini
2597 4825 2824 4882 Domino
2872 4830 3121 4898 quoniam
3179 4830 3390 4894 bonus,

1813 4920 2062 4990 quoniam
2090 4919 2143 4972 in
2167 4919 2416 4972 sa'tulum
2441 4919 2800 4973 misericordia
2830 4921 2967 4985 eius,
3005 4929 3110 4975 ctc.
3145 4921 3391 4976 Infelices

1812 5012 1866 5065 in
1922 5013 2121 5068 saeculo
2168 5013 2429 5084 indigent,
2484 5022 2540 5068 ut
2580 5015 2772 5069 rationi
2813 5025 3237 5070 consentaneum
3282 5028 3385 5081 est,

1811 5107 1977 5160 ctiam
2012 5105 2384 5158 misericordia
2417 5105 2469 5158 in
2501 5105 2719 5160 saeculo.

1886 5195 2050 5250 Vens.
2097 5196 2154 5250 2.
2205 5195 2540 5266 (ἰοηριεηιὶηἱ
2588 5196 2697 5251 Deo
2755 5197 2992 5262 deorum,
3039 5199 3287 5268 quoniam
3337 5201 3391 5256 in

1809 5292 2062 5346 sa'culum
2100 5291 2464 5346 misericordia
2494 5291 2631 5358 eius,
2685 5300 2792 5346 etc.
2825 5291 3231 5363 Exomologesis
3268 5311 3390 5363 gra-

1811 5387 2008 5440 tiarum
2032 5385 2302 5440 actionem
2335 5397 2389 5441 et
2419 5384 2867 5458 gloriﬁcationem
2896 5385 3188 5456 signittcat.
3227 5385 3388 5442 Usur-

803 5509 850 5543 "
878 5511 1164 5574 Threnan,
1191 5512 1277 5566 58.
1354 5511 1400 5544 "
1434 5511 1574 5567 Ps.nl.
1614 5526 1774 5577 cxnt,
1798 5509 1882 5565 16.

1879 5627 1992 5699 (32)
2022 5632 2090 5683 Si
2116 5630 2154 5698 ἠ
2182 5629 2568 5699 κληρονομία,
2600 5637 2706 5683 etc.
2743 5627 2978 5687 Easdem.

1881 5698 1992 5770 (55)
2032 5701 2095 5753 '0
2123 5701 2192 5752 ἐν
2216 5698 2465 5768 καθαρᾷ,
2495 5711 2600 5754 etc.
2639 5700 2871 5755 Etedetu.

1877 5773 1986 5840 (54)
2016 5775 2079 5823 Οἱ
2117 5771 2649 5837 τιαιαιπωροῦντες,
2683 5783 2789 5825 etc.
2822 5773 3058 5828 Easdem.

1891 5845 2004 5907 (5))
2053 5843 2113 5901 Ἡ
2136 5842 2593 5907 ἐξομολόγησις,
2630 5854 2736 5899 etc.
2769 5845 3004 5900 Etl'dCttl.
