3914 6374
437 270 580 332 1655

1823 269 1914 325 EX
1944 268 2246 326 ORIGENE

3524 268 3631 324 [656

435 402 594 461 patur
632 399 812 446 autem
867 389 1030 445 etiam
1083 404 1181 459 pro
1249 389 1589 446 confessione
1641 400 2006 460 peccatorum,

2113 393 2288 443 κεῖται
2324 388 2380 441 δὲ
2409 388 2500 441 καὶ
2536 387 2626 440 ἐπὶ
2654 386 2753 458 τῆς
2781 383 3214 457 ὲξομολογήσεως
3243 385 3349 439 τῶν
3376 385 3634 456 ἁμαρτιῶν,

438 484 580 535 sicut
603 483 706 550 hoc
735 481 875 536 loco.

511 573 784 644 Ejusdem.
819 573 959 629 Deus
979 574 1204 628 deorum
1230 583 1310 627 est
1330 573 1541 627 illorum
1571 573 1637 628 ad
1667 588 1800 642 quos
1828 588 2005 627 sermo

437 666 528 718 Dei
563 668 742 720 factus
777 675 861 718 est
899 665 1192 720 secundum
1229 664 1564 733 Scripturam
1612 680 1730 734 qua:
1764 666 1894 720 dicit
1939 667 2004 733 ’°,

441 776 459 805 ι
490 757 598 828 Ego
628 757 868 824 dixi,Dii
893 761 1042 813 estis.
1071 773 1092 812 ι
1119 757 1185 810 Ει
1218 757 1283 824 ’⁷,
1319 775 1338 808 t
1364 758 1472 828 Ego
1511 772 1626 811 sum
1661 757 1800 812 Deus
1837 757 2006 811 Abra-

437 846 582 913 ham,
609 859 663 904 et
697 849 836 903 Dens
859 848 1028 914 Isaac,
1054 858 1106 902 et
1131 848 1269 903 Deus
1294 847 1512 915 Jacob,»
1540 849 1786 903 videlicet
1813 865 2004 903 secun-

437 940 565 993 dum
602 954 856 1010 magnam
885 955 1012 1011 erga
1045 940 1167 996 illos
1203 939 1546 996 dilectionem
1575 951 1628 994 et
1667 940 2005 996 familiarita-

437 1041 564 1085 tem.
607 1032 915 1087 Daemonnm
947 1048 1074 1088 vero
1124 1034 1264 1088 Deus
1313 1043 1398 1088 est
1440 1033 1732 1088 secundmn
1776 1035 2008 1090 creatio-

436 1140 579 1182 nem.
627 1125 916 1195 Apostolus
962 1127 1123 1182 etiam
1160 1127 1238 1181 ait
1280 1127 1348 1193 ⁸³,
1393 1125 1496 1182 Etsi
1555 1137 1679 1183 sunt
1725 1128 1796 1183 dii
1856 1130 2004 1184 multi

434 1229 491 1274 et
537 1220 738 1274 domini
797 1220 946 1275 multi
990 1221 1044 1275 in
1078 1221 1218 1275 coelo
1266 1231 1322 1276 et
1371 1221 1424 1275 in
1477 1231 1640 1287 terra,
1690 1237 1786 1276 eos
1825 1232 2004 1279 tamen

433 1314 568 1369 deos
589 1314 684 1383 qui
713 1323 835 1384 post
878 1314 1200 1369 Trinitatem
1227 1315 1306 1370 sic
1338 1315 1694 1382 appellantur,
1730 1315 1862 1371 tales
1887 1331 2008 1373 esse

433 1423 530 1477 per
585 1409 884 1462 divinitatis
943 1407 1442 1478 participationem.
1518 1406 1766 1462 Salvator
1827 1418 2005 1464 autem

435 1515 540 1554 non
573 1515 673 1568 per
702 1499 1199 1569 participationem.
1242 1499 1333 1555 sed
1383 1500 1680 1555 secundum
1714 1500 2006 1555 essentiam

432 1593 575 1648 Deus
600 1601 703 1648 cst.
738 1591 910 1646 Porro
935 1592 1084 1661 illud,
1122 1611 1139 1644 ι
1165 1591 1428 1658 Quoniam
1464 1591 1516 1646 in
1552 1592 1809 1647 saeculum
1843 1593 2008 1648 mise-

430 1684 665 1739 ricordia
715 1685 852 1754 ejus,
882 1703 900 1736 ι
953 1699 1048 1754 per
1095 1687 1312 1739 modum
1358 1684 1688 1740 laudationis
1735 1685 2002 1755 adjicitur.

2108 483 2182 545 ὡς
2207 481 2457 536 ἐνταῦθα.
3133 487 3152 512 ‘

2184 574 2291 628 Τοῦ
2312 574 2517 628 αὑτοῦ.
2537 572 2667 636 Θεὸς
2701 571 2836 625 θεῶν
2855 571 2966 641 (56)
2995 571 3142 624 ἐστιν
3166 570 3388 623 ἐκείνων
3413 571 3510 623 τῶν
3535 573 3639 643 πρὸς

2108 665 2200 730 οὓς
2223 668 2250 719 6
2276 665 2431 734 λόγος
2466 665 2557 718 τοῦ
2593 663 2728 717 Θεοῦ
2769 663 3015 731 ἐγένετο,
3051 663 3190 716 κατά
3217 662 3316 732 τὴν
3339 662 3543 733 Γραφὴν
3564 667 3638 734 τὴν

2108 760 2396 829 λέγουσαν·
2439 779 2457 810 ι
2502 759 2640 825 Ἐγὼ
2676 754 2836 811 εἴπα-
2873 759 2996 812 Θεοί
3033 761 3187 812 ἐστε·
3219 760 3350 821 καὶ,
3390 759 3516 828 Ἐγὼ
3536 761 3640 825 Θεὸς

2122 852 2390 923 ’Λϐραὰμ,
2422 853 2515 905 καὶ
2539 851 2668 916 Θεὸς
2703 851 2909 915 Ἰσαὰκ,
2931 851 3024 905 καὶ
3048 851 3178 914 Θεὸς
3193 849 3443 904 Ἰακώ6·›
3477 851 3640 925 δηλαδὴ

2109 940 2248 994 κατά
2273 939 2370 1010 τὴν
2394 939 2590 1011 πολλὴν
2622 940 2755 1012 πρὸς
2790 941 2986 1004 αὐτοὺς
3017 941 3235 1010 ἀγάπην
3264 941 3358 993 καὶ
3387 941 3638 996 οἰκείωσιν.

2109 1031 2228 1085 Τῶν
2247 1032 2301 1085 δὲ
2325 1033 2590 1104 δαιμόνων
2606 1033 2736 1098 Θεός
2757 1035 2872 1086 ἐστι
2890 1034 3030 1088 κατὰ
3043 1034 3140 1106 τὴν
3154 1034 3521 1105 δημιουργίαν.
3535 1037 3643 1105 Φησὶ

2107 1123 2163 1178 δὲ
2181 1127 2272 1178 καὶ
2291 1127 2319 1178 6
2357 1125 2486 1179 Ἀπό
2494 1126 2673 1190 στολος
2692 1144 2704 1156 ·
2733 1127 2904 1198 Εἴπερ
2931 1127 3037 1180 εἰσ).
3066 1126 3178 1180 θεο).
3194 1127 3378 1180 πολλοὶ
3393 1129 3481 1179 καὶ
3501 1128 3644 1195 κύριοι

2110 1217 2294 1270 πολλοὶ
2318 1221 2374 1271 ὲν
2407 1217 2484 1288 τῷ
2503 1217 2716 1289 ούρανῷ
2743 1220 2834 1272 καί
2856 1221 2947 1272 ἐπὶ
2971 1221 3066 1291 τῆς
3093 1221 3215 1290 γῆς’
3235 1220 3371 1274 ἀλλὰ
3387 1221 3503 1283 τοῦς
3523 1219 3645 1289 λεγο-

2111 1310 2306 1380 μένους
2339 1309 2472 1380 μετά
2498 1311 2595 1380 τὴν
2629 1311 2832 1381 Τριάδα
2863 1311 3015 1374 θεοὺς
3042 1313 3302 1383 μετουσίᾳ
3332 1312 3563 1383 θεότητος
3587 1309 3645 1366 εἷ-

2108 1418 2196 1455 ναι
2225 1401 2498 1466 τοιούτους
2520 1420 2532 1432 ·
2568 1404 2596 1456 6
2622 1402 2677 1456 δὲ
2705 1397 2894 1474 Σωτὴρ
2924 1403 2983 1455 οὐ
3022 1403 3164 1457 κατά
3195 1404 3482 1474 μετουσίαν
3504 1445 3517 1468 ,
3540 1404 3646 1460 ἀλλὰ

2109 1499 2230 1549 κατ’
2264 1498 2449 1552 οὐσίαν
2480 1497 2594 1550 ἐστὶ
2633 1496 2782 1560 Θεός.
2821 1496 2895 1550 Τὸ
2924 1496 3013 1561 δὲ,
3053 1516 3070 1548 t
3115 1497 3239 1550 Ὀτι
3284 1499 3364 1560 εἰς
3401 1499 3485 1549 τὸν
3510 1499 3648 1552 αἰῶνα

2108 1589 2169 1642 τὸ
2205 1588 2352 1653 ἔλεος
2377 1589 2560 1654 αὑτοῦ,
2595 1608 2612 1640 ι
2646 1588 2912 1660 ὲφυμνῖας
2943 1588 3128 1660 τρόπῳ
3156 1587 3484 1658 ἐπιλέγεται.
3526 1589 3648 1644 Ἐπεὶ

2109 1681 2216 1754 γὰρ
2240 1683 2325 1736 ἀεὶ
2350 1682 2506 1748 ἐλεεῖ,
2537 1682 2758 1746 εἰκότως
2781 1685 2828 1735 οἱ
2856 1681 3218 1754 ὲφυμνοῦντες
3234 1681 3496 1751 λέγουσιν,
3518 1703 3535 1733 ι
3553 1685 3649 1740 Ὀτι

430 1776 564 1830 Cum
598 1777 740 1831 enim
783 1792 998 1845 semper
1026 1775 1376 1840 misereatur,
1419 1775 1615 1832 merito
1639 1775 2005 1834 collaudantes

2113 1775 2187 1840 είς
2209 1774 2300 1828 τὸν
2327 1774 2517 1841 αἰῶνα,
2535 1795 2550 1826 ι
2589 1776 2682 1828 καὶ
2709 1773 2775 1828 τὰ
2799 1773 2946 1846 ὲξῆς.

429 1870 610 1931 aiunt,
649 1885 667 1920 ι
691 1868 954 1935 Quoniam
983 1868 1032 1922 in
1065 1867 1348 1932 szeculum,
1380 1887 1399 1921 ι
1431 1877 1535 1924 etc.

487 1961 666 2024 Vens.
712 1961 766 2017 4.
807 1959 913 2026 Qui
972 1959 1091 2029 fecit
1135 1959 1402 2016 mirabilia
1439 1975 1631 2030 magna
1677 1956 1840 2025 solus,
1895 1967 2002 2015 etc.

429 2052 682 2109 Ostendit
727 2053 900 2120 ipsum
946 2059 1208 2122 perpetuo
1268 2050 1588 2107 benefacere
1634 2064 1688 2106 et
1738 2052 2006 2107 mirabilia

429 2143 667 2214 operari.
710 2143 777 2198 Et
811 2143 926 2198 luce
975 2143 1107 2207 duo,
1154 2143 1257 2198 tria
1290 2153 1344 2199 et
1374 2155 1607 2212 quatuor
1650 2143 1747 2212 ipsi
1791 2144 2007 2213 propria

427 2236 602 2306 ponit,
636 2237 778 2308 quod
810 2235 1002 2302 faciat,
1035 2238 1181 2306 quod
1207 2237 1480 2292 mirabilia
1508 2278 1525 2306 ,
1556 2237 1700 2307 quod
1736 2235 2003 2292 mirabilia

429 2343 648 2398 magna,
680 2339 735 2383 et
771 2330 915 2398 (mod
949 2329 1099 2384 solus
1132 2327 1316 2384 faciat.
1353 2328 1478 2384 Haec
1515 2339 1694 2383 autem
1721 2329 1857 2384 dixit
1901 2343 2005 2383 non

427 2431 488 2476 nt
531 2421 698 2477 ﬁlium
727 2421 1100 2490 vilipenderet.
1133 2421 1227 2476 sed
1273 2431 1329 2477 ut
1373 2422 1664 2478 discrimen
1714 2423 1853 2477 inter
1882 2437 2005 2477 eum

426 2523 483 2568 et
505 2516 777 2572 (Itemoues
802 2515 1114 2571 collocaret.
1160 2514 1228 2570 Et
1257 2529 1504 2584 quasnam
1542 2513 1805 2569 sunthaec
1844 2515 2008 2568 mira-

425 2607 546 2660 enla
583 2622 704 2675 quae
731 2608 878 2662 solus
906 2607 1082 2663 facit?
1114 2607 1274 2664 Certe
1301 2607 1352 2660 iu
1384 2607 1648 2676 principio
1685 2605 1876 2677 psalmi
1904 2621 2006 2659 non

429 2703 496 2756 de
533 2703 771 2772 potentia
804 2701 1140 2771 loquebatur,
1182 2700 1278 2755 sed
1315 2701 1379 2754 de
1427 2701 1688 2756 bonitate.
1725 2699 2008 2766 Quomodo

429 2792 561 2864 ergo
592 2793 791 2849 accidit
825 2805 885 2847 ut
913 2795 1018 2861 iam
1047 2794 1302 2863 deinceps
1346 2794 1602 2862 loquatur
1635 2793 1700 2847 de
1726 2792 2010 2863 potentia?

435 2887 573 2954 Quia
603 2886 861 2942 nimirum
886 2888 1001 2942 haec
1033 2887 1290 2942 miracula
1322 2902 1428 2940 non
1455 2886 1626 2940 solum
1665 2894 1793 2940 sunt
1820 2894 2009 2956 poten-

433 2980 541 3046 tiae,
575 2979 670 3034 sed
709 2980 872 3035 etiam
912 2980 1171 3036 bonitatis
1196 2989 1249 3035 et
1283 2978 1650 3050 benignitatis.

507 3156 667 3212 Vens.
711 3156 768 3212 6.
834 3158 937 3225 Qui
980 3160 1211 3228 ﬁrmavit
1252 3169 1448 3213 terram
1491 3177 1648 3230 super
1678 3176 1865 3230 aquas,
1899 3167 2003 3215 etc.
2037 3141 2078 3197 (ἶ

431 3248 488 3301 Si
555 3263 708 3316 aqua:
767 3249 1137 3305 fulcimentum
1195 3259 1279 3306 est
1331 3260 1508 3317 terra,
1546 3250 1816 3321 quomodo
1865 3260 2007 3304 terra

433 3355 596 3408 super
629 3356 799 3411 aquas
823 3342 1030 3398 firmata
1063 3343 1186 3399 est?
1222 3341 1502 3411 Quomodo
1525 3343 1804 3397 etiamJoh
1826 3357 2010 3396 verum

433 3434 583 3498 dicit,
615 3449 737 3489 cum
773 3435 847 3490 ait
884 3453 898 3489 :
945 3454 963 3487 ι
996 3435 1098 3504 Qui
1130 3438 1385 3508 appendit
1421 3446 1624 3491 terram
1661 3451 1824 3506 super
1865 3435 2012 3489 nihi-

433 3527 545 3582 lum
579 3528 666 3582 "'f
697 3525 848 3582 rSed
880 3531 1004 3586 vide
1053 3546 1122 3587 ne
1176 3531 1316 3588 forte
1372 3541 1517 3586 terra
1569 3546 1687 3600 quae
1739 3539 1824 3585 est
1872 3528 2011 3584 infra

433 3619 689 3690 abyssum
717 3659 732 3684 ,
772 3635 1010 3690 appensa
1069 3621 1142 3678 sit
1187 3635 1350 3692 super
1403 3621 1674 3686 nihilum;
1715 3635 1778 3675 ea
1831 3629 2011 3675 autem

431 3726 554 3778 qtae
584 3721 668 3768 est
699 3727 860 3782 supra
899 3713 1155 3784 abyssum
1200 3727 1344 3770 terra
1385 3723 1439 3769 et
1471 3716 1523 3770 in
1570 3728 1677 3784 qua
1716 3713 1880 3767 etiam
1918 3727 2014 3766 nos

435 3803 782 3874 habitamus,
834 3821 998 3878 super
1047 3809 1312 3880 abyssum
1379 3809 1593 3862 firmata
1666 3809 1738 3863 sit
1773 3824 1786 3860 :
1819 3808 1890 3864 ita
1953 3815 2016 3862 ut

434 3897 662 3968 abyssus
709 3900 760 3954 in
815 3901 994 3956 medio
1054 3910 1212 3957 terrae
1257 3903 1602 3958 contineatur
1647 3909 1904 3972 tanquam
1959 3900 2012 3954 in

435 4004 586 4045 vase.
620 3990 686 4044 Et
729 3992 844 4047 haae
869 3993 1087 4062 quidem
1115 3997 1160 4049 si
1189 3995 1312 4065 quis
1349 4012 1469 4050 cum
1509 3994 1735 4049 historia
1763 3993 2014 4049 conferre

433 4080 706 4138 voluerit:
735 4084 800 4138 ad
835 4084 1133 4154 spiritalem
1168 4096 1345 4143 autem
1378 4087 1766 4162 sensumquod
1798 4087 2011 4154 attinet,

431 4175 762 4246 Glorilicate,
787 4177 981 4250 inquit,
1008 4193 1130 4235 eum
1167 4181 1259 4252 qui
1301 4181 1510 4234 ratione
1545 4181 1826 4250 praeditam
1857 4189 2015 4233 natu-

438 4283 550 4321 ram
595 4284 760 4338 super
799 4285 985 4325 veram
1021 4272 1396 4342 cognitionem
1436 4270 1694 4326 firmavit.
1741 4267 1796 4323 lu
1847 4267 2017 4340 83E.

436 4360 746 4426 Evangeliis
789 4379 918 4418 vero
969 4373 1126 4420 terrae
1156 4366 1376 4420 nomine
1423 4362 1772 4418 rationabiles
1801 4363 2013 4416 animas

433 4450 696 4521 appellari
742 4461 796 4508 et
853 4470 1048 4524 aquam
1106 4470 1135 4509 a
1191 4457 1416 4509 Domino
1463 4455 1746 4508 scientiam
1796 4452 1923 4515 dici,
1983 4468 2012 4507 e

436 4545 647 4600 semine
688 4547 829 4615 quod
861 4549 914 4602 in
947 4559 1146 4604 terram
1178 4549 1376 4605 bonam
1411 4549 1625 4613 cecidit,
1671 4547 1880 4602 discere
1907 4557 2011 4612 est,

434 4649 490 4692 et
512 4655 577 4693 ex
604 4638 824 4695 flumine
848 4657 1000 4709 aqua:
1029 4643 1160 4696 vivae
1184 4643 1249 4697 de
1281 4653 1468 4698 ventre
1499 4641 1770 4696 credentis
1791 4642 2010 4695 fluente.

437 4730 664 4801 Reliqua
701 4732 864 4786 etiam
906 4733 1063 4800 hujus
1092 4735 1286 4803 psalmi
1331 4733 1460 4787 huic
1505 4734 1759 4787 secumlre
1789 4732 2011 4801 exposi-

437 4823 566 4878 tioni
617 4827 966 4880 conveniunt.
1012 4825 1164 4881 Luna
1215 4835 1269 4880 et
1309 4825 1476 4880 stellae
1519 4824 1829 4880 illuminant
1873 4825 2012 4878 hanc

437 4926 638 4972 terram
669 4933 788 4987 quae
837 4919 889 4973 in
925 4919 1230 4990 ignorantia
1256 4919 1433 4973 adhuc
1466 4926 1644 4972 manet
1681 4927 1736 4972 et
1773 4917 2008 4972 nondum

436 5019 612 5078 potest
640 5026 668 5063 a
698 5011 810 5066 sole
832 5012 1056 5081 iustitiae
1085 5011 1415 5078 illuminari;
1449 5021 1501 5064 et
1533 5025 1722 5066 rursus
1748 5009 2013 5080 Egyptus

437 5100 760 5173 intelligitur
789 5103 1092 5173 symbolum
1122 5119 1242 5158 esse
1289 5103 1507 5157 malitia:
1547 5102 1873 5172 spiritalium
1901 5102 2013 5172 pri-

439 5196 832 5262 mogenitorum
877 5197 968 5268 qui
1000 5197 1274 5252 interfecti
1313 5207 1438 5251 stmt
1466 5236 1480 5260 ,
1516 5205 1570 5248 et
1604 5195 1870 5267 supplicio
1897 5194 2013 5249 alli-

433 5287 575 5340 citur
604 5286 817 5342 Pharao
867 5289 1208 5359 spiritalibus
1261 5290 1416 5358 aquis
1469 5286 1791 5351 suffocatus,
1848 5297 2010 5358 atque

441 5375 603 5433 Israel
631 5380 901 5448 esuriens,
935 5381 1128 5437 sitiens
1152 5393 1208 5436 et
1236 5390 1497 5443 tentatus,
1524 5381 1576 5434 in
1607 5395 1673 5435 eo
1696 5381 1839 5449 quod
1872 5381 2008 5434 acti-

437 5483 512 5524 vae
544 5469 666 5526 vitae
694 5481 853 5542 typus
884 5483 992 5536 est,
1043 5475 1259 5528 deserto
1307 5472 1567 5532 ambulat.
1622 5471 1890 5528 festinans
1941 5472 2009 5526 ad

505 5565 551 5596 ’⁸
577 5564 720 5620 Psal.
756 5583 942 5632 mnu,
969 5567 1023 5622 6.
1101 5569 1146 5601 "-’
1166 5569 1340 5623 Exod.
1376 5585 1458 5633 Ill,
1485 5567 1540 5621 6.

503 5684 615 5756 (36)
651 5689 794 5756 Θεὸς
820 5689 989 5755 θεῶν,
1025 5700 1132 5745 etc.
1163 5691 1362 5746 Catena
1397 5691 1664 5748 Corderii.

502 5757 614 5828 (57)
651 5762 970 5816 Δείκιᾞσιν
998 5763 1203 5828 αὐτόν,
1242 5773 1348 5820 etc.
1389 5761 1608 5820 Eadem.

1616 5568 1660 5600 ’⁸
1691 5568 1707 5621 l
1733 5567 1861 5624 Cor.
1897 5569 2072 5634 “11,5.

2183 1953 2268 2025 Τῷ
2293 1956 2611 2024 ποιήσαντι
2637 1956 2936 2026 θαυμάσια
2975 1957 3208 2027 μεγάλα
3251 1957 3444 2028 μόνῳ,
3467 1975 3516 2011 κ.
3543 1976 3584 2012 τ.
3612 1958 3649 2015 ἐ.

2105 2051 2386 2106 Δείκνυσιν
2409 2049 2570 2104 αὐτὸν
2598 2049 2711 2120 (57)
2739 2050 3002 2121 διηνεκῶς
3028 2051 3420 2122 εὐεργετοῦντα
3445 2053 3529 2104 καὶ
3550 2052 3650 2104 θαυ-

2111 2143 2525 2218 ματοποιοῦντα.
2560 2145 2670 2198 Καὶ
2695 2142 2789 2197 δύο
2827 2143 3001 2198 ταῦτα
3022 2143 3185 2197 αὐτοῦ
3217 2143 3400 2216 τίθησι
3434 2144 3524 2197 καὶ
3551 2143 3651 2216 τρία

2107 2238 2204 2293 καὶ
2243 2239 2483 2310 τέσσαρα
2501 2253 2514 2267 ο
2542 2237 2623 2290 ὅτι
2652 2253 2710 2289 τε
2738 2239 2913 2302 ποιεῖ,
2947 2237 3042 2290 καὶ
3069 2236 3152 2290 ὅτι
3177 2235 3452 2308 θαύματα,
3482 2238 3564 2289 καὶ
3588 2239 3652 2290 ὅτι

2112 2331 2321 2405 μεγάλα
2359 2330 2611 2402 θαύματα
2631 2368 2645 2390 ,
2681 2328 2774 2382 καὶ
2802 2331 2883 2384 ὅτι
2915 2330 3072 2402 μόνος
3115 2332 3280 2383 ποιεῖ.
3330 2328 3507 2382 Ταῦτα
3533 2329 3581 2380 δὲ
3605 2327 3652 2381 οὐ

2108 2426 2246 2497 πρὸς
2277 2423 2534 2495 ἀθέτησιν
2563 2422 2657 2478 τοῦ
2693 2423 2877 2488 παιδὸς
2896 2463 2910 2488 ,
2942 2422 3077 2477 ἀλλά
3117 2422 3256 2494 πρὸς
3290 2421 3651 2491 ἀντιδιαστολὴν

2109 2519 2322 2592 εἴρηται
2353 2517 2462 2572 τῶν
2495 2518 2782 2590 δαιμόνων.
2813 2519 2922 2572 Καὶ
2946 2518 3065 2572 τίνα
3109 2516 3289 2571 ταῦτά
3324 2518 3440 2570 εστι
3468 2517 3530 2571 τὰ
3547 2515 3654 2570 θαύ-

2112 2623 2256 2676 ματα
2279 2605 2314 2660 ἃ.
2348 2605 2507 2676 μόνος
2561 2610 2705 2660 ποιεῖ
2740 2623 2753 2672 ;
2789 2606 3046 2675 Καίτοιγε
3086 2607 3392 2680 ἀρχόμενος
3427 2608 3513 2661 τοῦ
3547 2607 3654 2676 ψαλ-

2111 2695 2211 2768 μοῦ
2247 2697 2306 2749 οὐ
2346 2696 2474 2769 περὶ
2507 2697 2789 2768 δυνάμεως
2825 2697 3008 2765 ἔλεγεν
3036 2741 3050 2764 ,
3089 2698 3223 2752 ἀλλά
3258 2700 3390 2770 περὶ
3424 2697 3656 2768 ἀγαθότηο

2108 2806 2216 2852 τος.
2249 2790 2372 2854 Πῶς
2419 2786 2510 2843 οὖν
2563 2791 2657 2845 νῦν
2701 2793 2779 2854 εἰς
2811 2791 2902 2844 τὸν
2945 2792 3072 2864 περὶ
3103 2793 3391 2863 δυνάμεως
3433 2794 3656 2864 ἐμπίπτει

2109 2881 2266 2952 λόγον
2301 2882 2535 2938 ἐνταῦθα
2573 2883 2760 2937 λοιπόν
2795 2901 2808 2948 ;
2845 2885 2965 2938 Ὅτι
3005 2885 3125 2955 ούχί
3173 2885 3454 2957 δυνάμεως
3499 2883 3655 2954 μόνον,

2110 2975 2247 3030 ἀλλά
2286 2977 2380 3030 καὶ
2417 2977 2748 3050 ἀγαθότητος
2784 2977 2878 3031 καὶ
2919 2977 3329 3049 φιλανθρωπίας
3363 2977 3528 3032 ταῦτά
3563 2977 3655 3028 sm

2111 3066 2179 3123 τὰ
2217 3068 2492 3142 θαύματα.

2191 3161 2272 3227 Τῷ
2298 3161 2698 3230 στερεὼσαντι
2737 3159 2852 3230 τὴν
2895 3159 3015 3231 γῆν
3054 3160 3151 3213 ἐπὶ
3193 3159 3315 3213 τῶν
3344 3158 3578 3222 ὑδάτων,
3612 3175 3654 3210 κ.

2113 3272 2162 3308 τ.
2197 3255 2242 3306 ἑ.
2276 3255 2338 3306 Ei
2365 3255 2460 3307 τοῦ
2491 3253 2681 3316 ὕδατός
2704 3251 2814 3323 (58)
2845 3253 2960 3304 ἐστι
3002 3251 3159 3322 βάσις
3198 3252 3230 3322 ή
3261 3251 3334 3321 γῆ
3357 3291 3370 3312 ,
3405 3250 3513 3312 πῶς
3548 3247 3654 3319 ἡγῆ
3710 3283 3712 3285 -

2111 3344 2205 3396 ἐπὶ
2263 3340 2370 3396 τῶν
2429 3342 2635 3396 ὑδάτων
2687 3342 3052 3413 ὲστερέωται;
3091 3340 3216 3404 Πῶς
3258 3341 3319 3394 δὲ
3367 3339 3459 3394 καὶ
3502 3341 3526 3392 6
3563 3336 3655 3390 Ἰὼϐ

2112 3437 2364 3509 ἀληθεύει
2401 3436 2576 3506 λέγων
2600 3479 2614 3504 ,
2661 3455 2679 3487 t
2702 3436 2758 3489 Ὀ
2811 3434 3096 3506 κρεμάσας
3133 3434 3230 3506 τὴν
3273 3435 3383 3504 γῆν
3420 3435 3502 3486 ἐπ’
3532 3434 3660 3486 οὐδε·

2111 3529 2241 3596 νός;
2281 3547 2300 3580 ι
2344 3529 2454 3581 Καὶ
2495 3529 2706 3600 μήποτε
2742 3529 2774 3598 ἡ
2816 3525 2913 3597 μὲν
2950 3525 3205 3578 ὑποκάτω
3229 3524 3302 3595 γῆ
3330 3526 3426 3597 τῆς
3460 3522 3657 3578 ἀϐύσσου

2113 3621 2385 3693 κρέμαται
2424 3621 2511 3672 ἐπ’
2537 3619 2778 3684 οὐδενὸς,
2821 3622 2852 3690 ἠ
2893 3618 2949 3672 δὲ
2987 3620 3168 3675 ἐπάνω
3205 3617 3278 3688 γῆ
3317 3617 3419 3687 τῆς
3455 3616 3655 3670 ἀϐύσσου

2114 3716 2198 3787 ἐφ’
2226 3712 2293 3787 ἦς
2319 3716 2412 3768 καὶ
2439 3717 2596 3786 ἡμεῖς
2631 3711 2994 3784 κατοικοῦμεν
3022 3714 3117 3767 ἐπὶ
3143 3714 3240 3784 τῆς
3272 3712 3508 3766 ἀϐύσσου
3533 3713 3656 3765 ἐστε-

2116 3807 2290 3879 ρεώθη
2318 3828 2328 3839 ·
2357 3807 2432 3873 ὡς
2455 3802 2593 3859 εἶναι
2622 3805 2717 3878 τὴν
2744 3804 2978 3861 ἄϐυσσον
3007 3803 3064 3858 ἐν
3097 3804 3246 3876 μέσῳ
3271 3804 3374 3876 τῆς
3393 3803 3492 3873 γῆς
3511 3818 3659 3872 περιε-

2114 3900 2353 3971 χομένην
2384 3899 2460 3964 ὡς
2499 3900 2556 3952 ὲν
2583 3898 2806 3968 ἀγγείῳ.
2836 3900 2946 3953 Καὶ
2966 3897 3136 3951 ταῦτα
3169 3897 3264 3968 μὲν
3291 3897 3346 3949 εἴ
3363 3913 3444 3962 τις
3459 3895 3658 3966 βούλοιτο

2111 3999 2179 4068 τῇ
2213 3995 2425 4068 ἱστορίᾳ
2459 3992 2953 4063 συναγωνίζεσθαι·
2987 3992 3120 4065 πρὸς
3166 3991 3220 4044 δὲ
3249 3991 3508 4053 διάνοιαν,
3537 3987 3659 4051 A959-

2115 4086 2402 4160 λογήσατε,
2441 4088 2592 4158 φησι,
2628 4087 2718 4141 τὸν
2763 4084 3137 4157 στερεὼσαντα
3170 4083 3267 4156 τὴν
3303 4085 3463 4154 φύσιν
3489 4081 3658 4154 τὴνλο-

2115 4181 2276 4254 γικὴν
2306 4181 2396 4234 ἐπὶ
2424 4182 2522 4252 τῆς
2548 4179 2780 4251 ἀληθοῦς
2809 4177 3081 4247 γνώσεως.
3120 4180 3238 4231 ’Ότι
3271 4177 3327 4231 δὲ
3361 4180 3418 4232 ἐν
3448 4179 3549 4239 τοῖς
3578 4173 3656 4226 Εὖ·

2113 4275 2386 4346 αγγελίοις
2419 4277 2447 4328 ὁ
2472 4277 2675 4349 Κύριος
2699 4277 2802 4348 γῆν
2829 4275 2975 4345 λέγει
3002 4275 3101 4338 τὰς
3132 4273 3357 4351 λογικὰς
3380 4274 3564 4345 ψυχὰς,
3587 4271 3657 4326 καὶ

2117 4369 2258 4442 ὕδωρ
2291 4369 2386 4442 τὴν
2409 4369 2631 4440 γνῶσιν,
2663 4371 2726 4424 ἐκ
2753 4369 2845 4422 τοῦ
2869 4369 3070 4441 σπόρου
3093 4367 3186 4422 τοῦ
3215 4369 3468 4431 πεσόντος
3489 4368 3560 4429 εἰς
3584 4365 3658 4433 τὴν

2116 4464 2218 4535 γῆν
2243 4463 2340 4536 τὴν
2367 4461 2536 4529 καλὴν
2569 4461 2678 4516 ἔστι
2713 4461 3051 4534 καταμαθεῖν
3071 4504 3084 4527 ,
3122 4463 3213 4515 καὶ
3243 4464 3310 4518 ὲκ
3350 4463 3442 4516 τοῦ
3483 4461 3658 4532 ῥέοντος

2123 4554 2368 4626 ποταμοῦ
2401 4555 2502 4625 τῆς
2535 4555 2739 4618 κοιλίας
2768 4554 2863 4608 τοῦ
2891 4555 3315 4618 πεπιστευκότος
3347 4555 3528 4616 ὓδατος
3552 4549 3658 4615 ζῶν-

2119 4665 2230 4712 τος·
2257 4649 2364 4702 Καὶ
2391 4648 2460 4702 τὰ
2485 4647 2612 4718 ἑξῆς
2643 4648 2697 4701 δὲ
2731 4647 2823 4702 τοῦ
2849 4648 3064 4719 ψαλμοῦ
3090 4649 3369 4702 ἀκολουθεῖ
3389 4651 3450 4718 τῇ
3472 4643 3658 4712 δευτέρᾳ

2122 4748 2399 4820 ἐξηγήσει.
2445 4750 2508 4804 Ἦ
2549 4751 2744 4823 σελήνη
2783 4752 2876 4805 καὶ
2917 4751 3140 4822 ἀστέρες
3183 4749 3468 4819 φωτίζοντι
3492 4746 3656 4813 ταύτην

2118 4851 2219 4924 τὴν
2247 4849 2351 4920 γῆν
2383 4851 2439 4902 ἐν
2472 4851 2662 4924 ἀγνοίᾳ
2704 4851 2841 4916 τέως
2873 4852 3162 4922 διάγουσαν
3209 4851 3302 4905 καὶ
3337 4852 3496 4922 μήπω
3531 4849 3655 4901 δυνα-

2124 4952 2291 5024 μένην
2331 4955 2665 5025 φωτισοῆναι
2701 4955 2806 5009 ὑπὸ
2853 4953 2947 5008 τοῦ
2996 4954 3092 5023 τῆς
3142 4953 3482 5023 δικαιοσύνης
3514 4949 3652 5020 ἡλίοψ

2120 5059 2214 5111 καὶ
2250 5057 2409 5112 πάλιν
2449 5059 2722 5130 Αἴγυπτος
2763 5061 3240 5133 καταλαμϐάνεται
3276 5058 3530 5130 σύμϐολον
3549 5049 3654 5107 οὖσα

2119 5165 2316 5230 κακίας
2348 5165 2455 5220 τῶν
2500 5166 2640 5221 κατά
2689 5167 2925 5221 διάνοιαν
2960 5165 3318 5236 πρωτοτόκων
3360 5159 3650 5231 φθαρέντων.

2117 5268 2212 5322 κα¹ι
2244 5268 2527 5332 κολάζεται
2559 5269 2757 5339 Φαραὼ
2785 5272 2896 5334 τοῖς
2929 5268 3313 5338 πνευματικοῖς
3345 5258 3650 5325 ἐναποπνιγὸ-

2123 5387 2282 5441 μενος
2335 5368 2488 5425 ὕδασι
2511 5413 2527 5436 ,
2562 5373 2654 5426 κα).
2699 5375 2727 5424 6
2764 5372 2976 5443 Ἰσραὴλ
3006 5371 3178 5424 ὁδεύει
3209 5369 3308 5441 τὴν
3334 5369 3526 5440 ἔρημον
3558 5379 3650 5415 πει-

2117 5475 2224 5528 νῶν
2250 5476 2342 5530 καὶ
2369 5475 2570 5547 διψῶν,
2603 5478 2697 5531 καὶ
2732 5475 3118 5549 πειραζόμενος
3138 5513 3154 5541 ,
3187 5475 3308 5546 ἥτις
3345 5473 3459 5526 ἐστὶ
3490 5465 3650 5539 σύμϐο-

2153 5571 2198 5602 ²⁹
2225 5569 2344 5625 Job.
2368 5572 2585 5635 κει-ιη.

2186 5692 2295 5768 (38)
2328 5697 2396 5750 Εἰ
2434 5694 2534 5748 τοῦ
2563 5693 2798 5763 ὕδατος,
2824 5703 2928 5752 etc.
2963 5691 3187 5748 Schedte
3216 5688 3415 5746 Gt‘ahii.
