3800 6484
87 388 202 446 1(ὶὲἰῖ

1005 390 1315 446 SELECTA
1355 389 1422 446 IN
1459 389 1800 446 PSALMOS.
1839 423 1912 434 —
1950 392 2143 448 PSAL.
2177 393 2460 449 CXXXVI.

3173 399 3310 456 163⁵38

83 503 161 556 λον
187 502 271 572 τῆς
299 503 606 574 πρακτικῆς
631 543 643 568 ,
676 504 918 558 σπεύδων
953 505 1046 560 ἐπὶ
1071 505 1169 574 τὴν
1198 507 1302 576 γῆν
1331 506 1430 578 τῆς
1467 505 1639 573 ὲπαγ-
1667 508 1687 565 1

1775 520 1947 560 erram
1979 508 2452 576 repromissionis,
2497 524 2618 580 quae
2667 510 2870 566 dicitur
2908 526 3030 568 esse
3077 518 3312 588 cognitio

83 596 262 664 γελίας,
289 597 353 666 ἦν
383 613 540 664 φασιν
580 593 718 652 εἶναι
752 600 848 670 τὴν
881 599 1081 667 γνῶσιν
1110 598 1202 652 τοῦ
1233 597 1386 652 Θεοῦ.

143 687 238 740 Kal
272 686 644 752 ἐκτινάξαντι
684 688 892 758 Φαραὼ
917 729 932 752 ,
961 691 1058 744 καὶ
1095 689 1209 758 τὴν
1234 689 1491 758 δύναμιν
1527 689 1634 742 αὐ-

79 779 174 832 τοῦ
206 781 282 846 είς
322 778 642 835 θάλασσαν
671 783 994 850 Ἐρυθρὰν,
1039 801 1094 836 κ.
1145 800 1196 835 τ.
1250 785 1298 836 ὲ.
1333 781 1443 854 Τὴν
1481 783 1637 835 εὐκο-

79 869 183 922 λίαν
214 872 309 942 (59)
345 873 435 926 τοῦ
463 871 902 944 καταποντισμοῦ
938 873 1256 945 βουλόμενος
1281 872 1541 943 δηλῶσαι,
1569 875 1634 944 τῇ

76 963 202 1030 λέξει
226 967 388 1038 ταύτῃ
419 969 710 1039 ἐχρήσατο.
747 969 1008 1020 Κοινωνεῖ
1033 967 1088 1020 δὲ
1131 967 1225 1019 καὶ
1253 967 1314 1019 τὸ
1347 966 1639 1038 στρατόπε-

76 1055 156 1109 δον
187 1058 273 1128 τῆς
297 1059 567 1131 τιμωρίας
591 1061 685 1114 καὶ
709 1059 1016 1122 κολάζεται·
1043 1059 1230 1132 ἐπειδὴ
1255 1058 1363 1112 τῶν
1387 1061 1640 1132 ἁμαρτη-

80 1151 244 1220 μάτων
273 1150 378 1204 τῶν
412 1153 539 1224 περὶ
591 1155 715 1218 τοὺς
757 1152 1040 1218 Ἰουδαίους
1089 1151 1451 1224 ἐκοινώνησαν
1475 1191 1490 1216 ,
1544 1153 1639 1206 καὶ

75 1243 166 1313 τῆς
195 1243 416 1312 διώξεως
453 1245 738 1316 μετέσχον.

143 1337 251 1390 ’Ὁτι
293 1338 361 1390 ἐν
405 1337 480 1406 τῇ
515 1339 866 1392 ταπεινώσει
911 1337 1080 1408 ἡμῶν
1121 1337 1394 1408 ἐμνήσθη
1435 1335 1636 1406 ἡμῶν,

76 1448 128 1485 κ.
158 1449 204 1484 τ.
231 1432 274 1484 ὲ.
307 1431 474 1484 Ὅταν
505 1432 600 1502 μὲν
627 1431 735 1502 (40)
769 1432 842 1495 ὡς
867 1431 1192 1502 ἀκαθάρτων
1231 1430 1389 1502 ἡμῶν
1425 1446 1638 1502 μνημο-

75 1523 209 1580 νεύει
234 1523 382 1596 ήμῶν
407 1528 435 1578 ὁ
469 1524 691 1596 Κύριος,
721 1525 860 1578 κατᾶ
893 1525 991 1596 τὴν
1030 1525 1272 1578 ἐπίνοιαν
1303 1522 1404 1592 τῆς
1435 1521 1637 1574 δικαιο-

74 1617 226 1689 σύνης
249 1619 400 1688 ἡμῶν
430 1618 754 1690 μνημονεύει
773 1635 787 1650 ο
824 1619 951 1672 ὅταν
983 1618 1040 1672 δὲ
1071 1617 1232 1670 πάλιν
1261 1616 1336 1681 ὼς
1359 1614 1636 1687 καθαρῶν,

72 1710 205 1763 κατὰ
239 1711 332 1782 τὴν
371 1711 612 1766 ἐπίνοιαν
657 1711 758 1782 τῆς
788 1711 1010 1780 σοφίας·
1061 1709 1198 1783 πλὴν
1229 1709 1388 1764 τοῦτο
1429 1709 1638 1774 ίστέον,

69 1802 246 1874 ὅτιπερ
283 1798 442 1856 αὗται
476 1804 532 1857 al.
580 1803 810 1857 ἐπίνοιαι
864 1801 1006 1858 κατὰ
1048 1803 1146 1874 τῆς
1185 1801 1294 1854 τῶν
1339 1799 1640 1870 γεγονότων

1739 596 1853 651 Dei.

1809 685 1974 742 Vnus.
2001 687 2089 744 15.
2125 689 2192 743 Ει
2233 693 2462 746 excussit
2487 690 2824 749 Pharaonem
2847 706 2894 750 et
2928 699 3165 754 uirtutem
3197 703 3313 774 ejus

1737 777 1792 830 in
1823 777 1960 830 mari
1995 775 2196 846 Rubro,
2225 789 2331 834 etc.
2365 781 2538 848 Quam
2563 782 2720 838 facile
2747 786 2859 841 huic
2885 789 3156 848 demersio
3173 791 3313 848 facta

1740 869 1832 934 sit,
1870 869 2059 924 volens
2091 873 2384 926 ostendere
2411 912 2427 938 ,
2462 875 2563 928 hac
2591 876 2830 930 dictione
2858 895 2986 933 usus
3013 891 3119 940 est.
3163 885 3314 951 Quo—

1739 963 1886 1016 niam
1953 975 2080 1016 vero
2147 963 2419 1019 exercitus
2472 966 2686 1035 injustze
2753 970 3038 1027 adversum
3102 973 3318 1032 Iudaeos

1739 1055 2136 1126 persecutionis
2161 1055 2436 1128 particeps
2469 1070 2608 1128 erat,
2667 1063 2740 1118 ita
2779 1073 2834 1120 et
2874 1066 3118 1139 supplicii
3151 1071 3320 1140 parti-

1739 1161 1866 1216 ceps
1889 1147 2009 1202 fuit.

1813 1331 1982 1386 Vens.
2016 1329 2106 1386 23.
2137 1331 2276 1398 Quia
2317 1335 2372 1387 in
2413 1336 2710 1392 humilitate
2757 1349 2936 1394 nostra
2967 1356 3164 1396 memor
3217 1341 3320 1412 fuit

1741 1422 1930 1484 nostri,
1982 1431 2092 1476 etc.
2145 1423 2372 1492 Quando
2403 1429 2576 1482 nostri
2612 1437 2863 1499 tanquam
2918 1432 3320 1487 immundornm

1741 1512 1988 1567 meminit
2024 1514 2302 1580 Dominus,
2329 1521 2624 1574 secundum
2651 1520 2876 1587 iustitiae
2903 1539 3014 1578 suae
3044 1525 3321 1580 notionem

1741 1608 1918 1662 nostri
1987 1611 2268 1676 meminit;
2317 1613 2538 1683 quando
2594 1625 2774 1669 autem
2835 1617 3004 1672 nostri
3067 1627 3321 1688 tanquam

1746 1701 2074 1756 mundorum
2107 1705 2394 1769 meminit,
2446 1705 2744 1760 secundum
2774 1709 3050 1779 sapientia!
3081 1727 3189 1765 suae
3226 1727 3324 1766 no-

1747 1793 1950 1848 tionem
1987 1795 2158 1850 nostri
2207 1785 2503 1854 mcminiti
2539 1810 2912 1856 verumtamen
2957 1802 3098 1856 istud
3149 1802 3328 1857 scien-

70 1867 287 1965 θεωρίας
333 1895 784 1966 κατηγοροῦνται,
829 1896 950 1966 ἥτις
995 1895 1071 1958 ὼς
1105 1867 1443 1966 ’δημιουργὸν
1477 1889 1640 1962 παρί-
1677 1867 1687 1920 Ι

1775 1900 1870 1938 ιιιιιι
1903 1888 2124 1950 est,has
2153 1891 2406 1948 notiones
2440 1896 2725 1964 praedicari
2749 1897 2815 1952 de
2845 1912 3024 1952 rermn
3057 1899 3324 1952 factarum

71 2003 162 2058 στη
171 2003 218 2039 σι
249 1986 336 2040 τὸν
363 1985 615 2059 Χριστόν.

149 2167 205 2220 '0
238 2166 438 2235 διδοὺς
479 2169 711 2239 τροφὴν
733 2169 900 2240 πάσῃ
926 2169 1128 2239 σαρκί,
1154 2187 1208 2222 κ.
1237 2185 1287 2222 τ.
1325 2167 1372 2221 ἐ.
1417 2165 1482 2218 Ἦ
1515 2181 1640 2238 τρε-

67 2261 266 2334 φομένη
297 2261 408 2333 (41)
453 2262 589 2336 σὰρξ
637 2265 789 2336 παρὰ
838 2263 932 2318 τοῦ
964 2262 1134 2330 Θεοῦ,
1179 2261 1319 2334 αὕτη
1358 2260 1549 2332 ὄψεται
1585 2257 1646 2312 τὸ

70 2358 324 2430 σωτήριον
353 2355 446 2410 τοῦ
477 2355 636 2412 Θεοῦ.

593 2537 885 2592 “suos
923 2538 1116 2607 ΡΑς-ο.

151 2628 276 2684 Ἐπί
306 2629 427 2683 τῶν
470 2629 752 2698 ποταμῶν
801 2630 1160 2696 Βαϐυλῶνος
1198 2627 1328 2683 ἐκεῖ
1363 2628 1648 2684 ἐκαθίσα-

59 2738 175 2792 μεν
203 2721 297 2775 καί
335 2721 719 2789 ἐκλαύσαμεν
742 2721 812 2774 ἐν
845 2720 926 2786 τῷ
947 2718 1298 2790 μνησθῆναι
1336 2715 1496 2788 ἡμᾶς
1537 2716 1649 2784 τῆς

63 2811 234 2876 Σιὼν,
267 2829 318 2864 κ.
347 2829 398 2864 τ.
428 2813 474 2864 ἐ.
519 2811 691 2874 Πολὺς
732 2813 760 2864 ὁ
800 2811 962 2874 πόθος
994 2811 1102 2882 (42)
1131 2813 1244 2874 τοῖς
1285 2808 1514 2880 ἀνδράσι
1548 2809 1647 2880 τῆς

61 2905 286 2968 πόλεως.
329 2903 485 2966 Τίνος
528 2903 584 2957 δὲ
627 2904 791 2958 ἓνεκα
839 2904 990 2976 παρὰ
1031 2905 1158 2968 τοὺς
1192 2901 1473 2972 ποταμοὺς
1515 2899 1646 2954 ὲκά-

61 3001 222 3069 θηντο
255 3014 270 3060 ;
313 2997 434 3049 Ὅτι
459 3035 472 3054 .
501 2997 835 3068 αἰχμάλωτοι
867 2997 1018 3061 ὄντες
1050 2997 1144 3050 καὶ¹
1171 2996 1235 3048 ὲκ
1265 2993 1528 3064 πολεμίας
1567 2993 1644 3046 εί-

1746 1981 2208 2050 contemplatione
2265 1999 2386 2055 qua:
2461 1995 2716 2055 tanquam
2785 1989 3034 2060 opificem
3106 1991 3328 2046 exhibet

1748 2072 2050 2130 Christum.

1819 2166 1984 2226 Vens.
2009 2168 2103 2226 25.
2146 2167 2249 2235 Qui
2291 2169 2384 2224 dat
2413 2189 2584 2226 escam
2616 2175 2758 2226 omni
2809 2173 2982 2238 carni,
3022 2185 3130 2230 etc.
3189 2174 3329 2231 Caro

1752 2272 1872 2329 qua:
1899 2275 1928 2314 a
1967 2258 2078 2316 Deo
2105 2261 2365 2328 nutritur,
2394 2264 2600 2319 videbit
2631 2265 2867 2320 salutare
2913 2267 3027 2322 Dei.

2217 2532 2536 2590 PSALMUS
2588 2535 2872 2592 CXXX".

1823 2625 1989 2680 Vens.
2031 2625 2084 2680 1.
2117 2625 2287 2694 Super
2307 2630 2531 2696 [lumina
2569 2627 2856 2699 Babylonis
2880 2631 2992 2683 illic
3019 2631 3252 2686 sedimus
3280 2643 3332 2686 et

1750 2716 2008 2784 ﬂeuimus,
2031 2733 2146 2770 eum
2172 2721 2575 2774 recordaremur
2599 2721 2750 2785 Sion,
2777 2733 2884 2778 etc.
2917 2723 3164 2794 Magnum
3197 2725 3328 2780 viris

1753 2807 1895 2863 inest
1931 2808 2174 2864 civitatis
2193 2810 2549 2867 desiderium.
2593 2812 2706 2868 Cur
2729 2823 2906 2869 autem
2934 2818 3088 2885 juxta
3111 2815 3332 2870 ﬂumina

1753 2901 2157 2956 consederunt?
2185 2902 2322 2969 Quia
2359 2921 2481 2960 cum
2513 2915 2700 2962 essent
2738 2908 2934 2978 captivi
2967 2920 3020 2963 et
3053 2925 3116 2964 ex
3151 2910 3332 2964 hostili

1753 2998 1978 3067 regione
2029 3000 2332 3069 assumpti,
2378 3012 2534 3055 extra
2583 3016 2766 3056 muros
2809 3011 2863 3058 et
2911 3001 3074 3057 urbes
3117 3003 3334 3058 habita-

57 3088 324 3160 λημμένοι
375 3085 596 3159 χώρας,
656 3089 760 3156 ἔξω
809 3087 1006 3160 τειχῶν
1077 3087 1172 3142 καὶ
1224 3085 1432 3140 πόλεων
1487 3082 1646 3156 ηὑλί-
1672 3103 1716 3164 ο
1751 3091 1902 3144 bam.

59 3182 236 3247 ζοντο.

146 3279 272 3334 Ἐπὶ
318 3278 448 3344 ταῖς
487 3275 666 3342 ίτέαις
707 3274 778 3330 ἐν
807 3273 974 3345 μέσῳ
1017 3273 1208 3343 αὐτῆς
1234 3271 1648 3343 ἐκρεμάσαμεν

53 3373 136 3427 τὰ
173 3373 394 3442 ὄργανα
427 3369 629 3440 ἡμῶν,
663 3387 716 3423 κ.
749 3387 799 3422 τ.
840 3371 886 3423 ὲ.
919 3371 1078 3422 Ὅσαι
1106 3367 1276 3438 ψυχαὶ
1304 3367 1414 3438 (45)
1445 3367 1649 3437 κάθην-

49 3483 150 3520 ται
178 3469 234 3520 ἐν
265 3469 392 3537 σκιᾷ
418 3465 512 3520 καὶ
552 3463 796 3534 ἀγνωσία
817 3501 831 3524 ,
861 3462 1032 3516 ἰστέον
1077 3463 1159 3515 ὅτι
1211 3461 1367 3530 λόγον
1397 3461 1647 3529 ἄκαρπον

51 3561 264 3632 ἔχουσι,
300 3559 368 3613 τὰ
404 3559 611 3630 ὄργανα
657 3555 1004 3628 κρεμάσασαι
1045 3553 1116 3607 τὰ
1170 3551 1524 3606 συντελοῦντα
1567 3553 1648 3615 εἰς

49 3651 161 3722 τὴν
197 3649 523 3722 πρακτικήν.

135 3744 264 3796 "Ott
286 3741 414 3796 ἐκεῖ
431 3741 828 3810 ἐπηρώτησαν
857 3736 1015 3804 ἡμᾶς
1041 3739 1095 3790 ol
1123 3735 1648 3804 αἱχμαλωτεύσαν-

51 3854 162 3902 ’τες
187 3833 344 3904 ἡμᾶς
367 3835 588 3901 λόγους
612 3829 800 3896 ᾠδῶν,
825 3829 920 3882 καὶ
950 3831 1002 3882 οἱ
1023 3829 1431 3897 ἀπαγαγόντες
1455 3827 1612 3896 ἡμᾶς
1631 3845 1643 3857 ·

63 3925 488 3996 Ἰζιινονᾷσατε
527 3923 670 3992 ἡμῖν
711 3921 780 3976 ἐκ
831 3920 950 3975 τῶν
987 3920 1156 3986 ᾠδῶν
1201 3920 1381 3984 Σιὼν,
1425 3939 1481 3974 κ.
1517 3939 1567 3976 τ.
1597 3923 1644 3975 ὲ.

57 4023 279 4088 ’Ἐγνων
327 4017 437 4087 ἐγὼ
500 4017 610 4084 (Η)
662 4013 756 4068 καὶ
800 4013 1060 4084 δαίμονας
1095 4013 1424 4080 ἀναγκάζειν
1471 4014 1648 4082 λέγειν

45 4112 311 4182 ψαλμοὺς
340 4110 433 4164 καὶ
453 4107 596 4179 ᾠδὰς
617 4104 992 4176 πνευματικὰς
1019 4105 1076 4156 έν
1102 4099 1190 4168 αἷς
1215 4103 1328 4158 ἐστί
1351 4123 1434 4169 τις
1461 4105 1648 4177 ἐντολὴ

47 4205 126 4276 ἣν
159 4203 500 4275 παρέϐημεν,
535 4201 609 4264 ῶς
653 4199 718 4253 ἂν
761 4197 1048 4261 ἀκούοντες
1085 4193 1456 4267 καταγελῶσιν
1495 4197 1648 4270 ήμῶν

51 4299 138 4362 ὡς
169 4297 438 4366 λεγόντων
466 4295 560 4349 κα)⁸
594 4293 668 4366 μὴ
699 4291 1014 4346 ποιούντων.

1823 3270 1989 3324 \‘Ens.
2023 3269 2078 3324 2.
2143 3268 2205 3324 1η
2248 3269 2498 3324 salicibus
2524 3273 2577 3324 in
2607 3271 2776 3324 medio
2819 3271 2934 3340 ejus
2967 3273 3334 3342 suspendium:

1749 3380 1948 3432 organa
2003 3372 2204 3426 nostra,
2257 3373 2364 3417 etc.
2412 3361 2756 3432 Qumcunque
2794 3365 2990 3418 animm
3041 3367 3230 3419 sedent
3280 3368 3329 3420 in

1751 3457 1944 3511 umbra
1993 3467 2050 3511 et
2107 3457 2406 3528 ignorantia
2429 3498 2444 3523 ,
2501 3458 2778 3512 sciendum
2814 3467 2897 3513 est
2932 3473 3026 3512 eas
3059 3460 3327 3512 rationem

1751 3551 1954 3606 habere
1984 3551 2244 3616 sterilem,
2279 3553 2558 3621 suspensis
2579 3553 2802 3623 organis
2830 3567 2950 3622 qua:
2977 3553 3170 3608 activae
3211 3555 3334 3608 vita:

1751 3642 2073 3701 inserviunt.

1822 3733 1986 3789 Vens.
2023 3735 2076 3789 5.
2106 3735 2244 3800 Quia
2271 3736 2379 3789 illic
2411 3737 2870 3808 interrogaverunt
2903 3756 3018 3802 nos,
3046 3740 3137 3810 qui
3165 3742 3331 3806 captio

1751 3843 1838 3880 vos
1875 3827 2136 3880 duxerunt
2188 3845 2303 3892 nos,
2362 3831 2514 3883 verba
2564 3833 2908 3894 cantionum;
2955 3842 3002 3884 et
3046 3831 3331 3902 qui

1752 3919 2086 3975 abduierunt
2123 3939 2257 3976 nos:
2295 3919 2790 3990 llymuumeantate
2818 3924 2966 3976 nobis
3001 3924 3065 3976 de
3114 3927 3332 3978 canticis

1751 4011 1904 4079 Sion,
1954 4024 2061 4070 etc.
2097 4015 2229 4070 Novi
2271 4032 2370 4084 ego
2403 4018 2566 4070 etiam
2598 4033 2694 4072 nos
2731 4016 2871 4084 adigi
2925 4032 2952 4068 a
3001 4015 3336 4070 daemonibus

1752 4109 1818 4162 ad
1853 4109 2162 4164 recitandos
2195 4109 2436 4179 psalmos
2469 4119 2524 4164 et
2573 4111 2783 4164 cantica
2825 4108 3095 4176 spiritalia
3131 4109 3184 4161 in
3215 4109 3336 4177 qni-

1751 4201 1856 4256 bus
1879 4212 1962 4256 est
1990 4213 2315 4272 praeceptum
2349 4207 2565 4276 aliquod
2587 4207 2728 4275 quod
2759 4206 3086 4275 transgressi
3123 4221 3330 4270 sumus,

1753 4304 1812 4348 ut
1873 4295 2158 4350 audientes
2209 4297 2476 4352 irrideant
2528 4314 2628 4353 nos
2675 4297 2767 4366 qui
2827 4297 3060 4352 dicimus
3114 4307 3168 4352 et
3225 4313 3330 4352 non

1753 4385 2002 4443 facimus.

129 4473 471 4539 Μνήσθητι,
497 4470 703 4538 Κύριε,
733 4467 850 4521 τῶν
875 4465 1022 4519 υἱῶν
1058 4463 1240 4533 Ἐδὼμ
1272 4463 1386 4530 τὴν
1419 4463 1648 4531 ἡμέραν
1679 4455 1687 4510 l

1829 4480 1990 4536 Vnus.
2016 4485 2066 4537 7.
2091 4481 2292 4536 MemOr
2307 4493 2440 4548 esto,
2467 4481 2704 4546 Domine,
2727 4481 2958 4550 ﬁliorum
2983 4479 3150 4534 Edam
3175 4481 3228 4534 in
3253 4479 3336 4534 die

63 4564 474 4634 Ἰερουσαλὴμ
492 4603 507 4628 ,
545 4561 662 4614 τῶν
690 4559 988 4626 λεγόντων
1011 4573 1023 4582 ·
1074 4555 1426 4609 Ἐκκενοῦτε
1445 4594 1460 4616 ,
1483 4555 1648 4608 ἐκκε-

43 4661 266 4724 νοῦτε,
307 4659 416 4724 ἕως
450 4655 568 4710 τῶν
610 4653 898 4724 θεμελίων
956 4648 1187 4719 αὐτῆς,
1251 4667 1306 4706 κ.
1360 4667 1413 4704 τ.
1472 4651 1518 4704 ἑ.
1577 4649 1650 4702 Τὸ

55 4777 76 4810 σ
125 4753 449 4809 Ἐκκενοῦτε
484 4747 595 4822 (45)
620 4789 634 4814 ,
683 4747 965 4806 ἐκκενοῦτε
985 4785 999 4808 ,
1042 4745 1146 4808 ἓως
1171 4737 1231 4797 οῦ
1259 4748 1287 4798 ὁ
1315 4744 1562 4814 θεμέλιος
1591 4745 1650 4798 ὲν

41 4853 198 4922 αὐτῇ
232 4889 248 4914 ,
295 4868 314 4900 ›
370 4847 444 4910 ὡς
486 4843 635 4917 παρὰ
675 4843 782 4898 τῶν
818 4841 1026 4913 ἐχθρῶν
1065 4840 1354 4912 λεγόμενον
1377 4839 1646 4894 τέθειται·

41 4943 212 5016 δηλοῖ
243 4939 304 4993 δὲ
336 4939 460 5000 τοὺς
503 4935 830 4998 παλαίοντας
859 4935 988 5004 ἡμῖν
1019 4931 1392 5003 πειρωμένους
1419 4929 1526 4983 τῶν
1555 4950 1654 5001 φυ-

41 5035 234 5094 σικῶν
267 5033 369 5102 τῆς
415 5029 615 5101 ἀρετῆς
645 5025 906 5082 ἅπτεσθαι
953 5025 1316 5096 σπερμάτων·
1350 5025 1493 5098 άπερ
1529 5043 1654 5098 τρο-

41 5126 242 5189 πικῶς
277 5123 530 5194 ὠνόμασε
564 5119 828 5190 θεμέλιον,
863 5119 958 5170 ἀπ’
982 5117 1157 5189 ἀρχῆς
1185 5116 1654 5188 καταϐεϐλημένον

33 5226 104 5275 ἐν
153 5217 305 5286 αὐτῇ
348 5217 414 5286 τῇ
445 5213 588 5284 ψυχῇ
617 5250 632 5274 ,
666 5209 906 5282 δηλονότι
947 5209 1035 5261 ἵνα
1071 5207 1414 5262 παντάπασιν
1458 5213 1486 5264 ὁ
1511 5209 1653 5274 νοῦς,

31 5313 321 5372 ἐκπεσὼν
365 5310 583 5382 ἀρετῆς,
637 5305 777 5361 κατὰ
819 5305 914 5376 τὴν
962 5307 1257 5378 παροιμίαν
1309 5308 1654 5378 περιπατήσῃ

29 5425 114 5476 γυ
125 5404 421 5477 μνὼτερος
439 5401 540 5454 ύπέ
550 5417 662 5471 ρου,
685 5397 760 5470 μὴ
784 5396 1136 5468 ἐνδυσάμενος
1155 5398 1244 5451 τὸν
1267 5399 1498 5470 Χριστὸν
1521 5397 1657 5468 μηδὲ

27 5501 60 5552 ἕ
67 5519 162 5570 χιι.)
171 5517 198 5550 ν
229 5495 358 5548 ἐνδυ
367 5511 444 5566 μα
468 5493 666 5564 γάμου.

121 5685 253 5748 (59)
299 5683 420 5748 Τὴν
451 5681 758 5745 εὐκολίαν,
789 5691 892 5736 etc.
929 5681 1128 5736 Catena
1157 5679 1422 5736 Cordcrii.

113 5756 255 5816 440)
301 5757 477 5807 Ὄται·
497 5752 632 5822 μέν,
667 5763 772 5807 etc.
813 5751 1044 5808 Sclleda:
1075 5751 1282 5808 Grabii.

119 5823 254 5896 (41)
309 5827 372 5880 Ἠ
391 5823 738 5894 τρεφομένη,
781 5833 886 5878 etc.
919 5824 1148 5896 Ezgdem.

119 5893 253 5965 (4:1)
295 5893 498 5962 Πολὺς
530 5898 561 5950 o’
589 5896 794 5963 πόθος,
828 5903 931 5950 etc.
965 5893 1166 5952 Catena
1204 5893 1466 5950 Cordcrii.

1755 4574 2076 4640 Jerusalem,
2109 4577 2199 4646 qui
2229 4577 2773 4642 dicunt,Exinanite,
2815 4575 3085 4629 erinanite
3107 4614 3126 4638 ,
3174 4590 3336 4640 usque

1755 4667 1824 4720 ad
1851 4667 2258 4736 fundamentum
2285 4669 2338 4721 in
2363 4685 2446 4730 ea,
2481 4677 2587 4723 etc.
2621 4665 2778 4730 lllud,
2833 4685 2851 4717 ι
2882 4667 3190 4730 Exinanite,
3219 4667 3337 4720 exi-

1757 4760 1938 4814 nanite
1973 4775 2144 4828 usque
2165 4759 2230 4813 ad
2267 4759 2682 4812 fundamentum
2714 4758 2766 4812 in
2795 4771 2882 4822 ea,
2904 4777 2922 4810 ι
2975 4768 3232 4826 tanquam
3265 4758 3334 4811 ab

1759 4851 1998 4906 inimicis
2057 4852 2260 4905 dictum
2315 4851 2846 4921 poniturzostendit
2901 4865 3030 4903 vero
3089 4865 3180 4902 eos
3240 4847 3332 4918 qui

1761 4945 1916 4998 nobis
1951 4943 2328 5006 adversantur,
2355 4945 2622 4998 naturalia
2645 4944 2860 4998 virtutis
2880 4945 3090 4998 semina
3115 4953 3334 5010 tangere

1759 5033 1982 5098 conari;
2042 5049 2162 5102 quae
2206 5034 2424 5100 quidem
2491 5037 2699 5088 semina
2759 5035 2964 5103 tropice
3035 5033 3334 5087 nominavit

1759 5123 2196 5191 fundamentum,
2258 5127 2326 5181 ab
2384 5125 2538 5180 initio
2589 5127 2644 5181 in
2709 5127 2824 5196 ipsa
2877 5126 3058 5178 anima
3101 5125 3334 5192 jactnm,

1758 5218 2020 5273 videlicet
2056 5227 2116 5271 ut
2157 5233 2311 5273 mens
2334 5235 2361 5272 a
2393 5219 2598 5274 virtute
2627 5219 2884 5274 excidens
2925 5218 3078 5287 juxta
3109 5232 3331 5286 prover-

1759 5310 1905 5364 bium
1956 5311 2194 5364 ambulet
2243 5311 2438 5365 nudior
2501 5311 2736 5381 pistillo,
2802 5311 2998 5380 quippe
3051 5325 3170 5378 quae
3226 5325 3333 5366 non

1760 5402 2000 5457 induerit
2033 5403 2448 5467 Christnmmec
2477 5403 2676 5458 habeat
2704 5415 2910 5458 vestem
2943 5401 3258 5472 nuptialem.

1830 5680 1942 5754 (45)
1969 5682 2146 5735 Ὅσαι
2173 5677 2388 5754 ψυχαί,
2424 5673 2788 5754 elc.__Schcd:e
2823 5674 3034 5730 Grabii.

1827 5747 1939 5822 (Η)
1975 5747 2358 5822 Ἑταιρῶν-ἐγώ,
2395 5759 2502 5802 etc.
2531 5747 2762 5822 Eundem.

1825 5815 1935 5894 (65}
1971 5815 2441 5892 rapum/were,
2473 5829 2579 5874 etc.
2612 5815 2847 5873 Eandem.
