3800 6516
75 357 110 373 Ὦ

135 418 250 473 1661

1017 420 1327 476 SELECTA
1366 421 1432 476 IN
1470 421 1806 476 PSALMOS.
1851 451 1919 460 —
1949 421 2146 477 PSAL.
2178 421 2512 477 CXXXVIII.

3221 428 3365 485 166!

130 542 236 614 μίου
262 541 430 606 οὕτως
456 542 676 613 ἔχοντα’
712 563 729 595 ‹
785 544 848 597 Ἦ
878 544 1061 616 ἐντολὴ
1094 545 1231 617 αὕτη
1267 547 1360 616 οὐχ
1389 545 1688 618 ὑπέρογκός
1720 554 1739 607 1

1800 545 2041 598 habent:
2076 563 2092 594 ι
2127 545 2440 598 Mandatqu
2501 546 2602 598 hoc
2649 559 2754 598 non
2811 551 2896 599 est
2943 557 3128 615 grave,
3186 561 3364 616 neque

123 637 274 699 ἔστιν,
303 636 419 689 οὐδὲ
451 637 666 708 μακρὰν
698 638 804 691 ἀπὸ
835 637 926 690 σοῦ
955 639 1101 690 ἐστιν
1122 657 1134 669 ο
1165 640 1265 692 οὐκ
1289 642 1346 692 ἐν
1377 639 1456 709 τῷ
1479 637 1690 711 οὐρανῷ

122 726 222 780 ἄνω
253 725 386 788 ἐστὶ,
415 726 588 795 λέγων
610 745 623 757 °
655 729 750 792 Τίς
777 729 1108 798 ἀναϐήσεται
1139 731 1270 799 ἡμῖν
1301 731 1380 792 είς
1409 730 1498 782 τὸν
1531 731 1693 800 οὐρα-

121 819 229 881 νὸν,
271 820 363 873 καὶ
390 819 614 890 λήψεται
657 823 827 893 αὑτήν
861 837 874 886 ;
907 821 1041 874 Οὐδὲ
1074 821 1243 891 πέραν
1291 821 1391 892 τῆς
1422 821 1692 890 Θαλάσσης

117 913 224 965 ἐστὶ
245 953 259 975 ,
287 911 486 980 λέγων·
517 914 613 976 Τίς
658 914 975 986 διαπεράσει
1009 916 1141 984 ἡμῖν
1172 915 1250 977 είς
1289 913 1349 966 τὸ
1379 915 1550 985 πέραν
1592 916 1692 985 τῆς

117 1006 399 1077 θαλάσσης,
429 1008 523 1060 καὶ
551 1007 691 1081 λάϐῃ
718 1008 884 1079 αὐτὴν
917 1010 948 1079 ἠ
960 1011 1072 1077 μίν,
1106 1009 1199 1061 καὶ
1231 1007 1564 1070 ἀκούσαντες
1596 1009 1694 1061 αὑ-

113 1098 206 1168 τὴν
232 1099 521 1170 ποιήσομεν
553 1100 753 1169 αὐτὴν;
776 1099 958 1152 Ἔστιν
992 1100 1156 1168 ἐγγύς
1183 1117 1273 1152 σου
1302 1099 1361 1153 τὸ
1387 1099 1540 1171 ῥῆμα
1566 1101 1693 1168 σφό-

111 1188 228 1261 δρα,
257 1189 312 1241 ἐν
337 1189 416 1260 τῷ
451 1190 678 1262 στόματί
709 1207 800 1243 σου
834 1192 927 1243 καὶ
955 1193 1011 1243 ὲν
1041 1195 1106 1263 τῇ
1138 1191 1335 1264 καρδίᾳ
1367 1209 1482 1256 σου,
1516 1193 1608 1246 καὶ
1635 1195 1692 1246 ἐν

110 1282 224 1343 ταῖς
250 1281 403 1351 χερσί
435 1297 526 1334 σου
559 1284 730 1334 ποιεῖν
761 1281 910 1335 αὑτό.
953 1301 970 1331 ι
1009 1283 1324 1354 Συγκρινεῖς
1370 1283 1426 1336 δὲ
1461 1284 1554 1336 καὶ
1587 1283 1693 1336 ἀπὸ

124 1371 298 1442 ’Λμὼς
325 1373 527 1427 ταῦτα·
566 1393 584 1426 ‹
620 1375 693 1429 Οῦ
729 1374 803 1446 μὴ
829 1374 1064 1449 διαφύγῃ
1107 1375 1166 1441 ἐξ
1212 1375 1390 1429 αὐτῶν
1436 1376 1649 1446 φεύγων
1675 1394 1688 1408 °

108 1464 201 1516 καὶ
229 1465 287 1516 οὑ
322 1463 394 1536 μὴ
424 1464 748 1536 διασωθῇ-ἐξ
779 1465 954 1519 αὐτῶν
983 1467 1395 1538 ἀνασωζόμενος
1422 1485 1434 1498 ο
1473 1467 1567 1520 ἐὰν
1597 1485 1694 1521 κα-

106 1556 406 1626 τορυγῶσιν
446 1560 525 1622 είς
559 1557 695 1629 ᾅδου
721 1598 736 1622 ,
773 1559 981 1614 ἐκεῖθεν
1012 1563 1044 1632 ὴ
1084 1559 1204 1632 χείρ
1255 1578 1353 1630 μου
1388 1559 1693 1614 ἀνασπάσει

105 1647 299 1713 αὐτούς
324 1665 338 1679 ’
377 1651 470 1704 καὶ
499 1650 592 1704 ἐάν
625 1649 896 1704 ἀναϐῶσιν
941 1653 1019 1716 είς
1051 1652 1140 1704 τὸν
1179 1652 1439 1722 οὐρανὸν,
1486 1652 1694 1704 ἐκεῖθεν

103 1741 319 1805 κατάξω
345 1742 566 1806 αὐτούς’
621 1741 716 1795 ἐὰν
749 1744 1025 1815 κρυϐῶσιν
1067 1747 1147 1808 εἰς
1181 1745 1281 1814 τὴν
1310 1743 1554 1815 κορυφὴν
1596 1743 1690 1796 τοῦ

101 1834 422 1906 Καρμήλου,
459 1834 666 1888 ἐκεῖθεν
694 1835 1032 1908 ἑξερευνήσω
1064 1838 1157 1891 καὶ
1181 1836 1422 1908 λήψομαι
1456 1836 1652 1898 αὐτούς
1675 1853 1688 1865 °

1794 637 1954 706 longe
1983 641 2081 691 abs
2110 648 2160 690 te
2184 645 2297 701 est;
2327 651 2432 690 non
2463 636 2516 690 in
2544 635 2684 690 caelo
2730 651 2945 691 sursum
2983 645 3100 700 est,
3138 635 3360 692 dicens:

1791 728 1924 796 Quis
1950 728 2207 782 ascendet
2233 727 2387 780 nobis
2436 728 2490 781 in
2540 725 2774 792 cadum,
2818 736 2872 780 et
2909 726 3140 794 accipiet
3189 725 3364 780 illud?

1793 822 1977 892 Neque
2013 830 2162 874 trans
2196 835 2346 874 mare
2386 829 2491 884 est,
2527 820 2713 872 dicens
2751 836 2764 873 :
2797 819 2929 886 Quis
2983 817 3364 873 transfretabit

1794 915 1949 970 nobis
1979 925 2127 966 trans
2155 927 2325 976 mare,
2357 921 2410 965 ct
2442 913 2670 982 accipiet
2695 913 2847 967 nobis
2881 913 3030 976 illud,
3059 923 3112 965 et
3141 911 3366 966 audien-

1795 1017 1873 1062 tes
1900 1007 2025 1060 illud
2063 1005 2324 1058 faciemus
2352 1004 2522 1058 illud?
2550 1005 2722 1074 Prope
2749 1015 2800 1060 te
2831 1014 2912 1060 est
2937 1008 3157 1057 verbum
3186 1003 3363 1065 valde.

1794 1099 1848 1154 in
1889 1116 1985 1154 ore
2010 1110 2102 1152 tuo
2140 1106 2192 1152 et
2219 1099 2270 1151 in
2290 1099 2455 1152 corde
2481 1107 2591 1162 tuo,
2626 1109 2678 1153 et
2700 1098 2751 1152 iit
2780 1098 3026 1151 manibus
3055 1098 3157 1151 tuis
3188 1095 3366 1151 facere

1795 1191 1946 1245 illud.
1977 1211 1995 1242 ι
2037 1189 2300 1245 Conferes
2337 1190 2463 1243 item
2499 1205 2566 1244 ex
2601 1191 2766 1243 Amos
2793 1190 3040 1244 ha‘c":t
3070 1187 3182 1241 Non
3203 1188 3398 1258 fugiet'

1795 1299 1859 1338 ex
1902 1284 1981 1337 eis
2027 1283 2118 1351 qui
2149 1282 2384 1352 fugerit;
2424 1290 2478 1334 et
2515 1297 2624 1334 non
2667 1281 2964 1335 salvabitur
3011 1297 3076 1335 ex
3128 1280 3232 1334 illis
3275 1280 3366 1348 qui

1797 1373 1957 1428 fuerit
2007 1373 2266 1438 salvatus;
2327 1372 2370 1427 si
2422 1372 2731 1427 absconditi
2770 1370 2971 1426 fuerint
3027 1374 3078 1426 in
3132 1374 3364 1435 inferno,

1796 1463 1919 1518 inde
1942 1481 2132 1517 manus
2175 1480 2292 1518 mea
2325 1465 2517 1519 evellet
2552 1479 2692 1532 eos;
2729 1471 2782 1518 et
2832 1464 2875 1518 si
2923 1466 3265 1520 ascenderint
3313 1465 3366 1518 in

1795 1559 1994 1611 etelum
2017 1597 2033 1622 ,
2067 1559 2192 1612 inde
2227 1558 2507 1612 detraham
2535 1557 2656 1612 illos
2695 1573 2709 1622 ;
2745 1558 2786 1612 si
2828 1559 3126 1612 absconditi
3168 1557 3368 1612 fuerint

1796 1649 1849 1703 in
1877 1651 2083 1704 vertice
2116 1651 2375 1715 Carmeli,
2403 1651 2524 1704 inde
2553 1651 2842 1704 scrutabor
2873 1660 2927 1704 et
2954 1649 3194 1703 auferam
3224 1665 3318 1704 eos
3351 1668 3366 1716 ;

1798 1741 1929 1794 etsi
1976 1742 2337 1796 demerserint
2385 1757 2444 1798 se
2477 1745 2543 1796 ab
2579 1744 2755 1796 oculis
2807 1743 2944 1796 meis
2997 1744 3049 1796 in
3102 1742 3368 1812 profunda

1798 1835 1985 1900 maris,
2021 1836 2141 1890 imle
2185 1837 2452 1891 mandabo
2479 1838 2723 1903 draconi,
2753 1845 2807 1890 et
2832 1837 3100 1890 mordebit
3137 1851 3233 1891 eos
3267 1853 3282 1902 ;
3313 1845 3369 1890 et

103 1900 205 1973 καί
239 1900 333 1974 ἐάν
362 1923 736 1976 καταδύσωσιν
774 1900 832 1989 ἐξ
861 1900 1154 1997 ὀφθαλμῶν
1192 1900 1292 1998 μου
1329 1900 1421 1990 ἐἰς
1450 1925 1516 1978 τὰ
1546 1925 1684 1996 βάθη
1727 1900 1739 1954 Ι

1800 1921 1834 1975 si
1874 1923 2113 1977 abierint
2145 1924 2196 1978 in
2231 1926 2607 1994 captivitatem
2636 1937 2764 1981 ante
2802 1926 2994 1980 faciem
3025 1927 3366 1981 inimicorum

95 2011 196 2080 τῆς
229 2010 501 2082 θαλάσσης
521 2053 534 2075 ,
566 2013 684 2065 ἐκεῖ
709 2012 1028 2084 ὲντελοῦμαι
1057 2013 1134 2084 τῷ
1163 2014 1436 2085 δράκοντι,
1469 2013 1563 2065 καὶ
1587 2011 1683 2082 δή·

1791 2031 2034 2080 suorum,
2072 2018 2142 2072 ibi
2169 2020 2480 2089 praacipiam
2508 2022 2719 2089 gladio,
2757 2031 2812 2076 ct
2851 2022 3139 2077 interliciet
3175 2037 3290 2075 eos.
3345 2040 3366 2073 ι

95 2105 247 2174 ξεται
293 2107 525 2172 αὐτούς’
572 2111 665 2162 καὶ
710 2108 805 2162 ἐὰν
850 2109 1188 2182 πορευθῶσιν
1223 2113 1279 2163 ὲν
1338 2108 1682 2179 αἰχμαλωσίᾳ
1722 2109 1827 2179 πρὸ
1883 2113 2176 2183 προσώπου
2215 2114 2322 2168 τῶν
2362 2115 2570 2188 ἐχθρῶν
2628 2116 2840 2182 αὐτῶν,
2897 2117 3102 2170 ἐκεῖθεν
3141 2115 3376 2170 ἐντελοῦ-

93 2219 194 2273 μαι
221 2206 287 2275 τῇ
325 2203 585 2276 ῥομφαίᾳ,
622 2205 714 2258 καὶ
740 2206 1029 2259 ἀποκτενεῖ
1057 2206 1276 2270 αὐτούς.
1323 2226 1340 2258 ι

193 2299 305 2352 Kal
349 2297 506 2353 εἶπα·
542 2303 678 2369 Ἄρα
718 2304 939 2370 σκότος
989 2304 1396 2371 καταπατήσει
1435 2320 1511 2372 με
1540 2342 1554 2364 ,
1590 2301 1688 2355 καὶ

85 2389 206 2455 νὺξ
252 2393 556 2462 φωτισμὸς
601 2394 670 2447 ἐν
714 2395 787 2464 τῇ
832 2396 1030 2466 τρυφῇ
1070 2416 1189 2467 μου
1217 2437 1231 2460 ,
1283 2415 1338 2450 κ.
1377 2413 1426 2449 τ.
1465 2397 1510 2449 ὲ.
1558 2397 1620 2448 Εἰ
1656 2397 1688 2467 ἡ

86 2483 286 2552 ἄγνοια
320 2483 430 2554 (55)
467 2485 696 2557 καρδίας
747 2487 934 2552 σκότος
967 2489 1114 2542 ἐστὶν
1135 2487 1512 2560 ,(«ὲσκοτίσθη
1557 2487 1687 2558 γὰρ,

84 2575 279 2645 φησιν,
308 2577 341 2648 ἡ
380 2576 638 2642 ἀσύνετος
667 2580 844 2634 αὐτῶν
872 2582 1382 2654 καρδία·ι)είκότως
1407 2583 1514 2653 ἄρα
1543 2583 1570 2634 ό
1602 2579 1689 2633 ai-

81 2683 201 2730 τιος
227 2670 362 2739 ἡμῖν
407 2671 502 2723 τοῦ
545 2673 767 2737 σκότους
815 2674 1002 2726 τούτου
1039 2675 1353 2745 γινόμενος,
1384 2675 1477 2727 καὶ
1525 2673 1688 2735 αὐτὸς

81 2760 415 2830 ὀνομάζεται
445 2764 655 2827 σκότος,
684 2766 833 2829 ὅστις
863 2766 1018 2836 ἡμῶν
1052 2766 1148 2837 τὴν
1181 2767 1239 2820 ὲν
1260 2765 1708 2835 γνὼσειτρυφὴν·

78 2856 430 2924 προαιρεῖται
475 2856 762 2920 σκοτίζειν,
808 2858 902 2911 τοῦ
945 2857 1078 2911 Θεοῦ
1132 2857 1206 2930 μὴ
1256 2857 1682 2929 συγχωροῦντος,

77 2942 221 2997 ἀλλά
263 2944 324 2997 τὸ
376 2944 567 3008 σκότος
615 2948 978 3016 φωτίζοντοςο
1032 2969 1050 3000 ί
1101 2949 1174 3002 Τὸ
1214 2949 1323 3022 γὰρ
1363 2949 1478 3019 φῶς
1521 2952 1579 3002 ὲν
1616 2954 1682 3023 τῇ

75 3038 281 3109 σκοτίᾳ
329 3038 544 3108 φαίνει,
585 3041 681 3094 καὶ
727 3043 759 3113 ὴ
800 3042 990 3096 σκοτία
1035 3042 1166 3096 αὐτὸ
1199 3043 1258 3095 οὐ
1307 3043 1624 3097 κατέλαϐεν.
1659 3063 1678 3095 ι

83 3128 180 3193 Ὣς
206 3131 322 3202 γὰρ
355 3132 455 3202 τὴν
483 3132 704 3202 ἄγνοιαν
738 3134 826 3188 διὰ
849 3136 946 3206 τῆς
996 3137 1195 3198 κακίας
1233 3135 1683 3206 ἐπεκτησάμεθα,

68 3219 222 3275 οὕτω
253 3223 351 3276 καὶ
383 3223 482 3296 τὴν
521 3225 722 3294 γνῶσιν
748 3225 834 3280 διὰ
859 3227 958 3298 τῆς
987 3227 1186 3300 ἀρετῆς
1214 3226 1642 3300 προσελάϐομεν.

147 3399 277 3451 Ὅτι
305 3399 390 3453 σὺ
417 3399 654 3468 ἐκτήσω
699 3403 841 3469 τοὺς
898 3406 1155 3473 νεφρούς
1211 3423 1352 3474 μου,
1406 3423 1460 3461 κ.
1513 3425 1563 3461 τ.
1626 3407 1673 3461 ὲ.

64 3489 375 3562 Μακάριος
406 3491 517 3566 (56)
559 3490 618 3549 οῦ
659 3497 705 3548 oi
734 3499 923 3568 νεφροὶ
947 3498 1133 3570 κτῆμα
1161 3499 1417 3567 γεγόνασι
1445 3500 1538 3553 τοῦ
1571 3502 1681 3555 Κυ-

67 3584 220 3657 ρίου.

141 3679 276 3732 Οὺκ
292 3677 520 3748 ἐκρύϐη
537 3679 603 3734 τὸ
627 3681 853 3736 ὀστοῦν
876 3701 996 3752 μου
1020 3683 1137 3738 ἀπὸ
1168 3685 1284 3740 σοῦ
1317 3683 1348 3738 ὃ
1381 3685 1678 3756 ἐποίησας

52 3769 133 3826 ἐν
168 3771 416 3841 κρυφῇ,
450 3791 503 3827 κ.
534 3791 584 3827 τ.
617 3775 664 3828 ὲ.
710 3775 930 3830 Ὀστοῦν
961 3777 1070 3847 (57)
1101 3777 1197 3850 τὴν
1221 3777 1396 3850 ψυχὴν
1425 3779 1678 3852 ὠνόμασε

51 3863 180 3928 νῦν,
216 3865 290 3936 ἥν
323 3867 556 3938 ἐποίησε
585 3869 744 3938 μόνος
767 3871 794 3921 ὁ
814 3869 964 3932 Θεός.

134 3955 213 4010 Τὸ
245 3957 714 4026 ἀκατέργαστόν
750 3978 870 4028 μου
910 3957 1080 4014 εἶδον
1114 3965 1168 4016 οἱ
1202 3965 1499 4035 ὀφθαλμοί
1538 3983 1674 4031 σου,

43 4065 102 4103 κ.
140 4068 195 4103 τ.
234 4051 286 4103 ἑ.
342 4050 788 4123 Ἀκατέργαστον
814 4053 923 4125 (58)
969 4054 1113 4126 ψυχὴ
1153 4057 1185 4128 ἡ
1222 4056 1296 4130 μὴ
1344 4058 1412 4112 δι’
1473 4059 1676 4130 ἀρετῆς

43 4140 445 4221 μορ,φωθεῖσα
474 4143 566 4195 καὶ
597 4142 870 4210 γνώσεως.

113 4233 240 4288 Καὶ
272 4233 396 4286 ἐπὶ
425 4234 489 4286 τὸ
535 4235 782 4299 βιϐλίον
816 4251 932 4290 σου
967 4237 1189 4305 πάντες
1238 4239 1672 4310 τραφήσονται,

30 4345 90 4384 κ.
126 4346 180 4382 τ.
223 4328 276 4381 ἑ.
314 4327 362 4378 Β
385 4325 552 4380 ιϐλίον
580 4327 714 4382 Θεοῦ
748 4329 857 4396 (59)
908 4331 1052 4385 ἐστιν
1088 4333 1119 4403 ἡ
1163 4331 1366 4404 θεωρία
1408 4336 1675 4406 σωμάτων

31 4422 138 4474 καὶ
171 4418 539 4490 ἀσωμάτων,
569 4421 626 4471 ὲν
657 4415 700 4488 ᾧ
734 4421 943 4490 πέφυκε
987 4423 1074 4475 διὰ
1121 4423 1222 4494 τῆς
1251 4424 1504 4494 γνώσεως
1538 4429 1676 4499 γρά-

34 4513 258 4583 φεσθαι
297 4511 437 4574 νοῦς
469 4510 727 4582 καθαρός.
777 4514 865 4565 Ἐν
908 4513 963 4566 δὲ
1000 4513 1175 4586 τούτῳ
1217 4516 1294 4588 τῷ
1336 4517 1526 4589 βιϐλίῳ
1569 4520 1677 4576 εἰσὶ

29 4603 458 4678 γεγραμμένοι
485 4604 579 4656 καὶ
603 4606 650 4656 οί
674 4605 800 4675 περὶ
826 4605 1088 4676 Προνοίας
1113 4607 1259 4675 λόγοι
1291 4610 1384 4662 καὶ
1417 4609 1671 4680 κρίσεως,

1867 2301 2028 2358 Vens.
2062 2305 2146 2359 11.
2182 2305 2247 2359 Ει
2279 2305 2426 2359 dixi:
2451 2304 2704 2360 Forsitan
2729 2308 2957 2360 tenebrae
2984 2307 3366 2360 conculcabunt

1793 2409 1895 2457 me,
1927 2408 1972 2448 et
2007 2413 2111 2449 nos:
2137 2397 2455 2449 illuminatio
2502 2414 2614 2450 mea
2661 2398 2713 2450 in
2748 2397 2956 2451 deliciis
2987 2399 3140 2461 meis,
3169 2407 3276 2451 etc.
3309 2397 3366 2450 Si

1793 2487 2093 2557 ignorantia
2129 2490 2308 2543 cordis
2343 2490 2578 2544 tenebra:
2606 2501 2752 2556 sunt,
2782 2510 2799 2542 ι
2829 2491 3247 2545 obtencbratum
3284 2500 3369 2544 est

1795 2580 1938 2632 enim
1993 2582 2255 2651 insipiens
2290 2599 2388 2637 cor
2427 2601 2616 2638 eormn
2648 2584 2716 2649 ³’,
2745 2603 2762 2636 ι
2799 2585 2990 2638 merito
3018 2585 3062 2638 is
3099 2585 3189 2653 qui
3219 2583 3376 2639 nobis

1795 2671 2099 2740 hujusmodi
2134 2677 2481 2730 tenebrarum
2523 2693 2686 2731 causa
2729 2687 2848 2740 est,
2881 2679 3046 2731 etiam
3078 2677 3190 2746 ipse
3221 2687 3373 2730 teuc-

1792 2765 2015 2818 brarum
2060 2768 2284 2820 nomine
2328 2768 2655 2838 appellatur,
2713 2770 2910 2838 quippe
2951 2769 3034 2821 cui
3069 2780 3284 2822 nostras
3321 2768 3372 2822 in

1792 2855 2020 2910 scientia
2052 2857 2278 2914 delicias
2307 2863 2649 2930 propositum
2697 2871 2780 2915 est
2811 2861 3210 2926 obtenebrare,
3263 2861 3374 2916 Deo

1792 2962 1897 3000 non
1957 2949 2314 3013 concedente,
2369 2953 2464 3006 sed
2516 2953 2766 3008 tenebras
2817 2952 3203 3009 illuminante:
3247 2967 3372 3005 nam

1796 3057 1814 3090 ι
1845 3038 1934 3093 lux
1972 3040 2022 3093 in
2057 3042 2296 3097 tenebris
2327 3043 2508 3110 lucet,
2541 3053 2596 3099 et
2626 3046 2864 3098 tenebrae
2905 3060 3025 3099 eam
3073 3060 3179 3098 non
3223 3061 3372 3098 com-

1789 3131 2195 3199 prehendcrttnt
2214 3134 2282 3165 ³¹⁹
2317 3151 2360 3186 ε»
2389 3136 2530 3189 sicut
2557 3135 2697 3190 enim
2722 3151 2814 3204 per
2841 3134 3098 3188 malitiam
3121 3133 3372 3204 ignoran-

1791 3225 1862 3276 tia
1892 3224 2055 3295 837
2089 3228 2245 3282 nobis
2271 3227 2511 3294 obvenit,
2546 3229 2626 3284 sic
2654 3238 2708 3282 et
2742 3227 3028 3283 scientiam
3061 3243 3158 3298 per
3191 3227 3367 3281 virtu-

1789 3325 1898 3371 tem
1932 3320 2265 3388 accepimus.

1854 3410 2023 3464 Vens.
2057 3412 2144 3465 15.
2184 3412 2321 3476 Quia
2351 3421 2405 3466 tu
2431 3413 2706 3481 possedisti
2730 3430 2876 3467 renes
2899 3429 3061 3478 meos,
3094 3419 3198 3466 etc.
3229 3411 3362 3466 Bea-

1785 3511 1870 3558 tus
1905 3503 2059 3574 cujus
2099 3518 2256 3560 renes
2279 3506 2552 3575 possessio
2579 3505 2673 3560 Dei
2708 3505 2834 3561 facti
2861 3515 3011 3560 sunt.

1851 3683 2016 3738 Vsus.
2051 3682 2135 3738 15.
2167 3681 2291 3737 Non
2341 3694 2415 3737 est
2438 3682 2760 3738 occultatum
2790 3700 2846 3738 os
2879 3699 3048 3737 meum
3081 3700 3111 3736 a
3143 3693 3191 3735 te
3225 3679 3364 3751 quod

1780 3775 1952 3845 fecisti
1983 3778 2038 3830 in
2083 3777 2313 3841 occulto,
2350 3787 2456 3831 etc.
2511 3777 2584 3832 Os
2626 3780 2727 3833 hoc
2769 3778 2888 3833 loco
2920 3778 3158 3831 animam
3202 3791 3359 3829 voca-

1778 3869 1880 3932 vit,
1906 3884 2067 3938 quant
2105 3868 2254 3922 solus
2293 3869 2432 3924 Deus
2461 3870 2607 3924 fecit.

1854 3960 2018 4016 Vens.
2050 3963 2135 4015 16.
2176 3960 2548 4032 Imperfectum
2578 3978 2746 4014 meum
2804 3961 3044 4016 viderunt
3091 3960 3229 4012 oculi
3259 3960 3357 4024 lui,

1778 4051 2303 4123 etc.'lmpert‘ectmn
2327 4093 2343 4117 ,
2389 4057 2568 4108 anima
2616 4067 2701 4109 est
2741 4070 2859 4124 qua:
2890 4069 2986 4124 per
3016 4053 3271 4106 virtutem
3307 4061 3362 4107 et

1779 4144 2062 4199 scientiam
2097 4141 2325 4195 formata
2360 4159 2464 4196 non
2494 4154 2596 4197 est.

1848 4236 1981 4290 IBID.
2020 4234 2086 4287 Et
2116 4237 2167 4287 in
2194 4234 2327 4288 libro
2353 4247 2444 4287 tuo
2480 4252 2657 4288 omnes
2689 4232 3004 4299 scribentur,
3028 4243 3130 4286 etc.
3161 4231 3362 4299 Corpo-

1779 4342 1997 4382 rcorum
2034 4335 2088 4381 et
2142 4328 2586 4394 incorporearum
2644 4325 3032 4391 contemplatio
3081 4325 3215 4377 liber
3261 4323 3358 4378 Dei

1778 4432 1884 4483 est,
1917 4420 1968 4473 in
2001 4436 2107 4488 quo
2142 4435 2238 4490 per
2283 4419 2564 4473 scientiam
2609 4418 2776 4472 scribi
2823 4418 2965 4471 solet
3008 4432 3159 4470 mens
3193 4431 3348 4486 pura.

1776 4510 1832 4565 In
1861 4511 1963 4566 hoc
1995 4522 2173 4564 autem
2208 4510 2345 4565 libro
2370 4511 2592 4578 scriptae
2632 4517 2760 4562 sunt
2789 4509 2951 4562 etiam
2987 4507 3352 4562 Pravideutiae

1777 4604 2048 4675 etjudicii
2087 4604 2345 4667 rationes,
2403 4612 2457 4656 et
2516 4617 2610 4671 per
2660 4616 2782 4655 eum
2828 4602 3174 4671 euguoscitur
3211 4602 3354 4656 Deus

25 4699 103 4754 δι’
133 4694 203 4754 οὗ
235 4696 470 4769 βιϐλίου
500 4695 828 4765 γινώσκεται
869 4699 898 4750 ὁ
925 4697 1057 4762 Θεὸς
1098 4699 1172 4762 ὡς
1213 4699 1544 4772 δημιουργὸς
1583 4705 1677 4757 καὶ
1709 4699 1739 4756 Ε

1805 4714 2039 4767 anquam
2069 4697 2274 4766 opifex,
2303 4697 2543 4764 sapiens,
2575 4696 2824 4765 provisor
2855 4705 2906 4750 et
2930 4695 3094 4764 judex
3127 4712 3141 4749 :
3172 4693 3354 4764 opifex

29 4794 216 4864 σοφὸς
255 4792 366 4845 καὶ
409 4789 718 4861 προνοητὴς
773 4791 867 4843 καὶ
921 4791 1144 4862 κριτήςο
1200 4793 1295 4845 καὶ
1345 4793 1676 4865 δημιουργὸς

26 4887 140 4958 μὲν
175 4884 278 4939 διὰ
316 4882 396 4937 τὰ
433 4881 698 4951 γεγονότα
725 4882 834 4936 ἀπὸ
859 4881 951 4934 τοῦ
986 4881 1058 4953 μὴ
1087 4883 1237 4948 δντος
1265 4886 1344 4949 εἰς
1377 4885 1438 4938 τὸ
1491 4883 1629 4941 εἶναι
1656 4904 1668 4917 ·

20 4981 210 5050 σοφὸς
237 4978 303 5031 δὲ
328 4975 431 5030 διὰ
465 4975 592 5038 τοὺς
621 4975 1015 5045 ἀποκειμένους
1048 4976 1240 5045 λόγους
1289 4980 1459 5051 αὐτῆς
1479 4997 1492 5010 ·
1542 4998 1675 5049 προ-

18 5071 249 5143 νοητὴς
284 5069 352 5122 δὲ
385 5067 481 5120 διὰ
504 5066 575 5120 τά
602 5067 959 5122 συντελοῦντα
1005 5069 1140 5140 πρὸς
1177 5071 1376 5142 ἀρετὴν
1407 5075 1536 5143 ἡμῖν
1579 5073 1674 5127 καὶ

15 5165 252 5233 γνῶσιν
272 5179 287 5192 ·
323 5158 537 5231 κριτὴς
565 5159 620 5213 δὲ
650 5159 810 5214 πάλιν
841 5160 930 5213 διὰ
954 5161 1020 5214 τά
1043 5162 1275 5234 διάφορα
1303 5163 1531 5235 σώματα
1566 5165 1673 5220 τῶν

14 5257 317 5327 λογικῶν,
361 5253 468 5307 καὶ⁵
493 5253 618 5316 τοὺς
646 5253 922 5318 ποικίλους
949 5255 1206 5326 κόσμους,
1235 5257 1328 5310 καὶ
1355 5258 1479 5322 τοὺς
1511 5276 1667 5332 περι..

13 5352 277 5423 έχοντας
307 5347 458 5409 τοὺς
485 5344 704 5408 αἰῶνας.

108 5439 379 5510 Ἡμέραι
419 5437 883 5503 πλασθῆσονται
927 5439 1026 5492 καί
1066 5439 1262 5506 οὐθεὶς
1324 5439 1393 5494 ἐν
1440 5441 1661 5509 αὐτοῖς,

9 5553 72 5591 κ.
114 5553 173 5587 τ.
205 5534 262 5587 ὲ.
331 5531 437 5585 Ἐν
494 5527 691 5598 γνώσει
715 5528 828 5602 (60)
874 5530 1296 5604 πλασθήσονται,
1344 5533 1439 5588 καὶ⁵
1488 5535 1663 5601 οὐδεὶς

87 5653 137 5684 ³⁸
170 5653 397 5707 Amos.
441 5660 524 5714 Ix,
554 5647 582 5704 1
616 5663 672 5704 et
701 5663 855 5720 seqq.
931 5648 976 5684 “
1004 5649 1163 5708 Rom.
1195 5666 1236 5719 ι,
1263 5651 1354 5708 21.

89 5775 223 5848 (55)
266 5775 346 5828 El
389 5770 707 5848 τλᾶγνοια,
735 5784 844 5848 etc.
875 5773 1102 5848 Schcdae
1132 5773 1340 5832 Grabii.

91 5840 224 5912 (56)
260 5840 616 5910 Μακάριος,
647 5857 754 5900 etc.
781 5845 980 5900 Catena
1026 5847 1292 5902 Corderii.

89 5913 222 5982 (57)
273 5913 582 5982 Ὀστοῦν,
610 5927 712 5971 etc.
747 5917 972 5972 Scite-da:
1009 5917 1221 5973 Grahii.

1778 4792 1994 4863 quidem
2027 4800 2248 4860 prapter
2277 4805 2340 4843 ea
2375 4805 2497 4860 quae
2543 4805 2607 4844 ex
2663 4789 2832 4844 nihilo
2875 4789 3017 4843 facta
3067 4798 3227 4852 sunt;
3266 4803 3355 4841 sa-

1775 4885 1932 4954 piens
1980 4894 2202 4952 propter
2250 4881 2555 4936 reconditas
2599 4881 2718 4950 ejus
2774 4880 3054 4943 rationes;
3111 4879 3355 4948 provisor

1777 4987 1997 5047 propter
2053 4974 2255 5028 auxilia
2325 4975 2480 5028 nobis
2521 4975 2588 5028 ad
2640 4976 2898 5028 virtutem
2957 4983 3013 5026 ct
3065 4971 3350 5024 scientiam

1778 5069 2187 5138 adipiscendam
2219 5069 2492 5138 impertita
2520 5085 2534 5133 ;
2564 5067 2730 5138 judex
2749 5065 2982 5135 denique
3009 5073 3229 5134 propter
3259 5077 3353 5115 va-

1776 5162 1854 5216 ria
1913 5161 2314 5215 rationabilium
2348 5173 2722 5216 creaturarum
2755 5173 2982 5226 corpora
3004 5198 3018 5223 ,
3055 5167 3109 5210 et
3161 5156 3344 5210 varios

1774 5254 2027 5319 mundos,
2064 5268 2272 5306 necnon
2307 5269 2399 5307 eos
2425 5255 2621 5322 quibus
2647 5252 2842 5307 sarcula
2876 5254 3242 5306 continentur.

1839 5434 1967 5488 IBID.
2033 5433 2155 5488 Dies
2216 5435 2583 5503 formabuntur
2637 5444 2686 5488 et
2747 5449 2895 5488 nemo
2947 5435 3001 5486 in
3057 5434 3168 5497 eis,
3238 5440 3345 5490 etc.

1767 5528 1826 5584 In
1889 5529 2116 5585 scicntia
2159 5528 2568 5591 formabuntur,
2638 5537 2693 5583 et
2753 5543 2910 5582 nemo
2955 5537 3106 5582 extra
3169 5525 3345 5582 scien-

1433 5650 1500 5684 ³¹⁶
1523 5651 1683 5710 Joan.
1710 5668 1751 5722 ι,
1775 5651 1828 5711 5.

1860 5773 1950 5845 58)
1993 5772 2478 5845 Ἆκατέργαστον,
2511 5769 2885 5845 etc._E:cdem.

1860 5773 1950 5845 58)
1993 5773 2478 5841 Ἆκατέργαστον,
2511 5778 2616 5824 etc.
2650 5773 2836 5824 Emdeu

1835 5773 1950 5916 £59)
1975 5842 2422 5916 Biﬁllorﬂsoﬁ,
2456 5851 2576 5916 etc_._
2603 5841 2836 5916 lia-dem.

1842 5911 1954 5989 {60)
2004 5916 2106 5969 Ἓν
2132 5911 2368 5985 γνάλτει,
2404 5924 2510 5970 ctc.
2537 5912 2772 5967 Ezcdem.
