3914 6374
203 217 340 274 ίῧϐὅ

1191 217 1502 276 SELECTA
1543 221 1610 276 IN
1651 221 1992 280 PSALMOS.
2031 253 2100 268 --
2137 227 2332 285 l’bAL.
2369 233 2552 284 CXLI.

3329 239 3468 296 1666

203 343 570 416 ἀποκειμένην
597 345 710 408 τοῖς
731 343 960 408 δικαίοις
989 343 1162 413 λέγων
1191 343 1404 398 ἐλπίδα.
1453 363 1472 396 ι
1507 345 1772 418 Κατοική-

1891 347 1992 400 Pro
2027 363 2046 398 ι
2079 361 2202 402 cum
2235 347 2384 402 vultu
2412 359 2504 404 tuo
2547 365 2566 398 ι
2600 345 2958 418 Symmachus
2985 349 3082 418 alt,
3119 367 3140 403 ι
3175 353 3316 422 apud
3349 355 3470 410 vul-

203 453 386 508 ιτουσιν¹
415 436 592 500 εύθεϊς
619 435 716 490 σὺν
745 435 824 506 τῷ
857 433 1134 506 προσώπῳ
1157 453 1274 492 σου.
1303 455 1320 486 ι
1375 435 1520 490 Ἀντὶ
1543 435 1600 488 δὲ
1631 455 1650 486 ι
1687 437 1784 488 σὺν

201 527 278 600 τῷ
299 527 576 601 προσώπῳ
609 545 702 582 σου
747 547 766 580 ι
802 530 832 582 ὁ
861 527 1156 599 Σύμμαχος
1189 547 1208 580 ι
1254 527 1406 602 παρὰ
1431 527 1512 600 τῷ
1563 527 1783 602 προσώ-

205 637 288 692 πῳ
313 637 404 674 σου
449 639 468 672 ι
499 619 668 690 λέγει,
693 620 754 674 τὸ
779 617 1172 692 κεκαθαρμένη
1229 619 1440 694 διανοίᾳ
1493 619 1784 691 πρόσωπον

203 713 336 786 πρὸς
359 712 650 786 πρόσωπον
681 715 812 786 όρᾷν
841 714 934 768 τοῦ
963 713 1120 768 Θεοῦ.

755 899 1050 956 ΨΑΛΜΟΣ
1087 899 1224 952 PM’.

272 993 736 1059 Κατευθυνθήτω
767 995 806 1062 ἠ
851 990 1162 1062 προσευχὴ
1205 1009 1326 1061 μου
1383 990 1464 1058 ὡς
1521 989 1784 1060 θυμίαμα

201 1085 454 1140 ἐνώπιόν
475 1101 618 1148 σου,
645 1103 700 1140 κ.
727 1103 776 1138 τ.
809 1087 856 1140 ὲ.
919 1085 1120 1138 Τούτου
1149 1083 1258 1154 (69)
1307 1082 1696 1138 κατευθύνεται
1747 1085 1780 1156 ή

203 1181 472 1252 προσευχὴ
501 1179 578 1244 ὡς
613 1179 884 1250 Θυμίαμα.
916 1178 1009 1232 τοῦ
1047 1178 1346 1249 δυναμένου
1375 1179 1578 1232 εἰπεῖν’
1623 1177 1784 1247 ιΧρι-

205 1273 324 1326 στοῦ
357 1271 556 1326 εὐωδία
587 1271 752 1342 ἐσμὲν
797 1273 854 1324 ὲν
893 1273 1006 1336 τοῖς
1055 1269 1382 1342 σωζομένοις
1415 1269 1512 1324 καὶ
1565 1271 1624 1324 ὲν
1671 1273 1784 1334 τοῖς

201 1362 605 1434 ἀπολλυμένοις.
651 1383 668 1414 ι
733 1365 738 1370 ’

273 1457 409 1520 Θοῦ,
435 1457 634 1524 Κύριε,
665 1455 952 1526 φυλακὴν
989 1453 1070 1521 τῷ
1103 1455 1358 1524 στόματί
1379 1471 1520 1524 μου,
1567 1471 1620 1508 κ.
1645 1471 1693 1508 τ.
1731 1455 1774 1508 t.

201 1549 362 1604 Οὐδὲν
382 1549 524 1602 οὕτω
553 1549 814 1618 φυλάσσει
839 1547 938 1620 τὴν
966 1547 1192 1620 καρδίαν
1233 1548 1390 1620 ἡμῶν
1415 1547 1490 1611 ὡς
1543 1549 1572 1600 ὁ
1619 1547 1784 1616 φόϐος

201 1643 290 1698 τοῦ
322 1643 478 1710 Θεοῦ,
521 1643 576 1697 εί
595 1661 658 1714 γε
695 1643 772 1716 τῷ
801 1643 952 1716 φόϐῳ
983 1643 1192 1714 Κυρίου
1239 1643 1475 1696 ἐκκλίνει
1521 1643 1630 1704 πᾶς
1673 1639 1780 1694 ἀπο

203 1737 364 1790 κακοῦ
375 1777 388 1790 .

274 1831 521 1884 Ἔλαιον
551 1827 622 1882 δὲ
653 1827 1008 1898 ἀμαρτωλοῦ
1025 1825 1112 1897 μὴ
1141 1823 1448 1882 λιπανάτω
1467 1823 1582 1892 τὴν
1605 1839 1784 1892 κεφα-

197 1919 314 1988 λήν
343 1937 486 1990 μου,
523 1937 578 1974 κ.
635 1937 688 1976 τ.
733 1923 780 1972 ὲ.
843 1919 1062 1972 Ἔλαιον
1113 1917 1260 1986 λέγει
1311 1913 1636 1988 ἁμαρτωλοῦ
1682 1913 1780 1985 τὴν

199 2011 470 2078 εὐποιίαν,
503 2013 600 2084 τὴν
629 2014 704 2084 μὴ
737 2011 826 2066 διὰ
855 2011 1056 2081 γνῶσιν
1107 2009 1242 2064 Θεοῦ
1277 2009 1602 2080 γενομένην,
1646 2005 1780 2059 ἀλλὰ

197 2107 280 2162 διὰ
305 2107 459 2174 δόξαν
495 2106 594 2178 τὴν
627 2107 778 2178 παρὰ
819 2104 1158 2178 ἀνθρώπων·
1189 2103 1349 2158 τοῦτο
1384 2103 1492 2174 γάρ
1530 2103 1647 2156 ἐστι
1687 2100 1782 2154 καὶ

196 2201 254 2256 ἰδ
277 2200 556 2266 σαλπίζειν
581 2201 674 2255 τὸν
701 2201 802 2271 τὴν
829 2197 1200 2270 ἐλεημοσύνην
1235 2195 1514 2250 ποιοῦντα.

265 2293 598 2348 Πεσοῦνται
633 2293 702 2347 ἐν
727 2291 1160 2362 ἀμφιϐλήστρῳ
1199 2287 1388 2343 αὐτοῦ
1419 2285 1776 2364 ἁμαρτωλοί,

195 2405 246 2440 κ.
275 2405 328 2444 τ.
363 2387 406 2440 t.
455 2385 888 2458 Ἀμφίὸληστρόν
917 2386 1031 2438 ἐστι
1057 2383 1280 2446 κόλασις
1309 2379 1526 2450 ποικίλη
1573 2381 1636 2432 ὲκ
1683 2377 1778 2449 βυ-

195 2479 284 2534 θοῦ
309 2477 506 2542 κακίας
533 2478 876 2550 ἀνιμωμένη.
905 2477 1063 2530 Ἀλλὰ
1095 2475 1252 2530 τοῦτο
1283 2475 1344 2528 τὸ
1367 2471 1780 2546 ἀμφίϐληστρον

195 2570 284 2624 τού
319 2571 602 2642 μέλλοντός
627 2573 776 2624 ἐστιν
802 2569 1018 2634 αἰῶνος·
1048 2567 1143 2624 τοῦ
1178 2569 1236 2622 δὲ
1261 2567 1554 2628 ἐνεστῶτος
1581 2563 1778 2628 αἰῶνός

195 2667 332 2718 ἐστιν
391 2663 802 2736 ἀμφίϐληστρον
857 2663 1174 2717 διδασκαλία
1235 2657 1600 2730 πνευματικὴ,
1649 2655 1778 2720 τοὺς

191 2755 668 2828 ἀποπλανηθέντας
701 2755 808 2810 ἀπὸ
840 2755 940 2827 τῆς
967 2753 1278 2818 θεοσεϐείας
1313 2752 1406 2806 ἐπὶ
1443 2751 1542 2822 τὴν
1571 2745 1774 2821 ἀρετὴν

193 2849 482 2920 ἀνάγουσαι.

725 3035 1024 3090 ΨΑΛΜΟΣ
1063 3035 1246 3090 PMA’.

261 3131 432 3202 Φωνῑὶ
453 3149 574 3202 μου
621 3129 774 3198 πρὸς
813 3131 1036 3198 Κύριον
1069 3128 1388 3196 ἐκέκραξα,
1439 3124 1612 3198 φωνῇ
1652 3143 1772 3196 μου

185 3227 330 3296 πρε-ς
361 3228 584 3296 Κύριον
605 3223 884 3292 ἐδεήθην,
917 3243 970 3279 κ.
1005 3243 1058 3282 τ.
1083 3225 1130 3278 ὲ.
1175 3223 1264 3288 Ὠς
1302 3221 1464 3292 φύσιν
1515 3219 1626 3291 (70)
1659 3219 1772 3292 ἔχει

187 3321 248 3373 τὸ
277 3319 384 3392 πῦρ
405 3317 708 3390 ἀνὼφορον,
731 3317 958 3389 οὖτωςή
991 3315 1086 3370 τοῦ
1113 3315 1324 3368 δικαίου
1347 3313 1522 3384 φωνὴ,
1545 3311 1604 3366 τὸ
1637 3311 1774 3384 πρὸς

189 3411 388 3485 Κύριον
421 3409 688 3481 γίνεσθαι,
719 3409 814 3464 καὶ
833 3409 998 3462 οἱονεὶ
1029 3407 1418 3480 προκαλεῖσθαι
1455 3407 1620 3462 αὑτὸν
1679 3405 1772 3458 ἐπὶ

185 3503 250 3556 τὸ
275 3503 532 3574 παρέχειν
560 3495 634 3556 ὧν
664 3519 746 3566 τις
779 3501 950 3554 δεῖται
977 3501 1085 3556 ἀπὸ
1111 3500 1269 3558 Θεοῦ.

269 3591 490 3664 Ἐκχεῶ
515 3593 797 3648 ἐναντίον
833 3593 1022 3648 αὑτοῦ
1055 3593 1170 3662 τὴν
1217 3589 1434 3659 δέησίν
1465 3609 1607 3662 μου,
1657 3589 1772 3658 τὴν

179 3685 392 3754 θλίψιν
415 3703 536 3754 μου
586 3683 846 3738 ἐνώπιον
877 3685 1067 3740 αὐτοῦ
1125 3683 1468 3754 ἀπαγγελῶ,
1505 3703 1560 3740 κ.
1603 3701 1654 3739 τ.
1721 3685 1770 3736 t.

193 3779 254 3832 '0
283 3779 420 3850 μόνα
449 3779 560 3852 (-71)
589 3779 798 3852 μεγάλα
825 3780 921 3834 καὶ
942 3781 1242 3852 ἐπουράνια
1273 3777 1459 3840 αἰτῶν,
1487 3777 1580 3830 mi.
1601 3793 1772 3848 προσ-

175 3871 472 3942 ευχόμενος
505 3871 780 3942 πνεύματι
825 3871 1018 3942 καινῷ,
1063 3869 1256 3942 θαρρεῖ
1297 3869 1528 3922 ἐνώπιον
1563 3867 1768 3940 Κυρίου

177 3963 368 4036 ἐκχέαι
393 3965 490 4036 τὴν
521 3963 706 4036 δέησιν
737 3962 966 4028 ἑαυτοῦ,
1023 3963 1174 4016 οὐδὲν
1201 3961 1478 4026 ταπεινὸν,
1521 3959 1640 4014 οὐδὲ
1681 3962 1770 4012 αἰ-

177 4059 344 4130 σχρόν
367 4075 420 4110 τι
449 4057 506 4110 ἐν
533 4057 701 4128 ἑαυτῇ
736 4055 962 4128 ἔχουσαν
983 4073 996 4086 ο
1030 4056 1190 4110 ὁποῖά
1211 4057 1358 4108 ἐστιν
1403 4057 1462 4110 ὲν
1493 4057 1612 4119 ταῖς
1648 4053 1770 4126 δεή-

177 4167 296 4204 σεσι
327 4149 434 4204 τῶν
499 4149 988 4221 βαττολογούντων,
1025 4149 1118 4202 καὶ
1169 4149 1270 4202 οὐκ
1323 4147 1449 4214 ἄξια
1497 4145 1633 4202 Θεοῦ
1685 4149 1770 4200 αἱ-

171 4243 432 4306 τούντων,
466 4243 498 4316 ἢ
527 4243 634 4296 ἀπὸ
669 4243 918 4316 καθαρᾶς
943 4241 1170 4316 καρδίας
1209 4241 1528 4312 ἐκχεόντων.
1583 4239 1768 4308 Ἀγίου

169 4331 266 4392 οὖν
297 4337 608 4409 παρρησίας
636 4335 818 4408 ἔχεται
843 4339 870 4390 ὁ
901 4337 1100 4407 στίχος,
1134 4335 1192 4388 ὃν
1229 4335 1328 4388 οὐκ
1361 4333 1600 4404 εὐλόγως
1647 4335 1764 4406 ἐρεῖ

1895 445 2006 492 tum
2049 449 2241 494 tuum:
2281 459 2300 492 ι
2341 441 2484 512 quod
2513 449 2598 498 est
2645 455 2780 514 pura
2827 453 3012 498 meme
3051 441 3246 500 faciem
3279 445 3374 502 Dei
3403 447 3474 502 ad

1891 531 2084 588 faciem
2113 531 2324 590 videre.

2411 893 2736 952 PSALMUS
2774 893 2930 950 CXL.

1963 990 2130 1048 Vnus.
2155 988 2208 1044 2.
2249 987 2532 1060 Dirigatur
2575 995 2748 1044 oratio
2779 1005 2896 1044 mea
2941 987 3074 1044 sicut
3119 989 3387 1044 incensum
3415 987 3468 1040 in

1893 1093 2172 1155 conspectu
2205 1095 2318 1148 tuo,
2353 1093 2458 1138 etc.
2495 1081 2668 1150 Hujus
2705 1083 2960 1154 dirigitur
2993 1081 3170 1136 oratio
3215 1081 3358 1134 sicut
3391 1080 3473 1132 iu-

1891 1193 2138 1242 censum,
2175 1177 2268 1246 qui
2325 1183 2504 1245 potest
2537 1174 2720 1228 dicere
2753 1189 2768 1226 :
2799 1191 2820 1224 r
2853 1172 3060 1228 Christi
3113 1172 3290 1226 bonus
3337 1171 3472 1226 odor

1891 1283 2078 1325 sumus
2099 1267 2154 1322 in
2193 1267 2260 1322 iis
2285 1266 2378 1336 qui
2405 1265 2707 1332 salvantur,
2741 1275 2798 1320 et
2827 1265 2964 1320 iniis
2991 1265 3078 1334 qui
3115 1261 3464 1334 pereunt“.t

1964 1441 2128 1496 Vens.
2159 1441 2212 1496 5.
2249 1435 2416 1504 Pone,
2447 1434 2690 1498 Domine,
2731 1433 3026 1486 custodiam
3067 1433 3148 1486 ori
3183 1448 3318 1494 meo,
3355 1439 3465 1488 etc.

1891 1537 2036 1592 Nihil
2071 1551 2168 1590 cor
2201 1543 2454 1586 nostrum
2493 1543 2648 1596 aeque
2687 1529 2927 1582 custodit
2955 1543 3020 1584 ac
3045 1529 3205 1582 timor
3241 1531 3354 1594 Dei,
3395 1529 3470 1586 si-

1889 1629 2110 1702 quidem
2139 1626 2336 1681 timore
2371 1622 2464 1678 Dei
2501 1621 2784 1692 quilibet-a
2821 1619 2964 1676 malo
2993 1619 3254 1676 declinat.

1959 1805 2124 1860 Vens.
2169 1803 2222 1858 5.
2277 1801 2466 1856 Oleum
2509 1809 2688 1852 autem
2723 1797 3014 1866 peccatoris
3045 1815 3148 1852 non
3181 1798 3468 1870 impingite:

1885 1911 2042 1970 caput
2066 1897 2234 1970 839
2263 1911 2456 1958 nicum,
2483 1901 2592 1948 etc.
2629 1889 2818 1946 Olequ
2847 1893 3147 1961 peccatoris
3183 1903 3340 1946 vocat
3369 1893 3466 1948 be-

1887 1993 2170 2057 nclicium,
2198 1989 2340 2058 quod
2371 2003 2476 2042 non
2509 1993 2730 2055 propter
2759 1985 3122 2054 cognitionem
3151 1983 3240 2038 Dei
3269 1985 3350 2050 tit,
3371 1985 3466 2040 sed

1885 2097 1946 2142 ut
1979 2087 2150 2156 gloria
2185 2085 2252 2138 ab
2283 2081 2598 2138 hominibus
2629 2087 2878 2148 captetur
2901 2092 2912 2126 :
2937 2079 3041 2134 hoc
3067 2077 3210 2132 enim
3235 2087 3318 2132 est
3341 2079 3466 2132 tuba

1883 2195 2084 2236 canere
2107 2193 2232 2232 cum
2267 2175 2326 2230 tit
2349 2175 2723 2243 eleemosyna.

1953 2273 2122 2325 Vens.
2153 2267 2240 2324 10.
2277 2266 2482 2322 Cadent
2515 2267 2566 2318 in
2587 2263 2844 2320 retiaculo
2873 2265 2988 2336 ejus
3009 2275 3332 2334 peccatores,
3355 2273 3464 2320 etc.

1885 2366 2226 2424 Retiaculum
2255 2371 2384 2420 sunt
2413 2361 2576 2416 variu-
2605 2375 2782 2431 ptrna:
2809 2375 2930 2430 quae
2951 2375 3018 2415 ex
3049 2359 3318 2430 profundo
3349 2375 3466 2413 ma-

1883 2463 2014 2518 litite
2051 2459 2371 2516 extrahunt.
2431 2453 2538 2510 Sed
2579 2453 2710 2508 illud
2755 2451 3076 2508 retiaculum
3111 2453 3176 2506 ad
3219 2451 3464 2506 futurum

1883 2555 2124 2626 pertinet
2159 2547 2452 2612 saeculum;
2501 2545 2788 2614 praesentis
2822 2555 2954 2598 vero
3003 2539 3186 2596 saeculi
3237 2541 3468 2595 retiacu-

1881 2649 1992 2704 lum
2023 2655 2110 2702 est
2137 2644 2386 2698 doctrina
2401 2641 2686 2711 spiritalis,
2722 2653 2844 2709 qute
2869 2651 2902 2692 a
2937 2635 3034 2692 Dei
3065 2633 3212 2690 cultu
3237 2645 3468 2692 aversos

1879 2741 1946 2798 ad
1987 2741 2236 2796 virtutem
2272 2741 2510 2790 revocat.

2405 3009 2630 3068 PSAth
2643 3007 2732 3066 US
2781 3005 2967 3064 CXLI.

1949 3113 2114 3168 Vnus.
2131 3109 2188 3164 2.
2213 3105 2350 3160 Voce
2378 3119 2494 3158 mea
2521 3103 2590 3156 ad
2623 3099 2910 3156 Dominum
2933 3097 3178 3164 clamavi,
3201 3113 3324 3152 voce
3347 3113 3462 3152 mea

1875 3207 1946 3264 ad
1981 3203 2263 3260 Dominum
2301 3195 2610 3264 deprecatus
2653 3209 2790 3258 sum,
2825 3201 2932 3248 etc.
2990 3189 3459 3258 Quemadmodum

1877 3299 2022 3372 ignis
2047 3303 2244 3350 natura
2283 3305 2504 3345 sursum
2543 3287 2740 3352 fertur,
2781 3287 2852 3340 ita
2877 3295 2932 3340 et
2959 3283 3092 3356 justi
3123 3297 3224 3336 vox
3265 3284 3332 3338 ad
3363 3283 3466 3336 Don

1877 3394 2084 3451 minum
2116 3389 2343 3456 clamat,
2375 3397 2432 3444 et
2479 3383 2883 3456 quodammodo
2931 3381 3104 3450 ipsum
3163 3377 3356 3432 invitat
3402 3389 3464 3432 ut

1875 3487 2116 3558 praebeat
2139 3499 2203 3539 ea
2229 3483 2429 3554 quibus
2459 3477 2582 3549 quis
2621 3489 2758 3544 opus
2781 3473 2945 3528 habet
2979 3487 3008 3526 a
3045 3471 3174 3526 Deo.

1943 3577 2108 3633 Vnus.
2147 3577 2202 3632 5.
2255 3575 2544 3646 Effundam
2597 3569 2652 3622 in
2692 3575 2972 3634 conspectu
3020 3565 3137 3633 ejus
3169 3561 3462 3616 orationem

1873 3687 2062 3732 meant,
2089 3679 2136 3723 et
2164 3667 2556 3722 tribulationem
2581 3676 2750 3716 meam
2779 3667 2900 3712 ante
2923 3657 3090 3726 ipsum
3110 3653 3462 3718 annuntiabo,

1873 3773 1978 3819 etc.
2015 3761 2118 3828 Qui
2149 3759 2262 3816 sola
2303 3773 2494 3826 magna
2524 3763 2578 3810 et
2604 3750 2848 3808 cozlestia
2883 3747 3142 3820 postulat,
3183 3755 3236 3801 et
3263 3745 3462 3814 spiritu

1873 3871 2014 3913 novo
2047 3863 2199 3920 orat,
2238 3867 2360 3908 cum
2393 3849 2589 3904 liducia
2623 3859 2842 3916 precem
2877 3855 3032 3896 suam
3075 3841 3128 3894 in
3165 3847 3462 3908 conspectu

1874 3953 1967 4008 Dei
1995 3947 2246 4012 elfuudit,
2289 3943 2424 4000 nihil
2459 3943 2584 4006 vile,
2622 3939 2760 3996 nihil
2793 3949 2951 4008 turpe
2987 3937 3040 3990 in
3076 3935 3254 4004 seipsa
3287 3931 3464 3986 couti-

1874 4055 2090 4102 nentem
2119 4061 2132 4098 :
2159 4041 2342 4112 qualia
2378 4039 2596 4102 suntin
2631 4035 2888 4108 precibus
2937 4043 3126 4086 eorum
3163 4027 3256 4096 qui
3293 4027 3460 4080 inulta

1871 4139 2142 4196 blateraut
2163 4147 2218 4192 et
2253 4133 2474 4205 indigna
2513 4131 2624 4186 Deo
2645 4137 2861 4201 petunt,
2897 4125 2980 4182 vel
3009 4139 3102 4180 cas
3137 4137 3242 4177 non
3267 4135 3298 4174 e
3325 4135 3460 4190 puro

1873 4235 2038 4290 corde
2065 4227 2372 4286 ellundunt.
2405 4229 2666 4281 Sanctam
2705 4223 2872 4294 igitur
2915 4215 3162 4272 continet
3199 4211 3458 4266 ﬁduciam

1873 4327 1962 4382 hic
1997 4340 2213 4389 versus,
2234 4337 2393 4392 quem
2422 4337 2526 4374 non
2560 4315 2717 4371 facile
2749 4311 2988 4384 proferet
3029 4317 3286 4378 peccator
3319 4319 3334 4372 ;
3369 4321 3458 4358 se-

167 4435 202 4488 ο
231 4391 586 4504 ἀμαρὲὶυὲάς-
613 4391 708 4484 κοῖὶ
739 4431 828 4484 τὸν
861 4391 1074 4500 ἐξῆςηδὲ
1097 4429 1126 4480 ὁ
1149 4431 1205 4482 ὲν
1237 4427 1400 4502 παντὶ
1430 4391 1763 4496 ολὶοάξιένὶς,

1891 4429 2132 4488 tuentem
2163 4391 2288 4470 vero
2321 4411 2698 4482 pronuntiabit
2729 4408 2774 4463 is
2797 4405 2890 4476 qui
2926 4391 2986 4458 in
3013 4397 3456 4456 omnibustribu-

167 4525 290 4580 ἀλλ’
322 4525 384 4578 οὐ
421 4523 956 4596 στενοχωρούμενος,
991 4521 1342 4596 καυχώμενος
1383 4523 1438 4574 ὲν
1471 4523 1592 4584 ταῖς
1635 4521 1768 4572 ὐπο-

169 4619 342 4692 μονὴν
373 4616 876 4690 κατεργαζομέναις
903 4615 1134 4686 θλίψεσι,
1169 4615 1248 4686 τῷ
1275 4613 1478 4667 ὁδεύειν
1511 4612 1608 4684 τὴν
1647 4629 1768 4664 στε-

165 4715 268 4786 νὴν
329 4715 424 4768 καὶ
471 4711 842 4785 τεθλιμμένην
921 4709 1240 4780 ἁπάγουσαν
1295 4709 1388 4762 ἐπὶ
1454 4705 1552 4778 τὴν
1617 4705 1764 4780 ζωὴν

161 4805 314 4860 ὀδόν.

253 4901 362 4956 Ἐν
383 4897 502 4966 ὀδῷ
533 4899 720 4966 ταύτῃ
743 4895 782 4966 ᾖ
815 4893 1194 4964 ἐπορευόμην
1221 4891 1502 4960 ἔκρυψαν
1539 4887 1763 4960 παγίδα

155 5013 288 5068 μοι,
323 5011 380 5048 κ.
409 5009 458 5046 τ.
485 4993 530 5046 t'.
565 4991 778 5054 Πάσαις
805 4991 852 5044 oi
879 4987 1062 5060 ἐχθροὶ
1093 4985 1204 5058 (72)
1241 4983 1398 5056 ἡμῶν
1439 4979 1762 5036 ἐπιϐουλεύ-

159 5105 288 5144 ουσι
327 5089 450 5152 ταῖς
477 5087 732 5158 ἀρεταῖς’
765 5085 862 5140 καὶ¹
891 5087 950 5138 ὲν
981 5083 1080 5156 μὲν
1111 5083 1178 5152 τῇ
1207 5079 1432 5150 ἀνδρείᾳ
1461 5077 1763 5150 κρύπτουσι

151 5183 262 5254 τὴν
293 5181 396 5252 τῆς
421 5179 622 5244 δειλίας
651 5178 876 5249 παγίδα,
913 5177 1010 5232 καὶ
1047 5177 1105 5230 ὲν
1131 5176 1197 5246 τῇ
1231 5171 1500 5244 πραότητι
1554 5167 1762 5241 ἐμϐάλ-

153 5277 318 5330 λουσι
345 5274 446 5346 τὴν
464 5271 802 5344 θρασύτητα,
831 5271 926 5324 καὶ
959 5271 1016 5324 tv
1043 5271 1108 5340 τῇ
1167 5263 1504 5338 ἐλεημοσύνη
1563 5261 1624 5314 τὸ
1681 5257 1757 5332 μὴ

147 5369 249 5426 διὰ
283 5369 380 5424 τὸν
411 5367 566 5430 Θεὸν,
594 5363 730 5419 ἀλλὰ
765 5363 856 5419 διὰ
885 5364 1012 5430 τοὺς
1041 5363 1282 5436 ὁρῶντας
1331 5359 1533 5412 ἐλεεῖν·
1568 5357 1662 5410 καὶ
1701 5359 1758 5412 ὲν

229 5491 282 5523 ³³
311 5489 352 5546 ll
381 5489 505 5546 Cor.
541 5487 700 5554 11,15.

227 5585 352 5654 (69)
399 5585 642 5650 Τούτου,
670 5591 782 5654 etc.
815 5579 1236 5654 Istudscbolion
1269 5591 1476 5654 necnon
1515 5575 1620 5654 duo
1651 5587 1742 5654 se-

143 5647 474 5728 quoniam
503 5647 644 5712 hum:
665 5653 934 5728 psalmum
959 5651 1262 5724 tragmenta
1295 5647 1554 5704 exhibent
1577 5647 1746 5704 Sche-

139 5731 238 5784 dat:
277 5727 492 5782 Grabii.

1871 4509 2040 4576 latur,
2083 4509 2177 4564 sed
2215 4523 2324 4561 non
2359 4503 2728 4574 angustintur,
2774 4501 2884 4555 imo
2927 4499 2980 4552 in
3009 4491 3460 4550 tribulationibus

1873 4617 1994 4672 qure
2027 4597 2348 4670 patientiam
2385 4605 2710 4666 operantur,
2759 4591 3050 4663 gloriatur,
3095 4601 3160 4642 eo
3187 4587 3334 4656 quod
3371 4585 3456 4640 iu-

1871 4693 2028 4748 cedat
2069 4705 2168 4762 per
2205 4699 2410 4744 arctam
2443 4697 2498 4742 et
2541 4695 2824 4756 angustant
2867 4683 3008 4736 viam
3049 4697 3170 4751 qua":
3209 4679 3358 4734 ducit
3387 4677 3454 4732 ad

1869 4788 2056 4841 vitam.

1939 4877 2108 4934 Vens.
2133 4875 2188 4931 4.
2221 4873 2284 4928 In
2323 4873 2402 4928 ria
2425 4873 2523 4926 hac
2547 4887 2652 4944 qua
2687 4869 3026 4924 antbulabam
3069 4865 3452 4920 absconderum

1867 4973 2110 5044 laqueum
2137 4967 2288 5031 mihi,
2313 4965 2698 5022 etc.0mnibus
2729 4959 3244 5018 virtuliliusinimici
3281 4957 3454 5012 nostri

1869 5067 2222 5126 insidiantur.
2277 5063 2332 5116 In
2391 5061 2712 5116 fortitudine
2797 5057 3108 5114 timiditatis
3203 5055 3450 5124 laqueum

1867 5161 2236 5222 abscondunt,
2269 5159 2322 5210 in
2364 5153 2785 5210 mansuetudine
2841 5147 3124 5204 audaciam
3179 5145 3449 5214 injiciunt,

1865 5257 2104 5326 dantque
2127 5267 2346 5322 operam
2377 5257 2436 5304 ut
2459 5265 2582 5304 cum
2615 5247 2672 5302 lit
2698 5245 3066 5314 eleemosyna,
3097 5257 3200 5296 non
3229 5249 3452 5312 propter

1869 5351 2064 5416 Deum,
2093 5347 2190 5404 sed
2217 5353 2442 5417 propter
2466 5341 2714 5397 videntes
2749 5337 2880 5406 ﬁat;
2911 5345 2966 5391 et
2995 5351 3114 5390 cum
3145 5333 3450 5406 jejunatur,

1929 5571 2022 5640 (70
2081 5569 2180 5636 Ὠς
2207 5567 2418 5638 φύσιν,
2451 5569 2558 5616 etc.
2589 5557 2794 5614 Catena
2825 5557 3092 5614 Corderii.

1929 5569 2044 5710 (7|?
2077 5639 2138 5692 ὐ
2159 5639 2336 5710 μόνα.
2364 5631 2722 5710 etc._E:u_lem.
2798 5699 2828 5710 Α
2873 5701 2884 5710 .
2963 5699 2974 5710 ι
3059 5697 3092 5710 Α

1927 5631 2038 5712 (715
2077 5631 2336 5712 'Ulub‘ra.
2362 5631 2722 5712 etc._E:iclttnt.

1925 5697 2038 5786 (ιε)
2065 5697 2296 5776 mitra”;
2319 5709 2372 5760 οι
2397 5703 2624 5776 ἐχθροί,
2651 5711 2760 5758 etc.
2797 5699 3024 5758 ευιιεειω
3053 5697 3262 5756 Cranii,
