3800 6516
158 309 270 369 I669

216 433 309 488 Τοῦ
333 431 536 487 αὑτοῦ.
566 430 795 486 Δὺναται
823 430 980 486 τοῦτο
1022 431 1134 502 (82)
1169 433 1343 484 εἰπεῖν
1391 429 1518 501 περὶ
1561 445 1700 496 γνω-
1727 431 1774 488 Α

155 525 318 598 ρισμοῦ
344 526 463 580 ὁδοῦ
497 527 768 598 φερούσης
801 527 888 580 ἐπ’
934 527 1160 597 ἀρετὴν,
1195 525 1229 596 ἢ
1281 524 1380 593 τῆς
1439 525 1504 594 ἢν
1554 520 1688 592 μετὰ

149 615 232 686 τὴν
256 614 415 680 ἔξοδον
441 616 612 669 ὁδεύει
642 634 746 680 τις,
771 617 892 686 ἦτις
915 617 1061 670 ἐστὶν
1095 617 1212 678 ὁδὸς
1241 613 1335 668 τοῦ
1382 612 1540 679 ξύλου
1595 611 1691 682 τῆς

153 709 290 779 ζωῆς,
317 709 378 780 ἢν
415 708 676 778 φυλάσσει
711 709 781 762 τὰ
820 708 1085 780 χερουϐὶμ
1135 708 1230 761 καὶ
1286 707 1514 777 φλογίνη
1561 705 1693 776 ῥομ-

155 800 288 870 φαία.

217 889 311 945 Τοῦ
335 890 518 944 αὐτοῦ
574 892 612 943 Γ
614 892 649 962 ἦ
679 889 894 956 ζώντων
923 892 1030 962 (85)
1061 891 1154 944 καὶ
1177 890 1248 959 γῆ
1284 889 1467 942 εὐθεῖα
1495 889 1526 958 ἡ
1556 886 1690 956 αὐτή

147 982 272 1034 ἐστιν
299 983 491 1054 ἀγαθὴ,
524 983 607 1052 ἐφ’
635 985 701 1056 ἢν
725 983 785 1036 τὸ
812 983 1014 1052 ἀγαθὸν
1051 983 1144 1036 τοῦ
1169 981 1301 1036 Θεοῦ
1327 980 1546 1050 Πνεῦμα
1569 979 1692 1050 ὁδη-

144 1077 222 1142 γεῖ
250 1076 359 1138 τοὺς
386 1073 586 1139 ἀξίους.
618 1075 728 1128 Καὶ
756 1075 1000 1129 ἐντεῦθεν
1032 1076 1128 1146 τὴν
1154 1075 1308 1139 ἀξίαν
1333 1072 1424 1126 τοῦ
1449 1071 1692 1140 πνεύμα-

143 1183 220 1229 τος
241 1165 600 1238 ἐδιδάχθημεν.
654 1169 863 1238 ’Ὠσπερ
907 1167 1015 1239 γὰρ
1065 1168 1093 1219 6
1141 1166 1289 1230 Θεὸς,
1333 1164 1474 1218 οὕτω
1515 1162 1606 1216 καὶ
1632 1161 1692 1214 τὸ

143 1257 332 1326 πνεῦμα
363 1257 672 1327 ὠνόμασται
718 1259 951 1325 ἀγαθόν·
1005 1259 1096 1311 καὶ
1128 1257 1380 1326 καθάπερ
1418 1255 1507 1308 τὸν
1561 1253 1691 1306 Θεὸν

139 1348 379 1419 όδηγῆσαι
414 1349 576 1401 αὑτὸν
625 1349 924 1413 ἱκετεύσας,
971 1349 1110 1402 οὕτω
1149 1349 1368 1419 καὶτῆς
1403 1345 1496 1398 τοῦ
1534 1341 1695 1395 πνεύ-

142 1457 292 1509 ματος
344 1440 565 1510 ὁδηγίας
613 1441 914 1496 ἀπολαῦσαι
972 1441 1294 1512 παρακαλεῖ,
1345 1437 1483 1491 ὥστε
1529 1434 1693 1505 μηδὲν

137 1535 268 1605 αὐτῴ
306 1536 532 1605 φανῆναι
575 1535 875 1606 πρόσαντες
939 1535 1071 1604 μηδὲ
1119 1531 1393 1603 δυσχερὲς,
1447 1527 1562 1581 ἀλλ’
1609 1526 1695 1578 εὐ-

136 1627 268 1681 θεῖαν
291 1626 381 1700 τὴν
405 1627 526 1681 ὁδὸν
555 1627 759 1682 ὁδεύειν
789 1629 883 1683 καὶ
911 1629 1060 1682 λείαν
1097 1628 1190 1681 καὶ
1215 1627 1421 1697 πλάνης
1449 1620 1692 1692 ἀπηλλα-

133 1718 338 1790 γμένην.

1686 1824 1756 1836 ..ια

647 1901 937 1955 ΨΑΛΜΟΣ
976 1899 1154 1954 ΡΜΓν.

189 1990 516 2062 Εὐλογητὸς
543 1993 757 2062 Κύριος
783 1995 814 2046 ὀ
847 1993 990 2058 Θεός
1019 2009 1157 2060 μου,
1192 1992 1224 2042 ό
1255 1986 1558 2042 διδάσκων
1579 1985 1684 2052 τὰς

127 2084 316 2154 χεζοάς
337 2103 454 2154 μου
496 2087 582 2151 εις
613 2083 964 2152 παράταξιν,
1016 2083 1157 2148 τοὺς
1199 2081 1534 2146 δακτύλους
1566 2096 1684 2148 μου

124 2176 210 2240 εἰς
231 2176 508 2242 πόλεμον,
538 2192 592 2227 κ.
621 2192 670 2227 τ.
699 2175 746 2226 ὲ.
785 2174 842 2225 Ὀ
868 2171 1135 2244 διδαχθεὶς
1160 2170 1270 2241 (84)
1303 2170 1451 2242 παρὰ
1477 2168 1682 2240 Κυρίου

123 2267 211 2320 τὸν
237 2267 364 2339 πρὸς
397 2265 492 2337 τὴν
526 2266 906 2336 ἀντικειμένην
933 2265 1160 2336 δύναμιν
1200 2265 1435 2335 πόλεμον
1469 2263 1688 2316 ἐπίστα-

121 2374 210 2411 ται
251 2357 430 2426 λόγους
467 2356 674 2428 ἀρετῶν
705 2357 796 2409 καὶ
830 2355 1068 2420 κακιῶν,
1113 2356 1207 2410 καὶ
1247 2355 1510 2426 διαφορὰς
1541 2353 1686 2422 λογι-

123 2450 288 2521 σμῶν,
325 2449 678 2521 γνωρίσματά
716 2467 774 2502 τε
819 2449 1007 2512 ἀοεῖας
1041 2449 1134 2502 καὶ
1166 2449 1325 2520 ὅρους
1371 2447 1559 2516 αὐτῆς,
1605 2445 1684 2498 ἔτι

117 2543 177 2596 δὲ
204 2543 292 2596 καὶ
325 2543 432 2596 τῶν
473 2541 797 2614 νυκτερινῶν
840 2541 1240 2612 φαντασμάτων
1287 2539 1380 2593 καὶ
1420 2538 1684 2592 ἐνυπνίων

117 2634 366 2702 γινώσκει
400 2636 524 2698 τοὺς
557 2635 766 2704 λόγους,
819 2627 894 2687 ὧν
945 2625 998 2686 οἵ
1044 2633 1141 2704 μὲν
1195 2632 1303 2686 ἀπὸ
1343 2631 1436 2684 τοῦ
1465 2629 1683 2699 λογικοῦ

113 2726 312 2798 μέρους
353 2727 591 2796 γίνονται
635 2727 734 2795 τῆς
781 2725 957 2796 ψυχῆς
986 2765 1000 2790 ,
1053 2725 1375 2794 κινουμένης
1411 2722 1512 2791 τῆς
1552 2722 1685 2791 μνή-

113 2835 244 2890 μης,
275 2822 318 2872 oi
356 2820 412 2873 δὲ
435 2819 542 2873 ἀπὸ
563 2818 657 2872 τοῦ
693 2817 922 2888 Ουμικοῦ
945 2857 957 2880 ,
993 2819 1166 2888 ἕτεροι
1211 2817 1266 2870 δὲ
1295 2816 1404 2869 ἀπὸ
1441 2814 1534 2868 τοῦ
1563 2816 1682 2866 ἐπι-

107 2909 409 2981 θυμητικοῦ
431 2925 447 2940 ’
501 2907 636 2962 ἀλλά
681 2909 806 2980 περὶ
843 2909 940 2980 μὲν
972 2907 1180 2962 τούτων
1207 2906 1595 2978 ἀκριϐέστερον
1627 2907 1682 2957 ὲν

105 3001 194 3072 τῷ
217 3009 262 3056 α’
293 3002 612 3074 εἰλήφαμεν.

187 3095 510 3162 Ἀνθρωπος·
545 3096 889 3162 ματαιότητι
916 3090 1202 3162 ὡμοιώθη,
1240 3094 1299 3144 ai
1342 3089 1552 3160 ἡμέραι
1581 3092 1686 3144 αὐ-

1058 309 1373 368 SELECTA
1410 309 1478 363 IN
1514 307 1855 365 PSALMOS.
1887 336 1959 348 —
1993 306 2187 362 PSAL.
2227 303 2456 364 CXLIII.

3234 301 3370 357 I670

1877 426 2148 497 Ejusdem.
2196 427 2381 482 Potest
2433 427 2534 479 hoc
2567 424 2752 480 dicere
2791 425 2858 481 de
2889 425 3078 482 notitia
3113 428 3215 482 vim
3252 445 3371 497 qua:

1793 519 1938 572 ducit
1963 522 2027 572 ad
2058 520 2334 579 virtutem,
2367 517 2446 571 vel
2469 518 2536 570 de
2559 517 2644 570 via
2677 533 2838 586 quam
2869 519 2992 586 quis
3017 529 3136 587 post
3165 521 3368 574 exitum

1794 609 2011 670 incedit,
2045 625 2166 679 qua:
2200 620 2286 664 est
2322 611 2402 662 via
2433 609 2564 679 ligni
2593 609 2738 673 vitae,
2781 626 2943 676 quam
2979 613 3218 668 custodit
3240 613 3368 668 clte-

1795 702 1950 756 rubiu
1980 717 2102 755 cum
2137 700 2386 756 ﬂammea
2423 701 2718 770 rontpluea.

1861 879 2022 950 841
2065 876 2339 946 Ejusdem.
2390 876 2562 932 Terra
2624 876 2919 932 viventium
2948 884 3002 932 et
3042 885 3187 932 terra
3215 887 3362 932 recta

1795 973 1983 1028 eadem
2024 980 2106 1024 est
2129 970 2292 1032 bona,
2323 970 2387 1022 ad
2416 986 2578 1039 quam
2605 970 2842 1040 Spiritus
2873 971 2965 1024 Dei
2991 970 3164 1024 bonus
3195 970 3364 1024 dedu-

1793 1063 1870 1118 cit
1905 1077 2000 1117 eos
2033 1061 2122 1130 qui
2157 1061 2304 1130 digni
2347 1071 2492 1114 sunt.
2520 1062 2656 1116 Hinc
2685 1063 2850 1116 etiam
2886 1063 3107 1132 spiritus
3135 1060 3367 1130 dignita-

1797 1164 1900 1210 tem
1930 1155 2235 1208 didicimus.
2275 1153 2430 1206 Sicut
2463 1155 2605 1208 enim
2651 1155 2814 1220 Deus,
2847 1159 2926 1208 sic
2955 1156 3114 1208 etiam
3141 1153 3366 1222 spiritus

1795 1248 2104 1302 nominatus
2138 1255 2222 1299 est
2252 1246 2424 1300 bonus
2455 1259 2466 1291 τ
2495 1253 2550 1298 et
2575 1246 3033 1313 quemadmodum
3067 1243 3235 1298 Deum
3258 1243 3360 1296 ob-

1795 1339 2030 1396 secravit
2066 1339 2122 1391 ut
2145 1337 2316 1406 ipsum
2343 1337 2656 1400 deduceret,
2682 1336 2762 1390 sic
2790 1337 2956 1390 etiam
2985 1343 3260 1404 precatur,
3303 1339 3362 1386 ut

1795 1432 2016 1500 spiritus
2047 1431 2263 1484 ductum
2303 1439 2690 1497 consequatur,
2735 1428 2808 1481 ita
2860 1436 2919 1480 ut
2951 1427 3084 1480 nihil
3129 1427 3230 1496 ipsi
3267 1441 3356 1478 ar-

1795 1522 1957 1576 duum
1986 1530 2039 1576 et
2077 1519 2290 1576 diﬂieile
2339 1529 2613 1589 appareat,
2647 1519 2742 1574 sed
2774 1529 2973 1572 rectam
2995 1519 3139 1572 viam
3172 1527 3227 1572 et
3247 1515 3363 1585 pla-

1795 1629 1922 1668 nam
1949 1623 2110 1682 atque
2131 1613 2197 1666 ab
2225 1627 2413 1668 errore
2445 1611 2666 1666 liberam
2700 1610 2939 1666 incedat.

2281 1875 2604 1933 PSALMUS
2643 1876 2866 1932 CXLIII.

1857 1975 2022 2029 Vens.
2064 1974 2114 2030 I.
2145 1971 2456 2024 Benedictus
2497 1968 2753 2024 Dominus
2788 1969 2922 2022 Deus
2951 1985 3112 2034 meus,
3142 1967 3231 2038 qui
3262 1967 3360 2021 do-

1786 2078 1862 2122 cet
1890 2084 2076 2121 manus
2112 2082 2252 2118 meas
2280 2065 2347 2116 ad
2381 2062 2645 2132 prazlium,
2687 2071 2736 2114 et
2765 2063 2954 2130 digitos
2987 2077 3125 2113 meos
3156 2062 3223 2112 ad
3249 2062 3358 2114 bel-

1786 2159 1914 2225 lum,
1946 2169 2052 2213 etc.
2085 2157 2184 2222 Qui
2220 2173 2246 2209 ιι
2275 2155 2504 2208 Domino
2523 2153 2746 2208 edoctus
2774 2163 2854 2209 est
2881 2153 3074 2206 bellum
3102 2153 3360 2207 adversus

1787 2250 2112 2307 ccutrariam
2142 2257 2486 2320 potestatem,
2515 2247 2774 2300 virtutum
2807 2261 2870 2300 ac
2887 2245 3139 2298 vitiorum
3166 2258 3363 2300 causas

1791 2343 1964 2409 novit,
1997 2359 2097 2397 nec
2137 2357 2243 2396 non
2291 2340 2686 2409 cogitationum
2726 2338 3080 2404 diﬁ‘ercntias,
3137 2336 3360 2392 indicia-

1787 2453 1896 2508 que
1930 2445 1985 2490 et
2027 2439 2286 2490 terminos
2317 2435 2632 2504 impietatis,
2679 2434 2902 2502 insuper
2928 2430 3092 2486 etiam
3123 2431 3358 2486 rationes

1785 2527 2065 2598 ongnoscit
2111 2535 2504 2581 nocturnorum
2541 2524 2976 2594 phantasmatum
3021 2530 3076 2577 et
3122 2519 3360 2578 somnio-

1789 2637 1930 2684 rum,
1948 2635 2178 2689 quorum
2211 2618 2314 2672 alia
2344 2617 2560 2688 quidem
2585 2633 2613 2670 a
2637 2615 2940 2673 rationabili
2963 2615 3156 2669 anima:
3181 2623 3356 2684 parte,

1785 2714 2023 2768 excitata
2051 2712 2314 2766 memoria
2346 2712 2500 2774 liunt,
2531 2709 2634 2763 alia
2666 2709 2732 2762 ab
2767 2711 2872 2768 ira.
2904 2707 3006 2760 alia
3039 2721 3068 2759 a
3099 2703 3361 2773 concupi-

1785 2803 2028 2858 scentia:
2068 2817 2258 2857 verum
2300 2803 2365 2856 de
2395 2800 2480 2854 his
2507 2799 2820 2854 accuratius
2857 2799 2910 2851 in
2944 2801 3119 2868 primo
3149 2798 3358 2868 psalmo

1785 2896 2161 2970 disseruimus.

2331 3009 2352 3034 ι

1860 3075 2016 3130 Vnus.
2044 3075 2096 3128 4.
2129 3072 2299 3126 llomo
2323 3069 2543 3127 vanitati
2568 3068 2755 3123 similis
2784 3066 2958 3136 factus
2986 3075 3060 3120 est
3084 3065 3226 3119 :dies
3247 3063 3358 3134 ejus

101 3187 220 3240 τοῦ
249 3187 386 3240 ὡσεὶ
412 3187 554 3240 σκιὰ
583 3184 940 3253 παράγουσι,
969 3201 1020 3236 κ.
1057 3201 1108 3237 τ.
1143 3183 1188 3235 ὲ.
1235 3183 1384 3236 Ἐπεὶ
1405 3202 1421 3230 ι
1477 3181 1685 3252 ἀνορω-

1803 3169 1914 3222 ςὶειιι
1949 3169 2130 3220 umbra
2161 3173 2474 3235 prwtereunt
2496 3201 2513 3228 ,
2550 3173 2659 3218 etc.
2685 3159 2949 3226 Quoniam
2990 3177 3008 3209 ι
3043 3159 3207 3212 homo
3234 3174 3356 3211 cum

101 3296 212 3342 πος
242 3279 346 3350 (85)
379 3279 436 3330 ὲν
465 3280 596 3349 τιμῇ
633 3275 707 3329 ὢν
741 3277 801 3330 οὐ
834 3275 1055 3344 συνῆκε,
1092 3273 1544 3344 παρασυνεϐλήοη
1571 3275 1681 3336 τοῖς

1809 3279 1838 3316 ιι
1874 3263 2079 3315 honore
2105 3267 2255 3312 esset
2295 3273 2400 3311 non
2435 3255 2732 3319 intellexit,
2768 3262 3117 3322 comparatus
3160 3258 3242 3306 est
3266 3253 3356 3320 jua

103 3377 326 3445 κτήνεσι
363 3379 472 3437 τοῖς
505 3375 752 3444 ἀνοήτοις
785 3375 877 3428 καὶ
910 3372 1165 3444 ὡμοιώθη
1201 3372 1404 3434 αὐτοῖς,
1447 3374 1503 3425 αἱ
1546 3371 1683 3442 ἡμέ-

104 3486 202 3541 ραι
229 3469 390 3521 αὐτοῦ
421 3469 552 3521 ὡσεὶ
592 3473 720 3522 σκιά
763 3469 1088 3539 παράγουσι.
1133 3487 1151 3519 ι
1195 3466 1276 3520 Τά
1307 3466 1415 3537 γὰρ
1450 3465 1683 3518 ἐνταῦθα

99 3559 295 3614 παισὶν
343 3559 486 3612 ἔοικε
541 3560 843 3623 παίζουσιν.
901 3560 958 3612 '0
1012 3559 1249 3630 σήμερον
1294 3559 1402 3628 γάρ
1449 3556 1682 3620 δικάζων

97 3651 334 3721 ἕστηκεν
375 3649 561 3722 αὔριον
608 3651 979 3719 δικαζόμενος,
1033 3649 1126 3701 καὶ
1172 3650 1200 3700 6
1251 3647 1480 3720 σοϐαρὸς
1511 3648 1566 3698 ἐν
1605 3645 1684 3716 τῷ

95 3745 312 3815 ἄρχειν,
371 3743 474 3796 ὑπὸ
531 3743 722 3812 δημίου
774 3741 1032 3804 πολλάκις
1094 3740 1456 3810 ἀπαγόμενος,
1507 3739 1600 3792 καὶ
1655 3740 1684 3790 6

95 3835 358 3899 πλούσιος
391 3837 448 3889 ἐν
494 3835 673 3904 πενίᾳ,
713 3833 805 3886 καὶ
843 3834 870 3885 6
917 3833 1232 3895 ἀνέλπιστος
1264 3832 1359 3884 καὶ
1403 3830 1685 3901 ἀνώνυμος

92 3928 362 3992 πολλάκις
393 3927 499 3980 τῶν
530 3926 664 3980 δλων
686 3923 922 3997 κρατῶν.
949 3925 1057 3977 Καὶ
1089 3925 1363 3986 πυκνα“ι,αἱ
1394 3923 1685 3994 μεταϐολαὶ

89 4021 194 4075 καὶ
225 4020 504 4089 ἀνώμαλοι
547 4021 602 4071 αἱ
643 4016 1021 4088 μεταστάσεις.

173 4113 288 4168 Τοῦ
328 4111 534 4166 αὐτοῦ.
587 4109 902 4178 Ματαιότης
959 4106 1068 4178 (86)
1117 4106 1262 4160 ἐστὶν
1290 4105 1402 4172 ἓξις
1435 4105 1682 4178 χειρίστη

85 4208 325 4278 λογικῆς
363 4207 560 4277 ψυχῆς,
592 4203 714 4258 καθ’
751 4203 816 4274 ἣν
848 4202 948 4264 τὰς
989 4197 1232 4273 φθαρτάς
1270 4201 1464 4273 ἡδονὰς
1496 4218 1686 4272 προαι-

87 4299 341 4374 ρουμένη
365 4300 472 4353 τῶν
503 4301 687 4354 ἀϊδίων
715 4298 810 4351 καὶ
835 4295 1128 4367 ἀφθάρτων
1159 4295 1506 4364 καταφρονεῖ.

159 4400 372 4466 Κύριε,
419 4395 630 4450 κλῖνον
668 4391 962 4461 οὐρανούς
1007 4405 1144 4452 σου,
1203 4387 1302 4441 καὶ
1366 4382 1644 4450 κατάϐηθι
1665 4399 1677 4412 ·

76 4493 244 4562 ἅψαι
293 4489 415 4543 τῶν
458 4487 662 4555 ὁρέων,
719 4486 814 4538 καὶ
865 4480 1414 4545 καπνισθήσονται,
1455 4493 1508 4530 κ.
1544 4495 1595 4529 τ.
1632 4476 1678 4527 ἐ.

91 4585 244 4656 ’Λφὴ
279 4587 400 4638 ἐστι
429 4582 536 4652 (87)
567 4579 698 4632 Θεοῦ
731 4577 1048 4632 διδασκαλία
1076 4569 1418 4642 πνευματικὴ
1445 4607 1460 4632 ,
1493 4567 1582 4620 τὸν
1617 4569 1680 4619 ὲκ

71 4679 189 4751 τῆς
218 4677 427 4741 κακίας
458 4672 815 4743 ἀποκείμενον
857 4670 1061 4724 καπνὸν
1085 4668 1204 4730 ταῖς
1231 4663 1427 4734 ψυχαῖς
1463 4659 1682 4725 ἐξελαύ-

66 4787 284 4824 νουσα.

163 4859 652 4925 Ἐξαπόστεινιον
677 4855 750 4908 τὰ
771 4854 928 4919 βέλη
959 4865 1108 4912 σου,
1144 4845 1242 4900 καὶ
1284 4842 1679 4911 συνταράξεις

55 4951 346 5018 αὐτοὺς,
385 4967 438 5004 κ.
466 4967 513 5002 τ.
541 4951 588 5001 ὲ.
620 4945 804 5000 Ταῦτα
828 4943 897 4996 τὰ
923 4941 1048 5012 βέλη
1084 4937 1196 5010 (88)
1219 4937 1548 4991 ἀντίκεινται
1570 4936 1678 4996 τοῖς

55 5044 518 5118 πεπυρωμένοις
554 5041 730 5112 βέλεσι
763 5038 855 5090 τοῦ
885 5033 1103 5106 ἐχθροῦ.

156 5117 426 5203 Ἐξειῑοῦ
452 5153 527 5206 με
549 5133 646 5189 καὶ
662 5131 850 5202 ῥῦσαί
871 5147 946 5200 με
971 5128 1039 5192 ἐξ
1069 5122 1301 5181 ὑδάτων
1322 5119 1585 5183 πολλῶν,
1608 5117 1677 5171 ἐκ

45 5230 294 5302 χειρὸς
339 5227 486 5282 υἱῶν
533 5226 887 5294 ἀλλοτρίων,
935 5215 1021 5274 ὧν
1068 5219 1134 5272 τὸ
1175 5218 1368 5284 στόμα
1413 5211 1678 5278 ἐλάλησε

43 5325 477 5396 (tutamenta,
513 5320 610 5373 καὶ
655 5319 694 5386 ἡ
748 5315 916 5381 δεξιά
969 5309 1167 5368 αὐτῶν
1207 5307 1376 5372 δεξιὰ
1419 5305 1678 5369 ἀδικίας,

42 5440 116 5476 κ.
163 5437 222 5472 τ.
263 5419 320 5471 ἐ.
358 5415 480 5468 Τῶν
515 5413 837 5486 ἑτεροδόξων
885 5408 995 5480 (89)
1053 5406 1140 5460 διὰ
1187 5400 1394 5475 μεγάλα
1436 5398 1681 5468 δόγματα

169 5515 224 5547 ³9
257 5511 410 5568 Psal.
437 5525 622 5574 XLVIII,
665 5509 749 5563 I5.

133 5611 270 5683 (82)
302 5611 561 5683 adgregat
585 5604 781 5683 τοῦτο,
804 5613 909 5683 etc:
937 5601 1138 5683 Qatena
1169 5592 1434 5654 Corderii.

134 5671 274 5752 (85)
319 5671 684 5752 Γῆ-ζῴντὼν,
718 5684 823 5730 etc.
863 5673 1086 5752 Eadem.

133 5737 274 5814 (κί)
318 5737 738 5816 ”0“δνιδαχθείς,
775 5754 880 5799 etc.
918 5737 1366 5816 Schederaliii.

125 5804 268 5893 (55)
319 5821 480 5875 Ἐπεὲ
506 5804 834 5888 ἆῖίέιίνίοίτες,
873 5825 974 5869 ctt'.
1010 5814 1210 5868 Catena
1236 5804 1500 5864 Cortlerii.

1787 3358 1986 3411 mentis
2019 3353 2399 3422 insipientibus
2435 3359 2488 3405 et
2517 3349 2711 3404 similis
2741 3347 2916 3402 factus
2957 3354 3039 3400 est
3067 3343 3190 3408 illis,
3240 3343 3359 3399 dies

1783 3447 1897 3514 ejus
1918 3446 2269 3501 sicutumbra
2307 3439 2726 3513 prietereunt”.
2765 3458 2782 3490 I
2811 3438 2883 3492 Ea
2933 3438 3077 3492 enim
3106 3451 3227 3506 qua:
3270 3435 3360 3491 hic

1789 3541 1946 3602 liunt,
1999 3537 2196 3592 similia
2245 3543 2376 3590 sunt
2429 3533 2613 3603 pueris
2661 3530 2993 3585 ludentibus.
3050 3527 3150 3595 Qui
3211 3527 3356 3580 enim

1787 3622 2207 3698 ltodiejudicat,
2241 3641 2364 3680 cras
2414 3622 2707 3692 iudicatur,
2755 3631 2808 3676 et
2857 3620 2946 3690 qui
2993 3619 3270 3674 insolescit
3303 3619 3356 3673 in

1789 3723 2120 3791 principatu,
2147 3737 2174 3772 ιι
2205 3718 2464 3772 carniﬁce
2511 3729 2652 3783 smpe
2685 3713 2972 3768 abducitur
2995 3713 3061 3766 ad
3104 3720 3356 3772 mortem,

1787 3823 1842 3868 et
1866 3814 2020 3866 dives
2055 3811 2116 3866 ﬁt
2146 3823 2370 3879 pauper,
2389 3815 2442 3861 et
2470 3807 2777 3876 insperatus
2806 3815 2861 3857 et
2885 3817 3184 3874 anonymus
3215 3816 3358 3871 sazpe

1788 3909 2016 3975 imperat
2043 3905 2330 3959 universis.
2367 3901 2430 3954 Et
2462 3901 2775 3971 frequentes
2801 3907 2925 3952 sunt
2957 3896 3282 3951 mutationes
3305 3902 3360 3950 et

1789 4015 1970 4055 rerum
2009 3996 2436 4052 vicissitudines.

1855 4091 2132 4162 Ejusdem.
2168 4087 2394 4141 Vanitas
2419 4093 2502 4140 est
2534 4084 2727 4139 animae
2756 4084 2968 4138 ratione
2995 4079 3232 4150 prteditre
3255 4079 3356 4132 Ita-

1785 4187 1930 4240 bitus
1961 4183 2253 4254 pessimus,
2293 4196 2400 4250 quo
2447 4177 2506 4232 ﬁt
2537 4188 2595 4231 ut
2618 4192 2904 4247 corporeus
2931 4175 3234 4244 voluptates
3262 4172 3358 4226 cli-

1785 4285 2175 4347 gens,:eternas
2221 4283 2386 4342 atque
2417 4270 2862 4337 incorruptibiles
2886 4273 3215 4320 contemnat.

1865 4373 2022 4424 Vens.
2153 4367 2394 4434 Domine,
2415 4365 2610 4419 inclina
2654 4363 2808 4416 caelos
2837 4369 2952 4413 tuos
2984 4368 3030 4412 et
3071 4357 3356 4410 descende:

1785 4478 1936 4532 lange
1967 4474 2165 4518 montes
2199 4469 2248 4514 et
2286 4459 2639 4528 fumigabunt,
2677 4465 2782 4509 etc.
2819 4452 2912 4506 Dei
2948 4459 3124 4506 tactus
3153 4460 3237 4504 est
3266 4451 3358 4505 do-

1787 4563 1960 4614 ctrina
2007 4555 2290 4622 Spiritalis,
2322 4569 2443 4622 qua:
2489 4551 2696 4604 fumum
2736 4563 2800 4602 ex
2837 4544 3042 4600 malitia
3073 4543 3359 4599 animabus

1787 4651 2137 4704 iultatrentem
2164 4641 2407 4713 expellit.

1857 4825 2024 4882 Vens.
2050 4823 2104 4878 6.
2139 4821 2335 4876 Emitte
2357 4819 2577 4889 sagittas
2601 4826 2718 4870 tuas
2739 4854 2752 4877 ,
2787 4822 2836 4868 et
2869 4810 3204 4866 conturbabis
3233 4825 3319 4863 eos
3340 4848 3355 4871 ,

1784 4930 1890 4974 etc.
1953 4917 2044 4970 lla:
2099 4914 2310 4984 sagittae
2367 4910 2546 4981 ignitis
2611 4905 2814 4962 inimici
2884 4903 3096 4972 sagittis
3165 4901 3358 4954 adver-

1781 5021 1991 5066 sutttttt‘.
2755 5072 2764 5078 ξ

1861 5105 2020 5158 Vens.
2054 5100 2164 5160 7,8.
2205 5098 2363 5166 Eripe
2406 5110 2508 5158 me,
2545 5092 2710 5147 libera
2753 5107 2834 5144 me
2878 5089 2942 5141 de
2973 5085 3123 5155 aquis
3154 5081 3353 5146 multis,

1785 5201 1850 5254 de
1875 5213 2034 5252 manu
2059 5194 2294 5264 ﬁliorum
2324 5191 2638 5246 alienorum,
2663 5198 2882 5255 quorum
2929 5195 2984 5232 os
3017 5179 3244 5231 locutum
3281 5186 3354 5228 est

1788 5294 2066 5348 vanitatem
2109 5298 2156 5340 et
2188 5287 2402 5339 dextera
2432 5297 2610 5335 eorum
2654 5278 2868 5330 dextera
2897 5269 3214 5341 iniquitatis,
3245 5278 3350 5322 etc.

1789 5386 2018 5454 Propter
2045 5394 2236 5451 magna
2264 5377 2518 5445 dogmata
2548 5387 2609 5426 os
2635 5366 3090 5424 heterodoxorum
3117 5361 3351 5415 locutum

1853 5572 1966 5648 (86)
1998 5569 2355 5648 Matutam,
2385 5573 2492 5616 etc.
2527 5557 2753 5648 §cbedae
2781 5551 2987 5610 Grabii.

1998 5641 2143 5718 'Agfii
2173 5630 2496 5718 ἐστιὼλιπξιι).
2539 5630 2772 5718 Eaedem;

1993 5697 2178 5788 Ταῦτα
2209 5710 2282 5761 τὰ
2307 5697 2484 5788 ἴἱϐιεξᾲίη,
2507 5713 2612 5788 etc.
2647 5697 2886 5788 laudem.

1996 5760 2512 5848 rl§3~'é~'rs;-osc:£ui~,
2545 5782 2649 5838 ctc.
2678 5771 2882 5825 Catena
2915 5760 3186 5844 Cordcrii.
