3800 6504
139 348 266 404 1675

1032 344 1340 402 SELECTA
1378 343 1446 399 IN
1485 343 1825 402 PSALMOS.
1859 377 1924 390 —-
1964 347 2157 404 PSAL.
2201 347 2408 404 CXLV.

3242 352 3376 408 1674

199 464 394 534 Μέγας
437 467 470 518 ὁ
521 465 732 533 Κύριος
775 463 868 518 καί
912 464 1145 530 αἰνετός
1172 464 1426 534 σφόδρα,
1461 464 1558 518 καὶ
1593 462 1687 534 τῆς

1875 463 2038 520 Vens.
2070 465 2124 520 5.
2169 466 2396 536 Magnus
2429 464 2684 520 Dominus
2719 475 2764 519 et
2795 465 3079 520 laudabitis
3113 467 3290 533 nimis,
3326 481 3378 522 et

134 557 554 625 μεγαλωσύνης
612 555 798 610 αὐτοῦ
848 559 960 612 οὐκ
1025 556 1156 610 ἐστι
1197 557 1403 624 πέρας,
1442 575 1494 612 κ.
1547 575 1600 610 τ.
1648 559 1697 614 ἑ.

146 646 394 718 Ἐπείπερ
420 648 452 717 ή
486 647 839 719 μεγαλωσύνη
874 646 982 720 (06)
1012 647 1103 702 τοῦ
1134 648 1264 702 Θεοῦ
1301 651 1358 702 ὲν
1378 648 1456 720 τῷ
1477 648 1698 720 Χριστῷ

135 735 219 791 καὶ
267 739 321 790 ἐν
353 741 464 803 τοῖς
494 741 785 811 κτίσμασιν
817 736 952 794 οὖσα
980 741 1284 812 θεωρεῖται,
1329 741 1422 796 καὶ
1453 743 1556 796 οὐκ
1585 742 1698 800 ἐστι

135 831 294 901 πέρας
317 830 414 902 τῆς
440 833 825 905 μεγαλωσύνης
857 833 1042 896 αὐτοῦ,
1081 835 1288 906 μήποτε
1319 836 1352 908 ἡ
1383 835 1441 899 ἐξ
1467 837 1696 910 ἀπείρου

133 924 213 976 ἐπ’
240 924 458 993 ἄπειρον
480 925 572 978 καὶ
605 925 848 978 ἐντεῦθεν
881 926 1207 996 παρίσταται
1240 926 1332 980 τοῦ
1367 927 1504 982 Θεοῦ
1533 930 1613 994 εἰς
1630 929 1700 986 τὰ

130 1011 252 1067 ὄντα
287 1014 374 1066 ὑπ’
403 1014 568 1068 αὑτοῦ
591 1017 854 1086 γενόμενα
887 1016 1128 1087 πρόνοια.

201 1105 308 1160 Τοῦ
350 1107 554 1162 αὐτοῦ.
599 1109 820 1164 Πάντων
861 1111 958 1182 μὲν
1007 1111 1114 1180 (97)
1163 1109 1272 1166 τῶν
1314 1111 1620 1179 γεγονότων
1663 1111 1696 1184 ἡ

126 1193 320 1267 Θεωρία
356 1200 730 1286 πεπέρασταιι·
782 1200 914 1272 μόνη
949 1201 1006 1259 δὲ
1059 1203 1091 1272 ἡ
1138 1200 1339 1271 γνῶσις
1382 1202 1482 1272 τῆς
1535 1201 1696 1270 ἀγίαὲ

125 1286 346 1354 Τριάδος
383 1290 530 1343 ἐστὶν
558 1292 882 1364 ἀπέραντος.

187 1379 292 1432 Καὶ
317 1382 371 1434 οἰ
401 1383 684 1451 οἰκτιρμοί
719 1383 905 1438 αὐτοῦ
947 1384 1044 1438 ἐπὶ
1078 1384 1272 1440 πάντα
1307 1383 1380 1438 τὰ
1408 1383 1552 1453 ἔργα
1571 1386 1695 1438 -αὺ-

123 1470 243 1534 τοῦ,
271 1490 325 1526 κ.
356 1492 408 1528 τ.
440 1476 486 1529 ὲ.
509 1477 570 1528 Εἰ
603 1476 652 1529 οἰ
678 1476 950 1548 οἰκτιρμοί
981 1476 1088 1548 (98)
1113 1476 1204 1530 τοῦ
1227 1477 1358 1530 Θεοῦ
1393 1478 1483 1530 ἐπὶ
1517 1478 1694 1531 πάντα

120 1563 184 1616 τὰ
205 1562 337 1636 ἔργα
370 1567 552 1634 αὑτοῦ,
579 1567 695 1632 πῶς
729 1569 834 1622 εἰσί
869 1586 1006 1632 τινες
1039 1569 1123 1638 ἐφ’
1155 1567 1247 1632 οὓς
1270 1570 1332 1624 οὺ
1364 1569 1688 1638 φθάνουσιν;

122 1657 259 1729 Ἀρα
290 1659 382 1712 καὶ
411 1660 497 1712 ἐπ’
535 1662 730 1726 αὐτοὺς
763 1663 812 1715 oi.
853 1663 1125 1734 οἰκτιρμοί
1173 1661 1268 1715 τοῦ
1309 1661 1474 1716 Θεοῦ·
1529 1665 1579 1716 εί
1617 1662 1692 1734 μὴ

117 1749 222 1820 ἄρα
254 1751 346 1804 ἐπὶ
385 1753 482 1822 μὲν
519 1754 586 1809 τὰ
628 1754 766 1826 ἔργα
809 1754 973 1810 αὐτοῦ
1009 1755 1303 1825 φθάνουσιν
1332 1757 1382 1808 οἱ
1417 1758 1690 1828 οἰκτιρμοὶ

1805 558 2186 626 magnitudinis
2215 560 2328 628 ejus
2363 576 2466 613 non
2494 567 2571 614 est
2597 559 2744 627 ﬁnis,
2781 567 2887 614 etc.
2925 559 3374 630 Quandoquidem

1805 649 2119 716 magnitudo
2145 650 2237 704 Dei
2270 651 2320 706 in
2356 651 2576 706 Christo
2613 659 2673 708 et
2714 650 2766 704 in
2799 652 3069 706 creaturis
3098 665 3221 708 esse
3245 668 3377 708 con-

1801 740 2054 809 Spicitur,
2097 750 2152 796 et
2199 744 2586 812 magnitudinis
2630 743 2746 813 ejus
2795 761 2901 800 non
2933 755 3012 800 est
3051 745 3194 810 ﬁnis,
3237 745 3376 800 forte

1803 833 1928 886 hinc
1963 831 2130 886 etiam
2164 847 2226 888 ex
2251 834 2462 890 infinito
2492 837 2542 891 in
2572 838 2836 892 inlinilum
2863 837 2913 892 in
2936 852 2998 892 ca
3025 853 3145 910 quae
3173 839 3240 895 ab
3259 839 3373 910 ipso

1803 919 1946 976 facta
1978 929 2106 976 sunt
2137 923 2476 994 providentia
2513 927 2855 996 constricitur
2889 925 3004 981 Dei.

1875 1087 2148 1174 Ejitsaht.
2185 1104 2438 1160 Omnium
2483 1106 2700 1175 quidem
2735 1121 2857 1178 qua:
2890 1107 3034 1164 facta
3083 1118 3209 1166 sunt
3239 1125 3370 1165 con-

1803 1200 2080 1270 templatio
2129 1199 2278 1254 ﬁnita
2327 1206 2449 1265 est,
2492 1199 2605 1254 sola
2644 1214 2771 1256 vero
2815 1189 3021 1256 sanc‘tae
3075 1201 3364 1258 Trinitatis

1798 1291 2036 1359 cognitio
2073 1289 2305 1344 inﬁnita.

1873 1383 2034 1436 Vens.
2063 1383 2115 1438 9.
2145 1381 2214 1436 Et
2253 1381 2614 1436 miserationes
2644 1381 2759 1443 eius
2809 1399 2964 1452 super
3002 1385 3178 1438 omnia
3207 1399 3364 1452 opera

1799 1475 1933 1545 ejus,
1966 1484 2073 1530 etc.
2107 1473 2162 1528 Si
2209 1476 2584 1530 miserationes
2629 1475 2722 1532 Dei
2771 1491 2938 1546 super
2969 1477 3150 1530 omnia
3194 1491 3356 1546 opera

1799 1562 1935 1638 ejus,
1965 1567 2232 1635 quomodo
2281 1576 2410 1622 sunt
2441 1566 2680 1622 nonnulli
2721 1569 2786 1624 ad
2836 1583 2974 1638 quos
3021 1584 3128 1622 non
3171 1583 3368 1637 perve-

1798 1660 1988 1716 niunt?
2017 1660 2210 1730 Utique
2237 1662 2400 1715 etiam
2443 1675 2604 1732 super
2643 1662 2788 1734 ipsos
2825 1675 2951 1716 sunt
2985 1662 3366 1716 miserationes

1799 1749 1893 1804 Dei
1933 1767 1946 1802 :
1987 1751 2090 1804 nisi
2139 1750 2284 1805 forte
2321 1753 2386 1806 ad
2422 1767 2587 1822 opera
2631 1753 2850 1822 quidem
2898 1753 3014 1821 ejus
3055 1751 3372 1822 pertingunt

115 1843 295 1908 αὐτοῦ,
329 1845 421 1898 ἐπὶ
450 1845 506 1898 δὲ
532 1845 598 1900 τὰ
627 1847 765 1919 ἔργα
791 1847 899 1902 τῶν
925 1847 1126 1920 χειρῶν
1161 1847 1326 1903 αὐτοῦ
1358 1849 1420 1904 οὐ
1454 1851 1687 1916 πάντως.

1816 1842 2174 1896 niscrationes
2203 1841 2394 1910 ipsius,
2429 1844 2496 1896 ad
2528 1856 2694 1913 opera
2741 1852 2920 1898 autem
2952 1857 3210 1898 manuum
3253 1843 3374 1913 ejus

195 2021 885 2093 Ἑξομολογησάσθωσάν
945 2039 1064 2088 σοι,
1129 2026 1326 2093 Κύριε,
1380 2027 1578 2080 πάντα
1621 2026 1694 2080 τὰ

111 2113 252 2184 ἔργα
277 2130 415 2179 σου,
452 2115 549 2168 καὶ
579 2118 632 2168 οἱ
660 2115 818 2170 ὅσιοί
849 2131 966 2170 σου
994 2116 1556 2185 εὐλοτησιίσθωσιίν
1595 2135 1688 2183 σε,

113 2224 164 2259 κ.
197 2223 244 2259 τ,
275 2207 320 2260 ὲ.
369 2206 483 2262 Νῦν
511 2206 649 2279 ἔργα
678 2207 790 2280 (99)
822 2207 921 2273 τὰς
957 2210 1150 2277 φύσεις
1179 2209 1279 2274 τὰς
1333 2209 1558 2279 λογικὰς
1605 2211 1693 2265 λέ-

109 2313 226 2362 γει·
279 2289 438 2351 αὗται
479 2297 588 2368 γὰρ
624 2299 935 2368 πεφύκασιν
969 2299 1409 2372 ἐξομολογεῖσθαι
1453 2302 1590 2374 Θεῷ.
1627 2303 1690 2356 Εἰ

108 2388 155 2441 δ’
187 2391 570 2462 ἀναπέμπεται
603 2409 687 2455 τις
719 2391 1106 2465 ἐξομολόγησις
1132 2395 1224 2448 καὶ
1244 2395 1351 2448 ἀπὸ
1373 2395 1472 2467 τῆς
1498 2397 1692 2468 λοιπῆς

109 2482 357 2554 κτίσεως,
387 2484 518 2548 Θεὸς
547 2484 613 2538 ἂν
643 2485 830 2557 εἰδείη.

179 2575 464 2629 Βασιλεία
503 2593 618 2630 σου
645 2577 936 2640 ,ϐασιλεία
967 2577 1209 2632 πάντων
1235 2578 1494 2646 αἰώνων,
1539 2600 1590 2636 κ.
1635 2601 1684 2638 τ.

107 2664 154 2716 ὲ.
197 2665 256 2716 Εἰ
292 2666 323 2735 ἡ
361 2664 606 2733 βασιλεία
643 2667 718 2738 (1)
764 2667 858 2720 τοῦ
890 2667 1026 2720 Θεοῦ
1062 2671 1093 2738 ἡ
1135 2669 1342 2742 θεωρία
1388 2671 1494 2724 τῶν
1528 2689 1688 2741 γεγο-

106 2755 268 2806 νότων
299 2756 392 2808 καὶ
421 2757 802 2827 γενησομένων
831 2757 1041 2810 αἰώνων
1071 2759 1188 2810 ἐστὶ
1209 2798 1222 2822 ,
1259 2760 1439 2823 καλῶς
1473 2762 1686 2833 εἴρηται

102 2847 163 2900 τό
182 2865 195 2879 ·
233 2865 251 2898 ι
293 2847 356 2902 Ἠ
379 2847 624 2917 βασιλεία
643 2865 734 2900 σου
751 2848 998 2920 βασιλεία
1021 2850 1238 2903 πάντων
1263 2849 1373 2903 τῶν
1393 2851 1624 2908 αἰώνων.
1661 2875 1680 2908 ι

175 2937 482 2994 Φυλάσσει
515 2941 730 3008 Κύριος
761 2940 991 3008 πάντας
1019 2942 1160 3008 τοὺς
1192 2943 1547 3013 ἀγαπῶντας
1579 2951 1688 3001 αὐ-

104 3031 225 3096 τὸν,
260 3031 356 3084 καί
385 3031 615 3098 πάντας
645 3032 787 3098 τοὺς
817 3033 1204 3102 ἁμαρτωλοὺς
1240 3035 1680 3108 ἐξολοθρεύσει,

106 3139 163 3176 κ.
194 3140 240 3175 τ.
286 3123 330 3176 ὲ,
386 3120 793 3193 Ἐξολόθρευσις
826 3123 1151 3195 ἁμαρτωλοῦ
1190 3123 1265 3194 (2)
1301 3127 1416 3178 ἐστι
1457 3125 1684 3199 λογικῆς

101 3213 280 3285 ψυχῆς
331 3215 610 3286 χωρισμὸς
667 3215 776 3268 ἀπὸ
821 3215 918 3286 τῆς
962 3216 1254 3286 συμπάσης
1297 3218 1440 3272 κατὰ
1485 3219 1682 3274 κακίαν

100 3307 268 3378 ζωῆς.

169 3399 417 3454 Αῖνεσιν
439 3402 662 3468 Κυρίου
684 3399 945 3467 ,λαλήσει
971 3399 1036 3453 τὸ
1062 3403 1257 3471 στεζιια
1274 3419 1396 3472 μου
1417 3441 1430 3466 ,
1458 3403 1555 3458 καὶ
1587 3406 1676 3458 εί)⁴

91 3495 342 3563 λογείτω
370 3492 538 3548 πᾶσα
569 3494 726 3563 σὰρξ
753 3495 816 3548 τὸ
857 3495 1047 3564 ὄνομα
1075 3493 1141 3548 τὸ
1174 3495 1346 3565 ἅγιον
1377 3495 1567 3551 αὐτοῦ
1598 3499 1684 3564 εἰς

97 3586 206 3640 τὸν
235 3586 420 3642 αἰῶνα
445 3588 542 3642 καί
571 3592 658 3655 εἰς
693 3589 798 3642 τὸν
827 3587 1013 3643 αἰῶνα
1051 3589 1156 3643 τοῦ
1185 3589 1419 3657 αἰῶνος,
1453 3609 1504 3644 κ.
1545 3609 1593 3645 τ.
1634 3593 1677 3644 ὲ.

99 3681 254 3732 Πᾶσα
295 3679 430 3750 σὰρξ
467 3679 542 3752 (5)
585 3681 882 3751 εὐλογοῦσα
924 3681 985 3734 τὸ
1021 3682 1192 3754 ὄνομα
1229 3685 1436 3756 Κυρίου
1485 3687 1563 3750 εἰς
1591 3685 1682 3739 τὸν

93 3771 270 3826 αἰῶνα
313 3772 405 3824 καὶ
441 3774 520 3837 εἰς
563 3772 654 3826 τὸν
698 3773 868 3828 αἰῶνα
892 3774 986 3828 τοῦ
1021 3774 1218 3839 αἰῶνος
1251 3775 1405 3831 ἔσται
1439 3775 1681 3847 δηλονότι

97 3863 176 3927 εἰς
205 3862 294 3916 τὸν
321 3863 496 3916 αἰῶνα
527 3865 620 3918 καὶ
655 3866 734 3930 εἰς
767 3865 856 3918 τὸν
887 3863 1058 3919 αἰῶνα
1092 3867 1186 3920 τοῦ
1222 3866 1416 3934 αἰῶνος
1442 3867 1681 3940 ὀψομένη

99 3963 157 4006 πο
189 3955 456 4026 σωτήριον
481 3954 574 4008 τοῦ
614 3955 768 4010 Θεοῦ.

170 4047 281 4101 Τοῦ
322 4047 526 4102 αὑτοῦ.
563 4050 673 4102 Καὶ
701 4052 728 4102 ὁ
765 4049 974 4115 Παῦλὸς
1010 4051 1084 4122 (ί)
1129 4069 1322 4124 φησιν’
1384 4071 1402 4104 ι
1456 4051 1572 4108 Οὐκ
1625 4055 1681 4106 ὲν

87 4138 258 4203 πλαξὶ
284 4138 530 4205 λιθίναις,
584 4141 698 4194 ἀλλ’
744 4145 800 4196 ἐν
835 4143 998 4208 πλαξὶ
1039 4146 1266 4217 καρδίας
1308 4146 1612 4218 σαρκίναις.
1656 4167 1673 4199 ι

89 4231 244 4296 una:
293 4233 472 4287 τοίνυν
527 4235 754 4307 σαρκίνη
820 4236 937 4290 ἐστὶ
993 4238 1140 4309 ψυχὴ
1190 4238 1382 4311 λογικὴ
1444 4239 1682 4304 εὐκόλως

95 4326 464 4398 ὑποδεχομένη
511 4328 601 4382 τὸν
663 4327 758 4382 τοῦ
823 4331 956 4384 Θεοῦ
1018 4333 1199 4402 νόμον.
1270 4333 1428 4386 Ἔστι
1480 4331 1536 4385 δὲ
1585 4332 1680 4384 καὶ

89 4419 268 4492 ilex-ti;
298 4419 464 4491 σὰρξ,
505 4422 580 4486 ὡς
609 4423 697 4476 τό·
745 4442 764 4474 ι
805 4425 877 4479 Οὐ
911 4426 984 4496 μὴ
1025 4426 1326 4498 καταμείνῃ
1367 4425 1426 4479 τὸ
1453 4423 1681 4498 Πνεῦμα

1795 1950 1902 1989 non
1935 1933 2084 1988 item.

1865 2027 2030 2084 Vens.
2065 2027 2152 2083 10.
2185 2027 2548 2098 Conﬁteantur
2577 2030 2690 2098 tibi,
2729 2029 2972 2094 Domine,
2997 2030 3172 2085 omnia
3214 2047 3371 2100 opera

1797 2130 1910 2186 tua,
1931 2131 1977 2176 et
2001 2123 2171 2176 sancti
2205 2123 2280 2196 tui
2307 2123 2609 2176 benedicant
2638 2123 2752 2190 tibi,
2783 2133 2890 2178 etc.
2933 2123 3044 2178 Hoc
3069 2123 3188 2178 loco
3209 2138 3370 2192 opera

1795 2225 2018 2270 naturas
2065 2216 2280 2270 ratione
2307 2216 2562 2286 praeditas
2611 2224 2806 2270 vocat:
2853 2216 2980 2285 ipsa:
3016 2216 3160 2270 enim
3195 2216 3371 2272 solent

1795 2309 2044 2364 conﬁteri
2080 2309 2210 2367 Deo.
2243 2309 2322 2364 An
2357 2325 2483 2366 vero
2514 2309 2786 2366 confessio
2815 2311 2996 2380 aliqua
3023 2311 3192 2365 etiam
3221 2325 3252 2364 ει
3285 2325 3369 2364 re-

1793 2401 1938 2470 liqua
1966 2408 2222 2455 creatura
2245 2400 2550 2467 emittatur,
2586 2399 2727 2456 Deus
2755 2401 2878 2456 scit.

1865 2573 2028 2630 Vens.
2063 2575 2148 2630 l3.
2193 2573 2425 2645 Regnum
2454 2587 2602 2628 tuum
2647 2589 2864 2642 regnum
2891 2572 3124 2626 omnium
3147 2571 3372 2626 sarculo-

1792 2685 1932 2733 rum,
1963 2677 2068 2724 etc.
2109 2667 2167 2722 Si
2207 2682 2434 2737 regnum
2465 2667 2558 2720 Dei
2587 2666 2980 2735 contemplatio
3010 2674 3094 2720 est
3121 2663 3371 2734 prreteri-

1793 2772 1972 2818 torum
1991 2775 2051 2814 ac
2072 2760 2376 2815 futurorum
2402 2759 2744 2824 smculorum,
2769 2759 2994 2828 pulchre
3021 2760 3225 2814 dictum
3251 2767 3371 2814 est:

1793 2873 1812 2907 ι
1851 2853 2098 2924 Regnum
2129 2865 2277 2906 tuum
2305 2867 2528 2922 regnum
2557 2851 2796 2906 omnium
2831 2849 3177 2906 saeculorum.
3203 2868 3223 2903 ι

1859 2944 2030 3000 Vens.
2058 2943 2147 2999 20.
2169 2942 2709 2999 CustodietDominus
2733 2959 2911 2998 omnes
2948 2943 3221 3014 diligentes
3241 2959 3296 2998 se
3323 2949 3374 2996 et

1787 3055 1965 3092 omnes
1991 3045 2287 3107 peccatores
2318 3035 2602 3104 disperdet,
2654 3044 2762 3090 etc.
2813 3035 3210 3089 Exterminatio
3241 3049 3374 3104 pec-

1787 3135 1987 3188 catoris
2010 3142 2094 3186 est
2121 3126 2456 3184 rationabilis
2494 3129 2690 3182 animae
2713 3128 2986 3197 separatio
3010 3127 3077 3182 ab
3107 3127 3252 3182 omni
3288 3128 3370 3182 vi-

1793 3226 1928 3280 tiosa
1961 3225 2092 3279 vita.

1861 3404 2024 3457 Vlns.
2049 3402 2138 3456 2|.
2171 3401 2548 3454 Laudationem
2573 3399 2788 3454 Domini
2815 3400 3055 3471 loquetur
3081 3417 3136 3454 os
3161 3417 3330 3455 meum
3354 3442 3369 3465 ,

1787 3507 1834 3550 et
1862 3497 2124 3550 benedicat
2151 3497 2316 3549 omnis
2361 3510 2482 3548 caro
2514 3494 2716 3546 nomini
2738 3503 2919 3546 sancto
2952 3493 3064 3562 ejus
3095 3493 3150 3547 in
3198 3510 3374 3548 διετη-

1787 3590 1896 3642 tnm
1925 3599 1971 3642 et
2009 3590 2062 3642 in
2091 3587 2341 3642 ιωειιίιιηι
2374 3585 2580 3650 swcuti,
2611 3595 2715 3642 etc.
2767 3584 2955 3640 Omnis
2978 3601 3104 3642 caro
3131 3601 3252 3656 qua:
3275 3586 3370 3642 be-

1787 3679 1986 3736 nedicit
2017 3695 2214 3735 nomen
2257 3679 2466 3734 Dniiiini
2515 3680 2568 3734 in
2602 3679 2859 3734 sacculum
2904 3690 2959 3734 et
3010 3681 3060 3734 in
3108 3681 3362 3737 saeculum

1787 3773 1989 3836 saeculi,
2023 3774 2209 3842 utique
2240 3775 2290 3827 iu
2351 3775 2606 3830 smculum
2659 3783 2714 3829 et
2765 3774 2820 3829 in
2861 3777 3122 3830 saeculum
3180 3779 3364 3832 saeculi

1789 3868 1990 3922 videbit
2015 3867 2253 3924 salutare
2287 3867 2402 3922 Dei.

1857 4047 2133 4120 Ejusdem.
2159 4046 2364 4102 Paulus
2397 4061 2613 4116 quoque
2645 4045 2720 4098 ait
2751 4046 2794 4076 ⁵³
2826 4062 2838 4099 :
2879 4065 2896 4097 ι
2947 4045 3060 4102 Non
3097 4046 3148 4100 in
3177 4043 3371 4100 tabuiis

1783 4142 2033 4212 lapideis,
2064 4141 2158 4196 sed
2196 4140 2248 4194 in
2274 4137 2467 4193 tabulis
2490 4139 2672 4194 cordis
2699 4137 3028 4202 carnalibus,
3074 4159 3089 4190 ι
3128 4147 3236 4192 etc.
3271 4135 3371 4191 'l‘a-

1783 4234 1906 4288 bula
1949 4234 2110 4304 igitur
2140 4231 2374 4288 carnalis
2399 4239 2481 4287 est
2513 4231 2693 4285 anima
2732 4230 2940 4285 ratione
2970 4231 3214 4298 praedita,
3247 4244 3367 4298 qua:

1785 4325 1943 4382 facile
1991 4327 2220 4396 suscipit
2255 4324 2429 4394 legem
2485 4324 2604 4378 Dei.
2657 4324 2752 4377 Est
2791 4323 2954 4377 etiam
2997 4335 3125 4376 caro
3155 4335 3275 4389 quae
3309 4320 3366 4375 in

1782 4421 1979 4474 malam
2003 4430 2212 4490 partem
2241 4417 2529 4487 accipitur,
2556 4429 2612 4469 ιιι
2633 4431 2752 4470 cum
2781 4411 3053 4469 dicitur“:
3070 4427 3086 4458 ι
3106 4415 3216 4468 Non
3239 4429 3364 4484 pcr-

83 4530 198 4584 μου
240 4515 296 4566 ὲν
319 4517 428 4577 τοῖς
467 4515 774 4586 ἀνθρώποις
798 4518 1027 4581 τούτοις.
1077 4517 1166 4572 διὰ
1207 4518 1267 4570 τὸ
1311 4515 1448 4572 εἶναι
1482 4519 1676 4584 αὐτοὺς

1817 4513 2023 4570 tenebit
2055 4514 2292 4582 Spiritus
2315 4525 2468 4565 meus
2497 4509 2546 4563 in
2582 4509 2887 4564 hominibus
2920 4509 3060 4570 istis,
3088 4507 3212 4575 quia
3238 4521 3366 4561 caro

85 4609 323 4680 σάρκας.
369 4627 389 4660 ι
443 4609 554 4662 Καὶ
585 4610 744 4664 πάλιν
783 4612 811 4663 ὁ
860 4611 1068 4674 Παῦλός
1119 4628 1282 4682 φησι·
1325 4631 1342 4662 ι
1396 4612 1540 4683 Σὰρξ
1585 4612 1679 4665 καὶ

85 4695 232 4772 αἷμα
290 4701 564 4772 βασιλείαν
619 4701 753 4756 Θεοῦ
785 4702 1194 4776 κληρονομῆσαι
1238 4704 1298 4758 οὐ
1337 4703 1606 4758 δύνανται.
1651 4725 1668 4758 ι

97 4790 370 4847 Ἐνταῦθα
403 4794 511 4865 γὰρ
534 4793 668 4866 σὰρξ
697 4794 796 4865 τὴν
822 4795 1018 4848 κακίαν
1043 4795 1318 4865 σημαίνει.

597 4973 890 5027 ΨΛΛΜΟΣ
919 4975 1095 5027 ΡΜΕ’.

169 5061 287 5116 Τὸν
348 5063 748 5132 φυλάσσοντα
803 5065 1093 5133 ἀλήθειαν·
1144 5069 1230 5132 εἰς
1291 5066 1397 5120 τὸν
1469 5065 1673 5134 αἰῶνα,

1787 4618 1935 4662 suut.
1977 4625 1994 4658 ι
2033 4602 2228 4661 Paulus
2287 4615 2503 4674 quoque
2563 4601 2638 4655 ait
2669 4597 2750 4652 ui:
2793 4617 2812 4651 ι
2844 4599 2985 4655 Caro
3031 4608 3085 4650 et
3141 4598 3365 4668 sanguis

1788 4717 2012 4770 regnum
2041 4701 2133 4755 Dei
2169 4699 2444 4770 possidere
2473 4713 2575 4752 nan
2605 4701 2848 4764 possunt.
2883 4711 2898 4748 ι
2935 4691 3043 4747 lloc
3071 4689 3186 4746 loco
3217 4688 3362 4747 enim

1785 4809 1916 4848 caro
1955 4793 2216 4847 malitiam
2249 4791 2543 4864 significat.

2211 4977 2378 5050 844
2397 4976 2718 5034 PSALMUS
2751 4977 2962 5034 CXLV.

1855 5070 2018 5124 Vens.
2051 5069 2106 5124 7.
2135 5069 2237 5135 Qui
2263 5069 2489 5123 custodit
2523 5070 2794 5123 veritatem
2827 5071 2882 5124 in
2913 5070 3192 5134 swculnm,
3233 5072 3360 5140 facit

85 5153 385 5211 ποιοῦντα
410 5157 612 5225 κρίσιν
630 5157 755 5224 τοῖς
787 5157 1218 5227 ἀδικουμένοις,
1259 5159 1504 5215 διδόντα
1545 5179 1680 5230 τρο-

1816 5163 2039 5216 udicium
2062 5161 2312 5232 injuriam
2333 5161 2664 5230 facientibus,
2683 5163 2774 5215 dat
2793 5178 2962 5215 escam
2990 5163 3359 5229 esurientibus,

83 5247 221 5315 φῆν
254 5247 380 5313 τοῖς
406 5247 721 5313 πεινῶσιν,
751 5267 804 5303 κ.
843 5269 892 5303 τ.
924 5251 970 5303 ὲ.
1018 5251 1294 5323 Ἀλήθειαν
1325 5248 1444 5306 εἷπε
1477 5254 1551 5324 (5)
1585 5253 1676 5308 τὸν

85 5342 369 5412 ἀληθινὸν,
400 5342 508 5397 ἀπὸ
529 5343 623 5414 τῆς
653 5344 817 5410 ἕξεως
847 5345 1119 5416 ὀνομάσας
1146 5347 1236 5399 τὸν
1267 5347 1558 5419 μετέχοντα
1577 5348 1676 5417 τῆς

133 5428 184 5460 ⁸³
212 5436 254 5490 ιι
281 5436 406 5491 Cor.
437 5452 518 5500 ιιι,
555 5435 609 5490 5.
686 5437 733 5470 ’⁵⁵
755 5436 893 5492 Gen.
920 5453 994 5502 vr,
1033 5438 1085 5491 5.
1171 5438 1214 5470 ⁸⁵
1242 5439 1258 5492 l
1283 5439 1408 5494 Cor.
1440 5456 1528 5506 xv,
1553 5439 1642 5494 50.

88 5602 117 5656 ᾔ
163 5530 281 5614 (DD)
328 5532 602 5600 Ἐπείπερ
633 5531 670 5598 ή
699 5533 1122 5602 μεγαλωσύνη,
1166 5543 1274 5590 etc.
1303 5534 1505 5590 Catena
1539 5534 1673 5590 Cor-

124 5617 258 5656 cru.

124 5617 258 5657 Cl‘ll.

161 5671 286 5814 (9.7)
317 5671 566 5726 Πάντων
583 5673 718 5742 μέν,
749 5681 856 5727 etc.
893 5671 1117 5729 Schedac
1141 5674 1349 5729 Crabii.

187 5742 280 5814 98)
310 5745 378 5795 Εἰ
406 5745 459 5796 οἱ
481 5743 787 5812 οἰκτιρμοί,
812 5755 914 5814 etc.
950 5747 1150 5798 Catena
1173 5745 1348 5801 Corde

187 5742 280 5812 98)
310 5745 378 5795 El
406 5745 459 5796 οἱ
481 5743 787 5812 οἰκτιρμοί,
812 5755 914 5797 etc.
950 5747 1150 5798 Catena
1173 5745 1442 5802 Corderii.

161 5749 259 5814 (98
310 5749 378 5795 Et
406 5749 459 5796 οἰ
481 5749 787 5812 οἰκτιρμοί,
812 5755 914 5797 etc.
950 5749 1150 5798 Catena
1173 5749 1278 5801 Cor

160 5749 280 5886 (99)
315 5814 446 5868 Νῦν
472 5813 634 5884 ἔργα,
669 5824 774 5868 etc.
811 5813 1036 5868 Sclteda:
1071 5814 1278 5874 Graliii.

456 5912 728 5970 PATROL.
775 5909 891 5970 Gn.
941 5909 1079 5971 ΧΠ.

1783 5265 1888 5310 etc.
1919 5255 2178 5310 Veritatis
2211 5255 2430 5310 nomine
2467 5254 2758 5325 appellavit
2781 5270 3051 5318 ueracem,
3081 5256 3148 5310 ab
3175 5255 3358 5310 habitu

1787 5347 2070 5402 nominans
2093 5345 2310 5403 habitus
2343 5349 2684 5418 participem.
2722 5346 2812 5401 Sic
2847 5347 3013 5400 etiam
3043 5347 3218 5418 diligit
3261 5351 3364 5405 mi—

1855 5531 1929 5600 (Ι)
1960 5534 2025 5584 Εἰ
2053 5531 2089 5597 ἡ
2107 5529 2417 5593 βασιλεία,
2445 5537 2554 5583 etc.
2582 5527 2816 5600 Eaedem.

1850 5598 1926 5672 (-2)
1970 5601 2423 5672 'Eﬁoldtipeumc
2445 5598 2818 5672 ἁμαρτωλοῇ
2853 5609 2958 5654 etc.
2999 5600 3236 5659 Etedcm.

1853 5669 1930 5736 (5)
1961 5671 2133 5725 Πᾶσα
2171 5669 2349 5737 σάρξ,
2384 5678 2486 5722 etc.
2518 5671 2720 5723 Catena
2753 5669 3018 5724 Corum-ii.

1876 5743 1928 5810 4)
1952 5741 2062 5796 Καὶ
2102 5744 2134 5794 ὀ
2156 5739 2417 5810 Παῦλος..
2445 5749 2547 5792 clt'.
2577 5739 2804 5810 Sgllcdu:
2834 5739 3041 5810 Grabii.

1876 5744 1928 5810 4)
1952 5744 2062 5796 Καὶ
2102 5744 2134 5794 ὀ
2156 5744 2417 5804 Παῦλος..
2445 5749 2547 5792 etc.
2577 5744 2804 5793 Sclieda:
2834 5744 3041 5794 Grabii.

1853 5744 1928 5888 (ὅ)
1977 5810 2289 5876 Ἀλήθειαν
2307 5805 2454 5875 εἷπε,
2481 5820 2585 5864 etc.
2625 5807 2850 5866 Scheda:
2873 5809 3081 5867 Grabii.

2919 5907 2994 5965 53
