3800 6498
94 349 222 405 1677

596 468 890 523 ΨᾹΛΜΟΣ
935 470 1117 526 ΡΜΖ’.

154 563 265 614 Ὅτι
290 561 581 630 ὲνίσχυσε
620 561 762 629 τοὺς
795 562 1066 632 μοχλοὺς
1110 563 1228 617 τῶν
1265 564 1473 618 πυλῶν
1503 578 1642 626 σου,

1055 349 1364 408 SELECTA
1400 348 1464 404 IN
1502 348 2137 408 PSALMOS.—-PSAL.
2180 353 2433 410 CXLVII.

1674 477 1726 532 Α
2231 471 2549 528 PSALMUS
2580 471 2826 527 CXLVII.

3183 359 3317 417 1678

1824 559 1989 615 Vens.
2046 563 2131 617 I3.
2179 563 2441 628 Quoniam
2492 563 2806 632 confortavit
2858 580 3004 620 seras
3044 579 3317 634 portarum

82 673 134 711 κ.
167 673 218 709 τ.
253 657 297 710 ὲ.
331 654 556 725 Μοχλοὶ,
585 650 734 726 οἶμαι
766 656 902 727 (15),
931 657 1038 710 τῶν
1069 657 1249 710 πυλῶν
1275 658 1412 710 εἰσιν
1451 657 1627 729 Ἰερου

1773 669 1982 718 uarum,
2010 663 2116 710 etc.
2145 654 2430 709 Portarum
2464 655 2764 711 Jerusalem
2796 663 2978 712 vectes
3004 697 3018 722 ,
3052 659 3128 714 uti
3163 661 3316 716 arbi-

81 746 252 818 σαλὴμ
279 746 628 816 συνεχόμενοι
655 747 759 800 ὑπὸ
780 745 1097 818 Κυρίου,’τὰ
1123 746 1262 818 ὑπὲρ
1284 747 1382 817 τῆς
1411 745 1644 816 θεωρου-

81 839 241 910 μένης
261 839 518 910 ἀληθείας
544 841 636 892 καὶ
661 839 1219 910 καταλαμϐανομένης
1259 837 1451 908 λογικὰ
1481 838 1639 890 δυνα-

74 930 178 993 τῶς
205 930 370 1001 αὐτὴν
403 932 760 1002 παριστάντα.

143 1021 258 1077 Τοῦ
288 1023 495 1078 αὑτοῦ.
532 1024 732 1094 Μοχλοὶ
765 1024 863 1095 μὲν
891 1023 990 1093 τῆς
1024 1023 1135 1094 (III)
1181 1021 1537 1094 Ἰερουσαλήμ
1563 1023 1641 1075 εἰ-

69 1132 154 1170 σιν
202 1117 258 1168 αἱ
300 1115 599 1187 πρακτικαὶ
646 1116 840 1186 ἀρεταὶ
883 1114 1188 1168 κωλύουσαι
1235 1113 1360 1176 τοὺς
1410 1111 1636 1183 ἐχθροὺς

68 1205 456 1276 παρεισδῦναι·
485 1207 582 1276 τῆς
611 1206 666 1258 δὲ
690 1205 825 1259 Σιὼν
849 1206 915 1260 τὰ
946 1206 1171 1276 οὐράνια
1193 1204 1439 1273 δόγματα
1474 1201 1568 1255 καὶ
1600 1203 1632 1271 ἡ

66 1297 196 1368 ὀρθὴ
251 1297 430 1362 πίστις
462 1300 559 1370 τῆς
611 1299 988 1372 προσκυνητῆς
1033 1299 1126 1351 καὶ
1179 1296 1338 1366 ἁγίας
1387 1296 1632 1366 Τριάδοςν

62 1389 221 1460 εἴπερ
255 1391 288 1459 ἡ
322 1390 418 1460 μὲν
467 1390 820 1463 Ἰερουσαλὴμ
850 1392 948 1461 τὴν
981 1389 1156 1461 ψυχὴν
1193 1387 1467 1458 σημαίνει,
1507 1389 1539 1458 ἡ
1577 1387 1634 1440 δὲ

61 1477 198 1530 Σιὼν
230 1479 321 1533 τὸν
364 1479 508 1534 νοῦν.
551 1481 943 1553 Ἐρμηνεύεται
992 1480 1102 1550 γὰρ
1147 1476 1503 1550 Ἰερουσαλὴμ
1537 1479 1634 1549 μὲν

59 1569 268 1639 ὅρασις
297 1572 561 1641 εἰρήνης,
597 1572 734 1627 Σιὼν
765 1574 820 1627 δὲ
851 1572 1311 1641 σκοπευτήριον.

135 1667 192 1716 '0
237 1667 418 1734 τιθεὶς
463 1667 536 1721 τὰ
586 1667 716 1735 Epid
767 1685 882 1721 σου
925 1668 1194 1737 εἰρήνην,
1249 1687 1302 1723 κ.
1349 1687 1402 1724 τ.
1451 1671 1496 1723 ὲ.
1553 1669 1634 1723 Τὰ

51 1760 177 1830 ὅρια
218 1758 330 1831 (15)
371 1759 471 1831 τῆς
529 1759 883 1831 Ἰερουσαλὴμ
913 1761 1102 1832 είρὴνη
1140 1762 1256 1814 ἐστὶ
1289 1761 1497 1815 πάντα·
1530 1761 1634 1828 ἔξω

1751 753 1888 810 tror,
1924 745 2015 814 qui
2049 760 2076 798 a
2105 744 2332 800 Domino
2362 748 2734 816 continentur,
2768 757 2893 803 sunt
2923 749 3163 806 rationes
3196 767 3316 820 qua:

1749 847 2090 906 perspectam
2138 845 2192 891 et
2248 839 2690 908 comprehensam
2754 852 3006 912 potenter
3056 845 3318 900 exhibent

1749 930 2054 985 veritatem.

1811 1018 2089 1088 Ejusdem.
2115 1018 2306 1075 Vectes
2337 1021 2552 1089 quidem
2580 1020 2878 1079 Jerusalem
2907 1035 3031 1080 sunt
3058 1029 3314 1096 practicae

1744 1110 1977 1165 virtutes
1999 1125 2119 1179 quae
2146 1111 2331 1166 hostes
2365 1110 2586 1166 introitu
2615 1115 2902 1182 prohibent
2926 1134 2940 1183 ;
2976 1114 3157 1173 Sionis
3183 1133 3312 1173 vero

1744 1216 1880 1256 serae
1907 1211 2038 1255 sunt
2076 1201 2320 1256 caelestia
2370 1201 2616 1273 dogmata
2646 1245 2662 1271 ,
2709 1213 2762 1258 et
2796 1216 2946 1261 recta
2996 1208 3131 1265 ﬁdes
3182 1209 3314 1263 ado—

1744 1292 1925 1346 randae
1981 1300 2036 1346 et
2085 1300 2287 1345 saucue
2319 1289 2603 1345 Trinitatis
2634 1330 2650 1357 ,
2706 1294 2972 1362 siquidem
3006 1295 3310 1353 Jerusalem

1740 1381 1978 1436 animam
2015 1382 2324 1452 signiﬁcat,
2365 1381 2492 1438 Sion
2523 1398 2652 1438 vero
2684 1398 2942 1441 mentem.
2978 1388 3312 1458 Interpreta-

1741 1483 1830 1529 tur
1855 1473 1999 1530 enim
2032 1473 2332 1530 Jerusalem
2359 1477 2487 1530 uisio
2508 1477 2678 1545 pacis,
2711 1476 2838 1532 Sion
2867 1489 3046 1535 autem
3073 1465 3320 1552 specula.-

1807 1659 1973 1715 VEus.
2006 1661 2093 1716 11.
2133 1660 2238 1726 Qui
2268 1659 2411 1728 ponit
2435 1659 2715 1737 finesltuos
2745 1679 2943 1729 pacem,
2976 1672 3080 1718 etc.
3113 1663 3313 1720 Omnes

1742 1752 1874 1808 lines
1899 1752 2198 1808 Jerusalem
2248 1762 2376 1808 sunt
2411 1768 2541 1823 pax.
2586 1751 2780 1808 Verum
2810 1764 2964 1809 extra
3017 1755 3155 1812 ﬁnes
3195 1757 3313 1825 ejus

47 1852 106 1904 δὲ
138 1851 250 1905 τῶν
294 1853 466 1924 ὀρέων
509 1852 682 1923 αὐτῆς
714 1853 814 1906 οὐκ
854 1852 1000 1906 ἔστιν
1031 1854 1256 1925 εἰρήνη·
1296 1852 1376 1907 διὸ
1407 1854 1435 1905 ὁ
1471 1851 1546 1924 μὴ
1575 1854 1627 1906 ἐν

1766 1859 1841 1898 ton
1872 1853 1955 1900 est
1979 1859 2104 1916 pax.
2131 1844 2314 1912 Quare
2337 1845 2383 1900 is
2409 1845 2501 1915 qui
2531 1858 2637 1899 non
2668 1855 2752 1901 est
2779 1848 2830 1900 in
2859 1862 3014 1917 pace,
3045 1858 3128 1904 est
3154 1858 3310 1904 extra

49 1945 243 2016 εἰρήνῃ
271 1943 374 2010 ἔξω
406 1945 523 1999 ἐστὶ
553 1945 660 1998 τῶν
693 1945 863 2015 ὁρέων
908 1944 1282 2017 Ἰερουσαλήμ.

125 2036 243 2091 Τοῦ
291 2036 499 2091 αὑτοῦ.
537 2037 700 2108 "Opta
743 2037 843 2107 τῆς
876 2034 988 2108 (16)
1029 2036 1252 2108 εἰρήνης
1294 2036 1458 2106 φασὶν
1495 2031 1634 2091 εἶναι

41 2126 144 2199 τὴν
177 2127 447 2182 ἀπάθειαν
477 2128 577 2198 τῆς
605 2128 806 2199 ψυχῆς.

109 2219 225 2273 Καὶ
310 2220 495 2288 στέαρ
564 2221 761 2288 πυροῦ
791 2220 1134 2289 ,ἐμπιπλῶν
1188 2233 1282 2285 σε,
1354 2239 1409 2274 κ.
1469 2239 1521 2274 τ.
1583 2221 1628 2274 ὲ.

39 2311 274 2384 ’Ὅμοιον
305 2313 421 2384 (17)
449 2316 506 2367 ὲν
531 2313 876 2385 ὀγδοηκοστῷ
907 2313 1108 2377 οὕτως’
1144 2333 1162 2364 ‹
1217 2314 1328 2367 Καὶ
1357 2313 1632 2386 ἐψώμισεν

25 2403 244 2468 αὐτοὺς
292 2406 357 2457 ἐκ
391 2405 613 2467 στέατος
655 2404 851 2476 πυροῦ.
891 2425 912 2458 ›
954 2406 1013 2459 '0
1055 2405 1254 2469 κόκκος
1282 2405 1377 2458 τοῦ
1413 2406 1561 2459 σίτου
1604 2409 1632 2460 6

34 2498 239 2570 Σωτήρ
283 2497 434 2550 ἐστι·
471 2497 552 2550 διὸ
591 2498 682 2551 καὶ
728 2499 898 2571 πυρός
945 2500 1090 2552 ἐστιν
1133 2494 1193 2554 οὗ
1227 2499 1562 2571 ἐμπίπλησιν
1602 2499 1632 2552 6

31 2591 172 2655 Θεὸς
192 2589 298 2664 τὴν
329 2590 636 2662 Ἰερουσαλή
647 2610 704 2663 μ.

113 2681 178 2732 '0
204 2679 610 2734 ἀποστέλλων
638 2680 705 2732 τὸ
723 2681 934 2750 λόγιον
969 2681 1156 2734 αὑτοῦ
1181 2679 1256 2749 τῇ
1282 2679 1381 2750 γῇ,
1414 2699 1468 2735 κ.
1495 2699 1545 2734 τ.
1579 2683 1625 2733 ὲ.

23 2770 141 2840 Γῆν
189 2770 434 2824 ἐνταῦθα
473 2771 585 2839 (18)
626 2769 938 2841 ἀλληγορεῖ,
988 2771 1128 2840 τάχα
1179 2771 1278 2842 μὲν
1335 2772 1427 2824 καὶ
1481 2772 1630 2840 ἡμᾶς

16 2864 153 2926 τοὺς
206 2863 268 2916 ὲν
303 2862 645 2934 ὀστρακίνοις
688 2861 907 2914 σκεύεσι
949 2861 1041 2915 τὸν
1083 2861 1354 2934 θησαυρὸν
1398 2861 1626 2934 περιφέ-

22 2973 227 3026 ροντας
247 2971 261 2984 ⁸
293 2954 516 3024 ἄμεινον
542 2954 599 3007 δὲ
627 2953 718 3008 τὸν
753 2954 882 3009 Υἱον
909 2954 1002 3008 τοῦ
1029 2955 1165 3008 Θεοῦ
1189 2955 1505 3026 ἐκδέχεσθαι
1535 2956 1626 3010 τὸν

19 3047 79 3099 ὲν
109 3048 180 3117 τῇ
218 3046 410 3116 σαρκὶ,
445 3044 512 3114 ἣν
545 3046 793 3114 χωρῆσαι
828 3044 1060 3116 ἠθέλησε
1103 3045 1193 3098 τὸν
1227 3045 1478 3100 τοσοῦτον
1515 3046 1627 3102 Κύ-

19 3156 161 3212 ριον.

94 3229 213 3285 Τοῦ
249 3229 532 3297 διδόντος
569 3232 743 3299 χιόνα
780 3229 922 3284 ὡσεὶ
963 3229 1145 3299 ἔριον,
1173 3231 1437 3300 ὀμίχλην
1479 3229 1621 3284 ὡσεὶ

13 3324 268 3379 σποδὸν
317 3325 690 3390 πάσσοντος,
732 3342 787 3378 κ.
831 3341 883 3377 τ.
930 3325 976 3377 ὲ.
1019 3325 1222 3389 Διττῶς
1254 3324 1472 3394 λέγεται
1508 3325 1618 3395 (19)

13 3419 221 3473 διδόναι
253 3418 415 3484 Θεὸς,
447 3417 479 3489 ἢ
508 3418 807 3490 συγχωρῶν
832 3419 864 3489 ἢ
893 3418 1133 3490 ἐνεργῶν
1154 3436 1167 3449 ·
1195 3419 1271 3482 ὡς
1299 3421 1346 3472 εἰ
1375 3420 1467 3472 καὶ
1493 3418 1618 3490 περὶ

13 3512 101 3568 τοῦ
141 3512 306 3584 ἡλίου
342 3529 430 3575 τις
462 3511 667 3581 ἔλεγεν,
699 3513 781 3565 ὅτι
815 3513 976 3577 αὐτός
1019 3514 1168 3565 ἐστιν
1219 3513 1248 3564 6
1279 3511 1378 3583 τὴν
1408 3513 1618 3584 ἡμέραν

14 3605 184 3660 ποιῶν
232 3605 335 3658 καὶ
383 3603 482 3676 τὴν
531 3603 723 3669 νύκτα,
772 3606 887 3658 ἀλλ’
947 3605 1162 3676 ἡμέραν
1212 3604 1311 3675 μὲν
1364 3604 1615 3675 λάμπων,

15 3699 178 3753 έύκτα
212 3698 273 3770 δὲ
306 3696 638 3768 ὑποχωρῶν.
670 3697 828 3750 Κατὰ
859 3692 953 3750 οὖν
978 3696 1037 3750 τὸ
1076 3695 1328 3768 δεύτερον
1359 3697 1618 3768 σημαινό-

14 3810 165 3847 ιενον
196 3791 262 3844 τὸ
299 3789 515 3843 διδόναι
553 3789 645 3843 τὸν
680 3789 810 3843 Θεὸν
845 3788 1078 3842 ἐνταῦθα
1118 3789 1421 3860 νομιστέον,
1456 3790 1616 3861 εἴπερ

13 3883 376 3939 εποστέ).λων
417 3881 509 3934 τὸν
533 3879 690 3949 λόγον
717 3879 882 3932 αὐτοῦ
913 3881 1070 3952 τήκει
1103 3881 1261 3935 αὐτά.

69 3970 550 4039 Ἐξαποο-τελεῖ
595 3968 704 4023 τὸν
769 3971 956 4038 λόγον
1003 3969 1226 4032 αὑτοῦ,
1287 3970 1387 4023 καὶ
1447 3971 1614 4040 τήξει

13 4069 174 4134 ιὺτὰ,
208 4085 267 4120 κ.
303 4084 358 4119 τ.
398 4066 451 4130 ὲ,
484 4064 550 4116 Ἥ
586 4061 717 4134 χιὼν
755 4062 865 4132 (20)
892 4061 985 4116 καὶ
1015 4062 1044 4114 6
1076 4061 1431 4132 κρύσταλλος,
1460 4063 1552 4117 καὶ
1579 4066 1613 4135 ἡ

14 4159 205 4229 ιμίχλη
249 4157 356 4210 καὶ
405 4155 470 4207 τὸ
497 4153 667 4224 ψῦχος
700 4153 840 4206 κατὰ
883 4153 1139 4224 στέρησιν
1182 4151 1276 4206 τοῦ
1330 4153 1480 4224 ἡλίου
1515 4153 1614 4224 τῆς

14 4248 364 4320 ξικαιοσύνης
401 4245 788 4316 ἐπισυμϐαίνει
820 4247 887 4316 τῇ
921 4244 1080 4313 φύσει
1119 4247 1184 4316 τῇ
1223 4244 1436 4316 λογικῇ,
1470 4245 1613 4316 ειπερ

14 4344 188 4414 τηξεν
230 4346 263 4399 ὁ
297 4340 404 4396 τοῦ
454 4338 590 4392 Θεοῦ
610 4337 779 4407 Λόγος
810 4337 1167 4402 ἀποσταλείς·
1209 4356 1228 4389 ι
1268 4337 1388 4410 Πῦρ
1462 4334 1569 4406 γὰρ
1596 4375 1610 4403 ,

13 4455 61 4508 ςη
73 4436 193 4508 τὶν,
273 4429 458 4506 ἦλθον
489 4429 668 4500 βαλεῖν
695 4431 788 4484 ἐπὶ
812 4431 909 4502 τὴν
938 4432 1059 4502 γῆν.
1092 4450 1112 4482 ι

558 4697 850 4750 ΨΑΛΜΟΣ
887 4698 985 4751 ΡΜ
994 4697 1073 4753 H‘.

49 4799 306 4857 Αἰνεῖτε
363 4796 482 4849 τὸν
513 4791 730 4860 Κύριον
765 4790 833 4842 ἐκ
881 4787 1000 4842 τῶν
1037 4787 1327 4856 οὐρανῶν,
1355 4803 1410 4840 κ.
1451 4803 1503 4838 τ.
1551 4786 1598 4839 ἑ.

13 4887 148 4956 .ἶνός
195 4890 365 4942 ἐστιν
394 4883 509 4955 (21)
539 4883 706 4955 ὕμνος
739 4881 820 4947 εἰς
859 4878 989 4934 Θεὸν
1023 4879 1117 4932 ἐπὶ
1161 4881 1228 4951 τῇ
1262 4877 1466 4950 Θεωρία
1494 4876 1602 4931 τῶν

13 4985 326 5056 εγονότων.

41 5076 298 5134 Αἰνεῖτε
329 5070 771 5132 aute-nmium
801 5065 874 5120 τὰ
901 5060 1091 5133 ἄστρα
1131 5062 1228 5115 καὶ
1263 5061 1327 5115 τὸ
1358 5060 1504 5130 φῶς,
1542 5077 1596 5114 κ.

57 5173 110 5225 ὲ.
149 5169 234 5224 Τὸ
272 5166 405 5235 φῶς
433 5161 530 5217 νῦν
561 5157 905 5233 συμϐολικῶς
932 5157 1156 5228 λογικὴν
1206 5154 1368 5225 φύσιν
1403 5151 1603 5224 σημαί-

13 5283 46 5316 ει
66 5281 80 5294 ·
139 5281 158 5314 ι
213 5259 432 5330 Ὑμεῖς
497 5254 608 5324 γὰρ
639 5295 654 5320 ,
717 5252 880 5323 φησιν
911 5289 928 5316 ,
995 5249 1117 5302 ἐστὲ
1148 5247 1208 5301 τὸ
1235 5246 1349 5316 φῶς
1378 5244 1474 5298 τοῦ
1508 5245 1600 5298 κό-

13 5373 137 5408 λου.
181 5373 202 5404 ι

1737 1936 1874 1990 lines
1902 1933 2232 1992 Jerusalem.

1806 2027 2086 2098 Ejusdem.
2143 2029 2305 2087 Fines
2333 2030 2484 2104 pacis
2526 2033 2712 2090 dicunt
2765 2045 2884 2088 csse
2919 2032 3206 2098 affectuum
3252 2035 3307 2092 in

1736 2122 1915 2175 anima
1941 2124 2268 2180 vacuitatem

1803 2215 1936 2271 lam.
1967 2215 2034 2270 Et
2061 2219 2216 2289 adipe
2249 2219 2505 2289 frumenti
2531 2226 2689 2280 satiat
2714 2237 2763 2279 te
2788 2267 2803 2293 ,
2845 2234 2953 2280 etc.
3005 2223 3194 2279 Simile
3228 2232 3312 2278 est

1735 2307 1788 2360 in
1823 2307 2033 2377 psalmo
2085 2313 2416 2382 octogesimo
2465 2313 2607 2370 istud
2653 2316 2700 2346 ⁸ο
2732 2333 2745 2370 :
2783 2335 2802 2368 ο
2845 2316 2911 2371 Ει
2957 2316 3157 2371 cibavit
3192 2314 3313 2369 illos

1735 2403 1800 2456 de
1836 2402 1994 2472 adipe
2034 2402 2317 2460 frumenti.
2376 2427 2394 2461 ι
2446 2407 2688 2465 Granum
2744 2410 3002 2466 frumenti
3058 2409 3314 2464 Salvator

1734 2504 1857 2564 est;
1902 2507 2236 2566 quapropter
2262 2498 2430 2554 etiam
2479 2499 2816 2560 frumentum
2861 2510 2947 2556 est
2999 2515 3108 2570 quo
3165 2501 3310 2556 Deus

1733 2589 1896 2645 satiat
1931 2588 2255 2645 Jerusalem.

1800 2680 1967 2735 Vnus.
2001 2680 2087 2736 15.
2125 2681 2231 2745 Qui
2257 2683 2448 2736 emittit
2488 2683 2750 2755 eloquium
2783 2701 2936 2740 suum
2971 2694 3146 2750 terrm,
3198 2693 3306 2739 etc.

1730 2771 1844 2827 IIoc
1871 2772 1990 2828 loco
2027 2782 2226 2828 terram
2259 2774 2548 2846 allegorice
2584 2777 2770 2843 sumit,
2807 2791 3016 2846 nosque
3048 2775 3188 2831 forte
3215 2776 3304 2829 in-

1729 2864 1872 2920 dicat
1900 2866 1992 2936 qui
2023 2865 2076 2921 in
2110 2866 2272 2922 luteis
2302 2868 2449 2924 vasis
2478 2867 2795 2923 thesaurum
2844 2867 3305 2924 circumferimus.

1730 2956 1837 3014 Sed
1869 2957 1962 3013 Dei
1995 2959 2191 3014 Filium
2225 2960 2278 3014 in
2311 2975 2496 3029 carne,
2521 2975 2683 3030 quam
2713 2975 2907 3031 capere
2945 2969 3157 3015 tantum
3192 2959 3303 3013 Do-

1730 3051 1932 3112 minum
1961 3051 2150 3119 voluit,
2185 3061 2411 3123 praestat
2442 3053 2764 3122 intelligere.

1794 3235 1957 3291 Vens.
2000 3235 2086 3290 16.
2142 3236 2250 3306 Qui
2281 3238 2372 3293 dat
2423 3239 2589 3293 nivem
2620 3239 2755 3292 sicut
2816 3238 3015 3304 lanam,
3061 3235 3304 3292 nebulam

1724 3330 1862 3383 sicut
1911 3330 2136 3384 cinerem
2165 3333 2388 3402 spargit,
2429 3341 2538 3386 etc.
2597 3331 2894 3401 Dupliciter
2933 3331 3131 3386 dicitur
3175 3331 3305 3387 dare

1725 3422 1868 3475 Deus
1895 3422 1976 3476 vel
2010 3432 2280 3490 quatenus
2311 3423 2577 3492 permittit
2604 3463 2617 3486 ,
2661 3422 2743 3477 vel
2780 3433 3052 3492 quatenus
3081 3421 3247 3476 efﬁcit
3282 3439 3296 3474 :

1723 3515 1946 3584 perinde
1976 3531 2042 3570 ac
2077 3516 2122 3570 si
2157 3516 2224 3571 de
2260 3515 2375 3571 sole
2409 3515 2682 3587 quiSpiam
2711 3515 2938 3580 diceret,
2979 3515 3152 3585 ipsum
3180 3527 3302 3569 esse

1721 3608 1812 3677 qui
1845 3607 1988 3662 diem
2041 3607 2174 3664 facit
2218 3617 2274 3662 et
2325 3617 2566 3670 noctem,
2604 3608 2744 3663 diem
2777 3607 3022 3677 quidem,
3059 3621 3184 3662 cum
3217 3605 3302 3658 lu-

1719 3707 1843 3766 cet;
1875 3709 2088 3755 noctem
2125 3715 2255 3757 vero
2282 3715 2404 3756 cum
2439 3701 2608 3773 846
2639 3699 2864 3755 recedit.
2894 3698 3011 3754 Iloc
3042 3711 3172 3767 ergo
3207 3711 3297 3752 se-

1719 3791 1898 3846 cundo
1929 3805 2089 3846 sensu
2121 3792 2265 3846 Deus
2295 3791 2424 3847 dare
2472 3793 2578 3846 hoc
2622 3791 2742 3846 loco
2777 3790 3050 3860 putandus
3076 3797 3182 3856 est,
3219 3789 3298 3843 si-

1717 3881 1937 3950 quidem
1969 3882 2227 3936 emittens
2257 3882 2482 3937 verbum
2511 3895 2667 3936 suum
2701 3878 2962 3935 tabefacit
2992 3893 3078 3936 ea.

1788 3973 1952 4028 Vens.
1986 3973 2076 4028 18.
2115 3972 2329 4026 Emittet
2356 3973 2566 4028 verbum
2601 3987 2756 4026 suum
2785 3979 2836 4024 et
2879 3967 3180 4039 liquefacict
3212 3982 3295 4030 ea,

1716 4075 1824 4122 etc.
1854 4064 1980 4130 Nix,
2014 4065 2330 4135 crystallus,
2365 4063 2560 4119 nebula
2587 4071 2641 4118 et
2672 4061 2844 4133 frigus
2873 4061 3158 4116 recedente
3185 4059 3299 4114 sole

1710 4157 1935 4230 justitite
1967 4165 2217 4212 naturam
2269 4157 2479 4212 ratione
2511 4155 2792 4226 praeditam
2827 4162 3098 4223 occupant
3131 4170 3143 4205 :
3176 4166 3299 4220 quae

1715 4249 1932 4320 quidem
1965 4249 2224 4306 emissum
2257 4247 2352 4304 Dei
2391 4248 2631 4302 Verbum
2693 4245 2993 4302 labefecit:
3041 4261 3060 4295 ι
3112 4242 3295 4314 Ignem

1715 4343 1884 4407 enim,
1917 4341 2091 4413 inquit
2118 4342 2189 4410 ⁸¹,
2223 4339 2348 4396 veni
2376 4340 2593 4394 mittere
2622 4339 2673 4394 in
2705 4346 2929 4394 terram.
2987 4353 3007 4387 ι

1958 4746 1966 4753 _
2178 4683 2503 4740 PSALMUS
2552 4678 2824 4737 CXLVIII.

1784 4782 1949 4836 Vens.
1975 4779 2024 4832 1.
2053 4776 2290 4832 Laudate
2322 4774 2602 4828 Dominum
2622 4774 2684 4826 de
2715 4771 2880 4834 caeIis,
2913 4775 3022 4823 etc.
3039 4765 3183 4821 Laus
3211 4769 3296 4819 es!

1709 4873 1944 4944 hymnus
1977 4870 2031 4925 in
2070 4871 2236 4924 Deum
2291 4868 2362 4922 ob
2411 4879 2600 4922 eorum
2649 4877 2772 4919 una:
2821 4861 2965 4917 facta
2999 4868 3129 4915 sunt
3157 4872 3289 4912 con-

1713 4963 2144 5034 lemplalioncm.

1780 5055 1944 5111 Vens.
1977 5055 2032 5112 5.
2067 5054 2307 5108 Laudato
2355 5068 2514 5117 eum,
2562 5065 2740 5103 omnes
2777 5049 2942 5103 stettaz
2993 5053 3042 5099 et
3113 5057 3291 5106 nmen,

1710 5157 1818 5202 etc.
1854 5145 1970 5199 Lux
2002 5146 2104 5198 hoc
2133 5143 2254 5199 loco
2297 5143 2594 5214 symbolice
2625 5150 2877 5196 naturam
2915 5135 3123 5188 ratione
3154 5149 3289 5200 pra:-

1709 5241 1878 5296 ditam
1933 5239 2228 5310 signiﬁcat.
2277 5257 2294 5291 ι
2337 5238 2444 5294 Vos
2474 5237 2641 5302 enim,
2691 5232 2866 5301 inquit
2907 5229 2976 5294 δ’,
3025 5228 3157 5282 estis
3198 5225 3288 5281 lux

1709 5331 1918 5388 mundi.
1987 5351 2006 5384 ι

58 5473 112 5505 ⁵ο
147 5468 311 5525 Psal.
347 5478 528 5526 Lux,
583 5461 672 5514 17.
761 5461 804 5491 ἰ
838 5458 966 5513 Luc.
994 5473 1070 5511 χιι
1095 5497 1110 5521 ,
1146 5456 1237 5510 49.
1323 5457 1370 5487 ³¹
1397 5453 1593 5508 Matth.

1770 5449 1824 5505 4.

61 5568 158 5637 15)
186 5558 475 5637 Μοχλοί,
505 5553 692 5637 οἶμαι,
709 5564 813 5637 εις.
844 5555 1044 5637 Culter-1a
1071 5551 1338 5637 .Cor‘derlii.

188 5619 588 5706 Μοξᾴοῖμὲξ·
619 5625 748 5693 τῆς,
769 5636 873 5706 θέο.
907 5622 1363 5706 Scltedzecrahii.

39 5693 166 5778 (15)
202 5693 980 5778 Τίίδριαζτῆς,νοιελϐξιιιῖηο
996 5693 1272 5778 έῖοςιίιετὶἰ.

37 5763 164 5847 ξ16)
202 5763 394 5842 "Ope—c4
423 5763 708 5847 τῆς-,γειὲ
744 5764 966 5847 Schettl‘a:
993 5763 1197 5847 Grahii.

28 5834 160 5921 (Π)
195 5834 500 5914 "aleator,
529 5846 632 5895 etc.
664 5836 866 5893 Catena
889 5834 1151 5900 (lorder‘ti.

1773 5545 1885 5613 (l8)
1916 5542 2046 5612 Γῆν
2063 5539 2343 5613 ἐνταῦθα,
2371 5545 2472 5593 etc;
2511 5535 2747 5613 Eadem._
2830 5603 2862 5613 _
2935 5603 2984 5613 Η

1770 5603 1882 5686 (19)
1917 5603 2128 5686 Atinia;
2156 5603 2410 5686 λέγετιξ,
2440 5619 2545 5686 e_lc.
2575 5604 2800 5661 Scheda:
2825 5603 3030 5659 Grabii.
3079 5672 3081 5674 η

1772 5679 1886 5753 (‘20)
1927 5685 1998 5753 Ἡ
2016 5682 2179 5753 χιών,
2219 5679 2325 5736 etc.
2351 5679 2588 5753 Easdem.

1916 5743 2094 5839 Aria;
2127 5743 2317 5839 εστιν,
2348 5760 2480 5839 etc.
2509 5747 2704 5839 Omnia
2746 5750 2798 5806 in
2838 5751 2979 5839 hunc
3015 5743 3277 5818 psalmum

1705 5820 1909 5884 scholia
1937 5842 1967 5883 e
1996 5826 2210 5884 schedis
2235 5820 2422 5878 Grabii
2451 5821 2730 5888 desumpta
2755 5830 2903 5878 sunt.
