3800 6494
100 365 209 423 illisi

1078 359 1384 418 SELECTA
1421 360 1489 415 IN
1526 361 1862 418 PSALMOS.
1897 393 1970 408 —
1998 362 2196 418 PSAL.
2238 360 2344 417 CL.

3165 360 3299 419 168?.

95 482 197 552 ὕψις
221 477 299 532 τοῦ
326 477 615 549 προσώπου
646 477 812 532 αὑτοῦ
835 496 846 508 ·
875 479 967 531 καὶ
995 479 1122 550 περ).
1146 474 1213 550 ἧς
1239 495 1402 550 φησιν
1424 481 1452 532 ό
1482 477 1598 532 Παῦ

1733 477 1832 534 lem
1879 479 2086 550 Moyses
2138 479 2349 544 habuit,
2397 475 2614 548 quando
2662 476 2958 549 gloriﬁcata
2992 484 3073 530 est
3128 477 3297 533 facies

99 575 194 634 λος
229 588 244 620 ι
286 571 465 639 Ἡμεῖς
497 569 553 622 δὲ
587 569 784 634 πάντες
818 571 1324 642 ἀνακεκαλυμμένῳ
1351 570 1602 642 προσώπιι

1733 569 1902 622 vultus
1930 570 2074 638 eius;
2103 578 2156 624 et
2177 571 2244 623 de
2269 585 2370 639 qua
2408 571 2610 626 Paulus
2645 570 2783 624 ait”
2807 589 2818 625 :
2845 588 2863 620 ι
2897 567 3005 623 Nos
3021 583 3152 624 vero
3178 583 3298 622 om-

94 665 174 735 τὴν
212 661 344 726 δόξαν
386 663 596 732 Κυρίου
635 663 1158 734 κατοπτριζόμενοι,
1208 664 1307 735 τὴν
1341 663 1506 734 αὐτὴν
1542 665 1619 716 εί-

95 757 201 810 ριόνα
221 757 700 829 μεταμορφούμεθα
726 757 835 812 ἀπὸ
865 756 1025 827 δόξης
1056 760 1134 821 εἱς
1157 757 1333 821 δόξαν.
1375 777 1394 808 ι

145 939 239 994 Kal
270 940 733 1010 deJtdo'owai
764 941 862 994 ἐπὶ
896 940 1014 996 τῶν
1045 941 1260 996 κοιτῶνι⁹
1307 941 1525 1008 αὐτῶν,
1562 959 1616 996 κ.

81 1051 120 1088 τ.
149 1034 188 1086 ἐ.
226 1033 649 1101 Ἀγαλλιάσονται
681 1034 790 1104 ('28)
831 1036 922 1088 ἐπὶ
946 1034 1054 1087 τῶν
1086 1033 1280 1088 κοιτῶν
1309 1033 1508 1099 αὐτῶν,
1538 1028 1620 1099 οἷς

81 1145 96 1178 ι
129 1126 157 1194 ἡ
199 1123 284 1188 νὺξ
319 1125 642 1196 προέκοψεν,
688 1125 804 1197 ἡδὲ
838 1125 1020 1196 ἡμέρα
1061 1126 1321 1197 ηγγικεν·
1367 1145 1384 1177 ι
1429 1125 1490 1183 οἳ,
1526 1126 1618 1179 καὶ

68 1219 136 1283 ὡς
163 1221 215 1271 ἐν
234 1218 404 1290 ἡμέρᾳ
429 1219 781 1290 εὐσχημόνως
813 1218 1224 1288 περιπατοῦσιν,
1262 1237 1280 1271 ι
1318 1218 1378 1272 οὐ
1412 1217 1618 1290 κώμοις

70 1313 149 1366 καὶ
181 1311 377 1382 μέθαις,
413 1312 474 1365 οὐ
504 1312 709 1374 κοίταις
741 1311 834 1364 καὶ
867 1311 1194 1381 ἀσελγείαις.
1239 1329 1259 1364 s

126 1499 189 1550 Al
229 1495 489 1566 ὑψώσεις
551 1495 655 1550 τοῦ
693 1495 839 1550 Θεοῦ
884 1497 954 1549 ἐν
990 1496 1070 1562 τῷ
1110 1493 1364 1566 λάρυγτι
1395 1492 1611 1558 αὐτῶν,

57 1610 104 1645 κ.
135 1609 181 1642 τ.
207 1592 248 1642 ἐ.
276 1585 366 1642 Ὧν
391 1590 451 1642 οὐ
484 1591 650 1661 τάφος
677 1591 788 1661 (29)
820 1589 1164 1660 ἀνεῳγμένος
1187 1589 1215 1641 ὁ
1239 1586 1464 1659 λάρυγξ,
1493 1588 1616 1641 τού-

51 1703 151 1737 των
185 1682 410 1752 ὑψώσεις
454 1684 587 1737 Θεοῦ
621 1685 678 1736 ἐν
725 1682 802 1755 τῷ
834 1683 1068 1754 λάρυγγι
1112 1680 1312 1745 αὐτῶν,
1344 1683 1437 1736 καὶ
1483 1684 1615 1753 ῥομ-

1725 677 1820 716 nes
1870 662 2108 715 revelata
2163 663 2300 719 facie
2327 664 2552 735 gloriam
2582 663 2794 720 Domini
2837 660 3205 731 speculantes,
3237 659 3290 715 in

1723 754 1981 807 eamdem
2037 755 2326 826 imaginem
2376 759 2830 812 transformamur
2871 772 2901 810 a
2937 753 3188 811 claritate
3238 752 3292 807 in

1723 846 2051 902 claritatem.
2096 866 2116 900 ι

1792 939 1952 994 Vens.
1982 940 2034 995 5.
2065 939 2133 994 Et
2169 941 2490 996 laztabuntur
2511 943 2562 996 in
2585 942 2841 997 cubilibus
2870 944 3006 1009 suis,
3037 952 3144 999 etc.
3176 942 3298 998 La:-

1724 1032 1982 1087 tabuntur
2012 1031 2066 1086 in
2104 1031 2377 1087 cubilibus
2405 1034 2518 1089 suis
2550 1035 2796 1104 iiquibus
2815 1053 2832 1086 ι
2860 1049 2960 1088 nox
2988 1037 3293 1105 pracessit,

1721 1119 1837 1174 dies
1878 1127 2058 1174 autem
2094 1122 2547 1190 appropinquavit
2571 1124 2617 1154 5“
2651 1141 2663 1175 :
2711 1142 2730 1176 ι
2759 1124 2846 1191 qui
2884 1125 3049 1178 etiam
3105 1143 3124 1176 ι
3163 1135 3284 1182 tan-

1720 1225 1885 1280 qnam
1921 1211 1973 1264 in
1998 1211 2083 1266 die
2127 1211 2356 1266 honeste
2389 1212 2690 1281 ambulant,
2721 1230 2827 1268 non
2875 1215 2927 1269 in
2960 1231 3294 1272 commessa-

1722 1303 1958 1359 tionibus
1983 1312 2040 1359 et
2082 1303 2458 1372 ebrietatibus,
2493 1319 2600 1360 non
2637 1305 2690 1360 in
2729 1305 2998 1363 cubilibus
3025 1317 3078 1363 et
3113 1308 3290 1380 impu-

1717 1395 1940 1451 dicitiis.
1982 1414 2002 1449 ι

1790 1486 1951 1542 Vens.
1984 1487 2037 1542 6.
2076 1487 2447 1543 Exaltationes
2484 1487 2583 1544 Dei
2618 1489 2672 1543 in
2693 1499 2907 1560 gutture
2947 1508 3151 1560 eorum,
3180 1503 3287 1548 etc.

1720 1580 1962 1647 Quorum
1994 1589 2183 1650 guttur
2217 1596 2323 1635 non
2367 1590 2452 1636 est
2486 1582 2794 1652 sepulcrum
2824 1592 3019 1653 patens
3045 1624 3060 1650 ,
3093 1585 3288 1641 horum

1717 1673 2076 1730 exaltationes
2120 1675 2213 1730 Dei
2255 1685 2383 1730 sunt
2416 1675 2469 1730 in
2507 1685 2725 1745 gutture
2771 1691 2960 1732 eorum
2997 1695 3010 1732 :
3042 1687 3095 1734 et
3125 1679 3294 1748 gladii.

54 1777 198 1844 φαῖαι
234 1774 466 1844 δίστομοι
515 1778 573 1828 ὲν
624 1776 744 1838 ταῖς
793 1775 980 1846 χερσὶν
1023 1773 1202 1826 αὐτῶν
1240 1772 1349 1826 τῶν
1381 1773 1602 1843 ἑτοίμως

1733 1767 1982 1837 incipites
2013 1770 2065 1821 in
2092 1768 2341 1824 manibus
2367 1783 2554 1824 eorum
2582 1770 2673 1841 qui
2701 1771 2937 1842 prompti
2962 1780 3088 1828 sunt
3116 1774 3184 1826 ad
3210 1772 3290 1826 ul-

49 1865 270 1934 ἐχόντων
297 1864 528 1918 ἐκδικεῖν
561 1868 740 1919 πᾶσαν
791 1866 1094 1939 παρακοὴν,
1153 1865 1246 1918 καὶ
1297 1863 1602 1936 καθαιρούν-

1733 1861 2029 1915 :iscendam
2059 1874 2271 1917 omnem
2317 1863 2828 1931 pravaricationem
2857 1905 2872 1930 ,
2917 1874 2972 1919 et
3001 1865 3290 1920 destruunt

45 1973 146 2008 των
184 1957 287 2009 πᾶν
326 1956 526 2028 ὕψωμα
553 1958 916 2029 ἐπαιρόμενον
945 1957 1087 2011 κατά
1121 1958 1220 2028 τῆς
1247 1955 1501 2026 γνώσεως
1520 1953 1614 2008 τοῦ

40 2048 192 2102 Θεοῦ.

106 2142 213 2193 Καὶ
243 2140 525 2210 ρομφαῖαι
560 2141 833 2210 δίστομοι
873 2140 944 2193 ἐν
975 2139 1105 2205 ταῖς
1139 2139 1355 2208 χερσὶν
1391 2136 1609 2202 αὐτῶν,

33 2251 83 2286 κ.
115 2251 162 2286 τ.
198 2233 244 2287 ὲ.
287 2233 574 2304 Ῥομφαῖαί
607 2234 716 2302 (50)
749 2235 853 2285 εἱσι
895 2230 1233 2300 διαλογισμοὶ
1265 2229 1358 2282 καὶ
1389 2227 1614 2300 πράξεις

30 2326 203 2396 ψυχῆς
231 2327 293 2378 ἐκ
319 2325 515 2388 κακίας
547 2325 641 2378 καὶ
678 2324 972 2392 ἀγνωσίας.

103 2418 214 2472 Τοῦ
243 2417 451 2470 αὐτοῦ.
502 2416 774 2487 Ῥομφαία
815 2417 930 2468 ἐστὶ
961 2416 1071 2486 (51)
1098 2414 1220 2479 νοῦς
1267 2414 1480 2483 λογικὸς
1521 2414 1612 2465 ἐκ·

27 2511 242 2562 κόπτων
267 2507 449 2578 ψυχὴν
479 2507 587 2560 ἀπὸ
609 2507 806 2571 κακίας
833 2508 925 2561 καὶ
959 2506 1252 2574 ἀγνωσίας.

100 2602 214 2654 Τοῦ
269 2598 521 2668 ποιῆσαι
557 2598 874 2668 ἐκδίκησιν
909 2601 979 2651 ἐν
1014 2597 1140 2663 τοῖς
1167 2597 1428 2658 ἔθνεσιν,
1477 2595 1610 2647 ἑλε-·

29 2694 210 2761 γ’μοὺς
248 2695 322 2747 ἐν
351 2694 465 2759 τοῖς
497 2692 690 2758 λαοῖς,
724 2709 778 2744 κ.
809 2709 858 2744 τ.
895 2693 941 2744 ὲ.
975 2710 994 2741 ‹
1035 2691 1346 2758 Ἐκδίκησιν
1377 2689 1472 2758 μὲν
1499 2687 1609 2755 (52)

29 2791 76 2836 εν
104 2787 222 2847 τοῖς
248 2783 480 2845 ἔθνεσιν,
525 2801 542 2834 ι
588 2783 645 2833 ὲν
678 2783 790 2844 τοῖς
819 2779 1145 2849 ἑτεροδόξοις
1166 2795 1177 2807 ·
1211 2797 1228 2828 ‹
1262 2778 1525 2847 ἐλεγμους
1553 2774 1608 2826 δὲ

30 2895 74 2930 εν
97 2879 213 2940 τοῖς
247 2874 420 2938 λαοῖς,
460 2893 478 2926 ι
516 2875 629 2936 τοῖς
658 2873 1049 2944 ἁμαρτάνουσι,
1083 2869 1224 2924 κατά
1254 2871 1342 2924 τὸν
1378 2870 1490 2940 βίον
1524 2887 1609 2924 νο-

29 2967 340 3037 ιιζομένοις
365 2965 860 3036 ὲκκλησιαστικοῖς.

86 3058 202 3112 Τοῦ
234 3057 426 3125 δῆσαι
451 3057 592 3123 τοὺς
618 3055 901 3122 ,ϐασιλεῖς
929 3055 1128 3110 αὐτῶν
1155 3057 1225 3109 ἐν
1249 3055 1479 3123 πέδαις,
1508 3055 1606 3110 καὶ

28 3152 153 3218 ὀὺς
185 3149 488 3216 ἐνδόξους
525 3149 724 3204 αὐτῶν
767 3149 837 3202 ἐν
889 3147 1264 3216 χειροπέδαις
1307 3147 1603 3216 σιδηραῖς,

29 3262 56 3297 :.
93 3205 147 3297 τί
187 3244 238 3296 ἐ.
291 3205 740 3313 Ὀισυμϐιὸάζων
767 3205 1259 3312 (55)’διδάσκάλους
1287 3205 1607 3311 ἑτεροδόξων
1633 3205 1676 3264 C

22 3337 92 3389 :al
131 3335 267 3397 τοὺς
300 3336 362 3387 ὲν
402 3334 630 3398 ἐκείνοις
661 3333 954 3398 δοκοῦντας
985 3331 1071 3386 διὰ
1104 3331 1462 3402 νομιζομένην
1485 3333 1605 3385 ἱκα-

24 3427 204 3498 ότητα
231 3424 514 3490 ἐνδόξους,
533 3425 704 3480 δεῖται
733 3425 972 3496 βασιλεῖς
996 3425 1173 3478 αὐτῶν
1196 3427 1253 3477 ὲν
1283 3423 1490 3487 πέδαις,
1522 3423 1608 3476 ἵνα

18 3520 68 3592 il;
117 3518 486 3590 προϐαίνουσι
533 3517 613 3589 τῷ
659 3517 802 3590 λόγῳ
845 3517 1046 3581 αὐτῶν,
1083 3518 1332 3580 καὶτοὺς
1367 3514 1609 3580 ἐνδόξους

18 3612 177 3665 ,ὐτῶν
222 3612 288 3664 ὲν
319 3610 677 3682 χειροπεδαις
717 3610 982 3682 σιδηραῖς,
1019 3611 1105 3663 ἵνα
1134 3609 1330 3680 μηκέτι
1363 3606 1608 3681 κρατῶσι

21 3705 80 3758 δν
114 3703 296 3758 πάλαι
325 3701 424 3756 διὰ
450 3703 511 3756 τὸ
535 3701 941 3774 εὑεξαπάτητον
969 3701 1356 3774 κρατούμενον.

58 3889 186 3945 Τοῦ
223 3888 454 3943 αὐτοῦ.
496 3888 702 3959 Δεσμός
734 3890 849 3941 ἐστι
891 3888 1002 3960 (54)
1029 3887 1218 3960 νοητὸς
1251 3885 1492 3941 ἀπάθεια
1518 3885 1606 3939 λο-

10 3985 144 4055 ικῆς
177 3982 384 4053 ψυχῆς
406 3998 419 4010 ·
447 3979 482 4050 ἢ
525 3979 687 4050 φόϐος
708 3981 914 4052 Κυρίου
946 3979 1208 4034 ἐκκλίνων
1238 3979 1346 4032 ἀπὸ
1373 3977 1571 4040 κακίας
1589 3995 1604 4008 ·

30 4072 394 4129 διδασκαλία.
448 4073 793 4143 πνευματικὴ
836 4072 911 4143 μὴ
957 4071 1316 4144 συγχωροῦσα
1346 4071 1438 4124 τὸν
1484 4069 1608 4124 νοῦν

3 4171 58 4222 πὶ
89 4168 202 4240 τὴν
244 4167 477 4220 κακίαν
504 4165 738 4218 ὁδεύειν⁸
773 4164 805 4235 ἢ
839 4164 1025 4236 ἀγάπη
1062 4163 1407 4234 πνευματικὴ
1444 4162 1608 4234 μηδὲν

5 4259 330 4331 ροτιμῶσα
369 4257 483 4326 τῆς
512 4252 766 4323 γνώσεως
792 4253 884 4306 τοῦ
915 4251 1071 4306 Θεοῦ.

33 4351 160 4405 Τοῦ
193 4346 578 4417 ποιήσαιεν
597 4345 802 4412 αὐτοῖς
825 4345 1002 4416 κρῖμα
1025 4344 1377 4414 ἐγγραπτον,
1404 4360 1458 4395 κ.
1479 4359 1530 4395 τ.
1557 4341 1604 4396 ἐ.

2 4441 236 4497 οιοῦσιν
272 4441 330 4494 οἱ
374 4439 531 4493 ὅσιοι
575 4437 685 4508 (55)
721 4440 897 4509 κρῖμα
931 4436 1205 4508 ἔγγραφον
1247 4437 1341 4489 καὶ
1387 4434 1608 4505 γραφῆς

0 4538 46 4606 ις
86 4536 154 4588 ἐν
205 4531 527 4601 πνεύματι
567 4527 716 4592 ἀξιον
758 4530 815 4581 ἐν
847 4530 962 4591 τοῖς
1004 4527 1420 4599 προειρημένοις
1454 4525 1603 4596 βασι·
1636 4551 1682 4606 D

8 4627 111 4680 ῦσι
145 4626 261 4680 καὶ
297 4619 560 4686 ἐνδόξοις
579 4636 592 4649 ⁸
629 4620 724 4674 καὶ
770 4620 946 4673 πάντα
978 4619 1047 4673 τὰ
1079 4619 1448 4691 προειρημένα
1476 4616 1603 4684 δόξα

5 4719 66 4774 τὶ
114 4720 279 4773 πᾶσι
325 4718 462 4778 τοῖς
493 4715 661 4777 ὁσίοις
694 4712 792 4766 τοῦ
835 4710 992 4777 Θεοῦ,
1039 4711 1115 4775 ὡς
1154 4711 1246 4766 τὸν
1298 4710 1372 4784 μὴ
1412 4710 1602 4780 ἔχοντα

0 4813 131 4867 ιῦτα
171 4811 262 4883 μὴ
303 4807 474 4863 εἶναι
508 4807 654 4860 ὅσιον
691 4805 847 4861 Θεοῦ.

591 4989 884 5042 ΨΑΛΜΟΣ
922 4989 1046 5040 PN'.

0 5089 284 5146 Αἰνεῖτε
313 5086 449 5141 τὸν
484 5080 638 5137 Θεὸν
667 5083 737 5136 ἐν
765 5081 888 5148 τοῖς
919 5082 1108 5150 ἁγίοις
1131 5079 1337 5145 αὐτοῦ,
1379 5097 1428 5132 κ.
1465 5097 1515 5135 τ.
1555 5082 1601 5133 ἐ.

0 5185 166 5256 ςδεὶς
224 5177 512 5248 ἐξελθὼν
559 5177 670 5246 (56)
719 5175 787 5230 τά
836 5175 966 5243 ἅγια
1016 5173 1236 5227 αἰνείτω
1281 5173 1373 5227 τὸν
1433 5172 1600 5227 Θεόν⁸

0 5278 139 5341 Πῶς
201 5295 226 5329 ι
276 5273 414 5344 γὰρ
475 5289 495 5320 ι
535 5269 756 5341 ᾇσωμεν
797 5270 894 5341 τὴν
927 5267 1070 5341 ᾠδὴν
1117 5267 1325 5340 Κυρίου
1371 5268 1462 5320 ἐπὶ
1503 5267 1608 5338 γῆς

0 5370 260 5440 λοτρίας
285 5383 303 5432 ;
352 5387 373 5418 ι
423 5360 718 5434 ’Λλλοτρέα
741 5362 796 5415 δὲ
825 5362 895 5433 γῆ
927 5361 995 5416 τὰ
1021 5360 1095 5433 μὴ
1120 5359 1272 5429 ἅγια.
1306 5361 1376 5412 Ἢ
1401 5359 1522 5411 ἐπεὶ
1545 5359 1604 5412 οὐ

0 5463 50 5495 ⁵⁵
107 5461 160 5515 ΙΙ
200 5458 360 5514 Cor.
395 5469 506 5516 ιιι,
543 5452 629 5508 18.
708 5452 753 5483 ⁵⁸
784 5453 938 5506 llom.
969 5469 1088 5518 ιιιι,
1121 5452 1334 5518 1%,13.
1409 5452 1452 5482 ⁸⁷
1485 5450 1523 5504 ll
1556 5450 1602 5506 Ci

1733 5465 1748 5504 t
1777 5449 1849 5516 ,5.

0 5558 120 5624 '28)
159 5546 768 5625 ξΑταλλιιξσονται,
800 5558 900 5625 etc.
939 5549 1139 5625 Catena
1172 5549 1444 5606 Corderii.

0 5617 123 5695 29')
153 5617 294 5680 ταῶ-
335 5624 427 5676 οὺ
454 5617 679 5695 ζιῆφος,
704 5630 810 5673 etc.
846 5619 1068 5695 Eiidem.

0 5689 114 5758 5m
158 5689 714 5765 Ῥομφαῖξαίλεὶσι,
741 5700 845 5743 etc.
868 5689 1103 5765 _Sclietlaa
1128 5690 1340 5747 Grabii.

1 5770 114 5839 3i)
162 5760 534 5839 Ῥόμξραία
549 5760 701 5839 sccl,
731 5769 836 5814 etc.
867 5761 1099 5839 Euidem.

0 5831 112 5914 73-2}
155 5831 586 5902 Ἐκδίκησιν
609 5831 748 5902 μέν,
779 5842 890 5887 etc.
913 5832 1114 5887 Catena
1147 5833 1414 5888 Corderii.

1723 1971 1742 2004 ι
1818 1967 2033 2008 omnem
2094 1953 2437 2010 altitudinem
2508 1956 2857 2011 extollentem
2920 1970 2978 2011 se
3031 1957 3290 2012 adversus

1716 2044 1998 2099 scientiam
2032 2045 2123 2100 Dei
2149 2047 2216 2098 ⁵⁷.
2262 2065 2279 2100 ι

1785 2137 1916 2191 lam.
1946 2135 2014 2190 Et
2043 2136 2216 2208 gladii
2250 2141 2508 2208 ancipites
2547 2140 2602 2194 in
2644 2142 2882 2196 manibus
2938 2157 3142 2204 eorum,
3176 2150 3288 2196 etc.

1714 2229 1886 2286 Gladii
1923 2239 2050 2285 sunt
2079 2231 2367 2287 ratiocinia
2399 2241 2454 2287 ct
2479 2233 2724 2290 actiones
2757 2233 2951 2288 animm
2983 2249 3050 2288 ex
3080 2231 3286 2288 malitia

1714 2331 1768 2376 et
1801 2324 2124 2392 ignorantia.

1801 2413 2076 2484 Ejusdem.
2106 2415 2332 2473 Gladius
2360 2428 2445 2473 est
2474 2433 2628 2473 mens
2657 2416 2995 2474 rationabilis
3023 2432 3143 2486 qnte
3167 2416 3290 2471 ani-

1716 2522 1857 2561 mani
1889 2521 1920 2562 a
1952 2508 2154 2562 malitia
2181 2519 2236 2561 et
2275 2508 2582 2578 ignorantia
2630 2507 2924 2563 exscindit.

1804 2598 1962 2654 Vens.
1995 2600 2049 2652 7.
2084 2600 2166 2652 Ad
2191 2600 2492 2668 [acicndam
2538 2601 2822 2656 vindictam
2870 2602 2927 2656 in
2956 2602 3284 2663 nationibus,

1713 2692 2092 2759 increpationes
2127 2692 2182 2744 in
2213 2694 2444 2762 populis,
2473 2701 2579 2748 etc.
2615 2692 2953 2749 «Vindictam
2983 2694 3198 2764 quidem
3229 2695 3280 2747 in

1712 2781 2045 2847 nationibus,
2089 2800 2111 2834 ι
2167 2783 2219 2837 in
2252 2782 2602 2840 heterodoxis
2630 2785 2920 2854 videlicet;
2956 2804 2977 2838 ι
3029 2788 3280 2855 increpa-

1715 2872 1890 2925 tiones
1922 2886 2052 2927 vero
2098 2871 2152 2925 in
2183 2873 2400 2942 populis
2430 2913 2446 2937 ,
2502 2893 2522 2926 ι
2574 2874 2830 2930 nimirum
2862 2876 3239 2947 peccatoribus
3269 2917 3292 2941 ,.

1711 2965 1802 3035 qui
1829 2982 1897 3020 ex
1929 2966 2042 3020 vita
2068 2976 2326 3035 putantur
2350 2968 2732 3024 ecclesiastici.

1791 3056 1962 3129 848
2005 3055 2167 3112 Vens.
2219 3057 2274 3114 8.
2332 3055 2749 3129 Ad‘alligandos
2806 3077 2950 3132 reges
2996 3076 3176 3114 eorum
3225 3061 3283 3114 in

1709 3151 2084 3218 compedibus,
2130 3162 2177 3206 et
2226 3151 2426 3206 nobiles
2471 3168 2652 3206 eorum
2700 3153 2756 3208 in
2807 3153 3028 3208 manicis
3058 3153 3284 3222 ferreis,

1709 3253 1817 3300 etc.
1853 3244 1954 3313 Qui
2003 3245 2458 3301 heterodoxorum
2505 3245 2758 3301 doctores
2788 3245 3065 3312 conciliat,
3109 3254 3164 3302 et
3191 3261 3285 3302 eos

1709 3337 1800 3407 qui
1831 3340 1900 3392 ob
1927 3351 2045 3392 eam
2078 3353 2238 3408 quam
2273 3338 2474 3394 habere
2516 3347 2778 3408 putantur
2803 3339 3052 3410 peritiam
3082 3379 3099 3405 ,
3146 3339 3286 3394 inter

1710 3427 1830 3484 illos
1871 3428 2124 3483 videntur
2173 3427 2386 3483 nobiles
2412 3467 2426 3492 ,
2466 3429 2512 3484 is
2561 3429 2750 3501 alligat
2788 3445 2944 3502 reges
2980 3447 3170 3487 eorum
3225 3431 3283 3485 in

1708 3518 2068 3590 compedibus
2111 3532 2178 3573 ne
2207 3533 2466 3574 sermone
2505 3533 2609 3574 suo
2634 3520 2946 3590 protlciant,
2977 3529 3033 3577 et
3076 3523 3289 3578 nobiles

1709 3625 1904 3664 eorum
1957 3609 2010 3663 in
2062 3608 2295 3664 manicis
2344 3610 2582 3676 ferreis,
2631 3625 2698 3666 ne
2748 3613 2978 3682 amplius
3009 3612 3286 3668 detineant

1707 3715 1831 3755 eum
1871 3701 1962 3771 qui
2015 3702 2167 3768 olim,
2210 3702 2358 3774 quod
2389 3704 2618 3775 deccptu
2671 3702 2848 3760 facilis
2891 3713 3077 3770 esset,
3110 3703 3288 3759 fuerat

1709 3803 2019 3864 superatus.

1793 3886 2066 3958 Ejusdem.
2087 3888 2374 3945 Vinculum
2423 3889 2761 3961 intelligibile
2809 3898 2892 3946 est
2947 3889 3286 3945 rationabilis

1708 3979 1906 4035 animae
1938 3981 2008 4036 ab
2052 3981 2341 4038 all'ectibus
2387 3984 2735 4049 immunitas;
2767 3984 2852 4039 vel
2885 3984 3047 4038 timor
3070 3983 3283 4038 Domini

1709 4069 1991 4126 declinans
2021 4087 2050 4126 a
2075 4071 2252 4139 malo;
2292 4073 2377 4128 vel
2404 4073 2653 4128 doctrina
2684 4073 2967 4144 spiritalis,
2993 4089 3112 4144 qua:
3136 4087 3285 4127 men-

1714 4169 1819 4214 tem
1875 4176 1980 4217 non
2035 4163 2166 4218 sinit
2217 4166 2282 4221 ad
2331 4165 2592 4220 malitiam
2638 4167 2880 4236 gradiri;
2933 4166 3020 4221 vel
3064 4165 3291 4222 dilectio

1709 4252 1973 4324 epiritalis
1997 4272 2117 4326 qua:
2148 4258 2387 4313 scientiae
2417 4259 2508 4312 Dei
2546 4257 2681 4314 nihil
2711 4259 3018 4328 anteponit.

1782 4343 1948 4401 Vens.
1981 4348 2034 4404 9.
2066 4347 2133 4403 Ut
2167 4349 2366 4418 faciant
2404 4352 2458 4404 in
2483 4353 2559 4408 eis
2593 4354 2865 4424 judicium
2904 4351 3281 4421 conscriplum,

1709 4445 1815 4490 etc.
1851 4437 2123 4494 Judicium
2168 4442 2541 4511 conscriptum
2569 4481 2586 4508 ,
2637 4451 2692 4498 et
2737 4443 3008 4512 scriptura
3059 4458 3177 4513 qua:
3226 4442 3284 4496 in

1709 4527 1902 4596 spiritu
1930 4539 2014 4584 est
2044 4530 2264 4601 dignum
2296 4532 2504 4589 faciunt
2549 4533 2723 4590 sancti
2754 4536 2806 4589 in
2837 4533 3110 4604 praedictis
3144 4531 3287 4602 regi-

1710 4618 1808 4674 bus
1864 4629 1918 4676 et
1969 4622 2365 4682 nobilibuszet
2416 4628 2596 4684 omnia
2642 4626 2901 4696 praedicta
2940 4625 3110 4695 gloria
3161 4634 3288 4679 sunt

1709 4713 1962 4768 omnibus
1993 4717 2200 4772 sanctis
2233 4719 2349 4784 Dei,
2391 4719 2465 4774 ita
2506 4727 2566 4773 ut
2598 4719 2646 4774 is
2688 4718 2781 4789 qui
2809 4719 2923 4774 hzec
2953 4732 3059 4772 non
3095 4717 3285 4781 habet,

1713 4818 1819 4858 non
1853 4805 1924 4860 sit
1950 4819 2174 4864 sanctus
2207 4810 2321 4865 Dei.

2279 4990 2599 5046 PSALMUS
2629 4989 2734 5043 CL.

1779 5079 1943 5136 Vens.
1970 5082 2021 5136 l.
2051 5080 2290 5138 Laudate
2319 5082 2492 5137 Deum
2524 5083 2577 5136 in
2601 5085 2796 5138 sanctis
2822 5079 2958 5149 ejus,
2977 5087 3083 5133 etc.
3118 5073 3285 5142 Nemo

1708 5187 1740 5229 e
1767 5175 1976 5230 sanctis
2001 5187 2256 5247 egressus
2287 5175 2471 5230 laudet
2503 5174 2675 5230 Deum
2711 5189 2726 5228 :
2763 5191 2780 5224 ι
2817 5170 3098 5238 Quomodo
3140 5167 3283 5223 enim

1710 5267 2049 5323 cantabimus
2079 5268 2354 5323 canticum
2390 5267 2602 5332 Domini
2650 5266 2704 5321 in
2738 5273 2886 5319 terra
2920 5262 3096 5317 aliena
3127 5259 3217 5314 '3?
3261 5277 3278 5309 ι

1708 5357 1898 5412 Aliena
1938 5367 2116 5414 autem
2163 5368 2306 5415 terra
2351 5367 2436 5415 est
2465 5375 2592 5431 quae
2641 5373 2745 5412 non
2778 5365 2986 5411 sancta.
3030 5353 3124 5409 Vel
3155 5351 3282 5422 quia

1938 5451 1986 5484 ⁸⁸
2017 5451 2161 5512 Psal.
2198 5468 2396 5510 ωιτη
2421 5494 2440 5522 ,
2461 5453 2514 5506 4.

1797 5547 1888 5612 55)
1931 5549 1982 5601 Ὀ
2007 5548 2404 5618 συμϐιϐάζων,
2435 5555 2540 5618 etc.
2562 5545 2790 5618 Eadem.

1797 5547 1888 5612 55)
1931 5549 1982 5601 Ὀ
2007 5548 2404 5618 συμϐιϐάζων,
2435 5555 2540 5602 etc.
2573 5546 2790 5600 Eadem.

1773 5546 1886 5691 (54)
1916 5621 2146 5691 Δεσμός
2172 5620 2332 5691 ἐστι,
2359 5627 2464 5671 etc.
2484 5615 2711 5691 Schedje
2736 5613 2948 5691 Grabii.

1795 5682 1884 5760 55)
1916 5682 2204 5746 Ποιοῦσιν
2227 5694 2280 5744 οὶ
2303 5690 2476 5760 ὅσιοι,
2507 5696 2611 5742 etc.
2618 5685 2842 5760 _Ctitena
2877 5682 3141 5742 Corderii.

1675 5817 1692 5852 ..
1772 5756 1882 5834 (56)
1915 5761 2136 5832 Μηδεὶς
2160 5758 2442 5828 ἐξελθὼν,
2477 5768 2582 5813 etc.
2618 5756 2838 5810 Eadem.
