1895 3057
658 237 663 242 ’
691 253 1127 320 ΡΒιἘΡΑΤΙΟ.

123 416 269 444 Secundus
278 419 393 450 operum
411 415 537 450 Origenis
562 420 651 444 tomus
665 417 854 452 complectitur
867 420 975 447 residua
988 420 1049 454 ejus
1062 421 1088 448 iu
1105 421 1243 457 Genesim,
1259 425 1284 452 in
1301 426 1433 461 Exortum,
1461 429 1487 456 in
1511 429 1675 464 Leviticum,
1690 432 1718 459 in

89 462 235 495 Numeros,
255 461 281 488 iu
296 462 548 492 Deuteronomium.
561 461 588 489 in
599 461 692 496 Josue,
711 463 737 490 in
766 463 888 498 .ludices,
907 465 934 492 in
950 465 1034 499 Ruth,
1056 467 1082 493 in
1095 467 1177 496 libros
1187 468 1302 504 Regum,
1314 472 1339 498 in
1353 472 1415 506 Job,
1427 481 1460 502 ac
1477 475 1585 503 demutn
1602 477 1628 504 in
1643 461 1721 504 Ρὲυιο

91 516 149 534 mos
160 506 324 543 ὲξηγητικά,
342 507 384 534 vel
411 507 581 542 ἑξηγητικῶν
607 508 756 543 fragmenta
769 517 839 544 quan

971 532 979 545 ,
999 513 1095 547 partitn
1120 513 1176 548 jam
1192 516 1262 550 typis
1290 524 1401 552 excusa,
1429 521 1526 554 partim
1549 523 1665 550 nondum
1692 525 1718 552 in

90 554 178 580 lucem
197 553 337 587 evulgata.
353 554 418 587 Quae
430 553 526 580 Latine
558 558 662 581 tantum
677 559 824 590 supersunt
837 563 869 583 ex
887 556 1111 591 interpretatione
1127 559 1227 593 Ruﬁni,
1244 568 1274 588 ca
1291 563 1323 590 ad
1340 553 1460 592 veterum
1472 568 1719 603 manuscriptorurn

91 599 170 628 ﬁdem
190 600 382 628 recensuimus
393 608 400 628 :
411 599 506 626 Grzeca
518 605 607 626 autem
623 599 778 635 fragmenta
797 605 868 628 unde
885 601 910 628 in
930 602 1000 630 hanc
1024 603 1170 632 editionem
1185 606 1385 642 adduxerimns,
1399 612 1524 646 specialis
1537 599 1617 641 docet
1630 615 1721 642 admo-

89 645 294 679 nium-quaeve]
311 645 343 671 ad
362 645 431 671 imas
455 645 567 678 paginas
583 645 670 679 posita
686 651 740 676 est,
757 645 798 672 vel
826 646 972 682 tmicuique
1000 648 1225 684 Origenianorum
1253 652 1278 680 in
1303 645 1423 690 singulos
1453 656 1604 692 Scriptura:
1632 667 1719 687 sacra-

91 691 179 718 libros
198 690 370 725 ὲξηγητικῶν
384 690 537 717 collectioni
555 691 664 725 praefixa
679 696 730 718 est.
744 691 803 719 Non
827 692 912 719 levem
933 694 998 720 mihi
1010 695 1160 722 molestiam
1175 701 1202 723 et
1214 697 1333 726 laborem
1345 703 1448 736 peperit
1465 703 1486 730 is
1498 690 1542 738 qui
1565 707 1720 733 necessario

91 738 233 765 habendus
250 738 300 765 fuit
312 737 436 765 delectus
450 745 545 765 eorum
560 745 621 772 qure
638 738 664 765 in
679 738 789 766 Catenis
806 739 909 767 Graecis
923 741 972 768 sub
987 742 1095 769 nomine
1105 741 1231 778 Origeuis
1251 745 1486 776 circumferuntur.
1504 750 1561 778 Vidi
1580 751 1720 786 fragmen-

89 789 114 810 ta
130 785 224 812 omnia
251 784 275 811 ei
293 784 424 818 ascripta,
453 788 509 810 tum
524 791 585 818 quae
597 784 779 812 Combefisius
799 793 816 811 e
835 785 946 813 Catenis
961 795 1026 814 mss.
1042 787 1256 823 Parisiensibus,
1275 798 1331 819 tum
1346 801 1406 827 quae
1421 794 1553 823 Ernestus
1568 784 1687 825 Grabius
1704 807 1719 825 e

88 830 200 858 Catenis
218 830 416 864 manuscriptis
429 829 590 864 Anglicanis
604 830 797 865 exscripserat.
816 830 863 858 Illa
878 831 912 858 ab
928 833 1035 861 erudito
1044 833 1125 862 Patre
1137 835 1274 864 Ludovico
1290 840 1323 866 de
1337 839 1523 869 Touruemine
1539 842 1655 877 Jesuita,
1672 852 1718 879 pc-

88 883 137 903 nes
151 883 233 911 quem
249 881 372 908 exstant,
393 883 500 903 mecum
521 877 729 910 perlnnnaniter
744 877 942 904 communicata
959 885 1035 911 sunt;
1052 880 1109 909 inec
1120 889 1186 910 vero
1199 889 1212 909 a
1228 883 1396 913 doctissimis
1410 886 1506 921 Anglis
1524 888 1578 916 DD.
1601 877 1718 916 Valkero

86 928 114 950 et
128 922 240 950 Bentleo
252 923 341 950 amico
352 930 465 957 prorsus
480 923 572 950 animo
583 923 616 949 ad
633 931 676 950 me
692 923 851 950 transmissa
864 929 938 951 sum.
953 925 1014 953 Vidi
1035 927 1145 962 insuper
1162 929 1312 964 fragmenta
1329 938 1389 965 qua:
1415 934 1515 967 passim
1539 935 1590 962 sub
1607 936 1717 963 nomine

85 966 213 1003 Origenis
231 968 367 995 habentur
384 968 411 995 in
431 967 513 994 variis
526 967 587 995 aliis
602 968 757 995 Graecorum
773 968 884 995 Patrqu
895 969 1017 1004 Catenis,
1033 979 1102 1006 quas
1117 972 1144 999 in
1159 972 1246 1000 lucem
1263 966 1587 1012 emiseruntCorderins,
1613 979 1716 1008 Barba-

87 1022 147 1047 rus,
159 1014 327 1046 Chislerius,
340 1013 499 1046 Comitolns,
517 1012 647 1040 Patritius
660 1013 757 1040 Junius
790 1019 817 1041 et
831 1014 885 1041 alii.
903 1014 958 1043 Sed
970 1016 1049 1044 valde
1078 1018 1180 1046 incerta
1198 1025 1241 1046 est
1258 1021 1378 1048 onmium
1406 1022 1535 1052 harmnce
1552 1025 1715 1055 Catenarum

87 1062 164 1089 des.
180 1061 208 1088 lu
219 1061 262 1088 his
280 1061 354 1088 enim
371 1060 479 1088 nomina
492 1060 668 1094 scriptorum,
681 1067 696 1087 e
710 1068 826 1095 quorum
846 1062 1007 1096 fragmentis
1021 1063 1072 1090 illze
1084 1066 1284 1093 consarcinatae
1294 1073 1368 1099 sunt,
1386 1067 1423 1096 ita
1450 1077 1570 1106 persa-pe
1593 1073 1664 1101 inter
1687 1081 1718 1101 se

84 1108 301 1140 confunduntur,
311 1112 341 1134 ut
353 1115 413 1142 quae
421 1114 473 1133 una
487 1106 588 1133 Catena
597 1105 705 1140 Origeni
725 1106 847 1139 ascribit,
857 1114 888 1134 ea
903 1108 929 1134 in
941 1107 1027 1135 altera
1041 1109 1164 1150 Didyme,
1173 1115 1220 1137 aut
1235 1111 1363 1145 Eusebio,
1376 1118 1422 1141 aut
1433 1105 1658 1151 Theodoreto,vel
1668 1121 1714 1148 alii

83 1157 199 1185 cuilibet
217 1155 362 1189 interpreti
375 1155 541 1182 tribuantur.
558 1153 614 1181 Huc
629 1154 698 1181 adde
709 1154 781 1189 quod
798 1154 842 1181 ubi
859 1156 978 1183 unanimi
991 1156 1096 1184 illarum
1111 1165 1247 1186 consensu
1276 1160 1389 1195 aliquod
1405 1162 1585 1198 fragmentum
1605 1166 1715 1202 Origeui

83 1204 229 1236 tribuitur,
242 1204 268 1231 id
284 1202 422 1230 interdum
439 1201 481 1229 vel
493 1201 527 1229 ad
546 1201 703 1234 Eusebium,
716 1201 756 1229 vel
772 1202 805 1229 ad
817 1202 1030 1236 Theodoretum.
1046 1205 1087 1232 vel
1101 1205 1134 1232 ad
1146 1206 1228 1233 alium
1240 1208 1389 1241 quemlibet
1402 1210 1563 1245 scriptorem
1578 1215 1716 1248 pertinere

83 1261 119 1281 ex
133 1254 268 1280 horumce
281 1251 392 1278 Patrum
408 1250 490 1278 editis
505 1250 710 1277 commentariis
724 1258 777 1277 non
792 1257 854 1278 raro
868 1251 1044 1286 deprehendi.
1060 1251 1241 1286 Quamobrem
1255 1254 1302 1282 illa
1315 1256 1406 1283 omnia
1417 1264 1477 1291 quae
1495 1263 1555 1286 sunt
1571 1260 1714 1294 ejusmodi.

84 1298 250 1334 negligenda
265 1303 379 1332 prorsus
389 1300 417 1323 et
428 1295 580 1322 omittenda
596 1295 705 1328 cenaui;
719 1299 816 1323 cetera
837 1303 903 1323 vero
914 1297 1092 1326 exscribenda
1110 1303 1137 1326 et
1154 1299 1217 1327 huic
1234 1301 1345 1328 editioni
1361 1301 1504 1330 inserenda
1520 1304 1654 1337 judicavi.
1673 1308 1715 1335 vel

87 1352 153 1380 quae
168 1351 200 1372 ex
213 1343 317 1376 Ruﬁni,
333 1341 501 1377 Hieronymi,
516 1346 563 1367 aut
575 1341 689 1368 aliorum
705 1342 803 1376 priscis
823 1342 1096 1377 interpretationibus
1108 1344 1234 1380 Origenis
1245 1354 1306 1374 esse
1321 1353 1439 1381 constat,
1456 1351 1497 1377 vel
1509 1359 1568 1386 qua:
1596 1352 1709 1388 Origen;

87 1391 162 1418 falso
178 1390 298 1424 ascripta
314 1396 375 1417 esse
394 1387 577 1415 demonstrari
600 1388 695 1421 nequit
705 1395 738 1414 ex
753 1388 867 1416 aliorum
881 1387 991 1416 Patrum
1008 1389 1034 1416 in
1054 1391 1210 1426 Scriptores
1221 1399 1315 1420 sacras
1329 1395 1556 1428 expositionibus.
1574 1387 1714 1432 Ejusmodi

83 1438 306 1474 fragmentorutn
323 1444 356 1464 ex
377 1436 494 1470 Origene
509 1436 617 1462 concise
628 1435 710 1462 nimis
726 1440 918 1469 cxcerptorum
935 1436 1103 1471 interruptus
1126 1444 1314 1471 smpenumero
1329 1444 1372 1467 est
1390 1445 1476 1469 tenor.
1501 1442 1571 1471 liiuc
1583 1445 1715 1481 pleraque

82 1487 154 1514 adeo
168 1486 288 1513 obscura
299 1490 329 1511 et
346 1484 466 1511 involuta
481 1488 555 1516 sunt,
574 1488 602 1510 ut
614 1482 672 1510 fere
688 1482 791 1515 (Edipo
807 1483 965 1516 conjectare
977 1483 1126 1518 indigeant.
1141 1484 1169 1511 ld
1183 1493 1274 1513 secum
1287 1486 1309 1514 si
1324 1489 1386 1522 quis
1403 1489 1474 1516 serio
1487 1494 1513 1517 ct
1529 1492 1643 1519 candide
1654 1500 1714 1527 per-

83 1534 225 1568 penderit,
236 1531 402 1563 faciliorem,
420 1531 458 1557 uti
473 1538 565 1565 spero,
580 1531 687 1558 veniant
700 1529 842 1563 concedet,
855 1531 877 1558 si
894 1531 928 1557 iis
945 1530 971 1557 in
986 1530 1113 1557 Latinum
1127 1539 1278 1559 sermonem
1292 1535 1429 1562 vertendis
1446 1543 1495 1571 per
1509 1536 1712 1569 festinationem

82 1581 158 1608 forte
171 1586 218 1608 aut
243 1579 450 1614 ineogitantiam
473 1577 572 1604 alicubi
595 1577 663 1612 lapsi
687 1584 792 1604 sumus.
814 1577 917 1604 Praeter
941 1579 1156 1606 commentarios
1174 1584 1203 1606 et
1218 1580 1344 1608 hotuilias
1358 1584 1464 1617 quasi"
1485 1585 1607 1614 Psalmos
1622 1587 1710 1614 edidit

81 1626 230 1660 Origenes,
248 1625 379 1652 brevibus
392 1623 473 1650 etiam
488 1623 599 1651 scholiis
623 1622 785 1650 Psalterium
813 1623 966 1650 illustravit.
990 1623 1053 1651 Haec
1081 1623 1175 1652 Graece
1196 1634 1275 1654 tnanu
1298 1627 1398 1661 scripta
1414 1630 1530 1658 credidit
1552 1631 1714 1662 Guillelmus

81 1673 192 1700 Caveus
207 1671 360 1698 etiamnum
376 1673 484 1697 exstare
513 1669 539 1695 iu
574 1668 739 1695 bibliotheca
768 1667 970 1696 \‘indobonensi
1003 1669 1098 1697 codice
1122 1670 1205 1698 theol.
1229 1679 1263 1699 ex
1289 1672 1467 1707 dispositione
1490 1674 1629 1705 Lambecii
1655 1686 1713 1712 va,

84 1718 199 1746 Nesselii
222 1725 312 1749 eccm,
328 1717 374 1744 ubi
401 1723 498 1744 revera
518 1715 632 1750 singulis
650 1715 774 1743 versibus
794 1722 808 1741 a
830 1715 926 1750 psalmi
942 1724 981 1749 tx,
997 1716 1042 1749 10,
1055 1725 1139 1752 usque
1154 1719 1187 1746 ad
1211 1718 1291 1746 finem
1322 1720 1446 1748 Psalterii
1478 1723 1620 1758 subjuncta
1648 1730 1712 1753 sunt

82 1765 200 1797 adtolia,
222 1771 284 1800 qua
300 1764 327 1790 in
344 1762 398 1790 line
409 1762 513 1790 codicis
526 1761 634 1796 Origeni
655 1761 820 1793 tribuuntur,
833 1766 861 1789 et
890 1762 1017 1790 dicuntur
1043 1764 1218 1797 protopsalta:
1246 1765 1376 1794 Ecclesiae
1405 1768 1544 1802 cujusdam
1573 1771 1713 1801 Cretensis

83 1819 168 1838 manu
183 1809 332 1843 descripta.
349 1808 457 1836 Illorum
472 1808 554 1836 hodie
568 1814 651 1842 penes
665 1816 708 1835 me
719 1813 760 1835 est
774 1809 972 1844 apographum,
982 1817 998 1836 a
1013 1809 1165 1838 clarissimo
1175 1811 1389 1848 doctissimoque
1407 1814 1517 1842 domino
1532 1816 1711 1847 Barteinstein

81 1856 132 1891 qui
146 1863 221 1883 nunc
233 1856 368 1883 Caesarem
385 1854 518 1888 majestati
536 1858 578 1881 est
591 1862 606 1881 a
623 1854 755 1886 consiliis,
783 1855 810 1882 in
832 1861 906 1882 meos
923 1863 988 1882 usus
1005 1855 1190 1890 descriptum;
1209 1863 1293 1884 totum
1321 1866 1386 1886 vero
1415 1869 1484 1896 opus
1511 1862 1574 1890 illud
1599 1864 1709 1899 Origeui

83 1903 257 1938 suppositum
285 1908 349 1929 esse
374 1900 418 1928 vel
436 1902 499 1929 inde
516 1901 584 1929 satis
598 1901 693 1936 liquet,
710 1902 782 1936 quod
792 1902 838 1930 ubi
861 1902 894 1933 de
908 1902 991 1929 Maria
1007 1902 1129 1938 Virgine,
1152 1903 1194 1931 vel
1209 1904 1254 1931 ubi
1275 1905 1308 1932 de
1323 1905 1404 1934 Patre
1424 1913 1452 1935 et
1476 1908 1544 1936 Filio
1560 1914 1587 1936 et
1608 1910 1710 1945 Spiritu

82 1952 180 1975 sancto
195 1955 290 1975 sermo
302 1952 359 1979 est,
376 1947 422 1974 illa
434 1947 537 1974 diserte
548 1947 698 1982 appellatur
711 1947 847 1979 θεοτύκος,
861 1947 946 1975 Filius
972 1952 1062 1975 autem
1082 1948 1155 1976 Patri
1168 1949 1310 1985 ὁμοούσιος
1332 1952 1493 1985 praedicatur
1515 1962 1522 1980 :
1547 1962 1606 1989 quae
1630 1964 1711 1984 voces

84 1994 251 2028 scriptorem
266 2000 320 2020 non
333 1992 420 2020 solum
439 1993 543 2028 synodo
559 1991 679 2024 Nicaeae,
699 1993 745 2019 sed
758 1997 786 2019 ct
799 1992 914 2019 concilio
925 1992 1063 2028 Ephesiae
1079 1995 1257 2023 recentiorem
1271 2002 1397 2032 arguunt.
1416 1998 1457 2025 Ah
1472 1999 1513 2026 his
1527 1999 1609 2035 igitur
1626 2003 1710 2029 eden-

85 2040 128 2066 dis
137 2039 253 2067 scholiis
275 2039 469 2066 abstinendum
481 2040 542 2067 esse
559 2038 635 2066 duxi.
648 2038 704 2066 Nec
719 2038 799 2065 aliam
814 2043 914 2066 sortem
931 2039 1092 2066 habuissent
1107 2045 1164 2068 tres
1178 2042 1242 2069 item
1259 2041 1326 2070 falso
1340 2044 1449 2078 ascripti
1468 2045 1628 2073 Adamantio
1647 2047 1708 2075 libri

83 2084 184 2116 iuJob,
202 2092 273 2119 quos
289 2084 324 2111 ad
338 2085 441 2112 calcent
453 2083 532 2118 hujus
547 2083 612 2110 tomi
625 2083 718 2118 rejeci,
733 2090 857 2118 quosque
870 2091 1032 2118 suppressos
1053 2086 1208 2113 maluissem
1219 2106 1228 2118 ,
1248 2087 1270 2114 si
1291 2087 1318 2114 in
1337 2088 1505 2116 Geuehrardi
1518 2091 1638 2120 editione
1658 2094 1709 2121 sub
1737 2100 1743 2108 '

83 2131 213 2165 Origenis
229 2130 340 2157 nomine
356 2137 407 2156 non
422 2128 674 2157 circumferrentur.
688 2129 760 2156 idem
778 2128 980 2162 estojudicium
996 2131 1029 2158 de
1043 2132 1150 2166 prolixo
1167 2132 1254 2160 altero
1270 2133 1295 2160 in
1326 2139 1411 2162 totum
1435 2135 1532 2163 librum
1560 2137 1610 2165 Job
1632 2146 1708 2166 com-

83 2177 230 2208 mentario,
246 2176 292 2210 qui
310 2176 404 2210 utique
419 2176 445 2202 in
460 2175 553 2202 eadem
567 2175 734 2203 Genebrardi
752 2174 871 2202 editione
884 2176 936 2202 sub
945 2178 1077 2205 ementito
1091 2177 1217 2212 Origeuis
1239 2179 1348 2207 nomine
1374 2180 1461 2208 tribus
1488 2182 1567 2209 modo
1584 2183 1665 2212 dictis
1681 2185 1708 2212 in

83 2223 134 2252 Job
148 2224 227 2250 libris
239 2222 339 2250 Latine
355 2226 460 2250 tantum
472 2221 632 2256 subiunctus
645 2226 687 2249 est
700 2229 733 2248 ex
748 2222 974 2257 interpretatione
987 2223 1121 2251 Joachimi
1136 2223 1268 2251 Perionii.
1281 2224 1370 2259 ipsum
1386 2227 1494 2260 quidem
1515 2228 1541 2255 in
1558 2229 1613 2256 line
1627 2230 1709 2265 hujus

86 2271 152 2298 tomi
170 2270 218 2305 qui
228 2269 396 2303 jamjostam
411 2268 438 2295 in
451 2268 548 2295 molem
562 2272 732 2298 excreverat.
744 2267 827 2296 edere
846 2276 901 2296 non
920 2268 1008 2301 licuit,
1025 2270 1072 2296 sed
1085 2270 1148 2304 quia
1162 2277 1339 2306 suppressum
1353 2280 1425 2306 aegre
1450 2273 1554 2300 ferrent
1583 2275 1706 2309 plurimi.

84 2316 119 2343 ad
131 2316 204 2344 tertii
220 2316 286 2342 torui
298 2315 399 2342 calcem
413 2315 484 2349 typis
495 2321 613 2341 excusus
626 2313 719 2341 Graece
732 2317 759 2340 et
775 2313 873 2342 Latine
889 2314 1041 2348 reperietur
1061 2313 1110 2350 (α).

119 2362 183 2390 Hac
193 2361 228 2389 de
241 2361 381 2396 operibus,
392 2369 454 2395 quae
465 2361 584 2388 secundo
599 2361 650 2387 hoc
662 2359 798 2387 volumine
813 2360 1000 2392 continentur,
1017 2361 1111 2394 paucis
1123 2361 1262 2395 prmiatus,
1281 2370 1353 2391 nunc
1376 2371 1465 2398 operte
1489 2365 1605 2400 pretium
1620 2365 1706 2392 factu-

85 2417 145 2436 rum
163 2416 207 2436 me
220 2414 297 2443 puto,
310 2408 332 2435 si
350 2408 464 2442 vestigia
490 2414 616 2441 premens
646 2406 796 2434 doctissimi
813 2407 942 2442 anonymi
956 2407 1001 2441 qui
1015 2407 1127 2435 Lutetiae
1142 2408 1306 2436 Parisiorum
1322 2417 1393 2437 anno
1405 2411 1484 2443 1727,
1495 2413 1564 2445 apud
1577 2411 1708 2440 Jacohum

85 2455 211 2489 Vinceot,
226 2455 335 2482 Gallice
349 2462 363 2480 a
379 2461 408 2481 se
421 2458 450 2481 et
464 2453 569 2480 erudite
589 2452 775 2486 conscriptum
793 2459 826 2479 ex
839 2452 961 2479 doctrina
979 2451 1089 2479 Patrqu
1108 2452 1141 2480 de
1166 2460 1246 2480 sensu
1270 2453 1382 2481 litterali
1398 2459 1424 2481 et
1437 2455 1470 2482 de
1493 2463 1573 2482 sensu
1592 2457 1706 2491 mystico

84 2500 232 2535 Scriptum
250 2508 335 2528 saera:
349 2505 496 2528 tractatum
512 2498 671 2534 publicavit,
690 2500 800 2526 brevem
815 2498 903 2533 primo
918 2498 1061 2526 exhibeam
1086 2499 1157 2526 illius
1170 2505 1346 2534 conspectum
1362 2503 1480 2529 methodi
1498 2511 1578 2537 quam
1596 2504 1629 2530 ad
1664 2504 1705 2531 in-

86 2542 275 2576 terpretandas
290 2541 446 2575 Scripluras
459 2546 510 2568 sibi
523 2546 659 2576 propriam
685 2545 750 2573 fecit
764 2544 896 2580 Origenes
906 2565 914 2577 ,
925 2544 1025 2572 deinde
1043 2545 1116 2572 illam
1131 2545 1301 2573 enucleatius
1317 2547 1460 2582 explicetur,
1479 2553 1507 2575 et
1521 2549 1629 2576 disertis
1645 2549 1704 2583 ejus

87 2589 249 2617 testimoniis
262 2588 448 2623 comprobem.

308 2645 465 2685 Synepsis
482 2645 688 2683 Origeniunas
706 2644 847 2675 methodi
865 2645 903 2675 ad
921 2645 1157 2684 Scripturerum
1175 2647 1484 2687 interpretationem.

126 2711 160 2737 Ea
174 2710 343 2745 potissimum
355 2709 528 2744 sequentibus
542 2709 617 2735 hisce
628 2707 778 2735 enttntiatis
791 2709 959 2735 continetur.
977 2709 1002 2735 Ι·
1017 2708 1127 2744 Triplex
1145 2714 1187 2737 est
1200 2710 1350 2745 Scriptura:
1367 2720 1473 2745 sensus,
1490 2713 1623 2746 litteratis,
1645 2723 1702 2740 Illo-

94 2757 165 2790 ralis,
175 2761 202 2784 et
218 2756 347 2791 mysticus
364 2762 409 2782 seu
423 2755 594 2790 allegoricus.
609 2754 638 2780 2°
654 2753 700 2780 Est
715 2754 758 2780 ubi
774 2753 849 2781 solus
867 2753 1011 2787 litterulis;
1028 2759 1070 2781 est
1091 2754 1135 2781 ubi
1151 2756 1224 2782 solus
1248 2757 1360 2784 moralis
1397 2758 1436 2785 vel
1453 2758 1528 2786 solus
1553 2761 1700 2795 mysticus;

127 2817 165 2852 (α)
179 2814 315 2842 Omissum
327 2817 479 2840 esttamen.
496 2812 562 2840 Vide
574 2811 765 2840 Praefationem
782 2812 812 2840 D.
831 2814 867 2841 De
880 2812 905 2840 la
920 2812 977 2840 Rue
993 2813 1026 2840 ad
1043 2817 1108 2840 tom.
1128 2812 1170 2840 IV.

272 2860 406 2889 PA'ﬂtOL.
423 2859 481 2889 Gtt.
504 2859 576 2892 XII.

1144 2890 1146 2893 ,
1528 2863 1540 2888 1
