1895 3057
177 127 207 153 Η
769 127 925 155 ΡΗᾹΞΓΑΤΙ

1057 128 1121 157 'OM.
1142 129 1174 157 11.
1772 136 1805 162 l2

176 185 294 219 denique
313 189 354 212 est
366 185 410 212 tibi
427 183 555 212 litteralis
569 183 650 210 simul
666 188 695 210 et
712 184 842 218 mysticus
858 190 956 210 sensus
972 183 1061 210 locum
1089 184 1202 212 habent.
1216 184 1248 211 5°
1261 184 1290 212 Si
1307 187 1456 220 generatim
1495 195 1538 214 res
1553 193 1702 223 spectetur,
1714 190 1747 217 ad
1764 191 1806 217 in-

176 229 344 257 stitutionem
361 234 390 257 et
400 229 609 257 aediﬁcationem
624 229 787 263 simplicium
803 229 904 257 suﬁieit
921 229 1047 257 litteralis
1063 237 1170 257 sensus.
1183 230 1213 257 4ο
1229 230 1306 265 Saepe
1323 236 1413 260 tamen
1429 233 1517 260 littera
1535 235 1560 260 in
1578 242 1607 261 se
1627 235 1710 262 habet
1722 235 1804 266 falSa,

175 275 305 306 al-surda,
324 283 417 302 secum
434 275 594 310 pugnantia,
614 275 803 309 impossibilia,
819 279 845 302 et
860 280 959 303 caetera
973 274 1142 308 ltnjttsmodi.
1160 275 1232 303 unde
1247 277 1302 304 nati
1316 283 1378 304 sunt
1393 286 1503 306 errores
1520 282 1713 314 propemodum
1738 280 1806 308 inﬁ-

176 320 236 347 niti.
253 321 282 347 5ο
297 320 426 356 Mysticus
440 327 486 347 seu
503 320 667 354 allegoricus
682 328 779 347 sensus
791 321 955 348 auctoritate
969 321 1035 348 Novi
1056 321 1223 348 Testamenti
1236 322 1345 355 nititur,
1362 328 1458 358 estque
1480 325 1590 352 omnino
1614 327 1800 360 necessarius,

173 371 204 392 ut
217 366 249 392 ab
264 366 427 393 adversariis
443 370 499 392 luta
516 371 625 393 maneat
640 367 739 393 veritas
751 367 966 400 Scripturarum,
982 371 1009 394 ct
1024 367 1086 401 ipsa:
1104 367 1157 394 Deo
1171 368 1258 402 digna:
1268 368 1430 397 eliiciantur.
1447 370 1479 396 6°
1496 371 1685 399 Dilﬁcillimum
1697 377 1749 403 est,
1769 380 1804 399 ne

174 414 262 440 dicam
280 411 454 446 impossibile,
470 412 598 447 mysticus
612 412 719 446 assequi
744 419 840 438 sensus
855 419 924 446 quos
949 413 974 438 in
989 419 1018 439 se
1041 412 1233 447 complectitur
1251 413 1406 448 Scriptura.
1429 415 1458 442 7°
1474 415 1509 443 lis
1522 416 1611 444 ta'men
1625 418 1804 452 assequendis

173 459 325 486 conducere
338 465 439 491 queant
459 458 558 492 regula:
572 463 717 492 sequentes
733 466 739 484 :
757 457 877 484 Primum
897 458 919 484 si
934 458 1131 485 caeremonialis
1146 458 1189 486 lex
1207 459 1275 487 adeo
1296 464 1351 487 tota
1367 461 1459 497 ﬁguris
1475 462 1553 496 plena
1578 464 1758 497 existimetur,
1771 470 1803 492 ut

174 504 275 540 singula
289 505 491 539 Scripturarum
505 504 562 531 loca
575 511 634 538 quin
648 505 681 531 ad
699 503 772 530 illam
790 503 958 535 referuntur,
981 510 1025 536 ea,
1054 511 1088 531 ne
1115 512 1168 531 ttuo
1183 505 1292 539 quidem
1319 513 1445 542 excepto.
1477 517 1528 536 non
1557 509 1720 543 litteraliter,
1753 512 1802 538 sed

173 552 287 586 mystice
305 556 408 578 tantum
422 551 608 585 accipiantur;
625 550 725 577 deinde
741 550 763 577 si
780 549 936 584 ubicunque
952 557 1043 576 sermo
1056 555 1101 577 est
1116 550 1149 578 de
1174 551 1337 585 Jerusalem,
1351 554 1383 580 de
1408 554 1535 589 Egypto,
1553 555 1698 590 Babylone,
1725 556 1802 592 Tyro

171 598 286 633 aliisque
300 597 415 625 terrenis
432 597 509 628 locis,
521 602 605 623 totum
620 596 646 623 iti
663 595 797 623 referatur
811 595 844 622 ad
860 595 981 622 caelestia
995 595 1053 623 loca
1067 616 1075 629 ,
1089 603 1149 630 qua;
1162 596 1315 624 animarum
1331 598 1387 625 sint
1407 599 1576 631 habitacula;
1592 608 1624 627 ac
1646 602 1755 629 demum
1776 604 1800 630 si

170 645 357 679 :nltnysticum
377 651 487 670 sensum
512 642 683 677 coningiatur
715 647 744 670 ct
777 642 919 669 deseratur
948 642 1048 677 littera,
1065 643 1171 677 quoties
1183 643 1260 675 falsa,
1273 644 1375 672 inutilis
1386 652 1417 672 ac
1433 645 1486 673 Deo
1500 647 1608 681 indigna
1621 648 1675 674 visa
1704 649 1799 676 fuerit.

171 691 226 718 Hoc
241 696 282 717 est
297 689 452 724 Origeniani
471 689 503 716 de
519 688 723 723 interpretanda
746 688 890 722 Scriptura
924 695 1001 714 sacra
1026 690 1184 724 systentatis
1210 690 1505 725 compendium;Nunc
1535 693 1706 721 enucleatius
1732 695 1800 722 illud

168 743 211 765 est
225 736 414 771 explicandum
432 740 460 763 et
474 735 584 763 disertis
597 734 752 762 Adamantii
769 734 940 761 testimoniis
955 735 1142 764 astruendnm.

553 795 649 821 Αιιτισ.
667 793 686 820 Ι.
698 801 732 820 EX
752 800 864 820 ORIGENE
882 800 997 820 TRIPLEX
1016 801 1065 820 EST
1088 802 1290 822 SCRIPTURARUM

667 793 686 820 Ι.
698 801 732 820 EX
752 800 864 820 ORIGENE
882 800 997 820 TRIPLEX
1016 801 1065 820 EST
1088 802 1290 822 SCRIPTURARUM
1310 800 1413 824 εεΝςυς.

207 863 216 878 ι
234 853 362 880 Sanctam
376 851 548 886 Scripturam
565 851 665 886 (inquit
680 850 774 878 hontil.
786 850 803 877 5
818 850 842 877 itt
859 850 985 883 Levitic.,
1002 858 1078 878 tnuu.
1094 850 1120 887 l)
1133 853 1297 880 credendum
1318 859 1359 880 est
1374 861 1406 880 ex
1432 853 1583 882 visibililms
1597 861 1626 882 et
1652 855 1798 884 invisibili—

166 899 219 926 hus
236 904 374 932 consmre,
391 897 472 925 \‘einli
489 905 522 924 ex
538 905 652 931 corpore
667 897 796 931 quodam,
810 897 907 924 litterae
923 897 1029 924 scilicet
1043 905 1103 932 quae
1117 899 1241 932 videtur;
1256 905 1283 926 et
1296 901 1397 931 anima,
1426 908 1523 928 sensus
1538 902 1582 936 qui
1610 902 1680 929 intra
1707 903 1795 938 ipsam

167 945 393 980 deprehenditur;
409 949 436 972 et
451 944 561 979 spiritu,
574 944 723 970 secundum
738 944 763 970 id
777 943 848 978 quod
860 943 942 970 etiam
963 944 1086 979 quaedam
1103 945 1128 970 in
1141 952 1170 972 se
1185 945 1308 972 cmlestia
1323 950 1423 977 teneat,
1443 951 1472 973 ut
1488 947 1632 980 Apostolus
1643 948 1717 981 dicit,
1730 948 1796 983 quia

167 990 311 1024 exemplari
322 995 346 1017 at
360 990 459 1017 umbra:
470 989 620 1016 deserviunt
633 988 775 1016 caelestium
788 989 808 1016 ⁸.
825 998 835 1014 ι
861 988 910 1016 Hic
920 996 1020 1024 corpus
1036 994 1062 1016 et
1078 990 1168 1017 anima
1188 998 1270 1017 unum
1285 992 1463 1027 eumdemque
1475 1000 1596 1025 sensum,
1614 1001 1708 1028 nempe
1721 994 1797 1021 litte-

169 1037 265 1070 ralem,
286 1038 439 1072 designant.
457 1036 520 1064 Sola
539 1036 610 1064 euiut
626 1043 673 1070 per
688 1035 820 1064 selittera
835 1038 869 1063 ab
881 1043 913 1064 eo
926 1043 1005 1071 quem
1025 1037 1156 1067 continet.
1172 1045 1253 1065 sensu
1267 1038 1373 1065 divulsa
1386 1044 1414 1065 et
1429 1040 1580 1072 abstracta,
1601 1040 1672 1067 aliud
1688 1041 1795 1076 signiﬁ-

165 1092 230 1112 care
245 1083 351 1118 nequit,
371 1090 452 1118 quatn
468 1089 549 1110 voces
564 1086 592 1110 et
618 1081 712 1114 verba,
725 1081 799 1109 nttlla
830 1080 1062 1115 signiﬁcationum
1088 1088 1156 1116 quas
1180 1082 1220 1109 eis
1244 1082 1338 1110 tribuit
1353 1091 1427 1115 usus,
1451 1084 1544 1111 habita
1577 1086 1691 1113 ratione.
1724 1086 1795 1113 Hinc

167 1132 248 1166 igitur
263 1130 352 1166 colligi
365 1134 456 1165 posset
476 1129 610 1164 duplicem
627 1134 732 1156 tantum
748 1130 783 1158 ab
811 1129 929 1164 Origene
942 1137 1051 1158 sensum
1067 1129 1186 1161 admitti,
1204 1129 1349 1157 litteralem
1366 1135 1393 1158 et
1416 1131 1560 1167 mysticum
1572 1151 1579 1163 ,
1594 1132 1647 1159 nisi
1675 1140 1705 1161 se
1734 1132 1795 1168 ipse

165 1178 229 1205 aliis
245 1177 271 1204 in
290 1177 358 1205 locis
371 1176 554 1204 emendasset.
573 1173 656 1201 Paulo
677 1174 793 1201 inferius
811 1173 931 1208 ejusdem
947 1174 1064 1202 homiliat
1078 1182 1152 1201 num.
1168 1175 1236 1202 5sic
1246 1174 1367 1210 loquitur
1397 1185 1404 1203 ε
1433 1187 1442 1202 ι
1464 1177 1607 1212 Triplicem
1634 1178 1661 1206 in
1692 1178 1794 1205 divinis

163 1224 316 1260 Scripturis
333 1223 518 1259 intelligentia
532 1229 604 1256 saepe
617 1221 736 1248 diximus
747 1221 866 1258 modum,
885 1222 1057 1253 historicum,
1073 1221 1203 1248 moralem
1225 1226 1254 1251 et
1281 1223 1424 1259 mysticum
1439 1231 1447 1251 :
1465 1225 1536 1252 unde
1553 1230 1579 1252 et
1593 1234 1690 1261 corpus
1704 1227 1794 1254 inesse

163 1273 201 1302 ei.
218 1277 246 1299 et
261 1271 393 1303 animam,
410 1274 438 1297 et
450 1268 781 1306 spirituurintelleximus.
803 1277 812 1294 ›
829 1268 879 1296 Ubi
893 1268 969 1296 vides
985 1276 1100 1303 corpore
1115 1274 1141 1295 et
1155 1268 1246 1295 anima
1264 1276 1317 1296 non
1344 1277 1425 1296 untun
1441 1272 1630 1304 eutndemque,
1645 1272 1682 1299 uti
1696 1279 1793 1306 supra.

166 1319 212 1345 sed
227 1317 365 1352 duplicem
377 1321 403 1343 et
414 1324 429 1342 a
446 1323 475 1343 se
489 1315 604 1343 ittvicetn
620 1314 733 1342 omnino
746 1314 893 1341 discretum
909 1322 1028 1345 sensum,
1045 1321 1141 1348 nempe
1159 1314 1304 1341 litteralem
1317 1320 1342 1342 et
1358 1315 1498 1347 moralem,
1525 1317 1672 1351 designari.
1697 1317 1792 1352 Neque

166 1366 246 1392 aliam
264 1364 425 1391 divisionem
442 1367 555 1390 secutus
569 1366 610 1388 est
624 1360 670 1388 lib.
692 1367 719 1387 tv
733 1360 773 1387 De
788 1360 936 1394 principiis,
957 1367 1017 1395 pag.
1031 1359 1092 1391 l68,
1109 1359 1153 1386 ubi
1164 1359 1202 1386 ait
1219 1368 1226 1386 :
1242 1368 1251 1385 ‹
1268 1359 1412 1388 Tril‘ariam
1432 1362 1513 1396 igitttr
1529 1363 1715 1390 describenda
1726 1367 1792 1391 sunt

161 1411 193 1438 in
204 1414 295 1437 tuente
310 1414 467 1436 sanctarum
491 1407 644 1434 litterarum
661 1406 802 1433 sententiae
819 1415 826 1433 :
842 1411 871 1432 ut
888 1405 1039 1440 simplicior
1052 1405 1162 1439 quidem
1175 1404 1208 1431 ab
1232 1405 1288 1439 ipsa
1302 1406 1383 1433 veluti
1399 1414 1482 1434 carne
1494 1408 1654 1442 Scriptum,
1668 1415 1722 1444 quo
1738 1417 1787 1437 no-

166 1456 238 1484 mine
257 1455 365 1482 obvium
377 1452 439 1488 ejus
452 1460 562 1479 sensum
578 1450 759 1485 appellamus;
772 1450 819 1484 qui
832 1457 894 1477 vero
911 1449 1080 1483 aliquantum
1101 1449 1265 1481 ascenderit,
1282 1449 1316 1476 ab
1333 1450 1388 1480 ipsa
1400 1452 1600 1485 quodammodo
1614 1453 1704 1481 anima
1714 1453 1787 1489 ejus:

162 1502 305 1537 perlectus
317 1505 445 1527 autem...
461 1506 475 1524 a
491 1498 549 1532 lege
561 1495 676 1531 spiritali
690 1495 837 1522 aediﬁcetur
852 1495 974 1522 umbram
992 1495 1110 1523 habente
1124 1495 1277 1522 futurorum
1292 1495 1434 1522 bonorunt.
1451 1496 1484 1524 Ut
1495 1498 1568 1524 enim
1585 1498 1666 1526 homo
1682 1504 1792 1527 constat

165 1555 290 1583 corpore,
305 1545 395 1573 anima
411 1549 439 1572 et
450 1544 556 1579 spiritu,
573 1544 609 1570 ita
620 1548 647 1570 et
659 1542 800 1576 Scriptura
818 1548 879 1576 quae
892 1541 984 1568 divina
997 1540 1200 1575 dispensatione
1215 1541 1241 1568 in
1263 1541 1402 1568 hominum
1412 1541 1525 1569 salutem
1540 1542 1601 1570 data
1613 1548 1664 1571 est.
1685 1553 1693 1570 I
1719 1543 1794 1580 Lege

161 1597 286 1630 insuper,
301 1595 325 1620 si
341 1596 428 1626 vacat,
445 1598 507 1626 qua:
523 1595 616 1626 postea
633 1588 735 1617 ibident
750 1588 885 1615 habentur
898 1595 973 1614 uuln.
991 1587 1024 1614 12
1040 1592 1067 1615 et
1082 1587 1126 1615 15.

448 1663 544 1690 Att-nc.
559 1661 591 1688 ll.
609 1667 724 1688 τηιριιιι
744 1667 804 1687 tsrs
825 1666 919 1687 sensus
938 1666 989 1686 non
1008 1665 1105 1690 UBIQUB
1124 1664 1328 1686 scutrrumnuu
1347 1665 1508 1686 REPIII'IUB.

203 1736 212 1752 ε
226 1725 361 1758 Quoniam
375 1723 474 1756 (inquit
492 1721 539 1748 lib.
553 1726 580 1748 tv
596 1718 633 1746 De
651 1719 799 1754 principiis,
816 1725 890 1745 num.
905 1716 948 1752 η)
963 1716 1110 1752 Scriptura:
1127 1717 1250 1750 quaedam
1261 1720 1334 1749 sunt,
1349 1723 1408 1750 qua
1419 1716 1485 1743 nihil
1501 1717 1600 1744 hbent
1611 1724 1787 1752 corporatura.

163 1772 264 1800 alicubi
281 1771 339 1800 sola
355 1770 435 1797 veluti
452 1768 542 1795 anima
560 1771 588 1793 et
601 1766 713 1800 spiritus
735 1764 899 1800 quaerendus
915 1768 968 1790 est.
984 1771 994 1789 ι
1016 1762 1133 1790 Humilia
1152 1768 1245 1790 autent
1258 1764 1399 1791 undecima
1413 1764 1441 1791 in
1455 1763 1598 1797 Numems,
1615 1766 1661 1793 ubi
1682 1767 1716 1793 de
1732 1767 1792 1801 lege

164 1820 325 1854 agi1urqu2
339 1815 474 1851 primitias
488 1813 578 1841 oﬂ‘erri
596 1812 731 1849 praecipit,
746 1812 849 1839 clarius
864 1815 981 1838 mentem
993 1817 1070 1837 suam
1085 1810 1173 1844 aperit
1194 1810 1236 1838 his
1252 1810 1344 1838 verbis
1361 1818 1368 1837 :
1389 1819 1399 1836 t
1420 1810 1496 1838 Hanc
1508 1817 1574 1845 ergo
1591 1811 1676 1846 legem
1694 1813 1792 1840 obser-

164 1865 223 1892 vari
240 1863 322 1890 etiam
335 1860 482 1889 secundum
497 1860 616 1887 litteram
629 1859 699 1886 sicut
712 1862 739 1885 et
756 1857 808 1884 alia
825 1856 957 1884 nonnulla
974 1856 1158 1883 necessarium
1175 1859 1250 1890 puto.
1277 1855 1349 1883 Sunt
1369 1857 1444 1884 enim
1458 1856 1597 1890 aliquanta
1613 1857 1681 1892 legis
1708 1865 1788 1885 man-

163 1911 237 1942 data,
249 1917 308 1943 qua:
322 1909 404 1935 etiam
420 1906 488 1934 Novi
503 1904 670 1933 Teatamenti
687 1903 813 1938 discipuli
829 1903 983 1930 necessaria
999 1902 1193 1929 observatione
1204 1902 1374 1930 custodiunt.
1396 1900 1440 1934 Et,
1466 1903 1489 1930 si
1507 1903 1626 1936 videtur,
1655 1904 1731 1938 prius
1755 1906 1793 1932 de

164 1958 197 1985 iis
214 1956 280 1992 ipsis
296 1962 356 1989 qua:
368 1955 393 1981 ln
406 1954 464 1989 lege
476 1953 585 1988 quidem
601 1951 715 1986 scripta,
732 1951 779 1977 sed
795 1954 884 1976 tamen
903 1950 930 1976 in
946 1947 1100 1981 Evangeliis
1111 1947 1282 1975 observanda
1299 1953 1364 1975 sunt
1375 1967 1383 1981 ,
1399 1954 1491 1976 sermo
1504 1955 1660 1982 moveatur;
1685 1955 1712 1977 et
1726 1957 1791 1977 cum

165 2004 223 2030 haec
247 2000 393 2036 patuerint,
409 2004 472 2026 tunc
484 1999 540 2033 jam
556 1997 620 2032 quid
633 1997 659 2024 in
671 1996 711 2024 eis
735 1996 817 2023 etiam
842 1994 1002 2029 spiritaliter
1013 1993 1108 2020 sentiri
1125 1993 1233 2026 debeat,
1250 1995 1441 2028 requiremus;
1456 1999 1518 2022 sunt
1533 1995 1605 2022 enitn
1618 1996 1663 2030 qui
1690 1997 1729 2023 ita
1747 1996 1793 2022 di-

164 2051 237 2079 cant,
250 2045 312 2080 quia
329 2044 351 2072 si
370 2043 473 2078 aliqttid
495 2042 605 2070 omnino
616 2041 818 2069 observandum
830 2045 873 2068 est
883 2040 1030 2067 secundum
1044 2040 1175 2070 litteram,
1189 2046 1238 2066 cur
1262 2046 1315 2066 non
1338 2044 1366 2067 et
1381 2045 1478 2068 cuncta
1493 2040 1658 2069 serventur?
1671 2040 1700 2068 Si
1725 2048 1794 2070 vero

164 2094 197 2120 ad
216 2091 363 2127 spiritalem
382 2089 589 2124 intelligentiam
606 2095 666 2123 qua
678 2087 719 2115 lex
733 2087 865 2120 continet,
879 2085 1022 2113 referenda
1038 2091 1111 2118 sunt,
1136 2085 1206 2112 nihil
1224 2086 1334 2112 omnino
1361 2087 1509 2113 secundum
1525 2087 1654 2119 litteram,
1666 2087 1714 2114 sed
1732 2089 1791 2121 spi-

165 2138 281 2166 ritaliter
297 2137 396 2163 debent
412 2136 539 2163 universa
555 2135 685 2162 discerni.
701 2133 756 2161 Nos
769 2141 836 2161 vero
854 2133 996 2167 utriusque
1009 2133 1171 2160 assertionis
1185 2132 1357 2159 insolentiam
1374 2137 1570 2168 temperantes,
1583 2133 1671 2168 qualis
1696 2135 1791 2168 regula

165 2187 191 2212 in
209 2184 395 2219 hujuscemodi
413 2183 480 2218 legis
496 2182 667 2210 sermonibus
682 2180 850 2209 observanda
869 2180 916 2211 sit,
932 2187 964 2207 ex
985 2181 1150 2207 auctoritate
1161 2179 1315 2206 divinarum
1337 2178 1542 2213 Scripturarum
1560 2179 1683 2214 proferre
1702 2184 1794 2206 tenta~

165 2233 263 2259 bitnus.
288 2240 297 2256 ι
315 2230 360 2257 illa
376 2236 466 2256 autent
489 2237 570 2263 quam
590 2228 706 2262 profert,
721 2226 815 2261 regula
842 2227 967 2260 sequenti
1000 2226 1174 2253 distinctione
1192 2225 1313 2252 nititur:
1342 2225 1516 2260 Quatcunque
1545 2225 1624 2259 legis,
1648 2225 1793 2260 prmcepti,

165 2276 325 2308 testimonii,
342 2274 472 2307 mandati,
487 2273 612 2308 justiti-4:,
626 2272 734 2307 judicii,
746 2276 812 2304 etc.,
829 2271 940 2298 vocibus
954 2270 1156 2305 exprimuntur,
1169 2278 1199 2297 ea
1212 2271 1302 2298 omnia
1317 2278 1371 2297 non
1383 2275 1447 2297 sunt
1461 2271 1531 2297 inter
1549 2278 1578 2297 se
1589 2270 1792 2297 confundenda.

165 2324 242 2352 Licet
252 2323 323 2350 enim
340 2320 579 2348 indiscriminatim
594 2319 705 2346 nomine
722 2318 790 2352 legis
806 2317 1003 2352 signiﬁcentur,
1018 2318 1089 2344 aliud
1106 2323 1194 2345 tamen
1209 2322 1250 2344 est
1268 2317 1322 2350 lex,
1338 2318 1411 2344 aliud
1427 2318 1594 2348 mandatum,
1605 2323 1656 2345 etc.
1674 2318 1792 2351 Aposto-

165 2371 209 2398 lus
227 2369 336 2404 quidem
357 2367 440 2401 legem
453 2366 576 2392 umbraut
588 2370 648 2391 esse
661 2364 738 2390 docet
753 2364 906 2390 futurorum
924 2362 1055 2389 bonorum
1066 2365 1088 2394 ',
1101 2368 1129 2390 at
1144 2370 1196 2390 non
1211 2363 1275 2390 item
1293 2363 1460 2397 mandatum,
1477 2369 1532 2391 etc.
1560 2363 1629 2391 llinc
1658 2364 1794 2398 Origenes

163 2416 246 2443 infert
256 2413 386 2450 quidquid
404 2413 473 2446 legis
487 2411 596 2438 nomine
612 2411 637 2437 in
652 2409 777 2436 Mosaicis
804 2409 880 2436 libris
893 2408 1064 2443 exprimitur,
1085 2409 1111 2435 id
1140 2413 1224 2436 totum
1250 2409 1366 2444 mystico
1387 2416 1467 2435 sensu
1494 2409 1684 2444 exponendum
1710 2417 1791 2443 esse;

163 2471 241 2491 secus
256 2470 319 2489 vero
336 2459 466 2495 quidquid
483 2457 613 2489 mandati,
629 2457 787 2488 testimonii,
815 2455 1057 2491 justitizr,judicii,
1078 2459 1144 2487 etc.,
1171 2454 1284 2482 vocibus
1300 2455 1463 2481 declaratur.
1494 2463 1503 2480 ε
1524 2455 1587 2482 Haec
1604 2463 1669 2489 ergo
1681 2455 1793 2490 singula

164 2508 366 2543 (inquiteadcm
385 2504 517 2539 humilia),
533 2512 593 2537 qua:
610 2510 780 2537 nequaquam
803 2504 954 2530 secundum
978 2502 1096 2528 litteratn
1122 2502 1292 2529 observanda
1312 2509 1372 2529 esse
1395 2502 1461 2528 dicit
1475 2502 1630 2537 Apostolus.
1664 2502 1792 2529 invenies

163 2556 253 2583 omnia
273 2556 330 2582 fere
355 2554 423 2587 apud
441 2551 620 2587 Moysetnsnb
650 2551 715 2586 legis
742 2549 819 2577 titulo
843 2549 989 2584 designari.
1017 2549 1076 2576 iam
1095 2556 1160 2576 vero
1183 2549 1206 2571 si
1235 2548 1260 2571 in
1278 2551 1311 2570 eo
1330 2544 1401 2577 quod
1416 2543 1484 2570 dicit
1501 2550 1509 2569 :
1529 2541 1592 2568 Non
1606 2543 1718 2574 occides,
1737 2550 1790 2570 mm

163 2604 324 2631 adullerium
340 2603 432 2637 facies,
446 2609 496 2628 non
510 2600 640 2634 furuberis
651 2599 671 2629 ⁸.
688 2603 715 2625 et
727 2598 830 2630 reliqua
847 2595 1014 2629 hujusmodi,
1028 2601 1080 2620 non
1095 2592 1217 2619 invenies
1231 2591 1358 2626 quoniam
1375 2590 1441 2623 legis
1458 2590 1564 2617 titulum
1586 2591 1613 2617 in
1631 2591 1663 2617 iis
1677 2591 1786 2625 praemio

163 2651 239 2683 serit,
255 2649 301 2676 sed
325 2635 410 2682 magis
435 2647 492 2673 Itzuc
513 2644 639 2671 mandata
655 2643 791 2674 videntur,
807 2646 834 2668 et
846 2641 906 2668 ideo
923 2647 978 2666 non
994 2638 1150 2665 exinanitur
1162 2638 1232 2670 apud
1250 2635 1397 2670 discipulos
1409 2635 1547 2670 Evangelii
1570 2636 1701 2670 scriptura
1721 2638 1787 2666 ista,

164 2696 211 2722 sed
231 2680 405 2727 aditnplettir,
419 2691 492 2724 quia,
506 2695 534 2716 ut
547 2690 613 2721 dixi,
629 2695 682 2716 non
704 2687 873 2717 mandatum,
893 2684 940 2711 sed
955 2684 995 2710 lex
1012 2682 1112 2709 dicitur
1139 2681 1237 2708 habere
1254 2680 1376 2707 umbram
1401 2682 1553 2708 futurorum
1584 2683 1726 2710 bottorum.
1751 2684 1786 2712 Et

165 2742 225 2768 ideo
239 2745 296 2767 tunc
309 2726 363 2765 nob
375 2746 388 2764 s
401 2737 547 2764 secundum
564 2736 681 2762 litteram
697 2731 873 2761 custodienda
888 2735 963 2757 sttnt.
977 2729 1046 2762 Quid
1061 2736 1129 2763 Opus
1143 2731 1184 2754 est
1198 2727 1225 2753 in
1243 2726 1285 2753 his
1298 2726 1455 2761 allegoriam
1470 2734 1600 2763 quaerere,
1630 2735 1692 2754 cum
1716 2731 1786 2758 aedi-

201 2831 211 2846 ¹
231 2829 311 2857 Ilcbr.
330 2836 389 2865 vin,
407 2828 432 2855 5.
471 2827 480 2842 '
495 2825 578 2853 llebr.
602 2832 628 2856 ι,
648 2824 673 2852 Ι.
712 2821 821 2859 {Exod
836 2829 882 2854 xx,
900 2821 933 2847 15
958 2827 1034 2855 seqq.
