1895 3057
85 143 118 168 13
716 139 833 169 ΡΒᾸΞΗ

984 141 1067 170 TUM.
1085 143 1117 170 ll.
1685 147 1715 173 ll

83 198 240 227 ftectctiam
255 196 369 224 littera?
383 195 559 224 Ostendimus
577 201 644 229 ergo
659 195 782 230 quaadaut
797 203 859 223 esse
874 203 934 230 qua
947 197 1059 223 omnino
1079 205 1133 224 non
1166 203 1228 225 sunt
1256 200 1389 226 servanda
1417 201 1566 227 secundum
1597 202 1716 228 litteram

83 247 161 282 legis,
172 251 200 275 et
213 254 276 274 esse
294 246 419 281 quoniam
434 252 492 279 qua;
506 243 634 278 allegOria
650 244 757 278 penitus
782 244 926 271 immutare
940 251 994 271 non
1017 244 1108 276 debet,
1123 246 1170 272 sed
1185 246 1299 273 omnino
1325 247 1361 273 ita
1390 252 1419 274 ιιι
1444 247 1594 282 Scriptura:
1623 250 1656 276 do
1684 250 1718 277 iis

83 295 237 327 continent,
255 292 429 321 observanda
442 291 514 319 sunt.
535 291 611 318 Nunc
628 291 747 325 requiro,
768 292 790 318 si
817 296 880 318 sunt
897 291 988 326 aliqua
1005 299 1066 326 qua:
1079 297 1108 320 et
1127 295 1276 320 secundum
1297 294 1414 322 litteram
1438 296 1548 334 quidem
1564 302 1638 323 stare
1653 305 1718 332 pos-

83 345 158 372 sunt,
175 338 332 366 necessario
346 343 436 365 tamen
453 338 479 364 in
495 337 537 364 eis
550 337 678 372 allegoria
699 337 875 372 requirenda.
892 347 901 364 t
918 338 1087 372 Argumenta
1107 344 1148 365 est
1162 340 1186 366 ei
1202 344 1257 366 ttltn
1272 340 1336 366 illud
1352 341 1423 374 quod
1439 342 1472 368 de
1487 343 1660 369 matrimonio
1676 344 1719 372 di-

82 393 156 417 ctum
171 394 254 422 es',et
265 389 299 415 ad
314 388 408 416 Jesum
423 393 502 422 atque
517 387 666 414 Ecclesium
681 387 715 414 ab
732 387 862 421 Apostolo
873 387 1002 420 refertur,
1021 393 1077 414 tum
1094 388 1207 415 historia
1224 389 1317 416 lsutael
1331 394 1358 416 et
1379 390 1463 421 lsaac,
1488 391 1561 425 Agar
1573 396 1599 418 ct
1628 390 1715 423 Serm,

82 444 144 470 quae
159 436 306 471 allegorice
323 436 358 463 ab
369 436 463 463 eodem
477 434 606 470 Apostolo
620 436 768 470 exponitur
783 444 789 461 :
804 440 861 462 tuttt
884 436 975 462 subdit
992 443 999 462 :
1023 444 1032 460 ι
1050 435 1238 469 Ostendimus,
1253 441 1283 463 ut
1300 438 1408 471 opinor,
1433 438 1597 466 auctoritate
1618 439 1716 466 divina:

83 483 245 518 Scriptura,
261 491 294 510 ex
310 483 344 510 iis
358 491 417 518 qua:
436 483 462 510 in
479 483 538 517 lege
548 483 649 517 scripta
669 488 744 514 snnt,
756 482 844 517 aliqua
862 483 971 517 penitus
984 482 1144 518 refugienda
1157 490 1229 515 esse,
1241 489 1269 511 et
1282 485 1412 516 cavenda,
1429 493 1463 513 ne
1478 487 1626 514 secundum
1642 487 1715 514 litte-

83 536 140 554 ram
155 528 190 555 ab
205 528 346 563 Evangelii
362 528 501 563 discipulis
518 528 716 560 observentur;
731 529 854 562 quaedam
866 535 931 555 vero
950 529 1107 556 omnimode
1118 534 1148 556 ut
1167 529 1266 564 scripta
1291 535 1355 557 sunt
1373 531 1517 558 obtinenda
1533 539 1541 565 ;
1555 532 1607 560 alia
1626 539 1715 560 autem

82 574 184 602 habere
196 575 307 608 quidem
323 575 471 602 secundum
490 574 612 601 litteram
625 574 769 601 veritatem
784 574 838 606 sui,
856 575 977 607 recipere
991 579 1081 603 tamen
1099 576 1202 603 utiliter
1222 581 1250 604 et
1275 577 1430 604 necessario
1442 578 1524 604 etiam
1537 579 1714 614 allegoricnnt

80 627 203 647 sensum.
223 620 281 647 Erit
297 627 366 655 ergo
379 620 433 655 jam
445 620 573 655 sapientis
585 619 681 647 scriba:
696 623 724 646 ct
737 620 826 646 edocti
839 620 874 646 de
891 627 974 654 regno
989 620 1047 653 Dei;
1065 621 1110 655 qui
1130 621 1200 648 sciat
1224 621 1258 649 de
1283 623 1419 650 thesauris
1439 623 1481 650 his
1496 625 1620 658 proferre
1645 634 1714 653 nova

80 671 110 693 et
125 671 219 694 vetera
229 687 237 699 ,
250 666 464 700 scircquomodo
479 665 506 693 in
527 673 691 700 unoquoque
709 665 770 693 loco
786 665 936 700 Scriptura:
949 673 996 693 aut
1007 666 1119 700 abjiciat
1133 667 1240 701 penitus
1253 669 1422 696 occidentem
1439 669 1568 702 litteram,
1585 676 1631 698 aut
1641 680 1711 699 con-

81 711 174 739 lirntet
186 712 340 739 omnimode
354 717 383 738 ut
403 711 551 742 ulilem,ac
584 712 766 738 necessariam
783 712 880 747 probet
891 712 988 740 littcrze
1006 713 1175 745 doctrinam;
1196 718 1252 746 aut,
1276 720 1403 742 manente
1416 715 1542 749 historia,
1560 723 1713 752 opportuno

79 763 107 784 et
121 757 254 784 decenter
269 757 423 785 iutroducat
443 758 525 785 etiam
541 758 687 793 mysticum
705 765 844 785 sensuum
863 758 895 785 Et
913 760 1009 794 paucis
1024 760 1193 794 interiectis:
1210 770 1219 786 ι
1235 760 1318 795 igitur
1332 768 1364 789 ex
1381 762 1422 789 his
1450 770 1510 796 qua:
1540 765 1711 798 protulimus.

78 805 183 840 paucis,
199 805 221 832 si
234 806 280 838 qui
301 809 366 832 sunt
388 806 501 832 studiosi
521 806 547 832 in
561 806 711 840 Scripturis
722 806 830 837 divinis,
852 806 980 840 perfacile
995 807 1120 839 colligere
1134 812 1259 842 poterunt
1271 808 1353 835 etiam
1377 813 1540 836 ceterorum
1555 811 1712 838 distinctio-

79 861 135 880 nes.
154 852 274 888 Sapiens
286 853 359 880 enittt
372 853 395 881 si
413 854 516 885 audiat,
531 854 632 888 inquit,
652 854 775 886 verbum,
789 863 841 881 Il0ll
859 855 947 882 solum
961 854 1093 888 laudabit,
1106 856 1154 883 sed
1169 860 1197 882 ct
1213 855 1322 890 adjiciel
1337 856 1371 882 ad
1389 855 1465 883 illud.
1485 856 1555 889 Quid
1576 856 1682 890 adjiciat
1700 858 1713 885 ἶ

79 902 112 929 Ut
125 903 256 930 discutiat
269 907 297 929 et
309 902 446 930 discernat
458 903 484 935 in
497 902 612 937 singulis
627 902 779 937 quibusque
791 902 919 936 capitulis
936 902 1016 938 legis,
1031 902 1075 929 ubi
1119 903 1246 938 fugienda
1262 903 1298 930 sit
1317 903 1382 938 legis
1403 903 1491 930 littera
1505 923 1513 935 .
1536 905 1580 931 ubi
1607 905 1709 940 amplo-

81 949 194 981 ctcnda,
209 949 257 977 ubi
278 949 359 976 etiam
378 949 497 976 narratio
513 950 634 977 historia:
648 957 710 976 cum
733 950 845 985 tnystica
866 951 1035 985 expositione
1050 951 1202 978 conveniat.
1223 950 1348 978 Christus
1367 951 1439 978 euiut
1458 959 1508 978 nos
1533 952 1648 978 redemit
1677 953 1712 979 de

76 994 222 1021 maledicto
233 994 313 1029 legis,
327 1003 381 1022 nott
400 1003 449 1022 ttos
465 995 581 1022 redemit
600 995 634 1021 de
646 995 790 1022 maledicto
806 995 936 1027 mandati,
959 1003 1008 1023 nec
1023 998 1057 1023 de
1071 997 1213 1024 maledicto
1226 997 1385 1029 testimonii,
1405 1004 1455 1023 nec
1467 997 1500 1024 de
1511 997 1654 1024 tttalcdieto
1667 998 1712 1032 ju-

74 1040 218 1072 diciorunt,
232 1041 281 1068 sed
297 1041 330 1068 de
349 1040 493 1068 maledicto
513 1040 597 1075 legis;
612 1040 638 1068 id
650 1045 702 1073 est,
718 1049 751 1068 tte
765 1041 879 1075 subjecti
891 1048 1016 1068 essemus
1030 1042 1231 1069 circuntclsioui
1247 1041 1351 1074 carnis,
1368 1049 1418 1069 nec
1437 1042 1621 1070 observationi
1639 1044 1709 1070 Sab-

75 1086 216 1119 butorum,
231 1087 348 1122 aliisque
361 1087 455 1114 ltoruut
466 1088 613 1121 similibus,
627 1096 687 1123 quae
701 1096 755 1115 non
771 1089 798 1115 in
815 1088 960 1120 utaudatis,
978 1090 1025 1116 sed
1039 1089 1065 1116 in
1082 1089 1143 1123 lege
1155 1090 1283 1116 discenda
1298 1094 1364 1116 sunt
1380 1090 1543 1117 contineri.»
1562 1090 1600 1117 Ex
1613 1091 1708 1117 ltorum

74 1134 271 1168 principiorum
288 1134 359 1162 serie
372 1134 513 1170 Origenes,
525 1134 634 1169 quando
650 1140 811 1162 accuratuut
823 1135 856 1162 de
877 1135 993 1169 mystico
1014 1141 1095 1163 sensu
1109 1135 1208 1163 habere
1229 1135 1285 1162 vult
1300 1142 1467 1167 sermonem,
1490 1136 1603 1163 vocibus
1624 1137 1709 1163 utitur

73 1180 147 1207 valde
161 1180 309 1210 restrictis.
324 1185 352 1207 ut
365 1188 427 1207 cum
441 1181 552 1207 homilia
572 1180 666 1215 quinta
686 1180 712 1207 iu
725 1180 876 1207 chiticum
897 1180 935 1207 alt
947 1179 1117 1215 Scripturatn
1135 1189 1145 1207 ι
1168 1181 1291 1215 quaedam
1306 1181 1332 1207 in
1351 1188 1384 1208 se
1396 1181 1518 1208 ctelcstia
1536 1182 1704 1213 continere,-

72 1231 98 1252 et
109 1226 156 1254 lib.
170 1234 198 1253 tv
207 1226 249 1253 De
262 1227 410 1260 principiis,
430 1235 439 1251 r
457 1226 674 1261 dispensationcs
687 1226 819 1260 quasdam
834 1226 962 1260 mysticas
975 1225 1090 1252 indicari
1105 1233 1152 1260 per
1169 1226 1352 1260 Seripturas.t

428 1286 524 1312 Anrtc.
544 1283 588 1311 Ill.
605 1290 638 1310 ne
651 1291 798 1310 UTILITATB
817 1291 852 1310 ET
868 1290 1045 1310 ιιιυεδτλκτιλ
1062 1290 1158 1310 sums

605 1290 638 1310 DE
651 1291 798 1310 UTILITATB
817 1291 852 1310 ΕΤ
868 1290 1045 1310 ΡΠΕϋτΔΝἸῚΔ
1062 1290 1158 1310 εειεδυδ
1177 1291 1348 1311 ιιττειιΛιις.

105 1341 144 1369 Ex
163 1343 287 1377 Origene
301 1342 349 1370 lib.
362 1341 439 1369 tv‘De
452 1342 599 1376 principiis,
616 1348 691 1368 num.
707 1341 753 1373 12,
767 1340 912 1369 litteraiettt
930 1347 1042 1368 sensum
1061 1349 1070 1366 ι
1089 1341 1171 1368 etiam
1186 1348 1233 1375 per
1246 1348 1275 1368 se
1290 1341 1384 1369 utilem
1396 1348 1456 1368 esse
1480 1349 1570 1375 posse,
1588 1346 1704 1369 testatur

71 1395 163 1415 eorum
180 1388 328 1415 multitudo
343 1389 388 1423 qui
406 1388 522 1423 ingenue
540 1393 567 1414 et
578 1387 739 1422 simpliciter
751 1386 939 1414 crediderunt.
960 1395 970 1412 ι
993 1385 1094 1412 Ibidem
1109 1386 1158 1412 sub
1172 1386 1253 1413 linem
1269 1393 1344 1414 num.
1362 1386 1407 1417 ll,
1422 1392 1567 1421 postquam
1583 1386 1705 1421 singula-

71 1435 115 1461 tim
132 1436 279 1462 enarravit
295 1436 322 1463 itt
336 1443 392 1470 quo
412 1435 538 1463 litterulis
553 1442 650 1462 sensus
669 1435 812 1466 consistat,
824 1434 864 1462 sic
875 1433 1015 1460 concludit
1029 1442 1036 1460 :
1052 1444 1061 1459 I
1077 1433 1103 1459 ld
1117 1433 1189 1460 enint
1199 1433 1364 1469 propositum
1379 1434 1438 1466 fuit,
1451 1439 1480 1461 ut
1494 1435 1580 1469 ipsum
1594 1442 1704 1469 quoque

71 1481 257 1514 spiritualium
275 1482 477 1512 indumentum,
495 1481 520 1508 id
536 1486 587 1512 est,
601 1481 673 1515 quod
689 1481 715 1507 in
732 1480 883 1515 Scripturis
897 1486 1060 1514 corporeum
1077 1482 1130 1510 est,
1150 1480 1176 1507 ιιι
1193 1479 1286 1506 multis
1302 1488 1354 1507 tton
1366 1479 1401 1506 sit
1417 1480 1521 1511 inutile,
1540 1481 1586 1508 sed
1603 1481 1702 1508 multos

71 1528 166 1562 possit,
184 1532 322 1562 quantum
338 1535 453 1562 capaces
466 1532 540 1559 sunt,
553 1528 679 1554 meliores
702 1526 821 1554 ctlicere.
841 1535 850 1551 t
868 1525 969 1553 Eodem
988 1525 1047 1552 fere
1066 1525 1146 1552 tnodo
1161 1525 1322 1552 diluitCelsi
1336 1525 1486 1553 calumnias
1499 1525 1546 1552 lib.
1564 1533 1589 1552 tv
1604 1533 1700 1554 contra

71 1574 258 1608 impudentem
292 1573 366 1600 illuttt
396 1573 578 1608 Epicureum,
596 1572 718 1600 ιιιιιιι.49
740 1582 747 1599 :
766 1581 775 1597 ι
794 1571 870 1604 Quod
895 1570 920 1599 si
944 1570 1067 1605 legisset,
1090 1570 1187 1605 inquit.
1215 1576 1321 1598 nostras
1354 1578 1433 1605 u‘quo
1462 1571 1552 1599 attimo
1580 1572 1702 1607 Scriptu-

72 1628 123 1651 ras.
138 1629 192 1647 ttott
210 1620 327 1647 dixisset
342 1620 435 1654 utique
448 1628 491 1646 ea:
506 1628 557 1646 non
570 1627 645 1652 posse
661 1619 818 1653 allegoriam
834 1618 908 1652 -pati.
936 1617 1030 1651 Neque
1045 1617 1117 1644 enim
1134 1624 1166 1644 ex
1182 1616 1293 1644 historia
1310 1616 1377 1651 ipsa,
1393 1617 1439 1644 sed
1457 1625 1489 1644 ex
1508 1618 1659 1652 pruphetiis
1675 1620 1700 1645 iu

69 1666 164 1699 quibus
177 1666 302 1692 historiae
319 1670 475 1697 narrantur,
486 1672 652 1699 cognoscere
667 1669 709 1691 est
724 1671 785 1697 quze
799 1663 854 1690 sint
869 1663 999 1694 historia),
1020 1670 1081 1697 qua:
1094 1669 1127 1690 eo
1143 1663 1196 1689 liue
1211 1661 1318 1696 scriptae
1330 1668 1393 1689 sunt
1421 1667 1448 1690 ιιι
1461 1662 1597 1698 allegoriis
1611 1665 1700 1698 ωηιῐί-

70 1717 198 1740 urentur
216 1722 225 1740 :
239 1713 312 1746 quod
325 1712 527 1746 sapientissime
544 1713 682 1746 provisum
696 1715 750 1742 est,
775 1716 804 1737 ut
829 1714 857 1736 et
881 1709 997 1744 simplici
1016 1708 1135 1736 lideliuut
1151 1708 1240 1744 vulgo,
1255 1713 1282 1735 et
1297 1708 1330 1735 iis
1345 1708 1440 1743 paucis
1456 1710 1700 1745 convenirent,q~xi
1748 1720 1750 1725 -

71 1767 111 1787 res
128 1761 214 1786 altius
225 1763 253 1786 et
272 1761 422 1794 prudenter
434 1757 552 1785 scrutari
569 1756 679 1788 vellent,
695 1761 742 1782 aut
760 1760 901 1790 possent.»
917 1755 949 1782 Et
963 1754 1032 1781 libro
1049 1754 1146 1788 primo,
1165 1761 1238 1780 num.
1256 1753 1286 1780 18
1303 1763 1310 1780 :
1328 1754 1418 1789 (Age,
1441 1754 1529 1787 Celse,
1553 1756 1648 1789 profer
1672 1757 1698 1784 iu

70 1807 185 1833 medium
199 1806 274 1838 Lini,
292 1804 395 1836 Musaei,
408 1803 508 1837 Orpltei
525 1807 663 1838 poemata,
678 1807 706 1829 et
722 1802 884 1837 Pherecydis
910 1801 1061 1828 historiam.
1077 1800 1209 1834 Compara
1229 1800 1286 1827 [nec
1302 1800 1403 1834 scripta
1433 1808 1494 1828 cum
1512 1800 1612 1836 Moysis
1630 1803 1698 1837 legi-

69 1854 127 1885 bus,
147 1852 260 1879 illorunt
272 1851 402 1878 historias
419 1857 480 1877 cum
495 1850 552 1884 ejus
567 1850 701 1881 historiis,
718 1848 838 1876 morales
850 1848 957 1875 illorum
982 1847 1092 1881 regulas
1109 1854 1170 1874 cum
1193 1845 1251 1880 ejus
1267 1846 1373 1881 legibus
1388 1851 1416 1874 et
1428 1848 1580 1882 praeceptis.
1597 1847 1696 1875 Consi-

69 1900 131 1926 dera
146 1903 207 1925 utra
220 1899 278 1926 sola
292 1898 407 1924 lectione
418 1897 557 1924 auditores
573 1903 587 1922 a
606 1895 680 1922 vitiis
696 1901 825 1926 avocare,
839 1893 935 1921 utrain
947 1900 1060 1928 pravum
1075 1892 1203 1919 indurare
1222 1892 1306 1926 magis
1320 1891 1439 1918 valeant.
1453 1892 1485 1919 Et
1499 1893 1592 1920 attittto
1608 1898 1695 1921 teettnt

69 1944 153 1979 cogita
176 1948 240 1970 tuos
255 1942 317 1970 illos
332 1943 478 1976 scriptores
494 1941 594 1967 nullam
610 1947 678 1974 pene
699 1939 852 1973 vulgarium
874 1938 1005 1965 lectorum
1035 1937 1162 1964 habuisse
1188 1937 1334 1968 rationem,
1357 1936 1403 1963 sed
1423 1944 1500 1964 suam
1523 1938 1556 1964 iis
1578 1937 1644 1964 solis
1670 1945 1700 1965 ιιι

70 1997 148 2017 vocas
161 1989 362 2024 philosophiam
380 1988 534 2022 scripsisse,
549 1987 594 2021 qui
613 1985 772 2020 tropologiis
788 1985 862 2011 illam
883 1983 1078 2019 allegoriisque
1099 1983 1272 2016 interpretari
1295 1983 1405 2010 scirent.
1422 1983 1456 2010 At
1483 1983 1590 2019 Moyses
1627 1985 1700 2012 haud

68 2045 145 2064 secus
158 2044 191 2063 ac
207 2042 339 2063 strenuus
352 2040 457 2066 orator,
474 2035 520 2068 qui
538 2034 655 2068 aliquant
671 2032 781 2059 dicendi
798 2032 914 2066 liguram
932 2031 1079 2058 meditatus
1097 2030 1199 2056 ttullutu
1219 2029 1331 2056 verbum
1348 2029 1451 2064 profert
1465 2030 1538 2064 quod
1560 2031 1694 2066 duplicent

68 2091 176 2110 sensum
193 2084 296 2110 habere
315 2090 368 2109 tton
383 2081 479 2116 possit,
502 2081 527 2107 itt
542 2080 600 2106 suis
612 2079 732 2112 quinque
745 2077 822 2104 libris
838 2077 963 2104 eamdem
979 2076 1135 2104 observavit
1148 2075 1267 2111 regulam
1283 2095 1290 2106 ,
1314 2075 1350 2102 ita
1367 2081 1398 2102 ut
1417 2083 1503 2110 neque
1533 2077 1699 2104 multitudini

68 2129 222 2157 Iudaeorum
232 2130 280 2165 qui
296 2129 356 2162 ejus
371 2129 476 2163 legibus
491 2127 667 2162 regebantur,
683 2125 790 2152 dederit
806 2124 832 2151 in
852 2123 972 2150 moribus
985 2122 1115 2157 peccandi
1142 2122 1247 2154 locum;
1269 2129 1356 2156 neque
1372 2121 1560 2157 sagacioribus
1583 2121 1696 2149 lectori-

70 2178 117 2205 lnts
130 2178 175 2212 qui
196 2178 251 2204 rari
265 2181 340 2208 sunt,
359 2174 575 2208 legislatorisque
591 2172 760 2198 voluntatem
775 2171 903 2205 indagare
917 2169 1083 2201 volentibus,
1099 2168 1194 2196 altiora
1211 2167 1400 2202 pcrscrutandi
1416 2168 1529 2195 materia
1546 2167 1671 2195 defuerit.
1685 2178 1694 2193 ι

70 2224 100 2251 Et
112 2225 211 2252 iterum
228 2223 278 2250 lib.
294 2229 331 2253 tv,
349 2228 424 2247 ntttn.
437 2220 471 2247 50
488 2229 495 2246 :
514 2229 524 2244 ι
538 2218 718 2253 lneptissima,
736 2217 835 2251 inquit,
852 2223 906 2243 tmo
921 2215 1010 2250 potius
1039 2215 1120 2249 impia
1135 2222 1194 2248 qua:
1214 2213 1299 2242 Graeci
1324 2212 1435 2240 fabulati
1453 2219 1526 2241 sunt.
1541 2213 1635 2240 Nostra
1650 2222 1699 2240 au-

72 2277 121 2298 tem
133 2272 215 2298 etiam
229 2269 427 2304 simpliciorum
440 2266 606 2293 multitudini
624 2269 689 2292 sunt
708 2262 912 2291 accommodata
932 2270 939 2289 :
959 2261 1009 2289 sed
1024 2260 1104 2294 hujus
1124 2260 1214 2294 captui
1228 2267 1257 2287 se
1279 2265 1464 2294 attetuperare
1488 2267 1541 2287 non
1568 2265 1699 2287 curarunt

70 2318 223 2344 Cnet-arum
245 2314 402 2342 fabularum
415 2318 551 2340 auctores.
570 2311 646 2339 Unde
661 2319 714 2338 tton
731 2311 868 2338 immerito
884 2317 959 2337 esua
976 2309 1113 2344 republica
1134 2308 1209 2336 Plato
1235 2307 1342 2334 fabulas
1364 2307 1496 2341 ejusmodi
1521 2312 1548 2334 et
1572 2311 1694 2341 poemata

71 2364 240 2391 exterminat.
262 2371 272 2388 ι
1543 2400 1546 2404 .

219 2423 316 2449 Ακτια.
338 2420 381 2449 iv.
402 2426 436 2448 DE
456 2427 554 2448 FALSIS.
574 2426 702 2447 AISURDIS
720 2427 808 2451 ATQUE
830 2425 1038 2446 ιιιροεειιιιιιιιιιε
1054 2423 1114 2448 θυι
1132 2424 1157 2443 IN
1178 2423 1208 2443 SB
1227 2422 1363 2443 CONTINET
1382 2421 1539 2442 SCRIPTURA.

104 2480 159 2509 lloc
175 2487 216 2509 est
231 2481 356 2516 Origenis
371 2480 532 2515 principium
549 2481 669 2506 omnium
685 2479 803 2506 maxime
817 2478 991 2513 stupendum,
1007 2477 1136 2511 quodque
1163 2475 1291 2509 majorem
1319 2482 1412 2502 sceuttt
1438 2473 1583 2508 perniciem
1603 2471 1696 2500 alferl.

73 2523 156 2556 ipsum
172 2521 390 2548 indiscriminate
405 2525 438 2546 ad
451 2529 560 2549 omnem
573 2526 755 2557 Seripltlram,
767 2525 818 2552 hoc
834 2530 888 2555 est,
899 2523 932 2549 ad
949 2528 1097 2556 utrumque
1114 2521 1320 2548 Testamentum
1329 2525 1357 2546 et
1372 2519 1405 2546 ad
1419 2517 1539 2552 singulas
1555 2517 1698 2552 utriusque

72 2570 236 2597 Testamenti
250 2574 353 2604 partes,
370 2569 404 2594 ad
418 2569 502 2602 leges.
514 2569 547 2596 ad
566 2574 712 2604 praecepta.
729 2569 761 2595 ad
777 2572 950 2595 narrationes
965 2569 1123 2601 historicas,
1143 2572 1171 2595 et
1195 2568 1229 2595 ad
1247 2567 1320 2602 ipsas
1334 2573 1419 2601 usque
1435 2565 1591 2600 pmpltetias
1603 2570 1697 2592 cxten-

74 2617 123 2643 dit.
139 2615 268 2648 Quoniam
292 2622 358 2642 vero
380 2614 512 2648 prolixam
530 2614 648 2648 postulat
670 2613 802 2641 articulus
821 2613 873 2640 iste
899 2613 1130 2646 disquisitionem,
1155 2614 1183 2639 ln
1211 2614 1303 2647 plures
1319 2613 1395 2639 illaut
1407 2611 1593 2646 paragrapitos
1618 2619 1695 2639 seca-

76 2664 169 2690 bimus.

77 2719 90 2752 ᾗ
110 2719 129 2745 ι.
144 2718 183 2744 Es
197 2717 310 2753 Origene
327 2716 466 2750 Scriptura
477 2723 555 2743 sacra
571 2719 624 2753 tant
643 2711 711 2753 N_ov_t
728 2721 805 2753 quam
829 2713 1099 2753 Vellet-is‘Tethnu-nli
1111 2714 1256 2753 secundum
1270 2712 1409 2740 litteralem
1432 2720 1536 2739 sensum
1552 2711 1693 2745 intellecta,

560 2748 642 2774 multa
662 2748 738 2774 habet
751 2748 831 2782 falsa,
844 2748 959 2775 absurda
973 2754 995 2775 et
1009 2749 1193 2782 impossibilia.

112 2809 277 2837 Paradoxum
293 2807 358 2834 illud
375 2807 451 2834 nobis
467 2806 593 2841 proponit
608 2805 677 2832 libro
691 2811 718 2831 tv
735 2803 772 2831 De
786 2805 931 2838 principiis,
953 2813 1027 2832 num.
1045 2805 1078 2832 l5
1092 2809 1120 2832 et
1134 2805 1179 2838 16,
1193 2805 1235 2832 Itis
1251 2805 1341 2832 verbis
1361 2814 1368 2832 :
1388 2814 1397 2832 ι
1420 2805 1551 2839 Quoniam
1570 2805 1591 2832 si
1621 2803 1688 2836 legis

79 2857 176 2885 utilitas
192 2863 219 2885 et
233 2857 364 2883 varietate
380 2854 517 2882 obiectans
536 2852 655 2880 historiae
671 2851 757 2880 series
770 2846 870 2887 ultique
885 2860 914 2881 se
935 2853 1072 2887 proderet,
1087 2860 1139 2881 non
1157 2853 1249 2887 utique
1266 2852 1477 2881 credidissemus
1507 2851 1578 2879 aliud
1610 2850 1692 2885 quid-
