1895 3057
181 118 192 144 Ι
199 118 215 144 5
823 117 929 146 PMF‘

1071 124 1075 142 t
1094 117 1175 147 TOM.
1196 117 1229 146 11.
1788 124 1819 152 16

179 175 242 200 dam
261 178 360 209 praeter
380 173 407 201 id
426 173 499 209 quod
510 173 620 201 obvitun
638 176 691 207 est,
706 173 733 201 in
747 172 903 209 Scripturis
917 173 1034 210 intelligi
1049 181 1140 209 posse;
1159 173 1263 201 idcirco
1279 172 1326 201 Dei
1339 171 1457 200 Verbum
1471 173 1496 201 in
1522 174 1580 208 lege
1598 182 1630 202 ac
1646 170 1761 203 historia
1775 178 1820 203 tn-

180 220 288 254 terponi
308 221 417 247 curavit
436 220 599 248 oll‘endicula
615 225 643 248 et
662 220 843 255 impossibilia
857 222 996 256 quaedam.
1019 229 1052 248 ue
1067 221 1189 248 dictione
1201 220 1269 247 nihil
1279 224 1378 254 praeter
1393 219 1551 247 illecebram
1566 220 1686 248 habente
1699 221 1819 255 deliniti,

178 273 206 294 et
218 267 285 294 nihil
300 267 355 296 Deo
374 268 486 303 dignum
496 268 681 300 addiscentes.
698 268 808 297 tandem
828 275 843 295 a
856 268 993 302 dogmatis
1006 268 1177 300 recedamus,
1198 273 1245 294 aut
1270 266 1347 294 nuda:
1376 266 1476 294 litterae
1505 267 1613 302 penitus
1635 267 1818 300 adimi-entes,

179 315 248 342 nihil
262 315 380 342 divinius
394 316 587 350 percipiamus.
606 315 673 343 illud
690 320 824 350 prieterea
835 315 978 343 sciendutu
993 320 1035 343 est
1053 324 1060 343 :
1075 315 1142 343 Cum
1159 322 1192 343 eo
1209 314 1346 350 praecipue
1360 319 1465 349 spectet
1479 314 1527 342 Dei
1546 315 1666 342 Verbum
1681 319 1711 342 ut
1721 321 1725 325 '
1737 315 1818 342 intel-

183 361 302 394 ligentia:
313 362 445 398 spiritalis
459 363 683 396 consequentiam
695 362 831 391 custodiat
849 362 876 389 in
895 362 975 389 rebus
988 362 1074 397 gestis
1087 367 1115 389 et
1131 361 1258 397 gerendis
1273 380 1281 393 ,
1301 361 1348 388 ubi
1363 361 1512 388 secundum
1528 360 1670 388 historiam
1686 361 1821 396 quaepiam

180 409 284 436 invenit
297 417 359 444 qua:
371 409 479 436 arcanis
494 409 553 436 istis
564 408 766 436 accommodari
779 413 902 443 possent,
917 408 971 436 illis
986 416 1052 435 usus
1070 413 1124 440 est,
1142 407 1235 435 multis
1249 407 1390 436 occultans
1402 407 1596 435 abstrusioran
1612 415 1724 435 sensum
1740 416 1748 440 ;
1775 407 1821 435 ubi

180 461 244 481 vero
261 454 438 488 explanandze
453 454 489 482 illi
508 453 672 488 spiritalium
686 455 849 481 connexioni
867 462 919 481 non
936 453 1115 481 conveniebat
1130 458 1266 481 certarum
1285 454 1465 488 quarumdam
1479 461 1568 480 rerum
1589 454 1715 487 historia,
1733 456 1820 483 inter.

178 499 264 527 seruit
278 499 421 533 Scriptura
439 499 561 527 historiae
574 499 646 534 quod
662 500 764 527 factum
781 507 834 527 non
848 504 919 532 erat,
933 499 987 527 imo
1005 500 1150 534 aliquando
1162 500 1233 534 quod
1251 499 1309 526 ﬁeri
1330 507 1382 526 non
1397 504 1522 534 poterat;
1539 501 1703 536 quandoque
1728 507 1820 529 autern

177 545 250 578 quod
263 550 371 579 paterat
383 544 494 579 quidem
511 544 581 576 licri,
594 545 641 572 sed
665 549 754 572 tamen
770 544 870 571 factum
890 552 943 571 non
959 549 1012 571 est.
1028 545 1134 571 Accidit
1149 545 1232 571 etiam
1248 544 1398 576 interdum,
1426 550 1455 571 ut
1475 552 1569 578 pauca:
1597 546 1750 579 interiecta:
1764 549 1822 575 sint

178 593 313 621 dictiones
327 593 449 626 veritati,
466 593 488 619 si
505 592 540 619 ad
556 600 655 627 corpus
672 597 786 626 spectes,
806 599 859 620 non
875 597 1078 619 consentanea).
1094 593 1142 620 Est
1157 592 1202 619 ubi
1220 592 1311 619 multae
1328 592 1484 626 hujusmodi
1498 598 1571 620 sunt.
1587 593 1658 620 Idem
1674 594 1732 622 fere
1741 595 1821 631 judi-

177 639 249 666 cium
266 639 299 665 de
314 638 372 673 lege
386 638 530 665 ferendum
545 642 596 671 est,
613 638 658 665 ubi
677 645 748 672 saepe
760 638 899 673 quidpiam
919 637 1054 672 reperitur
1070 646 1118 673 per
1137 645 1167 665 se
1185 637 1251 665 utile
1262 642 1288 665 et
1301 638 1469 673 temporibus
1483 638 1551 674 legis
1565 641 1751 675 conveniens;
1766 642 1822 670 ali—

178 685 288 717 quando
302 690 393 712 autetn
409 684 482 712 trulla
500 689 613 720 apparet
624 685 738 712 utilitas.
759 685 829 718 Quin
843 690 870 712 et
891 684 1028 711 interdum
1045 685 1241 719 praecipiuntur
1258 685 1449 720 impossibilia,
1462 691 1489 712 et
1507 686 1532 713 id
1556 686 1667 721 quidem
1681 695 1714 715 eo
1725 690 1820 717 consi—

179 732 227 765 lio,
244 737 274 760 ut
285 733 329 767 qui
340 733 496 768 sagaciores
511 737 539 759 et
554 733 580 759 in
595 740 686 759 rerum
699 733 878 767 inquisitione
891 733 1013 760 acriores
1025 737 1100 765 sunt,
1121 741 1182 760 sese
1198 741 1288 760 rerum
1309 734 1473 768 scriptarum
1489 735 1703 763 considerationi
1737 742 1821 772 atque

178 778 380 813 investigationi
399 779 511 812 dantes,
537 778 588 806 sibi
604 778 722 806 maxime
737 779 928 812 persuadeant,
943 779 1054 814 dignum
1073 780 1126 806 Deo
1149 779 1175 806 in
1193 779 1246 806 illis
1259 780 1340 807 rebus
1352 787 1461 806 sensum
1485 781 1570 815 qumri
1595 787 1732 815 oportere.
1759 783 1820 812 Non

178 824 267 852 solum
285 829 376 852 autem
392 825 426 852 de
447 824 480 852 iis
492 832 552 859 qua:
569 825 714 852 adventum
727 824 828 853 Christi
844 830 1053 860 praecesserunt,
1065 825 1122 853 haec
1134 825 1252 860 Spiritus
1266 830 1377 852 sanctus
1391 826 1558 859 procuravit,
1574 827 1620 854 sed
1639 832 1731 862 utpote
1747 829 1821 857 idem

179 872 260 899 unius
273 871 452 906 ejusdemque
474 871 520 899 Dei
537 871 667 907 Spiritus,
681 872 751 900 idem
769 872 795 899 in
808 871 963 908 Evangeliis
977 878 1005 899 et
1022 872 1208 907 apostolorum
1223 872 1333 906 scriptis
1347 872 1410 899 fecit
1424 879 1432 898 :
1446 880 1508 899 cum
1533 880 1582 899 nec
1606 873 1650 900 illa
1666 875 1820 902 secundum

178 919 347 954 corporalem
362 926 472 947 sensum
484 920 595 947 omnino
614 920 750 947 sinceram
766 919 884 947 habeant
899 920 1040 947 historiam
1056 927 1150 947 eorum
1174 927 1235 954 qua:
1256 924 1383 947 contexta
1404 924 1479 951 stunt,
1493 923 1521 947 et
1553 924 1641 948 tamen
1667 920 1738 948 facta
1765 929 1820 949 non

179 969 261 996 sntit;
279 971 329 991 nec
353 964 429 998 leges
444 969 471 991 et
486 969 620 999 praecepta
635 963 755 991 habeant
775 964 874 991 rationi
896 970 1095 992 consentanea.
1118 973 1128 990 ι
1147 964 1232 992 Suam
1259 964 1358 992 deinde
1378 965 1542 991 sententiam
1565 970 1689 992 astruere
1720 966 1821 994 nititur

180 1012 274 1040 multis
289 1013 438 1048 Scriptura:
457 1012 524 1040 locis
534 1020 596 1047 quae
607 1015 699 1046 postea
714 1011 833 1038 examini
851 1016 947 1039 nostro
972 1011 1161 1045 subjicientur.
1179 1011 1306 1045 Ejusdem
1324 1011 1386 1039 libri
1413 1020 1489 1039 num.
1520 1013 1537 1040 8
1559 1017 1587 1040 et
1610 1013 1638 1047 9,
1665 1019 1812 1049 postquam

179 1058 348 1086 fundamenti
366 1058 426 1086 loco
439 1059 510 1086 hanc
525 1065 585 1093 quae
596 1062 673 1085 extra
691 1057 905 1085 controversiam
919 1063 973 1090 est,
991 1057 1134 1085 veritatem
1150 1059 1254 1093 posuit,
1269 1065 1303 1085 ex
1322 1057 1493 1093 ignoratione
1507 1061 1556 1086 via:
1567 1067 1620 1093 qua
1635 1060 1820 1088 insistendum

177 1106 211 1132 sit
229 1107 303 1132 utad
321 1104 525 1139 Scripturarum
542 1104 754 1139 intelligentiam
768 1105 956 1140 perveniatut,
975 1109 1057 1133 natos
1066 1111 1127 1132 esse
1139 1111 1250 1131 errores
1261 1103 1395 1137 inﬁnitos,
1420 1105 1447 1132 iu
1466 1105 1620 1138 exemplum
1643 1106 1753 1133 adducit
1766 1106 1822 1134 Ju-

177 1152 262 1185 dazos,
275 1152 432 1186 haereticos,
446 1151 648 1187 nonnullosque
664 1152 705 1179 sui
723 1152 853 1187 temporis
864 1152 1046 1185 Christianos,
1062 1156 1092 1179 ut
1104 1152 1131 1179 in
1143 1151 1255 1179 litterali
1274 1151 1479 1186 Scriptum-um
1493 1145 1721 1189 interpretatione
1735 1154 1820 1182 sitam

177 1207 240 1227 esse
260 1200 358 1234 probet
369 1200 464 1227 falsam
479 1199 561 1227 istam
573 1199 645 1226 viam
658 1206 720 1233 qua:
734 1199 767 1226 ad
784 1199 963 1234 praecipitium
988 1200 1072 1227 ducit.
1088 1209 1097 1225 ι
1118 1199 1183 1226 Duri
1198 1198 1291 1231 corde,
1306 1198 1406 1233 inquit,
1423 1203 1450 1226 et
1465 1199 1556 1228 idiotas
1581 1200 1627 1234 qui
1643 1208 1658 1228 e
1672 1201 1819 1228 circumci-

178 1247 256 1274 sione
269 1245 563 1280 sunt,prophetiarum
576 1251 635 1279 qua:
659 1243 692 1271 de
720 1243 829 1271 Christo
844 1243 994 1276 loquuntur
1019 1244 1165 1272 dictionem
1195 1243 1272 1278 sequi
1295 1251 1324 1272 se
1355 1244 1555 1278 existimantes.
1585 1246 1612 1273 in
1645 1246 1820 1275 Salvatorem

175 1297 302 1321 nostrum
323 1300 376 1319 non
389 1291 584 1324 crediderunt;
600 1296 626 1318 et
642 1298 705 1318 cum
720 1290 841 1318 sensibili
861 1290 940 1318 modo
952 1298 1005 1318 non
1021 1290 1265 1325 cernerentipsum
1281 1290 1445 1325 praedicasse
1468 1292 1586 1327 captivis
1613 1294 1821 1329 remissionem,

175 1346 266 1374 neque
279 1338 432 1365 aedificasse
449 1345 522 1369 eam,
537 1343 618 1372 quam
632 1344 694 1363 vere
710 1337 826 1364 credunt
840 1344 903 1364 esse
929 1336 1067 1363 civitatem
1083 1335 1142 1369 Dei,
1158 1343 1248 1370 neque
1271 1337 1472 1365 exterminasse
1490 1344 1588 1365 currus
1615 1337 1759 1372 Ephraim,
1788 1345 1819 1367 et

177 1393 277 1421 equutu
289 1385 323 1412 de
334 1383 498 1415 Jerusalem,
515 1389 602 1417 neque
613 1382 741 1417 butyrqu
754 1386 780 1409 et
794 1382 846 1409 mel
858 1381 1024 1414 comedisse,
1043 1389 1131 1415 neque
1146 1381 1305 1416 priusquam
1327 1386 1424 1409 nosset
1455 1387 1502 1410 aut
1524 1383 1638 1418 eligeret
1664 1384 1748 1416 mala,
1762 1384 1822 1412 ele—

175 1432 250 1466 gisse
263 1431 385 1463 bonum;
406 1429 458 1457 rati
474 1429 589 1463 insuper
605 1435 666 1455 esse
679 1436 693 1455 a
710 1428 850 1463 prophetis
867 1427 1027 1462 praedictum
1045 1427 1104 1455 fore
1121 1432 1151 1454 ut
1165 1427 1246 1462 lupus
1260 1427 1362 1455 animal
1377 1428 1532 1463 quadrupes
1551 1437 1613 1456 cum
1627 1437 1698 1465 agno
1719 1438 1819 1464 pasce-

177 1484 263 1512 oetur,
281 1477 381 1512 pardus
394 1484 457 1504 cum
477 1475 558 1503 haedo
571 1475 774 1506 stabularetur;
791 1473 899 1506 vitulus,
915 1478 1010 1500 taurus
1026 1477 1053 1500 et
1075 1472 1118 1500 leo
1138 1473 1219 1500 simul
1236 1478 1415 1507 pascerentur
1426 1478 1454 1500 et
1466 1481 1481 1500 a
1495 1475 1611 1510 puerulo
1625 1476 1818 1510 ducerentur;

178 1523 227 1551 bcs
243 1528 270 1550 et
282 1531 361 1551 ursus
374 1530 427 1549 una
442 1521 572 1558 pabulum
588 1524 737 1552 sumerent,
752 1527 846 1547 eorum
861 1519 983 1555 parvulis
997 1519 1078 1547 simul
1093 1519 1239 1553 educatis;
1257 1520 1300 1547 leo
1311 1527 1420 1555 quoque
1436 1526 1465 1547 ut
1491 1521 1540 1548 bos
1554 1522 1631 1556 palea
1643 1528 1817 1558 vesceretur;

180 1569 246 1597 nihil
263 1569 358 1596 horum
375 1569 405 1595 in
419 1568 477 1603 ejus
494 1574 574 1603 quem
589 1567 726 1595 Christum
739 1566 887 1599 credimus,
904 1566 1022 1594 adventu
1044 1566 1212 1594 sensibiliter
1225 1571 1368 1594 cernentes
1380 1567 1493 1599 factum,
1519 1567 1665 1596 Dominum
1691 1576 1821 1598 nostrum

178 1617 272 1645 Jesum
285 1620 389 1642 tantum
400 1615 481 1642 abest
497 1619 526 1641 ut
538 1613 704 1648 receperint,
722 1617 753 1640 ut
769 1612 858 1647 potius
870 1619 933 1639 eum
949 1616 1078 1646 tanquam
1098 1620 1158 1639 sese
1183 1618 1280 1640 contra
1310 1613 1354 1647 jus
1383 1612 1524 1641 Christum
1551 1615 1724 1649 prauiicaret,
1741 1619 1821 1646 cruci

179 1662 325 1700 aﬂixerirtt.
339 1660 468 1689 lizeretiei
483 1665 573 1688 autem
590 1659 711 1695 legentes
732 1668 739 1686 :
760 1658 833 1694 Ignis
847 1658 991 1685 exarsitex
1005 1658 1046 1684 ira
1061 1658 1153 1691 mca‘;
1168 1663 1214 1687 et:
1232 1659 1287 1694 Ego
1313 1659 1385 1688 Deus
1409 1661 1549 1689 wmulalor
1577 1662 1689 1691 reddens
1710 1672 1823 1699 peccata

179 1714 285 1745 patrum
300 1708 327 1734 in
343 1706 413 1742 ﬁlios
426 1706 453 1733 in
468 1706 575 1733 tertiam
587 1710 613 1732 et
625 1709 749 1740 quartam
767 1703 1000 1738 generationem';
1020 1708 1049 1730 et
1065 1713 1072 1731 ε
1096 1703 1208 1731 Paenitet
1224 1713 1265 1731 me
1280 1706 1387 1734 unziue
1405 1706 1474 1734 Saul
1491 1709 1517 1734 in
1536 1709 1657 1743 regem';
1671 1715 1699 1737 et
1720 1720 1727 1738 :
1760 1711 1824 1747 Ego

178 1756 311 1785 Dominus
326 1754 426 1789 faciem
435 1761 530 1788 pacem
544 1758 568 1779 et
580 1759 672 1778 creant
686 1751 757 1778 mala
769 1751 797 1783 ";
810 1756 837 1778 et
852 1749 906 1777 alio
918 1749 978 1777 loco
989 1758 999 1777 :
1015 1750 1076 1777 Non
1084 1755 1122 1777 est
1136 1751 1235 1777 malum
1245 1751 1271 1778 in
1285 1751 1389 1779 civitate
1401 1755 1471 1788 quod
1487 1762 1538 1781 non
1549 1755 1639 1789 fecerit
1655 1756 1786 1785 Dominus
1797 1761 1823 1793 ες

176 1808 206 1830 et
222 1802 289 1829 illud
305 1802 417 1835 insuper
433 1807 440 1825 :
457 1798 653 1826 Descenderam!
666 1797 736 1824 uiola
752 1805 768 1823 α
785 1796 899 1823 Domino
916 1798 944 1823 in
957 1802 1047 1831 portas
1061 1795 1247 1823 Jerusalem“:
1263 1803 1309 1825 et:
1325 1798 1443 1832 Spiritus
1459 1800 1546 1827 malus
1563 1810 1578 1828 a
1596 1801 1650 1828 Deo
1664 1804 1823 1838 su/focabu

179 1848 246 1877 Suul
257 1849 296 1882 ";
311 1853 339 1875 et
354 1848 396 1875 his
411 1846 512 1874 similia
522 1845 722 1881 propemodum
739 1842 856 1875 inﬁnita.
873 1851 972 1879 negare
988 1845 1096 1879 quidem
1110 1851 1158 1871 eas
1178 1851 1239 1871 esse
1262 1844 1309 1871 Dei
1329 1845 1489 1880 Scripturas
1505 1854 1559 1873 non
1584 1848 1643 1874 ausi
1665 1854 1742 1880 sunt.
1769 1852 1822 1877 sed

180 1895 252 1922 illitis
263 1902 344 1929 quem
360 1893 445 1921 Judaei
462 1891 565 1924 colunt,
579 1890 718 1918 Creatoris
738 1896 786 1917 eas
801 1896 862 1916 esse
878 1889 940 1920 rati,
957 1889 1036 1923 quasi
1060 1882 1237 1922 imperfectus
1252 1882 1302 1916 n'ec
1317 1892 1405 1917 bonus
1418 1895 1492 1917 esset
1517 1890 1562 1918 ille
1586 1891 1724 1924 conditor,
1741 1894 1825 1920 arbi-

181 1942 244 1969 trati
262 1944 324 1968 sunt
335 1939 479 1966 advenisse
494 1937 667 1965 Salvatorem
682 1935 728 1970 qui
743 1934 937 1970 perfectioretn
953 1934 1131 1961 altnuntiaret
1149 1933 1246 1966 Deum,
1260 1942 1341 1969 quem
1358 1935 1452 1962 dicunt
1464 1944 1518 1964 non
1539 1944 1601 1964 esse
1615 1939 1710 1965 mundi
1737 1940 1827 1974 opili-

179 1995 251 2018 ccm,
265 1987 290 2013 in
304 1986 394 2012 varias
407 1991 438 2011 ea
455 1983 489 2011 de
511 1990 540 2009 re
557 1982 660 2015 abrepti
680 1981 847 2012 sententias;
861 1985 889 2007 et
901 1985 1045 2014 postquam
1061 1988 1076 2007 a
1096 1980 1226 2008 Creatore
1245 1981 1292 2014 qui
1306 1985 1349 2008 est
1369 1981 1508 2016 ingenitus
1525 1983 1599 2010 solus
1611 1983 1692 2016 Deus,
1708 1984 1826 2012 defece-

181 2037 257 2064 runt,
274 2032 409 2067 [igua-niis
423 2030 604 2060 adhmserunt,
620 2026 782 2062 excogitatis
793 2026 899 2053 ﬁctitiis
919 2025 1119 2061 hypotltesibus
1132 2026 1282 2054 secundum
1298 2034 1367 2060 quas
1392 2027 1463 2055 facta
1486 2035 1546 2055 esse
1561 2033 1659 2063 putant
1685 2029 1826 2063 visibilis.

180 2085 208 2108 et
221 2079 274 2107 alia
288 2078 417 2114 quaedam
434 2074 594 2107 invisibilia,
611 2082 672 2109 qua:
683 2073 776 2100 animo
787 2073 838 2100 sibi
851 2073 1002 2100 tinxerunt.
1015 2072 1171 2106 Quinetiam
1183 2072 1363 2106 simpliciores
1379 2074 1512 2104 nonnulli.
1532 2077 1578 2110 qui
1596 2083 1625 2102 se
1642 2075 1677 2103 de
1692 2075 1825 2105 Ecclesia

180 2134 243 2157 csse
254 2123 555 2161 glori-.mtnr,Creatore
572 2122 681 2157 quidem
698 2120 802 2148 nullum
822 2119 952 2154 majorem
970 2120 1140 2153 existimant,
1153 2127 1247 2146 sanam
1265 2119 1355 2146 hacin
1376 2127 1406 2146 re
1427 2121 1544 2155 amplexi
1570 2122 1750 2155 sententiam;
1768 2131 1826 2149 ve—

182 2181 243 2200 rum
260 2179 291 2199 ea
304 2171 342 2197 .de
359 2171 419 2205 ipso
431 2168 614 2204 suspicantur,
631 2173 691 2201 qua:
710 2173 744 2193 ne
763 2165 796 2192 de
807 2165 919 2193 homine
935 2165 1045 2199 quidem
1058 2165 1249 2193 crudelissimo
1260 2169 1289 2193 et
1307 2165 1488 2200 iujustissimo
1499 2167 1626 2201 cogitare
1643 2167 1685 2195 fas
1710 2169 1758 2195 sit.
1782 2169 1828 2197 iis

180 2225 271 2248 autem
287 2218 415 2246 omnibus
427 2216 499 2244 nulla
519 2214 651 2242 falsarum
673 2213 842 2248 opinionum,
857 2212 930 2240 nulla
947 2212 1096 2248 impietatis
1119 2217 1148 2240 et
1170 2212 1331 2240 stolidorum
1347 2213 1379 2240 de
1402 2213 1456 2240 Deo
1482 2220 1638 2241 sermonum
1661 2223 1742 2243 causa
1756 2224 1829 2245 esse

180 2267 233 2294 alia
257 2266 378 2297 videtur,
396 2271 478 2299 quam
501 2261 649 2297 Scriptura
671 2268 724 2289 nou
752 2259 902 2288 secundum
932 2260 1083 2296 spiritalem
1105 2267 1215 2288 sensum
1245 2260 1397 2294 intellecta,
1419 2261 1467 2289 sed
1492 2262 1640 2289 secundum
1668 2263 1827 2292 litteralcm

180 2317 302 2348 accepta.

183 2372 197 2408 §
219 2371 250 2398 ll.
271 2369 312 2397 Ea:
327 2368 441 2408 Origene
455 2368 482 2394 in
499 2366 686 2408 placcica_lege
709 2365 794 2408 multa
808 2369 869 2408 sunt
889 2373 949 2408 qure
974 2365 1082 2408 litterali
1103 2369 1306 2408 sepsunaccepto
1329 2365 1434 2408 nullam,
1456 2366 1551 2408 habent
1576 2367 1681 2408 seriem,
1713 2368 1831 2408 nullam

219 2399 443 2440 consequentiam,
457 2403 503 2430 sed
517 2402 606 2436 potius
617 2399 791 2436 imponibilia
806 2404 879 2435 sunt,
894 2399 994 2428 rationi
1016 2400 1164 2434 contraria,
1180 2399 1235 2427 Deo
1249 2399 1369 2436 indigna,
1385 2406 1409 2428 et
1425 2401 1523 2436 legibus
1548 2410 1619 2428 ntere
1634 2404 1759 2430 humanis
1773 2404 1831 2431 in-

216 2441 326 2476 feriam.

218 2501 281 2530 Lib.
297 2508 335 2528 vn
350 2503 445 2526 contra
459 2498 576 2529 Celsum,
593 2504 669 2524 num.
683 2496 719 2523 20
735 2501 762 2523 et
779 2496 826 2530 21,
843 2497 958 2530 objectis
980 2495 1015 2524 ab
1042 2496 1095 2523 hoc
1118 2495 1252 2531 Epicureo
1267 2499 1364 2522 contra
1392 2494 1478 2525 legem
1495 2494 1640 2520 Moss-309m
1655 2501 1710 2517 non
1737 2495 1834 2522 aliter

183 2547 342 2583 respondet,
355 2553 437 2580 qualn
454 2543 596 2578 repudiato
612 2541 722 2569 Iitlerali
736 2548 831 2568 sensu.
863 2551 872 2568 ε
887 2542 951 2567 meo
967 2542 1060 2574 igitur,
1080 2542 1178 2572 inqutt,
1195 2538 1279 2571 legem
1292 2537 1426 2570 duplicem
1442 2542 1512 2569 esse,
1531 2534 1642 2583 alteram
1657 2536 1830 2572 litteralem,

184 2581 355 2629 spiritualetn
375 2590 502 2621 alteram,
528 2593 557 2615 ut
573 2587 630 2621 jam
655 2592 720 2611 ante
736 2592 786 2611 nos
801 2585 912 2618 quidam
930 2584 1092 2611 docuerunt.
1125 2583 1281 2610 Litteralem
1301 2588 1353 2608 n0n
1381 2585 1434 2607 tam
1454 2588 1504 2609 nos
1527 2588 1607 2616 quam
1625 2581 1695 2608 Dens
1712 2582 1773 2616 ipse
1791 2585 1828 2612 in

183 2626 238 2668 υὶιο
252 2647 268 2667 ε
283 2637 424 2674 prophetis
447 2636 562 2669 loquens
584 2636 665 2659 vocat
685 2631 791 2666 judicia
816 2639 867 2657 non
892 2629 971 2661 bona,
996 2633 1124 2662 praecepta
1141 2634 1192 2653 mm
1209 2626 1325 2659 bona”;
1344 2626 1494 2660 spiritualis
1513 2635 1576 2654 vero
1600 2627 1669 2661 apud
1685 2630 1829 2659 eumdem

183 2670 345 2722 prophetam
361 2681 513 2716 appellatur
527 2686 542 2705 a
557 2677 612 2704 Deo
622 2676 728 2711 judicia
743 2676 821 2707 bona,
835 2677 966 2722 precepts
975 2673 1044 2722 itaita
1059 2673 1090 2698 ¹².
1106 2671 1187 2698 Certe
1198 2670 1329 2722 propheta
1345 2672 1438 2698 eodem
1451 2672 1477 2698 in
1490 2672 1548 2722 loco
1561 2680 1650 2722 secum
1662 2676 1830 2722 pugnantia

183 2716 242 2759 non
254 2730 332 2758 dicit.
353 2729 441 2763 Atque
456 2728 538 2755 etiam
554 2727 591 2754 illi
609 2725 712 2753 Paulus
728 2725 862 2752 consonat
878 2720 942 2747 dum
957 2719 998 2746 ait
1012 2718 1138 2749 litteram,
1155 2723 1216 2751 qua:
1232 2716 1302 2744 idem
1317 2721 1358 2744 est
1371 2724 1404 2744 ac
1420 2723 1515 2744 sensus
1526 2716 1661 2749 litteralis,
1677 2719 1826 2755 occidere,

219 2831 229 2846 ⁸
254 2829 355 2856 Jeretn.
374 2835 418 2860 xv,
438 2827 481 2854 Μ.
519 2827 529 2841 ⁵
554 2824 640 2851 Exod.
665 2823 761 2860 xx,_§.
797 2822 818 2860 ξ-
835 2820 967 2860 ἷξες.ήῖ

1104 2817 1114 2833 ⁷
1131 2817 1182 2844 lsa.
1199 2825 1259 2851 xcv,
1276 2816 1303 2844 7.
1342 2817 1353 2834 ⁵
1371 2818 1463 2846 Amos.
1480 2824 1522 2852 ιιι,
1536 2816 1563 2844 li.
1601 2817 1612 2834 ⁹
1626 2817 1708 2847 Mich.
1727 2820 1825 2854 t,12.

186 2867 227 2894 "1
244 2854 462 2901 licgixvntptt).
502 2861 522 2877 ι’
537 2861 636 2887 Ezech.
653 2866 698 2892 xx,
712 2858 757 2885 ‘25.
797 2857 819 2872 "
837 2854 917 2889 lbid.,
935 2854 980 2881 21.
