1897 3059
42 135 61 164 "
722 158 791 187 una

966 159 974 183 l
990 155 1072 185 TOll.
1093 155 1125 182 11.
1686 151 1715 176 l8

47 203 191 255 Ῥίῆίυηδι
207 213 271 246 qui
287 215 392 245 idem
410 219 562 255 signiﬁcat
573 225 604 247 ac
620 225 716 247 sensus
728 217 890 253 spiritualis,
909 216 1041 250 eiriﬁcare
1053 213 1086 242 ".
1106 211 1184 247 Apud
1200 210 1313 239 Paulum
1327 209 1410 244 igitur
1426 208 1548 255 invenire
1561 212 1602 255 est
1617 207 1716 255 similia

52 251 223 290 ᾖ⁵¹1¹¹²¹Ηηὶικὶ
245 251 462 297 propheta";
478 265 613 294 contraria
637 264 688 293 sibi
704 251 765 291 esse
782 263 866 291 videri
882 266 1001 298 possent.
1032 259 1100 288 Nam
1117 257 1343 294 quemadmodum
1358 254 1483 282 Ezechiel
1496 255 1573 287 dicit,
1596 254 1642 282 hic
1657 253 1718 288 qui-

60 300 103 328 dem
115 310 123 329 '.
136 302 204 331 Dedi
221 306 267 334 eis
283 308 422 343 judicia
439 320 498 339 non
519 312 584 339 bona
601 315 625 338 et
636 315 766 345 praecepta
783 317 837 336 non
850 309 917 336 bona
929 310 957 336 in
969 309 1063 343 quibus
1083 315 1134 333 non
1155 306 1237 333 vivent
1249 304 1288 336 “;
1305 303 1361 331 illic
1376 310 1440 330 vero
1458 312 1465 330 :
1483 301 1550 328 Dedi
1569 301 1606 327 eis
1614 299 1718 335 judicia

26 365 34 391 η
68 349 144 377 hauet
162 359 315 388 prmeepta
336 358 423 384 bona
447 359 478 385 in
495 359 588 393 quibus
599 358 683 385 vivent
697 357 740 388 '5;
760 356 799 384 sic
817 355 918 383 l‘anlus
934 355 978 383 ubi
996 355 1082 390 legem
1099 352 1244 380 litteralem
1259 351 1414 385 deprimere
1427 349 1494 380 vult,
1509 348 1548 375 ait
1564 356 1570 374 :
1586 347 1615 375 Si
1631 351 1719 374 autem

33 395 40 441 χ
74 399 212 427 ministratio
226 403 336 430 mortis
357 404 469 432 litteris
484 405 633 439 deformata
647 405 674 431 in
700 403 843 438 lapidibus,
859 403 910 438 fuit
925 403 952 429 in
969 402 1067 437 gloria,
1082 401 1122 428 ita
1140 404 1167 427 ut
1184 407 1235 426 non
1249 403 1351 433 pauent
1368 397 1502 424 intendere
1516 395 1566 430 ﬁlii
1581 394 1666 422 Israel
1690 395 1717 441 in

39 445 45 481 λ
82 446 158 480 litim
174 447 278 483 Moysi:
295 456 420 485 propter
434 450 551 486 gloriam
573 450 659 478 vultus
673 450 731 485 ejus
743 457 802 484 qua:
817 453 980 480 evacuatur;
1003 446 1133 483 quomodo
1148 453 1199 472 non
1216 444 1300 479 magis
1316 443 1476 470 ministratio
1497 441 1606 475 spiritus
1627 439 1717 486 eritrt'n

85 494 153 528 gloria
165 495 208 522 ἐἳ
237 495 292 523 Ubi
318 501 423 524 autem
436 485 595 524 admiratur
609 501 637 524 et
658 496 792 531 approbat
808 495 908 530 legem,
924 495 996 522 illam
1017 492 1187 529 spiritualem
1204 495 1283 518 vocat
1306 499 1313 517 :
1331 489 1444 521 Scimus,
1469 487 1569 522 inquit,
1593 487 1657 522 quia
1676 485 1718 511 lea:

42 533 46 561 ἶ
86 540 219 574 tpiritualis
242 548 282 568 est
294 542 330 569 ".
351 542 434 569 lllatn
453 542 538 570 etiam
569 542 705 578 approbat
723 542 775 569 ltoc
792 541 853 569 loco
875 550 883 569 :
907 540 999 575 Itaque
1012 540 1055 566 (ex
1071 538 1177 574 quidem
1199 541 1301 567 nancta.
1321 540 1345 562 et
1368 534 1523 562 mandatum
1541 537 1672 564 sanctam,
1695 535 1719 557 et

37 616 38 620 η
82 587 188 621 justum,
212 593 236 614 et
253 588 357 615 bonum
370 588 406 615 “.
429 588 509 615 Nune
528 588 550 616 si
568 588 650 615 verba
676 587 743 623 legis
755 587 838 622 justis
854 586 966 614 divitias
988 585 1159 620 pollicentur,
1174 582 1268 611 Celsus
1281 581 1450 609 occidentem
1464 580 1582 607 litteram
1598 582 1720 610 secutus,

83 635 115 660 de
127 634 206 661 caecis
223 634 306 662 hisce
323 635 432 662 divitiis
445 634 654 669 promissionem
671 634 806 668 intelligat
823 642 830 660 :
854 640 904 660 nos
919 633 993 659 illatn
1010 631 1146 666 pertinere
1162 629 1277 657 dicimus
1298 627 1330 654 ad
1349 627 1409 654 illas
1424 625 1534 653 divitias
1549 632 1609 659 qua:
1626 625 1721 651 oculos

83 682 182 707 utentis
192 686 308 713 acuunt,
332 686 362 708 et
388 681 489 716 quibus
502 680 577 708 dives
594 681 624 707 lit
646 680 745 715 aliquis
758 681 785 706 in
800 679 870 706 omni
887 680 962 706 verbo
978 683 1002 705 et
1016 678 1044 704 in
1062 677 1133 704 omni
1151 676 1260 703 trientis
1274 675 1305 701 ¹⁹.
1319 684 1328 700 ι
1349 673 1404 702 Nec
1421 673 1510 700 minus
1527 677 1619 708 aperte
1632 671 1722 699 homi-

79 728 115 755 lia
133 729 162 755 11
184 729 210 755 in
228 728 356 755 Exodum
372 736 450 756 suam
468 736 499 755 ea
520 728 553 755 de
567 735 597 755 re
613 732 732 754 mentem
747 727 871 754 declarat
886 726 929 753 his
943 725 1035 753 verbis
1052 733 1060 752 :
1084 734 1093 750 ε
1107 724 1135 751 Si
1151 723 1211 758 quis
1226 728 1268 750 est
1288 721 1334 757 qui
1356 721 1447 756 legens
1463 720 1582 755 Moysem
1598 726 1720 746 murmu-

79 781 122 801 rat
135 775 272 802 adversus
283 782 359 807 eum,
372 778 399 801 et
413 774 537 808 displicet
548 774 572 801 ei
584 774 624 802 lex
640 781 701 808 quae
713 773 861 801 secundum
874 773 992 799 litteram
1011 772 1112 806 scripta
1124 775 1177 801 est,
1190 768 1261 804 quod
1274 769 1302 795 itt
1315 767 1406 794 multis
1419 774 1474 794 non
1488 766 1596 794 videtur
1610 773 1722 810 ser‘vare

76 820 325 854 consequentiam,
350 819 472 846 ostendit
489 820 512 846 ei
535 819 639 855 Moyses
653 824 768 854 petram.
794 826 854 853 quae
869 823 911 846 est
927 818 1063 850 Christus,
1089 821 1115 844 et
1134 815 1244 843 adducit
1257 821 1320 842 eum
1335 813 1369 841 ad
1386 813 1484 848 ipsam,
1503 817 1531 839 ut
1555 812 1618 840 inde
1645 812 1722 839 bibat

76 870 108 893 et.
124 866 237 893 reﬁciat
252 866 329 892 sitim
352 872 441 892 suam.
456 874 466 890 )
495 864 593 892 Verum
610 872 675 892 ecce
697 873 730 893 ex
748 864 859 893 homilia
875 864 990 899 septima
1010 863 1037 890 in
1052 862 1201 890 Leviticunt
1215 861 1329 887 alterum
1351 859 1439 887 locum
1455 858 1533 894 longe
1550 858 1662 893 majoris
1675 866 1722 885 att-

75 913 167 940 daciae
183 922 192 940 :
212 922 222 938 ‹
235 912 266 940 Si
291 913 471 944 assideamus,
495 912 591 946 inquit,
610 912 718 945 litterae,
743 917 769 940 et
784 912 933 940 secundant
949 912 1002 938 hoc
1026 910 1067 938 vel
1085 909 1157 944 quod
1171 907 1283 940 Jutlmis,
1309 907 1353 934 vel
1369 907 1394 934 id
1409 906 1481 941 quod
1505 905 1586 941 vulgo
1604 905 1721 937 videtur,

73 960 255 994 accipiamus
270 967 332 995 quae
346 960 372 986 in
388 959 445 994 lege
459 959 563 993 scripta
578 964 653 993 sunt,
669 959 802 987 erubesco
816 959 910 986 dicere
923 964 951 985 et
965 957 1090 984 cottllteri
1106 956 1170 991 quia
1189 955 1258 982 tales
1272 955 1345 989 leges
1359 953 1469 980 dederit
1482 952 1562 980 Deus.
1585 950 1723 979 Videbun-

77 1012 122 1034 tur
138 1007 217 1033 enim
230 1006 323 1041 magis
335 1006 474 1039 elegantes
486 1009 513 1032 et
528 1005 707 1034 rationabiles
720 1006 864 1034 hominum
875 1005 959 1040 leges,
973 1003 1048 1031 verbi
1064 1002 1161 1038 gratia,
1180 1001 1222 1029 vel
1233 1000 1428 1031 Romanorum,
1444 996 1723 1030 vel‘Atheniensiutn,

76 1051 118 1079 vel
135 1052 428 1079 hcedmmuniorum.
444 1061 453 1077 ι

211 1109 226 1145 §
251 1108 299 1136 111.
323 1108 424 1136 Eadem
437 1108 567 1143 principia
580 1107 617 1134 ad
630 1106 745 1142 plurima
761 1104 863 1133 Veteris
878 1103 1039 1132 Testamenti
1052 1109 1180 1138 pra-cepta
1197 1103 1230 1130 ab
1245 1103 1357 1139 Origene
1369 1105 1613 1132 aecownodantnr.

111 1165 242 1194 llotnilia
262 1170 361 1200 quarta
378 1166 405 1193 in
421 1170 505 1200 caput
519 1169 623 1192 sextum
638 1163 752 1191 chitici
767 1162 907 1197 explicans
925 1162 979 1190 ista
996 1162 1079 1189 verba
1096 1170 1104 1189 :
1120 1161 1274 1197 Quicunque
1295 1162 1409 1197 tetigerit
1432 1163 1612 1197 sanctiﬁcata,
1629 1167 1653 1190 et
1668 1163 1722 1198 ipse

75 1212 312 1245 mactiﬁcabitur,
338 1211 377 1238 ait
394 1220 400 1238 :
421 1220 430 1238 ε
444 1211 620 1239 Redenndum
636 1214 679 1237 est
694 1209 774 1237 nobis
789 1210 822 1237 ad
840 1208 1026 1244 expositiones
1043 1208 1215 1241 evangelieas
1233 1213 1317 1243 atque
1335 1208 1510 1244 apostolieas,
1535 1215 1564 1236 ut
1579 1208 1621 1235 lex
1637 1208 1722 1243 possit

77 1258 217 1292 intelligi.
251 1256 309 1284 Nisi
330 1257 401 1284 enim
416 1256 541 1284 velamen
558 1255 703 1283 abstulerit
729 1255 906 1290 Evangelium
930 1254 964 1283 de
988 1254 1059 1282 facie
1074 1254 1173 1289 Moysi,
1190 1262 1242 1281 non
1260 1259 1348 1289 potest
1372 1254 1459 1283 videri
1476 1254 1566 1282 vultus
1587 1254 1657 1290 ejus,
1673 1262 1722 1282 nec

76 1311 184 1331 sensus
201 1304 263 1338 ejus
278 1303 405 1338 intelligi.
436 1302 507 1330 Vide
522 1309 588 1336 ergo
609 1302 744 1337 quomodo
758 1302 785 1329 in
799 1301 920 1329 Ecclesia
937 1301 1121 1336 apostolorum
1135 1301 1260 1336 discipuli
1277 1301 1374 1328 adsunt
1390 1301 1433 1329 his
1449 1310 1510 1337 quae
1524 1302 1629 1338 Moyses
1646 1301 1721 1329 scri—

75 1350 143 1383 psit,
163 1355 198 1377 ct
209 1349 364 1377 defendunt
376 1356 407 1377 ea
423 1349 495 1383 quod
507 1353 535 1375 et
549 1348 747 1376 rationabiliter
759 1348 865 1383 impleri
880 1352 993 1383 queant.
1011 1352 1039 1375 et
1054 1347 1254 1376 rationabiliter
1269 1349 1370 1383 scripta
1388 1349 1460 1382 sint;
1483 1348 1638 1376 Jutlazorum
1655 1355 1720 1376 vero

78 1395 216 1423 doctores
237 1400 267 1422 et
292 1394 475 1430 impossibilia
491 1395 549 1422 haec
563 1400 591 1422 et
605 1394 817 1428 irrationabilia,
832 1400 979 1429 sequentes
995 1393 1126 1426 litteram,
1144 1393 1258 1422 faciunt.
1274 1405 1283 1421 ι
1308 1395 1429 1423 Ulterius
1441 1396 1530 1422 adhuc
1543 1395 1722 1431 progreditur

80 1439 201 1466 homilia
213 1440 360 1474 sequenti:
375 1448 385 1464 t
398 1439 460 1466 Haec
472 1440 572 1470 omnia,
588 1440 689 1475 inquit,
701 1440 754 1468 nisi
767 1439 821 1467 alio
835 1447 918 1467 sensu
932 1438 1100 1474 accipiamus
1113 1447 1194 1474 quam
1210 1440 1308 1468 littera!
1320 1445 1421 1474 textus,
1438 1441 1509 1468 sicut
1520 1441 1577 1476 jam
1590 1441 1720 1471 diximus,

81 1491 143 1511 cum
164 1484 197 1511 in
212 1484 338 1512 Ecclesia
355 1485 516 1517 recitantur,
543 1486 714 1513 obstaculum
733 1486 819 1522 magis
843 1492 871 1514 et
896 1486 1100 1514 subversionem
1115 1486 1277 1513 Christiana:
1303 1487 1437 1522 religioni,
1465 1494 1546 1522 quam
1586 1487 1720 1513 rationem

79 1530 355 1565 aediﬁcationemque
381 1530 562 1566 prastabunt.
577 1541 587 1558 ι
616 1531 683 1559 item
699 1531 746 1559 lib.
759 1539 785 1559 tv
802 1531 839 1558 De
853 1532 1003 1566 principiis,
1028 1539 1104 1560 num.
1119 1531 1164 1564 i7,
1180 1531 1231 1558 alia
1249 1531 1317 1566 legis
1335 1537 1469 1566 prmanpta
1493 1531 1588 1564 refert,
1613 1539 1673 1566 quae
1685 1531 1719 1559 ad

82 1576 210 1605 litteram
226 1582 308 1613 putat
324 1577 366 1605 vel
382 1585 436 1605 non
452 1578 561 1612 debere,
585 1579 628 1607 vel
652 1587 705 1607 non
721 1587 802 1614 posse
827 1579 943 1607 servari.
975 1588 984 1605 ι
996 1578 1025 1606 Si
1042 1579 1075 1606 ad
1093 1578 1176 1614 leges,
1201 1578 1296 1613 iuqttit,
1311 1579 1393 1606 etiam
1412 1578 1545 1606 Mosaicas
1567 1578 1723 1611 veniamus,

81 1625 223 1662 plurimae,
239 1625 264 1652 si
280 1626 314 1653 ad
330 1626 450 1653 litteram
464 1626 640 1655 observandae
654 1631 731 1659 sunt,
745 1626 917 1660 absurdum;
942 1627 1003 1654 alia:
1017 1626 1185 1661 impossibile
1200 1626 1369 1661 principium.
1396 1626 1550 1654 Absurdum
1569 1630 1612 1653 est
1629 1626 1721 1652 vultu-

83 1679 143 1699 rum
164 1680 246 1699 esum
262 1672 414 1707 prohiberi,
433 1681 496 1700 cum
511 1679 590 1700 nemo
605 1680 640 1700 ne
655 1677 777 1700 extrema
791 1672 899 1708 quidem
913 1677 1027 1707 urgente
1045 1672 1116 1700 [ante
1131 1679 1164 1700 eo
1178 1672 1275 1700 adduci
1293 1663 1421 1707 potuerit,
1438 1677 1467 1699 ut
1482 1672 1515 1699 ad
1532 1672 1602 1699 istud
1620 1671 1722 1698 animal

83 1719 262 1754 confugeret.
293 1720 363 1748 Octo
376 1721 482 1748 dierum
499 1720 618 1748 infantes
633 1727 688 1747 non
704 1719 864 1747 circumcisi
879 1719 1058 1747 exterminari
1073 1727 1088 1747 e
1104 1726 1205 1755 genere
1218 1727 1266 1746 suo
1279 1719 1420 1754 jubentur.
1434 1727 1495 1746 cum
1512 1720 1601 1755 potius
1619 1720 1641 1747 si
1657 1719 1721 1755 quid

85 1765 115 1791 de
130 1766 176 1793 his
196 1767 231 1792 ad
248 1766 370 1794 litteram
392 1767 537 1794 servandis
564 1766 742 1794 sanciendum
760 1771 830 1798 erat,
848 1767 958 1802 prtecipi
986 1771 1126 1802 oporteret
1142 1770 1171 1794 ut
1194 1774 1288 1794 eorutn
1307 1771 1435 1801 parentes
1451 1766 1491 1794 vel
1505 1774 1600 1794 eorum
1620 1766 1720 1794 ultores

85 1813 326 1842 interﬁcerentur.
344 1814 423 1841 Nunc
439 1819 530 1841 autem
557 1813 595 1841 ait
611 1813 752 1848 Scriptura
770 1821 776 1840 :
794 1812 886 1840 Omnis
908 1821 964 1840 mat
986 1813 1187 1840 incircumcisus
1201 1813 1247 1848 qui
1263 1821 1315 1840 non
1329 1813 1532 1840 circumsidetur
1556 1818 1648 1841 octavo
1665 1814 1720 1846 die,

84 1862 178 1894 peribit
203 1861 236 1888 de
264 1861 360 1895 populo
387 1869 435 1888 suo
445 1860 479 1889 ¹⁰.
501 1860 577 1894 Quod
594 1860 618 1887 si
644 1859 821 1895 impossibilia
843 1867 904 1894 quae
919 1859 977 1894 lege
992 1860 1199 1895 praecipiuntur,
1225 1859 1306 1887 vultis
1320 1867 1446 1892 noscere,
1468 1861 1721 1889 animadvertamus

87 1907 280 1942 tragelnphum
295 1914 329 1934 ex
344 1906 378 1934 iis
393 1914 454 1934 esse.
469 1905 654 1933 animantibus
667 1902 727 1939 qua:
741 1905 892 1933 consistere
911 1905 937 1932 in
954 1912 1043 1932 rerum
1060 1910 1155 1932 natura
1181 1912 1234 1932 non
1263 1909 1377 1939 pOSSttnt
1395 1913 1402 1932 :
1420 1913 1499 1940 quem
1521 1911 1610 1939 tamen
1629 1912 1658 1934 ut
1671 1916 1719 1943 pu-

86 1960 143 1980 rum
155 1953 239 1988 jubet
252 1960 302 1980 nos
317 1953 424 1988 Moyses
438 1953 547 1980 offerre.
569 1953 706 1988 Gryphem
725 1961 863 1988 nunquam
889 1953 1012 1980 auditum
1027 1957 1070 1980 est
1085 1954 1118 1980 ab
1133 1953 1243 1980 homine
1257 1957 1366 1988 captum
1384 1960 1445 1980 esse
1461 1961 1468 1980 :
1487 1961 1566 1988 quem
1583 1955 1719 1983 nihilomi-

88 2006 137 2025 nus
155 1999 203 2026 edi
219 2003 297 2025 vetat
314 1999 463 2034 legislatot'.
488 1999 541 2026 Sed
558 2003 587 2026 et
603 1998 852 2026 celebratissimum
872 1998 1020 2026 Sabbatum
1037 1999 1060 2026 ei
1078 1999 1125 2034 qui
1142 2003 1271 2026 accurate
1286 1999 1463 2033 perpenderit
1479 1999 1536 2027 haec
1551 2001 1631 2027 verba
1646 2009 1653 2028 :
1670 2000 1721 2029 Se—

86 2045 180 2072 debitis
199 2044 274 2071 domi
286 2050 379 2071 uestra
391 2045 499 2080 singuli,
515 2034 589 2072 nemo
606 2049 718 2071 vestrum
730 2050 805 2071 exeat
819 2052 832 2071 e
846 2044 904 2071 loco
921 2053 970 2071 suo
987 2045 1031 2071 die
1043 2045 1154 2079 septima
1165 2044 1199 2078 “,
1216 2044 1350 2072 videbitur
1374 2052 1427 2072 non
1446 2053 1526 2080 posse
1545 2046 1578 2073 ad
1597 2046 1717 2074 litteram

87 2089 241 2123 observari,
256 2098 320 2117 cttm
336 2090 440 2117 nullutn
454 2090 555 2117 animal
569 2098 617 2125 per
633 2094 716 2117 totam
732 2090 803 2117 diem
819 2090 963 2117 imtnotum
975 2090 1071 2118 sedere
1088 2096 1180 2125 queat.
1192 2099 1201 2116 ι

81 2146 97 2184 ς
119 2147 164 2175 IV.
188 2146 233 2174 Ea;
251 2148 373 2186 Origenis
390 2153 475 2175 mente
490 2149 518 2174 in
539 2148 627 2186 Veteri
639 2138 804 2186 Testamento
819 2149 942 2183 qutcdam
960 2153 995 2186 uti
1014 2153 1085 2186 gesta
1101 2155 1256 2186 narrantur,
1278 2156 1336 2183 qua:
1352 2152 1439 2176 tamen
1455 2158 1588 2185 nunquam
1603 2151 1719 2186 contige-

220 2189 299 2216 runt;
314 2184 367 2210 alia
382 2192 443 2218 qum
455 2189 532 2218 prout
547 2184 710 2217 referuntur,
722 2184 792 2218 falsa
804 2190 879 2216 sunt,
891 2192 923 2211 ac
937 2185 1048 2219 proinde
1063 2184 1172 2211 lilterali
1193 2192 1270 2211 sensu
1285 2192 1336 2210 non
1356 2189 1415 2210 sunt
1432 2184 1594 2219 accipienda.

118 2240 291 2275 Argumento
314 2241 431 2276 primunt
447 2241 501 2268 erit
517 2241 543 2268 id
567 2242 639 2276 quod
655 2241 765 2268 homilia
782 2245 860 2269 sexta
889 2241 916 2268 in
933 2241 1060 2269 Genesim
1080 2241 1113 2269 de
1128 2241 1241 2269 historia
1257 2240 1332 2269 Sara:
1354 2247 1381 2269 et
1396 2242 1553 2271 Abitnelech
1567 2245 1718 2272 adnotavit.

84 2295 95 2312 ι
108 2286 176 2320 Quae
201 2287 290 2318 nobis,
307 2287 409 2322 inquit,
425 2287 569 2314 :edilicatio
582 2287 634 2314 erit
651 2287 814 2321 legentibus,
840 2287 978 2315 Abraham
995 2292 1099 2314 tantum
1113 2287 1310 2322 patriarchatn,
1325 2295 1377 2314 non
1395 2288 1482 2315 solum
1500 2292 1643 2316 mentitum
1659 2298 1721 2319 esse

83 2333 248 2361 Abimelecb
263 2333 332 2368 regi,
348 2333 394 2360 sed
412 2337 441 2360 et
455 2333 612 2368 pudicitiam
628 2333 754 2369 conjugis
768 2334 940 2369 prodidisse?
960 2333 1029 2367 Quid
1046 2342 1094 2362 nos
1110 2335 1226 2361 aediﬁcat
1245 2335 1311 2362 tanti
1331 2335 1492 2370 patriarcha:
1506 2345 1585 2370 ttxor,
1603 2338 1625 2365 si
1640 2345 1718 2373 pule-

84 2386 129 2408 tnr
143 2381 428 2409 contatninationihus
444 2381 567 2415 exposita
585 2388 634 2415 per
646 2382 851 2409 conniventiam
868 2382 1042 2409 maritalem?
1069 2381 1132 2409 llaec
1146 2381 1230 2409 Judaei
1247 2388 1353 2418 putent,
1377 2388 1406 2410 et
1417 2383 1440 2411 si
1458 2383 1505 2418 qui
1522 2378 1589 2412 cunt
1600 2386 1640 2413 eis
1655 2392 1719 2414 sunt

83 2427 185 2455 littera:
202 2428 295 2461 amici,
314 2435 368 2455 non
394 2429 519 2463 spiritus.
535 2438 544 2455 ι
560 2428 708 2456 Historiam
727 2428 857 2457 Rebeccze
869 2437 952 2464 quam
976 2430 1059 2457 refert
1072 2430 1183 2457 homilia
1201 2430 1234 2457 10
1259 2431 1285 2458 itt
1303 2431 1430 2459 eumdem
1453 2431 1591 2460 Geneseos
1606 2433 1716 2467 librum,

81 2474 138 2502 hac
150 2475 186 2502 ad
203 2475 347 2503 auditores
359 2475 576 2511 interrogatione
591 2476 728 2504 concludit
746 2484 753 2503 :
773 2486 780 2502 ι
795 2477 857 2505 llaec
874 2477 978 2505 fabulas
993 2477 1095 2512 putatis
1110 2484 1182 2510 esse,
1209 2483 1236 2504 et
1250 2478 1378 2505 historias
1395 2487 1508 2512 narrare
1524 2481 1550 2506 in
1568 2479 1717 2514 Scripturis

85 2515 221 2550 Spiritum
236 2521 384 2542 sanetur-.2
400 2533 409 2541 .
421 2532 430 2542 .
445 2533 454 2541 .
484 2520 562 2549 Sapo
574 2521 629 2549 iam
643 2521 698 2548 dixi
715 2521 786 2556 quod
804 2522 832 2548 in
847 2522 890 2548 bis
908 2529 960 2548 non
976 2522 1096 2549 historiae
1112 2528 1269 2554 narrantur,
1286 2523 1333 2549 sed
1351 2524 1480 2558 mysteria
1495 2520 1690 2553 cont'exuntur.
1702 2535 1713 2552 ι

85 2563 205 2596 ldipsum
222 2560 394 2607 paradoxum
420 2561 543 2588 obtrudit
557 2561 667 2589 homilia
686 2561 773 2595 prima
789 2561 816 2589 in
832 2563 955 2588 Exortum
969 2581 976 2588 .
995 2576 1005 2587 ι
1019 2567 1081 2589 ΝοιιΔ
1099 2568 1187 2599 nobis,
1216 2568 1314 2602 inquit,
1331 2567 1389 2596 inec
1404 2569 1436 2596 ad
1453 2569 1595 2597 historiam
1611 2572 1717 2607 scripta

89 2613 163 2640 sunt,
177 2615 266 2642 neque
278 2606 431 2642 putandum
447 2609 489 2633 est
501 2607 586 2632 libros
607 2609 715 2636 divinos
731 2607 922 2644 {Egyptiorum
947 2613 1022 2642 gesta
1037 2616 1160 2641 narrare.
1185 2608 1238 2636 Sed
1256 2617 1316 2643 qua:
1333 2615 1433 2643 buripln
1450 2620 1524 2649 sum,
1543 2616 1576 2643 ad
1593 2606 1713 2645 "05",“

90 2655 243 2682 doctrinam
266 2653 369 2688 scripta
383 2656 457 2679 sunt.
472 2660 481 2676 ›
515 2650 548 2679 Ει
561 2650 672 2678 homilia
689 2651 714 2677 in
730 2654 855 2681 eumdem
880 2653 979 2680 librum
998 2653 1129 2685 secuttda,
1151 2653 1194 2681 ubi
1210 2655 1242 2681 de
1256 2653 1392 2689 Egyptiis
1416 2655 1610 2685 obstetricibus
1625 2666 1715 2685 sermo

92 2707 133 2728 est
148 2708 157 2728 :
178 2710 188 2726 ι
202 2700 243 2733 Si,
258 2699 358 2734 inquit,
373 2697 525 2726 secundum
543 2695 664 2724 historia:
681 2697 865 2725 narrationem
880 2698 1049 2733 suscipienda
1063 2696 1229 2734 essentqu
1242 2700 1344 2733 scripta
1363 2705 1439 2732 sunt,
1456 2702 1563 2728 videtur
1578 2703 1629 2730 hoc
1644 2705 1716 2738 quod

94 2747 157 2775 dicit
173 2742 327 2781 Scripiura,
353 2745 416 2779 quia
435 2751 489 2770 non
512 2743 636 2770 iecerunt
660 2741 822 2772 obstetrices
842 2745 990 2772 secundum
1007 2745 1079 2780 quod
1102 2751 1270 2780 praeceperat
1292 2746 1332 2774 eis
1358 2754 1404 2774 rex
1418 2746 1539 2782 Egypti,
1563 2754 1636 2776 stare
1659 2757 1718 2777 non

130 2826 151 2862 ει
164 2825 186 2862 ll
200 2824 394 2862 Conanti};
422 2823 445 2839 “
463 2822 563 2862 Ezech:
575 2822 697 2862 annali.
735 2822 756 2862 ζ’
771 2821 908 2862 tantum.
957 2826 978 2843 ⁸⁸
998 2826 1017 2854 ll
1031 2826 1095 2855 Cor.
1110 2834 1150 2860 lll,
1171 2826 1198 2861 7,
1215 2826 1241 2856 8.
1280 2827 1300 2843 "
1315 2827 1392 2856 Rom.
1406 2835 1444 2862 Ix,
1461 2827 1511 2857 15..
1543 2828 1654 2862 “lbid.,
1669 2829 1714 2858 12.

100 2861 120 2878 ι’
134 2861 217 2890 lCor.
233 2869 252 2895 ι,
268 2861 294 2888 5.
335 2859 358 2875 ¹⁰
374 2859 446 2887 Gen.
467 2865 533 2891 xvn,
554 2857 596 2884 11.
634 2859 655 2873 ²¹
671 2857 755 2885 Exod.
773 2864 828 2889 xvi,
841 2859 887 2887 9.9.
