1897 3059
208 144 244 172 10
830 141 1015 170 PREFATIO
1033 142 1079 170 AD
1099 143 1178 171 TOM.
1200 143 1231 170 ll.
1793 142 1836 168 ΞΟ

207 209 296 236 mssa.
311 210 321 227 ι
344 201 377 228 Et
392 206 534 237 postquam
550 202 639 235 inepta
655 209 767 236 prorsus
780 208 812 228 ac
826 200 894 227 futili
910 199 1061 228 subtilitate
1077 201 1102 227 id
1114 202 1228 236 probare
1240 205 1354 228 conatus
1366 204 1417 232 est,
1434 201 1473 228 sic
1489 200 1574 228 infert
1592 209 1598 227 :
1618 208 1627 226 ε
1641 199 1703 227 llatc
1719 199 1832 226 intertu-

208 252 320 280 ptupter
332 254 381 274 eos
397 248 441 282 qui
457 247 537 275 amici
554 252 615 274 sunt.
632 248 739 279 litterae,
757 252 784 274 ct
800 254 852 274 non
868 251 963 281 putant
979 247 1064 282 legem
1083 246 1231 281 spiritalem
1246 255 1317 279 esse,
1333 251 1359 274 et
1371 247 1532 282 spiritaliter
1544 245 1754 279 intelligendam.
1775 245 1835 272 Sed

206 300 254 320 nos
271 293 317 328 qui
331 294 420 321 omnia
436 303 496 329 qum
509 295 608 329 scripta
623 299 696 326 sunt,
716 303 769 322 non
786 301 835 329 pro
850 293 1053 321 narrationibus
1066 294 1270 328 antiquitaunn,
1287 293 1333 321 sed
1345 301 1393 328 pro
1408 292 1552 327 disciplina
1565 296 1591 319 ct
1606 291 1721 318 utilitate
1737 295 1834 317 nostra

205 338 351 367 didicimus
363 340 472 375 scripta,
490 341 546 367 banc
563 349 622 375 (pne
635 342 770 375 leguntur,
788 340 868 367 etiam
886 347 958 366 nunc
971 339 1028 366 fieri
1047 340 1072 366 in
1092 340 1143 367 hac
1157 339 1270 371 munda,
1285 340 1330 374 qni
1346 338 1480 374 [Egyptus
1494 337 1641 373 ﬁguraliter
1653 337 1763 368 dicitur,
1780 336 1833 364 sed

205 384 232 411 in
249 393 410 420 unoquoque
425 392 545 413 nostrum
561 387 788 421 deprehendimus
801 405 809 413 .
823 405 830 413 .
844 405 852 413 .
874 384 931 412 Hoc
945 384 967 411 si
984 385 1019 411 ila
1035 386 1196 420 accipiatur,
1214 392 1243 412 ιιι
1268 385 1398 420 scriptum
1412 389 1464 417 est,
1480 391 1533 411 non
1551 383 1636 411 solum
1651 383 1718 409 nihil
1732 388 1834 409 conse-

203 433 333 466 quentiae,
351 433 398 460 sed
414 439 441 460 et
458 434 598 460 inanitatis
614 426 714 460 habere
731 432 876 467 plurimum
902 431 1049 458 videbitur.
1062 441 1071 458 ι
1097 431 1184 459 Aliam
1205 431 1336 465 triumphi
1354 431 1495 457 materiam
1520 429 1654 464 reperisse
1673 436 1704 456 sc
1724 427 1834 462 putavit

203 477 230 503 in
246 482 341 505 actavo
357 482 385 506 et
409 487 481 508 nono
503 479 586 506 Jasuc
603 479 751 513 capitibus,
767 479 813 505 ubi
830 477 911 506 Jasue
925 479 1028 506 dicitttr
1044 485 1077 505 ex
1091 484 1222 511 expresso
1236 477 1282 504 Dei
1299 481 1327 504 et
1346 476 1445 512 Maysis
1462 477 1590 504 mandato
1606 476 1740 510 integrum
1757 474 1833 501 Deu-

203 523 383 551 teronamium
409 525 436 551 in
452 525 586 560 lapidibus
602 525 784 560 inscripsisse.
817 535 826 551 ι
839 525 979 557 Quomodo
994 525 1093 560 (inquit
1109 524 1219 551 homilia
1236 523 1253 550 9
1279 524 1305 550 in
1322 523 1414 558 Josue)
1438 523 1557 557 potuerit
1574 527 1628 549 tam
1652 527 1778 556 magnum
1794 519 1832 546 li-

202 569 282 596 brum
297 569 339 597 vel
354 570 556 604 assistentibus,
582 572 623 599 vel
648 572 872 607 permanentibus
891 573 925 599 ibi
943 573 1004 599 ﬁliis
1021 572 1101 599 lsrael
1120 572 1288 603 describere,
1304 573 1340 599 ita
1368 577 1397 598 ιιι
1419 579 1472 598 non
1497 571 1668 598 discederent
1687 575 1836 602 usquequo

202 616 338 649 scriptura
354 621 394 644 tot
409 625 535 646 versuum
556 619 697 647 finiretur?
717 619 765 647 Vcl
781 621 865 648 etiam
882 623 1020 656 quomodo
1038 622 1177 656 potuerint
1194 621 1295 655 lapides
1311 620 1404 646 altaris
1423 619 1495 647 ferre
1513 623 1567 646 tam
1585 618 1674 654 magni
1689 616 1750 644 libri
1766 623 1837 642 con-

202 662 370 689 tinentiam?
399 664 494 691 Dicant
517 666 582 693 mihi
606 666 651 693 isti
666 673 817 695 assertores
833 667 929 694 littera:
946 667 1044 699 Judaei,
1070 667 1116 701 qui
1133 667 1258 702 spiritum
1276 666 1342 701 legis
1363 667 1499 701 ignorant,
1525 665 1660 700 quomodo
1675 663 1701 690 in
1719 663 1770 690 hac
1785 662 1835 690 hi-

201 708 295 735 storia:
307 710 408 737 veritas
421 711 633 740 demonstratur.
648 723 657 739 ι
675 714 734 741 Alia
747 714 881 749 ejusmodi
896 715 1018 750 exempla
1033 714 1136 749 profert
1153 714 1200 740 lih.
1214 721 1239 740 tv
1253 713 1291 740 De
1304 715 1452 749 principiis,
1468 721 1542 741 num.
1562 712 1596 739 16
1612 724 1617 740 ;
1637 721 1646 737 ι
1658 711 1723 745 Quis
1734 711 1833 746 igitur,

201 755 299 789 inquit,
314 764 389 784 same
407 759 504 786 mentis
518 760 716 790 existimave'rit
733 762 850 797 primam
865 767 892 790 et
908 763 1054 790 secundam
1072 767 1098 789 et
1112 762 1222 789 tertiam
1237 762 1320 794 diem,
1338 767 1364 789 et
1379 768 1533 796 vesperam,
1549 764 1575 786 et
1592 766 1670 786 mane
1684 759 1742 785 sine
1758 757 1833 790 sole,

201 801 275 834 luna,
287 807 316 829 et
329 802 428 836 stellis,
447 809 473 832 et
489 812 548 832 eam
565 814 625 840 quas
643 807 723 834 veluti
739 808 825 842 prima
841 813 913 840 erat,
926 808 998 836 diem
1014 808 1075 835 sine
1090 808 1160 835 caelo
1176 806 1280 835 fuisse?
1298 808 1363 840 Quis
1376 808 1443 834 adeo
1468 805 1593 836 stolidus.
1607 810 1636 832 ut
1650 809 1726 840 putet
1742 804 1831 830 Deum

201 855 275 874 u-orc
286 848 404 876 hominis
418 851 544 884 agricola:
554 852 690 886 plantasse
706 853 813 881 hortum
839 855 865 881 in
880 855 955 882 Eden
981 854 1014 880 ad
1027 855 1172 886 orientem,
1190 854 1235 881 ubi
1253 853 1353 890 lignum
1370 852 1430 879 vita:
1444 851 1564 886 posuerit
1580 851 1651 884 quod
1667 849 1717 878 sub
1733 849 1835 875 oculos

200 899 228 920 et
250 902 347 922 sensus
363 897 484 929 caderet,
501 903 530 925 ut
546 899 591 934 qui
608 900 747 934 corporeis
762 900 891 929 dentibus
915 901 1032 928 fructum
1056 904 1205 936 gustasset,
1221 900 1303 926 vitam
1322 899 1384 926 inde
1400 898 1545 932 reciperet,
1561 901 1588 924 et
1605 903 1699 923 rursus
1722 894 1785 921 bani
1802 899 1835 920 et

200 939 263 967 ntali
280 942 416 977 particeps
430 943 519 976 ﬁeret,
544 946 590 980 qui
614 945 730 973 fructum
745 955 778 974 ex
796 947 847 974 hac
867 947 966 975 arbore
979 947 1137 981 decerptum
1153 945 1336 974 comedisset?
1363 945 1395 971 Ιὶι
1410 952 1469 971 cum
1484 943 1554 970 Deus
1571 942 1684 969 meridie
1699 942 1724 967 in
1746 948 1833 975 para-

198 985 257 1012 diso
273 987 413 1015 ambulare
436 989 546 1022 dicitur,
568 997 597 1018 et
610 991 696 1018 Adam
712 992 762 1019 sub
783 994 883 1020 arbore
899 994 1068 1025 delitescere,
1087 992 1222 1020 neminem
1241 992 1360 1019 arbitror
1374 992 1499 1018 dubitare
1523 990 1564 1017 his
1581 991 1694 1023 ﬁgurate
1711 995 1761 1022 per
1775 995 1832 1021 ap-

198 1037 337 1063 ιιειτοιιιθιιι
355 1032 508 1066 historiam,
523 1043 583 1075 qua:
599 1041 686 1063 tamen
701 1037 879 1072 corporaliter
895 1046 948 1065 non
963 1039 1121 1073 contigerit,
1138 1037 1261 1072 qttmdam
1280 1037 1394 1064 indicari
1411 1037 1550 1072 mysteria.
1576 1031 1764 1068 Cain‘qunque
1782 1040 1832 1060 re-

197 1076 297 1103 cedens
311 1085 325 1103 a
356 1086 500 1114 conspectu
521 1081 577 1113 Dei,
607 1083 751 1110 manifeste
775 1084 936 1118 prudentem
962 1084 1091 1111 lectorem
1107 1088 1198 1110 movet
1225 1087 1254 1110 ut
1269 1083 1390 1118 requirat
1406 1083 1471 1118 quid
1494 1083 1576 1109 facies
1592 1081 1639 1108 Dei
1666 1081 1712 1112 sit,
1728 1084 1833 1115 etquo

196 1131 276 1150 sensu
293 1126 353 1160 quis
370 1127 445 1154 exire
471 1128 554 1162 possit
577 1128 611 1155 ab
626 1137 667 1156 ea.
701 1131 754 1157 Sed
772 1131 836 1165 quid
857 1131 954 1158 attinet
969 1132 1045 1166 plura
1064 1131 1165 1163 dicere,
1192 1138 1254 1158 ctttn
1273 1130 1413 1157 innumera
1436 1129 1568 1164 ejusmodi
1595 1127 1697 1163 scripta
1712 1127 1830 1162 quidem

195 1177 255 1197 esse
270 1175 397 1206 tanquam
417 1180 492 1208 gesta
508 1175 622 1207 fuerint;
641 1184 693 1203 non
708 1183 782 1212 gesta
806 1185 870 1204 vero
883 1183 915 1204 ut
933 1178 1021 1205 littera
1037 1181 1127 1209 sonat,
1151 1177 1251 1212 quivis,
1267 1177 1347 1203 modo
1365 1184 1417 1204 non
1436 1176 1514 1212 plane
1526 1175 1610 1210 stipes
1625 1174 1671 1207 sit,
1694 1173 1832 1208 colligere

197 1218 291 1251 possit.
303 1227 312 1244 ι

195 1287 210 1322 ς
239 1287 326 1325 Vala
341 1288 427 1316 littera
450 1295 475 1316 et
489 1290 608 1317 historiis
629 1291 785 1325 evangelici:
800 1291 918 1318 admittit
933 1291 1058 1325 Origenes
1077 1289 1224 1322 mendacia.
1236 1294 1260 1315 et
1275 1290 1299 1316 ei
1319 1289 1474 1315 videbantur
1490 1288 1656 1322 evangelista:
1670 1289 1742 1324 facta
1755 1296 1830 1325 nan-

230 1323 304 1349 mtlla
318 1323 374 1351 loco
397 1333 449 1351 mm
464 1334 512 1352 suo
530 1334 652 1352 narratae
669 1323 703 1352 ρι’
714 1327 903 1361 iuterpolnuc;
921 1323 1076 1353 alia—antem
1093 1330 1119 1351 ut
1134 1331 1205 1358 gesto
1220 1325 1349 1357 retulisse,
1367 1332 1426 1359 quo:
1445 1330 1531 1350 tamen
1557 1332 1688 1358 nunquam
1707 1324 1833 1358 contige-

231 1363 303 1384 runt.

234 1423 244 1439 ι
257 1413 296 1440 Ad
315 1413 539 1448 approbationem
558 1415 654 1441 harum
673 1414 775 1449 (inquit
799 1414 893 1441 hotnil.
905 1414 922 1441 (i
940 1414 966 1441 in
984 1413 1092 1449 Isaiam)
1109 1419 1138 1441 et
1158 1415 1273 1442 alterius
1295 1414 1390 1449 scripti
1414 1414 1449 1441 de
1468 1414 1613 1449 Evangelia
1639 1415 1828 1442 testimonium

196 1459 376 1494 proferemus,
394 1461 464 1494 quod
478 1460 556 1495 juxta
572 1467 620 1488 eos
645 1461 690 1496 qui
716 1465 820 1487 tantum
839 1460 958 1488 litteram
979 1467 1142 1495 sequuntur,
1162 1461 1332 1488 mendacium
1349 1465 1400 1489 est.
1429 1461 1498 1488 Dicit
1512 1460 1641 1488 Salvator
1651 1465 1679 1488 et
1694 1460 1830 1488 Dominus

196 1513 290 1535 noster
303 1509 335 1534 ad
350 1507 498 1543 disripulos
515 1508 540 1534 in
560 1507 705 1543 Evangelia
721 1507 873 1535 secundum
891 1507 1026 1535 Joannem
1042 1517 1049 1535 :
1063 1508 1094 1535 Si
1119 1508 1298 1541 credideritis,
1313 1516 1365 1535 non
1380 1509 1465 1535 solum
1475 1515 1534 1544 qua:
1548 1516 1594 1542 ego
1610 1507 1692 1542 facio,
1706 1506 1829 1541 facietis,

195 1554 240 1581 sed
254 1559 277 1580 et
293 1554 396 1589 majora
419 1554 512 1581 horum
528 1553 632 1588 facietis
643 1555 676 1582 ".
697 1553 843 1582 Videamus
857 1562 922 1590 ergo
940 1555 962 1582 si
986 1555 1088 1589 majora
1104 1555 1195 1589 aliqua
1209 1554 1325 1582 fecerint
1341 1555 1478 1589 discipuli.
1496 1554 1564 1587 Quid
1583 1554 1668 1588 majus
1682 1557 1724 1580 est
1739 1560 1827 1587 quam

196 1605 331 1627 mortuum
347 1600 498 1628 suscitare?
511 1600 588 1634 Quis,
603 1608 655 1628 non
671 1601 732 1628 dico
747 1605 880 1632 nostrum,
898 1601 945 1628 sed
963 1601 1161 1635 apostolorum,
1180 1605 1315 1628 mortuum
1334 1600 1497 1627 suscitavit?
1519 1600 1613 1628 Refert
1630 1600 1740 1628 historia
1757 1600 1826 1634 quia

195 1645 294 1673 i‘aulus
307 1646 460 1682 Eutychum
478 1646 653 1674 resuscitavit
672 1654 685 1673 a
703 1648 828 1680 mortuis,
847 1651 874 1674 et
891 1646 989 1674 Petrus
1007 1646 1145 1679 Tabitam,
1168 1654 1228 1681 quae
1246 1647 1444 1681 interpretatur
1468 1647 1578 1674 Dorcas.
1609 1648 1663 1674 Ista
1688 1651 1778 1674 autem
1796 1654 1828 1676 et

195 1693 246 1719 alia
262 1693 416 1728 hujusmadi
433 1693 548 1720 inveniri
562 1698 686 1728 possunt.
709 1693 760 1721 Ubi
778 1697 840 1720 sunt
857 1694 978 1728 majora?
1002 1693 1055 1721 Sed
1071 1699 1098 1721 et
1116 1702 1203 1722 caecas
1221 1693 1348 1721 Salvator
1367 1693 1430 1721 fecit
1447 1701 1556 1721 rursum
1573 1693 1676 1725 videre,
1694 1697 1731 1725 et,
1749 1695 1827 1727 quod

196 1741 283 1775 majus
299 1747 352 1774 cst,
367 1749 415 1769 eos
432 1741 477 1776 qui
494 1741 534 1768 sic
549 1741 606 1768 nati
625 1742 743 1769 fuerunt.
772 1741 925 1769 Eshibcant
943 1751 1011 1777 quas
1026 1749 1114 1769 caecos
1129 1743 1163 1769 ab
1178 1748 1256 1770 utero
1270 1742 1395 1769 manibus
1415 1742 1598 1776 apostolorum
1616 1745 1726 1768 curatos
1738 1748 1826 1775 aspe-

195 1788 296 1815 xerint.
317 1787 350 1816 Et
368 1788 419 1814 alia
438 1787 544 1816 inﬁnita
562 1792 653 1822 potest
666 1788 699 1814 de
716 1787 864 1822 Evangelia
878 1788 1001 1816 invenire
1018 1789 1063 1823 qui
1078 1789 1185 1823 quaerit,
1209 1788 1272 1822 quia
1288 1795 1375 1822 neque
1389 1787 1502 1822 apostoli
1517 1787 1558 1814 his
1574 1788 1676 1821 majora
1695 1786 1827 1819 fecerint,

194 1841 283 1868 neque
298 1841 391 1860 eorttm
407 1841 590 1862 successores.
611 1832 711 1860 Verum
728 1841 817 1861 sermo
831 1833 979 1868 Scriptura:
992 1835 1049 1862 tale
1065 1834 1193 1869 quiddam
1211 1833 1317 1861 locutus
1329 1838 1370 1860 est
1385 1842 1393 1860 .'
1409 1833 1455 1860 llis
1472 1840 1532 1868 qute
1548 1840 1598 1867 ego
1614 1832 1677 1864 feci,
1692 1840 1828 1866 corpora-

195 1879 265 1907 libus
283 1887 329 1906 vos
345 1878 446 1913 majora
472 1878 590 1906 facietis.
619 1879 674 1914 Ego
688 1878 738 1906 feci
765 1886 907 1914 resurgere
924 1887 957 1906 ex
974 1879 1087 1906 mortuis
1102 1879 1293 1914 corporaliter,
1321 1886 1369 1905 vos
1386 1885 1528 1912 resurgere
1542 1877 1646 1905 facietis
1659 1885 1693 1904 ex
1707 1879 1827 1907 mortuis

193 1925 361 1960 spiritaliter.
384 1924 438 1959 liga
456 1925 534 1952 mucis
551 1925 679 1952 sensibile
702 1925 751 1951 hoc
782 1924 873 1951 lumen
900 1924 984 1951 infmli
1003 1936 1009 1953 :
1024 1933 1071 1952 vos
1085 1924 1232 1959 spiritalem
1248 1924 1334 1952 lucem
1359 1931 1413 1951 nan
1427 1924 1580 1950 videntibus
1595 1924 1705 1951 dabitis.
1728 1923 1827 1960 Usque

194 1973 227 1999 ad
244 1973 315 2000 hanc
329 1978 419 1999 autem
437 1973 507 2000 diem
526 1973 582 1999 h.rc
601 1972 704 2005 majora
728 1972 804 2006 signa
820 1972 1008 2006 corporalibus
1025 1980 1085 2007 quae
1100 1972 1164 1999 fecit
1177 1971 1267 2003 Jesus,
1289 1979 1340 2006 ego
1356 1971 1434 1998 video
1450 1971 1507 1998 fieri
1523 1977 1572 2005 per
1586 1971 1759 1998 ﬁdelissimos
1776 1973 1826 1999 di-

194 2019 312 2054 scipulos
327 2019 402 2046 .lesu.
415 2029 423 2044 ι
459 2018 544 2046 Toma
562 2019 704 2046 undecimo
722 2019 747 2046 in
763 2018 894 2046 Joannem
926 2019 1032 2046 dubitat
1052 2028 1086 2046 an
1112 2027 1205 2047 revera
1221 2019 1346 2046 Christus
1369 2019 1520 2046 vendentes
1536 2020 1552 2046 e
1569 2018 1669 2054 templo
1686 2020 1800 2055 ejererit
1815 2030 1824 2047 :

196 2074 206 2091 ι
218 2065 245 2092 Si
261 2070 361 2096 tamen,
377 2065 474 2099 inquit,
493 2066 548 2092 Ita‘c
561 2065 674 2092 historia
690 2065 815 2100 contigit.
828 2075 836 2091 ι
857 2065 999 2093 Dubitandi
1016 2073 1110 2092 ansam
1128 2065 1191 2093 inde
1206 2066 1299 2098 sumit,
1314 2066 1386 2099 quod
1400 2065 1473 2100 apud
1487 2064 1556 2092 alios
1568 2070 1624 2092 tres
1639 2066 1827 2099 evangelistas

194 2114 345 2147 ingressum
361 2111 422 2139 Jcsu
443 2111 543 2138 Christi
560 2112 586 2138 in
599 2111 748 2139 Jerusalem
775 2113 831 2139 inec
848 2112 963 2140 historia
982 2112 1111 2147 excipiat,
1127 2120 1142 2139 a
1159 2111 1264 2139 Joanne
1278 2119 1343 2140 vero
1366 2111 1547 2146 canjuugatur
1563 2111 1682 2146 ejusdem
1698 2112 1788 2139 itineri
1807 2122 1826 2141 θ

192 2160 302 2188 Galilrea
322 2161 348 2186 in
363 2159 512 2186 Jerusalem
531 2164 591 2194 post
612 2159 772 2186 miraculum
790 2160 816 2187 in
835 2160 936 2195 nuptiis
961 2165 1109 2195 patratum.
1138 2160 1167 2188 In
1182 2160 1309 2188 confessa
1326 2167 1397 2187 nunc
1411 2164 1453 2186 est
1474 2159 1544 2194 apud
1560 2166 1656 2186 omnes
1671 2159 1712 2186 bis
1727 2167 1741 2186 a
1755 2158 1826 2187 Jesu

195 2209 343 2234 vendentes
359 2214 374 2234 e
401 2206 500 2240 templo
521 2206 623 2240 cjectas
649 2207 744 2240 fuisse,
773 2208 809 2234 uti
827 2207 912 2243 liquet
928 2215 960 2235 ex
977 2208 1067 2235 verbis
1083 2207 1314 2242 evangelistarmn
1340 2207 1412 2234 inter
1425 2214 1455 2234 se
1478 2207 1594 2234 collatis.
1620 2206 1708 2233 Aliter
1725 2211 1823 2234 tamen

193 2253 278 2280 sentit
292 2253 435 2288 Origenes,
454 2260 502 2280 nec
518 2253 575 2280 ﬁeri
592 2260 672 2288 posse
684 2254 834 2286 existimat,
850 2258 879 2280 ut
895 2254 1138 2281 contradictionem
1155 2254 1288 2288 ejusmodi
1304 2254 1437 2288 quispiam
1454 2257 1604 2285 removeat,
1630 2252 1749 2288 quandin
1776 2253 1825 2279 hi-

193 2298 296 2326 storico
313 2299 404 2326 sensui
421 2299 582 2327 adluerebit.
610 2299 693 2334 Negat
709 2300 755 2327 lib.
771 2308 796 2327 tv
812 2299 849 2327 De
864 2301 1013 2336 principiis,
1037 2309 1111 2328 num.
1125 2301 1169 2333 16,
1192 2300 1332 2328 Christum
1346 2308 1361 2327 ει
1379 2300 1489 2327 diabolo
1506 2300 1668 2326 translatum
1687 2299 1770 2326 fuisse
1793 2299 1824 2326 in

192 2344 330 2371 excelsum
357 2350 486 2377 tnontcm,
515 2346 586 2372 unde
612 2353 664 2372 una
680 2350 814 2373 momenta
837 2348 928 2373 omnia
942 2347 1018 2375 orbis
1042 2351 1177 2374 terrarum
1193 2353 1276 2381 regna
1293 2347 1344 2373 sub
1357 2346 1450 2373 oculos
1467 2346 1526 2381 ejus
1543 2345 1701 2381 subjecerit.
1722 2354 1732 2370 ι
1747 2345 1823 2372 Sex—

191 2395 270 2417 reuta
284 2389 349 2422 alia,
368 2391 465 2425 inquit,
484 2392 526 2418 his
542 2391 639 2418 similia
656 2391 681 2418 in
696 2391 850 2428 Evangeliis
864 2395 1009 2421 observare
1022 2393 1085 2421 licet
1101 2393 1232 2420 attentius
1248 2392 1347 2428 legenti
1367 2401 1373 2419 ε
1392 2393 1462 2419 unde
1478 2392 1585 2426 colliget
1597 2392 1631 2419 iis
1643 2399 1703 2426 qum
1719 2399 1824 2417 secun-

193 2438 257 2464 dum
280 2437 398 2464 litteram
415 2443 490 2474 gesta
517 2443 592 2472 situt,
608 2439 660 2465 alia
681 2444 786 2466 attexta
811 2448 871 2468 esse
887 2449 945 2475 quzr
970 2449 1024 2468 non
1047 2442 1228 2476 contigerunt.
1243 2450 1252 2466 ι
1281 2439 1379 2467 Durius
1400 2439 1490 2466 adhuc
1509 2439 1629 2473 loquitur
1644 2444 1671 2466 et
1687 2438 1821 2472 majorem

193 2483 333 2517 paradoxa
349 2491 398 2510 suo
413 2484 619 2524 amplitudinem
637 2483 733 2512 tribuit
759 2491 823 2513 tom.
841 2494 854 2512 ιι
871 2486 897 2512 in
915 2485 1007 2519 Joan.,
1034 2495 1108 2513 ltum.
1121 2487 1149 2518 9,
1177 2487 1222 2513 ubi
1239 2486 1275 2512 de
1290 2492 1396 2512 recessu
1413 2484 1478 2512 Jesu
1501 2485 1527 2511 in
1541 2485 1679 2512 Galilcam
1695 2486 1752 2512 lucc
1766 2487 1822 2511 ad-

192 2532 288 2555 notat:
305 2537 313 2553 ι
329 2528 461 2555 llarnmre
478 2537 568 2556 rerum
584 2531 726 2557 veritatem
741 2531 822 2557 sitam
847 2539 907 2559 esse
924 2540 1036 2559 necesse
1051 2537 1093 2559 est
1110 2533 1136 2560 in
1152 2540 1232 2559 sensu
1247 2531 1382 2560 spirit-li,
1408 2535 1454 2552 aut
1466 2531 1491 2552 st
1506 2526 1676 2552 atssonanlia
1691 2533 1744 2552 non
1759 2528 1820 2553 sol-

191 2575 274 2606 vitur,
301 2576 480 2602 reu-demlnm
505 2580 548 2602 est
570 2584 583 2601 a
603 2577 655 2602 ﬁde
677 2576 894 2606 Evangelia-"Ill.
915 2579 939 2599 Ia

1069 2581 1121 2608 una:
1137 2581 1200 2600 vere
1219 2581 1270 2600 non
1294 2573 1349 2599 sint
1362 2572 1462 2606 scripta
1486 2579 1534 2606 per
1556 2571 1696 2604 Spiritum,
1725 2580 1818 2607 neque

191 2621 247 2645 sini.
263 2620 408 2649 diviniora.
422 2626 508 2652 noque
522 2619 626 2652 optimo
641 2618 737 2645 ordine
753 2625 946 2646 commentata.
979 2620 1100 2655 Utroque
1113 2620 1185 2647 enim
1203 2619 1283 2646 modo
1302 2619 1402 2642 dicitur
1416 2615 1559 2650 Scriptura
1577 2617 1700 2645 ordinata
1717 2617 1814 2648 ﬁnisse.

191 2662 241 2694 Qui
259 2662 330 2689 enim
357 2664 492 2697 recipiunt
514 2670 633 2699 quatuor
648 2664 805 2700 Evangelia,
832 2673 881 2693 nec
896 2667 1056 2693 existimant
1080 2667 1254 2699 apparentem
1270 2662 1472 2689 dissenantiam
1485 2671 1607 2700 anagoge
1620 2665 1739 2698 dissolvi,
1757 2667 1817 2693 sul-

193 2713 258 2734 taut
275 2708 418 2741 przrdirtas
433 2716 446 2734 τι
465 2710 543 2736 nobis
558 2710 741 2739 dubitationes
763 2711 796 2738 de
821 2712 1000 2747 quadraginta
1025 2711 1122 2738 diebus
1140 2708 1308 2741 teutationis,
1325 2708 1372 2743 qui
1388 2709 1500 2736 minime
1516 2707 1610 2736 locum
1634 2709 1733 2737 habere
1747 2718 1814 2746 pus-

191 2757 256 2780 sunt
273 2753 342 2787 apud
355 2752 497 2781 Joannem.
530 2755 634 2789 Dicant,
653 2758 762 2792 quando
784 2757 867 2786 fuerit
881 2757 960 2785 Jcsns
976 2755 1140 2793 Capharnai.
1159 2753 1263 2793 Ναπηνεί
1283 2759 1346 2789 post
1360 2762 1407 2782 sex
1422 2761 1436 2782 a
1453 2754 1587 2789 baptismo
1599 2763 1648 2783 suo
1672 2757 1740 2790 dies,
1757 2757 1809 2786 fuit

225 2842 246 2858 "
264 2842 341 2871 Joan.
362 2851 416 2875 xw,
435 2844 476 2871 12.
