1895 3057
974 50 982 64 κ

82 157 112 184 2|
734 148 830 176 PIUEF

965 147 985 173 Ι)
1003 146 1083 175 T0.\l.
1099 146 1131 174 tt.
1254 141 1260 153 ‘
1676 143 1712 171 se

85 215 250 249 (Eapharmi,
266 221 329 241 cum
354 216 431 240 sexta
444 212 488 240 die
502 211 603 238 factum
620 211 654 238 sit
679 211 705 237 in
720 211 827 244 nuptiis
839 211 865 235 in
880 209 951 236 Caua
964 208 1081 234 Guliltete
1107 207 1276 235 miraculum.
1295 207 1466 240 perspicuum
1484 210 1536 237 est,
1552 213 1638 239 neque
1653 211 1712 232 tcu-

87 266 169 289 tatum
185 261 283 290 fuisse.
301 267 390 294 neque
414 259 449 290 ira
458 256 572 285 Nazaris
587 255 683 288 fuise,
701 263 790 290 neque
805 255 937 282 Joannem
955 253 1084 280 traditum
1099 252 1192 280 fuisse.
1204 262 1214 278 ι
1228 250 1273 278 Ἐκ
1289 252 1370 286 paulo
1382 257 1444 286 post
1457 261 1464 278 ι
1481 261 1491 278 ι
1502 251 1578 285 Quod
1593 252 1616 278 si
1629 252 1713 278 inter.

84 308 243 343 rogantibus
257 306 337 333 nobis
348 305 457 340 quando
472 305 589 338 primum
605 302 654 330 fuit
670 303 696 330 in
712 303 873 337 Capharnao
887 301 1023 331 Christus.
1040 299 1086 333 qui
1104 299 1247 326 lectionem
1264 299 1383 326 Matth-ari
1409 299 1635 332 reliquorumque
1648 297 1717 324 duo-

84 362 143 382 rum
171 358 337 388 sequuntur,
357 353 460 384 dicent,
484 355 545 386 post
563 351 753 380 mulationem.
776 350 885 383 qttando
913 348 1007 375 relicta
1027 347 1161 374 Nazareth
1187 347 1325 381 proiectus
1349 345 1482 372 habitavit
1497 345 1524 372 in
1541 344 1716 378 (Sapharum),

85 408 144 434 qua
159 405 202 428 est
227 400 325 426 civitas
340 399 475 426 maritima
489 406 497 430 ;
521 397 656 431 quomodo
680 395 762 422 simul
775 402 871 422 verum
893 400 955 421 esse
978 394 1071 421 dicent
1087 398 1114 420 et
1128 393 1191 420 illud
1207 392 1279 427 quod
1294 394 1363 427 apud
1381 392 1536 419 Matthmum
1552 395 1580 417 et
1595 390 1716 417 Marcum

83 447 189 475 dictum
205 452 257 480 est,
275 446 367 474 Iesum
383 446 530 474 secessisse
546 445 572 471 in
588 443 739 474 Galilaeam,
755 447 882 477 tanquam
903 442 950 476 qui
964 441 1086 468 audisset
1100 439 1232 468 Joannem
1251 440 1379 466 traditum
1395 440 1494 472 fuisse;
1510 444 1535 466 ct
1551 439 1626 468 illud,
1645 438 1717 470 quiod

83 497 203 532 positum
221 499 264 522 est
290 494 362 528 apud
387 492 533 523 Joannem,
559 490 679 524 nondum
706 489 791 516 fuisse
808 488 959 523 Baptistam
976 488 1131 521 conjectum
1147 487 1173 514 in
1196 494 1347 521 carcerem,
1363 487 1409 514 sed
1425 486 1566 521 baptizare
1584 485 1610 511 iu
1627 484 1718 511 AEuou

83 544 157 578 iuxta
171 541 279 568 Salim?
303 539 329 566 id
344 539 415 574 quod
432 538 542 572 ponitur
556 540 617 571 post
632 535 804 563 mansionem
821 534 927 561 Domini
946 534 973 561 in
989 533 1163 568 Capharnao,
1187 537 1214 561 et
1225 538 1286 567 post
1300 540 1443 560 ascensum
1460 532 1492 558 ad
1509 532 1716 567 .lerosolymatn-

85 591 206 624 indeque
222 588 256 615 ad
271 587 392 614 Judtcam
408 585 578 615 descensum,
606 585 634 609 et
648 586 710 617 post
726 581 826 609 multas
842 581 910 609 alias
927 582 986 615 ejus
1000 581 1132 609 actiones.
1146 589 1155 607 ι
1165 580 1248 608 Porro
1257 579 1443 615 Evangeiistas
1457 580 1508 606 hac
1525 580 1580 605 sola
1601 586 1719 606 excusa-

85 639 162 666 tione
175 636 305 670 dignatur
322 633 421 660 ibidem
435 633 560 661 numJu
574 630 633 658 Non
646 629 817 665 reprehendo
830 634 922 657 autem
937 630 1010 663 ipsos
1031 629 1123 663 aliquo
1137 632 1218 662 pacto
1232 629 1434 662 transposuisse
1449 627 1483 654 ad
1500 627 1643 654 utilitatem
1660 633 1720 662 my-

84 684 164 712 stica
177 679 408 710 censiderationis
430 678 525 704 harum
549 684 652 708 rerum,
677 675 714 708 id,
739 675 811 709 quod
825 675 967 710 (quantum
980 676 1076 702 attinet
1091 675 1123 701 ad
1146 675 1299 706 historiam)
1315 675 1366 702 alio
1380 675 1458 702 modo
1477 676 1579 702 factum
1609 674 1718 708 fuerat;

85 731 123 758 ita
135 735 167 758 ut
175 729 247 763 quod
260 735 315 754 uno
327 727 389 754 loco
399 725 501 752 factum
514 725 614 755 fuerat,
631 728 761 758 tanquam
779 723 805 749 in
817 723 871 749 alio
884 729 990 758 gestum
1006 723 1053 755 sit,
1072 728 1232 755 narrarent;
1248 727 1275 750 et
1290 724 1361 757 quod
1375 731 1429 750 uno
1445 728 1577 757 tempore,
1593 728 1719 757 tauquam

83 779 112 806 in
126 777 200 810 alio;
217 781 248 803 et
264 775 330 802 illud
345 773 418 808 quod
433 780 486 799 uno
500 772 579 799 modo
598 770 802 806 pronuntiatum
814 769 913 803 fuerat,
925 778 987 798 cum
1002 771 1119 805 quadam
1132 771 1293 798 alteratione
1305 771 1449 798 referrent.
1462 771 1633 806 Propositum
1648 772 1720 799 enim

85 826 140 853 illis
147 829 209 853 erat
221 831 286 850 vera
297 822 410 850 narr'are
419 826 446 848 et
457 812 637 854 spiritualiter
645 823 673 845 et
690 818 884 853 corporaliter,
896 819 941 845 ubi
954 819 1064 851 liceret;
1082 819 1127 846 ubi
1140 822 1230 846 autem
1241 825 1295 846 non
1311 819 1483 854 contingebat
1495 825 1651 854 utrumque.
1665 827 1721 846 rem

87 870 217 904 pmicrre
231 869 398 904 spiritualem
411 866 448 894 rei
458 873 603 900 corporeae,
614 869 718 893 servata
730 871 801 897 saepe
814 863 925 890 veritate
936 863 1066 897 spirituali
1079 864 1104 890 in
1117 865 1248 899 corporali
1261 866 1301 901 (ut
1313 865 1409 900 aliquis
1423 866 1534 901 diceret)
1548 867 1697 895 mendacio.
1706 877 1715 891 ι

624 906 637 942 §
656 906 700 934 Vl.
720 907 758 934 De
775 907 910 941 praeceptis
930 907 997 934 Novi
1016 907 1173 934 Testamenti

115 953 178 981 Lib.
192 959 218 981 tv
238 953 277 980 De
293 952 442 986 principiis,
459 960 535 983 mtm.
552 953 596 986 l8,
620 954 786 989 probaturus
800 953 903 988 aliquot
918 961 978 981 esse
994 953 1061 981 Not'i
1075 954 1245 982 Tcstamenti
1268 959 1399 990 praecepta
1414 962 1428 981 a
1442 954 1540 989 quibus
1553 955 1642 982 omnis
1657 962 1719 981 sen-

81 1008 128 1028 sus
142 999 294 1027 historicus
311 999 347 1026 ita
365 998 531 1032 excluditur.
543 1004 572 1027 ut
586 1001 642 1028 sola
662 1001 687 1028 in
708 1000 761 1027 illis
777 1000 957 1035 intelligentia
975 1001 1106 1036 spiritalis
1122 1002 1268 1036 quaerenda
1286 1002 1333 1033 sit,
1360 1001 1400 1029 sic
1415 1001 1543 1029 disserit:
1560 1009 1569 1027 ι
1580 1000 1638 1028 Jatn
1655 1009 1719 1028 vero

79 1049 103 1075 si
121 1048 155 1074 ad
169 1045 348 1081 Evangelium
365 1046 508 1073 veniamus
524 1051 550 1073 et
565 1047 665 1074 similia
683 1047 867 1082 requiramus,
881 1049 945 1082 quid
963 1056 978 1076 a
999 1049 1106 1076 ratione
1123 1050 1207 1085 magis
1225 1049 1355 1081 alienum,
1377 1057 1458 1083 quam
1475 1049 1566 1076 istud:
1581 1048 1719 1076 Neminem

78 1101 125 1128 per
148 1093 219 1119 uiam
237 1092 419 1119 aalutaueritis
431 1092 466 1123 “,
481 1092 552 1127 quod
567 1093 695 1128 apostolis
710 1094 872 1128 praecepisse
885 1094 1058 1122 Salvatorem
1082 1096 1262 1130 simpliciores
1278 1095 1455 1123 existimant?
1479 1095 1509 1122 Et
1529 1103 1591 1122 cum
1608 1097 1720 1122 dextera

79 1141 192 1170 maxilla
211 1140 319 1176 percuti
337 1140 447 1172 dicitur,
465 1148 508 1168 res
521 1146 565 1168 est
579 1149 592 1167 a
612 1141 754 1168 verisimili
773 1150 885 1176 prorsus
899 1143 1062 1176 abhorrens,
1078 1151 1139 1170 cum
1155 1144 1245 1171 omnis
1260 1143 1305 1178 qui
1319 1143 1450 1178 percutit,
1468 1142 1518 1170 nisi
1537 1147 1631 1170 natura
1647 1151 1721 1170 man-

77 1196 127 1216 cus
144 1188 245 1220 fuerit,
264 1187 376 1215 dextera
393 1195 474 1214 manu
493 1187 636 1215 sinistram
653 1188 788 1215 maxillam
810 1188 900 1217 feriat.
924 1189 1016 1224 Neque
1028 1195 1119 1224 potest
1133 1198 1166 1218 ex
1182 1190 1330 1225 Evangelia
1344 1189 1446 1225 percipi
1460 1197 1516 1225 quo
1526 1193 1606 1224 pacto
1625 1190 1720 1217 dexter

77 1236 176 1264 oculus
190 1235 336 1263 oﬂ'ensioni
351 1235 396 1262 sit.
428 1235 462 1263 Ut
479 1236 551 1263 cuim
568 1236 749 1263 concedamus
766 1245 847 1271 posse
861 1238 1016 1272 quempiam
1031 1237 1149 1266 videndo
1174 1238 1366 1271 scandalizari,
1384 1245 1433 1266 cur
1453 1245 1515 1265 cum
1529 1238 1582 1268 duo
1594 1237 1665 1265 oculi
1680 1239 1719 1263 vi-

78 1283 172 1315 deant,
188 1284 295 1309 crimen
314 1282 340 1309 in
363 1282 488 1310 dextrum
512 1283 729 1311 transferendum
744 1284 806 1311 est?
824 1284 889 1318 Quis
902 1286 985 1312 etiam
1003 1285 1163 1320 sibimetipsi
1186 1285 1307 1314 infensus
1323 1286 1394 1320 quod
1409 1285 1509 1312 viderit
1529 1285 1671 1312 mulierem
1685 1285 1721 1311 ad

76 1330 332 1365 concupiscendum
348 1338 419 1363 eam.
436 1338 547 1358 causam
566 1338 694 1366 regereris
708 1332 734 1358 in
749 1340 830 1359 unum
847 1333 974 1360 dextrum
989 1333 1107 1366 oculum,
1124 1334 1224 1362 merito
1238 1334 1309 1361 hunc
1322 1335 1409 1368 ipsum
1422 1333 1573 1367 abjocerit?
1586 1333 1719 1361 Praeterea

76 1378 229 1412 Apostolus
246 1378 370 1412 praecipit
393 1378 487 1405 dicens
512 1388 518 1405 :
536 1379 714 1406 Circumcisus
728 1379 825 1415 aliqui:
841 1385 949 1407 uocatus
962 1382 1023 1408 est?
1045 1389 1099 1408 non
1115 1382 1230 1409 adducat
1246 1382 1405 1416 prmptttittm
1418 1381 1452 1408 “.
1473 1380 1592 1408 Primum
1605 1380 1720 1416 quilibet

76 1423 136 1452 hac
154 1424 206 1451 abs
223 1431 253 1451 re
266 1429 422 1459 praeterque
436 1425 605 1460 propositum
621 1425 714 1453 dicere
728 1425 888 1460 Apostolum
902 1427 1014 1456 videbit.
1045 1427 1114 1455 Nam
1131 1428 1268 1463 quomodo
1281 1429 1314 1455 de
1329 1427 1430 1462 nuptiis
1444 1432 1470 1454 et
1484 1427 1609 1455 castitate
1625 1425 1723 1461 praeci-

77 1473 157 1505 piens
172 1479 229 1499 nOn
253 1472 379 1500 videatur
396 1473 452 1499 haec
471 1478 573 1500 temere
600 1473 814 1508 interposuisse?
832 1475 935 1502 Deinde
951 1475 1013 1510 quis
1030 1483 1146 1511 peccare
1163 1475 1237 1502 illum
1253 1475 1364 1508 dixerit,
1391 1475 1437 1510 qui
1452 1474 1569 1502 vitandae
1583 1473 1721 1501 obscmni-

78 1521 143 1548 tatis
157 1526 342 1554 causa,quam
361 1517 458 1553 vulgus
473 1519 677 1547 circumcisioni
701 1519 794 1548 inesse
809 1525 897 1555 putat,
919 1529 1060 1554 revocare,
1076 1521 1099 1548 si
1115 1521 1172 1548 tieri
1186 1525 1288 1556 potest.
1306 1521 1467 1556 praeputium
1484 1526 1599 1548 conatus
1615 1520 1718 1548 fuerit?

76 1567 140 1595 "asc
166 1566 262 1593 omnia
286 1573 301 1591 a
317 1565 397 1592 nobis
422 1565 493 1592 dicta
510 1569 585 1596 sunt,
615 1569 643 1592 ut
667 1566 844 1594 ostendamus
869 1573 922 1594 non
939 1574 970 1594 ea
987 1567 1043 1595 sola
1068 1567 1231 1602 quaelittera
1250 1567 1372 1600 exhibet,
1397 1567 1566 1601 propositum
1585 1565 1670 1594 fuisse
1692 1570 1721 1593 et

75 1622 137 1648 qua:
152 1620 250 1642 sacras
263 1612 344 1640 nobis
367 1611 472 1639 litteras
494 1611 579 1645 dedit,
596 1611 694 1640 divinae
707 1612 802 1641 virtuti
817 1613 976 1649 explicare:
998 1614 1099 1650 quippe
1122 1621 1182 1650 qua!
1201 1613 1336 1642 interdum
1364 1613 1512 1641 secundum
1529 1613 1647 1639 litteram
1670 1614 1722 1639 mi-

76 1662 152 1688 nime
178 1668 244 1688 vera
261 1660 330 1691 sint,
348 1659 397 1687 sed
422 1664 450 1686 et
464 1659 582 1686 absurda
600 1663 629 1685 et
645 1659 843 1693 impossibilia;
863 1666 918 1688 tum
943 1667 1047 1689 attexta
1063 1661 1265 1690 esse‘nonnulla
1288 1669 1379 1690 rerttm
1399 1667 1536 1698 gestarum
1553 1661 1677 1688 historia:
1693 1666 1720 1687 et

76 1707 112 1734 iis
128 1705 238 1740 legibus
252 1712 312 1739 qua:
328 1704 477 1732 secundum
495 1703 614 1731 litteram
632 1704 708 1730 utilia
727 1706 898 1739 prareipiuut.
917 1716 925 1732 ι

77 1764 164 1800 ivli.
185 1764 330 1791 Duriorem
353 1763 422 1800 hunc
438 1763 585 1800 doctrinam
602 1763 742 1800 paululum
756 1764 868 1796 emollit,
880 1772 969 1800 ﬁatque
989 1764 1113 1800 aduersus
1136 1771 1180 1790 eos
1195 1764 1313 1800 defendit
1330 1764 1375 1800 qui
1400 1763 1485 1797 ipsum
1508 1762 1670 1800 penumduti
1690 1762 1719 1800 in

113 1800 264 1832 Scripturir
283 1806 373 1825 sensus
398 1798 518 1824 litterulis
533 1799 643 1825 crimine
673 1799 843 1825 accusabant.
874 1797 984 1826 Senattnt
1000 1799 1138 1825 litterulem
1156 1800 1182 1825 in
1202 1799 1318 1825 maxima
1336 1797 1481 1830 Scriptura:
1495 1803 1569 1831 parte
1591 1797 1718 1828 mlmittit.

112 1836 159 1862 sed
180 1835 278 1868 ubique
293 1833 369 1860 illum
387 1841 439 1860 non
452 1834 579 1866 agnoscit.

115 1902 125 1919 ι
138 1893 178 1920 Ne
193 1893 257 1928 quis
272 1899 338 1920 vero
353 1891 454 1926 (inquit
469 1891 519 1918 lih.
535 1899 562 1918 tv
575 1890 614 1918 De
625 1892 774 1927 principiis,
794 1898 870 1918 num.
886 1890 931 1926 i9)
949 1898 998 1917 nos
1015 1891 1170 1925 Suspicetur
1185 1890 1211 1916 in
1236 1890 1364 1917 ontuibus
1391 1890 1417 1917 id
1433 1891 1536 1924 dicere,
1559 1892 1660 1919 nullam
1676 1893 1719 1920 hi-

77 1941 194 1970 storiam
212 1940 373 1974 contigisse,
390 1940 517 1973 quoniam
532 1938 622 1973 aliqua
642 1947 695 1966 non
712 1939 843 1974 contigit,
875 1943 902 1965 et
917 1937 1018 1965 nullam
1033 1937 1120 1972 legem
1134 1937 1167 1965 ad
1190 1937 1309 1965 litteram
1326 1945 1386 1966 esse
1399 1939 1574 1972 servandam,
1590 1941 1718 1975 quoniam

77 1988 169 2023 aliqua
183 1986 335 2014 secundum
360 1985 479 2013 litteram
496 1989 543 2012 aut
557 1985 677 2012 absurda
704 1990 751 2012 aut
769 1984 949 2019 impossibilia
964 1984 1103 2019 praecipit;
1132 1983 1172 2011 vel
1189 1991 1250 2019 qua:
1264 1984 1296 2011 de
1311 1984 1453 2012 Salvatore
1469 1986 1569 2021 scripta
1585 1991 1659 2019 sunt,
1676 1994 1720 2013 se-

77 2035 199 2063 cundum
223 2033 370 2062 litteralem
384 2040 495 2060 sensum
519 2041 573 2060 non
590 2040 650 2060 esse
664 2040 746 2064 vera;
770 2037 818 2059 aut
834 2032 936 2059 nullam
954 2031 1039 2066 ipsius
1053 2032 1140 2066 legem
1156 2036 1184 2058 et
1200 2037 1364 2066 praaceptum
1377 2033 1481 2060 servari
1498 2038 1636 2067 oportere,
1650 2035 1718 2061 diri-

77 2089 137 2109 mus
163 2080 311 2108 manifeste
330 2079 357 2106 in
372 2079 532 2114 quibusdam
548 2080 668 2107 historia:
685 2079 829 2107 veritatem
845 2079 925 2106 nobis
939 2085 1070 2113 apparere
1091 2088 1098 2105 :
1119 2077 1194 2105 verbi
1213 2078 1312 2113 gratia,
1328 2077 1476 2110 Abraham,
1498 2078 1574 2106 lsaac
1590 2085 1617 2106 et
1632 2079 1719 2108 Jacob

77 2135 139 2155 cum
157 2135 212 2154 una
227 2134 276 2154 sua
291 2133 511 2161 unumquemque
526 2133 613 2152 uxore
627 2125 655 2152 in
671 2125 771 2160 duplici
787 2124 915 2159 spelunca
933 2124 1054 2159 sepultos
1067 2131 1129 2152 esse
1154 2124 1180 2151 in
1199 2123 1335 2157 llebrom;
1354 2123 1463 2151 Sicliem
1478 2123 1597 2159 Josepho
1614 2125 1639 2152 iu
1656 2133 1719 2160 por—

77 2176 179 2202 tionem
195 2182 257 2202 esse
273 2174 450 2205 attributam;
468 2172 618 2201 Jerusalem
637 2173 812 2208 metropolim
829 2180 890 2199 esse
904 2171 1015 2204 Judaaac,
1029 2172 1055 2199 in
1078 2179 1129 2206 qua
1146 2179 1161 2198 a
1176 2170 1321 2199 Salomone
1344 2169 1506 2199 aediﬁcatum
1523 2174 1575 2200 fuit
1590 2175 1717 2209 templum

77 2221 135 2254 Dei,
158 2227 187 2249 et
210 2221 263 2249 alia
292 2226 433 2248 sexcenta.
463 2220 546 2249 Multo
569 2221 642 2249 enim
666 2221 740 2256 plura
768 2225 831 2247 aunt
856 2221 1004 2247 secundum
1032 2219 1174 2247 historiam
1192 2227 1268 2252 vera,
1288 2228 1369 2254 quam
1388 2228 1450 2255 (ιιιω
1467 2228 1541 2248 mere
1563 2222 1716 2256 spirituaiia

77 2271 131 2298 illis
149 2274 254 2298 attexta
271 2273 348 2297 sunt.
373 2269 489 2296 Rursum
514 2269 575 2303 quis
596 2269 705 2296 inﬁcias
731 2269 792 2296 ierit
810 2268 966 2295 mandatmn
991 2267 1042 2295 hoc
1063 2275 1070 2293 :
1094 2266 1205 2295 Honora
1223 2272 1322 2302 patrem
1338 2272 1411 2294 tuum
1427 2272 1452 2295 et
1465 2273 1574 2295 matrem
1588 2274 1672 2302 tuam,
1687 2275 1714 2297 ut

76 2319 140 2345 bene
157 2318 193 2345 sit
207 2317 254 2344 tibi
265 2318 301 2351 π,
316 2318 398 2344 etiam
413 2317 471 2344 sine
485 2317 581 2345 altiore
597 2316 774 2351 intelligentia
790 2316 856 2342 utile
869 2323 929 2343 esse
942 2323 974 2343 ac
992 2315 1166 2349 servandum,
1187 2316 1306 2342 maxime
1319 2323 1379 2342 cum
1394 2315 1495 2343 Paulus
1511 2317 1606 2343 iisdem
1622 2317 1714 2344 verbis

79 2365 142 2392 illud
159 2364 383 2392 commendarit?
402 2363 470 2398 Quid
486 2365 584 2391 attinet
599 2365 692 2392 dicere
707 2365 741 2392 de
756 2364 882 2391 caeteris:
897 2363 961 2390 Non
974 2363 1153 2396 ηιωεΙεαὺενὶε,
1176 2371 1227 2389 non
1243 2363 1356 2395 occides,
1375 2371 1426 2390 non
1441 2363 1542 2397 furtum
1557 2363 1650 2398 furias,
1666 2373 1716 2391 non

79 2413 148 2440 dices
165 2413 263 2447 {altum
280 2412 459 2439 testimonium
475 2412 516 2439 '5'!
540 2413 646 2440 Rursus
661 2412 688 2440 in
705 2411 850 2447 Evangelio
864 2411 991 2438 mandata
1006 2411 1130 2444 qmedatn
1148 2411 1251 2445 scripta
1266 2416 1341 2442 sunt,
1355 2411 1388 2437 de
1404 2411 1504 2445 quibus
1518 2419 1570 2437 nou
1585 2411 1715 2445 quaeritur

81 2462 168 2489 sintne
191 2462 224 2489 ad
240 2462 360 2488 litteram
384 2462 518 2488 servanda
541 2468 628 2489 necne
648 2469 655 2488 :
678 2460 829 2495 cuiusmodi
849 2460 912 2487 illud
928 2464 971 2487 est
985 2470 990 2487 ;
1005 2458 1061 2494 Ego
1085 2459 1146 2486 dico
1163 2459 1245 2491 vobis,
1268 2459 1418 2493 quicunqur
1433 2459 1517 2485 iratus
1535 2458 1615 2494 fuerit
1636 2458 1716 2492 fratri

81 2510 175 2536 tuo",
190 2514 219 2530 ει
232 2517 295 2537 qui.
308 2514 471 2537 coqttttlllur.
493 2509 525 2536 Et
539 2519 545 2536 :
559 2508 617 2544 Ego
639 2509 697 2537 dico
712 2509 784 2536 vobis
800 2516 852 2535 non
865 2508 959 2543 jurare
973 2508 1078 2534 aninmo
1090 2507 1124 2534 ’⁸.
1152 2506 1186 2533 Et
1206 2506 1414 2533 custodiendum
1432 2511 1473 2532 est
1491 2505 1557 2533 illud
1572 2505 1693 2541 Apostoli
1706 2513 1715 2533 :

82 2552 210 2586 Corripit:
223 2552 366 2586 inquietos,
387 2552 562 2579 consolantini
578 2550 772 2586 pusillanimes,
786 2561 830 2577 suo

965 2556 1054 2587 ῖνηιοσ,
1068 2555 1200 2590 patientes
1214 2559 1295 2581 estote
1317 2555 1351 2580 ad
1376 2554 1515 2586 corner”;
1539 2554 1645 2580 tametsi
1668 2554 1713 2589 qui

84 2607 126 2626 res
140 2598 220 2625 altius
238 2601 408 2628 scrutantur.
421 2605 586 2630 componere
600 2597 706 2633 possint
723 2596 895 2624 altitudinem
909 2594 1050 2629 Sapientiae
1066 2594 1112 2621 Dei
1137 2603 1198 2620 eum
1214 2600 1326 2620 linat-all
1350 2598 1538 2626 "Iuntlquer
1554 2607 1647 2627 sensu.
1664 2598 1715 2626 ve.

85 2652 231 2675 rumtameu
247 2646 294 2682 qui
310 2644 439 2672 attentius
454 2643 561 2678 legerit,
587 2642 615 2670 in
631 2645 768 2672 nonnullis
783 2643 911 2678 ambiget,
929 2649 978 2669 nec
994 2642 1053 2669 sine
1069 2642 1153 2668 multo
1168 2641 1296 2668 examine
1309 2639 1488 2675 pronuntiare
1507 2638 1607 2673 poterit
1624 2642 1713 2664 utrum

88 2694 142 2721 base
157 2700 216 2728 quae
231 2697 344 2728 putatur
357 2691 481 2722 historia,
499 2691 647 2729 secundum
662 2690 779 2717 litteram
796 2690 929 2717 acciderit
944 2697 1039 2720 necne,
1056 2693 1083 2716 et
1107 2689 1224 2723 hujusne
1242 2688 1308 2721 legis
1322 2687 1407 2713 verba
1433 2687 1566 2714 servanda
1591 2687 1657 2716 sint,
1679 2691 1713 2710 an

89 2747 173 2766 secus.
194 2739 377 2772 Quamobrem
394 2745 504 2765 necesse
519 2742 561 2764 cst
583 2742 612 2764 ut
625 2741 769 2764 accuratus
786 2737 870 2764 lector
886 2742 996 2764 acri-ato
1011 2737 1062 2764 hoc
1076 2735 1232 2763 Salvatoris
1247 2737 1396 2769 praecepto,
1415 2733 1574 2760 acrutamini
1594 2731 1715 2765 Scriptu-

123 2811 215 2840 “lmc.
234 2820 263 2840 x.
281 2811 309 2837 4.
349 2810 372 2825 ’³
392 2809 401 2836 Ι
417 2810 480 2838 Cor.
497 2818 545 2842 vn,
563 2811 605 2838 i8.
623 2811 645 2827 “
693 2810 778 2838 Exod.
799 2819 844 2843 xx,
862 2811 871 2838 1

963 2811 968 2826 ⁵
987 2810 1067 2843 lbid.,
1087 2809 1120 2836 15
1133 2814 1159 2837 ct
1173 2815 1249 2843 seqq.
1299 2807 1322 2824 ⁸⁷
1346 2806 1440 2834 Matth.
1462 2813 1488 2838 v,
1510 2804 1556 2833 εἳ.
1593 2803 1617 2822 ’⁸
1633 2804 1711 2836 ibid...

93 2847 134 2876 δὲ.
168 2848 189 2864 ”
214 2847 222 2875 Ι
249 2846 349 2874 Thess.
367 2853 393 2878 \',
413 2845 455 2874 Η.
