1895 3057
190 139 227 166 εδ
790 144 793 145 ⁷
830 142 938 170 Pii/EF.

1061 143 1083 170 υ
1101 139 1182 172 TOM.
1200 144 1233 172 ll.
1777 151 1808 179 ΞΑ

191 207 236 225 ras
247 198 281 230 ³ο,
297 197 470 232 quamlonam
481 206 574 226 verum
591 198 626 226 sit
639 199 710 234 quod
725 199 815 226 littera
831 204 920 231 sonat,
936 200 1108 234 quandonam
1124 201 1160 228 sit
1174 201 1352 236 impossibile,
1371 201 1513 238 diligenter
1527 204 1663 239 exploret,
1687 210 1712 233 et
1726 215 1756 234 ex
1770 209 1806 235 si-

191 243 296 271 milium
310 251 406 271 vocum
433 245 637 280 comparatione
659 243 786 272 diil‘usum
802 244 903 279 ubique
919 253 968 279 per
982 245 1141 280 Scripturas
1164 247 1349 282 sensumejus
1371 248 1445 283 quod
1470 251 1618 277 secundum
1638 250 1751 280 litteram
1766 261 1806 283 est

192 291 370 326 impossibile,
393 299 443 326 pro
458 292 562 320 viribus
577 292 729 326 investiget.
742 301 752 318 ι
773 291 842 319 Huic
867 293 905 319 rei
923 293 1081 327 aptissimus
1100 294 1211 329 insuper
1228 300 1270 322 est
1288 295 1363 323 locus
1387 296 1457 323 alter
1479 304 1511 324 ex
1529 297 1638 325 homilla
1655 301 1764 334 septima
1781 303 1807 330 in

145 339 148 341 ’
190 338 330 371 Geuesim,
352 339 397 367 ubi
414 344 556 374 postquam
572 338 649 367 Isaac
671 344 700 366 et
715 339 813 367 lsmael
830 340 972 367 historiam
989 341 1094 373 retulit,
1117 342 1206 375 seipse
1218 342 1258 369 sic
1274 342 1444 378 interrogat:
1457 353 1467 370 a
1480 343 1548 377 Quid
1565 345 1648 380 ergo?
1670 346 1741 373 Isaac
1757 356 1808 375 non

190 390 234 412 est
248 386 396 412 secundum
413 392 523 412 carnem
539 385 635 412 natus?
651 385 711 413 Non
724 393 785 413 eum
798 386 903 420 peperit
918 386 1003 414 Sara?
1017 386 1077 414 Non
1092 393 1135 415 est
1150 387 1351 417 circumcisus?
1371 389 1427 417 Hoc
1441 390 1529 425 ipsum
1543 391 1615 425 quod
1628 391 1735 419 ludebat
1748 401 1807 421 cum

191 429 297 462 Ismael,
324 438 376 457 non
393 430 420 457 in
432 438 517 458 carne
532 430 663 457 ludebat?
688 429 745 458 Hoc
761 435 804 458 est
817 432 890 459 enim
915 432 987 466 quod
1004 433 1128 460 mirabile
1141 438 1183 461 est
1199 434 1226 461 in
1241 435 1363 470 Apostoli
1387 442 1480 468 sensu,
1503 436 1576 470 quod
1598 437 1631 464 de
1646 439 1742 471 quibus
1757 447 1807 466 non

190 482 279 512 potest
291 477 412 505 dubitari
424 478 489 512 quin
504 478 652 505 secundum
670 486 781 507 carnem
797 485 871 514 gesta
887 480 953 511 sint,
977 480 1035 507 hac
1059 481 1106 508 ille
1131 481 1197 509 dicit
1213 489 1273 510 esse
1290 482 1446 518 allegorica,
1464 488 1493 511 ut
1509 492 1559 511 nos
1581 485 1644 519 quid
1661 485 1807 512 faciendum

189 523 226 552 sit
242 524 268 551 in
287 524 395 552 ceteris
411 525 580 557 noverimus,
595 529 623 552 et
636 524 663 552 in
676 525 720 552 his
736 526 853 553 maxime
868 526 895 554 in
910 526 1010 560 quibus
1025 527 1092 554 nihil
1111 527 1201 555 divina
1219 527 1277 564 lege
1299 529 1408 565 dignum
1426 530 1554 558 historica
1575 531 1680 558 videtur
1695 531 1809 560 indicare

191 571 323 598 narratiO.
334 579 344 596 ι

189 630 287 656 Λιτιο.
302 627 334 655 V.
355 636 484 657 Ιῐςτιευε
499 637 594 657 εεκςυς
614 637 726 657 NITITUR
743 637 933 657 AUCTORITATE

1059 638 1212 663 ZSTAMENTI,
1235 639 1337 663 ESTQUE
1354 639 1452 659 οιιΝιιιο
1467 640 1653 666 ΝεσεεεΑιιιυς,
1670 642 1706 663 υτ
1717 642 1748 662 ΑΒ
1762 643 1807 664 l0-

432 672 524 693 S‘l‘lIUS
537 672 609 693 τυΤΔ
623 672 731 692 ἊΛΝΕΔΤ
752 672 866 692 νειιιτλε
880 672 1097 697 εειιιιιτυιυιηυι,
1115 674 1149 693 Ετ
1165 674 1229 694 IPSE
1244 674 1294 694 ι)Εο
1310 674 1396 694 ΒΙΕΝΕ
1411 675 1580 696 REDDAN’I'UR.

225 725 254 753 In
270 727 321 753 hoc
337 726 454 754 articulo
469 733 521 753 non
545 726 656 753 multum
672 726 770 760 diuque
785 726 960 759 immorabor,
975 727 1075 761 quippe
1090 726 1135 761 qui
1161 727 1290 761 patientia
1307 727 1415 755 lectoris
1430 728 1568 759 abuterer,
1592 728 1614 755 si
1630 729 1663 755 ad
1682 736 1804 763 compro-

191 773 309 799 bandum
324 773 452 808 mysticus
465 780 561 800 sensus
578 774 605 801 ln
623 772 762 808 Scriptura
778 780 857 801 sacra
870 774 1005 801 admissos
1018 773 1102 801 fuisse
1114 775 1149 801 ab
1169 774 1295 809 Origene,
1308 775 1390 801 multa
1413 774 1472 809 ejus
1491 782 1668 810 conger-ercm
1689 777 1808 803 testimo~

192 820 246 846 nia.
271 820 335 853 Quae
358 820 432 847 enim
452 821 583 848 hactenus
599 821 704 855 prolata
720 825 795 854 sunt,
822 821 867 848 illa
887 821 989 848 nullum
1007 829 1038 849 ea
1060 823 1093 849 de
1111 829 1141 849 re
1157 822 1296 850 dubitandi
1324 821 1411 849 locum
1434 822 1601 857 relinquunt,
1626 824 1811 858 neminemque

191 865 266 895 latet.
280 874 333 894 non
353 867 413 895 ideo
429 868 591 902 reprehendi
606 868 760 903 Origenem,
776 869 846 903 quod
862 869 963 903 ingenii
979 869 1091 897 solertia
1120 870 1250 903 caruerit,
1269 877 1321 904 qua
1339 870 1478 905 mysticos,
1507 878 1575 904 quos
1588 878 1683 898 revera
1698 870 1812 905 eomplm

191 913 274 940 ('lllﬂl'
288 912 439 948 Scriptura,
455 921 552 942 sensus
567 914 754 950 investigaret,
778 914 825 942 sed
838 915 909 949 quod
921 921 951 941 ea
968 915 995 942 in
1013 922 1043 942 re
1061 914 1174 941 nimium
1193 915 1302 950 ingenio
1317 922 1367 942 suo
1386 915 1539 948 indulserit,
1557 920 1585 943 et
1600 920 1693 955 spreto
1707 915 1813 943 litterali

192 967 275 988 sensu
292 961 435 997 allegorias
449 963 589 998 quaesierit
613 962 680 990 locis
694 963 888 997 propemodum
905 963 1055 990 innumeris
1076 970 1092 989 a
1116 963 1215 997 quibus
1229 970 1339 998 prorsus
1354 962 1450 991 aliena:
1466 968 1539 991 sunt.
1569 964 1627 991 Duo
1647 968 1751 991 tantum
1765 963 1811 991 ob-

191 1009 361 1036 servabimus
377 1017 437 1044 qua:
452 1010 563 1037 maximi
583 1015 647 1037 sunt
671 1011 801 1037 momenti
826 1018 833 1038 :
857 1010 885 1037 1η
900 1009 1029 1047 Mysticos
1044 1017 1141 1037 sensus
1156 1011 1319 1038 auctoritate
1340 1009 1408 1038 Novi
1423 1010 1593 1038 Testamenn‘
1606 1011 1697 1043 inniti,
1721 1011 1813 1046 probat

193 1060 248 1081 tum
266 1056 410 1083 traditione
423 1056 561 1088 Ecclesiae.
591 1057 778 1092 tnm’ipsomet
798 1057 1003 1092 Scripturarum
1020 1057 1153 1089 consilio;
1180 1056 1209 1084 2ο
1220 1061 1316 1084 contra
1333 1056 1455 1084 infideles
1471 1056 1644 1083 demonstrat
1666 1055 1816 1090 allegoricis

191 1102 318 1129 sensibus
331 1101 489 1136 Scripturas
507 1107 615 1130 nostras
630 1111 681 1130 non
700 1111 862 1138 repugnare.
884 1102 964 1136 Quod
980 1103 1002 1130 si
1019 1103 1091 1130 inter
1107 1103 1190 1130 citata
1207 1103 1241 1130 ab
1257 1103 1316 1136 ipso
1337 1102 1487 1137 Scripturaz
1501 1102 1658 1130 testimonia
1674 1102 1708 1130 ad
1725 1106 1813 1128 aucto-

192 1149 300 1174 ritatem
317 1148 439 1183 mysticis
452 1148 577 1175 sensibus
600 1148 812 1180 conciliandam,
839 1148 971 1176 nonnulla
997 1153 1060 1175 sunt
1075 1156 1135 1184 quae
1153 1156 1248 1183 parum
1275 1148 1309 1175 ad
1332 1155 1388 1175 rem
1415 1148 1527 1181 faciunt,
1541 1155 1574 1175 eo
1591 1148 1687 1175 saltem
1713 1147 1816 1175 nomine

195 1192 343 1221 laudandus
357 1198 410 1225 est.
424 1193 495 1228 quod
507 1193 648 1220 disertiora
661 1199 689 1221 et
702 1193 800 1228 quibus
816 1194 932 1228 quaestio
943 1194 1024 1228 plane
1037 1195 1128 1222 decisa
1143 1194 1189 1226 sit,
1208 1201 1261 1221 non
1279 1194 1410 1226 omiserit,
1420 1193 1571 1228 cujnsmodi
1589 1193 1686 1224 sunt:l
1700 1193 1763 1221 Cor.
1776 1200 1814 1226 ts,

190 1240 225 1272 9;
241 1240 366 1274 lCor.'x,
380 1241 390 1267 l
409 1245 437 1268 et
451 1247 547 1276 seqq.;
563 1241 652 1269 Galat.
669 1249 707 1274 tv,
723 1241 754 1268 21
771 1246 798 1269 et
812 1249 907 1276 seqq.;
924 1241 1023 1277 Ephes.
1036 1249 1061 1274 ν,
1073 1241 1104 1269 51
1118 1249 1126 1274 ;
1143 1241 1247 1269 Coloss.
1261 1241 1346 1274 n.16,
1358 1242 1407 1274 l7;
1423 1241 1505 1268 Hebr.
1519 1249 1577 1274 VIII,
1590 1241 1624 1275 5;
1644 1241 1707 1269 item
1720 1247 1778 1275 cap.
1788 1247 1813 1272 ι,

193 1288 220 1319 i,
236 1293 262 1315 et
276 1295 336 1322 cap.
351 1296 389 1320 ix,
404 1288 415 1314 Ι
433 1292 461 1316 et
473 1296 548 1324 seqq.
571 1288 637 1315 Vide
649 1288 697 1315 lib.
709 1295 736 1315 tv
752 1287 790 1314 De
803 1288 953 1322 principiis,
970 1295 1044 1315 num.
1059 1287 1092 1315 l2
1104 1293 1132 1315 ct
1143 1288 1188 1319 l5.
1203 1293 1231 1315 et
1245 1288 1293 1315 lib.
1306 1295 1332 1315 tv
1348 1292 1440 1315 contra
1456 1287 1570 1315 Celsum.

227 1335 430 1369 Seripturarnm
449 1335 604 1363 auctoritati
620 1336 814 1363 auctoritatem
837 1335 1034 1362 ecclesiasticae
1052 1335 1207 1362 traditionis
1228 1335 1362 1370 adjungit,
1378 1340 1405 1361 et
1428 1340 1569 1369 postquam
1586 1334 1636 1362 lib.
1650 1341 1676 1360 IV
1695 1333 1732 1360 De
1743 1332 1814 1368 prin-

191 1383 279 1418 cipiis.
298 1391 361 1411 num
373 1383 402 1417 8,
417 1385 621 1411 demonstrasse
638 1383 689 1411 sibi
704 1383 779 1411 visus
794 1383 993 1411 estlitteralem
1017 1390 1127 1410 sensum
1152 1383 1318 1410 inlinitorum
1337 1390 1462 1410 errorum
1482 1389 1592 1409 causam
1608 1382 1758 1412 exstitisse.
1775 1380 1813 1407 sic

193 1429 316 1463 loquitur
329 1438 404 1457 num.
417 1430 453 1458 9:
469 1439 478 1455 ι
491 1430 663 1465 Quapropter
676 1430 709 1458 iis
721 1430 767 1465 qui
780 1437 942 1465 persuasum
957 1430 1058 1457 habent
1080 1437 1174 1457 sacros
1189 1429 1271 1457 libros
1285 1437 1337 1456 non
1357 1429 1497 1456 hominum
1514 1435 1575 1456 esse
1592 1427 1812 1458 commentarios,

193 1478 240 1506 sed
256 1479 341 1506 sancti
361 1477 479 1513 Spiritus
496 1479 598 1512 aillatu,
626 1479 767 1507 voluntate
783 1479 831 1507 Dei
849 1479 971 1515 parentis
985 1479 1174 1506 universorum
1193 1486 1240 1512 per
1255 1477 1347 1505 Jesnm
1364 1477 1503 1504 Christum
1528 1479 1649 1512 scriptos
1673 1483 1734 1504 esse
1745 1480 1772 1503 et
1784 1475 1816 1501 ad

194 1534 244 1553 nos
255 1527 423 1561 pervertisse,
439 1534 492 1561 qua
509 1527 549 1553 via
564 1527 590 1554 in
606 1535 698 1554 eorum
713 1527 829 1556 lectione
847 1527 1025 1554 insistendum
1041 1533 1103 1554 esse
1118 1526 1195 1554 nobis
1210 1527 1343 1559 videatur,
1371 1525 1492 1553 indicare
1515 1524 1690 1557 conabimur,
1713 1527 1816 1551 servata

193 1573 314 1601 caelestis
337 1576 484 1601 secundum
508 1575 711 1602 successionem
734 1574 918 1610 apostolorum
942 1574 1073 1602 Ecclesiae
1087 1573 1151 1601 Jesu
1168 1573 1271 1601 Christi
1297 1573 1402 1607 regula.
1431 1572 1464 1599 Et
1483 1579 1543 1600 esse
1565 1572 1676 1606 quidem
1693 1570 1817 1605 mysticas

193 1622 323 1655 quasdam
346 1622 562 1656 dispensationes
578 1630 646 1657 quas
668 1622 769 1650 divina:
787 1622 938 1657 Scriptura:
955 1622 1085 1654 indicant,
1111 1623 1193 1649 etiam
1209 1621 1388 1656 simpliciores
1407 1620 1524 1648 fidelimu
1548 1620 1681 1652 credunt;
1699 1624 1818 1653 quaenam

195 1677 260 1697 vero
275 1670 317 1697 ha:
331 1670 396 1702 sint,
421 1670 526 1698 cordati
539 1674 567 1698 et
579 1671 695 1698 modesti
714 1671 821 1698 nescire
835 1679 865 1698 se
881 1670 1010 1698 fatentur.
1026 1679 1036 1696 ι
1067 1669 1140 1698 Nihil
1157 1670 1199 1698 his
1217 1670 1308 1697 verbis
1321 1669 1488 1697 accuratius.
1516 1668 1654 1696 Generalc
1669 1666 1733 1694 illud
1747 1664 1817 1699 prin-

193 1718 307 1750 cipium,
330 1719 401 1752 quod
417 1718 549 1753 mysticos
561 1719 587 1745 in
604 1719 696 1746 Veteri
709 1718 885 1746 Testamento
900 1726 999 1745 sensus
1014 1719 1100 1752 ponit,
1127 1717 1282 1752 apostolica:
1299 1717 1429 1744 doctrina:
1443 1723 1505 1750 pars
1521 1720 1561 1742 est
1576 1719 1604 1742 et
1624 1713 1726 1741 veritas
1738 1715 1818 1742 certa,

195 1772 258 1800 qua:
273 1765 426 1792 ministerio
448 1771 587 1799 pastorum
613 1766 646 1792 ad
663 1773 712 1793 nos
730 1774 816 1800 uSque
833 1766 969 1800 pervenit.
998 1765 1051 1792 Sed
1067 1765 1179 1800 quinam
1194 1769 1258 1792 sunt
1278 1763 1435 1799 singulatim
1452 1770 1548 1790 sensus
1562 1761 1599 1789 illi
1622 1760 1749 1797 mystici?
1765 1759 1820 1792 Qua

197 1812 238 1840 via
259 1813 298 1840 illi
320 1821 390 1847 quos
404 1813 523 1848 Spiritus
538 1818 649 1841 sanctus
665 1814 716 1841 sibi
739 1814 893 1849 proposuit,
920 1813 1114 1841 discernuntur
1139 1813 1173 1840 ab
1195 1813 1230 1839 iis
1243 1819 1311 1847 quos
1327 1811 1385 1838 sola
1405 1810 1489 1846 gignit
1512 1808 1694 1857 imaginandi
1707 1806 1778 1857 vis?“
1795 1804 1819 1857 id

197 1869 309 1895 prorsus
324 1867 367 1889 est
389 1867 465 1889 extra
480 1862 580 1890 limites
596 1862 759 1894 traditionis,
777 1867 805 1890 et
819 1861 940 1890 laborem
955 1866 1031 1889 creat
1054 1861 1096 1887 vel
1112 1861 1178 1892 ipsis
1192 1859 1367 1895 peritioribus
1382 1856 1604 1892 insnperabilem,
1633 1860 1663 1883 ut
1689 1855 1746 1890 ipse
1760 1853 1819 1880 Ori-

196 1916 278 1943 genes
291 1909 403 1936 fatetur.
421 1909 490 1938 l'linc
508 1918 620 1945 perraro
643 1911 676 1937 ad
699 1910 848 1945 Scriptura:
863 1909 1070 1944 traditionisque
1085 1908 1275 1936 auctoritatem
1291 1906 1416 1939 recurrit,
1436 1906 1516 1940 idque
1529 1909 1651 1936 tantum,
1666 1910 1728 1931 cum
1744 1907 1824 1936 gene-

198 1958 276 1984 ratitu
299 1965 397 1984 sensus
419 1957 557 1992 allegorici
575 1959 676 1985 veritas
698 1963 740 1985 est
755 1957 954 1985 constituenda.
987 1956 1101 1989 Quando
1119 1961 1209 1983 autent
1226 1955 1260 1982 ad
1283 1954 1462 1988 Singularium
1484 1953 1604 1980 locorum
1625 1950 1820 1979 discnssionenl

197 2003 281 2036 venit,
308 2003 437 2030 continuo
452 2003 553 2038 profert
566 2003 642 2036 illud,
672 2003 700 2030 in
715 2011 769 2038 quo
783 2007 924 2037 tantopere
938 2001 990 2029 sibi
1006 2001 1169 2035 cumplacet,
1195 2007 1210 2027 e
1228 1999 1327 2026 littera:
1341 1998 1506 2026 falsitatibns
1520 2002 1547 2023 et
1560 1993 1822 2024 contradictionibus

198 2050 308 2076 ductum
332 2055 533 2084 argumentum.
557 2050 606 2078 Ubi
625 2051 708 2078 semel
726 2050 832 2077 tantilla
855 2050 945 2077 oritur
970 2048 1123 2081 difﬁcultas,
1148 2048 1277 2077 continuo
1304 2046 1450 2074 Iitleralem
1476 2052 1586 2072 sensum
1612 2044 1728 2075 deserit,
1758 2040 1822 2068 etin

198 2096 333 2131 allegoria:
348 2097 450 2131 campis
462 2103 604 2132 evagatur,
620 2098 657 2124 uti
673 2102 745 2132 patet
758 2105 774 2125 e
790 2097 954 2125 testimoniis
967 2096 1084 2123 articulo
1096 2100 1193 2131 quarto
1209 2095 1309 2123 allatis.
1330 2093 1394 2121 Haec
1413 2098 1467 2125 est,
1482 2097 1511 2120 ut
1527 2093 1563 2119 ita
1578 2092 1681 2124 dicam,
1699 2087 1822 2125 Origenis

199 2143 363 2170 Iranslatitia
376 2144 473 2177 clavis,
498 2144 620 2179 tantique
644 2145 707 2171 fecit
726 2151 804 2172 suum
830 2144 896 2171 illud
914 2143 1093 2179 paradoxum,
1111 2148 1140 2169 nt
1155 2141 1189 2169 ad
1212 2141 1276 2168 illud
1291 2141 1348 2168 fere
1372 2147 1480 2167 onmem
1494 2139 1663 2166 elucitlanda:
1677 2137 1825 2171 Scriptum

197 2196 284 2218 artem
304 2197 423 2219 revocet.
442 2191 511 2219 llinc
528 2197 567 2219 tot
584 2193 639 2219 fere
661 2193 688 2219 in
702 2191 787 2224 Novo,
803 2196 868 2225 quot
889 2191 916 2218 in
937 2191 1024 2218 Veteri
1047 2184 1235 2221 Testamento,
1253 2188 1382 2223 mysticos
1397 2194 1495 2214 sensus
1512 2185 1657 2234 penebat.‘
1673 2184 1743 2218 Quis
1760 2180 1821 2234 iuli-

196 2239 255 2266 cias
269 2238 330 2266 ierit
346 2239 402 2266 suis
426 2247 533 2274 quoque
549 2238 754 2266 diiIicnltatibus
769 2238 901 2273 implicari
917 2237 1020 2264 Novum
1035 2235 1260 2264 Testamentum?
1281 2234 1378 2262 Multas
1395 2235 1422 2260 ln
1449 2240 1482 2260 eo
1496 2231 1595 2267 reperit
1611 2231 1824 2277 0rigenes,»inlto

197 2285 290 2318 plures
304 2293 385 2319 quam
402 2285 472 2312 alius
487 2285 613 2320 quilibet,
630 2285 750 2319 reperire
766 2284 868 2311 debuit.
902 2282 956 2311 Sed
971 2283 1084 2310 dolenda
1103 2290 1216 2318 prorsus
1235 2289 1294 2310 sors
1311 2280 1418 2307 illorum
1441 2279 1562 2306 locorum
1578 2281 1632 2308 est,
1647 2283 1717 2310 quos
1735 2275 1768 2301 ad
1784 2273 1824 2299 lil-

199 2338 284 2360 teram
302 2333 434 2367 probabili
450 2333 584 2360 solutione
602 2333 775 2366 interpretari
800 2339 852 2358 non
867 2335 974 2366 poterat
991 2339 999 2358 :
1021 2339 1082 2357 nam
1096 2329 1240 2357 confestim
1255 2328 1338 2356 solito
1361 2335 1421 2355 sese
1440 2325 1555 2353 includit
1569 2321 1784 2359 propugnaculo,
1799 2322 1825 2346 et

196 2381 341 2415 repudiato
356 2381 464 2408 litterali
480 2389 561 2408 sensu
580 2380 754 2408 arbitrarium
771 2380 850 2407 nobis
864 2384 892 2407 et
908 2387 979 2414 stepe
993 2378 1204 2405 insnlsissimam
1223 2375 1381 2411 allegoriam
1397 2373 1528 2401 obtrudit.
1588 2418 1591 2419 ν
1614 2418 1617 2419 ν
1640 2418 1644 2419 7
1704 2416 1711 2419 Δ
1758 2415 1764 2419 ι
1806 2413 1811 2419 ⁷

233 2428 382 2456 Plurimum
397 2435 487 2456 tamen
505 2428 530 2456 ei
546 2429 597 2456 hoc
611 2428 721 2456 nomine
741 2428 865 2457 debetur.
881 2428 952 2461 quod
968 2426 1172 2461 Scripturarum
1187 2429 1344 2451 nostrarum
1359 2421 1504 2457 allegorias
1518 2428 1532 2446 a
1547 2418 1619 2446 Celsi
1639 2415 1827 2445 insultationi-

197 2476 249 2502 bus
266 2476 423 2503 vindicarit.
446 2476 546 2503 Contra
562 2475 705 2503 historiam
720 2475 820 2510 Moysis
834 2474 1023 2502 deblaterabat
1036 2473 1186 2507 Epicureus
1201 2472 1256 2504 ille,
1274 2478 1323 2498 nec
1340 2470 1395 2505 pati
1411 2472 1517 2503 poterat
1539 2471 1567 2493 ut
1583 2465 1734 2500 allegorice

199 2529 321 2555 ncretur,
337 2528 364 2551 et
379 2524 448 2551 alius
460 2532 540 2558 quam
556 2522 682 2550 litterulis
697 2523 722 2549 in
736 2531 767 2550 ea
784 2529 881 2550 sensus
895 2529 947 2556 qua

1093 2521 1166 2548 Idem
1181 2520 1213 2548 de
1229 2503 1347 2546 reliquie»
1361 2515 1512 2544 Scripturis
1532 2510 1672 2535 emltlebal
1685 2511 1693 2532 ἒ
1706 2509 1755 2532 sed
1769 2503 1828 2529 νίάο

198 2578 252 2604 quo
268 2552 348 2605 μέιο
361 2552 519 2598 conruit-iur
533 2569 567 2599 ab
582 2569 698 2599 Origene
717 2569 786 2596 [mm
799 2573 889 2590 ηυοοια
904 2552 1013 2588 L’elsum
1027 2564 1135 2595 quarto,
1150 2567 1225 2585 num.
1237 2559 1284 2591 48,
1296 2558 1331 2585 49
1343 2562 1371 2584 et
1382 2557 1427 2588 50,
1441 2561 1468 2583 et
1483 2555 1529 2582 lib.
1541 2562 1561 2586 ι,
1579 2562 1606 2580 n.
1623 2552 1668 2579 l8.

228 2625 346 2649 ἾΙΠἸΟ.
362 2624 404 2648 γι.
425 2627 636 2652 υιῖῖιῦιιιικυκ,
652 2628 685 2647 ΝΕ
699 2627 780 2647 DlCAl
793 2626 967 2648 IIPOSSIBILE.

1036 2626 1121 2650 τιωε.
1137 2626 1203 2649 quos
1218 2625 1364 2645 scum-rutili
1379 2619 1584 2640 COIIPLECTITUR
1598 2619 1694 2639 SENSUS
1707 2619 1781 2638 INVE-

953 2661 1076 2680 STIGARE.

236 2711 416 2740 Haec-veritas
430 2712 558 2748 Urigenis
584 2712 704 2738 animum
726 2711 804 2738 valde
829 2711 937 2738 videtur
962 2710 1095 2738 affecisse.
1118 2719 1127 2735 α
1139 2709 1171 2736 Et
1189 2715 1250 2734 esse
1264 2706 1370 2741 quidem
1396 2705 1494 2741 (inquit
1507 2705 1554 2731 lib.
1567 2712 1593 2731 tv
1611 2703 1651 2730 De
1673 2704 1823 2739 principiis,
1838 2721 1844 2724 -

200 2765 276 2785 nunt.
289 2757 317 2792 9)
337 2757 466 2791 tnysticas
490 2757 621 2791 quasdam
637 2756 853 2791 dispensationes
877 2763 944 2790 quas
961 2754 1060 2783 divina:
1074 2754 1220 2788 Scriptura:
1246 2752 1376 2782 indicant,
1405 2751 1486 2777 etiam
1505 2749 1686 2783 simpliciores
1702 2749 1824 2779 fidelium

201 2805 336 2836 credunt;
351 2811 475 2839 quasnam
492 2811 556 2831 vero
571 2803 622 2831 ὶηίε
639 2804 703 2836 sint,
719 2804 824 2831 eordati
846 2808 873 2831 et
889 2803 1004 2831 modesti
1020 2802 1122 2831 ncsrire
1139 2808 1167 2828 sc
1184 2800 1311 2827 fatentur.
1334 2799 1422 2832 Quare
1437 2798 1458 2825 si
1476 2797 1536 2832 quis
1550 2797 1704 2825 sriscutetur
1716 2798 1749 2826 dc
1761 2807 1824 2827 con-

274 2874 293 2889 ⁸⁰
311 2873 386 2900 Ιυιίιι,
405 2882 429 2905 γ,
446 2873 479 2899 59
