1897 3059
1616 25 1768 32 ἡ

89 92 138 125 Ἕκ
786 107 972 136 PREFATIO
987 109 1033 136 AD
1053 109 1136 137 TOM.
1157 108 1189 136 u.
1742 111 1779 138 es

128 171 236 201 gressvt
253 161 306 191 ιω
326 170 390 191 cum
419 165 543 197 ﬁliabtts,
559 165 592 192 de
618 165 723 194 duabus
738 168 869 194 uxoribus
893 168 1042 199 Abraham,
1067 169 1099 194 de
1115 168 1223 195 duabus
1236 167 1377 195 sororibus
1398 175 1458 203 qua
1471 173 1620 203 nupserunt
1635 167 1728 201 Iacob,
1742 170 1776 196 de

125 213 247 240 duabus
263 211 372 240 ancillis
385 220 453 248 qua:
481 220 514 242 ex
530 213 588 248 ipso
611 219 788 248 pepererunt,
802 214 870 241 nihil
886 214 959 240 aliud
975 215 1176 248 respondebunt
1199 222 1280 249 quam
1296 218 1422 250 mysteria
1438 215 1496 243 bzec
1515 223 1576 243 esse
1594 223 1609 242 a
1626 215 1703 243 nobis
1719 224 1775 243 non

122 261 292 289 intellecta.
322 261 376 288 Sed
400 265 430 288 et
454 261 621 288 tabernaculi
638 260 770 288 fabricam
794 269 855 288 cum
880 261 982 296 legunt,
999 262 1142 289 credentes
1157 269 1218 296 qua:
1242 261 1342 296 scripta
1356 266 1419 289 sunt
1433 270 1493 290 esse
1509 262 1619 297 ﬁguras,
1649 267 1775 297 ψιςιιτιιιιι

119 315 195 342 qua:
217 308 328 342 possint
342 307 376 334 ad
391 307 514 341 singulas
530 308 695 335 tabernaculi
712 313 804 343 partes
821 308 1034 336 accommodare.
1056 308 1148 343 Neque
1162 316 1228 336 vero
1247 309 1273 336 in
1289 316 1322 336 eo
1338 310 1409 343 quod
1426 309 1542 337 credunt
1556 309 1594 337 rei
1612 309 1728 343 alicujus
1744 310 1775 336 ll-

118 363 238 389 guram
262 363 325 382 esse
341 355 560 387 tabernaculum,
586 355 727 388 falluntur,
745 356 791 383 sed
807 364 869 383 eum
885 357 1017 383 rationem
1034 356 1106 383 illius
1123 356 1199 391 cujus
1215 362 1295 392 typus
1309 363 1351 385 est
1376 357 1591 390 tabernaculum,
1608 363 1691 385 certa:
1714 358 1772 384 cui-

118 403 210 437 piam
232 403 285 435 rei,
300 408 382 438 prout
397 403 517 438 postulat
534 397 682 438 Scriptura
696 404 824 439 dignitas,
837 410 931 439 aptare
948 404 1053 436 volunt,
1068 405 1211 439 aliquando
1223 405 1352 432 aberrant
1363 425 1371 437 ,
1393 410 1420 433 et
1432 413 1542 433 omnem
1553 406 1663 440 quidem
1679 413 1775 432 narra-

122 451 247 477 tionem
264 457 325 484 quaa
349 449 391 477 vel
405 450 510 484 nuptias
533 455 656 484 spectare
670 450 787 483 videtur,
810 451 851 478 vel
865 450 1010 478 liberorum
1026 451 1254 485 procreationem,
1270 451 1311 478 vel
1325 451 1406 484 bella,
1431 457 1477 478 aut
1500 451 1567 478 alias
1580 451 1715 485 quaslibet
1731 451 1774 477 hi-

119 497 246 535 s’mrias
259 504 322 531 quas
336 496 417 531 vulgo
430 496 600 523 circumferri
615 501 739 531 possunt,
753 497 851 532 ﬁguras
866 504 926 524 esse
948 497 1104 530 declarant;
1126 497 1173 524 sed
1190 505 1306 532 quarum
1329 505 1420 525 rerum
1437 497 1529 532 ﬁgurae
1547 497 1613 529 sint,
1637 497 1772 523 interdum

74 560 77 561 ν
120 548 259 577 propter
275 540 401 570 habitum
422 549 474 569 non
500 542 570 568 bene
586 542 779 577 compositum,
804 541 949 576 aliquando
972 547 1083 576 propter
1109 542 1302 574 temeritatem,
1326 543 1490 577 quandoque
1508 543 1590 570 etiam
1607 542 1677 576 quod
1692 548 1773 574 supra

123 589 259 616 nmdum
276 588 435 616 horninibus
447 587 556 615 diliicile
566 588 602 615 sit
617 596 661 616 res
676 587 805 621 ejusmodi
820 588 973 623 explorare,
987 587 1183 622 quantumlibet
1197 589 1258 625 guis
1272 589 1438 616 exercitatus
1452 593 1478 615 et
1494 588 1637 622 perspicax
1651 586 1699 619 sit,
1718 593 1773 611 non

122 635 170 661 ita
202 634 354 661 evidenter
370 637 491 668 apparet,
508 641 558 661 nec
573 633 742 668 singulorum
764 633 832 660 ratio
847 633 938 660 aﬂerri
955 637 1051 668 potest.
1065 642 1074 658 ι
1095 632 1222 660 Eamdem
1238 641 1336 661 sensus
1359 633 1488 668 ntystieos
1504 631 1685 666 investigandi
1699 629 1773 656 ditii-

123 681 274 708 cnltalem
292 680 451 715 prophetiis,
466 680 628 715 Evangeliis,
645 681 771 708 omnibus
787 681 903 715 denique
918 679 984 707 Navi
1001 680 1168 708 Testamenti
1182 680 1334 715 Scripturis
1349 681 1438 708 inesse
1455 680 1554 707 asserit
1568 679 1689 711 ejusdem
1704 677 1767 704 libri

124 734 221 753 num.
236 725 281 753 10.
303 725 361 752 lmo
376 726 445 752 infra
460 734 533 752 num.
547 725 581 752 26
594 725 731 753 aﬂirmare
742 733 795 753 non
813 725 921 753 dubitat
936 726 1075 753 minimam
1095 726 1284 761 mysticorum,
1299 734 1369 761 quos
1382 726 1524 760 Scriptura
1540 725 1631 757 habet,
1645 731 1772 752 sensuum

125 777 250 805 partem
266 771 375 806 ipsimet
389 770 473 798 Paulo
488 777 654 806 compertam
670 772 765 799 fuisse.
795 781 804 798 ι
818 771 845 798 Si
860 773 931 807 quis,
948 772 1046 806 inquit,
1069 773 1194 800 curiosus
1209 773 1428 806 explanationem
1449 772 1616 806 singulorum
1638 771 1773 805 requirat,

128 817 237 844 veniat
261 822 290 843 et
304 817 444 843 nobiscum
469 817 570 850 pariter
586 816 680 843 audiat
712 817 849 851 quomodo
872 816 973 843 Paulus
995 816 1132 850 apostolus
1157 824 1205 850 per
1222 817 1354 851 Spiritum
1368 821 1491 843 sanctutn
1515 816 1561 850 qui
1586 820 1773 851 perscrutatur

131 863 229 890 etiam
245 862 381 896 profunda
398 861 456 895 Dei,
484 862 653 889 altitudinem
671 862 767 889 divina:
781 862 922 897 sapientia:
946 869 978 889 ac
994 861 1116 890 scientias
1132 867 1269 894 scrutatis,
1295 869 1346 889 nec
1370 867 1460 889 tamen
1475 863 1508 889 ad
1531 861 1623 892 ﬁuent,
1639 865 1675 892 et,
1692 866 1721 886 ut
1736 861 1771 887 ita

126 908 272 940 dixerim,
289 908 323 934 ad
340 908 461 934 intimam
476 907 658 941 cognitionem
673 907 824 943 praevalens
839 908 992 942 pervenire,
1014 907 1203 942 desperatione
1221 907 1258 935 rei
1276 912 1304 935 et
1316 913 1425 942 stupore
1439 908 1539 934 clamat
1551 911 1578 934 et
1595 906 1662 934 dicit
1675 914 1682 933 :
1695 904 1718 932 0
1733 905 1772 932 al.

129 954 228 980 Iitudo
247 954 403 980 diuitiarum
426 953 560 986 sapientia:
577 957 602 979 el
620 953 737 980 aciemin:
754 953 801 980 Dei
814 953 845 980 η.
875 952 908 979 Et
922 954 992 987 quod
1006 953 1197 987 desperatione
1222 952 1350 987 perfecta:
1369 953 1620 988 comprehensionis
1634 953 1687 979 hoc
1711 959 1772 986 pro-

129 999 323 1029 mmtiaverit,
342 998 404 1025 audi
421 999 507 1033 ipsum
520 998 654 1025 dicentem
674 1007 681 1024 :
703 997 788 1030 Quam
801 998 983 1024 inscrulabilia
998 1003 1060 1024 sunt
1073 998 1179 1032 judicia
1193 997 1252 1031 Dei,
1267 1003 1290 1025 et
1301 1006 1381 1033 quam
1396 999 1587 1034 inuestigabilu
1603 998 1652 1025 via:
1666 998 1724 1032 ejus
1737 997 1771 1025 ".

131 1043 202 1070 Non
220 1043 296 1070 enim
318 1043 396 1077 dicit,
417 1043 523 1071 dillieile
535 1051 613 1078 posse
638 1044 755 1071 scrutari
768 1043 870 1077 judicia
888 1044 946 1076 Dei,
961 1045 1008 1071 sed
1024 1045 1136 1071 omnino
1152 1052 1203 1071 non
1221 1052 1317 1079 posse;
1341 1052 1391 1071 nec
1406 1045 1475 1072 dixit
1491 1044 1598 1072 difﬁcile
1615 1044 1771 1078 investigari

131 1098 226 1125 posse
243 1091 304 1117 vias
324 1091 395 1123 ejus,
416 1090 464 1118 sed
479 1098 532 1117 non
547 1098 626 1125 posse
648 1087 818 1124 investigari.
837 1091 1084 1125 Quantumcunque
1097 1090 1168 1117 enim
1186 1090 1249 1125 quis
1267 1091 1294 1117 in
1313 1091 1460 1118 scrutando
1471 1094 1629 1125 promoveat
1640 1094 1667 1117 et
1681 1090 1773 1116 studio

134 1138 293 1165 intentiore
318 1141 489 1171 promoveat,
510 1137 596 1171 gratia
613 1144 721 1172 quoque
742 1136 788 1164 Dei
806 1137 924 1171 adjutus,
943 1143 1079 1171 sensuque
1093 1136 1270 1168 illuminatus,
1285 1136 1318 1163 ad
1331 1136 1479 1170 perfectum
1496 1137 1575 1163 ﬁnem
1594 1143 1690 1163 eorum
1710 1143 1772 1169 qua:

134 1183 332 1217 requiruntur,
355 1182 498 1215 pervenire
516 1189 567 1208 non
585 1182 695 1215 poterit,
711 1189 760 1208 nec
775 1181 863 1208 omnis
878 1189 954 1208 meus
966 1189 1028 1216 qua:
1043 1185 1134 1209 creata
1151 1185 1203 1215 est,
1225 1181 1352 1215 possibile
1367 1181 1449 1208 habet
1462 1181 1516 1208 ullo
1532 1189 1631 1216 genere
1644 1189 1771 1215 compre-

135 1229 275 1259 hendere,
295 1229 342 1255 sed
353 1233 380 1254 ut
397 1227 530 1254 invenerit
550 1228 672 1261 quasdam
693 1233 726 1253 ex
741 1227 784 1253 his
795 1234 855 1260 qua
866 1231 1035 1260 quaaruntur,
1054 1227 1150 1253 iterum
1164 1227 1236 1253 videt
1250 1227 1302 1253 alia
1319 1234 1378 1260 qua:
1393 1226 1539 1261 qtuerenda
1554 1232 1628 1253 sunt.
1649 1227 1726 1260 Quod
1743 1232 1771 1253 ct

137 1274 163 1300 si
177 1273 212 1300 ad
228 1274 287 1308 ipsa
306 1273 478 1307 pervenerit,
495 1272 579 1299 multo
594 1272 692 1299 iterum
707 1273 783 1307 plura
797 1280 831 1299 ex
847 1271 900 1298 iiiis
915 1279 974 1306 quae
991 1272 1074 1306 quaeri
1087 1271 1216 1304 debeant,
1231 1272 1396 1307 pervidebit.
1411 1283 1421 1298 ι
1440 1273 1641 1300 Commentario
1653 1273 1680 1300 in
1700 1273 1772 1307 psal-

138 1327 217 1346 mum
233 1319 363 1353 primum,
380 1326 442 1353 pag.
455 1317 508 1345 5‘26
520 1323 547 1345 et
563 1317 627 1349 527,
641 1317 833 1345 documentum
849 1316 899 1344 sibi
914 1316 948 1343 ab
964 1316 1077 1344 Hebraeo
1092 1317 1221 1344 traditum
1240 1317 1323 1344 refert
1335 1322 1363 1344 et
1386 1317 1421 1345 ita
1437 1318 1534 1353 probat
1548 1322 1577 1344 ut
1592 1326 1646 1345 non
1660 1317 1770 1345 aliunde

140 1365 230 1400 magis
246 1364 347 1399 liqueat
361 1365 425 1399 quid
437 1364 470 1391 de
485 1364 625 1398 Scriptura
644 1371 721 1391 sacra
745 1363 860 1398 ipsemet
876 1363 990 1391 sentiret
1004 1374 1010 1391 :
1025 1372 1035 1388 ι
1049 1363 1306 1396 Prmclarissimum,
1321 1363 1418 1398 inquit,
1434 1364 1626 1392 documentum
1645 1365 1724 1392 nobis
1737 1366 1771 1392 ab

141 1412 259 1440 Hebraeo
272 1411 306 1438 de
319 1411 394 1438 omni
411 1411 550 1445 Scriptura
577 1410 708 1437 traditutu
724 1417 908 1444 proponemus
931 1418 938 1437 :
960 1410 1068 1437 dicebat
1090 1410 1163 1437 enim
1188 1410 1231 1437 ille
1252 1410 1368 1438 similem
1382 1417 1442 1438 esse
1458 1410 1626 1445 Seripturam
1639 1410 1773 1439 divinitus

143 1458 264 1486 albatam
280 1463 393 1494 propter
407 1458 600 1485 obscuritatem
616 1465 677 1492 quat
691 1457 718 1484 in
732 1465 762 1485 ea
776 1461 830 1490 est,
848 1457 942 1484 multis
956 1457 1100 1485 domiciliis
1115 1465 1170 1484 uno
1193 1457 1310 1484 aediﬁcio
1327 1457 1482 1492 conclusis;
1496 1457 1643 1492 unicuique
1658 1458 1772 1485 domici-

143 1506 179 1533 lio
196 1505 353 1540 appositam
379 1504 478 1531 elavim
505 1511 559 1530 non
577 1503 626 1538 ipsi
642 1503 861 1535 convenientem,
879 1504 973 1538 sicque
987 1503 1133 1537 dissipatas
1156 1510 1216 1530 esse
1233 1503 1324 1530 claves
1347 1510 1396 1538 per
1413 1503 1562 1536 domicilia,
1581 1511 1634 1530 tton
1661 1510 1771 1537 respon-

143 1553 240 1578 dentes
263 1550 388 1585 singulas
404 1550 440 1578 iis
455 1549 600 1577 domiciliis
615 1550 714 1584 quibus
731 1549 862 1584 apposita
875 1554 938 1577 sunt
961 1559 968 1577 :
989 1557 1057 1584 opus
1073 1557 1139 1576 vero
1155 1550 1236 1584 longe
1251 1549 1439 1577 dilllcillimum
1455 1556 1516 1577 esse
1533 1549 1654 1576 invenire
1667 1548 1770 1581 claves,

144 1603 171 1625 et
184 1605 231 1624 eas
256 1596 333 1624 cellis
355 1601 462 1632 aptare,
486 1603 553 1631 quas
566 1596 674 1631 aperire
690 1601 803 1629 possunt
815 1604 822 1623 :
835 1596 924 1631 itaque
936 1596 1018 1624 etiam
1034 1595 1190 1630 Scripturas
1205 1595 1346 1622 abstrusas
1374 1595 1482 1630 quidem
1501 1595 1562 1623 illas
1577 1594 1701 1629 intelligi.
1718 1602 1770 1621 non

145 1644 252 1670 aliunde
265 1643 381 1677 sumptis
398 1649 480 1677 quam
496 1642 530 1669 ab
545 1641 611 1675 ipsis
635 1641 753 1668 invicem
770 1641 939 1676 argumentis
954 1641 1147 1676 intelligentiae,
1164 1648 1224 1675 quae
1241 1641 1268 1667 in
1285 1647 1316 1667 se
1334 1640 1435 1667 habent
1449 1640 1599 1675 dispersam
1618 1636 1770 1674 exponendi

146 1690 289 1717 rationem.
305 1699 314 1715 ι
348 1688 411 1715 llaec
429 1688 557 1723 mysticos
571 1687 717 1722 Scriptura:
733 1696 828 1715 sensus
850 1688 989 1715 scrutandi
1011 1688 1153 1715 diliicultas
1183 1688 1250 1715 adeo
1277 1687 1469 1722 insuperabilis
1482 1688 1590 1723 Origeui
1615 1687 1770 1717 videbatur,

145 1742 174 1764 ut
191 1744 246 1764 suae
269 1743 303 1763 ea
321 1737 354 1763 de
376 1743 405 1763 re
428 1734 571 1762 sententia:
594 1735 706 1762 omnino
721 1739 930 1762 consentaneam
948 1735 1043 1769 agendi
1057 1735 1189 1762 rationem
1215 1734 1350 1761 habuerit.
1373 1734 1502 1768 Quamvis
1518 1734 1617 1768 ubique
1632 1733 1770 1771 _mysteria

146 1787 332 1814 consectetur,
357 1781 442 1808 libere
466 1786 553 1807 tamen
570 1787 646 1807 suam
664 1787 696 1807 ea
721 1780 747 1807 iu
774 1787 802 1806 re
823 1780 968 1808 conﬁtetur
990 1780 1164 1814 imperitiam,
1182 1785 1210 1807 et
1224 1780 1246 1808 si
1267 1789 1335 1815 quos
1353 1780 1490 1808 detexisse
1503 1787 1532 1807 se
1550 1784 1625 1814 putat
1640 1780 1771 1814 mysticos

147 1836 250 1862 sensus,
270 1835 317 1854 eos
331 1834 438 1861 semper
453 1834 514 1853 cum
528 1834 623 1861 magna
640 1825 722 1852 animi
737 1826 778 1852 sui
795 1825 930 1853 tnodestia
945 1826 971 1852 in
990 1825 1077 1853 lucem
1091 1826 1204 1860 profert.
1236 1825 1352 1853 llomilia
1367 1826 1460 1860 quinta
1484 1826 1510 1853 in
1523 1825 1662 1858 Genesim,
1678 1826 1722 1853 ubi
1737 1826 1771 1852 de

149 1874 242 1909 ﬁguris
258 1879 327 1907 quas
351 1872 452 1900 veteris
466 1871 533 1906 legis
556 1871 688 1899 sacrilicia
705 1871 893 1905 continebant,
918 1879 1070 1899 sermonem
1096 1873 1186 1905 habet,
1212 1879 1259 1899 eas
1283 1881 1364 1906 supra
1384 1872 1591 1906 intelligentiam
1607 1879 1685 1899 suam
1709 1878 1770 1899 esse

148 1919 258 1946 candide
285 1917 394 1944 fatetur.
431 1926 440 1942 t
452 1917 511 1945 Non
529 1922 629 1947 autem.
647 1918 746 1951 inquit,
764 1917 859 1945 dubito
874 1918 958 1945 multa
974 1925 1035 1945 esse
1059 1925 1119 1952 quae
1133 1925 1183 1945 nos
1198 1917 1292 1950 latent,
1309 1923 1336 1944 et
1351 1925 1462 1945 sensum
1477 1923 1603 1944 nostrum
1627 1923 1768 1952 superant.

149 1966 204 1994 Non
221 1967 294 1993 enim
319 1973 412 1993 sumus
430 1964 501 1991 illius
519 1963 607 1990 meriti
632 1967 662 1990 ut
679 1963 814 1997 possimus
828 1964 919 1992 dicere
938 1973 945 1991 :
962 1963 1018 1991 Nos
1036 1968 1124 1991 autem
1146 1972 1250 1991 sensum
1261 1964 1364 1992 Christi
1379 1964 1502 1991 habemus
1514 1964 1547 1992 ³³.
1561 1983 1567 1990 .
1579 1983 1586 1991 .
1608 1964 1673 1991 Eam
1689 1972 1769 1999 quam

148 2018 217 2038 nunc
230 2010 347 2037 diximus
362 2008 429 2043 legis
444 2008 562 2035 animam
586 2008 769 2042 requiramus,
785 2013 915 2042 quantum
939 2009 971 2035 ad
986 2016 1105 2043 praesens
1120 2014 1225 2043 tempus
1243 2014 1359 2043 spectat.
1389 2009 1487 2037 Nescio
1504 2014 1594 2037 autem
1620 2010 1642 2038 si
1660 2018 1769 2046 possum

149 2057 226 2082 etiam
241 2055 274 2082 ad
288 2055 414 2089 spiritum
429 2052 488 2086 ejus
504 2053 653 2081 ascendere
667 2054 693 2080 in
709 2053 751 2080 bis
769 2061 829 2088 qua:
847 2054 880 2081 de
896 2054 1038 2082 sacriﬁciis
1061 2055 1128 2082 lecta
1145 2060 1218 2082 sunt.
1235 2064 1245 2081 ›
1268 2054 1394 2089 Majorem
1413 2055 1502 2083 adhuc
1525 2063 1581 2091 pra:
1595 2064 1624 2084 se
1638 2057 1692 2084 l'ert
1710 2057 1770 2084 ani-

151 2102 185 2128 mi
201 2101 360 2128 modestiam
377 2100 489 2128 liomilia
505 2099 646 2126 undecima
670 2100 697 2126 in
725 2099 870 2132 Numeros,
889 2099 933 2126 ubi
952 2100 990 2127 ait
1012 2108 1019 2127 :
1048 2110 1058 2126 ‹
1071 2100 1102 2126 Et
1120 2101 1143 2128 si
1166 2108 1287 2128 mererer
1301 2108 1352 2135 ego
1367 2101 1445 2128 hodie
1466 2109 1593 2137 magnum
1609 2102 1726 2137 aliquem
1743 2106 1770 2128 et

150 2155 250 2174 summo
265 2147 393 2182 pontiﬁce
407 2146 518 2180 dignum
536 2153 646 2172 sensuro
663 2145 796 2180 proferre,
821 2146 858 2172 ita
873 2150 903 2172 ut
915 2153 948 2172 ex
964 2146 997 2173 iis
1012 2147 1138 2174 omnibus
1150 2154 1211 2181 qute
1232 2146 1371 2181 loquimur
1385 2151 1412 2173 et
1427 2148 1565 2179 docemus,
1581 2153 1653 2175 esset
1669 2147 1769 2182 aliquid

150 2196 280 2230 t-gregium
297 2194 367 2229 quod
395 2200 502 2221 summo
517 2192 654 2220 sacerdoti
671 2192 779 2226 placere
801 2192 920 2225 deberet,
944 2198 1052 2227 poterat
1067 2194 1182 2222 fortasse
1198 2194 1254 2221 ﬁeri
1281 2198 1310 2220 ut
1325 2194 1436 2228 angelus
1452 2195 1498 2228 qui
1514 2200 1612 2229 prmest
1630 2195 1770 2228 Ecclesiae,

150 2251 181 2270 ex
193 2241 316 2268 omnibus
329 2240 412 2267 dictis
424 2238 525 2266 nostris
539 2238 653 2273 eligeret
668 2238 780 2273 aliquid,
799 2242 825 2264 ct
840 2238 900 2265 loco
915 2239 1097 2272 primitiarum
1119 2239 1233 2267 Domino
1249 2239 1282 2266 de
1298 2239 1386 2273 agello
1399 2240 1490 2266 cordis
1507 2241 1559 2266 tnei
1576 2240 1696 2270 ollerrct.
1715 2242 1769 2268 Sed

150 2297 196 2326 ego
211 2296 252 2316 me
268 2288 324 2315 scio
338 2295 393 2315 non
413 2287 523 2318 mereri,
539 2293 589 2312 nec
605 2285 731 2313 conscius
743 2292 803 2311 sum
825 2284 903 2317 mibi,
926 2286 996 2320 quod
1017 2286 1079 2313 talis
1102 2294 1199 2314 sensus
1215 2288 1369 2315 inveniatur
1385 2286 1412 2313 iu
1441 2294 1483 2313 tne
1504 2294 1583 2315 uuem
1600 2288 1710 2322 dignutn
1726 2289 1770 2322 ju-

150 2337 214 2362 dich
230 2334 340 2369 angelus
356 2333 404 2368 qui
420 2340 469 2359 nos
485 2331 595 2364 excolit,
621 2331 721 2358 oll‘erre
746 2337 796 2365 pro
813 2330 941 2365 primitiis
956 2330 998 2357 vel
1015 2339 1064 2365 pro
1088 2332 1277 2367 primogeuilis
1294 2334 1418 2361 Domino.
1438 2336 1527 2370 Atque
1545 2334 1647 2360 utinam
1669 2334 1723 2361 tale
1735 2334 1770 2361 sit

150 2381 215 2416 quod
231 2380 368 2415 loquimur
391 2383 419 2404 et
440 2379 578 2416 docemus,
594 2381 690 2404 utnon
707 2383 755 2411 pro
769 2376 858 2403 verbis
873 2376 972 2404 nostris
987 2377 1163 2404 condemnari
1181 2386 1344 2408 mereamur.
1375 2379 1515 2407 Suﬁiceret
1539 2379 1618 2406 nobis
1636 2379 1693 2406 hac
1708 2387 1769 2413 gra-

151 2429 193 2454 tia.
207 2437 216 2452 l
234 2426 369 2453 Praeterea
385 2425 499 2459 insignis
512 2431 543 2451 ea
560 2425 593 2451 de
607 2431 636 2450 re
650 2423 725 2451 locus
737 2427 826 2450 exstat
843 2423 952 2450 homilia
970 2423 1056 2458 prima
1073 2424 1098 2450 in
1117 2424 1238 2452 Exodum
1255 2437 1260 2454 :
1276 2436 1285 2452 t
1300 2426 1329 2453 Si
1347 2427 1425 2459 tnihi,
1440 2427 1538 2462 inquit,
1557 2426 1688 2453 Dominus
1703 2433 1771 2453 cou-

152 2473 240 2499 tedcre
264 2472 427 2506 dignaretur
443 2470 574 2505 spiritalis
593 2469 768 2504 agricultura;
789 2468 973 2503 disciplinam,
993 2469 1014 2496 si
1034 2471 1160 2503 peritiam
1178 2471 1284 2499 colendi
1311 2473 1382 2499 rttris
1398 2473 1523 2505 donaret,
1542 2480 1612 2499 unus
1634 2479 1724 2498 sermo
1736 2479 1770 2498 ex

153 2519 188 2545 his
200 2527 258 2553 qua
280 2520 394 2547 recitata
411 2523 486 2549 sunt,
503 2519 529 2544 in
548 2522 651 2544 tantum
666 2521 758 2551 posset
773 2516 852 2551 longe
865 2516 972 2550 lateque
985 2517 1107 2550 dill‘undi,
1130 2518 1152 2544 si
1171 2523 1258 2546 tamen
1275 2525 1302 2546 et
1321 2520 1474 2546 auditorum
1500 2519 1638 2552 capacilas
1656 2518 1768 2550 sineret,

153 2572 177 2592 ut
190 2567 229 2593 vix
248 2566 325 2592 nobis
352 2564 388 2591 ad
402 2564 592 2597 explicandqu
608 2563 746 2590 sulliceret
770 2562 839 2589 dies.
869 2560 1046 2589 'l‘eutabimus
1071 2568 1162 2590 tamen
1179 2571 1226 2598 pro
1250 2565 1354 2592 viribus
1381 2566 1482 2592 nostris
1508 2564 1599 2597 aliqua
1623 2563 1768 2595 disserere,

153 2611 248 2638 etiamsi
275 2617 365 2645 neque
392 2610 470 2636 nobis
485 2610 613 2636 universa
629 2608 777 2643 explicare,
803 2615 891 2641 neque
915 2607 1114 2649 vobis_ctmcta
1139 2611 1234 2637 audire
1255 2611 1381 2645 possibile
1404 2610 1544 2645 est;quia
1564 2615 1591 2638 et
1613 2609 1664 2637 hoc
1682 2609 1769 2645 ipsum

153 2663 303 2692 agnoscere,
319 2655 392 2690 quod
409 2663 492 2690 supra
509 2655 582 2682 vires
596 2659 706 2682 nostras
718 2654 753 2681 sit
771 2654 869 2681 horum
889 2653 1013 2687 scientia,
1028 2662 1083 2682 non
1098 2663 1189 2688 parva:
1205 2656 1325 2683 arbitror
1339 2664 1399 2683 esse
1411 2657 1527 2691 peritiae.
1543 2665 1552 2682 ι

197 2717 293 2744 ΑΠΤΙΩ.
379 2723 447 2743 τκεε
462 2723 592 2743 Ριιοροκιτ
607 2722 725 2742 ηεϐυιιλε
739 2722 834 2746 QUIBUS
848 2723 1017 2743 IYSTICORUI
1033 2724 1150 2745 SENSUUI
1163 2725 1369 2746 lNTELLIGENTIA
1388 2726 1507 2746 FACILIUS
1525 2725 1714 2746 COIPARE'I'UR.

181 2762 267 2790 Prima
288 2762 382 2798 regula
406 2769 466 2797 qua!
484 2762 621 2797 praecipue
642 2762 671 2789 in
686 2761 812 2788 Mosaicis
830 2761 906 2788 libris
931 2761 1020 2790 locum
1040 2764 1130 2797 habet,
1153 2764 1284 2797 ejusmodi
1302 2770 1345 2792 cst
1370 2773 1376 2792 :
1400 2774 1409 2790 ί
1424 2765 1560 2799 Quidquid
1583 2765 1609 2792 iu
1627 2764 1768 2798 Scriptura

181 2830 199 2846 "
218 2829 294 2857 lium.
315 2838 353 2863 XI,
369 2830 413 2857 55.
455 2831 476 2846 ³²
492 2830 558 2858 Ibid.
599 2830 620 2846 ³³
644 2830 732 2858 lCor.
756 2838 785 2863 ll,
809 2831 849 2858 lli.
