1895 3057
131 81 167 108 27
774 76 879 104 ΡΒᾸΞΕ

1042 76 1124 105 ΤΟΜ.
1144 76 1175 103 ll.
1728 75 1779 104 98

135 142 266 175 mandati,
293 140 432 177 prteccpti,
449 138 611 171 testimonii.
630 139 753 176 justitl.c,
770 139 879 174 judicii,
903 144 970 171 etc..
993 139 1105 166 vocibus
1122 137 1298 172 exprimitur,
1325 135 1352 162 id
1377 133 1411 162 ad
1432 134 1552 162 litteram
1575 134 1777 169 accipiendum

133 192 186 219 est,
204 194 253 214 nec
270 187 409 222 allegat-iis
436 187 556 221 indiget;
577 184 710 220 quidquid
734 191 800 211 vero
817 183 929 212 nomine
950 185 1016 219 legis
1033 185 1200 216 declaratur,
1225 183 1252 210 id
1271 180 1415 216 allegorice
1438 180 1661 214 explicandum.»
1694 180 1733 208 Ea
1757 189 1778 208 e

133 234 218 262 verbo
243 234 275 262 ad
300 234 411 260 verbum
426 237 554 267 excerpta
569 237 612 259 est
625 239 658 258 ex
685 231 799 258 homilia
815 231 959 259 undecima
985 232 1011 260 in
1025 232 1168 263 Numeros.
1193 231 1271 264 eujus
1290 229 1478 258 testimonium
1495 236 1576 262 supra
1601 230 1779 258 adduximus

134 282 251 309 articulo
268 282 400 309 secundo.
422 280 507 316 Hujus
527 287 609 313 porro
625 279 724 313 regula:
739 285 836 306 sensus
851 283 904 311 est.
921 279 1139 306 caeremonialem
1156 279 1241 312 legem
1256 281 1340 305 totam
1359 283 1420 304 esse
1433 277 1528 311 ﬁguris
1547 277 1777 311 plenatn,'soctts

132 335 198 354 vero
215 327 301 361 legem
326 327 455 354 moralem
470 334 476 358 ;
492 326 591 352 deinde
615 325 721 360 singula
740 324 888 359 Scriptum
908 325 967 353 loca
985 333 1045 359 qua:
1061 325 1094 352 ad
1111 323 1328 352 caeremonialem
1353 324 1438 358 legem
1463 331 1572 358 quoquo
1584 324 1667 355 modo
1691 323 1777 352 refe—

133 377 239 403 runtur.
255 381 299 404 ea,
322 379 357 399 ne
372 379 425 398 uno
441 372 550 405 quidem
568 376 692 405 excepto,
709 378 763 397 non
785 371 941 403 litteralem,
955 371 1002 398 sed
1019 371 1128 398 unicum
1148 370 1292 406 mysticum
1309 374 1418 397 sensum
1437 369 1553 397 habere.
1584 369 1660 396 Hanc
1684 378 1778 404 regu—

133 419 186 446 latu
207 419 296 446 ﬁrntat
312 419 461 453 Scriptum
478 425 565 444 sacra;
583 417 648 444 locis
662 425 724 452 quae
739 418 954 444 caeremonialem
971 417 1056 449 legem
1073 417 1172 452 ﬁguras
1188 416 1325 448 habuisse.
1342 424 1392 443 nec
1409 417 1527 452 amplius
1542 425 1572 444 ea
1592 416 1778 444 Christianos

131 465 243 499 obligari
259 466 366 492 docent.
390 463 467 492 Unde
484 463 586 498 colligit
601 468 655 490 tota
679 463 729 490 hac
745 462 803 497 lege
820 462 922 497 ﬁguras
937 463 1074 495 exhiberi,
1098 462 1228 497 omnique
1250 469 1310 489 eam
1326 469 1397 489 nunc
1420 470 1517 490 carere
1536 470 1616 490 sensu
1641 463 1777 494 litterali,

131 511 355 545 quandoquidem
372 518 403 537 ea
419 510 475 544 jam
502 510 583 537 soluti
600 513 666 536 sunt
679 509 840 537 Christiani.
864 509 894 536 id
914 517 999 545 genus
1014 509 1172 545 systematis
1186 509 1243 544 jam
1263 510 1443 544 introspicere
1459 510 1534 537 licuit
1551 510 1661 537 homilia
1682 517 1776 543 supra

130 556 216 583 citata
235 558 260 583 iu
286 558 431 589 Numeros,
461 557 508 584 sed
533 556 639 591 plenius
662 555 841 583 conﬁrmatur
863 556 1042 591 sequentibus
1069 556 1245 584 testimoniis.
1276 555 1534 591 Homiliarseptima
1559 555 1586 582 in
1601 554 1778 586 Leviticum,

132 609 206 630 ntnn.
218 602 245 634 4,
272 602 316 629 ubi
333 603 366 629 de
384 603 547 630 mundorum
565 607 591 630 et
614 602 815 629 immundorum
832 602 991 630 discrimine
1012 603 1114 638 agitur,
1128 603 1169 629 sic
1184 602 1306 637 loquitur
1330 611 1337 629 :
1362 611 1372 628 ‹
1386 601 1439 629 Sed
1455 601 1487 628 ad
1502 601 1560 629 haec
1576 600 1778 635 investiganda

132 647 285 682 Scriptura:
301 648 466 676 testimoniis
483 648 645 683 indigemus.
661 655 695 675 ne
709 647 771 681 quis
789 652 863 682 putet
880 648 985 684 (amant
1001 649 1074 676 enim
1092 648 1217 676 homines
1230 655 1365 676 exacuere
1380 647 1486 682 littgttas
1500 653 1565 674 suas
1579 651 1609 673 ttt
1621 645 1776 681 gladium),

130 700 165 720 ne
175 695 236 728 quis
251 699 334 729 ptttet,
350 695 469 729 inqttam,
490 696 562 730 quod
579 703 630 730 ego
645 696 696 722 vim
713 695 809 722 faciant
827 694 978 730 Scripturis
992 695 1105 726 divinis,
1116 699 1146 721 ut
1163 702 1196 722 ea
1211 702 1272 729 quae
1288 694 1322 722 de
1336 694 1511 725 animalibus.
1528 692 1777 726 Quadrupedibus,

129 740 170 766 vel
189 741 271 768 etiam
299 741 405 775 avibus,
424 747 470 769 aut
487 739 609 776 piscibus
635 742 742 769 mundis
758 742 815 769 sive
831 741 977 769 immundis
993 741 1019 768 in
1040 740 1099 775 lege
1112 741 1278 772 referuntur,
1295 741 1328 767 ad
1355 741 1479 768 homines
1497 740 1614 773 traham,
1632 739 1705 766 etde
1717 739 1779 765 lto-

129 785 249 813 minibus
265 786 323 813 hmc
336 787 408 814 dicta
424 795 484 815 esse
501 787 667 821 conﬁngam.
697 787 835 815 Fortassis
849 788 921 814 enim
934 787 1007 814 dicat
1029 787 1091 821 quis
1105 786 1260 814 auditorum
1280 786 1355 815 :Cur
1366 787 1420 814 vim
1433 786 1502 814 facis
1515 785 1682 820 Scriptum?
1697 785 1775 811 Ani-

128 833 210 860 ntalia
239 835 377 867 dicuntur,
395 835 522 862 animalia
547 836 744 870 intelligantur.
766 834 806 862 Ne
828 842 894 871 ergo
907 835 1007 870 aliquis
1028 836 1087 867 haac
1105 835 1252 870 depravari
1273 835 1393 862 humano
1406 835 1499 862 credat
1515 834 1636 869 ingenio,
1652 839 1776 868 aposto-

128 880 179 908 lica
197 880 222 906 itt
247 881 287 907 eis
311 881 460 908 auctoritas
475 881 611 908 evocantia
629 886 670 908 est
686 901 692 908 .
704 901 711 909 .
725 900 752 908 ..
773 881 874 908 Paulus
888 881 983 915 utique
999 888 1136 915 nunquam
1153 880 1267 908 auderet
1283 880 1433 914 spiritalem
1450 885 1542 914 potttm
1568 884 1597 906 et
1612 879 1776 914 spiritalem

127 930 218 950 escam
233 924 379 958 appellare,
399 925 448 952 nisi
466 925 537 952 ltunc
554 932 615 952 esse
638 932 748 953 sensum
764 925 926 960 legislatoris
952 933 1000 959 per
1017 925 1144 952 traditam
1157 926 1209 953 sibi
1227 926 1377 952 verissima
1390 925 1522 953 doetriuze
1535 925 1678 953 scientiam
1694 926 1777 954 ditii-

126 971 217 997 cisset.
239 970 315 998 Uude
335 976 363 998 et
377 971 440 998 illud
457 972 531 998 addit
548 977 677 1007 tanquam
697 972 838 1000 conﬁdens
863 976 889 999 et
907 977 998 999 certus
1014 972 1048 999 de
1061 971 1186 999 ciborum
1200 972 1305 999 ratione
1322 971 1486 998 mundorum
1505 975 1533 998 et
1551 971 1777 1010 immundorttttt,

127 1017 199 1051 qttod
218 1025 270 1043 non
285 1017 433 1044 secundum
450 1017 580 1048 litteram.
595 1018 641 1045 sed
660 1018 823 1052 spiritaliter
837 1018 1006 1045 observanda
1031 1019 1098 1050 sint,
1113 1023 1142 1045 et
1155 1018 1221 1045 dicit
1244 1026 1251 1044 :
1275 1017 1361 1044 Nerua
1377 1025 1439 1052 ergo
1461 1025 1507 1044 vos
1524 1017 1629 1052 judicet
1649 1018 1679 1044 in
1693 1018 1774 1050 cibo,

125 1067 172 1088 aut
191 1067 264 1097 potu,
281 1068 328 1090 aut
344 1063 371 1090 in
383 1069 457 1098 parte
477 1065 531 1090 diei
549 1065 622 1096 festi,
636 1069 682 1090 aut
696 1064 853 1095 neomem'rr,
867 1068 913 1091 aut
932 1063 1118 1097 Sabbatorum,
1134 1071 1193 1098 qua:
1205 1068 1266 1091 sunt
1280 1064 1374 1090 umbra
1387 1063 1537 1098 futurorum
1549 1063 1583 1092 “.
1602 1063 1684 1091 Vides
1697 1071 1776 1098 ergo

125 1109 261 1142 quomodo
276 1109 334 1136 hrec
355 1109 447 1137 omnia
463 1118 524 1145 quas
536 1110 570 1137 de
595 1110 664 1137 cibis
679 1110 720 1137 vel
737 1115 802 1144 potu
828 1110 948 1144 loquitur
964 1110 1080 1146 Moyses,
1107 1110 1207 1138 Paulus
1220 1111 1265 1144 qui
1291 1110 1387 1137 melius
1404 1110 1455 1137 ista
1473 1110 1620 1143 didicerat,
1636 1119 1719 1145 quant
1740 1111 1772 1138 hi

125 1155 172 1189 qui
189 1162 262 1182 nunc
273 1155 379 1189 jactaut
392 1163 422 1183 se
439 1163 500 1183 esse
513 1157 651 1188 doctores,
668 1156 760 1182 omnia
776 1155 832 1183 haec
850 1156 973 1183 umbram
990 1157 1057 1183 dicit
1072 1165 1133 1184 esse
1147 1157 1312 1184 futurorum.
1343 1157 1376 1184 Et
1391 1157 1461 1190 ideo,
1486 1156 1557 1184 sicut
1580 1157 1712 1188 diximus,
1732 1158 1774 1186 ab

126 1201 179 1228 hac
201 1200 295 1228 umbra
311 1201 345 1227 ad
359 1201 501 1228 veritatem
517 1201 649 1228 debemus
670 1202 832 1229 ascendere.
860 1202 1026 1229 Christianis
1038 1208 1066 1230 et
1088 1209 1102 1229 a
1116 1202 1283 1229 Christianis
1306 1209 1399 1230 sermo
1412 1206 1466 1233 est,
1481 1202 1580 1236 quibus
1596 1202 1772 1236 apostolico-

126 1257 185 1275 rum
199 1248 335 1275 dictorum
352 1248 435 1274 cltara
460 1248 540 1275 debet
565 1255 626 1275 esse
642 1248 804 1276 auctoritas.
826 1248 854 1276 Si
873 1249 934 1284 quis
950 1256 1014 1275 vero
1029 1250 1186 1283 arrogantia
1204 1248 1327 1276 tumidus
1345 1249 1493 1283 apostolica
1519 1249 1596 1275 dicta
1609 1250 1773 1276 contemnit

124 1299 173 1321 aut
196 1294 310 1328 spernit,
330 1294 387 1329 ipse
404 1294 514 1321 viderit.
535 1293 600 1321 Mihi
615 1299 704 1321 autem
720 1295 794 1322 sicut
809 1295 865 1322 Deo
883 1300 911 1322 et
927 1295 1040 1323 Domino
1056 1295 1120 1322 Jesu
1135 1294 1255 1326 Christo,
1283 1294 1319 1321 ita
1341 1299 1370 1322 et
1385 1295 1514 1329 apostolis
1540 1295 1601 1329 ejus
1623 1296 1772 1323 adhatrere

125 1340 225 1367 bonum
243 1345 296 1372 est,
315 1344 341 1366 et
358 1347 390 1367 ex
407 1339 507 1367 divinis
526 1339 676 1374 Scripturis
700 1341 850 1368 secundum
871 1341 993 1376 ipsorum
1010 1341 1185 1368 traditionem
1210 1341 1415 1376 intelligentiam
1434 1348 1543 1375 capere.
1558 1350 1567 1367 ι
1590 1341 1628 1368 Ex
1652 1342 1718 1375 hoc,
1738 1342 1770 1368 ni

124 1384 219 1417 fallor.
240 1385 398 1413 testimonio
411 1385 495 1420 liquet
511 1385 644 1421 placuisse
660 1387 780 1422 Origeni.
798 1392 826 1414 ut
842 1388 931 1416 omnis
944 1388 1145 1415 cteremonialis
1156 1388 1199 1415 lex
1215 1388 1364 1423 allegorico
1379 1394 1460 1414 sensu
1477 1388 1627 1422 accipiatur
1640 1396 1647 1414 :
1660 1395 1694 1415 eu
1712 1388 1768 1416 tibi

125 1431 188 1464 alia,
207 1431 279 1459 unde
300 1435 407 1458 constat
424 1439 456 1459 ex
474 1432 533 1467 ejus
549 1434 682 1460 sententia
705 1433 779 1461 omni
799 1442 871 1462 nunc
887 1441 949 1462 eam
977 1433 1084 1461 litterali
1108 1441 1172 1469 erga
1193 1434 1365 1462 Christianos
1388 1440 1469 1460 sensu
1495 1441 1601 1461 carere.
1633 1433 1706 1461 Nihil
1729 1435 1768 1462 ad

123 1483 184 1502 eam
202 1484 259 1504 rem
284 1477 371 1512 magis
389 1477 532 1512 disertum,
549 1487 630 1514 quam
647 1481 718 1515 quod
735 1481 773 1507 ait
797 1481 908 1509 hontilia
924 1485 1000 1508 sexta
1017 1481 1044 1508 in
1057 1480 1205 1509 Gettesim:
1221 1489 1231 1506 α
1245 1480 1323 1513 Quod
1336 1481 1358 1508 si
1373 1481 1489 1508 edocere
1505 1481 1547 1507 vis
1563 1480 1700 1515 quomodo
1718 1481 1768 1507 lex

124 1527 230 1549 mortua
246 1524 293 1556 sit,
307 1523 449 1552 considera
466 1530 494 1553 et
508 1525 569 1553 vide
583 1534 656 1554 nunc
673 1528 821 1561 sacriﬁcia,
839 1529 884 1556 ubi
897 1528 996 1562 altare,
1012 1528 1058 1556 tibi
1075 1527 1214 1562 templum,
1238 1527 1284 1555 ubi
1298 1527 1515 1562 puriﬁeationes,
1531 1527 1576 1554 ubi
1601 1526 1768 1554 solemnitas

122 1568 235 1597 Pascha:
249 1578 257 1598 :
279 1578 369 1599 nonne
386 1577 492 1599 mortua
509 1577 551 1599 est
575 1573 601 1600 io
620 1573 662 1601 bis
677 1573 805 1601 omnibus
828 1574 894 1601 lex?
908 1575 962 1602 Aut
977 1574 999 1602 si
1016 1579 1130 1609 possunt
1146 1573 1191 1600 isti
1205 1573 1287 1601 amici
1312 1578 1340 1601 et
1354 1573 1516 1600 defensores
1540 1573 1649 1605 litterae,
1668 1578 1771 1601 custo-

123 1615 199 1642 diant
223 1615 341 1644 litteram
358 1618 434 1653 legis.
446 1627 456 1644 ›
482 1617 517 1646 Εῑ
532 1619 641 1646 ltomilia
665 1621 809 1648 undecima
826 1621 853 1648 in
870 1621 992 1648 Exodum
1012 1629 1019 1647 ε
1041 1629 1051 1646 ε
1066 1619 1125 1647 Non
1139 1621 1211 1647 enim
1226 1624 1327 1655 potest,
1343 1619 1444 1654 inquit,
1462 1619 1554 1646 facere
1567 1619 1609 1646 lex
1624 1619 1697 1646 sicut
1713 1619 1770 1647 ,Ιη-

122 1661 172 1689 dati
188 1662 294 1696 dicunt,
312 1664 375 1698 quia
392 1664 546 1692 inﬁrmatttr
559 1665 602 1692 lex
615 1665 642 1692 in
657 1673 750 1698 carne,
764 1666 792 1693 id
809 1671 852 1694 est
866 1667 891 1694 in
910 1667 1012 1698 littera,
1024 1671 1053 1695 et
1066 1666 1135 1694 nihil
1149 1671 1240 1701 potest
1255 1667 1404 1693 secundum
1420 1665 1538 1692 litteram
1554 1665 1643 1692 facere
1661 1673 1670 1694 :
1692 1666 1768 1694 nihil

122 1707 194 1734 enim
211 1709 245 1735 ad
260 1709 411 1744 perfectum
429 1711 538 1739 adducit
556 1711 611 1739 lex.
632 1711 787 1739 Secundum
802 1717 893 1739 autem
910 1713 1055 1740 consilium
1073 1712 1145 1747 quod
1161 1720 1210 1739 nos
1223 1711 1364 1739 aﬁerimtts
1378 1711 1412 1738 ad
1428 1711 1526 1746 legem,
1539 1717 1652 1746 possunt
1667 1713 1766 1739 omnia

122 1754 283 1787 spiritaliter
307 1756 377 1784 ﬁeri.
396 1757 513 1784 Possunt
536 1761 564 1784 et
589 1758 724 1786 sacriﬁcia
743 1758 904 1793 spiritaliter
929 1759 1034 1793 offerri,
1053 1767 1112 1794 quae
1127 1760 1209 1787 tnodo
1234 1758 1384 1786 carnaliter
1401 1765 1454 1785 non
1478 1762 1603 1793 possunt.
1623 1757 1719 1785 Potest
1736 1762 1767 1785 ct

122 1799 164 1827 lex
182 1800 264 1835 lepra:
279 1802 438 1836 spiritaliter
455 1804 568 1834 servari.
584 1812 645 1838 quas
659 1806 810 1832 secundum
829 1805 948 1833 litteram
969 1813 1023 1833 non
1040 1810 1139 1840 potest.
1155 1805 1201 1833 Sic
1217 1812 1282 1840 ergo
1299 1804 1436 1839 quomodo
1448 1811 1496 1831 nos
1508 1804 1643 1831 sentimus
1654 1807 1682 1830 et
1694 1812 1767 1830 con-

122 1847 212 1876 silium
227 1849 333 1883 damus,
346 1851 435 1878 omnia
455 1851 520 1878 facit
534 1850 587 1878 lex.
604 1852 759 1879 Secundum
776 1851 895 1880 litteram
913 1857 1004 1880 autem
1023 1861 1076 1880 non
1091 1854 1194 1885 omnia.
1207 1853 1256 1880 sed
1272 1852 1420 1879 admodum
1438 1859 1535 1887 pauca.
1551 1860 1559 1877 t

157 1894 284 1923 Secunda
303 1897 407 1930 regula.
428 1896 505 1930 cuius
520 1898 687 1932 praecipuum
703 1905 781 1924 usum
797 1905 857 1925 esse
871 1897 929 1925 vult
957 1898 983 1925 in
1011 1898 1180 1934 propheticis
1202 1902 1230 1924 et
1244 1897 1386 1924 historicis
1414 1896 1505 1929 libris,
1525 1897 1578 1924 hoc
1603 1902 1764 1924 commento

121 1942 218 1970 nititur
233 1951 239 1970 2
260 1953 269 1970 ‹
298 1943 327 1970 lu
340 1944 409 1971 coelo
425 1944 498 1978 regio
515 1948 556 1971 est
569 1952 629 1978 qua:
642 1943 752 1977 Iudicio,
768 1945 834 1972 urbs
858 1952 918 1979 qua:
941 1945 1129 1981 .ierosolymae,
1149 1945 1264 1980 populus
1285 1944 1330 1978 qui
1353 1943 1466 1970 Judaico
1481 1943 1580 1978 populo
1597 1943 1762 1978 respondi-t.

121 1989 168 2018 Sic
181 1991 264 2018 etiam
280 1990 401 2018 ccelestis
417 1991 551 2027 [Egyptus
569 1996 621 2024 est,
639 1991 760 2019 caelestis
775 1992 907 2028 Babylon,
922 1992 1043 2020 cmlestis
1059 1993 1156 2024 Sidon.
1168 1992 1287 2019 caelestis
1301 1991 1399 2026 Tyrus,
1415 1995 1442 2017 et
1455 1991 1515 2017 alite
1526 1990 1657 2024 ejusmodi
1674 1991 1762 2018 urbes

120 2043 149 2066 et
164 2038 234 2071 loca,
253 2046 314 2073 quae
330 2038 446 2065 terrenis
466 2037 586 2072 ejusdem
613 2039 732 2066 nominis
759 2039 916 2073 regionibus
931 2043 959 2066 et
979 2038 1137 2066 civitatibus
1153 2037 1328 2073 respondent.
1346 2037 1374 2064 ltt
1391 2037 1468 2064 hisce
1490 2037 1651 2066 caelestibus
1667 2039 1762 2074 regio-

120 2084 201 2111 nibus
216 2089 244 2112 et
273 2085 384 2112 urbibus
400 2086 566 2114 domicilium
586 2091 629 2114 est
648 2087 814 2118 animarum,
828 2094 889 2121 quae
911 2085 1065 2120 principatu
1089 2085 1222 2112 bouorunt
1236 2090 1283 2111 aut.
1306 2084 1440 2112 malorum
1458 2085 1571 2118 imperio
1589 2086 1758 2114 subduntttr.

120 2128 151 2157 Et
169 2131 395 2166 quemadmodum
413 2131 477 2159 hinc
491 2132 653 2159 decedentes
675 2131 813 2160 hominum
838 2132 935 2159 animae
951 2132 977 2159 itt
998 2131 1134 2158 infernum
1154 2131 1347 2164 detruduntur,
1363 2137 1394 2159 ttt
1415 2132 1452 2159 ibi
1478 2132 1589 2158 meritas
1606 2139 1656 2166 pro
1676 2132 1760 2159 malis

119 2178 224 2204 actibus
239 2185 334 2212 poenas
359 2177 511 2211 exsolvant,
527 2178 568 2205 sic
596 2179 666 2206 idem
684 2178 771 2206 ferme
799 2179 825 2206 itt
844 2179 970 2214 supernis
1000 2178 1067 2205 locis
1092 2178 1203 2211 accidit,
1220 2178 1265 2206 ubi
1292 2179 1428 2213 quoddam
1455 2179 1550 2205 tnortis
1572 2186 1656 2212 genus
1672 2186 1759 2213 expe-

121 2226 228 2252 riuntttr
244 2225 351 2255 anitum,
364 2230 392 2251 et
407 2229 467 2258 post
479 2225 558 2251 istam
574 2231 688 2253 mortem
704 2225 731 2252 itt
746 2231 845 2253 terram
862 2226 933 2252 hanc
948 2230 1068 2252 nostram
1079 2228 1207 2259 tanquam
1224 2225 1250 2251 itt
1268 2223 1404 2251 infernum
1420 2224 1635 2258 praecipitantur.
1659 2224 1757 2252 Potest

120 2271 203 2305 igitur
222 2270 280 2297 fieri
297 2274 326 2296 ttt
344 2270 455 2304 bzequaa
481 2271 507 2297 itt
528 2271 604 2297 ctelis
617 2271 752 2304 habitant,
779 2271 886 2302 animm,
903 2271 929 2298 in
959 2276 1038 2298 terra:
1060 2277 1159 2298 nostra:
1186 2271 1274 2296 locum
1294 2270 1354 2305 plus
1374 2270 1496 2297 minusve
1510 2270 1681 2297 commodum
1704 2279 1757 2306 pro

118 2315 328 2353 praecedentium
345 2321 453 2344 actuum
468 2317 628 2345 diversitate
645 2318 834 2350 amandentur,
848 2318 942 2351 sicque
959 2317 1033 2345 verbi
1048 2317 1136 2352 gratia
1160 2325 1175 2344 e
1191 2316 1283 2343 Iudaea
1302 2316 1406 2343 ccelesti
1424 2316 1555 2343 oriundus
1578 2316 1701 2344 lsraelita
1726 2317 1755 2343 in

120 2363 259 2399 Scythiam
279 2370 448 2398 terrestrem,
464 2369 491 2392 ct
505 2364 563 2391 vice
576 2372 654 2392 versa
676 2372 708 2392 ex
723 2364 841 2400 {Egypto
853 2365 957 2392 caelesti
973 2364 1117 2400 Egyptius
1130 2365 1156 2391 in
1170 2362 1291 2390 Judaeum
1307 2368 1443 2390 terrenam
1461 2363 1607 2398 relegetur.
1627 2373 1637 2390 ι

156 2409 204 2437 His
220 2410 390 2438 fundamenti
405 2411 463 2437 loco
481 2410 586 2444 positis,
602 2411 728 2438 secunda:
741 2411 840 2444 regulae
853 2416 929 2438 tenor
944 2411 990 2438 hic
1007 2415 1049 2438 est
1066 2420 1073 2438 :
1092 2419 1102 2436 ι
1119 2410 1256 2444 Quidquid
1278 2409 1304 2436 itt
1328 2409 1470 2445 Scriptura
1496 2417 1574 2437 sacra
1595 2411 1629 2437 de
1644 2414 1754 2437 terrena

119 2454 281 2490 Jerusalem,
295 2458 327 2484 de
342 2462 448 2485 terrena
463 2456 589 2492 Egypto,
607 2457 639 2484 de
651 2456 788 2493 Babylone
809 2458 933 2485 terrestri
974 2462 1002 2485 et
1019 2457 1052 2485 de
1068 2457 1129 2484 aliis
1144 2456 1277 2488 ejusmodi
1302 2456 1378 2486 locis,
1400 2463 1504 2483 necnon
1528 2456 1635 2482 illorum
1654 2456 1754 2483 incolis

119 2502 231 2533 dicitur,
250 2502 276 2529 id
293 2503 326 2529 ad
351 2503 476 2529 caelestes
504 2502 630 2537 regiones
648 2503 783 2536 urbesque
807 2503 981 2536 cognomines
999 2506 1081 2537 atque
1098 2502 1132 2529 ad
1162 2502 1269 2529 illarum
1300 2502 1403 2529 incolas
1431 2501 1601 2528 referendum
1625 2506 1676 2528 est.
1695 2501 1754 2529 lttto

118 2549 269 2584 smpissime
286 2549 320 2576 dc
333 2549 489 2577 cwlestibus
513 2550 556 2577 his
579 2554 683 2577 tantum
699 2549 766 2577 locis
782 2550 920 2584 prophetae
936 2550 1007 2585 loqui
1026 2550 1076 2578 sibi
1090 2554 1302 2585 proposuerunt.
1317 2555 1378 2576 cum
1398 2548 1432 2575 de
1455 2552 1562 2575 terrena
1585 2546 1748 2579 Jerusalem,

121 2597 153 2624 de
168 2602 276 2623 terrena
293 2595 421 2631 Egypto.
442 2601 487 2624 aut
512 2598 573 2624 aliis
593 2597 661 2625 locis
678 2598 794 2625 terrenis
811 2604 965 2624 sermonem
993 2597 1095 2625 habere
1118 2596 1255 2628 videntur,
1281 2596 1364 2630 idque
1381 2595 1443 2622 inde
1458 2594 1547 2629 coiligi
1573 2599 1663 2630 potest
1676 2597 1750 2630 quod

119 2642 252 2676 ejusmodi
264 2642 413 2676 prophetia:
429 2643 621 2678 mysteriorum
640 2643 757 2678 speciem
774 2650 830 2677 prae
848 2651 878 2671 se
901 2643 1000 2676 ferunt,
1019 2643 1160 2677 multaque
1171 2642 1312 2670 continent
1330 2648 1391 2676 qua:
1413 2640 1445 2667 ad
1465 2640 1590 2667 homines
1612 2642 1750 2675 pertinere

120 2695 292 2722 nequaquam
304 2693 429 2723 possunt.
448 2699 458 2714 ι
478 2690 571 2717 Exstat
597 2690 650 2717 hoc
665 2690 832 2724 paradoxum
846 2689 894 2718 lib.
918 2697 944 2716 tv
965 2689 1004 2716 De
1026 2689 1177 2724 principiis,
1195 2696 1269 2715 num.
1285 2687 1331 2720 20,
1345 2688 1378 2715 2|
1394 2693 1421 2714 et
1435 2693 1522 2721 seqq.,
1551 2687 1669 2722 illudque
1694 2686 1748 2715 sibi

119 2737 290 2761 commentos
304 2738 346 2761 est
356 2733 489 2769 Origenes
507 2739 564 2761 tum
577 2742 592 2762 e
605 2734 765 2762 discrimine
778 2735 849 2769 quod
864 2735 942 2770 pouit
955 2734 1056 2763 Paulus
1073 2735 1144 2762 inter
1158 2733 1309 2761 Israelitam
1323 2733 1472 2762 secundum
1487 2741 1597 2761 carnem
1613 2739 1640 2762 et
1659 2734 1746 2761 Israe-

151 2792 291 2830 "Coloss.
318 2811 347 2835 ll,
378 2803 424 2832 ιϐ.
