1895 3057
131 73 171 101 εξ)
478 94 479 97 η
737 71 920 100 ΡΙΗΕΕΑΤΙΟ
939 73 985 101 ΔΙ)
1005 73 1088 102 ΤΟΜ.
1109 73 1142 103 ΙΙ.
1729 78 1764 106 50

134 134 213 156 luant
239 129 390 157 secundum
418 128 556 164 spiritum,
581 134 636 156 tum
666 125 698 157 ex
711 138 744 157 eo
759 132 830 165 quod
848 131 919 157 idem
934 133 1072 165 apostolus
1087 132 1113 160 in
1128 132 1248 166 Epistola
1270 133 1302 160 ad
1326 134 1437 162 Galatas
1455 135 1521 162 dicit
1547 134 1683 162 cmlestcm
1700 142 1761 162 esse

130 174 297 203 Jerusalem.
316 175 355 203 Ex
371 175 451 210 hujus
466 176 590 211 principii
608 177 680 203 serie
690 178 774 204 etiam
792 178 861 204 banc
873 179 1028 212 generalem
1052 179 1224 214 pt-ophcticos
1251 179 1453 215 bistoricosque
1469 181 1554 208 libros
1567 181 1762 215 interpretandi

130 222 295 250 methodum
312 224 450 258 proponit,
474 228 503 250 ut
527 231 623 258 nempe
638 224 767 259 quidquid
782 224 808 251 in
820 225 872 251 illis
889 231 941 257 est,
956 226 989 252 ad
1015 226 1102 253 bonus
1125 230 1151 254 et
1169 226 1202 253 ad
1221 227 1305 255 malos
1325 229 1434 262 angelos
1469 228 1612 256 referatur.
1658 228 1763 254 Diserte

131 271 201 298 illud
215 271 296 298 docet
311 271 422 299 homilia
437 271 579 298 umiecima
596 272 622 299 in
642 271 774 300 Numeros
789 282 796 299 :
819 283 827 298 ι
844 272 913 299 Puto
928 274 1011 306 cuitu,
1028 274 1126 308 inquit,
1146 275 1208 308 quia
1228 275 1298 302 sicut
1314 275 1436 309 quaedam
1460 275 1567 302 nomina
1586 274 1627 301 Vel
1642 274 1762 307 gentium

131 318 176 344 vel
192 318 347 353 principum
358 319 384 345 in
394 319 542 353 Scriptnris
557 320 644 352 posita
660 320 860 354 videmns,qu:e
874 321 974 354 absque
987 321 1157 349 dubitatione
1174 323 1207 349 ad
1223 322 1308 350 tnalos
1322 323 1430 356 angelos
1444 327 1471 355 ct
1481 324 1513 348 ad
1525 322 1638 349 virtutes
1653 326 1764 347 contra-

131 367 190 392 rias
205 364 371 396 referantur,
385 365 455 391 sicut
468 365 542 392 verbi
558 365 645 399 gratia
660 364 765 392 Pharao
780 373 826 393 rex
839 366 960 401 Egypti,
974 367 1225 395 Nabuchodonosor
1242 368 1417 402 Babylonius,
1432 373 1459 396 et
1470 368 1611 403 Assyrius;
1627 368 1662 394 ita
1680 367 1760 393 etiam

131 419 166 438 ea
181 419 242 447 qua:
258 412 291 438 de
307 411 410 438 sanctis
423 412 489 438 viris
503 416 531 438 et
544 417 624 447 gente
638 411 765 446 religiosa
783 413 951 445 scribuntur.
963 413 996 440 ad
1010 418 1119 441 sanctos
1138 413 1247 448 angelos
1266 419 1293 440 et
1306 415 1338 441 ad
1357 415 1488 449 benignas
1509 415 1637 441 debemus
1659 411 1762 440 referre

130 458 286 484 virtutes...
304 458 332 485 Si
347 465 414 492 ergo
430 458 488 485 haec
513 458 603 485 omnia
626 458 659 485 ad
676 459 787 494 angelos
800 459 931 494 quosdam
958 467 1060 494 magna:
1074 460 1187 488 virtutis
1213 460 1308 488 referri
1326 462 1398 496 cogit
1422 461 1490 488 ratio
1513 461 1646 493 veritatis,
1673 466 1762 486 nonne

132 504 230 532 eadem
258 505 456 538 consequentia
483 505 564 532 etiam
581 513 641 539 quae
665 506 698 532 de
720 506 797 533 bonis
814 505 855 533 vel
876 506 1042 540 principibus
1061 506 1102 533 vel
1124 506 1249 541 gentibus
1265 507 1483 540 conscribuntur,
1512 507 1544 534 ad
1568 506 1710 537 bonarum,
1729 510 1758 532 ut

133 557 217 581 supra
233 549 366 582 diximus,
384 551 513 576 \irlutum
531 550 642 585 angelos
656 551 851 585 ministrosque
869 551 1061 578 referentur?»

173 594 264 621 Tertia
273 595 392 629 denique
404 595 530 630 Origenis
544 597 635 631 regula
645 598 777 632 praecipit,
788 606 797 623 ι
810 599 880 625 utad
889 597 1030 633 mysticum
1040 606 1149 625 sensum
1159 598 1337 633 confugiatur,
1350 598 1523 626 etdeseratur
1532 598 1632 628 littera,
1649 597 1758 632 quoties

136 641 214 674 falsa,
230 642 344 673 inutilis,
362 642 469 677 Dcoqne
489 643 598 678 indigna
614 643 773 678 reperietur.
788 653 797 669 ι
816 644 844 671 ld
857 645 1009 672 necessario
1031 645 1177 679 sequiture
1189 645 1330 680 principiis
1350 645 1466 672 articulo
1479 649 1576 679 quarto
1588 643 1754 670 constitutis.

177 700 490 731 Animadversiones
508 700 540 730 in
561 700 791 739 Origenianum
810 701 849 731 de
867 700 1036 739 Scriptum
1050 709 1146 732 sacrm
1161 701 1406 739 interpretanda}
1424 701 1546 731 ratione
1567 703 1718 740 systema.

174 761 195 789 ι.
210 762 332 789 Primum
349 769 401 796 ego
417 770 469 789 non
484 762 590 789 inﬁcias
607 762 683 789 ierim
697 762 807 797 Origeni
831 763 945 789 multum
962 762 1066 795 deberi,
1090 764 1162 797 quod
1179 763 1330 798 Scriptura:
1354 771 1441 791 sacrm
1457 763 1602 798 allegorice
1626 764 1759 797 interpre-

137 810 226 837 tandaa
245 810 406 837 methodum
425 818 439 836 a
460 810 532 838 Celsi
550 810 786 838 criminationibus
801 811 869 838 adeo
885 810 969 838 solide
983 811 1173 844 vindicaverit,
1188 815 1218 838 ut
1231 818 1260 838 se
1275 810 1331 845 ipse
1352 810 1378 838 in
1395 812 1446 838 hac
1466 815 1544 846 parte
1559 810 1760 845 quodammodo

135 865 281 892 superasse
296 858 433 884 videatur.
448 856 550 885 lnvicte
562 858 634 884 enim
651 859 759 892 probat,
773 858 916 893 mysticum
933 865 1052 890 sensum,
1070 858 1092 886 si
1109 865 1153 885 res
1163 858 1312 893 generatim
1322 862 1469 893 specletur,
1482 865 1534 885 non
1549 866 1608 885 esse
1621 865 1760 885 commen-

137 909 192 930 tum
209 904 374 936 hmnauum,
388 904 434 930 sed
447 904 627 938 ipsarnmmet
643 903 849 938 Scripturarnm
865 904 1031 931 auctoritate
1047 904 1106 937 niti,
1121 904 1240 938 nihilque
1257 911 1402 931 commune
1419 905 1520 931 habere
1537 911 1597 931 cum
1622 903 1758 936 allegoriis

135 949 305 978 Gr:rcorum.
320 957 379 983 qua:
394 949 472 983 longe
489 954 548 983 post
564 955 641 976 natas
652 957 745 976 eorttm
759 949 861 976 fabulas
876 949 1034 984 excogitata:
1050 954 1122 980 sunt,
1137 953 1166 977 ut
1178 950 1289 976 deorqu
1303 957 1370 984 quos
1389 950 1490 982 colunt,
1514 949 1608 977 honori
1633 948 1758 976 consule-

136 1002 221 1023 retur.
240 996 343 1023 Deinde
368 997 458 1030 magni
471 997 557 1022 etiam
574 996 701 1030 ponderis
713 1001 754 1023 est
765 996 792 1023 in
814 997 865 1023 ltoc
884 1001 994 1023 auctore
1009 996 1053 1023 illa
1067 997 1215 1029 confessio,
1240 998 1371 1031 mysticos
1385 1004 1482 1024 sensus
1499 1004 1552 1024 non
1565 996 1666 1031 ubique
1682 995 1756 1022 Scri-

135 1050 278 1078 pturarum
294 1044 425 1078 reperiri;
444 1043 531 1077 major
543 1048 570 1070 et
587 1044 643 1077 illa,
659 1044 857 1077 difﬁcillimum,
872 1051 905 1072 ne
920 1044 1027 1072 dicatur
1039 1045 1213 1079 impossibile,
1227 1052 1275 1072 eos
1285 1052 1352 1078 quos
1371 1045 1397 1071 in
1413 1052 1441 1071 se
1458 1044 1568 1076 habent,
1584 1044 1758 1078 investigare.

137 1093 259 1126 Denique
273 1091 382 1126 plurimi
399 1092 464 1119 item
480 1092 669 1119 aestimandum
685 1093 756 1127 quod
770 1093 836 1119 dixit
852 1093 884 1120 de
905 1092 1020 1120 utilitate
1037 1096 1066 1120 et
1087 1093 1243 1128 praestantia
1262 1091 1387 1120 litterulis
1412 1098 1518 1122 sensus,
1547 1097 1601 1124 quo
1622 1089 1758 1123 integrum

134 1139 275 1175 religionis
290 1144 388 1167 nostrze
406 1140 548 1167 :ediilcium
574 1140 718 1172 fundatur,
741 1141 842 1175 quique
864 1141 897 1167 ad
917 1141 1121 1168 :cdilicationem
1145 1145 1173 1168 et
1191 1141 1382 1168 documentum
1397 1138 1516 1166 ﬁdelium
1533 1145 1582 1173 per
1602 1144 1633 1165 se
1647 1135 1757 1164 sutili-it.

135 1182 220 1210 Hisce
235 1183 389 1218 enuntiatis
406 1183 463 1211 fere
477 1184 635 1211 continetur
651 1184 780 1219 quidquid
795 1185 857 1212 boni
873 1183 1037 1220 Origeniano
1052 1186 1122 1213 inest
1137 1185 1290 1220 systemsti.

169 1229 201 1256 ll.
228 1228 283 1256 Sed
305 1229 399 1263 paucis
412 1229 487 1257 hisce
505 1230 583 1257 bonis
600 1230 679 1265 longe
703 1230 781 1265 plura
809 1231 879 1257 mala
900 1231 1017 1259 admista
1037 1236 1111 1260 sunt.
1130 1233 1170 1259 Ae
1194 1233 1310 1267 primum
1330 1232 1452 1267 quidem,
1469 1233 1527 1262 illa,
1542 1238 1622 1266 quam
1648 1229 1756 1264 plurimi

137 1283 227 1304 tamen
252 1281 359 1304 veteres
381 1281 409 1304 et
431 1276 596 1304 recentiores
622 1277 737 1312 amplexi
760 1283 833 1310 sunt,
849 1279 996 1314 Scriptura:
1022 1286 1107 1306 sacrae
1128 1279 1225 1307 divisio
1247 1280 1274 1307 in
1293 1280 1425 1315 triplicem
1451 1287 1572 1311 sensum,
1599 1278 1755 1305 litteralem.

135 1324 268 1351 moralem
279 1328 309 1351 et
325 1322 512 1359 allegoricum,
529 1331 653 1351 censura:
665 1324 774 1351 videtur
787 1324 916 1352 obnoxia.
931 1324 1041 1352 Moralis
1054 1325 1206 1359 appelletur
1219 1325 1363 1359 cujuslibet
1380 1325 1429 1352 Icci
1446 1332 1554 1356 sensus,
1567 1323 1612 1358 qui
1636 1323 1758 1350 moribus

134 1370 289 1397 formandis
305 1369 429 1402 inservit,
447 1377 496 1402 per
511 1377 554 1397 me
567 1370 642 1402 licet,
658 1371 738 1398 modo
760 1371 875 1399 ulterius
893 1379 946 1398 non
972 1375 1146 1406 proeedatur.
1175 1372 1204 1399 Si
1221 1379 1285 1398 vero
1310 1372 1336 1398 in
1359 1371 1470 1406 speciali
1496 1370 1646 1398 collocetur
1667 1368 1758 1395 classe

137 1424 236 1444 sensus
252 1417 378 1449 moralis,
394 1422 421 1444 et
435 1425 450 1444 ιι
466 1417 577 1444 litterali
591 1419 773 1446 constituatur
788 1419 899 1454 perinde
916 1420 1040 1448 diversus
1059 1427 1093 1447 ac
1108 1419 1281 1454 allegoricus,
1299 1419 1325 1446 id
1341 1419 1415 1447 nulla
1427 1418 1514 1446 solida
1530 1418 1636 1444 ratione
1650 1417 1757 1446 nititur,

134 1470 161 1491 et
177 1464 331 1499 perniciem
351 1472 442 1491 seenm
459 1465 605 1492 maximam
621 1465 713 1498 trahit,
730 1467 767 1493 uti
783 1467 907 1501 exemplo
917 1467 1110 1502 comprobatur
1123 1467 1260 1502 Origenis,
1277 1467 1323 1501 qui
1343 1471 1372 1494 ut
1385 1466 1510 1494 litterulis
1524 1473 1620 1493 sensus
1642 1464 1757 1492 dimettl-

135 1517 203 1540 tates
216 1512 347 1542 eluderet.
364 1512 396 1539 ad
413 1512 604 1540 documentum
621 1514 731 1549 aliquod
747 1514 850 1542 morale
864 1515 1048 1550 confugiebat.
1065 1515 1106 1542 Ad
1131 1515 1275 1551 mysticum
1289 1515 1398 1549 quidem
1422 1521 1532 1540 sensum
1556 1512 1649 1539 statim
1664 1518 1758 1538 recur—

136 1568 194 1588 rere
214 1560 368 1591 malnisset,
382 1560 429 1587 sed
444 1561 507 1595 quia
522 1569 574 1588 non
587 1569 691 1596 semper
705 1565 866 1589 occurrebat
882 1563 929 1597 qui
951 1562 1001 1590 sibi
1017 1562 1121 1590 faceret
1145 1564 1224 1594 satis,
1244 1566 1308 1589 tunc
1326 1562 1352 1588 in
1372 1561 1464 1588 anima
1478 1560 1637 1594 Scripturre,
1662 1557 1688 1584 id
1715 1562 1758 1584 est

137 1609 232 1635 morali
251 1615 332 1635 sensu
351 1608 479 1636 haerebat.
497 1608 722 1636 Animadvertere
734 1610 871 1637 delmissct
890 1610 1006 1644 primum
1023 1609 1171 1636 moralibus
1185 1609 1263 1636 hisce
1276 1608 1457 1639 documentis,
1471 1614 1532 1634 cum
1557 1607 1663 1640 integer
1682 1611 1754 1630 scm-

136 1663 184 1690 pcr
201 1659 312 1682 maneat
329 1653 455 1681 litteralis
483 1662 590 1688 sensus,
609 1659 687 1682 natas
711 1663 743 1682 ex
769 1660 828 1682 arte
843 1656 940 1682 critica
956 1654 1130 1683 difﬁcultates
1157 1661 1327 1689 nequaquam
1352 1653 1437 1685 solvi;
1462 1652 1559 1680 deinde
1576 1650 1687 1678 moralia
1703 1650 1756 1676 ista

137 1704 296 1730 documenta
315 1708 380 1729 tunc
394 1701 481 1729 solum
498 1701 612 1737 alicujus
625 1709 685 1729 esse
700 1702 788 1734 pretii.
803 1710 863 1730 cum
878 1708 973 1737 sponte
986 1711 1033 1729 sua
1055 1710 1070 1730 e
1096 1702 1206 1730 litterali
1232 1709 1314 1729 sensu
1344 1699 1494 1736 proﬂuunt.
1507 1700 1624 1726 Tantum
1636 1699 1712 1725 abest
1728 1701 1757 1722 ιιι

137 1749 192 1776 lucc
208 1750 233 1776 ei
250 1749 277 1775 in
294 1753 411 1775 mentem
426 1748 561 1779 venerint.
578 1753 607 1775 ut
629 1749 720 1783 potius
743 1749 770 1775 in
800 1749 919 1776 animum
949 1749 1084 1776 induxerit
1108 1755 1186 1775 suum
1201 1747 1325 1782 quaedam
1347 1753 1410 1774 esse
1432 1746 1580 1780 Scriptura:
1601 1744 1673 1774 loca.
1697 1750 1758 1777 quas

138 1795 282 1822 litteralem
300 1803 412 1822 sensum
426 1803 539 1830 prorsus
555 1796 713 1827 excludant,
732 1801 758 1822 et
775 1795 882 1822 unicum
897 1796 1027 1822 moralem
1042 1795 1186 1822 admittant
1203 1803 1210 1821 :
1226 1794 1298 1828 quod
1316 1794 1429 1821 omnino
1453 1797 1593 1827 repugnat.
1613 1792 1666 1818 Ant
1686 1790 1757 1818 enim

138 1842 246 1869 moralis
262 1843 315 1869 iste
328 1851 427 1869 sensus
442 1851 457 1869 e
473 1843 618 1870 verborum
636 1849 788 1876 vocumque
802 1842 1003 1876 signiﬁcatione
1017 1842 1113 1874 oritur,
1131 1847 1158 1868 et
1172 1845 1236 1867 tunc
1258 1840 1383 1868 litteralis
1396 1843 1453 1871 est;
1467 1843 1512 1865 aut
1530 1836 1756 1873 quemadmodum

139 1889 270 1923 principio
287 1891 493 1922 consequentia,
512 1890 549 1916 ita
564 1890 697 1917 sermonis
712 1891 799 1917 littera
815 1890 873 1924 ipse
886 1889 1051 1919 continetur.
1067 1893 1094 1916 et
1110 1894 1173 1917 tttnc
1196 1888 1352 1916 necessario
1363 1888 1469 1922 integra
1489 1889 1581 1913 manet
1598 1885 1689 1911 littera
1704 1890 1757 1918 qua

140 1939 267 1968 tanquam
286 1935 342 1961 basi
360 1934 468 1967 nititur,
482 1940 510 1961 et
525 1935 596 1961 unde
610 1935 726 1962 naturali
745 1935 940 1970 consequentia
955 1935 1087 1962 nascitur.

173 1979 217 2007 ΙΙΙ.
233 1980 408 2008 Paradoxnm
429 1981 505 2012 illud,
531 1988 586 2016 quo
602 1981 686 2008 multa
706 1981 771 2009 falsa
784 1987 812 2009 et
832 1990 923 2009 secum
941 1982 1087 2017 pugnantia
1115 1982 1143 2009 in
1168 1981 1316 2016 Scriptura:
1336 1980 1426 2007 littera
1448 1979 1535 2013 ponit.
1562 1979 1596 2005 ad
1618 1976 1758 2013 religionis

141 2031 238 2053 nosmc
252 2028 425 2053 eversionem
444 2031 517 2054 recta
535 2028 621 2060 ducit,
635 2027 757 2061 mihique
770 2028 877 2062 quoties
892 2027 951 2062 ejus
971 2028 1125 2055 testimonia
1141 2028 1258 2055 articulo
1269 2032 1366 2062 qttarto
1384 2027 1467 2053 citata
1491 2025 1580 2058 legere
1601 2025 1734 2058 contingit
1748 2034 1756 2056 ι

141 2072 217 2099 toties
229 2071 321 2107 legere
340 2072 434 2098 videor
447 2080 499 2100 non
517 2073 671 2100 testimonia
686 2073 802 2100 hominis
814 2073 861 2108 qui
881 2074 1020 2100 ardentem
1042 2080 1151 2107 semper
1183 2073 1210 2100 in
1229 2072 1380 2106 Scripturis
1406 2071 1616 2105 interpretandis
1638 2070 1756 2097 animum

141 2118 267 2146 habuerit
293 2126 454 2152 summaqtte
469 2126 575 2153 semper
590 2127 637 2146 eas
656 2120 829 2147 veneratione
847 2121 1066 2154 pertractaverit.
1079 2121 1125 2148 sed
1146 2124 1275 2154 excerpta
1295 2119 1418 2153 quaedam
1438 2124 1453 2144 e
1469 2117 1606 2146 volumine
1628 2117 1758 2144 increduli

140 2165 289 2200 cuiuspiam
303 2165 348 2199 qui
363 2165 566 2200 Scripturarum
581 2166 722 2193 veritatem
746 2166 887 2200 multlplici
904 2166 1072 2199 obiectorum
1089 2173 1190 2201 genere
1213 2171 1361 2193 concutere
1385 2163 1542 2191 tentaverit.
1569 2162 1653 2189 Miror
1669 2162 1757 2196 ipsum

141 2217 184 2239 aut
199 2220 251 2239 non
271 2211 440 2239 intellexisse
453 2219 514 2238 cum
529 2212 660 2245 ejusmodi
677 2212 810 2247 principio
822 2219 943 2248 pugnare
962 2220 1056 2239 earum
1071 2212 1299 2247 inspirationem;
1318 2215 1374 2242 aut,
1388 2210 1409 2237 si
1428 2210 1454 2236 id
1473 2209 1550 2241 vidit,
1566 2214 1639 2236 tanto
1655 2209 1760 2235 incom-

142 2260 219 2287 mndo
235 2259 385 2286 remedium
399 2258 487 2285 alferri
501 2259 683 2288 existimasse.
700 2258 723 2284 si
740 2257 810 2285 Deus
824 2258 851 2285 in
867 2258 994 2285 falsitatis
1013 2258 1231 2285 communionem
1253 2257 1444 2284 adduceretur.
1471 2256 1560 2284 Semel
1585 2255 1759 2290 pessuntdato

142 2310 185 2332 aut
200 2305 328 2332 falsitatis
340 2304 499 2332 insimulato
519 2303 630 2330 litterali
654 2311 734 2330 sensu
750 2303 784 2330 iis
802 2303 828 2330 in
846 2303 913 2332 locis
927 2303 972 2331 ubi
996 2311 1090 2331 omnes
1111 2303 1157 2337 qui
1181 2303 1282 2337 requiri
1308 2307 1421 2336 possunt
1442 2303 1616 2331 characteres
1634 2300 1758 2328 historici

142 2351 309 2382 coalescunt,
327 2355 438 2376 corruat
455 2356 565 2376 necesse
585 2353 627 2375 est
642 2349 846 2383 Scripturarum
863 2350 1014 2377 auctoritas
1035 2350 1106 2383 apud
1121 2350 1250 2385 gentiles,
1269 2349 1339 2383 apttd
1366 2349 1516 2380 haereticos,
1537 2348 1606 2382 apud
1626 2346 1760 2375 Christia-

145 2404 204 2428 nos;
231 2397 303 2430 apud
317 2395 445 2429 gentiles,
460 2395 505 2429 qui
523 2395 613 2429 potius
632 2395 693 2421 inde
707 2395 880 2422 occasionem
904 2399 1012 2422 sument
1035 2395 1187 2426 reﬁciendae
1207 2394 1356 2429 Scriptura:
1379 2399 1508 2428 tanquam
1533 2393 1633 2427 Spiritu
1661 2398 1759 2419 sancto

144 2442 269 2474 indigum,
283 2448 364 2473 quam
379 2440 451 2467 illius
465 2440 610 2474 allegorice
625 2440 836 2474 interpretanda:
860 2441 1051 2468 necessitatem
1078 2441 1225 2475 colligent;
1243 2441 1314 2475 apud
1338 2440 1482 2467 haereticos
1495 2439 1541 2474 qui
1560 2440 1610 2466 hoc
1626 2437 1761 2473 principio

144 2486 297 2517 abutemur.
315 2490 344 2512 ut
360 2493 390 2512 se
401 2491 433 2512 ex
458 2486 491 2512 iis
505 2485 649 2520 expediant
672 2484 740 2512 locis
754 2493 814 2519 qua:
828 2489 921 2513 contra
947 2493 1011 2513 suos
1026 2487 1145 2520 ipsorum
1161 2494 1268 2513 errores
1289 2492 1429 2520 pugnant;
1463 2486 1579 2519 denique
1592 2486 1662 2519 apud
1678 2485 1758 2512 Chri-

144 2534 255 2564 stianos,
271 2539 340 2566 quos
357 2532 385 2558 in
400 2532 460 2558 lidei
480 2539 535 2558 SINE
550 2531 743 2558 detrimentum
759 2535 786 2557 ct
798 2532 824 2558 in
838 2537 982 2565 perpetuas
1004 2533 1087 2559 animi
1114 2532 1269 2560 anxietates
1285 2532 1322 2559 ila
1348 2532 1473 2562 adducet,
1491 2535 1519 2557 ut
1541 2530 1663 2565 legendis
1682 2530 1760 2557 Scri-

144 2579 228 2615 pturis
243 2585 355 2612 prorsus
371 2578 529 2605 renuntiare
540 2576 698 2603 maluerint.
712 2575 763 2603 Tot
777 2577 914 2611 tantisque
931 2577 1111 2605 incommodis
1126 2579 1288 2612 perterritus
1301 2586 1352 2604 non
1368 2577 1559 2611 estOrigenes.
1575 2576 1650 2603 Adeo
1665 2582 1759 2602 verum

143 2614 195 2653 est.
209 2624 293 2651 semel
312 2623 391 2650 valde
405 2628 624 2658 praeoccupatum
642 2623 763 2649 animum
781 2623 853 2651 nulla
873 2624 978 2651 ratione
993 2625 1026 2651 ab
1037 2631 1131 2651 errore
1147 2614 1197 2651 suo
1211 2623 1330 2650 revocari
1347 2630 1437 2657 posse.

178 2669 222 2698 Ν.
237 2669 314 2702 Quod
338 2677 406 2704 pene
429 2670 590 2697 incredibile
605 2671 721 2703 videtur,
738 2670 884 2705 Origenem
899 2670 978 2698 latuit
999 2670 1144 2698 discrimen
1158 2669 1229 2704 quod
1248 2669 1366 2697 litteram
1386 2669 1456 2696 inter
1469 2672 1497 2695 et
1516 2667 1660 2694 verborum
1686 2665 1759 2692 litte-

145 2717 226 2744 ralem
245 2724 355 2744 sensum
380 2718 536 2745 intercedit.
554 2717 657 2745 Littera
673 2723 759 2753 potest
772 2725 833 2746 esse
856 2718 936 2749 falsa.
961 2722 989 2746 et
1010 2723 1100 2745 tamen
1123 2717 1295 2745 verissimum
1312 2716 1363 2744 sub
1390 2715 1517 2743 falsitatis
1536 2713 1627 2749 specie
1648 2720 1758 2739 sensum

144 2765 294 2793 continere.
312 2764 340 2792 id
362 2765 389 2791 in
404 2764 530 2791 omnibus
550 2764 697 2790 enuntiatis
710 2764 903 2798 mctapltoricis
914 2764 1056 2799 contingit.
1071 2763 1098 2790 Si
1118 2771 1200 2797 opera
1217 2762 1315 2797 quibus
1328 2761 1422 2788 insunt
1438 2759 1570 2793 ejusmodi
1587 2757 1759 2791 metaphoram

145 2811 233 2841 licebit
249 2812 302 2840 hoc
318 2811 425 2839 neruine
443 2809 571 2838 falsitatis
587 2817 724 2843 accusare,
746 2810 834 2838 nnllus
849 2810 903 2838 erit
925 2810 1004 2843 liber,
1025 2810 1070 2844 qui
1090 2809 1252 2837 falsitatibns
1269 2813 1295 2836 et
1309 2806 1571 2836 contradictionibus
1591 2812 1686 2833 carere
1708 2802 1761 2829 dici
