1895 3057
112 101 142 129 5|
730 98 860 126 PRIEFA‘

1004 96 1079 125 ron.
1101 96 1133 123 ιι.
1699 77 1752 117 52'

110 160 208 194 possit,
224 168 286 188 cum
302 160 392 188 nullus
405 160 442 188 sit
455 160 535 193 liber,
549 160 577 187 in
593 167 646 194 quo
660 159 846 194 metaphorica
860 165 957 186 vocum
978 150 1141 192 signiﬁcatio
1158 153 1274 189 simplici
1293 157 1322 180 et
1341 151 1453 180 litterali
1471 148 1655 185 intelligentiae
1679 156 1734 175 non

111 199 270 240 frequenter
289 206 482 234 subslituatur.
500 205 638 240 Scriptura
651 213 729 233 sacra
748 205 813 232 nihil
830 205 881 232 hac
894 205 922 231 in
940 211 968 231 re
981 203 1072 234 habet.
1088 209 1143 236 quo
1154 209 1168 228 a
1180 199 1287 228 caeteris
1304 198 1381 225 libris
1392 201 1563 229 secernatur,
1576 203 1636 222 eum
1652 195 1736 228 Deus,

112 253 157 279 cui
173 252 296 279 homines
312 252 410 279 docere
425 252 592 286 propositum
606 251 666 282 fuit.
688 258 718 278 se
733 251 826 285 utique
846 250 878 277 ad
902 248 1013 276 humani
1032 247 1167 275 sermonis
1180 246 1287 281 regulas
1304 241 1561 271 accommodaverit.
1581 240 1653 274 Quid
1670 248 1738 286 ergo

111 298 277 324 censendum
291 297 323 324 de
334 297 459 332 Origene,
474 285 531 331 qui,
547 301 575 323 ut
589 296 759 331 Scripturam
774 303 878 322 sacrant
891 293 1056 321 falsitatibus
1080 297 1107 320 et
1125 289 1388 318 contradictionibus
1403 292 1512 315 scatere
1527 287 1634 321 probet,
1653 285 1736 312 multa

113 345 179 372 citat
197 345 265 376 loca,
282 352 341 378 quae
355 343 571 378 metaphoricum
592 348 620 371 et
633 343 803 371 verissimum
819 350 929 370 sensum
949 341 1071 368 habent?
1095 339 1210 366 Prorsus
1223 345 1256 365 ex
1271 337 1362 364 animo
1383 335 1443 369 ejus
1462 335 1599 363 excidisse
1623 341 1739 361 necesse

113 397 154 418 est
169 392 257 417 omnia
276 391 403 418 humanze
428 390 643 417 ratiocinationis
666 389 809 424 principia,
829 396 890 416 cum
916 387 1013 414 thesim
1032 394 1092 421 qua:
1109 391 1163 412 tam
1187 384 1248 412 ntali
1268 383 1386 418 exempli
1409 388 1461 415 est,
1476 387 1504 410 et
1530 386 1584 408 tam
1604 381 1739 416 prociduo

113 437 209 463 nititur
220 437 407 470 fundamento,
423 436 613 471 propugnavit.
629 435 804 463 Marcionitas
817 433 971 462 oll'endebat
993 433 1081 459 littera
1098 431 1313 466 Scripturarum,
1329 434 1473 466 propterea
1485 428 1557 463 quod
1571 435 1680 455 omnetn
1702 426 1739 453 ab

112 483 152 510 eis
171 483 354 515 metaphoram
368 482 558 509 excludebant.
576 481 615 508 Ex
637 481 732 508 eodem
747 479 821 507 fonte
837 478 957 506 manavit
981 477 1134 505 Iudaeorum
1160 483 1247 508 error,
1267 475 1314 510 qui
1337 474 1476 502 Christum
1498 473 1621 508 recipere
1641 472 1738 499 nolue-

112 533 187 559 rnnt,
198 531 226 554 et
245 528 403 562 prophetias
417 528 451 554 ab
464 534 496 554 eo
512 526 672 561 adimpletas
685 525 769 552 fuisse
787 526 982 559 pernegahant.
999 523 1040 550 Ad
1056 521 1288 557 grammaticalem
1303 521 1420 548 litteram
1437 520 1617 554 accipiebant.
1631 527 1692 554 quae
1704 526 1739 547 eo

112 577 220 599 tantum
236 573 350 600 consilio
363 573 463 606 scripta
482 577 557 603 sunt,
572 576 602 598 ιιι
618 571 804 606 metaphorice
827 570 1025 604 intelligantur.
1045 568 1182 603 Ejusmodi
1205 571 1269 594 sunt
1299 567 1369 598 loca,
1382 567 1427 594 ubi
1453 567 1555 594 dicitur
1568 566 1639 593 Deus
1657 567 1738 601 plalt-

112 624 183 646 tasse
198 619 352 654 paradisum
369 621 395 646 in
420 619 505 652 Eden,
527 624 608 653 atque
622 619 648 645 in
662 626 694 645 eo
710 618 874 648 ambulasse.
898 622 951 644 etc.
969 616 1042 643 Idem
1059 615 1231 642 sentiendum
1247 614 1281 641 de
1295 614 1450 648 praeceptis.
1466 613 1525 640 Alia
1544 619 1608 640 sunt
1623 621 1683 648 qum
1704 615 1738 641 ad

112 665 345 698 grammaticaletn
359 665 477 692 litteram
497 673 548 692 non
562 670 625 692 sunt
640 664 810 698 accipienda,
824 663 866 691 vel
886 671 947 698 qua:
965 664 999 690 ad
1019 667 1094 690 certa
1107 663 1230 697 quaedam
1244 665 1376 695 tempora,
1392 661 1432 688 vel
1454 661 1487 687 ad
1499 666 1590 688 certas
1603 661 1738 695 quasdam

112 717 243 744 personas
257 716 319 738 sunt
331 712 528 745 restringenda,
540 711 691 745 cujusmodi
706 715 769 737 situt
781 710 826 737 illa
839 710 873 737 de
889 710 996 737 nemine
1011 709 1038 736 in
1052 709 1094 736 via
1107 707 1259 739 salutando.
1286 707 1319 734 de
1339 706 1438 733 calceis
1452 711 1498 733 aut
1513 707 1617 734 duabus
1637 707 1740 734 tunicis

111 764 164 784 non
180 758 323 792 habendis,
341 760 373 786 de
394 752 517 786 sinistra
531 758 639 785 maxilla
666 758 812 792 praebenda
835 758 858 784 ei
880 758 925 792 qui
943 757 1082 784 dexteram
1109 755 1285 789 percusserit.
1304 755 1337 782 de
1362 754 1451 786 oculo.
1477 761 1571 786 manu,
1600 754 1669 787 pede
1708 756 1737 780 ct

111 804 221 830 catteris
233 805 373 837 membris,
390 805 411 832 si
425 804 553 832 scandan
571 804 683 835 fuerint,
700 803 872 837 auferendis;
888 804 940 830 alia
954 808 1018 831 sunt
1034 810 1094 837 qua
1106 802 1189 829 etiam
1203 808 1256 828 non
1270 801 1374 834 stricte,
1394 801 1441 828 sed
1461 804 1543 835 prout
1557 807 1602 827 res
1616 800 1739 826 humano

112 856 193 876 sensu
219 850 348 877 aestimari
372 851 451 881 solet,
467 850 642 884 intelligenda
665 855 731 878 sunt
755 859 761 877 :
780 850 931 884 cujnsmodi
947 853 988 877 est
1003 855 1167 884 praeceptum
1192 856 1226 876 ne
1250 849 1311 883 quis
1332 848 1393 875 loco
1409 856 1458 875 suo
1474 852 1616 875 moveatur
1641 847 1668 873 in
1694 847 1739 874 die

111 894 235 922 Sabbati.
251 895 279 922 Si
302 896 364 930 quis
379 904 412 923 ex
436 897 571 924 similibus
595 896 726 930 exemplis
752 897 878 924 intulerit
895 895 1065 930 Scripturam
1086 903 1192 924 sacram
1219 902 1310 922 secum
1334 901 1454 928 pugnare
1478 902 1576 928 resque
1601 894 1683 920 falsas
1708 897 1736 920 et

110 940 318 973 inexplicabiles
331 942 483 973 continere.
506 942 530 969 is
553 942 678 976 profecto
695 941 795 969 misere
807 941 911 976 vulgari
926 941 1038 968 humani
1055 941 1188 968 sermonis
1208 947 1259 967 usu
1274 940 1406 971 abutitur.
1431 944 1460 966 et
1479 943 1572 974 aperte
1595 938 1736 966 hominum

110 987 266 1015 credulitati
281 988 380 1022 illudit,
396 990 496 1023 quippe
509 997 578 1024 quos
593 990 705 1017 inducat
718 994 747 1016 ut
774 988 801 1016 id
825 995 874 1023 pro
887 989 926 1015 rei
946 988 1064 1016 falsitate
1083 992 1201 1021 sumant,
1219 988 1290 1023 quod
1305 993 1408 1014 tantum
1426 992 1466 1015 est
1481 987 1641 1015 elocutionis
1653 987 1729 1014 falsi-

113 1038 166 1060 tas.
183 1034 272 1069 Atque
288 1035 391 1062 utinam
409 1035 520 1062 ulterius
534 1042 696 1070 progressus
707 1043 760 1062 non
775 1035 873 1062 fuisset
886 1033 1018 1069 Origenes
1035 1043 1042 1060 :
1064 1034 1171 1062 facilem
1191 1041 1268 1061 mens
1279 1033 1336 1068 ejus
1358 1033 1560 1061 excusationem
1580 1033 1735 1062 habuisset.

111 1081 239 1107 damnato
249 1079 381 1108 duntaxat
393 1078 439 1107 illo
458 1088 511 1115 quo
534 1080 607 1107 illam
620 1081 740 1115 aperuit,
756 1081 848 1108 modo.
871 1079 969 1107 Verum
985 1086 1000 1106 e
1017 1079 1109 1107 citatis
1132 1078 1296 1106 testimoniis
1314 1079 1427 1106 nimium
1446 1078 1541 1113 liquet,
1557 1079 1686 1106 falsitatis
1703 1079 1737 1107 ab

109 1126 171 1161 ipso
201 1132 359 1154 accusatum
376 1128 459 1154 fuisse
471 1135 565 1155 verum
583 1135 692 1155 sensum
715 1127 860 1154 litteralem
878 1126 1056 1161 plurimorum
1073 1126 1206 1159 locorum,
1233 1126 1260 1153 in
1285 1125 1384 1160 quibus
1408 1132 1503 1152 omnes
1519 1134 1591 1153 vera:
1614 1126 1737 1153 historia:

109 1171 282 1198 characteres
304 1176 331 1198 et
354 1171 451 1199 indicia
474 1177 668 1207 agnoscuntur.
695 1171 846 1206 cujusmodi
870 1176 934 1199 sunt
967 1171 1082 1199 historia
1101 1171 1260 1204 creatiouis.
1274 1171 1396 1199 consitus
1420 1171 1447 1198 in
1476 1176 1548 1199 terra
1576 1171 1734 1207 paradisus,

111 1217 233 1244 historiae
246 1217 332 1249 Sarae,
358 1218 500 1250 Rebecca},
517 1219 691 1246 obstetricum
714 1217 917 1254 IEgyptiarum,
935 1219 1094 1246 tentatiouis
1118 1218 1238 1250 Domini,
1254 1223 1282 1244 et
1297 1217 1396 1252 jejunii
1416 1218 1597 1252 quadraginta
1612 1218 1733 1249 dierum,

112 1267 294 1289 mercatorum
307 1264 333 1289 in
349 1263 449 1298 templo
467 1272 510 1292 res
523 1272 589 1291 suas
600 1264 789 1296 vendentium,
804 1269 831 1291 et
845 1264 905 1291 aliae
923 1262 1058 1298 ejusmodi
1078 1264 1285 1298 quamplurima:
1299 1263 1437 1291 historica;
1460 1264 1643 1290 narrationes.
1658 1262 1732 1290 Non-

111 1309 201 1336 nullas
220 1317 269 1344 pro
285 1310 403 1338 anilibus
427 1310 527 1338 fabulis
541 1311 654 1344 habuit;
679 1311 705 1338 in
724 1311 785 1338 aliis
800 1312 869 1339 dixit
883 1311 956 1339 facta
972 1319 1033 1339 esse
1053 1311 1233 1345 transposita,
1256 1318 1306 1338 nec
1331 1318 1364 1338 eo
1382 1318 1437 1345 quo
1460 1310 1626 1343 referuntur,
1655 1310 1736 1338 modo

111 1355 267 1390 contigisse.
283 1356 322 1384 Eo
335 1357 416 1384 etiam
434 1358 555 1386 audaciae
571 1359 654 1390 venit,
676 1362 704 1385 ut
721 1358 808 1393 legem
821 1358 978 1391 Mosaieam,
993 1357 1016 1385 si
1037 1357 1148 1384 litterali
1174 1364 1255 1384 sensu
1272 1357 1436 1391 accipiatur,
1453 1357 1511 1384 Deo
1541 1357 1683 1391 indignam
1705 1361 1735 1384 et

110 1400 215 1435 legibus
228 1410 301 1429 ntere
310 1403 435 1431 humanis
454 1404 610 1432 inferiorem
632 1404 832 1439 pronuntiaret,
848 1411 901 1432 nec
915 1403 995 1431 aliter
1006 1402 1157 1430 allirmaret
1172 1403 1199 1430 in
1218 1407 1277 1430 tuto
1290 1403 1355 1437 poni
1376 1409 1455 1437 posse
1475 1401 1624 1437 Scriptum
1646 1401 1735 1436 inspi-

111 1447 258 1479 rationem,
278 1456 359 1483 quam
388 1450 411 1477 si
438 1450 543 1477 dicatur
560 1450 692 1484 Spiritum
715 1455 839 1477 sanctum
864 1457 897 1477 eo
919 1449 1035 1477 consilio
1060 1448 1243 1484 corporaliter
1267 1448 1410 1475 mentitum
1435 1455 1495 1475 esse
1519 1452 1548 1474 ut
1572 1448 1734 1482 spiritaliter

111 1499 177 1519 vera
194 1494 308 1528 diceret,
330 1496 355 1523 id
367 1501 409 1523 est
427 1496 560 1524 falsitates
575 1497 864 1531 historicasdictasse,
879 1498 930 1525 sub
943 1504 1058 1533 quarunt
1079 1496 1211 1524 Velamine
1227 1496 1358 1525 veritates
1391 1495 1553 1530 allegoricas
1570 1496 1733 1524 insinuaret.

148 1537 181 1565 V.
197 1539 220 1566 Ε
245 1540 332 1568 tribus
356 1542 457 1578 regulis
480 1551 549 1578 quas
565 1544 707 1578 proposuit
723 1543 866 1579 Origenes,
881 1548 911 1571 ut
925 1544 1101 1580 mysticorum
1114 1551 1244 1571 sensuum
1259 1543 1408 1571 faciliorem
1429 1543 1556 1570 redderet
1579 1542 1733 1578 intelligen-

110 1587 192 1620 tiam,
212 1589 321 1616 tertiam
349 1591 440 1620 statim
463 1599 626 1619 evanescere
648 1592 734 1626 liquet
752 1599 786 1619 ex
815 1592 849 1619 iis
861 1599 922 1626 qua:
946 1599 1029 1628 supra
1054 1599 1069 1618 a
1090 1592 1169 1620 nobis
1188 1592 1331 1619 observata
1355 1596 1430 1619 sunt.
1452 1590 1610 1618 Falsissimo
1635 1590 1735 1625 quippe

108 1631 205 1660 innixa
223 1635 357 1670 principio
369 1637 472 1673 regula,
494 1638 594 1665 nullius
607 1639 701 1673 utique
717 1638 843 1666 utilitatis
853 1647 914 1666 esse
929 1643 1027 1674 potest.
1045 1639 1086 1666 Ad
1098 1643 1212 1665 caeteras
1228 1638 1296 1666 duas
1314 1643 1493 1666 transeamus.
1507 1636 1607 1664 Verum
1624 1637 1734 1671 quidem

110 1683 154 1706 εει
169 1679 207 1710 id.
227 1681 300 1715 quod
320 1682 407 1716 prima
424 1683 514 1718 regula
527 1684 626 1717 fertur,
642 1684 861 1712 caaremonialem
873 1685 958 1719 legem
971 1684 1074 1719 figuras
1090 1684 1232 1718 exhibere,
1252 1692 1332 1712 secus
1344 1692 1409 1712 vero
1423 1685 1508 1720 legem
1524 1684 1665 1711 moralem.
1680 1684 1734 1712 Sed

110 1725 164 1753 hoc
178 1729 383 1761 pronuntiattnn
399 1732 453 1757 vim
466 1732 532 1765 legis
545 1732 646 1759 habere
660 1733 764 1767 nequit,
782 1732 833 1759 nisi
852 1733 878 1760 id
893 1738 1011 1767 ponatur
1023 1733 1107 1768 (quod
1122 1738 1212 1760 tamen
1230 1733 1340 1767 speciali
1359 1733 1593 1760 demonstratione
1619 1732 1733 1769 indiget)

114 1774 182 1800 nihil
195 1777 306 1804 omnino
319 1778 501 1805 cacrcmoniali
515 1779 567 1813 legi
582 1779 672 1806 inesse
685 1779 757 1814 quod
771 1779 866 1814 figuris
876 1784 981 1806 careat.
999 1779 1037 1806 Ita
1058 1781 1165 1814 quidem
1185 1779 1270 1807 sensit
1292 1779 1433 1814 Origenes,
1454 1780 1500 1807 sed
1522 1787 1571 1806 nec
1591 1779 1657 1814 ipse.
1683 1788 1733 1806 nec

110 1821 180 1849 alius
197 1830 256 1857 post
274 1824 359 1858 ipsum
377 1826 507 1860 ejusmodi
524 1828 659 1862 principio
673 1828 821 1855 astruendo
836 1835 885 1862 par
899 1827 960 1856 fuit.
979 1828 1016 1855 Ea
1029 1836 1090 1863 qua:
1110 1829 1241 1864 Origenes
1265 1829 1369 1863 profert
1389 1829 1539 1863 Scriptura:
1563 1830 1730 1862 testimonia,

110 1867 239 1895 evincunt
251 1870 359 1903 quidem
372 1879 433 1899 esse
446 1873 574 1900 nonnulla
589 1873 784 1901 cmremonialis
801 1873 866 1908 legis
887 1874 945 1901 loca
957 1882 1015 1908 qua:
1027 1875 1204 1908 allegoricqu
1227 1882 1336 1903 sensum
1354 1875 1503 1909 patiantur,
1516 1875 1563 1902 sed
1587 1875 1654 1902 nihil
1674 1883 1732 1902 am-

110 1912 182 1947 plius
196 1914 257 1942 inde
274 1916 425 1945 conﬁcitur.
443 1919 622 1948 Validissimis
646 1920 797 1947 rationibus
810 1928 880 1955 opus
900 1925 941 1948 est
960 1925 991 1947 ut
1011 1921 1124 1948 ulterius
1139 1929 1222 1955 quam
1249 1922 1362 1956 apostoli
1382 1921 1517 1957 progressi
1537 1926 1612 1954 sunt,
1634 1928 1731 1955 proce-

111 1959 207 1994 datur;
221 1968 249 1989 at
264 1963 358 1991 validae
374 1966 431 1991 ista!
443 1966 563 1994 rationes
577 1966 710 1995 hactenus
723 1967 749 1994 in
764 1967 851 1994 lucem
868 1975 920 1994 non
935 1967 1104 2002 prodierunt,
1123 1976 1173 1996 nec
1187 1976 1250 2003 spes
1261 1973 1305 1996 est
1326 1977 1447 2004 unquam
1468 1969 1634 2003 prodituras.
1651 1969 1734 1996 Certe

110 2005 267 2041 quicunque
280 2008 401 2044 singulas
415 2010 531 2039 Levitici
546 2017 593 2039 aut
605 2012 690 2040 Exodi
703 2017 793 2047 partes
808 2013 932 2047 neglecto
947 2013 1060 2040 litterali
1075 2021 1156 2040 sensu
1173 2014 1317 2048 allegorice
1333 2016 1466 2041 duntaxat
1486 2015 1623 2048 explicare
1644 2019 1732 2042 tenta-

111 2058 185 2085 runt,
202 2055 286 2082 risum
311 2057 438 2086 omnibus
459 2066 531 2087 nunc
556 2065 666 2087 movent.
688 2060 744 2088 suis
769 2060 928 2096 plerumque
954 2060 1065 2088 insulsis
1089 2061 1236 2094 allegoriis,
1257 2062 1356 2095 quibus
1374 2061 1579 2096 Scripturarum
1601 2061 1732 2096 majestas

111 2098 275 2133 deprimitur
287 2107 314 2130 et
330 2105 520 2132 conenlcatnr.

146 2144 222 2172 Alius
236 2155 314 2175 error
329 2154 370 2176 est
386 2152 498 2178 credere
511 2154 726 2182 cteremonialem
741 2154 839 2190 legem,
855 2160 998 2191 postquam
1013 2155 1142 2190 abrogata
1160 2160 1202 2183 est
1216 2161 1244 2184 et
1258 2156 1397 2184 observari
1413 2157 1504 2189 desiit,
1521 2156 1633 2184 litterali
1648 2164 1728 2184 sensu

111 2196 218 2226 carere,
236 2195 277 2221 vel
290 2196 385 2224 saltem
401 2199 510 2226 litterali
523 2208 604 2228 sensu
619 2209 671 2229 non
686 2202 803 2236 amplius
817 2210 877 2230 esse
893 2203 1134 2238 interpretandam.
1152 2203 1199 2231 Vix
1215 2204 1322 2237 concipi
1344 2208 1435 2238 potest
1447 2205 1582 2238 quomodo
1595 2204 1731 2238 ejusmodi

112 2243 294 2290 commentum
314 2244 340 2270 in
357 2243 483 2279 Origenis
500 2251 590 2275 tuente
616 2253 708 2275 natum
732 2250 777 2276 sit.
795 2248 858 2276 Sive
880 2250 1051 2281 observetur,
1066 2251 1123 2277 sive
1147 2257 1199 2276 non
1229 2250 1392 2277 observetur
1410 2254 1584 2284 praeceptum,
1610 2251 1633 2277 is
1647 2257 1732 2284 quem

111 2289 241 2330 ξὀιιηηθῐι
255 2295 351 2316 sensus
367 2289 393 2317 in
417 2296 533 2326 utroque
544 2300 609 2320 casu
633 2294 745 2328 perinde
764 2302 794 2322 se
817 2295 900 2322 habet
913 2300 940 2322 et
952 2295 1021 2322 idem
1037 2302 1144 2330 semper
1156 2295 1291 2322 subsistit.
1306 2294 1459 2322 Etiamnum
1482 2303 1498 2322 e
1521 2295 1577 2322 sola
1603 2295 1728 2323 Mosaicae

111 2327 179 2363 legis
198 2330 290 2360 littera
306 2334 340 2361 ad
356 2335 596 2365 demonstrandam
614 2327 733 2366 Iudaica:
748 2339 887 2374 religionis
900 2340 1071 2367 divinitatem
1090 2327 1117 2367 et
1135 2339 1340 2368 Christianistni
1363 2342 1547 2376 prtestantiam
1567 2342 1653 2376 major
1679 2341 1729 2370 lux

110 2376 234 2412 all'ertur,
254 2388 334 2414 quam
350 2389 382 2408 ex
401 2384 538 2417 omnibus,
554 2393 622 2419 quas
641 2391 697 2412 tum
711 2390 827 2419 veteres,
849 2390 904 2413 tum
930 2386 1096 2413 recentiores
1118 2394 1167 2421 pro
1186 2386 1299 2413 arbitrio
1313 2387 1516 2421 excogitarunt,
1529 2386 1667 2421 allegoriis
1697 2387 1730 2414 in

108 2431 193 2453 unum
207 2434 304 2463 corpus
316 2429 436 2457 collectis
447 2435 473 2457 et
488 2433 622 2462 adunatis.

147 2471 272 2502 Secunda
295 2483 403 2510 quoque
418 2476 546 2511 Origenis
570 2480 662 2514 regula
688 2480 782 2514 paucis
797 2481 869 2508 veris
892 2480 1008 2515 plurima
1025 2480 1154 2514 permista
1180 2480 1262 2507 habet
1286 2479 1400 2508 multum
1426 2487 1551 2508 erronea.
1570 2480 1597 2507 Id
1618 2479 1729 2514 quidem

108 2519 279 2546 verissimum
295 2526 336 2548 est
354 2523 423 2555 quod
438 2523 515 2551 docet
533 2523 644 2557 Paulus,
661 2526 800 2553 cmlestem
825 2533 885 2553 esse
911 2525 1075 2559 Jerusalem,
1091 2527 1169 2560 cujus
1192 2531 1270 2561 typus
1297 2531 1338 2554 est
1353 2525 1504 2553 Jerusalem
1525 2531 1649 2559 terrena;
1677 2527 1728 2552 sed.

109 2563 171 2590 inde
186 2565 327 2598 consequi,
347 2571 375 2592 ut
394 2575 561 2602 qumcunqlte
579 2572 612 2596 de
639 2575 748 2597 terrena
774 2570 923 2597 Jerusalem
939 2575 967 2597 et
982 2571 1172 2604 adjacentibus
1187 2572 1211 2598 ei
1229 2571 1294 2599 locis
1310 2572 1447 2605 dicuntur,
1472 2580 1503 2599 ea
1527 2573 1561 2599 ad
1586 2573 1723 2600 ccelestem

105 2608 257 2638 Jerusalem
273 2610 327 2636 sint
341 2612 493 2646 referenda,
513 2614 537 2641 id
552 2622 616 2642 vero
626 2623 674 2642 ncc
688 2617 856 2649 conceditur,
877 2624 928 2644 nec
939 2618 973 2644 ab
986 2617 1104 2651 Origene
1124 2617 1338 2646 demonstratum
1355 2623 1408 2652 est,
1422 2625 1471 2646 nec
1485 2619 1573 2646 simile
1586 2619 1723 2654 quidpiam

110 2656 144 2682 ab
157 2657 287 2691 Apostolo
303 2660 451 2692 profertur.
469 2662 512 2695 qui
531 2662 615 2689 multo
629 2662 718 2690 minus
734 2663 854 2698 loquitur
865 2664 898 2691 de
911 2664 1084 2699 Origenianis
1098 2664 1150 2691 illis
1173 2665 1199 2691 in
1216 2664 1283 2692 caelo
1305 2665 1454 2692 anitnarutn
1472 2665 1646 2698 habitaculis,
1664 2672 1724 2701 qua

107 2703 234 2739 (Egypto.
253 2706 393 2742 Babyloni,
418 2707 498 2743 Tyro,
517 2709 610 2736 Sidoni
645 2715 672 2737 et
694 2711 756 2737 aliis
780 2711 893 2738 terrenis
908 2711 974 2738 locis
999 2711 1194 2746 respondeant.
1207 2711 1300 2746 Apage
1319 2711 1460 2746 profanam
1474 2711 1553 2738 istam
1566 2716 1595 2739 et
1607 2711 1722 2739 monstri

110 2751 223 2778 similem
238 2753 397 2782 Platonismi
418 2762 445 2783 et
460 2755 660 2791 Pythagorismi
677 2765 739 2784 cum
756 2757 907 2791 Seripturis
920 2757 1021 2785 nostris
1032 2757 1186 2786 mistnram.

152 2796 188 2826 Ex
204 2797 283 2826 dictis
301 2798 381 2836 igitur
399 2800 481 2835 liquet
497 2800 596 2828 nullius
611 2801 666 2830 fere
678 2810 738 2830 esse
754 2803 880 2831 utilitatis
893 2804 1044 2839 propositas
1057 2803 1091 2830 ab
1105 2803 1219 2839 Origene
1236 2804 1353 2840 regulas,
1371 2812 1429 2840 quae
1445 2812 1479 2834 ne
1496 2805 1596 2835 nodum
1613 2805 1722 2840 quidem
