1895 3057
133 90 169 119 ΞΓ)
754 93 878 121 PRAEFA

1019 94 1096 122 ΤΟΜ.
1116 95 1146 124 ΙΙ.
1732 102 1767 130 34

143 151 310 179 difficultatis
329 151 480 186 attingunt.
508 152 528 178 E
556 151 631 179 Novo
656 152 834 182 Testamento
851 155 982 182 discimus
1008 156 1033 182 id
1062 164 1111 190 pro
1128 161 1203 183 certo
1227 156 1354 185 habuisse
1374 160 1522 194 apostolos,
1548 168 1610 188 esse
1632 161 1658 189 in
1678 163 1767 191 Veteri

139 196 314 224 Testamento
332 196 403 230 loca,
422 205 482 230 qum
501 197 676 231 allegoricum
692 206 802 227 sensum
816 201 973 233 admittunt,
984 201 1082 228 deinde
1098 209 1145 228 eos
1166 202 1237 229 istud
1255 204 1416 239 principium
1434 206 1467 232 ad
1483 207 1631 242 singularia
1645 209 1767 242 quaedam

135 243 196 271 loca
219 243 458 271 accommodasse.
477 243 544 270 Hinc
566 249 715 271 nascuntur
731 245 783 272 illae
799 247 969 280 qurestiones
990 254 1024 273 an
1043 247 1158 281 apostoli
1182 249 1348 276 crediderint
1370 255 1397 277 et
1413 251 1556 279 docuerint
1579 253 1683 281 nullutn
1705 262 1769 282 esse

139 289 290 322 Scriptura:
308 288 398 314 locum
415 288 460 322 qui
474 287 569 322 ﬁguris
586 293 695 321 careat;
714 297 747 316 an
762 290 852 324 plures
872 298 985 318 numero
996 291 1052 318 sint
1066 291 1205 326 allegoriae
1219 301 1299 328 quant
1316 302 1377 328 quae
1400 296 1434 323 ab
1461 297 1514 323 illis
1534 297 1660 325 iudicatae
1684 304 1765 331 sunt;

134 342 169 361 an
186 335 220 361 iis
234 334 435 377 investigandis
447 339 475 361 et
490 335 667 362 secernendis
683 336 717 362 ab
734 336 888 364 arbitrariis
905 337 1040 371 allegoriis
1060 339 1183 372 quzrdant
1210 340 1308 374 regulm
1328 342 1488 375 inserviant,
1510 349 1538 371 et
1561 352 1684 378 quamam
1713 345 1767 372 Illa:

132 380 210 426 sint;
229 388 279 426 an,
290 387 340 415 per
357 379 418 407 illas
443 380 544 426 figuras
560 381 628 408 nihil
651 382 742 409 obstet
761 383 908 416 quominus
927 383 1033 418 integer
1055 389 1164 411 maneat
1184 385 1311 414 litteralis
1337 395 1448 421 sensus;
1477 398 1512 416 an
1539 391 1602 425 quia
1621 391 1766 426 Apostolus

132 425 245 459 aliquod
265 425 427 459 Scriptum.
440 425 625 452 testimonium
651 426 796 461 allegorice
814 435 895 454 settsu
918 428 1113 462 interpretatus
1137 434 1189 463 est,
1209 431 1271 459 inde
1291 439 1486 467 consequatur,
1504 440 1533 462 ut
1552 436 1682 470 quidquid
1699 445 1761 464 cum

133 472 185 498 hoc
200 472 360 498 testimonio
379 471 497 505 aliquant
519 472 604 499 habet
626 474 836 506 connexionetn,
852 474 984 508 quidquid
1003 476 1131 509 praecedit
1160 481 1186 504 et
1207 478 1339 511 sequitur,
1364 480 1390 507 id
1406 480 1500 507 eodem
1525 482 1603 508 tnodo
1627 483 1662 509 sit
1679 483 1764 518 expli-

131 517 264 544 candum.
285 517 348 545 Haec
365 522 429 545 sunt
451 526 513 552 qua:
532 518 664 553 Origenes
687 519 740 546 sibi
762 520 890 547 solvenda
906 528 1057 555 proponere
1077 523 1228 551 debuisset.
1243 524 1380 558 Quanttnn
1393 534 1458 554 vero
1478 528 1510 554 iis
1526 528 1663 557 solvendis
1678 517 1766 564 impar

130 563 171 590 'sit
181 564 242 598 ejus
253 564 409 596 methodus,
430 569 616 598 quantumque
633 573 647 592 a
667 566 780 593 veritate
797 572 980 598 removeatur,
996 567 1050 601 jam
1067 575 1147 596 nemo
1170 574 1212 597 est
1228 571 1273 605 qui
1289 579 1341 598 non
1361 572 1506 607 intelligat.

170 620 215 646 Vl.
233 621 410 654 Experientia
439 621 519 647 ducet
534 621 601 648 satis
624 621 744 648 solemne
770 629 831 649 esse
845 623 1024 652 viridioribus
1041 629 1068 652 et
1094 625 1145 652 sibi
1172 626 1284 654 nimium
1304 627 1507 663 indulgentibus
1533 631 1648 666 ingeniis
1671 641 1764 662 secum

135 666 252 701 turpiter
268 673 403 700 pugnare.
417 670 445 693 et
459 667 549 693 studia
571 667 596 693 iit
612 667 749 694 contraria
767 672 843 694 extra
856 669 964 695 modtnn
980 669 1057 696 ferri.
1074 671 1140 697 Curti
1161 671 1187 698 itt
1200 671 1330 705 ejusmodi
1347 673 1469 701 homines
1485 683 1536 702 non
1551 677 1629 704 cadat
1649 682 1764 708 attentio

132 715 262 742 diuturna
279 720 307 742 et
323 715 463 746 continua,
481 715 606 742 vividiori
632 722 680 742 sua
710 715 875 750 itnaginandi
904 716 929 742 vi
952 717 1107 744 necessario
1123 716 1232 752 abrepti
1255 719 1391 754 nullisque
1417 721 1478 748 fixis
1500 722 1585 750 innixi
1607 725 1759 761 principiis,

131 761 297 794 interrupte,
315 765 345 787 ut
361 761 397 787 ita
413 760 513 793 dicam,
535 761 743 793 ratiocinantur,
756 766 852 795 etqua:
872 769 926 788 uno
942 766 1063 796 tempore
1076 764 1241 798 cogitarunt,
1257 765 1390 797 dixerunt,
1407 771 1454 793 aut.
1476 769 1653 804 scripserunt,
1682 760 1713 798 ea
1730 781 1764 800 ex

130 806 242 835 illorum
262 807 395 833 metttoria
410 806 465 833 alio
479 811 599 841 tetupore
612 807 650 833 ita
667 807 805 838 excidunt,
825 812 853 834 ut
875 807 987 834 omnino
1001 809 1138 836 contraria
1160 816 1230 844 smpe
1252 810 1403 844 proferant.
1429 812 1484 840 lloc
1508 814 1574 841 vitio
1592 824 1645 843 non
1670 819 1761 845 caruit

129 852 276 888 Origenes.
295 851 362 885 Quis
381 853 570 880 conciliaverit
583 861 614 880 ea
635 860 694 887 quae
720 858 814 880 contra
837 860 946 880 sensum
970 854 1115 881 litteralent
1150 855 1261 888 emitiit,
1278 864 1339 884 ctnn
1358 858 1391 885 iis
1410 867 1468 893 qua:
1484 860 1547 888 alibi
1566 862 1645 894 dixit,
1675 864 1762 898 ipsum

129 898 300 934 simplicium
317 899 482 926 institutioni
499 904 526 926 et
539 899 712 926 tedilicationi
728 898 865 930 suliicere,
884 899 998 933 ipsoque
1012 899 1059 926 niti
1076 900 1235 934 religionem
1250 908 1359 929 omnem
1376 911 1407 929 ac
1420 903 1499 930 fidem
1523 905 1763 937 Christianorum?

130 946 159 973 Si
183 945 336 980 Scriptura:
351 945 441 972 littera
457 945 605 973 lnnuuteris
629 945 690 972 illis'
704 945 808 972 laborat
825 945 898 972 vitiis
912 952 972 979 qua:
986 946 1010 972 ei
1036 947 1192 980 exprobrat,
1217 948 1338 982 nunquid
1357 949 1467 977 timendi
1490 950 1565 978 locus
1585 961 1639 980 non
1661 960 1711 987 est,
1729 965 1762 984 ne

128 991 221 1026 potius
246 991 407 1018 scandalum
426 991 525 1026 pariat,
555 999 637 1026 quam
653 991 872 1024 aediﬁcationem,
887 998 919 1018 ac
935 992 1024 1026 potius
1040 992 1132 1026 lapsus
1145 995 1253 1021 occasio
1275 995 1321 1026 sit,
1335 1003 1416 1029 quam
1437 996 1496 1023 fons
1509 997 1620 1026 ltttninis
1630 1005 1657 1027 et
1669 1007 1762 1030 scatu—

130 1040 191 1074 rigo
216 1039 370 1066 salubrium
397 1040 632 1069 documentorum,
659 1038 810 1072 praesertim
832 1037 1012 1072 simplicibus,
1028 1045 1142 1072 quorum
1166 1039 1233 1066 ﬁdes
1260 1039 1327 1066 adeo
1349 1040 1430 1068 facile
1456 1041 1658 1072 labefactatur?
1682 1045 1760 1079 Quod

127 1086 247 1120 prodigii
264 1085 326 1112 loco
340 1090 392 1117 est,
410 1083 484 1111 mille
504 1084 530 1112 in
546 1084 624 1116 locis,
643 1083 724 1118 idque
746 1091 838 1110 curant
865 1083 975 1118 populo,
1000 1083 1126 1112 litteralis
1149 1093 1245 1113 sensus
1276 1086 1445 1114 incommoda
1467 1089 1499 1115 ad
1522 1097 1650 1118 ttauseattt
1676 1100 1761 1127 usque

127 1135 282 1165 exaggerat
307 1130 460 1166 Origenes;
482 1130 542 1157 aliis
556 1134 647 1156 autem
663 1128 690 1156 in
707 1128 774 1156 locis
795 1129 996 1163 persentiscens
1018 1130 1182 1164 periculum,
1201 1131 1245 1158 cui
1261 1131 1396 1166 ejusmodi
1421 1134 1585 1168 principium
1610 1135 1758 1166 obnoxiutn

124 1183 180 1211 est,
201 1178 268 1205 illud
282 1178 376 1205 eodem
393 1177 475 1205 animi
494 1177 595 1203 ardore
609 1175 760 1210 impugnat,
777 1182 831 1210 qtto
854 1175 942 1202 fuerat
963 1180 1041 1202 antea
1062 1176 1097 1203 ab
1119 1176 1178 1211 ipso
1194 1183 1405 1213 propugnatum.
1427 1179 1454 1206 ld
1476 1180 1568 1208 videre
1588 1183 1758 1212 estrltomilia

125 1224 250 1252 secunda
267 1223 294 1250 in
311 1223 452 1255 Genesim,
470 1223 514 1250 ubi
528 1230 599 1249 arcae
619 1222 736 1249 Noeticaa
754 1221 897 1248 historiam
912 1220 1021 1248 litterali
1038 1228 1118 1249 sensu
1136 1223 1223 1257 accipi
1240 1223 1338 1252 debere
1350 1226 1490 1252 contendit
1507 1234 1515 1253 :
1532 1235 1542 1252 ι
1565 1226 1637 1259 llaec,
1656 1228 1756 1264 inquit.

124 1275 264 1305 quantum
280 1270 314 1296 ad
333 1270 454 1297 historia:
472 1270 589 1304 pertinet
605 1268 749 1299 rationem,
766 1267 898 1293 adversus
907 1274 955 1293 eos
972 1267 1044 1294 dicta
1056 1268 1122 1300 sint,
1136 1268 1181 1302 qui
1200 1269 1359 1303 impugnare
1372 1269 1530 1304 Scripturas
1542 1272 1648 1301 Veteris
1663 1273 1759 1302 Testa-

127 1317 214 1344 menti
233 1316 368 1347 nituntur,
385 1320 514 1350 tanquam
530 1314 707 1349 impossibilia
721 1313 844 1348 quaedam
864 1317 892 1339 et
914 1312 1112 1340 irrationahiiia
1134 1315 1316 1342 continentes.
1337 1325 1345 1341 ι
1373 1316 1456 1348 Quasi
1479 1325 1543 1345 vero
1556 1320 1627 1353 quod
1651 1320 1676 1347 itt
1699 1321 1760 1348 aliis

123 1365 249 1395 damnat,
266 1362 291 1390 id
311 1370 364 1389 non
378 1361 460 1389 fuerit
480 1362 515 1389 ab
539 1362 597 1397 ipso
611 1361 708 1388 ntillics
721 1361 904 1388 decantatum.
923 1359 1057 1387 Pra'tet'ea
1071 1359 1214 1388 manifesta
1224 1366 1297 1394 sunt,
1316 1363 1464 1395 etdiserta,
1485 1369 1512 1390 et
1531 1372 1628 1400 magno
1646 1375 1759 1396 numero

126 1411 189 1445 ejus
203 1410 276 1442 loca,
294 1409 339 1437 ubi
358 1409 503 1445 allegorias
525 1409 552 1435 in
575 1408 648 1436 omtti
669 1408 810 1441 Scriptura
829 1407 943 1441 reperiri
962 1411 1103 1441 pernegat,
1128 1411 1156 1434 et
1179 1412 1268 1434 tamen
1292 1410 1368 1442 quasi
1395 1409 1475 1444 hujus
1502 1411 1625 1446 principii
1644 1413 1757 1446 oblitus,

129 1457 265 1493 mysticus
282 1463 379 1483 sensus
397 1456 425 1482 itt
441 1455 557 1490 singulis
572 1455 713 1489 utriusque
731 1453 896 1481 Testatnenti
914 1454 1021 1488 paginis
1035 1454 1147 1488 inquirit
1162 1459 1189 1481 et
1212 1455 1304 1482 animo
1325 1455 1376 1482 sibi
1393 1456 1468 1491 litigii.
1509 1457 1579 1490 Qttin
1593 1463 1621 1485 et
1645 1459 1755 1487 homilia

126 1505 219 1538 prima
237 1504 264 1529 itt
282 1502 405 1530 Exedunt
427 1502 465 1529 sic
493 1502 636 1540 loquitur:
654 1511 663 1527 ε
680 1502 736 1535 Ego
753 1503 867 1528 credens
877 1502 967 1528 verbis
987 1501 1090 1528 Domini
1108 1502 1160 1529 tttei
1176 1501 1237 1529 Jesu
1253 1502 1365 1534 Christi,
1385 1502 1411 1530 itt
1435 1504 1492 1538 lege
1508 1509 1534 1532 et
1548 1507 1687 1540 prophetis
1701 1507 1754 1535 iota

127 1550 241 1584 quidem
261 1556 357 1582 unum,
370 1554 417 1576 aut
431 1556 513 1576 unum
528 1549 632 1583 apicem
650 1555 702 1575 non
719 1552 784 1582 puto
801 1555 863 1575 esse
879 1548 1017 1582 mysteriis
1032 1555 1159 1580 vacuum,
1179 1556 1229 1575 ttec
1239 1553 1304 1583 puto
1317 1549 1418 1584 aliquid
1435 1551 1529 1578 horum
1549 1553 1666 1581 transire
1677 1562 1757 1589 posse

125 1596 217 1624 donec
233 1596 326 1624 omnia
356 1597 432 1623 flant.
449 1605 459 1623 ι
478 1596 510 1623 Ει
528 1596 576 1624 lib.
596 1603 623 1624 tv
639 1596 679 1623 De
703 1596 852 1630 principiis,
866 1603 941 1622 Itum.
958 1595 1016 1623 20:
1033 1605 1043 1620 ε
1065 1595 1111 1623 Sic
1137 1596 1211 1622 enini
1232 1596 1266 1624 de
1291 1597 1417 1624 universa
1444 1598 1585 1633 Scriptura
1611 1602 1756 1630 statuimus
1795 1611 1800 1622 κ

124 1651 240 1671 sensum
257 1644 358 1678 ubique
373 1651 432 1671 esse
445 1644 605 1679 spiritalem,
626 1651 680 1670 non
694 1643 795 1678 ubique
811 1651 984 1678 corporeum.
1004 1653 1013 1669 ι
1030 1643 1091 1671 Htec
1108 1648 1200 1677 aperta
1215 1648 1403 1678 pugnantcum
1416 1645 1473 1679 ejus
1489 1647 1651 1675 testimoniis
1673 1656 1755 1684 supra

123 1690 217 1717 citatis
229 1690 309 1716 artic.
326 1690 353 1716 2.
369 1683 489 1724 Denique
508 1690 579 1724 quod
596 1689 664 1716 dixit
677 1689 850 1716 dillicilimutn
863 1696 933 1720 esse,
943 1697 977 1716 ne
991 1689 1097 1716 dicatur
1109 1689 1285 1724 impossibile,
1295 1690 1424 1725 tnysticos
1431 1699 1500 1724 quos
1512 1691 1593 1719 habet
1614 1683 1754 1728 Scriptura

123 1745 222 1765 sensus
234 1738 412 1771 investigare,
429 1738 455 1764 id
481 1745 534 1764 non
546 1737 625 1764 facile
647 1745 708 1764 cunt
735 1736 870 1764 indefesso
884 1737 942 1772 ejus
961 1737 987 1764 in
1004 1737 1136 1771 ejusntodi
1162 1737 1285 1764 sensibus
1302 1738 1455 1765 scrutandis
1471 1739 1560 1766 studio
1583 1740 1752 1768 conciliatur.

164 1797 218 1825 Ἧι.
238 1798 390 1825 Veritatem
412 1805 556 1833 perperam
574 1802 713 1832 acceptam
736 1805 807 1832 saepe
834 1797 946 1832 perinde
961 1804 1070 1829 nocere,
1091 1804 1124 1823 ac
1148 1795 1246 1823 falsum
1271 1796 1448 1831 principium,
1466 1804 1563 1831 magno
1575 1798 1700 1832 exemplo
1712 1802 1755 1826 est

125 1837 331 1881 Origenesﬁh
348 1846 478 1880 apostolis
493 1846 626 1873 didicerat
639 1845 730 1873 Jesum
747 1845 885 1872 Christum
904 1852 1002 1878 resque
1019 1844 1054 1870 ab
1079 1851 1112 1871 eo
1125 1848 1215 1878 gestas
1235 1848 1263 1870 et
1279 1843 1337 1877 ejus
1352 1844 1479 1878 tnysteria
1505 1844 1531 1871 iit
1553 1845 1642 1872 Veteri
1657 1845 1753 1873 Testa-

127 1899 221 1920 mento
236 1884 494 1920 adnntbrari7Hinc
511 1893 543 1919 ad
558 1893 734 1928 mysticorum
751 1900 879 1920 sensuum
898 1891 1133 1930 investigationem
1149 1891 1269 1930 habenas
1284 1891 1393 1925 ingenio
1407 1898 1457 1918 suo
1481 1892 1677 1925 perntittendas
1693 1900 1753 1921 esse

124 1941 245 1972 censuit,
262 1948 295 1968 eo
309 1940 418 1968 aliunde
433 1940 565 1975 impulsus
578 1940 686 1975 publico
708 1940 748 1966 sui
765 1940 895 1974 temporis
910 1947 1017 1974 sapore,
1030 1938 1154 1966 vividiori
1171 1946 1220 1965 sua
1236 1938 1400 1972 imaginandi
1419 1939 1457 1971 vi,
1470 1940 1632 1973 scriptorum
1646 1939 1753 1967 Judaeu-

125 1994 197 2019 rum,
218 1988 362 2018 gentilium
389 1995 421 2015 ac
444 1984 661 2015 Christianorum
688 1987 827 2022 allegoriis
838 1987 991 2014 deditorum
1016 1986 1144 2018 lectione,
1165 1993 1299 2020 perparvo
1310 1986 1381 2020 quod
1397 1990 1460 2013 tttttc
1472 1992 1529 2013 erat
1546 1987 1579 2013 ad
1605 1986 1752 2021 Scriptura:

124 2033 247 2060 litteram
265 2033 458 2060 elncidandam
474 2033 588 2065 auxilio,
614 2041 646 2061 ac
671 2033 789 2067 denique
806 2028 936 2067 stupenda
954 2032 1010 2065 illa,
1028 2040 1080 2066 qtta
1094 2039 1175 2066 opera
1189 2039 1236 2059 stta
1255 2030 1382 2063 cudebat,
1395 2031 1549 2059 velocitate.
1571 2031 1609 2058 Ex
1625 2032 1751 2061 omnibus

126 2079 187 2114 istis
203 2080 294 2107 causis
311 2080 414 2114 prodiit
433 2081 612 2108 inexhaustus
636 2080 681 2108 ille
703 2080 895 2115 allegoriarum
913 2080 983 2112 forts,
1000 2087 1054 2113 quo
1069 2083 1174 2107 cuncta:
1188 2078 1247 2112 ejus
1265 2078 1427 2113 scriptiones
1444 2079 1511 2105 adeo
1529 2079 1706 2112 inundantur,
1722 2083 1751 2106 ut

124 2126 261 2153 neminem
277 2131 343 2154 ante
357 2134 385 2154 se
403 2128 428 2154 in
447 2128 496 2154 hoc
510 2134 611 2162 genere
623 2128 790 2162 superiorem
805 2126 940 2160 habuerit,
960 2135 1010 2154 nec
1023 2127 1106 2154 ullum
1120 2131 1180 2160 post
1196 2134 1226 2153 se
1240 2126 1291 2152 sibi
1310 2133 1403 2160 parem
1420 2126 1569 2160 reliquerit.
1584 2126 1703 2154 Primum
1717 2127 1749 2153 ad

123 2171 302 2207 allegoricam
315 2175 471 2202 metliodunt
488 2176 617 2210 abreptus
632 2181 674 2203 est
689 2181 810 2202 veterum
829 2175 984 2203 Iudaeorum
999 2174 1136 2209 exemplo,
1151 2174 1250 2208 quibus
1268 2173 1336 2200 alius
1357 2180 1409 2205 non
1429 2173 1567 2200 arridebat
1583 2174 1749 2208 exponenda:

123 2218 273 2252 Scriptura:
291 2219 396 2247 modus.
412 2220 452 2247 Ab
466 2221 508 2247 eis
522 2221 615 2248 hausit
629 2221 726 2248 scitum
750 2221 827 2252 illud,
842 2220 959 2247 litteram
976 2227 1036 2247 esse
1048 2220 1200 2247 divinorum
1217 2219 1382 2246 voluminum
1404 2226 1512 2254 corpus,
1526 2220 1640 2253 ntystico
1656 2224 1746 2245 autent

121 2271 203 2292 sensu
219 2265 338 2291 animam
357 2266 398 2292 vel
419 2266 543 2301 spiritum
560 2267 668 2294 illorum
682 2266 826 2293 contineri.
840 2266 1018 2293 Adtnirationi
1032 2266 1056 2293 ei
1073 2271 1151 2293 erant
1163 2264 1242 2291 Philo
1255 2265 1474 2296 etAristobulus,
1489 2265 1527 2292 nti
1548 2269 1620 2300 patet
1637 2273 1652 2291 e
1664 2265 1709 2291 lib.
1723 2272 1747 2291 tv

122 2315 216 2336 contra
232 2310 348 2342 Celsum,
365 2319 440 2338 num.
460 2312 505 2344 51,
523 2313 567 2340 ubi
589 2312 628 2339 ait
647 2321 654 2339 :
673 2321 683 2337 ι
706 2311 814 2339 Illorum
829 2311 974 2344 volumina,
991 2316 1120 2346 quantum
1136 2310 1291 2344 conjectura
1303 2317 1469 2345 cognoscere
1480 2314 1532 2342 est,
1551 2309 1663 2336 minime
1679 2309 1746 2335 vidit

121 2353 225 2382 Celsus.
240 2355 308 2382 Nam
327 2356 370 2382 illa
389 2357 453 2383 tnihi
469 2356 593 2384 videnlur
613 2362 731 2384 mentettt
746 2357 948 2391 Scripturarunt
964 2361 994 2383 ut
1007 2356 1153 2391 pluritnum
1168 2356 1209 2383 ita
1220 2355 1338 2390 asseqtti,
1353 2360 1381 2381 ιιι
1395 2355 1436 2381 vel
1454 2355 1557 2382 Grmeis
1576 2355 1747 2390 philosophis

121 2400 295 2429 admirationi
308 2409 368 2429 esse
383 2403 499 2436 possint.
519 2401 556 2429 lbi
573 2402 646 2429 enint
666 2409 718 2429 non
733 2402 820 2429 solum
848 2402 874 2429 in
892 2402 1022 2432 dictione.
1039 2402 1085 2428 sed
1113 2401 1196 2428 etiam
1216 2401 1242 2427 in
1262 2400 1403 2427 sententiis
1428 2404 1454 2426 et
1481 2399 1614 2434 dogmatis
1640 2399 1745 2425 videtur

122 2446 243 2474 deiectus
256 2453 284 2474 et
301 2448 452 2482 diligentia,
468 2452 495 2475 et
511 2448 659 2482 praeclarus
673 2455 767 2475 eorum
785 2448 933 2482 Scripturas
955 2447 1077 2474 locorum
1091 2454 1168 2478 usus,
1183 2454 1243 2481 qua:
1261 2445 1355 2473 Celsus
1368 2452 1417 2480 pro
1433 2444 1530 2471 fabulis
1549 2444 1641 2471 habet.
1659 2453 1668 2470 ι
1685 2444 1746 2477 Quo

120 2492 244 2520 encomio
258 2492 338 2527 plane
353 2493 534 2520 conﬁrmatur
547 2495 603 2521 haec
615 2494 706 2522 Photii
730 2494 763 2521 de
789 2493 902 2521 Philone
929 2494 1069 2521 adnotatio
1091 2493 1219 2520 Bibliolh.
1233 2491 1292 2519 eod.
1306 2499 1339 2518 cv
1357 2500 1364 2518 :
1387 2500 1396 2516 ι
1415 2491 1451 2517 Ex
1474 2497 1519 2522 eo,
1536 2490 1643 2524 opinor,
1657 2491 1744 2517 omnis

123 2537 269 2572 allegorica
287 2538 437 2572 Scripturaa
455 2540 670 2574 lnterpretanda:
688 2539 758 2567 ratio
774 2540 801 2566 in
819 2540 968 2566 Ecclesiam
988 2539 1109 2567 irruendi
1131 2539 1225 2566 habuit
1240 2539 1359 2566 inititttn.
1381 2547 1390 2563 ι
1417 2537 1517 2564 Deinde
1533 2537 1604 2571 quod
1624 2537 1663 2564 ait
1679 2537 1746 2564 Por-

121 2585 231 2620 phyrius
245 2586 317 2620 apud
336 2586 448 2618 Euseb.,
464 2586 536 2614 Hist.
560 2587 637 2619 eccl.,
659 2587 706 2614 lib.
726 2594 763 2619 v1,
779 2594 838 2621 cap.
856 2587 900 2618 I9,
918 2587 945 2614 id
972 2584 1038 2614 mihi
1066 2586 1097 2613 fit
1121 2586 1264 2613 admodum
1299 2585 1456 2615 verisimile,
1472 2582 1615 2618 Origencm
1636 2591 1744 2619 nempe,

120 2637 180 2656 cum
194 2631 304 2658 assidua
329 2630 532 2659 Platonicorum
559 2638 587 2659 et
610 2632 853 2668 Pythagoricorunt
878 2633 993 2660 lectione
1016 2632 1178 2659 familiarem
1208 2631 1259 2658 sibi
1285 2630 1397 2657 fecisset
1426 2629 1604 2657 abstrusioris
1619 2635 1741 2656 veterum

119 2675 342 2710 philosophorum
361 2677 492 2704 doctrina:
505 2677 649 2712 allegorico
663 2685 744 2705 sensu
762 2677 973 2712 interpretanda:
988 2678 1107 2709 modum,
1123 2676 1196 2703 illutn
1210 2683 1317 2710 quoque
1334 2676 1367 2702 ad
1382 2674 1535 2702 Judazorum
1554 2674 1637 2703 libros
1652 2681 1742 2703 trans-

120 2721 221 2748 tulisse.
239 2722 299 2748 lluc
317 2722 387 2749 adde
402 2724 473 2758 quod
491 2722 610 2756 conjicit
630 2723 743 2751 lluetius
768 2723 925 2759 Origenian.
943 2720 990 2751 lib.
1007 2731 1075 2757 tt,q.
1093 2723 1136 2756 l3,
1152 2723 1227 2756 adid
1249 2721 1382 2748 scribendi
1399 2728 1484 2755 genus
1497 2721 1642 2748 excitatum
1659 2723 1740 2749 etiam

119 2766 200 2794 fuisse
212 2767 406 2794 Adamantium
428 2769 552 2803 exctnplo
568 2769 714 2796 Metrodori
732 2768 921 2804 Lampsaceni,
937 2775 1018 2803 quem
1034 2772 1127 2794 narrat
1143 2766 1274 2793 Tatianus
1291 2769 1376 2792 totum
1392 2765 1538 2792 Homerum
1558 2766 1584 2792 in
1599 2767 1741 2801 allcgorias

120 2813 244 2844 traxisse.
266 2818 294 2840 et
310 2813 461 2843 llcraclidis
477 2814 809 2852 Pontici,Homericarum
828 2815 1017 2850 allegoriarum
1041 2814 1191 2849 scriptoris.
1220 2813 1354 2840 Praeterea
1378 2815 1546 2847 compertum
1573 2817 1626 2846 est,
1649 2813 1740 2847 magni
