1897 3059
130 94 166 122 35
375 126 380 133 ‘
727 88 914 118 PREFA'I'IO
935 89 980 116 AD
1000 89 1080 116 T0,“.
1099 89 1132 116 ll.
1735 91 1783 119 35

132 152 232 187 ingenii
255 153 328 181 viros
339 161 402 182 cum
427 160 460 181 eo
476 159 563 187 usque
580 158 635 178 non
650 149 878 186 progrediuntur,
893 153 922 176 ιιι
947 156 1029 184 supra
1050 148 1141 176 saeculi
1167 147 1210 174 sui
1233 146 1421 183 przejudicatas
1444 147 1589 182 opiniones
1608 155 1669 176 sese
1685 150 1778 176 attol-

132 196 200 230 lant.
223 200 329 227 illarum
349 200 408 235 plus
433 199 541 226 caeteris
571 196 726 225 hominibus
755 196 871 222 miseros
891 202 953 222 esse
973 202 1079 222 servos.
1097 194 1224 229 Origenis
1243 199 1336 226 male,
1353 193 1473 220 omnium
1503 195 1643 222 hominum
1661 196 1778 223 animos

132 247 331 281 myslagogicus
354 246 449 280 genius
477 245 625 272 invasarat.
652 243 692 270 Eo
718 249 830 277 quoque
855 241 942 276 abripi
965 249 994 269 se
1017 249 1113 276 passus
1135 245 1179 268 est
1196 239 1386 271 Adamantius,
1415 246 1532 275 cumque
1554 248 1584 267 se
1608 241 1724 268 dicendo
1737 248 1778 267 ac

132 292 275 319 scribendo
302 299 416 326 prorsus
438 291 564 318 idoneum
597 290 723 321 sentiret,
749 289 783 316 ad
810 289 890 323 idque
914 295 1028 315 munere
1053 295 1105 316 suo
1128 287 1267 321 variisque
1290 286 1514 321 circumstantiis
1539 287 1706 321 adigeretur.
1734 287 1774 313 ad

132 337 287 364 auditorum
319 346 351 365 ac
378 338 510 365 lectorum
542 344 659 364 suorum
690 343 827 369 saporem,
854 335 899 369 qui
923 340 994 362 totus
1017 335 1043 362 in
1068 335 1206 369 allegoriis
1234 338 1302 363 erat,
1331 340 1392 359 sese
1417 333 1628 360 accommodare
1651 332 1774 360 studuit.

132 383 233 411 Scribit
249 385 528 419 etiainHieronymus
543 384 569 410 in
591 383 719 418 (Iulalogo
743 383 901 416 scriptarum
925 381 1178 412 ecclesiasticarum,
1204 388 1280 407 lllltll.
1308 380 1353 412 6i,
1381 380 1554 408 Ambrosium
1576 379 1610 406 ad
1639 380 1775 407 librorum

131 437 270 456 sacronnn
301 430 552 465 interpretationem
574 428 720 462 Origeuem
747 428 886 459 incitasse.
912 427 940 454 in
964 426 1165 454 :emulationem
1193 426 1342 462 Hippolyti,
1359 425 1525 460 editis'jam
1551 426 1578 453 in
1597 426 1774 461 Scripturzuu

131 476 254 508 plurimis
270 474 351 509 hujus
367 476 478 510 generis
494 473 704 502 conuiientariis
727 474 886 501 clarissimi.
906 472 973 500 Cum
1001 473 1082 508 igitur
1111 473 1269 507 magistrum
1288 481 1366 500 suum
1395 473 1496 499 nemini
1517 474 1668 500 concedere
1688 473 1776 500 vellet

129 523 301 554 Ambrosius,
319 523 386 549 nihil
403 530 457 550 non
470 524 555 550 movit
574 530 629 557 quo
643 530 705 549 eum
719 529 828 556 quoque
846 521 879 547 ad
895 520 1073 555 allegoricum
1094 520 1232 547 scribendi
1248 528 1334 555 genus
1349 520 1512 554 impelleret,
1529 525 1661 552 tantaque
1676 521 1776 548 studio

129 569 252 603 quotidie
264 569 298 595 ab
311 576 343 595 eo
359 575 428 602 opus
439 568 577 602 exigebat,
599 573 628 594 ut
646 568 672 594 in
689 567 806 601 quadam
821 565 938 600 epistola
957 564 1140 601 ὲργοδιώκτην
1153 574 1215 592 eum
1233 565 1366 600 Origenes
1377 565 1566 601 appellaverit.
1582 565 1623 592 Ad
1640 566 1666 592 id
1684 567 1771 592 etiam

130 616 204 643 illum
218 616 337 650 perpulit
353 616 465 650 praebita
481 624 496 643 a
511 615 648 643 Marcione
659 615 768 642 occasio
781 613 911 648 pestifero
928 612 1070 645 haeretico,
1083 614 1130 648 qui
1147 613 1294 648 allegorias
1310 620 1325 640 a
1339 613 1490 648 Scriptura;
1512 620 1599 640 sacrae
1619 613 1769 647 expositio-

134 665 214 691 nibus
229 664 340 698 penitus
355 663 526 690 excludebat.
539 662 603 696 Ejus
611 661 785 697 oppugnandi
799 661 888 688 studio
905 661 931 687 in
946 661 1085 689 contraria
1103 661 1193 687 omnia
1210 661 1275 686 abiit
1290 660 1422 695 Origenes
1436 661 1628 694 allegoriisque
1643 661 1774 687 consulto

130 711 254 737 indulsit.
276 709 369 744 Neque
387 711 471 736 etiam
497 709 609 736 tacenda
626 713 667 736 est
691 708 734 734 illa
750 715 810 742 qua:
823 706 952 743 Origenis
966 711 1047 734 atate
1063 711 1133 739 erat,
1159 707 1376 733 necessariorum
1393 708 1427 734 ad
1444 707 1540 733 littera:
1556 706 1771 734 clncidationem

128 759 292 786 auxiliorum
313 759 416 793 inopia.
435 758 504 785 Hinc
523 758 647 792 quaedam
667 755 840 783 necessitatis
857 756 963 790 species
978 755 1152 782 Christianos
1167 754 1291 789 urgebat,
1304 759 1334 781 ut
1348 755 1481 789 mysticus
1497 754 1542 788 qui
1562 753 1644 780 facile
1657 755 1774 788 excogi-

128 812 236 838 tantur,
251 813 348 832 sensus
370 806 470 832 littera:
496 805 596 839 sapius
617 804 743 830 obscura:
767 802 975 829 substituerent.
1001 800 1089 834 Hujus
1115 801 1153 828 rei
1184 801 1258 827 mille
1278 805 1436 834 argumenta
1461 800 1593 834 pnebebit
1622 799 1770 835 Origenes.

126 855 242 888 Quoties
255 854 391 881 tantillum
407 853 544 885 explicati]
564 852 683 878 difﬁcilis
699 856 743 878 est
757 851 860 882 littera,
879 850 959 877 toties
974 850 1032 877 fere
1043 849 1119 876 illam
1137 849 1236 876 clamat
1249 840 1358 881 l'alsa'm,
1383 849 1540 880 absurdam,
1558 849 1769 883 impossibileui,

126 902 322 936 optionemque
336 900 383 926 dnt
400 898 574 926 auditoribus
590 898 648 924 suis
661 901 692 924 ut
704 897 747 924 vel
766 896 827 923 fidei
843 895 993 929 Scriptura:
1007 895 1214 924 abrenuntient,
1234 894 1275 921 vel
1293 895 1368 921 illam
1389 894 1534 928 allegorice
1555 900 1702 929 exponant.
1720 895 1769 921 llla

129 953 221 973 tamen
234 946 296 973 loca
311 945 383 972 unde
397 945 438 972 sic
451 944 635 971 ratiocinandi
653 951 748 970 ansam
764 942 874 976 arripit.
892 942 929 968 ita
956 942 1119 976 plerumque
1141 941 1278 976 explicatu
1308 941 1398 968 facilia
1423 946 1498 972 sunt,
1515 946 1542 968 ut
1559 941 1652 968 mirari
1668 941 1772 969 subeat

127 994 263 1028 quomodo
280 993 306 1019 in
320 992 477 1026 anagogicis
494 991 620 1018 sensibus
635 991 682 1025 qui
699 997 772 1017 nunc
785 997 799 1016 a
816 988 941 1022 subjecto
964 993 1127 1023 argumento
1147 996 1260 1023 prorsus
1275 988 1358 1016 alieni
1380 988 1521 1021 videntur,
1545 988 1772 1024 iutrospicieudis

128 1045 183 1066 tam
203 1043 310 1066 acutum
325 1042 462 1069 cerneret,
476 1041 504 1065 et
519 1037 630 1065 aliunde
653 1043 769 1071 prorsus
784 1035 939 1066 caecutiret.
965 1035 1011 1062 ubi
1033 1035 1203 1069 dispellenda
1225 1040 1283 1060 erat
1300 1035 1391 1069 aliqua
1405 1035 1505 1061 litterae
1522 1034 1691 1066 obscuritas,
1706 1043 1771 1068 quae

127 1085 228 1112 nullam
243 1084 324 1112 hodie
336 1083 377 1112 vel
393 1083 579 1111 mediocribus
595 1083 711 1118 ingeniis
725 1082 882 1109 molestiam
898 1081 1024 1108 facessit.
1050 1081 1173 1116 Denique
1190 1081 1234 1107 illa
1248 1089 1302 1114 qua
1319 1081 1346 1107 in
1365 1088 1478 1116 operum
1493 1088 1605 1108 suorum
1620 1081 1770 1108 elucubra-

126 1132 204 1159 tione
217 1130 364 1163 ferebatur,
390 1130 534 1164 rapiditas,
555 1129 590 1156 iis
610 1130 690 1156 rebus
703 1129 856 1156 tractandis
868 1135 930 1163 quae
953 1135 1081 1162 magnam
1099 1127 1318 1162 disquisitionem
1332 1131 1361 1155 et
1372 1127 1531 1155 diuturnam
1559 1127 1769 1154 meditationem

125 1177 280 1211 requirunt,
292 1184 355 1204 eum
368 1176 624 1211 penitusimparem
637 1175 779 1202 reddebat.
797 1174 866 1202 Cum
889 1179 993 1209 septem
1017 1179 1044 1201 et
1069 1174 1188 1208 amplius
1210 1174 1334 1201 notarios
1358 1175 1456 1202 dittrno
1470 1179 1657 1207 nocturnoque
1672 1173 1771 1200 labore

125 1224 281 1256 distineret,
297 1228 422 1258 paratam
441 1230 552 1258 semper
567 1223 670 1250 habere
685 1222 779 1250 debuit
806 1222 961 1255 materiam,
980 1229 1063 1257 quam
1082 1225 1122 1248 tot
1143 1222 1234 1256 operis
1255 1221 1443 1249 distribueret.
1457 1221 1555 1248 Melius
1571 1229 1636 1255 ergo
1652 1222 1678 1247 in
1696 1220 1768 1247 alle-

125 1271 217 1305 gorica
234 1278 314 1305 quam
333 1271 359 1297 in
379 1270 488 1297 litterali
504 1270 709 1304 Scripturarum
733 1270 907 1304 expositione
925 1277 982 1296 rem
1006 1276 1083 1296 suam
1105 1269 1158 1295 sibi
1181 1268 1272 1296 facere
1287 1268 1442 1301 videbatur,
1458 1268 1559 1303 quippe
1584 1268 1628 1295 cui
1648 1267 1769 1295 fecunda

126 1317 291 1352 imaginandi
309 1317 351 1344 vis
364 1317 498 1352 mysticos
511 1324 610 1344 sensus
622 1324 731 1351 semper
746 1317 780 1344 ad
796 1317 942 1344 arbitrium
961 1316 1104 1344 oﬂerebat.
1120 1315 1284 1344 Econtrario
1295 1316 1405 1343 taedium
1424 1323 1456 1343 ac
1473 1315 1610 1343 fastidium
1629 1315 1653 1342 ei
1675 1315 1769 1351 parie-

127 1364 172 1389 Iiat
188 1364 229 1391 vel
246 1364 356 1391 minima
372 1364 470 1391 littera:
481 1364 638 1396 didit-ultas,
652 1373 772 1399 cumque
786 1371 909 1400 tempore
919 1373 969 1393 suo
981 1365 1019 1392 uti
1033 1372 1081 1399 pro
1091 1364 1205 1391 arbitrio
1223 1364 1248 1391 ei
1267 1372 1320 1391 non
1332 1364 1438 1396 liceret,
1455 1364 1508 1390 illis
1520 1364 1577 1390 fere
1589 1368 1648 1390 erat
1667 1362 1769 1390 similis

125 1409 261 1444 operariis
278 1409 323 1444 qui
339 1417 407 1444 opus
419 1410 529 1444 aliquod
543 1410 700 1438 faciendum
715 1411 863 1444 redimunt,
882 1416 911 1438 et
925 1418 981 1446 pm
996 1411 1080 1438 nimia
1092 1417 1146 1445 qua
1161 1410 1236 1446 operi
1260 1411 1421 1439 incumbunt
1442 1409 1591 1442 celeritate,
1608 1409 1665 1437 fere
1698 1408 1769 1437 nihil

127 1455 188 1481 boui
202 1462 283 1490 agere
296 1456 481 1490 reperiuntur.

162 1512 227 1540 Vill.
244 1522 254 1539 ι
274 1513 419 1549 Allegoriis
433 1514 514 1542 nimis
535 1515 682 1543 indulsisse
695 1515 843 1551 Origenem
860 1516 958 1545 Patres
977 1517 1109 1550 clamant,
1129 1526 1139 1543 ι
1157 1517 1246 1552 inquit
1260 1516 1374 1545 lluetius
1389 1517 1545 1552 Origenian.
1560 1517 1609 1544 lib.
1622 1519 1763 1551 inqutrst.

125 1560 170 1592 15,
183 1566 210 1588 et
227 1569 236 1586 ι
259 1569 331 1595 saepe
347 1561 509 1589 historicum
525 1570 636 1589 sensum
660 1563 874 1598 proculcandqu
903 1572 937 1591 ac
960 1565 1190 1592 contemnendum
1207 1565 1298 1596 docet,
1316 1575 1326 1591 ι
1352 1565 1454 1592 fatente
1478 1565 1574 1592 eodem
1604 1564 1765 1591 doctissimo

124 1607 251 1642 przesnle,
268 1608 312 1641 quj
348 1613 373 1634 et
407 1608 478 1635 istud
499 1609 596 1643 probat
611 1609 706 1636 iisdem
723 1610 823 1644 quibus
835 1617 885 1638 nos
899 1616 979 1638 antea
992 1611 1032 1638 usi
1048 1619 1152 1643 sumus,
1169 1611 1241 1638 illius
1255 1611 1430 1638 testimoniis.
1449 1611 1516 1644 Quis
1535 1611 1597 1637 inde
1622 1617 1676 1636 non
1701 1618 1762 1643 spe-

125 1657 211 1679 rasset
238 1652 307 1685 fore,
331 1657 359 1680 ut
387 1653 551 1681 sententiam
575 1655 602 1681 in
629 1653 774 1690 Origenein
791 1656 893 1683 ferret?
915 1656 982 1683 Eum
999 1661 1090 1684 tamen
1117 1658 1168 1684 hoc
1193 1658 1304 1684 nomine
1318 1657 1450 1688 defendit.
1476 1658 1547 1691 quod
1567 1666 1577 1683 ι
1602 1657 1763 1684 accuratius

123 1700 225 1733 Scripta
238 1699 296 1732 ejus
311 1700 448 1726 evolventi
461 1700 546 1727 multa
561 1707 721 1733 occurrant,
738 1702 764 1728 in
781 1702 879 1737 quibus
897 1710 974 1729 suam
992 1701 1092 1729 littcrtc
1108 1703 1267 1737 dignitatem
1288 1707 1390 1735 servat,
1404 1709 1431 1730 et
1447 1703 1480 1730 de
1495 1710 1526 1729 ea
1542 1710 1619 1737 aequa
1634 1710 1666 1729 ac
1686 1707 1761 1729 recta

123 1745 218 1772 scribit
232 1753 239 1771 :
259 1745 422 1772 historicum
438 1746 464 1773 in
481 1746 621 1782 aliquibus
632 1747 779 1776 admittens
795 1756 918 1782 sensum,
933 1749 1110 1783 allegoricum
1125 1750 1152 1776 in
1172 1750 1306 1786 pluribus,
1324 1750 1350 1776 in
1367 1749 1460 1777 multis
1475 1755 1630 1784 utrumque.
1653 1759 1662 1775 ι
1678 1749 1761 1781 Qum-

124 1799 186 1818 nam
201 1792 237 1820 sit
253 1793 333 1828 hujus
346 1793 512 1822 defensionis
529 1795 571 1822 vis
591 1803 644 1823 non
661 1797 861 1830 persentiscere
884 1805 928 1824 me
952 1797 1048 1825 fateor.
1074 1797 1144 1831 Quid
1166 1805 1231 1832 ergo
1254 1801 1396 1832 propterea
1409 1797 1480 1831 quozl
1499 1796 1621 1823 litteram
1659 1796 1762 1828 ubique

123 1836 234 1870 falsam,
246 1839 348 1874 tibique
363 1847 377 1866 ει
392 1841 500 1868 ratione
513 1840 641 1875 alienam,
662 1842 764 1877 ubique
781 1843 835 1870 Deo
850 1843 988 1878 indignam
1002 1851 1065 1871 esse
1078 1851 1130 1870 non
1147 1844 1250 1875 docuit,
1265 1843 1291 1870 id
1307 1843 1379 1877 quod
1398 1843 1439 1869 ait
1456 1842 1576 1869 litteram
1590 1842 1632 1868 his
1645 1841 1719 1868 vitiis
1732 1842 1758 1867 in

122 1886 241 1912 maxima
258 1886 382 1914 locorum
398 1895 511 1915 suorum
526 1894 605 1923 parte
615 1888 754 1920 laborare,
770 1890 975 1923 reprehensioni
1000 1898 1052 1917 non
1071 1891 1125 1918 erit
1142 1889 1313 1918 obnoxium?
1329 1888 1360 1916 Si
1386 1896 1451 1916 vero
1475 1889 1610 1922 ejusmodi
1628 1889 1761 1915 enuntia-

123 1936 192 1963 ttun,
210 1932 274 1959 licet
288 1933 456 1966 restrictum,
475 1934 528 1961 ulla
546 1935 640 1968 nequit
656 1936 762 1962 rati0ne
777 1935 886 1962 defendi
904 1940 933 1962 et
952 1935 1128 1963 falsissimum
1143 1941 1196 1967 est,
1207 1936 1269 1970 jure
1283 1936 1412 1963 adversus
1428 1935 1573 1969 Origenem
1597 1934 1760 1961 insurrexe-

122 1983 185 2006 ruut
203 1978 310 2008 Patres.
326 1980 366 2006 Ad
381 1981 467 2014 ipsam
486 1980 660 2014 Origeniaoae
675 1981 798 2008 methodi
820 1982 1001 2009 substantiam
1018 1990 1071 2010 non
1083 1983 1151 2009 satis
1176 1983 1325 2010 attendisse
1349 1983 1458 2010 videtur
1483 1982 1608 2010 lluetius.
1638 1981 1759 2017 Singula:

122 2025 196 2052 illius
207 2030 299 2060 partes
317 2027 389 2053 inter
404 2033 435 2053 se
454 2027 574 2054 maxime
586 2034 717 2053 connexa:
730 2032 804 2057 sunt,
818 2032 845 2053 et
859 2026 945 2053 series
960 2027 1127 2061 postulabat,
1146 2031 1175 2054 ut
1191 2027 1260 2054 bene
1282 2035 1314 2054 ac
1338 2027 1407 2054 male
1430 2028 1463 2054 de
1488 2027 1578 2053 littera
1606 2026 1757 2061 Scriptum

123 2072 283 2107 loqueretur
298 2073 491 2106 Adamantius,
502 2074 550 2100 sed
563 2073 587 2100 ei
608 2078 696 2099 tamen
713 2072 774 2107 plus
790 2072 853 2098 mali
878 2080 959 2107 quam
975 2073 1038 2100 boni
1065 2072 1213 2108 aﬂingeret.
1239 2073 1267 2100 Id
1291 2080 1385 2100 revera
1406 2073 1440 2100 ab
1458 2073 1515 2107 ipso
1534 2073 1686 2107 praestitum
1702 2078 1757 2102 esi.

122 2117 160 2144 Ex
177 2118 235 2152 ipso
251 2117 342 2145 littera
357 2118 526 2145 teditieandis
540 2117 712 2151 simplicibus
727 2116 836 2144 sullicit.
857 2117 913 2144 Sub
928 2118 978 2145 hoc
997 2123 1134 2153 respectu,
1151 2119 1303 2146 reverentia
1317 2119 1397 2154 digna
1411 2124 1464 2146 est.
1477 2117 1594 2146 Aliunde
1610 2119 1755 2146 innumera

121 2164 201 2190 habet
214 2163 294 2196 falsa,
311 2164 443 2196 absurda,
463 2164 653 2198 impossibilia,
666 2169 694 2192 et
711 2171 805 2191 Secum
823 2165 982 2199 pugnantia,
997 2166 1031 2192 de
1043 2165 1086 2192 illa
1102 2165 1185 2199 igitur
1195 2165 1257 2192 ntali
1270 2165 1382 2192 multutii
1394 2166 1484 2193 dicere
1499 2165 1602 2192 debuit.
1616 2164 1649 2192 Et
1667 2165 1757 2199 reipsa

121 2217 213 2236 nonne
239 2210 264 2237 in
290 2218 349 2237 eam
375 2212 476 2238 acriter
492 2211 640 2242 invehitur,
655 2211 761 2245 quoties
778 2210 868 2246 aliqua
893 2211 1052 2239 difﬁcultate
1073 2212 1240 2239 intricatur?
1256 2212 1332 2239 Unde
1358 2213 1455 2247 colligo
1479 2213 1574 2247 paucis
1596 2211 1674 2238 bonis
1695 2219 1756 2245 quae

121 2255 216 2282 lilteiaa
233 2256 335 2289 tribuit,
349 2258 491 2285 innumera
500 2266 559 2292 qnie
571 2258 595 2284 ei
604 2257 753 2291 exprobrat
767 2257 830 2283 vitia
848 2265 900 2285 non
919 2257 1013 2285 deleri.
1028 2258 1211 2291 Quamobrem
1225 2259 1322 2286 lluetio
1335 2259 1483 2286 condonari
1501 2258 1599 2292 nequit
1609 2257 1756 2291 injuriosus

120 2303 164 2330 ille
181 2303 276 2330 modus
291 2311 345 2338 quo
363 2309 487 2331 sanctum
506 2311 652 2340 martyrem
669 2303 839 2331 Eustathiuni
852 2304 1053 2332 Antiocltennm
1072 2306 1165 2338 habet,
1180 2308 1258 2340 cujus
1277 2311 1370 2333 contra
1387 2306 1579 2340 Origeniauatn
1596 2306 1753 2332 tuethodum

118 2349 224 2383 objecta
239 2350 329 2383 [utiles
345 2355 424 2378 vocat
440 2351 631 2378 cavillationes.
646 2352 704 2379 Non
721 2351 849 2387 equidem
865 2351 1007 2379 iuliciabor
1021 2351 1113 2379 acrius
1124 2359 1206 2386 quam
1220 2359 1269 2386 par
1285 2357 1344 2379 erat
1358 2353 1393 2379 ab
1407 2352 1549 2379 Eustathio
1567 2353 1753 2386 impugnatum

119 2397 204 2424 fuisse
216 2397 374 2426 Adatuautii
390 2398 423 2424 de
435 2397 597 2434 Pythonissa
614 2400 789 2426 sententiain.
804 2398 923 2432 Quaestio
943 2399 1016 2425 enim
1041 2403 1083 2425 est
1100 2405 1175 2425 mere
1189 2399 1296 2430 critica,
1312 2406 1374 2433 quae
1394 2406 1444 2426 nec
1462 2398 1536 2430 fidei,
1562 2405 1612 2425 nec
1630 2398 1754 2425 moribus

120 2450 219 2470 nocere
231 2448 324 2476 queat.
341 2442 394 2469 Sed
411 2443 545 2469 acerrima
559 2444 610 2471 hac
628 2452 744 2471 censura
762 2452 815 2471 non
833 2449 887 2470 tam
904 2444 938 2471 ab
953 2443 1098 2470 Eustathio
1111 2449 1225 2470 vexatus
1247 2444 1332 2470 fuisse
1349 2444 1455 2471 videtur
1473 2444 1604 2478 Origenes
1622 2445 1656 2470 ob
1673 2452 1750 2469 attain

119 2488 153 2514 de
172 2489 341 2522 \‘entriloqua
356 2489 522 2523 opinionem,
538 2495 620 2523 quam
637 2490 672 2517 ob
682 2498 760 2517 suam
777 2490 988 2525 interpretanda:
1004 2489 1157 2524 Scriptura:
1182 2489 1356 2523 tnetbodum,
1380 2498 1440 2524 quae
1464 2497 1602 2516 sacrorum
1629 2490 1751 2516 omnium

119 2535 249 2562 librorum
264 2543 374 2563 sensum
391 2538 533 2571 pervertit,
548 2544 579 2563 ac
593 2537 707 2571 proinde
720 2537 821 2572 justam
842 2537 983 2563 Eustathio
1001 2536 1216 2570 indignationem
1232 2542 1367 2568 moverat,
1392 2537 1431 2563 uti
1469 2537 1537 2564 satis
1558 2535 1642 2570 liquet
1657 2543 1688 2561 ex
1707 2535 1751 2562 his

118 2583 178 2616 ejus
193 2582 304 2608 verbis:
322 2591 331 2607 ι
355 2581 403 2608 llie
419 2583 494 2609 solus
515 2587 556 2609 est
577 2582 729 2617 Scriptum
745 2584 822 2610 locus
837 2590 918 2618 quem
943 2582 1087 2618 Origenes,
1105 2591 1120 2609 a
1135 2591 1189 2617 quo
1210 2584 1315 2619 integra
1332 2584 1365 2610 ad
1384 2583 1530 2618 allegorias
1548 2583 1677 2610 translata
1696 2588 1750 2615 est,

119 2627 230 2654 litterali
246 2635 326 2654 scusu
344 2628 401 2654 vult
417 2629 514 2663 accipi.
536 2637 546 2654 ›
564 2628 749 2661 Quazstionem
767 2629 851 2663 igitur
867 2629 901 2656 de
917 2629 1090 2662 ventriloqua
1101 2628 1124 2656 si
1140 2629 1292 2663 exceperis,
1311 2629 1442 2656 Eustathii
1459 2629 1588 2656 adversus
1603 2628 1750 2662 Origencm

117 2673 321 2700 criminationes
340 2673 439 2707 iniquzc
461 2682 513 2700 non
531 2679 604 2706 sunt,
623 2681 675 2701 nec
693 2674 764 2701 bello
779 2681 827 2701 eas
844 2674 987 2708 propulsat
1003 2673 1129 2701 lluetius.
1145 2674 1173 2701 ιιι
1190 2675 1347 2708 expostulat
1368 2674 1529 2702 Eustathius
1541 2675 1616 2709 quod
1638 2678 1749 2708 paradi-

117 2727 176 2747 sum
194 2724 350 2747 tcrrestrein
367 2725 394 2747 et
407 2720 562 2747 fructiferas
578 2721 697 2756 paradisi
715 2721 831 2749 arbores
846 2721 993 2756 allegorica
1013 2721 1184 2756 expositione
1199 2722 1361 2748 aboleverit.
1385 2721 1508 2755 Nunquid
1531 2721 1600 2748 bene
1617 2725 1748 2755 purgatur

116 2765 306 2799 Adamantius,
321 2773 384 2793 cum
407 2766 481 2793 illum
507 2767 579 2794 hanc
600 2767 764 2794 sententiam
786 2775 802 2794 e
819 2767 942 2794 Philonis
964 2766 1043 2794 libris
1066 2771 1217 2793 mutuatum
1231 2774 1292 2794 esse
1307 2767 1451 2800 respondet
1476 2766 1606 2794 lluetius?
1622 2766 1748 2800 Nuuquid

116 2811 243 2848 Origeuis
257 2813 362 2842 critncn
379 2813 461 2842 simili
479 2814 601 2843 Philonis
618 2815 733 2843 crimine
761 2814 895 2842 diluitur?
922 2814 1107 2848 Conqueritur
1131 2813 1289 2841 Eustathius
1321 2815 1392 2847 quod
1415 2812 1486 2840 nulla
1508 2820 1604 2840 sensus
1620 2813 1743 2841 historici
