1895 3057
85 81 119 108 57
706 81 833 109 PllAiFA

985 80 1065 109 TUM.
1084 81 1116 109 il.
1687 88 1721 116 58

85 142 184 172 iniecta
202 140 345 168 mentione
360 139 478 167 eﬂossos
489 139 523 167 ab
537 139 678 167 Abraham
705 145 802 175 puteos
827 140 852 166 in
871 140 1018 175 allegorias
1035 140 1161 174 traxerit,
1179 141 1225 175 qui
1257 148 1305 169 sua
1332 145 1423 168 tamen
1443 145 1525 168 aetate
1549 147 1723 176 supererant.

85 186 242 222 Respondet
269 186 396 218 lluctius.
414 188 439 213 el
455 186 501 220 qui
516 189 556 213 tot
572 193 659 214 annos
683 185 711 213 in
729 185 823 213 Juda-a
839 189 1019 220 transegerat,
1031 191 1138 219 ignotus
1155 193 1218 214 esse
1234 195 1288 214 non
1312 187 1436 222 potuisse
1458 187 1590 222 ejusmodi
1615 191 1720 218 puteos.

88 233 187 260 Verum
215 240 308 259 annon
333 233 385 260 hoc
411 233 471 267 ipso
489 232 668 260 excusatione
690 233 779 260 ntinns
804 232 902 267 dignus
923 236 964 258 est
989 231 1134 266 Origenes,
1160 235 1231 267 Quod
1254 242 1311 261 rent
1333 234 1358 261 itt
1383 234 1527 268 propatulo
1549 233 1680 269 positam.
1696 239 1724 262 et

82 279 208 306 omnium
229 279 316 305 oculis
330 279 452 311 obviam,
464 279 543 314 quasi
556 278 773 305 commentitiatn
791 286 824 305 ac
843 277 966 304 lictitiutn
991 278 1163 313 traduxerit?
1177 279 1257 306 Certe
1276 279 1386 307 homilia
1401 279 1508 306 decium
1533 279 1559 305 itt
1582 279 1719 313 Geuesim,

83 333 164 360 quam
194 325 295 352 Hnetio
308 324 417 352 videtur
433 326 591 360 designasse
606 324 776 356 Eustathius,
789 324 815 351 id
834 324 914 351 habet
931 330 939 349 :
955 332 964 349 ι
988 323 1067 358 Smpe
1093 323 1148 358 jam
1172 325 1227 351 dixi
1254 325 1325 359 quod
1343 325 1370 351 itt
1385 325 1428 352 his
1442 332 1495 351 non
1517 324 1637 352 historia:
1657 333 1722 352 ttat-

83 376 190 402 rantnr,
219 372 267 398 sed
283 372 410 406 mysteria
424 375 615 398 contexuntur.
636 379 646 396 ι

118 419 247 446 Alteram
259 417 369 453 Origcni
386 417 575 445 defensionem
599 417 701 451 prebet
714 415 841 449 Boetius,
857 422 918 450 quae
936 415 1031 450 utique
1044 415 1158 448 nemini,
1178 416 1285 450 opinor,
1302 417 1473 451 probabitur.
1488 416 1608 450 Primus,
1622 415 1721 452 inquit,

83 467 157 494 hunc
170 465 388 500 interpretanda!
401 465 552 500 Scriptum
578 469 684 491 morem
702 471 757 490 nott
774 463 889 490 invexit.
907 463 981 489 Inter
1002 461 1119 495 Judtcos,
1136 462 1333 498 Therapetttas,
1358 463 1554 495 Aristobulum,
1577 469 1604 491 et
1631 464 1723 491 Philo-

84 521 168 545 nem;
201 512 275 539 inter
299 512 427 547 gentiles,
458 512 663 538 Cltzcretnonem
693 511 828 542 Stoicum,
845 510 1008 542 Cornutum,
1033 509 1218 538 Metrodorum
1246 511 1476 546 Latttpsacenum,
1504 515 1532 538 et
1551 511 1722 539 Heraclidem

83 559 230 587 Ponticum
247 560 365 594 praevlos
378 561 462 588 duces
476 559 591 592 habuit;
607 559 679 586 inter
689 558 860 586 Christianos
873 565 939 585 vero
953 558 1093 593 apostolus
1103 558 1203 586 Paulus
1213 558 1237 586 ei
1253 558 1388 593 praecipue
1402 563 1497 586 auctor
1514 559 1575 592 fuit,
1590 566 1641 586 cur
1656 559 1723 586 alle-

83 609 190 643 goricos
207 608 394 641 expositiones
414 611 578 635 sectaretur.
596 606 679 635 Docte
691 605 801 641 quidem
820 605 879 633 haec
893 605 997 637 omnia,
1009 605 1057 633 sed
1073 612 1124 632 non
1137 605 1254 633 adve‘rtit
1265 606 1380 633 lluetius
1396 613 1450 633 tton
1472 606 1497 633 id
1521 606 1605 641 quaeri
1631 610 1721 632 utrunt

84 655 193 689 pritnus
208 655 284 682 hunc
314 662 418 682 morem
444 654 579 682 invexerit
602 653 746 689 Origenes,
761 654 810 681 sed
839 658 928 680 tttrum
949 660 1010 680 mos
1037 653 1088 680 iste
1114 653 1199 681 bonus
1213 654 1249 681 sit
1264 657 1292 681 et
1305 655 1461 681 sectandus.
1484 653 1722 688 Supervacaneum

85 702 169 736 igitur
185 707 228 729 est
243 702 387 737 gentilium
403 707 431 729 et
449 700 605 729 Iudaeorum
621 701 788 735 exemplum,
805 701 856 728 nisi
871 701 980 728 veritati
996 705 1209 728 consentaneum
1226 701 1438 728 demonstretur.
1456 700 1497 728 Ad
1523 700 1636 728 Paulum
1650 700 1723 735 quod

85 750 194 783 attinet,
212 749 369 783 allegoricae
382 749 490 784 quidem
509 749 636 777 methodo
649 748 840 776 auctoritatem
853 748 991 780 conciliat,
999 748 1047 776 sed
1062 755 1115 776 non
1127 755 1171 781 eo,
1184 756 1238 783 quo
1253 749 1297 776 illa
1310 749 1412 776 abusus
1424 752 1466 776 est
1477 748 1619 783 Origenes,
1632 748 1722 776 modo.

84 796 180 831 Neque
198 799 273 823 enim
292 797 392 832 ﬁguras
410 797 436 823 itt
460 798 535 824 omni
557 801 612 829 tum
632 796 723 824 Veteri
753 801 808 824 ttttn
837 795 914 824 N0vo
939 796 1115 824 Testamento
1138 797 1345 829 consectandas,
1372 803 1423 824 nec
1448 795 1592 823 litteraletn
1613 803 1722 823 sensum

86 844 192 877 ttspiam
216 844 435 878 proculcandum
447 848 473 871 et
485 844 714 871 contemnendum
728 851 788 871 esse
809 844 889 871 docet
902 844 1056 879 Apostolus.
1068 843 1110 871 Sit
1126 845 1207 880 igitur
1222 845 1279 872 lucc
1291 849 1382 872 nostra
1399 845 1548 876 conclusio,
1560 851 1622 871 cutn
1635 844 1691 878 jam
1707 850 1723 870 a

85 889 180 916 n-ultis
196 890 277 917 annis
294 890 316 916 is
336 897 397 917 mos
412 890 569 927 invaluerit,
585 894 616 917 ttt
631 890 677 924 qtti
705 889 820 924 alicujus
831 890 954 917 auctoris
980 897 1064 925 opera
1087 891 1113 918 in
1142 890 1229 918 lucem
1246 890 1403 925 proferunt,
1416 897 1490 922 eum,
1505 894 1635 924 quantum
1651 890 1678 917 itt
1694 898 1725 917 se

85 943 138 969 est,
152 938 188 965 ab
202 937 334 972 impactis
347 937 508 965 criminibus
533 937 660 971 iiberent,
673 945 706 965 eo
724 945 832 973 quoque
847 945 923 964 tnore
944 937 1034 973 abripi
1057 945 1087 966 se
1108 945 1217 972 passum
1238 945 1299 966 esse
1319 937 1457 969 Huetiutn,
1481 937 1558 972 cujus
1582 938 1604 965 si
1631 937 1725 965 irrittts

85 990 204 1011 conatus
221 983 284 1016 fuit,
304 992 357 1011 non
375 985 400 1012 id
423 984 567 1018 imperitiae
585 984 651 1011 vitio
668 991 723 1018 quo
741 991 794 1011 non
810 983 946 1011 laboravit
960 984 1137 1011 doctissimus
1160 984 1269 1019 praesul,
1294 984 1467 1012 tribuendum
1486 984 1605 1017 estpsed
1624 984 1723 1019 intole-

87 1031 181 1057 randis
200 1030 331 1066 Origenis
346 1031 516 1065 excessibus,
531 1031 576 1066 qui
590 1029 705 1058 omnino
721 1030 774 1064 tegi
788 1034 816 1057 et
828 1029 993 1057 dissimulari
1008 1037 1060 1057 ttott
1076 1034 1232 1064 potuerunt.

123 1087 168 1115 lx.
189 1089 337 1124 Origenem
354 1098 416 1127 post
429 1097 533 1120 tantam
545 1092 629 1119 animi
643 1091 684 1119 sui
702 1091 728 1118 in
744 1090 885 1125 Scriptura
898 1098 977 1118 sacra
987 1090 1131 1126 allegorice
1145 1090 1303 1124 exponenda
1315 1089 1561 1124 intemperantiam,
1578 1088 1725 1117 multorum

86 1142 203 1163 censura
215 1142 343 1166 vexatum
356 1139 440 1168 fuisse
453 1140 520 1167 nihil
536 1139 647 1166 mirum.
663 1139 731 1166 illud
746 1138 832 1172 magis
852 1139 976 1166 demiror
990 1138 1129 1174 quomodo
1143 1145 1175 1165 ea
1192 1138 1218 1164 in
1239 1145 1270 1165 se
1292 1136 1450 1165 defensores
1473 1137 1574 1165 habere
1594 1136 1723 1171 potuerit.

87 1181 115 1208 id
132 1182 233 1210 saltem
245 1184 278 1211 iis
292 1185 390 1220 quibus
407 1186 488 1220 prisci
506 1185 600 1214 Patres
612 1184 790 1213 venerationi"
797 1189 871 1218 sunt,
886 1184 985 1212 solatio
1005 1188 1051 1212 est
1065 1204 1073 1217 ,
1086 1184 1158 1219 quod
1172 1191 1240 1219 qttos
1256 1183 1404 1218 antiquitas
1417 1183 1503 1217 magis
1515 1183 1724 1214 commendavit,

89 1228 108 1255 ii
124 1235 222 1264 aperte
237 1232 393 1268 acriterque
409 1233 434 1260 in
462 1233 538 1261 illum
560 1233 772 1266 insurrexerint,
791 1232 942 1268 repudiatis
957 1232 1016 1259 fere
1031 1231 1156 1259 omnibus
1178 1238 1238 1266 quae
1255 1232 1281 1258 in
1305 1231 1363 1264 ejus
1383 1231 1509 1258 methodo
1536 1230 1623 1267 magis
1643 1231 1725 1258 noxia

89 1277 229 1306 ridentur.
245 1280 408 1310 Eustathius
428 1281 455 1310 in
472 1289 599 1310 sermone
608 1281 648 1310 De
672 1281 847 1316 ventriloqua,
859 1282 891 1308 de
907 1288 939 1308 eo
956 1281 998 1309 sic
1016 1280 1151 1315 loquitur:
1162 1280 1229 1313 tQui
1252 1279 1344 1306 omnia
1363 1278 1512 1313 Scriptura
1528 1279 1607 1306 verba
1623 1278 1725 1313 allego-

90 1322 138 1349 riis
148 1331 292 1358 exponere
312 1333 397 1354 ausus
414 1331 466 1359 est,
484 1327 535 1354 hoc
550 1327 636 1354 solunt
649 1327 683 1353 ad
700 1327 817 1354 litteram
834 1326 942 1353 tradere
964 1334 1017 1353 non
1032 1325 1178 1353 erubescit.
1192 1325 1319 1358 Quinituo
1343 1325 1377 1352 de
1399 1325 1537 1359 paradiso,
1552 1331 1632 1359 quem
1654 1324 1727 1352 Deus

92 1369 117 1396 in
132 1369 218 1398 Edetn
234 1372 416 1406 plantaverat,
429 1374 511 1401 verba
528 1373 643 1406 faciens,
660 1381 766 1401 necnott
781 1381 833 1408 qua
853 1373 959 1400 ratione
983 1372 1055 1408 ligna
1078 1371 1219 1399 fructifera
1232 1371 1428 1407 germinarunt,
1450 1378 1579 1398 enarrare
1605 1375 1724 1402 tetttatts,

90 1416 164 1445 inter
176 1419 232 1445 alia
248 1420 369 1447 subdidit
390 1428 398 1448 :
417 1420 483 1448 Cum
499 1427 613 1456 tegentes
633 1429 649 1448 α
664 1421 774 1455 fabulis,
794 1422 912 1456 serieque
931 1428 989 1456 quia
1004 1420 1148 1447 secundum
1164 1420 1278 1446 litteram
1299 1423 1348 1452 σει,
1368 1419 1454 1453 gradu
1469 1418 1540 1453 facta
1555 1417 1721 1445 ascendimus

92 1469 114 1492 et
128 1471 254 1497 quanam
273 1464 322 1490 illa
333 1464 405 1499 ligna
421 1466 485 1498 sint,
505 1473 563 1500 quae
586 1465 655 1492 Deus
667 1465 739 1498 colit,
754 1468 908 1500 querimur,
927 1465 1040 1492 dicimus
1053 1465 1081 1492 in
1097 1473 1126 1492 eo
1146 1464 1204 1491 loco
1221 1464 1303 1499 ligna,
1322 1473 1381 1500 qua:
1395 1473 1474 1492 sensu
1496 1464 1580 1498 accipi
1601 1468 1724 1498 possunt,

90 1516 140 1535 non
156 1509 279 1544 reperiri.
294 1509 359 1538 llaec
371 1519 433 1538 cum
450 1519 499 1546 per
514 1511 722 1539 translationent
735 1516 865 1547 exponat,
881 1520 933 1538 nutt
951 1512 1044 1539 horret
1061 1509 1168 1538 fabulas
1191 1510 1337 1546 appellare,
1355 1519 1416 1546 quas
1434 1510 1506 1537 Deus
1529 1515 1619 1537 creata
1635 1509 1724 1543 perfe-

89 1553 158 1581 cisse
177 1554 309 1588 traditur,
326 1555 526 1591 ﬁdissimusque
544 1555 602 1591 ejus
620 1563 716 1584 servus
744 1556 852 1590 Moyses
864 1556 974 1590 scriptis
988 1556 1171 1591 consignavit.
1191 1557 1225 1584 Et
1245 1564 1278 1584 ex
1301 1557 1435 1591 opposito,
1463 1564 1493 1583 ea
1512 1564 1573 1591 quae
1591 1555 1679 1582 fabttla
1696 1556 1722 1582 in

89 1606 184 1628 ventre
201 1599 319 1635 eﬂiugit,
334 1606 361 1628 et
372 1601 486 1629 obscure
502 1602 620 1635 insonat,
638 1610 668 1630 ac
692 1602 715 1630 si
741 1602 867 1637 dogmata
884 1607 988 1634 essent,
1007 1607 1207 1637 programmate
1230 1601 1343 1634 stabilit,
1364 1609 1426 1628 vera
1443 1608 1503 1629 esse
1520 1602 1722 1628 demonstrans.

91 1647 122 1673 lit
142 1647 227 1674 verba
244 1648 457 1683 engastrimythi
470 1656 484 1675 a
501 1647 603 1683 Spiritu
618 1653 714 1675 sancto
727 1648 830 1676 dictata
846 1650 1025 1680 contendens,
1049 1656 1091 1682 ea,
1111 1654 1140 1675 ttt
1167 1648 1219 1675 sibi
1236 1648 1343 1675 videtur
1370 1649 1509 1675 ascribens
1532 1647 1589 1674 vult
1612 1647 1723 1674 immota

90 1700 267 1727 permanere,
301 1695 402 1722 divinis
416 1702 481 1723 vero
495 1696 614 1724 oraculis
629 1704 643 1723 a
659 1695 752 1732 Moyse
771 1696 876 1723 traditis
891 1696 1040 1724 fabularum
1057 1696 1166 1723 nomine
1184 1696 1318 1731 insignitis
1337 1703 1445 1723 sensum
1462 1696 1583 1728 invertit,
1607 1695 1724 1722 littera!-

90 1747 143 1774 que
159 1742 302 1768 traditioni
320 1749 373 1770 non
391 1743 447 1770 vult
464 1748 491 1770 ut
505 1744 568 1779 quis
582 1744 702 1771 animum
718 1744 850 1772 intendat.
863 1743 960 1772 Nonne
976 1745 1041 1772 item
1057 1745 1089 1770 ad
1103 1744 1241 1772 Abraham
1256 1749 1351 1779 puteos
1364 1743 1488 1777 effossos,
1509 1744 1615 1778 aliaque
1630 1744 1663 1770 ad
1678 1752 1726 1772 eos

89 1787 271 1820 pertinentia,
287 1786 429 1822 aliegoriis
447 1789 568 1822 exponit,
584 1794 713 1823 tantaque
729 1796 887 1816 sermonum
908 1788 985 1823 copia
1009 1789 1035 1816 in
1049 1789 1224 1816 ‘itntnensunt
1246 1793 1399 1824 protracta,
1413 1797 1494 1817 ontne
1517 1789 1551 1816 de
1571 1787 1626 1815 illis
1640 1797 1724 1824 nego-

92 1833 158 1860 tiutu
176 1833 351 1862 disterminat
370 1833 398 1861 itt
423 1835 505 1862 alium
523 1843 633 1862 sensum
649 1835 822 1868 trauslatunt,
836 1834 901 1862 licet
922 1835 957 1861 ad
981 1835 1040 1862 haec
1053 1842 1138 1869 usque
1154 1839 1274 1869 tetupora
1294 1835 1320 1861 itt
1343 1834 1454 1870 regione
1471 1834 1515 1861 illa
1532 1835 1618 1862 octtlis
1636 1835 1725 1862 adhuc

91 1879 319 1913 conspiciantur?
332 1879 426 1907 Nonne
439 1879 514 1907 isaac
525 1884 552 1907 el.
565 1879 696 1907 Rebecca:
713 1887 756 1907 res
773 1886 865 1915 gestas
877 1880 1040 1912 itntnutavit,
1056 1880 1175 1912 inaures,
1189 1885 1215 1907 et
1242 1879 1375 1912 armillas,
1395 1887 1534 1907 sermones
1550 1888 1610 1908 esse
1626 1888 1725 1908 aureos

90 1924 195 1957 dicens,
209 1931 239 1954 et
252 1926 412 1954 universum
427 1927 544 1962 denique
568 1933 760 1961 argumentum
787 1935 835 1962 per
850 1927 903 1954 vim
926 1928 1082 1959 distortum,
1097 1928 1132 1954 ad
1157 1934 1188 1953 ea
1204 1934 1263 1962 qua:
1283 1927 1376 1954 animo
1398 1931 1548 1954 cernttntur
1570 1931 1596 1954 et
1620 1927 1725 1954 ratione

92 1973 283 2007 intelliguntur
303 1974 470 2005 traductum,
487 1973 708 2002 cavillationibus
724 1973 901 2008 deturpavit?
918 1983 928 1998 ι
946 1973 978 2001 Ει
1001 1978 1143 2008 postquam
1157 1973 1210 1999 alia
1227 1972 1360 2008 ejusmodi
1384 1972 1508 2007 exempla
1535 1972 1658 2007 protulit,
1685 1973 1726 2000 sic

91 2019 194 2054 pergit:
209 2028 219 2044 ι
235 2018 308 2051 Quid
327 2019 390 2046 inde
405 2026 473 2054 opus
490 2024 531 2046 est
546 2019 617 2045 ttitra
636 2019 783 2053 progredi?
806 2018 914 2051 Omnia,
933 2023 963 2044 ut
975 2019 1060 2046 verbo
1075 2019 1228 2053 expediam,
1243 2017 1382 2052 allegoriis
1402 2022 1429 2044 et
1445 2018 1600 2046 nominibus
1614 2019 1724 2046 desutn‘

91 2064 146 2093 ptis
159 2065 289 2099 exponit,
304 2072 397 2092 rerum
412 2070 572 2100 argumenta
589 2065 622 2091 de
637 2064 726 2091 tnedio
741 2064 808 2092 tollit
822 2072 830 2091 :
844 2072 932 2098 neque
949 2064 1011 2091 illud
1027 2065 1191 2099 percipiens.
1207 2064 1306 2091 multas
1320 2072 1381 2092 esse
1397 2064 1533 2098 justorum
1558 2069 1585 2092 et
1609 2065 1727 2100 injuste-

92 2116 149 2134 rutn
165 2109 278 2136 easdem
295 2109 541 2141 dcnmninationes,
553 2115 642 2143 neque
658 2109 715 2135 ﬁeri
732 2116 822 2144 posse,
836 2114 864 2136 ttt
878 2110 992 2137 diversae
1006 2110 1067 2136 vita:
1080 2110 1201 2136 rationes
1221 2110 1254 2136 ab
1270 2117 1322 2136 uno
1339 2110 1449 2137 nomine
1473 2111 1600 2139 similiter
1624 2113 1726 2147 dijudi-

92 2159 198 2182 centur.
217 2155 267 2181 Est
285 2153 370 2182 ludas
389 2155 523 2189 proditor,
542 2159 585 2182 est
597 2159 625 2181 et
638 2154 708 2181 alter
726 2154 810 2182 Judas
832 2155 991 2190 apostolus;
1018 2155 1061 2182 vel
1081 2163 1189 2183 rursum
1213 2155 1360 2183 Zacharias
1379 2163 1425 2182 rex
1450 2156 1657 2191 iujustissitnns,
1683 2165 1725 2187 est

92 2200 239 2228 Zacharias
251 2201 322 2229 alter
338 2203 479 2236 propheta.
497 2202 531 2229 Et
548 2202 594 2236 qui
610 2202 635 2228 itt
653 2202 764 2229 fornace
778 2202 847 2237 ignis
862 2203 978 2236 injectus
998 2208 1051 2235 est,
1073 2203 1194 2230 Anauias
1211 2203 1368 2237 vocabatur,
1394 2204 1441 2231 sed
1465 2204 1533 2231 alter
1558 2211 1599 2232 est
1627 2194 1726 2241 praeter

94 2248 164 2276 hunc
174 2249 310 2281 Ananias,
324 2250 370 2284 qui
389 2250 540 2276 Ecclusiant
558 2249 810 2284 persequebatur...
825 2250 908 2285 Igitur
919 2251 942 2277 si
963 2251 1074 2278 nomine
1095 2259 1138 2278 res
1156 2251 1220 2286 ipsa:
1231 2252 1434 2285 discerttuntur,
1451 2253 1496 2287 qui
1516 2253 1653 2281 similibus
1670 2261 1724 2282 tro-

94 2294 207 2329 pologiis
222 2295 395 2326 incumbunt,
408 2295 502 2322 dicant
517 2302 570 2330 qua
590 2296 722 2323 methodo
741 2296 864 2324 diversus
882 2297 1010 2324 scientias
1028 2302 1074 2323 aut
1086 2297 1147 2323 vitae
1162 2297 1281 2324 rationes
1295 2305 1330 2324 ex
1342 2298 1437 2325 eodem
1452 2299 1559 2326 nomine
1573 2300 1727 2334 explicant?

95 2339 165 2367 Multi
183 2340 293 2368 scilicet
307 2341 332 2366 itt
352 2340 424 2367 httnc
441 2340 511 2367 dietn
526 2341 731 2375 progenitorum
748 2347 795 2368 aut
810 2342 1003 2376 prophetarum
1019 2342 1177 2369 nominibus
1195 2342 1316 2375 insigniti
1332 2342 1417 2370 Judaei
1444 2343 1487 2378 jus
1506 2344 1610 2372 violant
1625 2351 1652 2373 et
1675 2348 1727 2374 illl—

94 2387 136 2422 pie
149 2389 255 2415 vivunt.
274 2387 350 2415 Multi
367 2389 431 2415 item
445 2393 472 2415 et
488 2389 558 2423 apud
572 2389 689 2424 gentiles
703 2388 776 2416 Petri
807 2395 834 2416 et
857 2389 935 2416 Pauli
954 2391 1102 2424 nttttcupati
1121 2390 1225 2418 nefarie
1249 2399 1307 2418 rent
1324 2401 1401 2420 suam
1423 2399 1553 2430 gerunt...
1581 2394 1636 2421 Hac
1656 2395 1724 2420 dun-

95 2438 168 2461 taxat
180 2434 308 2461 metitodo
319 2441 353 2461 ex
371 2441 446 2461 more
464 2435 554 2461 omnia
571 2434 671 2468 ubique
685 2434 826 2470 allegoriis
841 2434 999 2466 inl‘arciens,
1018 2439 1122 2461 tantum
1137 2436 1347 2471 engastrituythi
1359 2437 1440 2464 verba
1458 2437 1572 2473 ﬁgurate
1588 2439 1726 2471 extricat-t3

96 2488 146 2508 uott
164 2481 263 2515 potuit,
286 2488 375 2514 neque
395 2481 452 2515 ipsa
473 2488 563 2508 rerum
580 2486 720 2515 gestarum
738 2481 933 2515 consequentia
960 2481 986 2507 itt
1003 2481 1090 2507 lucetn
1108 2482 1232 2509 veritatis
1248 2482 1381 2516 proferre.
1403 2493 1412 2510 ›
1430 2482 1509 2511 Vides
1530 2485 1563 2511 ab
1582 2484 1727 2512 Eustathio

96 2528 168 2562 carpi
183 2531 212 2554 et
226 2526 332 2553 acriter
347 2527 511 2560 reprehendi
532 2525 692 2561 Origenetn,
706 2527 779 2561 quod
793 2527 938 2554 litteralctn
952 2535 1061 2554 sensum
1074 2527 1198 2561 aboleat,’
1208 2534 1235 2556 ct
1251 2529 1351 2565 ﬁguras
1365 2531 1465 2565 ubique
1481 2531 1618 2567 exquirat.

130 2586 221 2617 idem,
242 2585 330 2612 tacito
346 2588 436 2611 tamen
456 2583 516 2616 eius
542 2584 665 2615 nomine,
683 2584 717 2610 de
740 2583 787 2610 illo
807 2583 921 2618 ejusque
938 2583 1050 2611 asseclis
1069 2583 1202 2618 judiciutu
1228 2585 1289 2612 tulit
1312 2585 1429 2613 Basilius
1446 2587 1560 2614 hotnilia
1586 2590 1668 2616 tertia
1697 2590 1724 2616 in

98 2632 281 2660 Hexaemeron
296 2640 373 2659 num.
387 2631 414 2660 9.
433 2639 443 2657 ι
459 2631 632 2665 Quinetiam,
654 2631 754 2666 inquit.
772 2631 872 2666 aliquis
890 2631 968 2659 nobis
989 2632 1121 2659 adversus
1148 2633 1350 2661 ecclesiasticos
1373 2635 1504 2668 quosdam
1521 2636 1669 2670 scriptorcs
1691 2638 1724 2664 de

98 2682 219 2708 discretis
239 2681 319 2714 aquis
340 2679 483 2707 habendus
505 2683 548 2706 est
572 2685 663 2707 sermo
684 2687 691 2706 :
708 2678 753 2713 qui
772 2685 909 2714 anagoges
921 2683 947 2705 ct
964 2678 1134 2707 sublimioris
1157 2679 1342 2715 intelligentia:
1357 2682 1467 2709 nomine
1487 2681 1669 2718 confugerunt
1690 2684 1725 2712 ad

98 2726 249 2762 allegorias,
274 2727 343 2754 adeo
368 2731 397 2752 ttt
420 2725 558 2760 spiritales
576 2729 603 2752 et
629 2725 807 2760 incorporeas
824 2724 941 2752 virtutes
967 2730 1094 2753 asserant
1119 2733 1168 2760 per
1194 2733 1279 2760 aquas
1298 2727 1402 2762 tropice
1422 2727 1606 2762 signiﬁcari“
1621 2749 1628 2757 .
1646 2729 1725 2756 Tales

99 2783 173 2809 porro
187 2781 331 2803 sermones
352 2774 444 2809 veluti
457 2773 627 2801 somniorum
644 2773 886 2807 interpretationes
907 2778 936 2800 et
953 2773 1042 2800 aniles
1055 2772 1162 2800 fabulas
1182 2772 1349 2806 rejicicntes,
1368 2781 1478 2809 aquam,
1502 2782 1600 2810 aquam
1625 2774 1726 2802 intelli-

99 2829 199 2858 gamus,
217 2827 246 2851 et
268 2821 453 2851 uexationem
469 2828 484 2848 a
508 2821 685 2849 ﬁrmamento
703 2820 803 2848 factam
819 2821 898 2855 juxta
923 2820 1033 2848 allatam
1055 2820 1191 2848 rationem
1210 2820 1406 2855 accipiamus.)
1430 2821 1494 2849 item
1520 2821 1630 2851 homilia
1652 2828 1721 2848 nona
