1895 3057
176 89 212 117 39
783 92 924 121 ΡΒᾹΞΡΑΊ

1053 94 1133 121 ’1’οΜ.
1154 94 1186 121 11.
1767 100 1801 127 ιο

174 156 200 183 in
215 154 345 182 llexaem.
379 162 453 182 num.
467 154 501 181 l:
522 163 531 180 ι
546 152 612 180 Νογί
635 151 708 187 leges
731 150 878 186 allegoria},
901 151 1009 178 etiamsi
1030 159 1076 179 eas
1100 159 1153 180 non
1174 160 1207 180 cx
1228 159 1271 180 me
1290 153 1349 188 ipso
1369 153 1563 189 excogitarim,
1580 156 1627 184 sed
1642 157 1669 184 ln
1685 157 1799 184 aliorum

174 200 314 228 lueidcrim
353 193 565 233 laboreszuas
587 198 789 233 Scripturarum
811 204 971 224 communes
995 197 1120 225 notiones
1142 198 1188 232 qui
1215 206 1268 226 non
1295 199 1600 235 suscipittnt,-aquam,
1624 210 1676 230 non
1700 210 1800 238 aquam

173 246 278 278 dicunt,
299 246 346 273 sed
366 246 447 273 aliam
477 245 622 280 quamdam
639 247 778 275 naturam,
799 247 827 269 et
844 242 977 276 plantatn,
997 247 1025 270 et
1046 244 1158 277 piscem,
1175 244 1324 271 secundum
1346 252 1423 272 suam
1442 245 1561 280 ipsorum
1576 248 1741 275 sententiam
1758 248 1803 275 in-

173 297 369 326 tcrpretalttttr.
388 292 542 325 Quinetiam
560 290 694 325 reptilium
720 293 746 316 et
769 295 901 323 pecorum
920 288 1125 322 generationem
1148 289 1181 316 ad
1204 296 1268 316 suas
1289 289 1434 324 allegorias
1459 289 1595 318 detortam
1614 292 1728 323 perinde
1750 300 1799 320 ex-

173 341 295 371 putltlnl,
318 342 348 364 ut
363 338 473 372 quidam
500 344 592 364 rerum
619 343 680 363 sese
704 334 893 370 imaginationi
922 334 1113 369 ohjicientium
1145 334 1320 370 interpretes,
1343 335 1390 370 qui
1409 344 1474 364 suas
1500 337 1741 372 interpretationes
1764 341 1800 367 ad

173 384 313 418 proprium
331 391 441 418 scopum
466 384 683 411 accommodant.
698 383 755 418 Ego
777 390 840 409 vero
857 390 920 408 cum
937 382 1040 409 frenum
1061 382 1153 415 audio,
1173 382 1277 410 frenum
1300 382 1431 418 intelligo,
1447 388 1475 410 et
1489 385 1619 418 plantam,
1634 390 1661 412 et
1678 385 1799 419 piscem,

171 435 198 456 et
219 430 345 463 bestiam,
360 435 390 458 et
405 438 499 465 pecus,
513 431 608 459 omnia
628 430 667 457 uti
685 430 758 457 dicta
777 434 841 457 sunt
854 430 894 457 sie
910 430 1024 465 accipio.
1036 439 1045 455 ι
1064 429 1096 457 Ει
1112 430 1193 464 paulo
1217 435 1298 465 post:
1318 439 1327 456 ι
1342 431 1437 458 Nonne
1459 432 1549 466 potius
1570 433 1594 460 ei
1617 434 1716 462 dedero
1739 434 1800 469 glo-

171 477 239 504 riam
264 478 310 512 qui
327 483 444 506 mentem
464 483 584 505 nostram
601 478 629 505 in
647 485 739 505 rerum
753 484 886 504 vanarum
903 477 1083 512 occupatione
1105 485 1160 505 non
1177 477 1305 510 detinuit,
1326 478 1373 505 sed
1385 479 1476 506 omnia
1491 479 1525 506 ad
1545 479 1755 507 aedificationem
1773 485 1801 508 et

173 525 368 558 perfectionem
392 526 546 553 anintarum
563 531 718 553 nostrarum
739 526 874 554 conscribi
900 525 1009 553 sanxit?
1025 525 1053 552 ld
1078 527 1149 560 quod
1166 525 1274 560 quidam
1302 526 1367 553 mihi
1390 527 1516 554 videntur
1538 535 1591 555 non
1609 528 1797 558 intellexisse:

169 570 215 605 qui
231 571 404 605 captionibus
422 571 583 605 quibusdam
601 575 683 605 atque
704 571 861 606 tropologiis
874 578 908 598 ex
925 577 975 597 suo
993 571 1112 605 ipsorum
1135 571 1244 606 ingenio
1259 571 1361 606 aliquid
1381 571 1530 607 Scripturis
1544 574 1683 601 asciscere
1698 580 1798 601 aucto-

170 616 260 643 ritatis
281 616 371 643 conati
392 622 466 643 sunt.
482 616 581 643 Verum
599 616 623 643 id
640 616 665 644 ei
682 616 824 651 competit,
840 616 885 650 qui
902 615 1020 650 seipsum
1039 615 1158 650 Spiritus
1175 615 1262 643 sancti
1284 617 1403 645 oraculis
1421 617 1564 645 constituit
1585 619 1799 653 sapientiorem.

169 661 270 695 quiquo
299 661 532 696 interpretationis
559 666 693 696 praetextu
709 666 862 689 commenta
879 669 927 689 sua
945 660 1061 689 inducit.
1080 661 1142 689 llaec
1165 661 1266 696 itaque,
1283 662 1354 698 sicut
1371 664 1472 698 scripta
1489 668 1554 691 sunt
1579 664 1776 698 intelligantur.
1787 673 1797 690 ι

170 706 276 734 Rursus
300 708 395 735 homil.
409 707 426 734 2
444 708 471 734 in
495 707 624 736 Hexaem.
655 716 730 735 num.
745 707 783 735 5:
803 717 812 734 ι
827 708 942 736 Omnem
959 707 1042 742 igitur
1061 707 1329 742 interpretationem,
1353 709 1439 743 tropis
1459 714 1487 736 et
1505 709 1643 745 allcgoriis
1664 715 1798 738 constan-

171 759 237 786 tem,
255 754 281 780 in
296 755 441 788 praesentia
460 755 710 789 prmtertttittetttes,
732 755 907 782 tenebrarum
927 756 1064 783 notionem
1080 755 1242 790 simpliciter
1255 760 1283 783 et
1297 756 1366 783 citra
1383 757 1581 792 curiositatem,
1595 765 1704 786 sensum
1721 757 1798 786 Scri-

170 803 256 834 ptura:
272 801 369 833 secuti,
385 802 562 837 accipiamus.
576 812 585 829 ι

205 847 387 882 Allegorieam
409 849 536 884 Origenis
551 850 665 884 ejusque
683 850 842 885 sequacium
871 850 1028 877 methodum
1047 849 1148 877 diserte
1168 849 1249 877 etiam
1272 850 1396 878 confutat
1410 851 1621 887 Cltrysostomus
1636 853 1748 880 ltomilia
1767 852 1799 880 l3

170 894 198 921 in
227 895 364 927 Genesim,
387 900 452 923 tom.
465 896 497 923 IV
514 904 578 924 nov.
606 898 673 929 edi.,
692 905 754 932 pag.
777 897 829 924 1θῖ
848 902 876 925 et
892 897 956 927 105,
972 897 1019 924 ubi
1052 897 1110 924 ait:
1129 906 1138 922 ι
1154 897 1209 925 lloc
1233 899 1293 926 loco
1308 898 1383 931 illud,
1399 898 1526 932 plantavit
1539 899 1572 931 ³⁸,
1588 899 1628 926 sic
1645 898 1798 934 intelligen-

169 941 245 974 dum,
265 942 371 969 scilicet
385 942 473 977 ipsum
489 943 638 978 imperasse
659 949 688 970 ut
705 945 848 978 paradisus
867 945 893 972 in
911 949 983 971 terra
1003 945 1094 971 lleret.
1110 965 1118 973 .
1131 963 1139 971 .
1152 962 1159 970 .
1172 944 1234 972 ldco
1250 946 1332 973 etiam
1349 945 1401 973 loci
1428 953 1525 973 nomen
1548 946 1627 973 alfert
1646 945 1751 980 Moyses
1771 946 1797 972 in

169 985 335 1020 Scripturis,
352 993 381 1014 ut
402 994 435 1014 ne
452 987 548 1015 liceret
562 988 662 1015 frustra
684 989 781 1023 nugari
804 988 957 1016 volentibus
973 988 1169 1023 simpliciorum
1193 988 1304 1017 auribus
1327 989 1477 1024 imponere,
1495 990 1640 1024 dicereque
1660 997 1714 1017 non
1738 997 1798 1017 esse

170 1032 196 1061 in
216 1037 286 1060 terra
308 1033 476 1067 paradisum,
498 1034 545 1061 sed
565 1034 591 1060 in
609 1034 690 1068 corio,
706 1039 734 1062 et
751 1034 857 1062 fabulas
880 1034 1034 1068 huiusmodi
1057 1036 1202 1063 somniare.
1226 1034 1294 1062 Natu
1316 1036 1422 1070 sicum
1444 1036 1535 1063 divina
1556 1036 1697 1070 Scriptura
1721 1039 1798 1063 tanta

169 1086 218 1106 usa
235 1079 271 1105 sit
289 1079 433 1106 verborum
451 1079 637 1112 aceuratioue,
662 1087 715 1107 non
734 1079 891 1106 dubitarunt
908 1084 999 1106 tamen
1021 1080 1133 1114 quidam
1154 1081 1187 1107 de
1203 1079 1327 1107 facundia
1352 1088 1413 1112 sua,
1438 1088 1542 1108 necnon
1565 1081 1597 1108 de
1625 1079 1796 1115 philosophia

168 1124 276 1152 exotica
303 1123 386 1151 altum
408 1124 557 1159 sapientes,
578 1125 695 1152 adversa
716 1125 866 1160 Scripturis
889 1125 976 1160 loqui,
1001 1131 1028 1153 et
1045 1126 1138 1153 dicere
1156 1126 1312 1161 paradisum
1333 1125 1361 1153 in
1385 1130 1459 1154 terra
1483 1134 1536 1154 non
1562 1133 1635 1159 esse,
1656 1125 1798 1160 multaque

167 1169 222 1198 alia
239 1175 339 1206 praeter
355 1178 385 1198 ea
404 1178 463 1205 qua:
479 1171 553 1198 dicta
571 1175 634 1198 sunt
659 1171 827 1206 adoptantes,
845 1175 940 1198 contra
966 1171 1135 1206 Scripturam
1163 1172 1276 1204 sentire,
1290 1176 1317 1198 et
1334 1171 1476 1198 adversam
1494 1176 1588 1198 tenere
1610 1171 1695 1203 viam,
1712 1175 1798 1206 atque

168 1227 201 1246 ea
221 1226 281 1254 qua:
298 1219 331 1246 de
355 1223 428 1245 terra
446 1219 518 1246 dicta
541 1224 620 1251 sunt,
641 1219 675 1246 de
699 1218 777 1246 etelis
801 1218 872 1246 dicta
889 1223 1000 1254 putare,
1023 1219 1073 1246 nisi
1098 1219 1192 1246 humili
1213 1219 1258 1245 illa
1277 1223 1306 1246 et
1327 1223 1504 1254 attemperata
1526 1218 1670 1246 verborum
1691 1217 1797 1245 ratione

170 1273 238 1293 usus
251 1265 357 1301 Moyses
374 1271 458 1299 esset,
474 1265 579 1300 Spiritu
596 1271 691 1293 sancto
706 1266 823 1300 linguam
837 1265 896 1300 ejus
909 1270 1045 1297 movente,
1059 1273 1114 1300 quo
1129 1273 1183 1292 non
1203 1266 1320 1293 devoluti
1335 1266 1446 1293 essent?
1456 1285 1463 1292 .
1475 1285 1482 1292 .
1494 1284 1502 1292 .
1521 1265 1579 1293 Non
1594 1266 1706 1292 credere
1720 1265 1794 1293 enim

170 1311 204 1340 iis
218 1319 277 1346 qua:
293 1312 318 1339 in
337 1312 426 1339 divina
441 1311 581 1347 Scriptura
598 1313 734 1346 feruntur,
748 1313 797 1340 sed
814 1312 865 1339 alia
880 1320 914 1339 cx
930 1312 1039 1347 propria
1057 1317 1146 1340 mente.
1161 1312 1299 1345 inducere,
1317 1320 1442 1346 magnum
1459 1316 1522 1347 puto
1536 1312 1685 1346 periculum
1699 1318 1795 1340 creare

170 1360 234 1387 talia
249 1359 421 1386 audentibus.
430 1369 438 1385 ι

205 1405 280 1435 Inter
301 1413 364 1435 octo
380 1407 552 1443 Origenianze
570 1409 699 1436 doctrina:
714 1408 815 1443 capita,
838 1415 955 1442 quorum
973 1407 1150 1442 Epiphanius,
1164 1407 1329 1443 Theophilus
1351 1412 1377 1435 et
1393 1407 1576 1442 llieronymtts
1591 1406 1794 1434 damnationem

168 1460 186 1480 tt
203 1451 308 1481 Joanne
327 1453 555 1490 Jcrosolymitano
571 1454 698 1488 episcopo
714 1454 899 1488 postulabant,
914 1459 1020 1481 sextum
1037 1457 1064 1481 et
1083 1454 1228 1488 septimum
1250 1454 1284 1481 ad
1301 1453 1476 1488 allegoricum
1492 1453 1640 1488 Scriptum
1658 1453 1794 1487 interpre-

171 1500 260 1528 tanda:
280 1502 389 1529 modum
411 1504 550 1536 spectant,
573 1505 601 1528 ct
617 1501 687 1535 apud
714 1501 871 1536 llieronym.
886 1501 967 1535 epist.
980 1500 1015 1528 58
1037 1501 1070 1527 ad
1089 1500 1258 1534 Pammach.,
1275 1506 1340 1528 tom.
1355 1500 1402 1533 IV,
1418 1509 1479 1535 pag.
1493 1500 1545 1527 510
1560 1507 1622 1527 nov.
1648 1499 1726 1530 edit.,
1750 1498 1794 1525 hil

171 1547 262 1574 verbis
279 1546 472 1574 continentur:
493 1554 502 1571 ι
517 1545 585 1573 Octo
600 1546 649 1573 tibi
670 1546 710 1581 (ut
723 1545 815 1573 statim
835 1545 967 1581 probabo)
983 1546 1016 1572 dc
1033 1553 1080 1580 spe
1102 1545 1164 1572 fidei
1182 1545 1344 1573 Christiana:
1366 1545 1548 1580 quaestionum
1575 1545 1664 1579 capita
1687 1543 1796 1577 objecta

169 1597 250 1620 sunt.
262 1611 270 1620 .
283 1611 292 1619 .
307 1597 412 1620 sextum
443 1592 514 1626 quod
529 1592 569 1619 sic
586 1592 740 1626 paradisum
758 1592 924 1626 allegorizet,
939 1595 968 1618 ut
992 1591 1113 1619 historias
1135 1591 1242 1618 auferat
1258 1591 1417 1624 veritatem,
1439 1599 1488 1626 pro
1509 1591 1654 1619 arboribus
1671 1589 1793 1625 angelos,

169 1646 219 1673 pro
234 1637 388 1666 litttninibus
405 1638 520 1665 virtutes
535 1637 663 1665 caelestes
680 1637 845 1671 intelligens,
868 1642 1006 1671 totamque
1025 1637 1143 1671 paradisi
1167 1637 1364 1664 continentiam
1387 1636 1553 1672 tropologica
1569 1637 1794 1672 interpretatione

169 1685 321 1712 subvertas.
344 1684 508 1720 Septimum,
529 1684 602 1719 quod
618 1691 716 1718 aquas,
733 1691 794 1718 qua:
810 1691 892 1718 super
907 1683 992 1711 ccrlos
1015 1683 1041 1710 in
1065 1683 1217 1719 Scripturis
1239 1691 1299 1711 esse
1319 1683 1459 1716 dicuntur,
1475 1689 1584 1711 sanctas
1604 1691 1795 1719 supernasque

169 1731 303 1764 virtutes;
323 1737 382 1765 qua
397 1738 477 1765 super
494 1735 596 1757 terram
610 1734 638 1757 et
651 1729 722 1757 infra
740 1733 851 1761 terram,
866 1729 1020 1757 contrarias
1034 1733 1061 1756 et
1074 1729 1254 1756 daantoniacas
1273 1736 1334 1757 esse
1352 1729 1512 1757 arbitretur.
1525 1738 1534 1754 ι
1553 1729 1626 1757 idem
1646 1728 1674 1756 in
1688 1728 1794 1758 Daniel.

172 1786 233 1814 cap.
259 1787 292 1813 x,
311 1784 377 1806 tom.
396 1778 446 1810 lll,
469 1785 531 1813 pag.
554 1776 640 1809 1118,
663 1777 702 1804 sic
735 1775 904 1811 Origenistas
932 1776 1092 1811 perstringit
1113 1784 1120 1803 :
1145 1785 1155 1802 ι
1177 1776 1278 1804 Eorum
1307 1776 1486 1804 deliramenta
1513 1776 1718 1808 conticescant.
1747 1778 1795 1811 qui

168 1826 280 1854 umbras
298 1830 326 1852 et
348 1824 481 1860 imagines
503 1824 530 1850 in
551 1823 666 1850 veritate
681 1827 849 1856 quaerentes,
868 1823 953 1856 ipsam
975 1827 1110 1849 conantur
1129 1826 1252 1849 evertere
1270 1822 1424 1854 veritatem,
1441 1826 1469 1849 ut
1495 1821 1604 1849 flumina
1627 1826 1655 1849 et
1671 1822 1794 1855 arbores,

167 1875 195 1896 et
211 1870 368 1904 paradisum
393 1873 488 1903 putent
510 1867 648 1903 allegoria:
668 1866 771 1901 legibus
793 1873 823 1894 se
845 1867 944 1893 debere
964 1866 1127 1893 subruere.»
1149 1866 1218 1893 Idem
1243 1865 1351 1902 praefat.
1373 1866 1420 1894 lib.
1434 1874 1450 1893 v
1465 1866 1611 1895 Comment.
1626 1869 1653 1894 in
1675 1868 1796 1900 Isaiam,

170 1923 236 1945 tom.
254 1916 298 1948 lll,
313 1923 376 1950 pag.
389 1915 439 1942 107
453 1924 460 1942 :
479 1923 488 1940 ι
505 1913 574 1946 Quid
593 1913 676 1948 igitur
687 1911 804 1939 faciam?
820 1912 971 1940 subeamne
983 1918 1052 1946 opus
1068 1911 1095 1938 in
1109 1918 1164 1945 quo
1184 1911 1234 1938 viri
1251 1911 1428 1938 eruditissimi
1449 1912 1626 1946 sudaveruut,
1643 1912 1791 1947 Origenem

170 1965 277 1998 loquor,
301 1966 329 1989 et
344 1961 489 1988 Eusebium
509 1958 664 1994 Pamphili:
680 1965 796 1993 quorum
816 1957 887 1984 alter
908 1956 1004 1983 liberis
1021 1956 1158 1991 allegoria:
1180 1955 1277 1988 spatiis
1293 1961 1434 1991 evagatur,
1447 1961 1475 1983 et
1499 1956 1684 1991 interpretatis
1707 1960 1798 1986 nomi-

169 2011 250 2038 nibus
271 2008 452 2043 singulorum,
472 2006 610 2041 ingenium
626 2011 704 2031 suum
727 2003 793 2030 facit
810 2003 938 2030 Ecclesia:
962 2007 1153 2035 sacramenta;
1172 2001 1243 2029 alter
1260 2002 1418 2030 historicum
1433 2003 1630 2037 expositionem
1647 2004 1725 2032 titulo
1747 2013 1794 2032 re-

169 2055 332 2092 promittens
354 2052 488 2080 interdum
513 2050 685 2078 obliviscitur
708 2048 851 2084 propositi,
869 2052 897 2074 et
919 2047 946 2074 in
969 2047 1094 2082 Origenis
1115 2047 1182 2074 scita
1205 2047 1342 2074 concedit.
1357 2056 1367 2073 ι
1391 2046 1524 2083 Origenes
1548 2047 1675 2077 Jeremiaa
1703 2050 1794 2079 locum

169 2106 322 2128 exstantem
339 2107 398 2133 cap.
411 2105 496 2129 xxvn,
513 2097 539 2126 2.
555 2097 591 2123 5:
609 2104 618 2121 ι
633 2095 686 2122 Fac
703 2095 752 2122 tibi
775 2094 881 2122 vincula
900 2098 928 2121 et
943 2098 1072 2121 catenas:
1092 2098 1121 2120 et
1140 2099 1225 2127 pones
1246 2100 1293 2121 eas
1314 2094 1340 2120 in
1357 2093 1427 2121 collo
1450 2098 1508 2126 tuo,
1527 2099 1554 2121 et
1576 2095 1668 2122 mittes
1690 2103 1738 2123 eas
1762 2097 1797 2124 ad

170 2154 260 2182 regem
275 2146 372 2176 Edoni,
394 2148 422 2171 et
441 2144 473 2171 ad
489 2150 579 2178 regem
598 2141 685 2174 Moab,
700 2146 727 2168 et
740 2141 773 2168 ad
790 2148 880 2175 regem
899 2139 1016 2166 filiorum
1031 2138 1159 2171 Ammon,
1174 2143 1201 2166 et
1214 2139 1248 2166 ad
1262 2146 1351 2173 regem
1366 2138 1442 2175 Tyri,
1456 2144 1485 2166 et
1501 2140 1535 2167 ad
1550 2148 1641 2175 regem
1656 2141 1796 2174 Sidonis,»

171 2191 199 2220 in
217 2192 372 2227 allegoriam
389 2194 519 2218 traxerat.
539 2188 603 2223 Ejus
617 2187 815 2222 expositionem
833 2185 916 2214 refert
932 2185 1113 2220 Hieronymus
1128 2189 1196 2212 tom.
1211 2184 1254 2215 lll,
1270 2193 1334 2220 pag.
1347 2186 1400 2213 658
1414 2195 1422 2214 :
1441 2195 1450 2212 ε
1466 2185 1544 2213 llunc
1566 2186 1665 2219 locum,
1690 2188 1795 2222 inquit,

169 2240 331 2274 allegoricus
350 2245 457 2272 semper
476 2238 620 2271 interpres,
641 2241 669 2262 et
687 2235 807 2262 historia:
832 2234 942 2269 fugiens
958 2233 1116 2265 veritatem,
1139 2233 1338 2268 interpretatur
1361 2234 1393 2261 de
1409 2234 1512 2261 t-(elesti
1538 2233 1699 2266 Jerusalem,
1722 2238 1797 2270 quod

170 2289 287 2316 debeant
321 2286 486 2314 habitatores
509 2284 568 2318 ejus
589 2288 687 2318 sponte
708 2289 848 2309 assumere
873 2288 1005 2316 corpora,
1029 2285 1057 2308 et
1071 2280 1236 2308 descendere
1260 2281 1285 2308 iu
1303 2280 1477 2316 Babylonem,
1500 2281 1526 2307 id
1546 2287 1588 2308 est
1607 2281 1796 2309 confusionem

170 2336 262 2364 nmndi
280 2335 360 2370 hujus
383 2335 427 2369 qui
455 2333 481 2360 in
500 2332 617 2366 maligno
636 2331 742 2365 positus
757 2335 811 2363 est,
834 2334 861 2357 et
877 2330 982 2357 servire
1007 2328 1063 2364 regi
1085 2328 1246 2363 Babylonio,
1264 2328 1336 2355 haud
1360 2329 1472 2355 dubium
1490 2329 1554 2363 quin
1577 2329 1694 2356 diabolo.
1719 2329 1798 2362 Quod

169 2384 191 2410 si
215 2384 265 2410 hoc
289 2382 380 2409 facere
404 2381 551 2412 noluerint,
570 2386 742 2414 nequaquam
763 2385 810 2405 eos
838 2377 931 2413 gravia
950 2384 1066 2411 corpora
1094 2379 1260 2410 portaturos,
1284 2376 1330 2403 sed
1352 2375 1488 2410 perituros
1510 2376 1609 2410 gladio,
1625 2381 1653 2403 et
1671 2376 1754 2408 fame,
1770 2383 1799 2404 et

170 2437 255 2466 peste,
277 2435 305 2458 et
326 2436 494 2465 nequaquam
511 2427 635 2454 homines
652 2426 771 2458 futttros,
786 2426 832 2453 sed
849 2426 997 2452 daemones.
1021 2424 1078 2452 lloc
1098 2424 1142 2451 ille
1165 2423 1275 2456 dixerit,
1293 2430 1327 2450 ne
1343 2423 1500 2450 defensores
1519 2423 1577 2458 ejus
1597 2424 1675 2451 nobis
1691 2424 1799 2451 calum-

170 2465 242 2505 niam
258 2477 369 2504 faciant.
390 2476 525 2503 Caeterum
544 2482 591 2501 nos
613 2474 763 2507 simplicem
785 2465 814 2500 et
835 2480 927 2500 verant
953 2479 1102 2506 sequamur
1124 2471 1278 2502 historiam,
1303 2478 1337 2498 ne
1360 2471 1521 2505 quibusdam
1541 2471 1657 2498 nubibus
1676 2477 1703 2499 et
1725 2479 1797 2505 prte-

170 2525 259 2560 stigiis
280 2524 461 2552 involvantur.
476 2532 485 2549 p
505 2521 700 2557 ldem,pr:efat.
723 2521 749 2548 in
767 2520 898 2551 blalach.,
917 2524 983 2547 tom.
1001 2517 1045 2550 lll,
1061 2525 1088 2552 p.
1102 2517 1181 2548 1807,
1196 2516 1267 2544 hanc
1290 2516 1324 2544 de
1347 2516 1512 2560 Origeniano
1533 2515 1560 2541 in
1584 2515 1657 2560 hunc
1680 2516 1796 2550 prophe-

171 2559 225 2598 tam
250 2569 445 2598 commentario
469 2568 522 2595 fert
546 2568 707 2594 sententiam
728 2575 735 2592 :
754 2575 763 2591 ι
779 2565 894 2599 Scripsit
913 2565 939 2591 itt
965 2565 1037 2591 hunc
1060 2562 1159 2589 librum
1184 2560 1316 2594 Origenes
1334 2559 1385 2586 tria
1409 2559 1561 2592 volumina,
1583 2560 1628 2586 sed
1652 2559 1794 2587 historiam

170 2610 281 2644 onmino
299 2623 353 2642 non
371 2614 469 2648 tetigit,
483 2619 510 2640 et
527 2621 600 2640 tnore
621 2620 670 2639 suo
692 2617 765 2638 totus
788 2612 814 2637 iu
840 2610 977 2645 allegorize
1001 2607 1225 2642 interpretatione
1248 2611 1373 2633 versatus
1388 2609 1447 2635 est,
1472 2605 1572 2632 mtllam
1589 2604 1678 2633 Esdra:
1692 2605 1797 2634 faciens

171 2665 350 2694 mentionem,
371 2662 418 2689 sed
435 2661 558 2695 angelum
576 2665 675 2695 [uitans
695 2659 781 2686 fuisse
796 2658 841 2693 qui
861 2656 982 2691 scripsit,
1003 2654 1151 2683 secundum
1167 2653 1231 2680 illud
1249 2652 1320 2687 quod
1337 2652 1369 2678 de
1385 2651 1489 2678 Joanne
1507 2651 1622 2686 legimus
1638 2660 1645 2678 :
1665 2651 1731 2678 Ecce
1747 2661 1796 2688 ego

170 2711 244 2738 πιὶιιο
263 2708 385 2743 angelum
401 2716 487 2734 meum
501 2712 562 2733 ante
578 2706 673 2740 {aciem
689 2710 762 2732 tuam
774 2704 807 2731 ³⁸.
823 2703 900 2737 Quod
919 2709 969 2729 nos
981 2701 1095 2729 omnitto
1108 2706 1161 2727 non
1177 2699 1335 2733 recipimus,
1351 2705 1384 2725 ne
1401 2697 1552 2724 animarum
1571 2697 1604 2724 de
1617 2697 1686 2725 crclo
1701 2699 1794 2726 ruinas

172 2755 308 2790 suscipere
324 2754 526 2788 compellamur.
539 2762 548 2778 ι

205 2823 228 2839 "
253 2823 320 2851 Gen.
344 2831 374 2856 ll,
400 2823 427 2851 8.
465 2823 488 2839 ⁸⁸
512 2822 605 2849 Matth.
633 2828 673 2853 ιι,
693 2819 738 2847 10.
