1895 3057
122 115 151 138 ιι
512 105 670 135 ΜυΝΙτυΜ
687 106 733 134 AD
753 105 870 134 ORIGEI‘

1001 104 1124 133 GETltlA
1150 104 1182 132 IN
1202 105 1362 134 GENESIM.
1718 107 1749 134 δ’]

158 166 216 194 Non
239 165 340 192 minori
368 163 427 192 scio
449 163 616 199 Augustinus
639 167 734 191 contra
756 161 925 196 Origenistas
950 161 1066 192 debitam
1091 162 1200 190 litterali
1230 163 1432 197 Seripturarum
1459 165 1549 193 sensui
1572 167 1750 194 reverentiam

125 217 214 239 tuetur
228 212 292 239 libr.
306 217 352 238 vnt
374 210 412 238 De
427 209 519 238 Cenes.
533 213 568 237 ad
580 211 644 242 litt..
659 217 722 244 cap.
740 209 766 242 Ι,
781 216 856 236 num.
871 209 900 242 Δ,
916 213 980 235 tom.
994 208 1040 241 Ill,
1056 217 1116 245 pag.
1131 210 1195 244 2‘26,
1212 210 1256 238 ubi
1272 211 1311 238 sic
1330 216 1447 239 mentem
1467 220 1542 239 suam
1560 213 1647 247 aperit
1660 222 1666 239 :
1685 222 1695 239 ι
1711 213 1750 240 Ad

124 265 170 284 eos
186 257 284 291 loquor
298 255 346 292 qui
363 254 552 283 auctoritatem
570 255 668 283 harum
688 254 840 282 litterarum
858 259 1021 289 sequuntur.
1045 253 1144 283 Eorum
1163 256 1235 283 enim
1261 257 1370 291 quidam
1394 265 1447 285 non
1472 258 1589 292 proprie.
1612 260 1659 285 sed
1680 258 1749 293 ﬁgu-

125 307 183 329 rate
206 302 366 337 paradisum
383 301 496 336 intelligi
514 302 619 329 volunt.
649 301 717 330 Nam
732 301 778 336 qui
802 301 914 328 omnino
937 301 1119 328 adversantur
1142 301 1185 328 his
1211 302 1321 334 litteris,
1342 302 1409 329 alias
1426 311 1487 330 cum
1510 304 1549 330 eis
1571 308 1652 338 atque
1673 305 1751 332 aliter

124 349 249 383 egimus:
264 356 420 384 quanquam
449 353 476 376 ct
493 349 550 376 haec
568 349 594 375 in
618 349 669 376 hoc
692 349 750 383 ipso
774 355 857 383 opere
874 351 978 379 nostro,
1001 353 1131 382 quantum
1150 347 1283 380 valemus,
1306 349 1342 375 ita
1361 349 1538 376 defendamus
1560 350 1593 377 ad
1616 350 1750 382 litteratn,

124 399 153 420 ut
170 395 218 430 qui
247 403 302 422 non
331 395 529 423 rationabiliter
555 395 631 428 moti,
649 400 763 430 propter
791 396 911 422 animum
939 394 1108 429 pervicacem
1127 395 1168 422 vel
1197 395 1337 428 hebetem,
1366 396 1477 424 credere
1505 397 1555 424 ista
1582 397 1749 428 detrectant.

125 441 229 468 nullam
247 446 337 468 tamen
359 441 503 477 inveniant
522 442 655 469 rationem
678 443 749 469 unde
768 440 837 468 falsa
853 447 913 468 esse
933 440 1108 467 convincam.
1124 439 1222 468 Verum
1247 441 1291 469 isti
1312 443 1396 469 nostri
1419 442 1464 476 qui
1481 442 1560 469 ﬁdem
1584 441 1683 471 habent
1708 445 1751 472 his

126 487 227 514 divinis
242 487 332 518 libris,
346 491 375 514 et
392 487 487 514 nolunt
503 487 658 521 paradisum
677 487 711 514 ad
729 486 925 522 proprietatem
943 485 1041 513 litterae
1064 485 1189 521 intelligi,
1209 486 1297 514 locum
1322 487 1427 514 scilicet
1449 488 1676 522 amoenissimum,
1693 490 1751 519 frn-

124 533 228 560 ctuosis
249 533 406 560 nemoribus
423 538 576 567 operatum,
598 531 777 566 eamdemque
796 538 934 565 magnum,
965 534 991 557 ct
1015 538 1111 566 magno
1128 530 1202 558 fonte
1219 531 1374 565 fecundum,
1396 539 1457 560 cum
1483 534 1591 561 videant
1611 535 1681 563 nulla
1700 537 1751 564 hu~

125 587 205 607 mana
228 587 310 614 opera
328 585 367 607 tot
381 587 413 607 ac
427 584 502 607 tanta
522 579 607 606 vireta
628 579 773 606 silvescere
789 577 896 605 occulto
916 584 998 612 opere
1019 578 1078 611 Dei,
1103 579 1187 605 miror
1211 579 1438 613 quemadmodum
1459 580 1573 608 credunt
1592 581 1679 616 Ipsum
1702 582 1750 610 hoc

125 627 224 654 minem
250 627 287 653 ita
311 626 413 653 factum
439 625 669 661 quemadmodum
689 632 828 659 nunquam
851 624 990 651 viderunt.
1010 624 1068 651 Ant
1088 625 1109 652 si
1131 629 1158 651 et
1181 624 1239 659 ipse
1264 624 1379 660 figurate
1403 625 1593 660 intelligendus
1610 632 1668 660 est,
1687 628 1751 663 quis

126 673 219 707 genuit
238 672 318 706 Cain,
333 671 411 704 Abel,
423 677 449 699 et
463 672 549 700 Seth?
562 673 602 699 An
619 677 644 700 et
660 672 708 706 ipsi
727 671 841 706 ﬁgurate
863 675 965 698 tantum
984 670 1109 703 fuerunt;
1128 679 1180 698 non
1195 672 1278 699 etiam
1297 671 1420 699 homines
1435 679 1469 699 es
1493 673 1652 702 hominibus
1673 676 1751 702 nati?

127 719 164 746 De
183 719 312 754 proximo
331 726 397 754 ergo
417 719 559 745 attendant.
580 718 658 745 istam
684 716 921 752 prmsntnptionem
946 725 1000 751 quo
1025 717 1127 749 tendat,
1144 722 1170 744 et
1192 721 1326 745 conentur
1346 716 1486 745 nobiscum
1508 724 1606 747 cuncta
1625 721 1751 756 primitus

126 773 185 799 qua:
207 758 285 800 pesta
311 769 466 797 narrantur,
485 765 512 792 in
538 765 738 800 expressionem
765 762 889 790 veritatis
909 762 1042 797 accipere.
1069 762 1134 796 Quis
1156 763 1229 790 enim
1256 763 1297 791 cis
1319 767 1413 797 postea
1439 771 1492 791 non
1525 763 1617 792 faveat
1647 765 1750 793 intelli-

127 811 254 847 gentibus
275 810 340 845 Quid
359 810 409 837 ista
433 810 515 838 etiam
539 810 652 846 ﬁgurata
674 808 876 844 signiﬁcatione
899 814 1101 841 t‘ommoneant,
1126 809 1183 838 sive
1199 809 1319 843 ipsarutn
1338 809 1499 844 spiritalium
1528 815 1687 838 naturarum
1709 811 1750 840 vel

125 857 316 889 sﬁectionutn,
333 857 391 884 sive
405 864 497 884 rerum
516 856 690 884 futurarum?
710 856 781 883 Sane
798 855 820 881 si
841 853 914 881 nullo
930 854 1010 882 modo
1031 861 1143 889 possent
1163 857 1240 884 salva
1264 856 1316 884 ﬁde
1339 856 1461 883 veritatis
1485 863 1528 887 ea,
1544 864 1604 891 qua:
1619 864 1751 892 corpora-

125 903 188 930 liter
204 903 250 929 hic
274 902 413 930 nominata
437 906 515 935 sunt,
539 901 719 937 corporaliter
741 902 822 929 etiam
847 901 944 935 accipi,
967 901 1032 935 quid
1057 901 1131 928 aliud
1156 905 1319 935 remaneret,
1346 901 1398 929 nisi
1420 906 1451 928 ut
1470 910 1501 928 ea
1520 902 1609 936 potius
1635 903 1750 939 ﬁgurato

127 949 195 976 dicta
222 948 446 983 intelligcrcmus,
466 955 548 982 quam
575 947 743 982 Scripturam
767 951 891 974 sanctam
916 946 999 981 impie
1021 946 1212 982 culparetnus?
1234 947 1319 975 Porro
1343 952 1435 975 autem
1460 948 1482 975 si
1509 955 1560 975 non
1585 949 1671 976 solum
1696 957 1749 976 non

125 992 288 1029 impediunt,
303 1001 398 1021 verum
414 991 498 1022 etiarn
515 993 627 1021 solidius
645 998 772 1021 asserunt
794 992 877 1021 divini
899 992 998 1027 eloquii
1023 993 1210 1020 narrationem
1226 994 1285 1021 bmc
1307 994 1389 1021 etiatn
1404 994 1582 1028 corporaliter
1602 995 1749 1024 intellecta.

126 1047 204 1067 tuan-to
221 1041 286 1072 erit,
303 1046 332 1068 ut
347 1040 454 1076 opinor,
468 1044 525 1067 tam
541 1039 686 1067 infideliter
707 1040 848 1073 pertinax,
869 1039 916 1073 qui
929 1060 936 1072 ,
958 1047 1019 1066 cum
1044 1047 1076 1067 ca
1092 1038 1240 1066 scentulum
1263 1039 1383 1074 regulam
1403 1038 1465 1068 ﬁdei
1492 1041 1614 1076 exposita
1642 1041 1751 1076 proprie

125 1086 235 1118 viderit,
253 1086 329 1113 malit
352 1086 378 1113 in
397 1085 506 1120 propria
524 1092 664 1113 remanere
679 1085 826 1117 sententia,
841 1085 863 1112 si
880 1085 952 1112 forte
972 1085 1010 1111 illi
1034 1085 1092 1111 visa
1114 1084 1222 1111 fuerant
1246 1085 1353 1112 nonnisi
1381 1085 1494 1120 ﬁgurate
1520 1094 1600 1121 posse
1626 1088 1747 1122 accipin

124 1131 256 1158 Eamdem
277 1131 434 1164 veritatem,
447 1132 474 1160 id
487 1135 529 1159 est
542 1138 558 1158 a
576 1130 630 1158 Deo
651 1131 787 1158 consitum
802 1138 894 1158 revera
909 1131 935 1157 in
954 1135 1025 1158 terra
1043 1129 1124 1156 fuisse
1137 1130 1302 1164 paradisum,
1316 1131 1410 1157 eadem
1427 1131 1450 1158 vi
1468 1137 1616 1167 propugnat
1639 1133 1685 1160 lib.
1700 1140 1749 1160 snt

124 1177 250 1205 Decipit.
262 1177 319 1210 Dei,
335 1185 394 1212 cap.
405 1177 451 1210 2i,
468 1183 534 1204 tom.
548 1175 602 1210 γη,
618 1184 679 1212 pag.
692 1174 754 1208 3H,
772 1176 814 1203 his
830 1176 940 1203 verbis:
956 1185 965 1202 ι
980 1173 1059 1203 Unde
1073 1175 1192 1203 nonnulli
1208 1178 1292 1203 totum
1311 1175 1397 1210 ipsum
1419 1178 1587 1212 paradisum,
1608 1179 1651 1206 ubi
1669 1181 1749 1214 primi

123 1225 250 1252 homines
265 1229 393 1259 parentes
415 1224 522 1259 generis
539 1224 650 1251 humani
666 1228 767 1251 sancta:
791 1224 938 1259 Scriptura:
961 1222 1076 1249 veritate
1097 1222 1180 1251 fuisse
1199 1227 1356 1257 narrantur,
1370 1225 1404 1251 ad
1419 1225 1598 1260 intelligibilia
1616 1227 1745 1260 referunt.

126 1272 297 1305 arboresque
314 1270 372 1298 illas
387 1276 415 1298 ct
430 1271 501 1306 ligna
518 1270 657 1298 fructifera
676 1270 704 1297 in
721 1269 837 1297 virtutes
855 1270 915 1297 vine
931 1275 1074 1304 moresque
1089 1274 1263 1301 convertunt,
1287 1274 1415 1305 tanquam
1437 1271 1552 1298 visibilia
1576 1272 1620 1300 illa
1637 1279 1665 1300 et
1681 1281 1746 1300 cor.

122 1310 231 1350 paralia
246 1323 299 1343 non
313 1315 422 1349 fuerint,
434 1316 480 1343 sed
494 1315 700 1351 intelligibilium
711 1315 939 1350 signiﬁcationum
955 1324 1035 1344 causa
1048 1322 1081 1342 eo
1094 1315 1173 1342 modo
1184 1314 1255 1342 dictu
1269 1315 1308 1342 vel
1323 1316 1424 1349 scripta
1439 1316 1501 1345 sint.
1511 1316 1593 1350 Quasi
1607 1325 1750 1354 propterea

123 1369 176 1390 non
195 1363 322 1398 potuerit
337 1370 398 1390 esse
419 1362 562 1397 paradisus
583 1362 743 1397 corporalis,
762 1363 826 1397 quia
841 1366 931 1397 potest
948 1363 1029 1390 etiam
1045 1362 1175 1397 spiritalis
1199 1362 1332 1397 intelligi?
1345 1361 1484 1398 Tanquam
1503 1364 1564 1391 ideo
1579 1373 1631 1392 non
1648 1366 1751 1395 fuerint

122 1411 182 1437 duae
214 1409 360 1441 mulieres,
376 1409 447 1444 Agar
471 1413 498 1436 et
515 1408 595 1440 Sara,
614 1414 642 1436 et
658 1416 692 1436 cx
715 1407 767 1435 illis
781 1408 834 1436 duo
852 1406 900 1436 lilii
914 1408 1040 1441 Abraiue,
1057 1416 1126 1436 unus
1141 1407 1174 1435 de
1190 1408 1285 1435 ancilla
1300 1413 1326 1436 cl
1347 1409 1416 1436 alius
1441 1409 1474 1437 de
1489 1409 1591 1440 libera:
1616 1412 1678 1445 quis
1698 1414 1752 1441 ιιυο

122 1460 291 1483 testamenta
309 1455 335 1481 in
353 1455 393 1482 eis
418 1454 530 1490 ﬁgurata
553 1454 618 1481 dicit
631 1454 796 1488 Apostolus:
815 1458 861 1482 aut
876 1454 937 1482 ideo
951 1455 985 1481 de.
1000 1453 1071 1481 nulla
1090 1458 1178 1488 petra,
1197 1452 1287 1488 Moyse
1309 1455 1487 1489 pet-cuticula,
1503 1463 1571 1491 aqua
1587 1457 1743 1491 deﬂuxerit.

122 1502 183 1536 quia
205 1505 301 1536 potest
323 1500 377 1527 illic
397 1500 511 1534 ﬁgurata
527 1500 726 1535 signiﬁcatione
747 1501 829 1528 etiam
852 1501 976 1528 Christus
995 1500 1119 1536 intelligi,
1138 1502 1231 1528 eodem
1257 1500 1385 1536 .‘tpostolo
1407 1502 1514 1530 dicente
1534 1511 1541 1530 :
1560 1503 1640 1531 Petra
1664 1510 1750 1532 autem

122 1553 177 1575 erat
204 1547 332 1575 Christus
346 1546 381 1573 "’.
398 1546 483 1573 Nemo
507 1546 599 1580 itaque
621 1545 747 1581 prohibet
770 1546 921 1581 intelligere
946 1546 1111 1581 paradisum,
1133 1546 1213 1572 vitam
1234 1547 1391 1579 beatorum;
1408 1551 1524 1582 quatuor
1538 1548 1596 1583 ejus
1620 1549 1750 1584 llutuiua,

125 1599 248 1627 quatuor
275 1593 405 1625 virtutes,
431 1592 619 1627 prudentiam,
643 1591 844 1624 fortitudinem,
865 1592 1069 1627 temperantiam
1100 1596 1182 1626 atque
1207 1591 1401 1626 justitiam...
1426 1592 1506 1624 ilice,
1529 1594 1596 1621 etsi
1614 1602 1666 1629 qna
1696 1597 1750 1624 alia

123 1640 300 1667 commodius
316 1639 367 1666 dici
390 1643 502 1674 possunt
522 1639 555 1666 de
569 1638 744 1673 intelligendo
759 1639 920 1674 spiritaliter
937 1639 1073 1675 paradiso.
1098 1639 1205 1666 nemine
1219 1639 1388 1674 prohibente,
1413 1639 1561 1669 dicantur:
1578 1642 1642 1670 dum
1661 1647 1751 1672 tamen

124 1691 151 1712 et
167 1686 246 1713 illius
260 1685 382 1712 historice
398 1685 500 1712 veritas
519 1684 674 1712 ﬁdelissima
691 1690 780 1711 rerum
798 1689 935 1718 gestarum
952 1685 1110 1712 narratione
1123 1685 1310 1712 commendata
1324 1685 1463 1713 credatur.
1475 1695 1484 1712 ι

155 1731 192 1758 Es
213 1731 260 1758 his
273 1730 351 1762 satis,
364 1730 472 1765 opinor,
492 1730 577 1764 liquet
595 1730 787 1765 Origenianam
804 1728 954 1764 Scriptura:
977 1737 1063 1758 sacra:
1087 1729 1234 1765 allegorico
1252 1736 1333 1758 sensu
1357 1730 1569 1766 interpretanda:
1596 1735 1751 1762 methodqu

122 1778 254 1812 reiectam
271 1777 356 1805 fuisse
373 1786 388 1805 a
405 1777 541 1810 Pati-ibus,
559 1785 574 1804 c
589 1785 704 1812 quorum
722 1785 770 1805 ore
791 1777 935 1811 discimus,
958 1778 1068 1806 litterali
1090 1779 1181 1806 sensui
1204 1778 1362 1806 reverentiae
1382 1779 1528 1813 plurimutn
1546 1781 1658 1815 deberi,
1678 1781 1753 1812 illum

122 1825 250 1860 mysticis
274 1824 412 1859 plerisque
425 1823 638 1858 expositionibus
656 1830 715 1858 qua:
737 1827 766 1850 ut
780 1823 926 1858 plurinntm
939 1831 953 1850 a
979 1824 1102 1851 vividiori
1118 1829 1146 1851 et
1169 1823 1291 1851 abnormi
1311 1823 1504 1857 imaginatione
1525 1831 1686 1860 nascuntur,
1709 1828 1751 1855 in-

121 1871 228 1898 ﬁnitum
252 1875 398 1905 praestare;
420 1870 589 1904 frequentem
613 1869 807 1904 allegoriarunt
826 1877 903 1896 usum
921 1869 1043 1904 periculo
1059 1877 1114 1897 non
1137 1877 1244 1903 vacare.
1268 1876 1294 1898 et
1318 1870 1359 1898 vel
1377 1871 1409 1898 iis
1433 1871 1458 1898 iu
1481 1871 1560 1903 Iccis,
1579 1873 1623 1899 ubi
1642 1873 1749 1908 ﬁgurati

121 1923 216 1944 sensus
234 1917 336 1944 veritas
352 1917 378 1944 in
393 1916 503 1944 dubium
526 1917 619 1952 nequit
634 1916 770 1950 revocari,
788 1924 894 1944 summa
911 1917 1037 1944 cautione
1051 1924 1118 1951 opus
1133 1924 1205 1948 esac.
1220 1925 1254 1945 nc
1271 1917 1343 1946 illius
1359 1922 1489 1953 praetextu
1512 1918 1611 1945 veritas
1628 1920 1751 1950 historici

121 1969 216 1990 sensus
229 1962 425 1989 detrimentum
441 1962 548 1997 aliquod
570 1963 698 1998 patiatur.

156 2008 177 2025 "
194 2007 204 2034 Ι
220 2007 288 2035 Cor.
303 2016 331 2041 ι,
349 2008 377 2036 4.

190 2085 1006 2100 W

766 2167 915 2225 MON
928 2170 1104 2226 [TUM

395 2279 419 2317 Α
430 2280 459 2317 Ι)
496 2277 738 2319 ORlGENlS
777 2272 1103 2320 ΕΞΗΓΗΤΙΚΑ

730 2281 738 2317 i
777 2272 1103 2320 ΕΞΗΓΗΤΙΚΑ
1142 2276 1198 2317 ΙΝ
1237 2276 1478 2318 GENESIM.

913 2365 949 2376 ab

158 2431 177 2460 l.
198 2429 378 2467 Hieronymus
393 2431 421 2467 in
440 2428 547 2465 prologo
563 2431 674 2467 prolixo
692 2438 748 2457 sum
765 2428 976 2467 interpretationi
993 2428 1165 2467 [lautitiarum
1182 2440 1248 2466 quas
1266 2431 1292 2458 in
1310 2430 1472 2458 Ezecltielem
1490 2430 1617 2467 Origenes
1637 2431 1730 2459 habuit
1743 2450 1749 2458 .

126 2477 135 2492 ι
160 2467 248 2498 llfml,
282 2465 386 2501 inquit,
411 2466 520 2493 breviter
543 2465 682 2501 admoneo,
715 2470 744 2501 ut
767 2465 839 2493 scias
861 2465 984 2500 Origenis
1009 2466 1136 2498 opuscula
1170 2465 1199 2492 in
1221 2475 1324 2493 omnem
1349 2467 1516 2499 Sciiptumm
1541 2465 1597 2493 iu:
1622 2467 1749 2501 triplicia.

125 2501 245 2541 Primum
265 2500 334 2541 ςτὶκὴ.
344 2505 482 2541 excerpta,
502 2508 562 2541 qua:
580 2500 671 2528 (ἐι-ωτι
686 2500 779 2541 σχόλίᾳ
798 2505 998 2541 nuncupantur,
1014 2501 1044 2541 in
1058 2501 1155 2541 quibus
1169 2509 1201 2528 ea
1213 2509 1280 2541 ‘qnm
1296 2501 1354 2541 {ibi
1367 2501 1523 2541 uidebantur
1546 2503 1658 2541 obscura
1673 2506 1751 2537 atque

123 2537 215 2562 habere
246 2532 352 2569 aliquid
385 2532 557 2569 difﬁculter“,
583 2532 733 2562 stunmati'nt
761 2532 922 2570 breviterque
956 2532 1094 2571 distinxit;
1122 2532 1266 2571 secundum
1298 2532 1456 2571 ὀμιλητιχδν
1479 2542 1577 2570 genus,
1604 2539 1636 2562 de
1657 2532 1752 2570 quo'et

123 2579 235 2603 presens
255 2566 440 2603 interpretatio
454 2575 510 2602 est;
534 2571 637 2596 tertium
657 2570 727 2604 quod
748 2571 853 2605 scripsit
876 2566 932 2604 ipse
956 2566 1066 2605 τόμους,
1084 2566 1136 2597 nos
1161 2570 1293 2598 volumina
1309 2566 1448 2604 postumus
1464 2566 1637 2605 nime-upon:
1656 2566 1684 2597 in
1699 2579 1751 2605 quo

123 2614 196 2638 opere
217 2611 277 2632 tota
294 2606 392 2639 ingenii
406 2606 447 2640 sui
462 2605 518 2640 uela
536 2605 698 2638 spirantibus
715 2606 797 2632 uentis
813 2605 896 2636 dedit,
909 2610 933 2631 et
948 2607 1074 2640 recedens
1089 2614 1105 2633 a
1121 2610 1194 2632 terra
1217 2606 1244 2631 iu
1267 2606 1381 2632 medium
1401 2606 1508 2640 pelagus
1523 2606 1640 2640 aufugit.
1652 2615 1661 2631 ι
1680 2605 1751 2637 Quid

124 2636 182 2702 gina
196 2636 403 2701 sfhnliufquid
417 2636 623 2674 Itomiliw,'quid
643 2640 720 2672 tomi,
735 2639 792 2674 fuse
806 2640 926 2667 edisserit
943 2636 1058 2667 lfuetius
1073 2640 1302 2675 Origenianorum
1316 2639 1363 2666 lib.
1376 2636 1416 2672 ni,
1433 2636 1493 2675 αὴ).
1507 2640 1535 2673 2,
1553 2636 1617 2667 sect.
1634 2640 1660 2673 Ι,
1677 2636 1749 2666 nium.

144 2695 151 2702 .
194 2683 209 2702 ε
236 2683 310 2702 una.

194 2680 220 2702 ει
236 2683 299 2703 18111
302 2695 310 2703 .

144 2683 357 2741 ’ἥεὲίῖτίῖιιδ
371 2708 466 2746 lib._vl_
480 2709 804 2746 Hist-“ecclesiash,cap.
817 2706 864 2742 2i,
887 2709 1025 2746 duodecim
1039 2714 1149 2746 tantum
1166 2714 1353 2737 commemorat
1369 2710 1404 2746 in
1420 2708 1541 2737 cheu’m
1555 2710 1672 2746 ντὸμους.
1693 2709 1752 2746 Es-

122 2745 221 2771 ubiuns
238 2750 344 2771 secutus
364 2750 405 2779 est
418 2744 527 2773 Susidas.
544 2742 641 2771 Verum
658 2745 697 2771 bis
711 2741 743 2771 ab
767 2741 929 2779 Hieronymo
946 2744 1072 2779 tredecim
1090 2741 1264 2771 numerantur
1284 2749 1348 2771 tom.
1365 2744 1405 2771 IV
1422 2753 1494 2772 nona:
1517 2741 1671 2779 edit.,'png.
1686 2743 1751 2775 450,

122 2784 145 2805 et
160 2783 226 2806 tam.
243 2779 289 2811 fl,
303 2787 363 2813 pag.
375 2778 437 2814 563,
455 2779 499 2805 ubi
513 2779 646 2811 explicans
666 2787 724 2814 qua
738 2780 823 2813 capita
839 2777 935 2814 quarto
949 2777 1079 2806 Geneuos
1095 2780 1193 2814 scripta
1208 2783 1271 2806 sunt
1286 2780 1318 2806 de
1331 2779 1397 2806 Cain
1417 2786 1440 2806 et
1462 2779 1586 2811 Lamcrlt,
1606 2777 1751 2806 Damasum

121 2821 216 2848 papam
234 2819 323 2842 mam!
347 2823 355 2838 ι
372 2813 510 2848 Origenent
535 2815 718 2842 duodecimum
740 2813 1029 2854 (Lartium.decimum
1049 2815 1075 2840 in
1101 2813 1221 2840 Genesim
1243 2814 1339 2840 librum
1361 2815 1392 2842 de
1415 2815 1464 2841 huc
1483 2821 1584 2842 tantum
1608 2815 1751 2848 questions

289 2860 425 2892 Ρλτιτοιη
440 2860 498 2891 Gn.
512 2861 582 2893 ΧΙΙ.
863 2866 866 2871 ’
1574 2860 1595 2891 Ξ
