1895 3057
96 157 132 186 ις»
821 146 871 185 η

939 156 1029 186 ESIM.
1687 148 1723 181 ιο

93 219 209 254 πρόνοιᾶ
223 228 269 251 τις
285 218 455 255 πρεσϐυτέρα
471 217 549 250 Θεοῦ,
573 218 727 253 ἀναγκαίως
748 218 797 254 τὴν
820 218 870 254 ὕλη

938 222 1070 252 perpetuo
1089 215 1231 248 molitoris,
1248 213 1380 249 parentis,
1394 213 1515 249 benigni,
1531 213 1606 245 boni.
1623 220 1655 241 ac
1669 220 1723 241 car.-

94 265 172 292 τσται
184 264 389 300 ὗποΰεὸληκυῖα
404 264 442 299 τῷ
456 264 525 299 Θεῷ.
540 263 723 300 προνοουμένη
734 263 782 299 τὴν
791 263 888 298 τέχνην

93 311 145 346 τὴν
158 310 369 346 ἐνυπάρχουσαν
387 310 460 345 αὐτῷ
473 310 510 346 μὴ
525 310 720 345 κενοπαθῆσαι,
738 310 788 336 οὐκ
804 309 887 345 οὔσης

93 356 199 388 οὐσίας,
215 353 234 394 ᾗ
248 356 378 392 ὁμιλῆσαι
395 355 542 390 δυνάμενος
560 355 750 390 κατεκόσμησε
767 354 798 381 τὸ
811 355 887 390 τηλιι

94 401 176 432 κοῦτο
192 402 298 437 κόσμου
313 401 418 433 κάλλος.
434 401 519 427 Πόθεν
535 401 562 427 δὲ
582 401 629 427 καὶ
644 401 754 436 δεκτικὴ
772 401 887 436 γεγένη-

93 455 138 473 ται
156 448 249 483 πάσης
265 444 299 483 ἧς
323 447 447 482 βούλεται
461 447 478 473 ὁ
496 446 561 478 Θεός
577 446 728 481 ποιότητος,
744 446 782 482 μὴ
805 445 886 473 αὑτοῦ

94 491 141 518 τοῦ
162 492 231 519 Θεοῦ
255 492 344 528 ἑαυτῷ
356 492 488 527 τοσαύτην
504 492 551 518 καὶ
565 491 692 527 τοιαύτην
714 492 884 527 ποιήσαντος,

92 538 189 565 ὁποίαν
205 538 278 573 ἔχειν
293 538 437 571 ὲὸούλετο;
465 537 532 564 Καθ’
555 537 682 564 ὑπόθεσιν
698 536 763 572 γοῦν
790 537 887 564 ἀποδε-

93 581 207 616 ξάμενοι
218 583 249 609 τὸ
266 582 411 618 ἀγέννητον
425 579 494 608 εἶναι
509 581 559 618 τὴν
575 581 652 617 ὕλην,
668 581 755 608 ταῦτα
771 581 886 617 ἐροῦμεν

93 627 163 662 πρὸς
187 629 252 659 τοὺς
271 627 351 654 τοῦτο
371 628 560 663 βουλομένους,
580 627 620 654 ὅτι
640 629 664 654 εί
682 627 813 663 Προνοίας
838 627 886 663 οὐχ

93 673 303 708 ὑποϐαλλούσης
314 673 363 709 τὴν
379 673 471 700 οὐσίαν
482 673 521 708 τῷ
529 673 600 708 Θεῷ,
611 673 720 709 τοιαύτη
729 673 884 709 γεγένηται,

92 718 119 743 τί
135 717 252 752 Πρόνοια
268 715 302 753 ἦν
318 717 470 752 ὑφεστῶσα,
484 717 511 744 τί
528 717 560 744 ἂν
575 717 654 744 πλέον
677 718 821 753 πεποιήκει
837 717 884 744 τοῦ

92 762 268 797 αὐτομάτους
286 763 334 789 καὶ
354 763 378 789 ει
402 763 482 794 αὐτὸς
507 762 544 798 μὴ
564 761 647 798 οὖα-ης
669 762 736 798 ὕλης
760 762 886 789 ἐϐούλετο

93 806 299 834 κατασκευάσαι
320 807 414 842 αὐτὴν,
437 808 463 834 τε
486 807 519 834 ἂν
542 807 622 834 πλέον
645 808 661 843 ὴ
685 807 776 842 σοφία,
799 807 847 835 καὶ
867 809 884 844 ἡ

92 852 199 887 θειότης
212 852 295 879 αὑτοῦ
305 854 447 888 πεποιήκει
456 852 503 879 τοῦ
512 852 540 885 ἐξ
549 853 697 888 ἁγεννήτου
707 853 883 886 ὐποστάντοςς

92 897 123 923 El
139 899 193 933 γὰρ
207 898 364 933 εὑρίσκεται
376 898 473 925 ταυτὸν
484 898 628 932 γενόμενον
641 898 674 925 ἂν
688 899 741 925 ὑπὸ
751 899 799 934 τῆς
813 900 884 935 Προ-

91 943 178 975 νοίας,
192 944 260 979 ὅπερ
274 945 320 970 καὶ
337 944 423 980 χωρὶς
439 944 571 980 Προνοίας
592 944 707 980 ὑπέστη,
720 944 764 971 διὰ
778 945 804 971 τε
822 945 883 980 οὐχὶ

91 989 139 1015 καὶ
153 989 201 1015 ἐπὶ
212 989 260 1016 τοῦ
283 990 386 1025 κόσμου
402 989 569 1025 ἀθετήσομεν
586 990 631 1016 τὸν
654 990 819 1026 δημιουργὸν
835 989 883 1016 καῖ

90 1033 137 1060 τὸν
149 1034 289 1070 τεχνίτην;
306 1035 411 1070 Ὥσπερ
424 1033 478 1070 γὰρ
495 1034 594 1060 ἄτοπον
606 1034 652 1062 ἐπὶ
667 1034 716 1061 τοῦ
726 1035 828 1069 κόσμου
843 1035 882 1061 εί-

91 1079 153 1104 πεῖν
168 1078 241 1105 οὕτω
255 1079 388 1114 τεχνικῶς
412 1079 671 1114 κατεσκευασμένου.
686 1079 717 1106 τὸ
737 1079 821 1115 χωρὶς
837 1087 882 1105 τε-

90 1123 181 1159 χνίτου
198 1124 280 1158 σοφοῦ
293 1125 338 1150 τὸν
352 1124 536 1151 αὐτοτοιοῦτον
548 1124 772 1159 γεγονέναι,οΰτω
788 1125 835 1152 καὶ
850 1126 882 1151 τὸ

89 1168 140 1204 τὴν
160 1169 226 1204 ὕλην
246 1169 379 1205 τοσαύτην
395 1170 442 1196 καὶ
457 1169 582 1205 τοιαύτην
598 1170 644 1197 καὶ
658 1169 744 1202 οὕτως
759 1170 881 1206 εἱκτικὴν

90 1214 132 1249 τῷ
148 1215 257 1252 τεχνίτῃ
269 1215 341 1251 λόγῳ
353 1215 432 1248 Θεοῦ,
447 1215 628 1250 ὑφεστηκέναι
640 1216 804 1251 ἁγεννήτως,
821 1216 881 1242 ἐπί-

90 1268 141 1295 σης
161 1261 235 1287 ἐστὶν
250 1261 356 1295 ἄλογον.
374 1262 446 1297 Πρὸς
475 1262 598 1298 μέντοιγε
616 1261 678 1293 τοὺς
696 1261 882 1297 παραϐάλλον-

89 1312 150 1336 τας,
162 1305 203 1331 ὅτι
214 1305 303 1337 οὐδεὶς
311 1306 475 1341 δημιουργὸς
489 1306 573 1341 χωρὶς
585 1305 650 1341 ὓλης
663 1307 744 1337 ποιεῖ,
762 1303 880 1337 λεκτέον,

89 1351 131 1377 ὅτι
147 1352 283 1386 ἀνομοίως
300 1352 512 1387 παραϐάλλουσι.
532 1352 649 1388 Πρόνοια
669 1352 722 1388 γὰρ
740 1352 820 1379 παντὶ
836 1362 880 1380 τε-

89 1397 168 1433 χνίτῃ
183 1397 328 1425 ὑποδάλλει
345 1398 394 1433 τὴν
417 1398 493 1433 ὓλην,
512 1398 566 1425 ἁγὼ
583 1398 719 1434 προτέρας
737 1399 845 1434 τέχνης,
863 1399 879 1434 ἤ

90 1441 274 1478 ἀνθρωπίνης,
291 1443 307 1478 ἢ
325 1442 400 1474 θείας
417 1443 578 1478 ἐρχομένην.
595 1443 687 1469 Ταῦτα
709 1443 758 1478 μὲν
773 1441 819 1469 οὖν
834 1443 880 1470 ἐπὶ

89 1488 134 1514 τοῦ
157 1489 293 1524 παρόντος
317 1489 427 1525 ἀρκέσει
448 1489 516 1524 πρὸς
533 1489 595 1520 τοὺς
616 1489 661 1516 διὰ
684 1489 713 1515 τὸ
734 1488 878 1522 λέγεσθαι’

92 1543 102 1559 ι
126 1534 156 1560 Ἡ
167 1535 195 1562 δὲ
211 1535 248 1570 γῆ
260 1533 294 1570 ἦν
308 1535 423 1570 ἀόρατος
437 1535 483 1561 καὶ
496 1535 747 1567 ἀκατασκεύαστος,
767 1544 776 1560 ι
791 1535 880 1570 οἰομέ-

87 1587 148 1612 νους
163 1580 313 1616 ἀγέννητον
329 1579 398 1608 εἶναι
413 1582 462 1617 τὴν
476 1581 634 1617 σωματικὴν
648 1580 738 1615 φύσιν.

939 264 1004 290 teris
1024 263 1162 294 omnibus,
1185 269 1244 296 qua:
1266 267 1362 295 magna
1378 267 1440 288 cum
1464 259 1569 287 ratione
1594 259 1649 286 Deo
1672 259 1724 286 tri-

938 308 1068 338 buuntur,
1087 307 1242 335 nominibus
1265 305 1397 340 spoliatus
1422 303 1599 337 perstitisset.
1621 303 1723 331 Deinde

937 353 983 387 qui
1006 352 1064 380 ﬁeri
1080 352 1176 387 possit,
1194 356 1224 378 ut
1247 351 1302 378 vim
1323 350 1446 378 materiae
1463 354 1579 382 tantam,
1596 349 1636 376 sic
1663 354 1723 376 tan-

937 404 1018 431 quam
1033 396 1068 423 ad
1089 395 1194 430 pondus
1209 400 1338 423 accurate
1357 394 1483 429 justeque
1506 395 1663 421 admensam
1680 393 1724 420 in-

937 442 1055 474 venerit,
1072 449 1131 476 quae
1147 441 1181 468 ad
1199 439 1278 474 hujus
1293 441 1402 476 proprie
1428 448 1481 468 non
1498 439 1608 473 majoris
1635 439 1724 466 mino-

938 487 1009 515 risve
1035 487 1126 515 mundi
1159 486 1326 514 molitionem
1364 485 1432 513 satis
1457 484 1550 513 esset?
1568 485 1722 512 lnvehendu

937 530 1037 566 quippe
1060 530 1151 557 nescio
1174 537 1244 565 quae,
1263 530 1317 557 Deo
1338 533 1431 557 tamen
1455 529 1605 564 antiquior,
1628 529 1726 557 Provi-

937 577 1027 604 dentia
1040 576 1196 604 necessario
1209 575 1306 608 fuerit,
1322 583 1382 610 qua:
1404 575 1546 603 materiam
1562 576 1586 603 ei
1599 575 1725 609 subjece-

936 622 984 656 rit,
1005 622 1031 658 3
1046 622 1108 649 dum
1129 622 1156 649 id
1172 630 1203 650 ea
1219 622 1375 657 provideret
1388 621 1417 649 in
1432 626 1581 657 posterum,
1596 629 1630 649 ne
1654 627 1723 656 quae

938 667 964 694 in
977 675 1006 695 se
1022 668 1093 695 Deus
1109 667 1301 695 liaberetartis
1315 675 1371 695 suae
1386 668 1520 700 notiones,
1542 666 1626 694 irritae
1639 667 1722 694 cede-

937 717 1010 746 rent,
1034 714 1056 741 si
1073 721 1127 741 non
1152 714 1210 748 ejus
1226 718 1330 741 natura
1352 715 1428 749 copia
1444 714 1532 747 ﬁeret,
1548 713 1624 747 cujus
1639 719 1726 748 opera

937 764 992 786 tam
1008 759 1188 787 excellentem
1203 763 1231 786 et.
1246 760 1374 787 eximiam
1390 759 1508 787 universi
1531 759 1651 794 speciem
1664 757 1722 786 elli-

936 808 1024 832 ceret.
1043 803 1121 832 Unde
1145 811 1227 839 porro
1255 805 1281 832 id
1303 804 1407 837 habuit,
1431 808 1459 831 ut
1475 804 1566 831 omnis
1581 804 1722 839 qualitatis

935 858 1021 886 capax
1032 855 1115 883 esset,
1130 858 1212 886 quam
1225 851 1312 878 eidem
1326 851 1485 885 imprimere
1496 851 1566 878 Deus
1579 851 1719 884 voluisset,

898 890 921 920 Β
937 896 988 923 nisi
1007 895 1116 931 qualem
1147 903 1206 923 eam
1236 895 1338 924 habere
1361 897 1418 931 ipse
1444 897 1535 929 vellet,
1551 897 1629 924 talem
1657 902 1721 925 ante

934 941 998 974 sibi,
1013 946 1172 976 tantamque
1187 942 1295 969 molitus
1311 943 1384 970 erit?
1397 941 1456 969 Jan)
1471 947 1500 970 ut
1518 943 1656 970 nonnullis
1671 943 1720 970 da-

938 995 1031 1015 remus
1046 992 1107 1014 ortu
1119 995 1213 1015 carere
1227 988 1380 1020 materiam,
1397 988 1430 1015 iis
1446 993 1535 1015 tamen
1547 989 1592 1023 qui
1607 989 1648 1016 sic
1662 990 1721 1023 opir

934 1037 1046 1065 nantur,
1060 1033 1132 1059 hunc
1145 1032 1172 1059 in
1189 1033 1296 1059 modum
1310 1032 1412 1061 instare
1424 1040 1565 1067 possemus
1578 1034 1620 1060 :ssi
1633 1041 1724 1068 quan-

934 1078 1037 1104 tumvis
1053 1083 1178 1105 nnturam
1195 1078 1267 1106 illam
1282 1077 1336 1104 Deo
1350 1077 1531 1108 Providentia
1542 1080 1613 1106 nulla
1630 1080 1722 1115 subje-

932 1124 1012 1157 cerit,
1028 1123 1160 1157 ejusmodi
1176 1130 1264 1153 tamen
1281 1133 1313 1154 ea
1332 1134 1380 1161 per
1398 1133 1460 1154 sese
1485 1125 1535 1153 fuit
1561 1135 1569 1153 :
1595 1127 1730 1154 eamdem.

932 1170 955 1198 si
971 1169 1144 1198 Providentia
1164 1177 1260 1208 suopte
1286 1173 1403 1200 consilio
1427 1176 1607 1208 procreasset,
1622 1172 1730 1208 ecquid-

932 1216 1048 1251 atuplius
1061 1216 1130 1252 ipsa,
1146 1224 1228 1252 quam
1243 1218 1316 1253 quod
1336 1218 1452 1246 fortuito
1474 1226 1593 1253 casuque
1618 1219 1722 1246 factum

932 1262 1066 1295 videmusI
1090 1262 1243 1290 eﬁ'ccissel?
1269 1263 1338 1297 Quid
1353 1264 1374 1291 si
1396 1263 1467 1291 Deus
1488 1265 1545 1299 ipse
1566 1265 1719 1297 materiam,

931 1315 991 1342 qua:
1004 1307 1076 1335 nulla
1092 1308 1154 1336 dum
1170 1313 1254 1342 esset,
1270 1310 1372 1344 ﬁngere
1388 1309 1531 1344 molirique
1554 1309 1722 1337 statuisset?

930 1353 1034 1389 Ecquid
1052 1354 1161 1382 tandem
1176 1354 1235 1389 ejus
1258 1362 1321 1382 cum
1347 1355 1490 1390 sapientia,
1508 1360 1565 1382 tum
1592 1355 1724 1382 divinitas

930 1399 1116 1433 excellentius,
1132 1408 1213 1435 quam
1239 1401 1309 1436 quod
1333 1408 1367 1428 ex
1391 1405 1451 1428 ortu
1470 1405 1580 1428 carente
1607 1400 1720 1428 materia

930 1446 1050 1478 ex'stitit,
1081 1446 1177 1473 molita
1203 1446 1299 1474 esset?
1331 1445 1399 1473 Nam
1422 1446 1444 1474 si
1477 1454 1511 1474 ex
1545 1446 1723 1474 Providentia

931 1490 1002 1517 idem
1018 1491 1130 1519 omnino
1146 1492 1330 1527 profecturum
1348 1496 1418 1524 erat,
1444 1493 1515 1527 quod
1542 1492 1601 1520 sine
1621 1492 1717 1520 Provi-

931 1535 1022 1562 dentia
1036 1537 1138 1564 factum
1154 1542 1214 1565 cst:
1230 1538 1323 1572 quidni
1339 1546 1372 1566 ex
1399 1538 1458 1572 ipso
1483 1545 1590 1572 quoque
1616 1536 1718 1564 mundo

891 1577 913 1606 C
930 1587 1073 1609 auctorcm
1084 1590 1191 1610 omnetn
1210 1584 1398 1618 artiﬁcemque
1412 1583 1559 1611 tollamus?
1580 1582 1718 1616 Quemad-

89 1626 196 1653 modum
228 1627 303 1653 cnim
330 1627 479 1654 absurdum
503 1628 595 1660 fuerit,
623 1627 753 1653 mundum
777 1626 848 1654 hunc
870 1627 975 1659 dicere,
1010 1632 1063 1654 tam
1085 1629 1223 1664 eleganter
1249 1633 1368 1664 apteque
1394 1633 1591 1662 constructutn,
1615 1628 1719 1662 absque

89 1670 219 1704 sapientis
244 1671 360 1699 artiﬁcis
385 1680 467 1699 manu
497 1673 577 1700 tnlcm
604 1672 753 1705 cxstitissr,
783 1671 823 1699 ita
849 1671 902 1699 vim
931 1674 1053 1700 materia:
1081 1679 1194 1707 tantam,
1220 1674 1333 1709 ejusque
1356 1674 1523 1702 conditionis
1546 1678 1573 1701 ct
1600 1679 1721 1705 natur-te.

88 1717 209 1751 adeoque
225 1717 326 1744 artiﬁci
346 1719 466 1745 numinis
482 1718 578 1746 rationi
602 1719 810 1757 qhsequentem,
827 1718 886 1746 sine
902 1726 980 1747 ortus
993 1721 1033 1747 sui
1049 1720 1183 1754 principio
1199 1727 1247 1754 per
1275 1727 1303 1747 se
1319 1720 1403 1755 ipsam
1421 1720 1571 1752 exstitisse,
1598 1726 1652 1746 non
1668 1719 1719 1746 mi-

89 1769 139 1788 nus
160 1762 283 1796 ineptum
308 1763 392 1790 videri
408 1763 501 1792 debet.
525 1765 662 1792 Cancrum
691 1765 724 1791 iis
739 1765 784 1800 qni
801 1765 935 1793 artiﬁcum
961 1770 1116 1794 nostrorum
1145 1767 1376 1801 comparationem
1400 1766 1566 1798 obtendunt,
1601 1773 1717 1801 quorum

89 1815 166 1834 nemo
181 1809 242 1835 sine
272 1810 386 1836 materia
403 1810 551 1844 quidquam
580 1809 690 1842 efﬁciat,
705 1811 901 1839 occurrendum
921 1811 1022 1839 nullam
1051 1819 1145 1839 eorum
1162 1812 1212 1839 hoc
1239 1812 1266 1839 in
1283 1819 1384 1846 genere
1412 1811 1617 1839 similitudinem
1645 1818 1718 1840 esse.

89 1852 230 1879 Materiam
251 1854 326 1880 enim
355 1855 456 1882 artiﬁci
480 1855 592 1883 cuilibet
609 1855 785 1883 Providentia
808 1856 930 1891 subjicit,
958 1865 1018 1892 qua:
1046 1865 1062 1884 a
1088 1858 1210 1893 principe
1232 1858 1360 1892 quadam,
1386 1865 1434 1885 seu
1453 1858 1571 1885 humana
1594 1858 1649 1889 illa.
1668 1865 1716 1885 seu

88 1898 177 1925 divina
200 1899 247 1932 sit,
273 1904 333 1927 arte
348 1900 461 1928 oriatur.
477 1901 564 1936 Atque
590 1901 648 1930 hzec
671 1902 914 1938 impraesentiarum
940 1905 1071 1933 adversus
1094 1913 1143 1933 eos
1166 1905 1233 1933 satis
1246 1909 1336 1938 erunt,
1362 1906 1410 1940 qui
1430 1906 1502 1942 quod
1527 1906 1563 1933 ita
1586 1906 1716 1941 scriptum

89 1943 196 1971 wideant
212 1953 220 1972 :
239 1954 249 1970 ι
268 1944 354 1973 Terra
372 1951 462 1974 autem
482 1952 541 1975 erat
561 1947 705 1977 invisibilis
737 1954 765 1977 et
790 1949 968 1985 incomposita
988 1950 1025 1982 ³⁸,
1038 1958 1048 1975 ι
1068 1956 1192 1978 naturam
1221 1959 1379 1986 corpoream
1405 1957 1482 1980 ortus
1514 1952 1603 1980 omnis
1618 1959 1714 1988 exper-

90 1994 143 2016 tem
157 1997 219 2017 esse
235 1991 395 2025 opinantur.

91 2039 1712 2065 Mm

413 2112 611 2156 ΤΟΜΟΥ
646 2110 688 2156 Γ’
725 2113 840 2157 ΤΩΝ
877 2114 962 2157 ΕΙΣ
998 2115 1114 2158 ΤΗΝ
1148 2115 1395 2159 ΓΕΝΕΣΙΝ.

701 2236 742 2291 Ε
783 2235 981 2292 ΤΟΜΟ
1024 2236 1100 2291 lll

390 2331 971 2380 COMMENTARIORUM
1012 2333 1075 2378 IN
1113 2332 1405 2379 GENESIM.
1445 2364 1449 2375 .

713 2467 761 2498 Ad
777 2470 868 2506 caput
886 2476 907 2504 ι,
931 2474 1012 2497 vers.
1030 2465 1076 2495 llr.

123 2524 160 2561 (6)
175 2527 243 2564 Περὶ
256 2527 304 2553 τοῦ
320 2527 359 2559 είς
373 2529 473 2563 σημεῖα
486 2530 625 2563 γεγονέναι
641 2531 704 2561 τοὺς
726 2530 871 2566 φωστῆρας

962 2528 1077 2561 l.Quod
1093 2526 1136 2555 hic
1152 2526 1277 2559 habetur,
1286 2526 1434 2554 luminaria
1441 2533 1501 2562 quae
1511 2533 1576 2555 sane
1589 2527 1641 2555 alia
1657 2534 1711 2556 non

90 2571 136 2598 οὐκ
151 2572 243 2605 ἄλλους
261 2574 338 2609 ἡλίου
355 2574 403 2600 καὶ
419 2574 543 2610 σελήνης,
565 2577 611 2602 καὶ
632 2576 685 2603 τῶν
705 2576 812 2612 ἄστρων
834 2577 870 2612 (7)

941 2580 989 2602 υιιι
1013 2582 1092 2609 quam
1112 2573 1161 2604 sol,
1190 2573 1264 2606 luna,
1279 2576 1431 2606 ceteraque
1452 2572 1552 2606 sidera,
1580 2576 1709 2609 tanquam

90 2619 276 2652 τυγχάνοντας,
295 2619 349 2646 τῶν
372 2620 473 2656 σφόδρα
496 2622 719 2656 ἀναγκαιοτάτων
737 2623 796 2649 ἐστὶ
815 2622 871 2649 δια-

939 2621 1000 2654 igua
1017 2619 1139 2654 quaedam
1155 2626 1215 2645 esse
1227 2618 1387 2649 constituta,
1403 2617 1429 2645 id
1445 2625 1509 2645 vero
1523 2622 1553 2645 ut
1565 2618 1709 2653 diligenter

89 2660 184 2694 λαῆεῖν,
197 2665 227 2690 οὺ
246 2665 327 2699 μόνον
343 2665 449 2693 πολλῶν
465 2666 549 2693 ἐθνῶν
565 2667 619 2693 τῶν
631 2667 680 2702 τῆς
696 2667 815 2702 Χριστοῦ
830 2667 874 2694 πί-

91 2715 168 2740 στεως
180 2709 338 2745 ἀλλοτρίων,
361 2711 552 2747 σφαλλομένων
573 2712 614 2744 εἰς
629 2712 674 2738 τὸν
690 2712 754 2747 περὶ
767 2712 815 2747 τῆς
836 2713 875 2739 εί-

122 2753 143 2768 "
157 2754 222 2781 Gen.
240 2763 261 2787 ι,
277 2756 306 2783 ‘2.

120 2808 158 2842 (ti)
178 2809 273 2836 Exstat
294 2812 346 2837 hoc
371 2811 467 2846 fragm.
491 2812 560 2845 apud
587 2812 685 2840 Euseb.
710 2813 756 2840 lib.
778 2821 804 2840 vr
829 2813 865 2841 De

90 2850 194 2883 [πίννη-Γ.
208 2847 369 2883 (τανισείηᾳι
388 2846 571 2883 ἰιινΡΙιὶΙησαίη
589 2855 647 2882 cup.
663 2849 709 2875 2‘2.
734 2848 877 2883 lulct‘pt‘um

91 2880 152 2906 ιιιιο
167 2879 262 2907 ιωιίιιιι
276 2879 318 2907 est
334 2879 380 2908 Fr.
396 2881 495 2916 Viguit.

926 2668 1090 2703 explicetur,
1113 2667 1139 2694 in
1164 2666 1259 2702 primis
1288 2665 1472 2693 necessarium
1496 2669 1548 2693 est.
1565 2665 1621 2693 Nec
1636 2665 1708 2693 enim

927 2715 1050 2749 plurima:
1076 2717 1170 2747 gentes
1199 2712 1288 2744 modo,
1306 2718 1369 2746 quae
1384 2718 1399 2738 a
1421 2710 1522 2739 Christi
1546 2710 1598 2738 ﬁde
1614 2711 1710 2739 aliena:

958 2815 995 2852 (ἶ)
1019 2815 1098 2852 BINL.
1112 2816 1244 2852 ἀστέρων.
1264 2815 1346 2852 Paulo
1361 2822 1433 2851 post,
1450 2816 1480 2843 οὐ
1502 2816 1582 2852 μόνον
1603 2815 1718 2844 πολλῶυε

922 2850 1016 2877 ἐθνῶν.
1035 2851 1131 2878 Euseb.
1148 2850 1242 2879 omisit
1257 2851 1370 2878 πολλῶν.
