1897 3059
119 105 148 132 8|
830 105 863 134 ΙΝ
880 106 910 133 Gl

977 105 1040 133 SIM.
1718 109 1753 136 ξιξ

120 157 175 186 τοῖς
192 155 296 186 τόποις,
314 153 475 188 ἀπογνῶναι
490 153 537 188 τὴν
559 152 622 187 περὶ
635 152 738 179 τούτων
754 153 910 188 κατάληψιν.

977 153 1136 180 ierationcm
1164 153 1308 189 appellant,
1337 153 1473 188 exquisite
1491 155 1541 182 abs
1561 162 1620 181 sese
1643 154 1752 182 delendi

119 201 247 236 οὐδαμῶς
271 199 426 236 ἀνθρώποις
453 199 625 234 ἐκκειμένην,
643 198 701 225 ἀλλ’
717 200 740 225 εξ
756 199 810 233 ἄρα
835 199 914 235 μέχρι

117 248 166 276 τοῦ
184 247 358 283 σημανθῆναι
376 247 458 282 μόνον
471 245 633 280 φθάνουσαν.
650 245 680 271 ΕΞ
694 245 722 272 δέ
739 254 779 277 τις
794 246 823 272 ὲν
831 245 915 280 πείρᾳ.

118 293 267 327 γεγένηται
283 290 337 317 τῶν
359 290 542 326 πραγμάτων,
556 289 655 324 μᾶλλον
671 289 775 316 εἴσεται
786 290 815 315 τὸ
835 290 863 316 ὲν
877 289 916 324 τῷ

117 339 302 375 στοχάζεσθαι
319 339 509 365 ἀποπτωτικὸν
531 337 584 364 τῶν
605 337 747 371 λεγόντων,
763 337 809 363 καὶ
825 336 915 364 αὐτῶν

117 385 369 420 αυγγραψαμένων,
382 385 456 420 ἤπερ
463 383 637 419 νομιζόμενον
647 382 701 418 (12)
715 382 912 410 ὲπιτευκτικόν.

118 433 175 459 Καὶ
198 431 313 462 Ἰισαῖας
329 430 403 464 γοῦν,
418 430 456 462 ὡς
468 429 498 456 οὐ
506 429 662 464 δυναμένων
676 428 777 455 τούτων
790 428 916 463 εὑρίσκε-

117 480 183 504 σἿαι
210 478 264 504 ὑπὸ
278 476 439 512 ἀνθρώπιον,
458 476 525 511 φησὶ
548 475 615 510 πρὸς
635 475 684 510 τὴν
709 474 846 510 θυγατέρα
861 474 915 500 τῶν

116 523 276 553 Χαλδαίων,
292 522 347 548 τῶν
363 522 448 548 ταῦτα
467 521 584 556 μάλιστα
606 520 682 555 παρὰ
705 521 808 551 πάντας
829 521 915 553 ἑπαγ-

116 569 301 604 γελλομένων·
322 579 330 593 ι
352 567 497 602 Στὴτωσαν
512 566 544 602 δὴ
571 566 619 592 καὶ
645 565 810 592 σωσάτωσάν
838 573 866 591 σε
890 565 915 590 οἱ

116 615 281 650 ἀστρολόγοι
294 614 341 640 τοῦ
357 613 482 648 οὐρανοῦ·
499 610 739 645 ὰναγγειλάτωσάν
753 619 793 637 σοι
809 610 834 636 τί
851 610 914 646 μέλ-

117 660 158 686 λει
183 660 231 686 ἐπὶ
257 659 287 685 σὲ
304 658 440 694 ἐρχεσθαι’
457 667 466 682 ι
487 656 530 683 διὰ
545 656 600 692 γὰρ
612 655 714 682 τούτων
729 655 914 690 διδασκόμεθα

119 704 158 738 μὴ
173 702 307 729 δύνασθαι
318 702 381 733 τοὺς
401 701 470 728 πάνυ
491 701 554 736 περὶ
568 700 653 727 ταῦτα
669 699 827 736 φιλομαθεῖς
846 708 914 736 προ-

116 749 227 784 δηλοῦν,
261 749 279 775 ἃ.
308 747 466 782 βεϐούληται
496 746 597 784 Κύριος
622 746 730 782 ἑκάστῳ
755 745 826 773 ἔθνει
845 745 914 772 ἑπα-

118 796 228 829 γαγεῖν.

966 205 1018 223 non
1058 204 1137 231 posse
1178 197 1343 225 fatelnmtur.
1383 198 1522 232 Contingit
1558 199 1629 226 enim
1659 200 1752 234 saepis-

965 243 1051 275 sime,
1075 248 1104 269 ut
1135 243 1175 269 vel
1215 243 1364 270 inlestioris
1390 244 1469 278 hujus
1507 244 1574 271 astri
1602 245 1654 274 ris,
1681 245 1752 280 quod

965 289 1088 322 emersit,
1114 289 1227 315 alterius
1244 289 1374 317 felicioris
1395 295 1508 325 aspectu
1526 290 1610 324 magis
1627 290 1754 317 minusve

967 335 1128 361 rclttntlntur
1145 344 1151 361 :
1172 335 1212 362 vel
1233 340 1262 362 ιιι
1282 336 1308 363 id
1342 337 1429 371 ipsum
1456 336 1604 370 quominus
1632 337 1752 368 eveniat,

966 381 1096 408 felicioris
1113 386 1240 415 aspeelus
1262 381 1401 416 impediat,
1427 386 1572 417 propterea
1596 382 1670 416 quod
1687 382 1754 408 alte-

966 434 1024 453 rum
1046 427 1072 453 in
1088 427 1140 454 hoc
1152 427 1205 454 situ
1225 427 1272 460 sit,
1289 427 1424 454 deteriora
1445 428 1613 462 signiﬁcans.
1633 426 1671 455 Ac
1687 428 1753 454 mihi

965 479 1031 499 sane
1053 472 1090 499 ita
1115 472 1279 506 persuadeo,
1299 472 1425 507 quisquis
1443 473 1468 499 in
1493 473 1614 499 locorum
1639 472 1753 498 istonnn

965 516 1158 551 disquisitione
1180 517 1346 548 versabitur,
1370 517 1605 550 pronuntiaturum
1619 524 1680 543 eum
1700 516 1753 543 uli-

964 570 1027 597 que,
1049 567 1218 597 perspectam
1235 562 1460 597 exploratamque
1478 562 1633 589 mortalium
1652 562 1753 590 nemini

965 616 1059 635 eorum
1080 607 1213 634 rationem
1232 615 1304 640 esse,
1318 607 1365 635 sed
1381 608 1406 635 ei
1419 608 1551 635 duntaxat
1571 608 1623 634 vim
1647 607 1752 643 signilin

964 654 1042 681 candi
1058 653 1176 688 aliquam
1193 654 1226 680 ad
1243 661 1379 681 sumntum
1395 653 1509 681 concedi
1527 660 1615 688 posse.
1637 653 1689 686 Qui
1703 662 1753 680 au-

964 704 1017 726 tem
1035 706 1077 726 res
1089 698 1342 734 ipsas-experientia
1359 698 1415 733 ipse
1429 706 1476 726 sua
1489 699 1656 732 probaverit,
1671 705 1752 733 agno-

964 749 1022 772 scet
1041 744 1087 772 ille
1105 743 1228 779 profecto
1247 743 1272 770 id
1290 743 1432 771 hominum
1455 751 1541 778 genus
1561 744 1587 770 in
1603 744 1661 770 suis
1682 744 1754 776 illis,

965 798 1034 826 quas
1049 795 1096 817 aut
1111 797 1177 817 voce
1195 794 1242 816 aut
1257 789 1362 824 scripto
1376 789 1544 824 concipiunt,
1558 789 1753 823 przcsensioni-

119 842 170 868 bus
199 841 278 875 longe
303 840 402 874 sar-pius
436 840 576 872 aberrare,
612 847 705 874 quam,
731 840 804 874 quod
833 839 883 866 sibi
912 839 1027 873 lingunt,
1058 845 1154 864 verum
1177 837 1320 872 attingere.
1348 835 1532 869 Quamobrem
1559 835 1754 870 lsaias,qood

117 895 150 912 ea
175 891 252 912 certo
267 885 301 911 ab
316 884 471 912 hominibus
497 885 569 912 nullo
588 885 667 912 modo
692 885 776 912 teneri
804 885 926 920 possint,
957 883 1146 911 Chaldaeorum
1169 882 1262 915 tiliam,
1276 881 1321 916 qui
1347 882 1418 909 hanc
1436 881 1575 909 divinandi
1593 885 1679 909 artem
1703 881 1754 908 sibi

117 940 173 966 pra:
186 930 316 958 omnibus
327 931 480 964 sumebant,
496 931 567 958 hunc
577 931 602 957 in
618 932 726 958 modunn
740 931 899 966 compellat:
918 939 927 957 ι
954 930 1033 958 Stent
1051 937 1116 958 vero
1127 937 1158 957 ac
1172 929 1278 957 salvent
1298 933 1325 957 te
1341 928 1468 964 astrologi
1492 927 1553 955 coeli
1567 935 1574 954 :
1591 927 1755 954 annuntient

119 978 168 1005 ι.ϋί
182 978 254 1012 quod
268 985 351 1012 super
364 983 391 1005 te
410 983 552 1005 venturum
565 983 606 1005 est
619 978 661 1005 "z
677 988 686 1004 ι
702 979 802 1014 quibus
818 986 869 1006 nos
883 986 950 1006 sane
961 978 1054 1006 docuit
1069 985 1101 1004 ne
1117 977 1150 1004 ab
1166 977 1220 1004 illis
1234 977 1342 1011 quidem
1357 976 1433 1012 ipsis,
1449 976 1493 1010 qui
1510 976 1631 1003 resistas
1643 982 1753 1003 sommo

117 1031 146 1053 ct
163 1025 302 1052 acerrimo
317 1025 408 1052 studio
428 1031 637 1060 prosequuntur,
659 1027 724 1062 quid
750 1035 859 1062 quoque
870 1027 969 1062 popqu
995 1026 1084 1054 facere
1101 1026 1232 1053 Dominus
1244 1025 1380 1058 statuerit,
1396 1024 1574 1060 prtenuntiari
1601 1031 1691 1058 posse.

156 1072 214 1098 Νῦν
231 1072 285 1108 γὰρ
302 1073 340 1104 ὡς
358 1072 425 1108 πρὸς
451 1073 500 1108 τὴν
514 1073 586 1106 λέξιν
607 1074 663 1109 (15)
688 1075 719 1102 τὸ
743 1075 910 1111 προφητικὸν

1000 1074 1053 1110 19
1073 1074 1117 1101 1‘2.
1148 1073 1207 1101 .lam
1233 1073 1333 1101 dictum
1360 1073 1519 1108 prophetae.
1543 1073 1631 1106 quoad
1653 1072 1754 1099 nudam

117 1117 312 1153 ὲξειλήφαμεν·
322 1119 346 1144 εἰ
356 1119 384 1145 δέ
397 1127 478 1154 φησιν
492 1119 506 1145 ὁ
521 1119 617 1146 Ἰακὼὸ
627 1121 844 1154 ἁνεγνωκέναιὲν
855 1123 914 1153 ταῖς

118 1163 200 1196 πλαξὶ
223 1164 271 1190 τοῦ
292 1164 406 1200 οὐρανοῦ
428 1165 484 1201 (Η)
505 1165 539 1192 τὰ
565 1166 760 1202 συμῆησόμενα
776 1169 832 1200 τοῖς
847 1169 916 1200 υἱοῖς

118 1211 212 1241 αὑτοῦ,
231 1212 278 1237 καὶ
289 1212 351 1238 ὅσον
366 1212 413 1238 ὲπὶ
433 1212 521 1247 τούτῳ
533 1213 667 1247 ἀντιλέγοι
680 1223 723 1246 τις
739 1214 771 1241 ἂν
783 1215 860 1250 ἡμῖν,
874 1215 914 1241 ὅτι

117 1256 227 1282 ἐναντία
243 1253 284 1287 οἷς
301 1256 451 1291 εἰρήκαμεν
467 1256 592 1292 δηλοῦται
603 1257 647 1284 διὰ
664 1259 713 1294 τῆς
725 1259 845 1294 Γραφῆς²
860 1259 914 1286 ἐλέ-

118 1310 204 1336 γομεν
230 1301 285 1337 γὰρ
311 1301 454 1337 ἄνθρωπον
478 1302 676 1338 ἀκαταλήπτως
701 1303 772 1339 ἔχειν
794 1304 848 1330 τῶν
863 1313 912 1339 ση-

118 1346 215 1380 μείων·
231 1347 247 1372 ὸ
261 1345 289 1372 δὲ
308 1346 404 1372 Ἰακώϐ
426 1355 507 1382 φησιν
522 1347 704 1381 ἀνεγνωκέναι
717 1349 745 1375 ὲν
758 1350 816 1381 ταῖς
833 1349 913 1382 πλαξὶ

117 1391 164 1418 τοῦ
182 1391 312 1426 οὐρανοῦ
329 1392 646 1428 ἀπολογησόμεθα,ὄτιοὶ
661 1393 720 1420 καθ’
737 1395 810 1429 ἡμᾶς
826 1395 912 1428 σοφοὶ,

119 1437 257 1472 πνεύματι
276 1439 461 1474 περισσοτέρῳ
482 1439 650 1475 χρησάμενοι
670 1439 720 1474 τῆς
740 1440 914 1476 ἀνθρωπίνης

117 1484 237 1516 φῦτεως,
255 1485 306 1510 οὐκ
327 1484 513 1519 ἀνθρωπίνως,
536 1485 614 1518 θείως
637 1486 665 1512 δὲ
688 1486 857 1513 διδάσκονται
878 1488 913 1514 τὰ

116 1530 272 1564 ἀπόρρητα·
289 1529 383 1565 ὥσπερ
398 1531 412 1556 ὁ
438 1530 552 1563 Παῦλος,
574 1531 669 1566 λέγων·
690 1542 699 1557 ι
727 1533 850 1560 Ἤκουσα
865 1534 913 1569 ἅρ-

118 1579 188 1614 ρςτα
207 1576 332 1610 ῥήματα,
344 1575 361 1603 ἃ
373 1577 423 1603 οὐκ
436 1577 495 1609 ἐξὸν
514 1577 650 1614 ἀνθρώπῳ
668 1577 792 1613 λαλῆσαι·
814 1589 823 1605 ›
839 1580 913 1606 ἴσασι

116 1623 172 1656 γαρ
189 1621 300 1656 τροπῶν
323 1622 443 1657 ἀλλαγὰς
458 1623 505 1649 καὶ
523 1623 673 1659 μεταϐολὰς
692 1624 805 1660 καιρῶν,
822 1626 912 1651 ἐνιαυ-

115 1666 172 1692 τῶν
200 1666 327 1698 κύκλους,
353 1668 399 1694 καὶ
421 1668 545 1704 ἀστέρων
562 1668 660 1700 θέσεις,
684 1669 734 1695 οὐκ
748 1670 794 1696 ἀπ’
812 1669 913 1705 ἀνορώε

118 1720 188 1743 πων,
204 1712 267 1738 οὑδὲ
286 1712 320 1738 δι’
344 1713 506 1748 ἀνθρώπων,
523 1713 590 1740 ἀλλὰ
606 1714 653 1740 τοῦ
670 1714 825 1751 πνεύματος
846 1716 913 1743 ἀπο-

118 1757 304 1789 καλύπτοντος
321 1758 422 1790 αὐτοῖς,
438 1760 484 1785 καὶ
502 1759 641 1794 καθαρῶς,
654 1760 691 1791 ὡς
704 1748 775 1787 θέλει
791 1762 806 1787 ὁ
835 1761 911 1794 Θεὸς,
926 1748 948 1777 c

116 1802 150 1828 τὰ
164 1802 225 1829 θεῖα
243 1803 472 1837 ἀπαγγέλλοντος.
490 1805 544 1832 Καὶ
560 1805 647 1837 ἄλλως
662 1806 691 1832 δὲ
709 1807 723 1832 ό
744 1806 840 1833 Ἰακὼδ
859 1807 913 1843 μεί-

117 1848 172 1878 ζων
184 1848 200 1882 ἢ
217 1848 289 1874 κατὰ
306 1848 450 1884 ἄνθρωπον
463 1847 506 1885 ἦν,
523 1851 672 1886 πτερνίζων
683 1850 728 1877 τὸν
742 1851 854 1886 ἀδελφὸν
865 1853 913 1879 αὑ·

115 1893 178 1925 τοῦ,
197 1894 246 1920 καὶ
259 1895 396 1929 ὁμολογῶν
420 1895 449 1921 ὲν
466 1896 534 1931 αὐτῇ
550 1897 635 1932 ταύτῃ
656 1898 689 1932 τῇ
708 1897 800 1933 βίϐλῳ,
818 1899 863 1932 ἀφ’
879 1896 913 1934 ἧς

118 1939 297 1974 παρεθέμεθα
314 1941 354 1966 τό·
371 1950 380 1966 ‹
406 1941 539 1976 ’Δνέγνων
555 1943 584 1968 ὲν
599 1945 660 1975 ταῖς
676 1943 757 1976 πλαξὶ
769 1944 816 1971 τοῦ
835 1945 914 1979 οὐρα-

116 1985 176 2016 νοῦ,
192 1995 200 2011 ι
219 1983 289 2011 εἶναι
305 1987 509 2022 ἀρχιχιλίαρχος
523 1988 663 2023 δυνάμεως
676 1989 789 2025 Κυρίου,
803 1990 849 2016 καὶ
860 1990 914 2016 ὅνο-

117 2040 158 2065 μα
174 2031 260 2058 παλαι
273 2033 442 2068 κεκτημένος
468 2033 586 2069 Ἰσραήλ·
601 2034 670 2069 ὅπερ
692 2035 721 2060 ἐν
738 2034 843 2070 σώματι
860 2036 913 2063 λει-

116 2077 244 2113 τουργῶν
270 2078 461 2114 ἀναγνωρίζει,
490 2079 743 2115 ὑπομιμνήσκοντος
763 2081 843 2108 αὐτὸν
865 2082 913 2109 τοῦ

115 2123 292 2158 ἀρχαγγέλου
307 2124 420 2160 Οὑριήλ.

154 2169 234 2196 Μετὰ
248 2170 333 2197 ταῦτα
340 2170 463 2197 λείπεται
480 2170 604 2204 ἐξετάσαι
613 2171 658 2198 καὶ
666 2172 842 2208 παραστῆσαι
858 2174 913 2204 τοῖς

116 2216 304 2248 πιστεύουσιν,
318 2216 360 2242 ὅτι
372 2217 411 2248 εἰς
432 2219 532 2252 σημεῖα
550 2219 654 2245 κεῖνται
670 2219 694 2245 οἱ
708 2219 850 2255 φωστῆρες
866 2219 913 2246 τοῦ

115 2262 248 2296 copo-10'3-
262 2262 384 2298 σανθήσῃ
393 2262 422 2288 δὲ
439 2263 492 2288 ὑπὸ
508 2264 561 2290 τῶν
577 2264 784 2300 περιεργότερον
799 2265 915 2300 φερομέ-

116 2317 172 2334 νων
197 2309 239 2339 εἰς
262 2309 325 2340 τοὺς
340 2308 450 2341 τόπους,
470 2309 512 2341 τίς
528 2309 544 2344 ἡ
561 2310 634 2336 αἰτία
652 2310 699 2337 τοῦ
717 2310 804 2337 ταῦτα
815 2310 849 2337 τὰ
867 2319 914 2346 ση-

119 2356 185 2389 μεῖα
198 2355 244 2380 τὸν
257 2354 324 2381 Θεὸν
340 2355 518 2389 πεποιηκέναι
544 2357 573 2381 ὲν
586 2356 624 2391 τῷ
639 2356 755 2392 οὐρανῷ.
774 2357 830 2383 Καὶ
841 2356 914 2383 ἔστιν

117 2402 206 2427 εἰπεῖν
224 2400 332 2435 πρῶτον
346 2400 406 2435 μὲν,
422 2401 462 2427 ὃτι
480 2400 643 2436 πιστεύομεν
661 2401 696 2428 τὰ
705 2401 756 2436 τῆς
772 2402 913 2436 μεγαλειό-

245 2427 251 2435 .
346 2427 351 2435 .
400 2427 405 2432 ι
594 2427 600 2436 .
734 2427 754 2436 ,ρ
772 2427 778 2436 ι
813 2427 832 2435 ,ν
890 2427 894 2428 ν

118 2455 198 2481 τητος
215 2445 262 2472 τοῦ
279 2446 325 2472 νοῦ
339 2445 385 2472 τοῦ
400 2446 469 2472 Θεοῦ
485 2447 572 2472 πᾶσαν
595 2446 694 2480 γνῶσιν
711 2446 759 2482 τὴν
774 2447 839 2482 περὶ
853 2447 913 2474 ἑκά·
929 2427 952 2457 D

117 2499 181 2517 amo
193 2491 246 2517 τῶν
256 2491 342 2518 ὄντων
356 2490 609 2526 ὲμπεριειληφότος,
622 2490 692 2517 ὥστε
707 2491 773 2526 μηδὲ
788 2491 818 2517 τὸ
833 2492 913 2526 τυχὸν

119 2538 165 2564 καὶ
191 2537 370 2573 νομιζόμενον
393 2536 534 2571 ἐλάχιστον
551 2535 691 2562 λανθάνειν
715 2536 762 2570 τὴν
788 2537 913 2573 θειότητα

153 2615 173 2631 ⁸¹
188 2615 249 2643 lsai.
267 2623 352 2647 nm,
372 2615 414 2642 I7.
465 2613 488 2629 "
506 2613 527 2641 Il
540 2614 602 2641 Cor.
617 2622 664 2645 xu,
679 2613 705 2640 4.

153 2688 206 2725 (12)
227 2689 330 2721 νίκαν..
345 2689 421 2730 ἥπερ
435 2685 466 2712 τὸ
478 2685 664 2746 νοιριζόμενον.

153 2725 201 2746 1131
223 2725 287 2746 Νῦν
309 2723 378 2746 «vin.
396 2732 438 2746 mr'
465 2727 504 2746 ἔτι)
524 2731 540 2746 (‘
565 2721 621 2746 τὴν
642 2722 664 2746 ,Ζ

150 2720 203 2756 Ηὸί
220 2720 287 2752 Νῦν
309 2720 378 2758 γὰί),
396 2720 438 2754 ὠς
465 2720 540 2754 πρὸς
565 2720 621 2754 τὴν
641 2720 738 2758 Σλέξιν⁷
754 2725 806 2758 cte.
833 2720 908 2758 Ilautl

118 2762 176 2787 satis
194 2755 256 2788 seio
283 2755 438 2786 etir'hane
462 2758 606 2791 praesentis
638 2755 780 2790 iragmenti
809 2756 907 2782 seriem

116 2803 186 2827 qum"
200 2797 318 2824 ulubq-t
338 2793 448 2820 l’loilor.
467 2799 528 2824 cap.
605 2791 672 2817 alias
685 2791 730 2822 ‘23,
749 2791 775 2817 in
791 2799 838 2827 sua
853 2791 910 2817 edi-

115 2825 178 2861 time
193 2831 327 2860 omiserit
345 2827 522 2856 clarissimus
538 2825 659 2854 lluelius.
676 2827 811 2854 Caeterum
828 2825 909 2860 hujus

968 1120 1099 1152 litteram,
1113 1120 1290 1154 exposuimus
1311 1129 1317 1146 :
1335 1119 1357 1146 si
1376 1126 1442 1146 vero
1458 1117 1542 1146 Jaeob
1558 1119 1596 1145 ait
1616 1118 1713 1152 legisse
1726 1125 1756 1145 se

967 1166 994 1193 in
1010 1166 1111 1193 tabulis
1124 1165 1186 1193 cteli
1204 1172 1265 1200 quze
1280 1164 1342 1192 ﬁliis
1357 1165 1413 1192 suis
1427 1169 1556 1191 eventura
1576 1168 1658 1196 sunt,
1673 1167 1755 1198 atque

967 1211 1069 1239 idcirco
1093 1211 1172 1238 nobis
1196 1215 1316 1245 opponat
1337 1210 1437 1244 aliquis
1457 1209 1597 1237 contraria
1620 1208 1670 1241 iis,
1695 1217 1756 1244 quae

965 1257 1093 1288 diximus,
1113 1263 1161 1292 per
1176 1256 1333 1290 Seripturas
1353 1255 1486 1283 declarari
1502 1264 1508 1282 :
1522 1255 1659 1282 hominem
1681 1255 1754 1282 cnim

965 1302 1125 1330 dicebamus
1151 1303 1228 1338 signa
1258 1309 1311 1329 non
1340 1309 1420 1337 posse
1446 1301 1695 1336 comprehendere;
1728 1305 1757 1327 at

964 1348 1048 1376 Jacob
1062 1349 1088 1376 in
1105 1348 1206 1376 tabulis
1219 1349 1280 1376 coeli
1298 1348 1337 1375 ait
1351 1356 1380 1375 se
1395 1348 1494 1383 legisse
1507 1357 1513 1374 :
1530 1348 1759 1382 respondebimus

965 1399 1071 1422 nostros
1091 1395 1245 1429 sapientes,
1267 1395 1459 1422 excellentiore
1481 1394 1578 1428 spiritu
1602 1401 1684 1428 quam
1705 1402 1760 1428 pro.

965 1442 1080 1468 humana
1093 1446 1189 1468 natura
1206 1449 1279 1474 usos,
1298 1449 1349 1468 non
1371 1441 1540 1472 humanitus,
1556 1440 1601 1468 sed
1623 1440 1755 1468 divinitus

964 1494 1063 1514 arcana
1079 1487 1205 1520 edoceri;
1220 1487 1449 1521 qucrnttdtnodtnn
1466 1486 1565 1514 Paulus
1575 1486 1644 1513 dixit
1660 1495 1667 1513 :
1685 1487 1755 1514 «Au-

964 1533 1017 1559 divi
1033 1540 1131 1559 areana
1150 1532 1230 1559 verba
1243 1540 1303 1567 quae
1325 1540 1377 1559 non
1393 1532 1457 1559 licet
1472 1533 1575 1560 homini
1595 1532 1668 1567 loqui
1687 1533 1726 1564 ";
1742 1543 1751 1559 ι

963 1579 1053 1607 sciunt
1076 1579 1148 1606 enim
1169 1578 1380 1605 eonversiomun
1407 1579 1573 1606 mutationes
1596 1583 1623 1605 et
1650 1584 1755 1613 tempo-

964 1632 1034 1656 rum,
1048 1631 1180 1651 annorum
1196 1623 1323 1655 circulos,
1337 1624 1457 1650 siderum
1472 1625 1631 1658 positiones,
1649 1632 1702 1651 non
1719 1623 1756 1651 ab

964 1670 1127 1702 hominibus,
1153 1677 1240 1704 neque
1258 1677 1306 1704 per
1329 1669 1465 1702 homines,
1491 1670 1539 1697 sed
1568 1670 1664 1705 spiritu
1688 1678 1754 1705 ape-

965 1717 1051 1754 riente
1078 1716 1155 1750 ipsis,
1178 1721 1205 1743 et
1231 1723 1298 1751 pure
1316 1716 1462 1750 uudeque,
1483 1721 1513 1743 ut
1526 1716 1584 1743 Vult
1606 1716 1686 1750 Deus,
1711 1724 1759 1745 res

965 1753 1070 1789 divinas
1086 1762 1256 1789 enuntiante.
1283 1761 1350 1788 Nam
1371 1767 1399 1789 et
1423 1761 1505 1789 Jacob
1533 1762 1643 1790 homine
1669 1762 1754 1797 major

964 1812 1032 1840 erat,
1055 1807 1155 1842 quippe
1185 1807 1230 1842 qui
1256 1807 1446 1842 supplantaret
1475 1807 1588 1835 fratrem
1616 1815 1707 1840 suum,
1728 1812 1756 1836 et

965 1853 1083 1880 fateatur
1105 1853 1131 1879 in
1154 1860 1187 1879 eo
1225 1853 1283 1887 ipso
1314 1852 1393 1885 libro,
1420 1860 1453 1880 ex
1481 1861 1535 1887 quo
1567 1853 1753 1888 protulimus:

966 1907 975 1923 ι
997 1897 1060 1933 Legi
1073 1897 1100 1924 in
1117 1897 1216 1924 tabulis
1230 1898 1302 1929 creli,
1314 1907 1324 1923 ι
1341 1906 1370 1925 se
1381 1905 1442 1925 esse
1460 1899 1610 1933 principem
1629 1899 1754 1926 tribuno-

965 1950 1023 1969 rum
1037 1943 1174 1970 exercitus
1191 1942 1307 1974 Domini,
1323 1944 1521 1978 etjampridem
1534 1944 1634 1971 habere
1654 1953 1754 1972 nomen

965 1987 1045 2015 Israel
1063 1998 1068 2015 ε
1087 1987 1158 2023 quod
1176 1989 1284 2022 quidem
1301 1995 1415 2022 corpore
1442 1989 1600 2016 miuistraus
1618 1997 1750 2024 recogno-

964 2034 1025 2067 soit,
1054 2034 1080 2060 in
1109 2035 1270 2061 memoriam
1293 2040 1458 2066 revocante.
1477 2035 1619 2071 ipsumque
1642 2038 1755 2064 subruu-

965 2085 1048 2107 nente
1069 2080 1144 2108 Uriel
1158 2081 1334 2115 arehangelo.

1001 2169 1044 2196 l5.
1060 2168 1120 2196 Jam
1140 2169 1274 2204 reliquum
1294 2175 1336 2197 est
1358 2175 1386 2196 ut
1411 2170 1579 2205 disputemus
1606 2177 1634 2199 et
1660 2172 1753 2207 expli<

965 2223 1058 2244 cemus
1072 2216 1246 2243 credentibus
1256 2236 1263 2248 ,
1287 2216 1313 2242 in
1331 2216 1407 2251 signa
1429 2217 1516 2250 posita
1531 2224 1590 2244 esse
1605 2218 1749 2245 luminaria

964 2262 1044 2295 t‘celi;
1064 2261 1112 2290 sed
1129 2262 1264 2296 urgebunt
1283 2266 1308 2288 te
1322 2262 1369 2296 qui
1384 2262 1532 2296 Scriptura:
1553 2264 1626 2290 locos
1639 2271 1754 2290 accura-

965 2309 1018 2336 tius
1032 2308 1225 2343 pervestigant,
1240 2312 1268 2334 et
1282 2308 1416 2342 rogabunt
1434 2316 1494 2342 quae
1510 2317 1594 2336 causa
1606 2310 1642 2336 sit
1654 2317 1751 2344 quam-
1797 2314 1802 2319 '

966 2355 1062 2383 obrem
1095 2356 1167 2382 Deus
1204 2355 1261 2382 haec
1284 2354 1360 2390 signa
1383 2353 1409 2381 in
1425 2355 1497 2382 caelo
1519 2355 1623 2382 fecerit.
1652 2354 1754 2387 Quibus

966 2402 1083 2436 primum
1101 2401 1318 2436 respondendum
1336 2405 1377 2426 est
1389 2419 1397 2432 ,
1416 2401 1528 2427 credere
1548 2407 1597 2427 nos
1618 2400 1754 2434 magnitu-

966 2448 1056 2474 dinem
1071 2447 1169 2474 diviuae
1187 2447 1286 2474 utentis
1309 2454 1418 2474 onmem
1441 2446 1562 2472 notitiam
1584 2445 1761 2480 singularum.

967 2500 1058 2519 rerum
1076 2493 1102 2519 in
1118 2500 1147 2519 se
1164 2492 1396 2527 comprehendere
1407 2513 1414 2524 ,
1429 2492 1463 2518 ita
1481 2497 1509 2518 ut
1524 2499 1610 2526 neque
1627 2491 1754 2518 minutis-

966 2538 1047 2572 sima,
1072 2542 1099 2565 et
1117 2546 1177 2572 qute
1206 2538 1282 2565 nihili
1309 2539 1477 2573 penduntur,
1499 2538 1584 2572 ipsius
1614 2537 1755 2565 divinitati

964 2687 1045 2714 seriei
1061 2686 1250 2721 interpretatio
1264 2686 1359 2713 Latina
1375 2689 1416 2721 est
1433 2684 1546 2721 Joannis
1562 2684 1668 2721 Tarini.

1000 2723 1062 2758 (l4),
1152 2723 1217 2758 mir;
1235 2720 1328 2758 πλαξὶ
1348 2720 1400 2746 τοῦ
1422 2719 1564 2758 ο-ἰῳιῑνοῖγἶ
1584 2717 1750 2758 Videuloart.

963 2754 1064 2784 Altierti
1081 2757 1196 2783 Fabricii
1215 2757 1336 2782 codicem
1362 2755 1622 2790 pseudepigraphum
1647 2754 1752 2781 Veteris

964 2792 1142 2823 'l‘estamenti,
1159 2799 1220 2826 pag.
1236 2791 1284 2818 551
1302 2796 1328 2818 et
1344 2798 1419 2825 5mm.
