1897 3059
144 111 178 139 85
875 107 893 135 0

1024 107 1048 134 5
1737 105 1773 134 ει

144 169 230 196 latere
247 168 369 204 possint.
382 169 454 205 quod
468 169 596 197 nimirum
611 169 730 196 ostendit
743 176 804 196 eum
818 176 893 195 numt‘

1024 166 1077 198 τοῦ,
1090 165 1169 199 δόξαν
1194 166 1243 201 μὲν
1260 165 1382 201 περιέχει
1397 164 1443 192 τοῦ
1456 164 1538 191 οἱονεὶ
1552 164 1652 200 ἄπειρα
1665 164 1773 200 ἀριθμῷ

144 215 227 242 veluti
244 215 350 242 inllnIta
364 215 389 242 in
405 223 435 243 se
451 216 680 251 comprehendere
691 236 697 248 ,
716 222 768 242 tton
789 215 930 250 perspicua

144 261 379 289 demonstratione
392 281 399 294 ,
414 263 460 289 sed
478 261 549 293 lide,
574 268 633 297 qua:
653 261 780 296 ingenitas
803 261 885 288 menti
904 265 932 287 et

145 307 300 334 universam
315 312 439 334 naturam
453 307 627 334 antecellenti
641 307 797 335 conveniat.
813 307 889 340 Quod
903 312 933 335 ut

145 353 313 388 experientia
332 353 366 380 ab
383 353 416 380 iis
433 353 478 387 qui
497 353 615 388 majores
634 354 743 381 homine
766 359 846 386 sunt,
866 360 894 382 et
916 362 931 381 τι

145 399 249 426 sanctis
267 399 402 426 mentibus
413 399 537 434 corporis
552 399 660 427 vinculo
672 399 768 427 solutis
779 407 811 427 ac
827 399 930 433 liberis,

146 443 321 478 intelligatur,
339 448 468 479 tanquam
495 444 600 472 litteras
624 450 652 472 et
679 446 856 473 characteres
883 453 932 480 per

145 488 296 515 caelestium
327 489 435 516 orbium
465 490 670 517 conversionem
706 491 771 518 fecit
803 491 829 518 in
863 491 933 519 cmlo

144 535 226 566 Deus,
244 535 288 562 ubi
314 540 342 563 et
367 536 438 563 docti
456 541 483 563 et
495 536 607 564 docendi
626 537 702 572 signa
729 537 775 565 Dei
799 537 930 573 legerent.

143 580 198 608 Nec
214 589 278 609 vero
289 582 442 609 mirandum
459 586 500 609 est
520 582 616 616 Deum,
634 588 664 610 ut
677 591 706 611 se
722 584 808 612 beatis
819 585 931 612 demon-

144 629 222 658 stret,
239 626 361 660 qumdam
384 625 494 661 fecisse,
516 633 577 655 cum
596 627 735 656 Pharaoni
756 628 829 656 dicat
854 629 930 657 Scri-

144 675 253 705 pturan
265 672 328 700 Ideo
337 672 450 700 excitavi
467 677 503 707 te,
526 678 555 701 ut
571 674 743 701 ostenderem
758 675 784 701 in
802 679 829 702 te
844 675 932 702 virtu-

145 721 198 744 tem
217 724 316 749 meam,
336 721 363 745 et
385 722 523 746 utnomen
539 727 629 747 mettm
655 720 681 747 in
710 720 835 748 universa
858 726 930 749 terra

143 763 348 798 pervulgaretur
363 763 396 791 “.
413 774 423 791 ι
444 764 472 792 Si
487 765 559 793 enim
577 771 732 794 asservatus
751 773 792 796 est
812 768 930 801 Pharao,

143 813 171 836 ut
183 808 236 843 20
253 809 438 837 declararetnr
453 813 571 845 potentia
587 812 645 845 Dei.
662 818 690 840 et
713 822 810 841 nomen
827 814 885 848 ejus
903 814 930 842 in

143 855 269 881 universa
281 860 351 882 terra
366 857 570 892 praedicaretur,
590 859 779 887 animadverte
801 865 930 896 quantam

143 899 352 928 declarationem
373 901 482 929 virtutis
494 901 540 930 Dei
563 904 687 932 cmlestia
706 904 782 940 signa
804 913 929 940 compre-

144 945 350 979 hendanl,cum
372 954 385 974 a
408 947 495 983 primo
525 957 584 977 πονο
607 950 640 978 ad
667 952 928 979 consummationem

143 991 235 1018 saeculi
270 992 351 1026 digno
382 993 428 1020 Dei
465 994 534 1022 libro
568 997 639 1023 cosio
679 996 807 1032 impressa
838 998 928 1024 omnia

143 1040 170 1063 ct
210 1037 340 1071 inscripta
379 1038 443 1065 sint.
489 1039 591 1068 Deinde
629 1041 743 1076 conjicio
784 1041 929 1068 virtutibus

143 1082 219 1113 illis.
251 1084 350 1118 quibus
381 1091 425 1112 res
460 1085 584 1113 humana:
628 1091 769 1121 reguntur,
807 1087 928 1122 qumdam

142 1128 218 1163 signa
246 1129 350 1163 Inesse,
381 1134 410 1157 ut
444 1131 495 1158 alia
532 1136 635 1159 tantum
664 1137 845 1168 cognoscant.
877 1133 928 1160 alia

141 1175 223 1201 etiam
245 1174 383 1209 eﬂiciant;
402 1177 631 1210 quemadmodum
661 1178 686 1205 in
712 1179 800 1207 sacris
829 1182 930 1207 nostris

143 1219 219 1247 libris
247 1223 369 1255 quaedam
391 1223 491 1256 scripta
521 1229 586 1251 sunt
612 1228 641 1250 ιιι
662 1231 860 1259 cognoscamus
874 1246 881 1258 ,
901 1231 930 1253 ut

142 1267 235 1295 mundi
264 1268 400 1303 opilicium
431 1274 458 1296 et
491 1269 542 1296 alia
568 1270 716 1304 mysteria;
748 1271 870 1305 quadam
901 1278 930 1300 ut

142 1321 339 1350 cognoscamus
350 1319 378 1342 et
394 1315 537 1349 faciamus,
555 1320 585 1342 ut
598 1321 733 1351 praecepta
757 1321 784 1344 el.
801 1318 928 1345 mandata

143 1360 202 1387 Dei.
221 1361 315 1394 Itaque
337 1360 394 1387 ﬁeri
418 1365 506 1394 potest
527 1365 557 1387 ut
575 1361 700 1389 ccelestes
730 1362 837 1395 litterzn,
861 1370 929 1397 quas

142 1405 230 1439 angeli
256 1410 283 1433 et
308 1405 405 1433 divina:
430 1406 543 1434 virtutes
573 1406 662 1442 legere
688 1408 769 1436 facile
795 1415 927 1444 possunt,

141 1452 265 1486 quautam
293 1453 451 1480 contineant
482 1453 516 1480 ab
540 1453 643 1489 angelis
667 1458 694 1481 et
727 1455 773 1482 Dei
797 1456 929 1484 ministris

982 212 1067 244 οὕτως
1079 212 1159 238 αὑτὸν
1174 211 1415 247 ὲμπεριειληφέναι
1427 211 1456 236 ὲν
1469 210 1568 245 ἐαυτῷ,
1580 210 1610 236 οὺ
1624 210 1678 245 μὴν
1694 211 1774 246 ἐναρ-

981 259 1016 294 γῆ
1032 258 1080 294 τὴν
1091 258 1236 290 ἀπόδειξιν,
1251 258 1319 284 ἀλλὰ
1335 256 1561 291 πεπιστευμένην,
1578 256 1616 288 ὼς
1641 256 1775 292 ἁρμόζου-

982 313 1032 332 σαν
1045 305 1084 341 τῷ
1101 305 1239 341 ἀγεννήτῳ
1253 304 1291 339 νῷ
1314 303 1360 331 καὶ
1377 304 1446 338 ὑπὲρ
1462 304 1553 329 πᾶσαν
1576 303 1656 337 φύσιν
1672 302 1775 338 τυγχά-

982 359 1062 378 νοντι.
1085 351 1133 377 "Iv‘
1156 349 1202 377 οὖν
1223 351 1256 386 τῇ
1272 350 1354 385 πείρα
1365 349 1445 375 τοῦτο
1458 348 1698 384 καταλαμϐάνηται
1720 347 1775 376 ὑπὸ

981 397 1035 424 τῶν
1057 396 1187 433 μειζόνων
1203 397 1219 432 ἢ
1237 396 1308 423 κατὰ
1320 395 1471 431 ἄνθρωπον,
1489 394 1537 421 καὶ
1550 394 1603 420 τῶν
1624 394 1708 428 ἁγίων
1726 394 1776 429 ψυ-

982 443 1036 479 χῶν
1047 443 1094 470 τοῦ
1109 442 1282 478 ἐνεστηκότος
1296 441 1395 477 δεσμοῦ
1410 439 1636 476 ἀπηλλαγμένων,
1654 439 1776 476 ὡσπερεὶ

982 489 1134 524 γράμματα
1157 488 1204 514 καὶ
1223 487 1400 523 χαρακτῆρας
1425 486 1473 513 καὶ
1494 486 1538 513 διὰ
1553 487 1603 522 τῆς
1618 485 1673 513 τῶν
1695 486 1776 522 οὐρα-

981 533 1046 558 νίων
1055 533 1206 568 περιφορᾶς
1222 532 1350 567 εποίησεν
1372 532 1400 557 ὲν
1413 531 1520 566 οὐρανῷ
1531 532 1544 558 ό
1557 531 1623 563 Θεὸς
1635 532 1697 563 τοὺς
1709 530 1776 558 δεδι-

981 577 1132 613 δαγμένους
1151 577 1198 604 καὶ
1210 576 1452 613 διδαχθησομένους
1467 576 1663 610 ἀναγινώσκειν
1675 576 1710 602 τὰ
1723 585 1774 612 ση-

984 627 1046 660 μεῖα
1067 624 1114 651 τοῦ
1137 624 1215 652 Θεοῦ.
1230 625 1266 651 Οὐ
1280 623 1434 659 θαυμαστὸν
1447 624 1475 650 δὲ
1491 623 1538 650 καὶ
1553 623 1623 659 ὑπὲρ
1637 623 1775 655 ἐνδείξεως

981 671 1030 706 τῆς
1047 670 1115 707 πρὸς
1134 671 1197 702 τοὺς
1218 669 1368 706 μακαρίους
1383 670 1469 696 ποιεῖν
1491 676 1552 695 τινα
1567 668 1612 694 τὸν
1627 667 1703 699 Θεὸν,
1724 668 1774 702 τῆς

982 716 1094 752 Γραφῆς
1107 716 1238 751 λεγούσης
1256 715 1295 750 τῷ
1317 713 1427 750 Φαραώ·
1444 723 1454 739 ‹
1479 714 1526 746 Εἰς
1538 713 1603 740 αὐτὸ
1616 712 1694 739 τοῦτο
1712 713 1776 748 ἐξή-

982 764 1062 799 γειρά
1086 771 1126 794 σε,
1139 763 1214 794 ὅπως
1236 761 1396 796 ἐνδείξωμαι
1411 761 1440 787 ὲν
1454 760 1496 786 σοὶ
1508 759 1557 795 τὴν
1570 759 1685 795 δύναμίν
1710 768 1774 794 μου,

983 810 1030 836 καὶ
1052 810 1126 841 ὅπως
1148 807 1275 843 διαγγελῇ
1294 807 1324 833 τὸ
1340 807 1424 842 δνομά
1445 814 1496 841 μου
1511 806 1540 832 έν
1563 805 1637 841 πάσῃ
1652 806 1685 840 τῇ
1697 806 1743 840 γῇ.
1762 814 1772 830 ι

983 856 1014 882 El.
1030 855 1085 891 γὰρ
1099 855 1244 890 διετηρήυη
1272 852 1370 889 Φαραὼ
1391 852 1461 888 ὑπὲρ
1480 851 1619 884 ἐνδείξεως
1633 851 1775 887 δυνάμεως

981 901 1060 932 Θεοῦ,
1075 902 1120 928 καὶ
1136 901 1290 935 διαγγελίας
1303 899 1349 926 τοῦ
1368 899 1498 934 ὀνόματος
1509 898 1590 925 αὑτοῦ
1605 899 1634 925 ὲν
1653 898 1726 933 πάσῃ
1740 898 1774 933 τῇ

981 948 1027 983 γῇ,
1043 946 1128 974 ἐννόει
1144 947 1230 981 πόσην
1241 945 1350 979 ἔνδειξιν
1363 945 1503 980 δυνάμεως
1520 943 1586 970 Θεοῦ
1605 943 1725 979 περιέχει
1740 942 1776 969 τὰ

981 993 1093 1030 οὐράνια
1115 993 1226 1027 σημεῖα,
1245 991 1352 1018 πάντων
1372 990 1425 1017 τῶν
1440 991 1488 1017 ἀπ’
1504 989 1602 1020 αἰῶνος
1615 989 1668 1020 ἓως
1681 996 1775 1015 συντε-

980 1039 1055 1071 λείας
1068 1038 1298 1073 ὲντετυπωμένων
1308 1039 1340 1073 τῇ
1355 1037 1418 1072 ἀξίᾳ
1434 1036 1516 1072 βίϐλῳ
1529 1035 1575 1062 τοῦ
1590 1035 1656 1062 Θεοῦ
1674 1034 1713 1070 τῷ
1723 1035 1770 1061 οὐ-

982 1084 1065 1121 ρανῷ.
1091 1083 1221 1119 Δεύτερον
1237 1082 1265 1109 δὲ
1283 1081 1449 1118 στοχάζομαι
1476 1083 1536 1113 ταῖς
1560 1081 1593 1108 τὰ
1616 1080 1775 1116 ἀνθρώπινα

980 1130 1184 1166 οἰκονομούσαις
1208 1129 1355 1164 δυνάμεσιν
1378 1127 1516 1162 ἐγκεῖσθαι
1532 1128 1566 1154 τὰ
1590 1127 1700 1162 σημεῖα,
1729 1126 1775 1152 ’ίνα

979 1177 1041 1204 τινὰ
1053 1177 1102 1212 μὲν
1112 1175 1266 1211 γινώσκωσι
1281 1175 1370 1211 μόνον,
1386 1175 1445 1201 τινὰ
1453 1175 1480 1201 δὲ
1495 1173 1635 1210 ἐνεργῶσι·
1648 1172 1776 1208 καθάπερ

981 1224 1009 1250 ὲν
1025 1224 1085 1254 ταῖς
1099 1221 1164 1258 παρ’
1181 1223 1247 1257 ἡμῖν
1262 1220 1361 1256 βίϐλοις
1376 1220 1394 1248 ἃ
1409 1221 1457 1257 μὲν
1472 1221 1625 1254 γέγραπται
1637 1220 1680 1246 ἵνα
1692 1218 1776 1253 γινώ-

981 1275 1101 1304 σκωμεν,
1123 1264 1179 1294 οἷον
1199 1266 1233 1294 τὰ
1252 1267 1315 1303 περὶ
1332 1266 1510 1301 κοσμοποιίας
1527 1266 1574 1291 καὶ
1589 1264 1654 1291 ἄλλα
1668 1264 1774 1299 μυστή-

982 1324 1035 1351 ρια·
1049 1315 1066 1342 ἃ
1081 1315 1110 1342 δὲ
1130 1314 1174 1341 ἵνα
1189 1313 1367 1349 γινώσκοντες
1391 1313 1523 1348 ποιῶμεν,
1540 1311 1634 1347 ὥσπερ
1650 1311 1684 1338 τὰ
1708 1311 1775 1347 περὶ

980 1363 1030 1394 τὰς
1046 1362 1155 1394 ἐντολὰς
1168 1362 1215 1388 καὶ
1233 1362 1268 1389 τὰ
1281 1362 1477 1397 προστάγματα
1491 1360 1538 1387 τοῦ
1556 1360 1633 1388 Θεοῦ.
1655 1359 1776 1394 Ἐνδέχε-

980 1415 1025 1434 ται
1038 1407 1069 1443 δὴ
1084 1408 1118 1435 τὰ
1130 1408 1244 1443 οὐράνια
1256 1408 1417 1443 γράμματα,
1429 1406 1447 1433 ἃ
1457 1406 1567 1441 ἄγγελοι
1581 1406 1627 1433 καὶ
1643 1405 1774 1440 δυνάμεις

981 1453 1049 1480 θεῖαι
1068 1453 1265 1489 ἀναγινώσκειν
1287 1453 1378 1485 καλῶς
1393 1452 1529 1483 δύνανται.
1553 1452 1691 1488 περιέχειν
1713 1451 1774 1478 τινὰ

142 1498 267 1534 legenda,
293 1502 322 1525 ut
348 1506 441 1526 eorttm
471 1499 626 1534 cognitione
650 1500 791 1535 hetentur;
822 1502 874 1529 alia

1023 1509 1030 1526 ι
1045 1500 1309 1536 ἁναγνωσθησὸμενα
1326 1500 1378 1526 ὑπὸ
1392 1499 1445 1527 τῶν
1460 1499 1581 1533 ἀγγέλων
1592 1498 1638 1525 καὶ
1650 1497 1772 1533 λειτουρ-

141 1545 269 1572 mandata
284 1545 421 1580 accipiant
438 1549 464 1573 et
478 1545 606 1573 eﬂiciant.
619 1546 714 1582 Neque
733 1547 782 1575 abs
805 1555 833 1575 re
853 1549 929 1576 dixe-

143 1591 239 1625 rimus,
263 1591 350 1620 simile
369 1592 432 1627 quid
453 1592 503 1628 legi
529 1594 627 1621 coelum
647 1599 673 1621 et
687 1599 758 1622 astra
772 1596 927 1624 continere:

141 1637 164 1665 si
180 1644 243 1664 vero
256 1637 374 1673 pejores,
393 1645 420 1666 et
433 1639 492 1666 aliae
503 1640 536 1667 ab
553 1640 661 1668 homine
680 1641 792 1669 virtutes
804 1643 928 1677 quaedam

141 1691 158 1711 e
189 1685 317 1719 pramotis
343 1689 371 1713 et
399 1686 426 1713 in
454 1686 525 1714 ccelo
552 1687 690 1722 expressis
720 1688 928 1722 designatisque

142 1729 255 1762 faciant,
272 1730 336 1758 nihil
347 1736 388 1758 est
406 1739 517 1760 necusse
529 1732 601 1767 ipsas
614 1733 714 1760 divinis
726 1733 825 1761 litteris
836 1734 930 1761 admo-

142 1776 214 1802 nitas
240 1775 330 1803 facere
358 1783 418 1811 qua:
443 1778 591 1806 moliuntur
608 1779 675 1806 :scd
701 1780 928 1814 quemadmodum

142 1820 266 1848 homines
278 1820 404 1855 injuriam
423 1821 562 1855 facientes,
576 1831 624 1851 nec
637 1824 753 1851 scientes
766 1825 930 1859 przenovisse

143 1865 226 1892 Deum
242 1866 314 1893 hunc
330 1866 380 1894 abs
396 1873 425 1894 se
444 1866 540 1901 injuria
553 1867 679 1895 aﬂ‘ectunt
702 1869 747 1901 iri,
774 1876 822 1904 per
853 1877 930 1896 suam

143 1912 346 1946 improbitatem
371 1913 498 1950 injuriam
524 1913 645 1947 faciunt;
667 1915 707 1942 sic
722 1915 776 1942 Deo
802 1915 930 1950 opposita:

142 1957 270 1990 virtutes,
293 1966 353 1993 qua:
376 1953 507 1987 malitiam
524 1959 664 1987 hominum
682 1961 786 1988 scelera
810 1962 931 1995 cogitan-

143 2004 209 2031 tium
232 2011 433 2040 prmnovernnt,
452 2007 560 2042 propria
579 2007 605 2035 id
620 2011 648 2034 et
663 2007 818 2042 turpissima
835 2007 933 2035 volun-

142 2055 198 2077 tate
208 2051 362 2085 perﬁciunt.
375 2051 455 2079 Sacri
467 2058 557 2080 autem
570 2052 668 2087 angeli,
682 2052 834 2081 administri
848 2053 930 2088 spiri<

145 2102 199 2128 tus,
211 2102 238 2135 et
257 2097 283 2124 in
312 2098 493 2125 ministerium
520 2100 594 2127 missi
622 2099 645 2115 “
669 2104 744 2127 certe
770 2103 899 2134 tanquam
915 2107 930 2126 a

144 2143 191 2170 Dei
201 2143 258 2178 lege
267 2144 431 2178 accipientes
440 2144 539 2178 scripta
549 2144 687 2176 mandata,
698 2150 770 2172 recte
786 2149 813 2173 ct
824 2145 930 2178 ordine,

979 1546 1035 1580 γῶν
1051 1545 1098 1572 τοῦ
1120 1544 1198 1577 Θεοῦ,
1219 1545 1263 1572 ἴνα
1286 1545 1486 1580 εὐφραίνωνται
1499 1543 1687 1578 γινώσκοντες·
1713 1541 1775 1568 τινὰ

979 1592 1006 1618 δὲ
1027 1591 1147 1626 ὡσπερεὶ
1169 1591 1278 1622 ἐντολὰς
1308 1590 1492 1626 λαμὸάνοντες
1513 1589 1620 1616 ποιῶσι.
1646 1588 1700 1614 Καὶ
1723 1587 1774 1624 οὐχ

979 1635 1197 1671 ἁμαρτησόμεθα
1213 1635 1243 1662 τὸ
1255 1635 1386 1669 ἀνάλογον
1401 1636 1455 1666 τοῖς
1466 1635 1495 1661 ὲν
1509 1634 1548 1669 τῷ
1564 1634 1639 1669 νόμῳ
1649 1633 1774 1668 λέγοντες

979 1681 1051 1717 ἔχειν
1064 1682 1109 1708 τὸν
1125 1682 1237 1717 οὐρανὸν
1260 1682 1307 1708 καὶ
1324 1681 1386 1712 τοὺς
1403 1681 1530 1716 ἀστέρας·
1550 1680 1598 1706 ἐὰν
1611 1679 1639 1706 δὲ
1653 1679 1774 1714 χείρονες

980 1728 1026 1755 καὶ
1042 1728 1134 1762 ἕτεραι
1149 1727 1196 1754 τοῦ
1214 1726 1358 1762 ἀνθρώπου
1380 1727 1515 1762 ἐνέργειαι
1530 1726 1627 1753 ποιῶσί
1644 1734 1705 1752 τινα
1718 1725 1774 1752 τῶν

980 1774 1213 1810 προεγνωσμένων
1238 1774 1285 1800 καὶ
1308 1773 1515 1809 σημαινομένων
1534 1774 1563 1800 ὲν
1577 1771 1693 1808 οὐρανῷ,
1722 1773 1774 1799 οὐκ

980 1819 1085 1854 ἀνάγκη
1103 1818 1149 1845 καὶ
1171 1817 1256 1850 αὐτὰς
1280 1817 1334 1844 ἀπὸ
1359 1818 1413 1844 τῶν
1430 1817 1497 1844 Θεοῦ
1518 1816 1689 1852 γραμμάτων
1707 1816 1775 1842 ὑπο-

981 1864 1204 1900 μιμνησκομένας
1226 1865 1312 1890 ποιεῖν
1324 1863 1342 1890 ἃ.
1358 1862 1525 1899 ἐνεργοῦσιν·
1542 1863 1598 1890 ἀλλ’
1617 1862 1712 1897 ὥσπερ
1725 1861 1774 1888 ἆν-

981 1908 1084 1944 θρωποι
1099 1908 1263 1940 ἀδικοῦντες,
1276 1909 1306 1934 οὐ
1319 1908 1499 1944 μανθάνοντες
1515 1907 1718 1942 προεγνωκέναι
1728 1907 1775 1934 τὸν

980 1954 1046 1980 Θεὸν
1056 1953 1086 1980 τὸ
1105 1954 1179 1980 τόνδε
1195 1953 1256 1980 τινὰ
1270 1953 1446 1989 ἀδικήσεσθαι
1459 1953 1505 1979 ὑπ’
1516 1953 1614 1985 αὐτῶν,
1631 1951 1776 1987 ἐνεργοῦσι
1793 1959 1800 1963 ·

980 2000 1011 2026 τὸ
1025 2000 1126 2026 ἀδικεῖν
1140 2001 1172 2026 ὲκ
1186 2000 1235 2035 τῆς
1245 1999 1349 2026 ἑαυτῶν
1361 1999 1501 2035 πονηρίας·
1519 1998 1604 2030 οὕτως
1618 1998 1644 2024 αἱ
1659 1996 1776 2024 ἀντικεί-

982 2054 1060 2081 μεναι
1080 2046 1210 2081 δυνάμεις
1224 2046 1271 2072 τοῦ
1285 2045 1364 2078 Θεοῦ,
1379 2046 1428 2081 τὴν
1442 2045 1541 2072 κακίαν
1554 2044 1608 2071 τῶν
1622 2044 1655 2070 τὰ
1672 2043 1777 2079 μοχθη-

983 2091 1017 2127 ρὰ
1041 2090 1208 2126 βουλομένων
1233 2091 1384 2127 ἀνθρώπων
1417 2090 1629 2127 προεγνωκότες,
1654 2091 1687 2125 τῇ
1719 2089 1776 2125 ίδία

981 2137 1107 2173 αἰσχίστῃ
1129 2137 1282 2164 ἐπιτελοῦσι
1302 2137 1471 2173 προαιρέσει.
1488 2137 1519 2163 Oi.
1540 2136 1629 2172 μέντοι
1645 2136 1713 2171 ἱεροὶ
1729 2135 1777 2170 ἀγ-

144 2189 253 2223 quando
275 2194 301 2216 ct
322 2190 456 2224 quomodo
476 2195 663 2225 quantumque
677 2195 796 2224 oportet,
817 2191 893 2218 tnelic

1027 2192 1066 2215 οι,
1086 2183 1120 2210 τὰ
1146 2183 1320 2219 λειτουργικὰ
1347 2183 1498 2218 πνεύματα,
1525 2182 1559 2209 τὰ
1582 2183 1621 2213 είς
1637 2181 1776 2208 διακονίαν

144 2237 260 2266 faciunt.
279 2235 433 2263 Absmdum
447 2237 518 2263 enim
535 2237 667 2271 sitipsos,
693 2237 739 2272 qui
762 2237 844 2264 divini
864 2238 929 2272 sint,

107 2316 111 2320 ,
145 2292 249 2313 temere
278 2292 327 2312 nec
343 2284 455 2312 definite
478 2284 581 2316 venire,
596 2290 626 2312 ut
642 2285 734 2317 alicui,
756 2286 830 2313 verbi
848 2293 929 2314 causa

143 2330 280 2357 Abraham
297 2333 325 2357 et
342 2329 429 2362 Isaac,
444 2329 645 2362 administrent,
663 2329 747 2358 Iacob
762 2339 795 2357 ex
809 2331 930 2365 periculo

145 2377 281 2409 liberent,
305 2375 347 2403 vel
377 2375 457 2409 hujus
484 2380 531 2402 aut
555 2375 625 2403 illius
648 2376 791 2410 Propheta;
822 2377 928 2412 spiritui

145 2423 248 2450 adsint.
275 2421 315 2449 Ne
343 2421 424 2456 igitur
451 2420 477 2448 id
504 2425 607 2449 temere
630 2427 658 2449 et
681 2422 793 2449 fortuito
817 2422 928 2455 faciant,

143 2468 242 2496 librum
274 2467 321 2496 Dei
343 2467 452 2502 legunt;
473 2466 568 2501 sicque
591 2467 662 2502 quod
680 2468 706 2494 in
734 2469 868 2495 mandatis
889 2473 931 2495 est

144 2519 283 2550 prmstaut.
299 2514 353 2542 Nos
364 2521 440 2547 vero,
456 2519 486 2541 ut
496 2519 574 2541 antea
591 2514 718 2547 diximus,
731 2521 791 2549 qua:
805 2513 930 2546 facimus,

144 2560 253 2596 propria
280 2561 421 2588 voluntate
439 2560 572 2592 facimus,
599 2559 746 2594 itidemque
769 2560 932 2587 adversaria:

144 2611 312 2642 potestates,
329 2614 390 2641 qua:
411 2607 437 2634 in
463 2614 513 2634 nos
532 2610 635 2641 agunt;
657 2606 801 2640 depravata
822 2606 930 2641 quidem

144 2660 206 2679 cum
226 2659 379 2687 peccamus,
405 2652 512 2680 erudita
534 2659 598 2679 vero
621 2656 647 2679 et
674 2651 850 2687 intelligente,
884 2652 930 2679 sed

145 2705 199 2726 non
224 2698 284 2726 sine
307 2698 463 2733 angelorum
487 2704 515 2726 et
548 2698 701 2726 divinarum
728 2698 879 2725 litterarum
904 2703 931 2726 et

146 2752 287 2772 sacrorum
313 2745 501 2772 ministrorum
528 2752 589 2780 ope,
615 2753 678 2773 cum
714 2744 770 2774 Deo
797 2750 872 2780 grata
905 2751 931 2772 et

145 2796 256 2825 accepta
268 2790 393 2818 facimus.

181 2848 204 2864 "
217 2848 300 2876 Exod.
327 2855 363 2879 nt.
382 2846 422 2874 ιϐ.
466 2846 575 2876 δδΙΙςὶ).
591 2847 656 2881 nu.

984 2228 1213 2264 ἀποστελλόμενα,
1242 2228 1315 2260 εἰκὸς
1341 2229 1383 2254 ὅτι
1398 2228 1435 2260 ὡς
1460 2228 1513 2254 ἀπὸ
1528 2227 1610 2262 νόμου
1632 2226 1699 2253 Θεοῦ
1728 2235 1776 2260 γε-

983 2274 1129 2310 γραμμένα
1147 2274 1182 2301 τὰ
1197 2274 1395 2310 προστάγματα
1423 2273 1615 2308 λαμῦάνοντες,
1639 2272 1776 2307 τεταγμέ-

984 2329 1045 2352 νως,
1064 2321 1111 2347 καὶ
1127 2321 1171 2347 ὅτε
1182 2321 1232 2352 δεῖ,
1250 2321 1298 2348 καὶ
1316 2321 1354 2352 ὼς
1371 2320 1420 2352 δεῖ,
1434 2320 1480 2346 καὶ
1489 2320 1551 2346 ὅσον
1565 2319 1606 2346 δεῖ
1619 2319 1724 2345 ποιοῦσι
1739 2318 1778 2345 τὰ

984 2367 1133 2402 κρείττονα·
1152 2367 1251 2394 ἄτοπον
1265 2366 1319 2402 γὰρ
1335 2366 1433 2397 αὐτοὺς
1448 2366 1534 2396 θείους
1552 2365 1630 2396 ὂντας
1653 2363 1777 2399 ἀποκλη-

986 2413 1107 2449 ρωτικῶς
1124 2414 1170 2440 καὶ
1193 2414 1242 2449 οὐχ
1254 2413 1415 2449 ὡρισμένως
1436 2412 1562 2448 ἔρχεσθαι
1579 2412 1625 2438 ἐπὶ
1647 2411 1687 2443 τὸ,
1711 2410 1776 2445 φέρ’

984 2461 1080 2491 εἰπεῖν,
1094 2460 1260 2496 χρηματίσαι
1270 2468 1297 2485 τι
1312 2458 1350 2494 τῷ
1369 2458 1503 2494 Ἀϐραὰμ,
1515 2458 1560 2484 καὶ
1574 2457 1684 2492 ποιῆσαί
1698 2456 1778 2492 τιτῷ

991 2506 1093 2539 Ἰσαὰκ,
1110 2506 1156 2532 καὶ
1171 2505 1304 2541 ῥύσασθαι
1317 2505 1349 2531 ἐκ
1360 2503 1482 2531 κινδύνου
1498 2503 1543 2530 τὸν
1563 2501 1697 2537 Ἰακὼ6,ῆ
1713 2502 1778 2528 tm-

987 2551 1083 2586 στῆναι
1109 2551 1148 2587 τῷ
1171 2550 1306 2586 πνεύματι
1325 2550 1402 2577 τοῦδε
1420 2549 1467 2576 τοῦ
1485 2550 1634 2586 προφήτου.
1654 2549 1713 2574 Ἵνα
1726 2545 1777 2576 ὥν

987 2597 1025 2632 μὴ
1053 2596 1285 2632 ἀποκληρωτικῶς
1314 2596 1381 2632 μηδὲ
1418 2595 1489 2622 κατὰ
1523 2594 1665 2630 συντυχίαν
1694 2593 1779 2621 τοῦτο

986 2643 1152 2678 πράττωσιν,
1172 2642 1387 2677 ἀναγινώσκουσι
1403 2642 1452 2678 τὴν
1468 2641 1556 2676 βίϐλον
1574 2641 1620 2668 τοῦ
1636 2639 1712 2667 Θεοῦ·
1727 2640 1779 2668 καὶ

985 2693 1071 2726 οὕτως
1087 2694 1192 2721 ποιοῦσι
1214 2694 1248 2721 τὰ
1267 2694 1357 2726 αὐτοῖς
1379 2694 1567 2721 ἐπιϐάλλοντα.
1586 2694 1630 2724 Ὡς
1650 2691 1780 2728 προείπο-

987 2752 1036 2778 μεν
1059 2744 1096 2776 δὲ,
1115 2744 1194 2779 ἡμεῖς
1214 2743 1232 2771 ἃ
1256 2743 1396 2779 ποιοῦμεν,
1416 2743 1433 2778 ἥ
1448 2743 1476 2769 αι
1503 2743 1689 2778 ἀντικείμεναι
1704 2741 1782 2776 ἐνέρ-

985 2802 1068 2827 γειαι,
1095 2794 1112 2821 ἃ
1137 2793 1304 2821 ἐπιτελοῦσιν
1340 2794 1379 2825 εἰς
1409 2793 1492 2828 ἡμᾶς,
1525 2791 1577 2828 ἰδίᾳ
1616 2790 1778 2826 προαιρέσει
