1897 3059
144 77 186 103 85

865 72 899 101 IN
919 73 1079 102 GENESIM.
1746 75 1781 102 ⁸6

141 133 292 168 ποιοῦμεν·
317 133 429 167 ἀτάκτῳ
448 133 508 167 μὲν,
525 133 569 159 ὅτε
596 132 801 168 ἁμαρτάνομεν,
826 131 1030 167 πεπαιδευμένη
1049 130 1088 164 δὲ,
1104 131 1153 158 οὐκ
1177 131 1244 167 ἄτερ
1264 132 1396 167 ἀγγέλων,
1423 134 1482 161 οὐδὲ
1508 134 1587 162 Θείων
1602 135 1783 171 γραμμάτων,

139 181 209 208 οὐδὲ
237 181 380 215 ὑπηρετῶν
405 179 505 213 ἁγίων,
536 180 579 206 ὅτε
605 179 664 215 Θεῷ
691 180 825 216 εὐάρεστα
856 180 1022 215 πράττομεν.

182 228 241 253 Κα.
266 226 381 261 Κλήμης
401 225 432 252 δὲ
453 226 467 251 ὁ
489 225 632 260 Ῥωμαῖος,
664 225 768 262 Πέτρου
795 225 943 253 ἀποστόλου
959 228 982 256 Α

142 271 291 308 μαθητὴς,
321 271 428 308 συνῳδὰ
460 271 565 303 τούτοις
593 272 623 297 ἐν
655 271 694 307 τῷ
728 272 841 308 παρόντι
875 281 943 307 προ-

138 318 268 352 ϐλήματι
296 317 363 352 πρὸς
398 317 445 344 τὸν
476 317 582 353 πατέρα
614 318 644 344 ὲν
679 317 824 352 Λαοδικείᾳ
859 317 944 344 εἰπὼν

138 364 171 389 ἐν
202 364 266 394 ταῖς
292 362 443 397 Περιόδοις
457 382 465 395 ,
498 363 712 398 ἀναγκαιότατόν
737 371 764 390 τι
797 364 844 390 ἐπὶ
871 364 944 390 τέλει

135 408 200 435 τῶν
225 408 354 435 τοιούτων
375 408 463 442 λόγων
489 410 555 444 φησὶ
581 410 646 446 περὶ
669 409 724 436 τῶν
743 410 793 445 τῆς
810 410 943 444 γενέσεως

135 455 295 481 δοκούντων
315 454 497 490 ὲκὸεσηκέναι
514 455 568 491 (15)
586 455 658 492 λόγῳ
679 457 942 492 τεσσαρεσκαιδεκά-

135 508 193 534 τῳ-
211 510 220 525 ι
234 500 289 526 Καὶ
305 501 319 526 ὁ
335 501 439 537 πατήρο
459 500 598 536 Σύγγνωθί
617 509 672 536 μοι,
694 498 717 528 ὦ
732 502 835 529 τέκνον·
854 504 878 529 οἱ
893 503 942 538 μὲν

135 546 197 582 γὰρ
213 547 278 582 χθές
297 556 343 573 σου
358 547 433 582 λόγοι
447 547 556 584 ἀληθεῖς
575 548 651 581 ὄντες
672 548 876 584 συνελογίσαντο
896 559 941 586 μοι

137 592 288 618 συνθέσθαι
306 601 357 620 σοι·
375 593 432 629 ἠδὲ
449 594 502 629 ἐμὴ
517 594 670 629 συνείδησις
687 595 772 630 μικρά
785 604 829 630 με,
846 596 941 632 ὥσπερ

135 638 262 673 πυρετοῦ
278 638 423 675 ἔλλειμμα,
439 640 506 676 πρὸς
517 640 647 667 ἀπιστίαν
665 640 768 676 βραχέα
788 640 937 676 βασανίζει·

136 684 254 711 σύνοιδα
275 685 331 721 γὰρ
361 685 472 721 ἐμαυτῴ
496 685 530 712 τὰ
553 686 603 721 τῆς
628 687 763 720 γενέσεως
789 687 878 713 πάντα
895 696 940 722 μοι

134 731 368 758 ἀποτελεσθέντα.
388 731 473 766 Κάγὼ
490 732 692 768 ἀπεκρινάμην·
715 733 865 769 Συννόησόν
881 742 937 769 μοι,

133 773 159 802 ὦ
178 778 277 813 πάτερ,
300 778 359 804 οἵαν
384 778 464 812 φύσιν
490 778 547 814 ἔχει
568 778 599 805 τὸ
619 778 744 814 μάθημα,
770 779 798 812 ἐξ
821 775 859 806 ὧν
883 780 938 814 ἐγὼ

135 823 327 858 συμϐουλεύω.
353 824 545 860 Μαθηματικῷ
570 825 716 861 συμϐαλὼν
743 826 805 852 εἰπὲ
830 826 938 862 πρῶτον

132 868 224 903 αὐτῷ,
240 870 298 900 ὅτι,
309 869 377 897 Τάδε
386 878 432 905 μοι
444 870 532 905 φαῦλα
548 873 578 898 ὲν
593 871 661 906 τῷδε
687 872 727 908 τῷ
747 872 836 908 χρόνῳ
856 872 936 907 γέγο-

1038 224 1080 251 Η.
1105 224 1137 252 Et
1162 224 1289 253 Clemens
1313 226 1461 258 Romanus,
1487 226 1558 254 I‘etri
1572 228 1684 262 apostoli
1700 228 1783 255 disci-

997 269 1086 304 pulus,
1106 269 1149 296 his
1165 276 1347 298 consentanea
1361 271 1394 297 de
1415 272 1541 306 praesenti
1558 272 1708 306 quzestione
1721 281 1783 300 cum

999 321 1088 350 patre,
1112 317 1271 349 Laodiceze.
1289 317 1314 344 in
1331 317 1536 344 Circuiliouibm
1562 318 1677 349 locutus.
1705 319 1784 352 quid-

995 362 1058 388 dam
1083 362 1198 389 maxime
1223 362 1404 390 necessarium
1427 363 1453 389 in
1474 362 1528 390 line
1546 363 1598 397 21
1625 363 1779 397 hujnsmodi

994 414 1149 434 sormonum
1162 407 1250 439 all'ert,
1261 408 1296 435 de
1313 407 1346 435 iis
1357 415 1416 443 qua:
1430 415 1476 443 per
1490 408 1642 444 genituram
1659 410 1782 438 evenisse

994 454 1127 485 videntur,
1142 453 1267 482 oratione
1284 454 1388 481 decima
1417 460 1513 489 quarta
1531 455 1587 491 (ΓΙ)
1598 465 1603 482 :
1615 465 1624 481 ι
1639 456 1671 482 Et
1687 462 1780 491 paler:

992 499 1105 536 Ignosce
1117 501 1196 534 mihi,
1209 501 1246 528 liti
1261 509 1267 534 ;
1283 501 1402 528 hesterni
1413 503 1485 529 enim
1500 510 1640 530 sermones
1653 503 1703 535 tui,
1716 504 1780 538 quia

993 547 1061 578 veril
1077 546 1238 581 pepulerunt
1263 553 1306 574 me
1333 552 1361 573 ut
1384 547 1430 574 tibi
1457 549 1604 576 asscntirer
1623 557 1629 575 :
1647 549 1693 576 sed
1719 557 1778 577 mea

990 591 1171 624 conscientia,
1188 591 1260 618 velut
1272 591 1353 620 febris
1371 593 1502 627 reliquis,
1517 594 1595 622 tidem
1612 602 1699 621 meam
1718 600 1780 622 tan-

991 636 1075 671 tisper
1089 642 1199 664 exercet
1213 645 1221 670 ;
1235 637 1293 665 scio
1306 638 1378 665 enim
1391 646 1560 673 quaecunque
1576 639 1610 666 ad
1625 640 1778 674 genituram

992 690 1079 710 meam
1105 683 1259 718 pertinent,
1293 684 1360 712 mihi
1387 686 1477 713 omnia
1508 685 1644 714 evenisse.
1667 686 1702 714 Et
1726 694 1776 721 ego

990 728 1115 762 respondi
1130 737 1136 755 :
1152 728 1276 764 lntellige
1291 738 1407 763 mecum,
1428 738 1445 758 o
1459 735 1548 765 pater,
1566 739 1627 766 quze
1643 733 1678 759 sit
1697 732 1777 766 hujus

987 773 1139 809 disciplinae
1163 780 1259 802 natura
1281 783 1313 803 ex
1337 776 1380 804 his
1405 785 1465 811 qum
1494 777 1540 804 tibi
1563 778 1684 805 consulo.
1707 779 1775 806 Cum

988 821 1181 849 mathematico
1198 829 1362 858 congressus
1387 824 1503 858 primum
1524 825 1563 851 sic
1593 825 1665 859 agito
1683 834 1689 852 :
1708 825 1772 852 llzec

988 867 1054 894 mihi
1075 867 1144 894 mala
1167 868 1218 895 hoc
1238 868 1281 895 vel
1306 868 1351 895 illo
1369 873 1491 903 tempore
1507 870 1682 905 contigerunt
1699 879 1705 898 :
1721 878 1775 905 quo

133 922 193 939 νεν-
210 915 243 940 sx
258 914 332 946 τίνος
353 915 408 951 ἄρα
426 925 470 951 μοι
487 916 541 942 τῶν
564 916 688 952 ἀστέρων
714 917 820 951 γέγονε,
840 920 882 953 μα(

1026 917 1068 940 tur
1086 921 1117 940 ex
1140 918 1214 941 astro
1234 914 1302 941 mihi
1326 915 1502 949 contigerint,
1533 916 1603 943 scire
1631 916 1772 952 pervelim.

133 959 243 994 ἤθελον.
264 961 319 987 Καὶ
345 962 411 996 ὲρεί,
430 962 472 988 ὅτι
487 962 550 993 τοὺς
576 963 689 997 χρόνους
711 962 856 995 κακοποιὸς
880 963 934 990 διε-

131 1005 230 1037 δέξατο
247 1007 335 1042 Ἀρης
357 1007 373 1042 ἢ
397 1007 510 1040 Κρόνος,
528 1008 543 1043 ἢ
559 1008 661 1034 τούτων
685 1017 727 1040 τις
743 1009 933 1036 ἀποκαταστα-

131 1052 210 1084 τικδς
222 1052 279 1087 (16)
295 1053 413 1087 ἐγένετο,
428 1054 445 1088 ἢ
461 1053 507 1080 τὸν
521 1054 642 1080 ἐνιαυτὸν
655 1054 747 1082 τοῦτόν
760 1064 802 1087 τις
815 1056 932 1083 ὲπεθεώ-

132 1105 218 1133 ρησεν
251 1099 284 1125 ὲκ
311 1099 495 1135 τετραγώνου,
524 1100 540 1135 ἢ
568 1100 728 1136 διαμέτρου,
752 1102 768 1137 ἢ
795 1102 893 1135 συνὼν,
914 1102 930 1138 ἢ

130 1146 368 1180 κεκεντρωμένος,
396 1145 413 1181 ἢ
441 1146 515 1181 παρά
537 1147 653 1181 αἵρεσιν.
679 1147 773 1182 Ὅμως
795 1148 842 1174 καὶ
864 1148 931 1175 ἄλλα

132 1190 219 1225 μυρία
242 1192 331 1217 εἰπεῖν
356 1192 423 1227 ἔχει·
448 1192 515 1226 πρὸς
537 1192 641 1224 τούτοις
663 1193 702 1226 δὲ,
734 1193 930 1228 ἢάγαθοποιὺς

130 1237 210 1271 κακῷ
227 1237 374 1270 ἀσύνθετος
387 1236 432 1273 ἦν,
449 1238 465 1274 ἦ
479 1239 706 1275 ἀνεπιθεώρητος,
721 1240 737 1275 ἢ
754 1240 783 1266 ὲν
801 1241 928 1276 σχήματι,

129 1282 145 1316 ἣ
165 1283 244 1318 παρὰ
264 1284 380 1318 αἵρεσιν,
405 1284 422 1319 ἢ
450 1285 479 1311 ὲν
502 1285 631 1320 ἐκλείψει,
654 1285 670 1320 ἢ
688 1285 927 1322 ἀνεπισύναφος,ἢ

128 1330 158 1356 ὲν
176 1330 314 1365 ἀμαυροῖς
336 1330 457 1365 ἄστροις.
476 1331 530 1358 Καὶ
545 1331 620 1366 ὅμως
646 1331 751 1358 πολλῶν
766 1332 928 1367 προφάσεων

127 1375 228 1407 οὐσῶν,
242 1375 310 1411 πρὸς
320 1375 338 1402 ἃ
351 1376 451 1410 ἤκουσε
466 1375 515 1408 τὰς
530 1376 681 1409 ἀποδείξεις
694 1380 843 1414 παρασχεῖν
859 1378 924 1414 ἔχει.

128 1420 209 1447 Μετὰ
225 1420 322 1447 τοῦτον
334 1419 381 1447 οὖν
393 1421 438 1447 τὸν
457 1421 647 1457 μαθηματικὸν
663 1423 748 1458 ἑτέρῳ
760 1424 925 1460 προσελθὼν.

127 1467 162 1493 τὰ
177 1467 290 1493 ἐναντία
310 1467 380 1493 εἰπέ·
404 1468 455 1499 ὅτι,
476 1468 540 1494 Τόδε
565 1476 609 1503 μοι
631 1468 661 1495 τὺ
684 1469 784 1503 ἀγαθὸν
814 1471 843 1496 ἐν
858 1470 925 1506 τῷδε

127 1513 167 1548 τῷ
187 1513 278 1548 χρόνῳ
292 1513 398 1546 γέγονε·
418 1513 451 1539 σὺ
471 1513 499 1540 δὲ
516 1514 561 1540 τὸν
576 1515 672 1549 χρόνον
687 1515 733 1541 τὸν
753 1515 834 1542 αὐτὸν
851 1516 923 1551 λέγε·

127 1560 241 1586 ἀπαίτει
253 1560 282 1586 δὲ
298 1560 331 1586 ὲκ
344 1560 418 1592 τίνος
433 1560 487 1596 ἄρα
503 1561 552 1596 τῆς
572 1561 704 1595 γενέσεως
720 1562 799 1590 τοῦτο
816 1564 921 1599 γέγονε.

986 958 1168 993 Respondebit
1186 959 1230 986 ille
1241 979 1250 992 ,
1270 964 1334 988 tunc
1351 961 1481 994 temporis
1495 961 1648 989 inalelicum
1663 967 1709 989 aut
1723 962 1773 990 Sa-

986 1009 1094 1031 turnum
1113 1010 1160 1032 aut
1177 1005 1291 1032 Martem
1314 1006 1483 1034 dominatum
1503 1007 1598 1040 fuisse,
1624 1008 1665 1036 vel
1691 1009 1773 1036 fuisse

985 1049 1080 1077 horum
1107 1050 1215 1086 aliquod
1243 1051 1419 1085 regrediens,
1445 1052 1486 1079 vel
1509 1053 1544 1080 ab
1564 1053 1660 1080 horum
1681 1054 1772 1088 aliquo

984 1103 1084 1123 annum
1099 1097 1172 1124 ltunc
1193 1105 1225 1124 ex
1246 1097 1444 1133 quadrangulo,
1462 1098 1502 1125 vel
1518 1098 1662 1131 diametro,
1683 1101 1724 1127 vel
1743 1102 1769 1128 in

982 1142 1186 1177 conjunctione,
1209 1143 1251 1171 vel
1277 1144 1303 1171 in
1335 1149 1440 1176 centro,
1470 1143 1511 1171 vel
1534 1150 1613 1172 extra
1641 1146 1769 1174 haeresim

981 1193 1120 1222 aspectum
1140 1187 1240 1222 fuisse;
1267 1194 1324 1216 tum
1341 1194 1367 1217 et
1388 1194 1518 1218 sexcenta
1546 1190 1678 1225 ejusmodi
1702 1192 1769 1220 cllu-

982 1234 1029 1262 tiet
1053 1243 1059 1261 :
1079 1240 1222 1269 praeterea,
1251 1236 1293 1262 vel
1323 1235 1469 1271 benignum
1492 1241 1596 1265 astrum
1617 1246 1678 1266 cum
1698 1239 1770 1266 malo

980 1287 1033 1307 non
1049 1280 1240 1313 conveniebat,
1262 1281 1306 1308 vel
1320 1289 1373 1309 non
1386 1286 1446 1308 erat
1459 1283 1633 1317 aspectabile,
1654 1284 1696 1310 vel
1710 1289 1770 1312 erat

980 1326 1006 1353 in
1022 1326 1182 1359 schemate,
1204 1326 1246 1354 vel
1267 1332 1342 1354 extra
1363 1328 1498 1360 haeresim,
1524 1329 1565 1356 vel
1590 1329 1616 1356 in
1635 1330 1768 1365 deliquio,

978 1372 1020 1400 vel
1049 1379 1101 1399 non
1125 1372 1290 1403 cohaerebat.
1319 1373 1359 1400 vel
1385 1377 1444 1402 erat
1471 1374 1496 1401 iu
1513 1375 1637 1403 obscuris
1664 1377 1765 1412 stellis;

978 1426 1096 1453 cumque
1112 1418 1189 1445 multi
1203 1419 1258 1446 sint
1276 1419 1404 1446 obtentus
1419 1424 1447 1447 et
1465 1428 1563 1453 causai,
1585 1421 1667 1449 habet
1680 1423 1713 1450 ad
1734 1431 1766 1450 ea

977 1473 1038 1500 qua
1050 1471 1171 1501 rogatur,
1182 1466 1254 1500 quod
1269 1466 1432 1500 respondeat
1445 1473 1470 1494 et
1485 1467 1620 1501 subjiciat.
1633 1468 1699 1496 Cum
1714 1469 1767 1496 hoc

976 1511 1136 1543 collocutus,
1162 1511 1246 1538 alium
1266 1511 1366 1539 deinde
1392 1512 1505 1539 conveni
1528 1513 1764 1547 mathematicum,

974 1563 1000 1584 et
1012 1557 1150 1585 contraria
1168 1556 1253 1584 dicito
1268 1566 1274 1584 :
1291 1557 1348 1585 Hoc
1366 1558 1431 1586 mihi
1451 1559 1550 1586 bonum
1577 1558 1622 1586 illo
1639 1564 1765 1595 tempore

126 1603 182 1629 Καὶ
198 1604 286 1638 ὅμως,
303 1604 341 1636 ὡς
356 1607 496 1640 προεῖπον,
514 1605 580 1641 ἔχει,
602 1607 649 1633 σοῦ
669 1608 875 1644 καταψευσαμέν

1013 1603 1080 1634 :nit;
1097 1602 1167 1630 idem
1183 1610 1249 1630 vero
1264 1603 1350 1637 ipsum
1375 1609 1482 1638 tempus
1496 1604 1630 1639 signiﬁca,
1645 1613 1699 1640 quo
1715 1606 1762 1633 tibi

126 1650 207 1681 αὐτὸς
221 1651 254 1677 ὲκ
270 1650 377 1677 πολλῶν
392 1653 538 1687 σχημάτων
552 1653 582 1679 ’ἐν
595 1662 621 1680 τι
642 1654 733 1689 εὑρεῖν
751 1655 853 1690 σχῆμα,
877 1657 924 1683 καὶ

125 1695 262 1730 δεύτερον,
281 1697 328 1723 καὶ
345 1697 445 1733 τρίτον,
469 1699 516 1725 καὶ
534 1699 654 1732 πλείονα,
669 1699 707 1731 ὡς
729 1701 793 1727 αὐτὸ
809 1701 922 1738 ἐνεργῆ-

127 1749 175 1766 σαν
189 1741 252 1768 ὃθεν
266 1742 300 1769 τὰ
316 1743 406 1776 ἀγαθά
421 1744 479 1779 ἐρεῖ
493 1745 665 1780 γεγενῆσθαι·
680 1747 811 1774 ἀδύνατον
823 1748 876 1784 γὰρ
893 1750 921 1776 ἐν

127 1787 200 1822 πασῃ
227 1788 332 1821 γενέσει
359 1789 521 1825 ἀνθρώπιον,
550 1791 587 1827 μὴ
611 1793 640 1819 ὲν
664 1793 739 1830 πάσῃ
773 1794 842 1830 ὥρᾳ,
866 1795 921 1823 τῶν

125 1833 250 1869 ἀστέρων
272 1835 335 1866 τοὺς
359 1835 409 1870 μὲν
430 1836 522 1868 καλῶς
546 1838 663 1870 κεῖσθαι,
687 1840 750 1871 τοὺς
766 1840 794 1866 δὲ
817 1841 918 1873 κακῶς

126 1879 225 1911 κύκλος
241 1881 295 1915 γάρ
313 1881 387 1907 εστιν
403 1881 541 1918 ἰσομερὴς,
560 1884 690 1917 ποικίλος,
706 1886 836 1921 ἀπείρους
850 1886 919 1922 ἔχων

124 1924 173 1956 τὰς
187 1926 350 1959 προφάσεις·
369 1927 438 1963 πρὸς
454 1927 487 1959 ἃς
503 1928 618 1961 ἕκαστος
631 1931 718 1957 εἰπεῖν
735 1931 790 1966 ἔχει
806 1932 821 1957 ὃ
835 1932 916 1960 θέλει·

123 1971 153 1996 ὃν
169 1971 224 2006 γὰρ
247 1972 347 2006 τρόπον
372 1973 487 2000 ἐπὶτῶν
502 1973 585 2008 λοξῶν
608 1976 720 2012 ὀνείρων
739 1978 823 2004 ἐνίοτε
842 1978 918 2006 οὐδὲν

123 2017 247 2052 νοοῦμεν,
264 2018 423 2045 ἀποϐάντων
432 2019 460 2046 δὲ
471 2021 638 2058 οἰκειοτάτην
650 2023 840 2060 προσφέρομεν
855 2025 916 2051 ἐπί-

122 2061 207 2088 λυσιν-
220 2063 306 2095 οὕτως
320 2064 365 2091 καὶ
381 2065 411 2091 τὺ
427 2065 550 2101 μάθημα,
563 2068 616 2102 πρὸ
629 2068 675 2094 τοῦ
693 2077 719 2095 τι
733 2069 915 2106 ἀποτελεσθῆ-

121 2115 176 2137 ναι,
194 2107 270 2133 οὐδὲν
285 2108 370 2142 σαφὲς
386 2110 452 2144 ἡμῖν
473 2110 591 2145 μηνῦσαι
601 2111 723 2139 δύναται·
742 2114 811 2149 μετὰ
824 2115 851 2142 δὲ
866 2115 915 2150 τὴν

121 2152 167 2178 τοῦ
183 2154 330 2188 γενομένου
346 2155 467 2190 ἱστορίαν
489 2157 548 2183 τότε
571 2159 702 2194 πρόδηλος
723 2161 738 2195 ἡ
761 2160 810 2195 τῆς
833 2161 915 2188 ἐκδά-

122 2206 191 2229 eam;
204 2199 278 2225 αἰτία
292 2199 426 2233 φαίνεται·
440 2201 567 2234 πολλάκις
579 2203 628 2237 μὲν
641 2202 688 2231 οὖν
697 2205 722 2230 οἱ
737 2206 913 2241 προλέγοντες

122 2243 257 2277 πταίουσι,
275 2246 323 2272 καὶ
340 2246 410 2280 μετὰ
425 2247 475 2282 τὴν
490 2247 601 2276 ἔκϐασιν
615 2251 727 2282 ἑαυτοὺς
748 2252 910 2288 μέμφονται,

121 2289 244 2323 lirari-.6;
260 2291 316 2324 ὅτι,
328 2289 433 2326 Τόδεῆν
451 2293 482 2319 τὸ
505 2294 629 2329 ποιῆσαν,
648 2297 695 2323 καὶ
718 2298 769 2324 οὑκ
792 2298 908 2334 εἴδομεν.

121 2335 155 2360 Τὸ
175 2335 225 2370 μὲν
249 2334 296 2362 οὖν
317 2337 362 2363 καὶ
382 2338 446 2370 τοὺς
462 2338 533 2365 πάνυ
550 2341 734 2376 ἐπιστήμονας
750 2344 856 2370 πταίειν
869 2345 912 2378 γί-

120 2389 191 2407 νεται
201 2381 252 2424 ’διὰ
264 2382 295 2408 τὸ
317 2383 354 2418 μὴ
370 2383 479 2416 εἰδέναι,
501 2385 538 2417 ὡς
552 2385 615 2422 χθὲς
629 2387 708 2423 ἔφην,
726 2390 790 2416 ποῖα
803 2390 911 2423 πάντως

119 2427 166 2460 τῆς
182 2428 315 2461 γενέσεως
335 2429 410 2456 αἴτια
426 2431 540 2464 γίνεται,
558 2434 621 2460 ποῖα
637 2433 665 2459 δὲ
679 2434 709 2460 οὐ
731 2435 847 2468 πάντως,
863 2436 910 2462 καὶ

119 2474 179 2499 ποῖα
205 2474 312 2506 πάντως
334 2476 448 2511 ποιῆσαι
475 2477 672 2513 ἐπιθυμοῦμεν,
695 2479 725 2506 οὺ
753 2480 860 2513 πάντως
880 2481 909 2508 δὲ

120 2519 253 2555 ποιοῦμεν.
269 2521 336 2548 Ἦδε
351 2521 380 2548 δὲ
398 2523 415 2557 ὴ
436 2523 511 2549 αίτία
527 2525 602 2558 ἡμῖν,
620 2526 677 2556 τοῖς
695 2527 842 2562 μυστήριον
859 2535 908 2562 με·

120 2564 259 2600 μαθηκὼι,
276 2568 366 2603 σαφής
379 2568 466 2601 ἐστιν,
485 2568 525 2594 ὅτι
539 2569 679 2606 ἐλεύθερον
694 2571 801 2606 ἔχοντες
817 2571 907 2606 λογισ-

119 2610 175 2644 μὺν,
189 2612 273 2639 ἐνίοτε
285 2613 396 2648 ἐπέχειν
411 2614 515 2649 ταύτην
533 2615 752 2652 βουλευσάμενοι,
763 2619 907 2654 νενικήκα-

119 2664 174 2690 μεν,
189 2657 219 2683 Οί
235 2658 263 2685 δὲ
279 2659 454 2694 ἀστρολόγοι,
471 2660 549 2686 τοῦτο
565 2661 630 2688 αὐτὸ
646 2662 676 2688 τὸ
693 2663 842 2699 μυστήριον
857 2663 907 2690 οὐκ

117 2700 217 2735 εἰδότες,
241 2705 305 2741 περὶ
327 2705 425 2740 πάσης
447 2706 633 2741 προαιρέσεως
656 2708 860 2744 ἀποφηνάμενοι
876 2709 905 2742 ἐξ

216 2783 370 2823 [fbulam/ia
388 2785 535 2817 impressa.
549 2786 745 2823 Δἐμϐεϐηκέναι,
762 2789 840 2817 male.

144 2818 194 2855 (l6)
213 2820 325 2855 Eadem,
343 2818 579 2854 ἀποκαταστικύς,
594 2818 673 2850 inde.

974 1648 1043 1676 mala
1058 1649 1182 1676 evenisse
1195 1649 1323 1683 dixeras;
1345 1650 1442 1678 deinde
1455 1651 1604 1686 interroga,
1619 1659 1671 1686 qua
1688 1652 1713 1678 id
1728 1659 1762 1679 ex

971 1694 1064 1726 genesi
1087 1694 1134 1721 tibi
1152 1695 1287 1723 evenerit.
1306 1695 1353 1722 llle
1379 1695 1567 1731 nihilominus,
1583 1702 1612 1724 ut
1627 1697 1761 1730 dicebam,

972 1739 1135 1767 cntenticnle
1162 1744 1205 1773 te,
1237 1748 1270 1768 ex
1295 1741 1388 1769 multis
1413 1741 1505 1776 liguris
1528 1747 1555 1769 et
1580 1743 1761 1777 positionibus

972 1791 1053 1810 uuam
1075 1785 1206 1819 reperiet,
1221 1790 1248 1812 ct
1267 1786 1425 1819 secundum,
1450 1791 1476 1813 ct
1496 1787 1616 1822 tertiam,
1642 1793 1669 1814 et
1694 1788 1761 1818 alias

970 1830 1075 1863 plures,
1102 1830 1180 1865 quasi
1204 1838 1234 1858 ea
1259 1830 1392 1863 elTeccrit,
1419 1831 1490 1858 unde
1515 1831 1584 1858 bona
1615 1833 1663 1860 tibi
1687 1833 1759 1860 dicet

969 1875 1104 1902 evenisse.
1119 1875 1192 1903 Fieri
1212 1876 1312 1911 quippe
1327 1884 1378 1903 non
1397 1881 1496 1910 potest,
1517 1883 1545 1904 ut
1569 1878 1596 1905 in
1609 1879 1682 1906 onini
1698 1885 1759 1906 ortu

969 1921 1121 1953 hominunt,
1137 1930 1191 1949 non
1210 1921 1238 1950 in
1250 1922 1323 1949 omni
1340 1922 1418 1956 hora,
1437 1923 1577 1951 stellarum
1594 1925 1634 1951 ha.-
1647 1925 1757 1958 bonam,

969 1967 1020 1995 illie
1039 1967 1137 1995 malam
1155 1967 1273 1995 habeant
1289 1968 1452 2004 positionem
1469 1980 1474 1997 :
1493 1969 1612 1998 circulus
1626 1971 1698 1998 enim
1715 1972 1758 1999 ille

967 2014 1091 2049 partibus
1110 2014 1223 2049 aqualis
1249 2019 1276 2041 et
1305 2014 1395 2042 varius
1414 2020 1465 2046 cst.
1486 2019 1513 2043 et
1536 2016 1657 2044 intinitas
1677 2018 1758 2046 habet

966 2061 1090 2096 species;
1110 2061 1180 2088 uttde
1191 2061 1324 2096 quidlibet
1339 2062 1428 2089 dicere
1441 2063 1528 2096 quivis
1543 2065 1639 2096 possit.
1656 2064 1755 2098 Quem-

967 2107 1112 2134 admoduut
1141 2107 1212 2134 enim
1246 2107 1280 2134 de
1307 2107 1444 2142 perplexis
1470 2114 1498 2136 ct
1526 2110 1614 2137 dubiis
1644 2112 1757 2139 somniis

966 2153 1032 2180 nihil
1057 2153 1252 2189 intelligimus;
1278 2159 1315 2186 at,
1343 2155 1386 2182 ubi
1401 2156 1562 2189 evenerint,
1584 2157 1754 2192 aptissimam

964 2197 1161 2232 expositionem
1177 2199 1275 2227 afferre
1291 2200 1428 2234 solemus;
1447 2201 1483 2229 ita
1495 2203 1754 2232 mathettiaticurum

964 2245 1120 2279 disciplina,
1145 2250 1290 2281 antequam
1314 2246 1378 2280 quid
1406 2249 1547 2282 evenerit,
1573 2249 1639 2277 nihil
1661 2255 1754 2285 aperte

965 2291 1041 2318 nobis
1065 2291 1208 2318 declarare
1231 2296 1339 2326 potest:
1359 2300 1452 2320 verum
1478 2293 1521 2321 ubi
1550 2303 1593 2322 res
1619 2296 1750 2329 evenerit,

963 2341 1027 2364 tunc
1058 2345 1141 2365 causa
1176 2344 1291 2366 eventus
1322 2339 1468 2367 manifesta
1499 2347 1627 2376 apparet;
1661 2343 1752 2378 itaque

964 2390 1172 2417 saepenumero,
1201 2385 1247 2419 qui
1277 2386 1446 2419 pranlicunt,
1473 2385 1612 2420 falluntur,
1642 2394 1668 2416 ct
1691 2394 1752 2423 post

963 2433 1090 2456 eventum
1107 2430 1200 2464 ipsise
1224 2431 1440 2466 reprehendunt,
1465 2432 1629 2467 dicuntque,
1652 2433 1680 2462 ld
1693 2443 1749 2462 rem

963 2475 1100 2509 clreccrat,
1114 2481 1142 2504 et
1154 2478 1352 2506 nesciebamus.
1365 2478 1471 2512 Lapsus
1483 2479 1564 2514 igitur
1576 2480 1619 2508 illc
1631 2488 1662 2508 ac
1673 2490 1748 2509 error

963 2523 1003 2549 vel
1020 2523 1248 2557 peritissimoruin
1260 2525 1322 2552 inde
1335 2530 1387 2558 est,
1400 2526 1472 2559 quod
1489 2526 1626 2561 ignorent,
1644 2533 1674 2555 ut
1689 2530 1748 2556 heri

962 2568 1096 2602 dicebam,
1110 2578 1237 2605 quamam
1250 2572 1363 2599 omnino
1380 2572 1520 2600 sintortus
1532 2581 1632 2608 causa),
1648 2580 1675 2602 et
1690 2584 1749 2610 quae

961 2622 1014 2642 non
1030 2616 1160 2649 omnino;
1175 2622 1201 2644 ct
1217 2625 1277 2652 qum
1291 2617 1403 2645 omnino
1424 2617 1514 2646 facere
1535 2621 1677 2655 cupiamus
1689 2641 1696 2653 ,
1721 2626 1749 2648 at

961 2672 1013 2692 non
1031 2665 1144 2693 omnino
1157 2665 1282 2694 iacimus.
1305 2666 1368 2695 Haec
1390 2673 1480 2695 autem
1502 2677 1583 2697 causa
1606 2670 1683 2697 nobis
1701 2671 1746 2704 qui

961 2711 1121 2746 mysterium
1132 2711 1287 2745 didicimus,
1300 2714 1442 2749 perspicua
1458 2721 1510 2749 cst,
1524 2717 1588 2750 quia
1604 2724 1665 2743 cum
1681 2716 1747 2743 libe-

987 2790 1043 2832 (l7_)
1065 2789 1131 2830 Yidc
1150 2790 1196 2819 lib.
1218 2800 1233 2819 x
1252 2791 1360 2829 Rccog.,
1377 2802 1404 2822 ιι.
1422 2794 1455 2822 10
1475 2800 1503 2823 et
1529 2802 1600 2832 seq.,
1614 2801 1641 2823 et
1666 2799 1744 2823 nam:

959 2825 1097 2853 Cutclcl‘it.
