1897 3059
86 81 120 108 89

85 142 258 177 ηγηρήματα
271 162 278 173 ,
302 140 448 175 κεκίνηκεν
485 141 560 177 ἡμᾶς
587 141 690 177 μήποτε
717 142 747 168 τὸ
777 143 892 178 πρᾶγμα

87 187 135 212 καὶ
151 187 233 222 παρὰ
263 186 303 221 τῷ
319 185 467 221 θεράποντι
491 185 613 221 νενόηται
634 186 700 220 (22),
712 186 798 218 οὕτως
818 186 890 221 ἔχον,

86 233 137 260 καὶ
156 233 279 268 μάλιστα
290 233 351 259 ἐπεὶ
365 233 378 258 ὁ
393 231 551 268 κυριώτατα
566 232 726 268 ἑρμηνεύειν
744 232 799 268 (25)
816 233 890 267 φιλο-

86 278 263 313 τιμούμενος
285 278 400 309 Ἀκύλας
425 278 476 304 οὐκ
500 277 563 304 ἄλλο
587 277 718 313 πεποίηκε
742 278 817 314 παρὰ
842 278 891 314 τὴν

87 325 285 359 προσηγορίαν
297 324 344 351 καὶ
360 324 390 350 τὺ
413 324 606 359 κατηγόρημα.
630 324 819 360 Ἐπιστησάτω
837 325 860 351 δ’
877 326 892 352 ὀ

86 370 327 405 ὼσπαραδέκτως
340 369 409 404 ἔχων
422 369 536 401 τούτων,
548 370 572 395 εἱ
588 369 699 397 δύναται
716 370 810 405 ἠθικὸν
826 371 893 407 πρό-

86 415 206 451 ϐλημα,
229 416 246 451 ἦ
272 415 526 450 φυσιολογοὺμενον,
541 415 557 450 ἢ
575 415 783 452 θεολογούμενον
807 417 891 452 χωρὶς

87 461 243 497 ἀκρ.6είας
259 461 467 497 σημαινομένων
482 461 529 488 καὶ
548 461 602 489 τῶν
628 461 698 488 κατὰ
721 462 767 488 τὸν
782 462 890 496 λογικὸν

87 508 178 534 τύπον
200 507 401 543 τρανουμένων,
422 507 451 534 ὃν
467 507 508 534 δεῖ
523 507 623 544 τρόπον
643 508 836 544 παρίστασθαι.
858 509 891 536 Τί

89 555 147 590 γὰρ
166 555 270 581 ἄτοπον
285 554 395 580 ἀκούειν
411 554 465 580 τῶν
489 554 756 590 κυριολεκτουμένων
779 555 808 582 ὲν
830 556 891 587 ταῖς

89 600 260 632 διαλέκτοις,
274 599 321 626 καὶ
334 599 488 633 ὲφιστάνειν
501 599 638 635 ἐπιμελῶς
655 601 712 632 τοῖς
724 600 891 635 σημαινομέ-

90 653 170 675 νοις;
193 643 252 670 ἔστι
272 643 328 679 γὰρ
339 644 408 670 ὅπου
429 644 506 680 παρὰ
520 644 569 680 τὴν
586 645 697 679 ἄγνοιαν
709 644 763 671 τῶν
774 644 890 678 λογικῶν

92 689 224 724 μεγάλως
244 690 445 726 περιπίπτομεν
470 690 506 726 μὴ
529 690 705 726 καθαίροντες
718 690 768 722 τὰς
784 691 889 726 ὁμωνυ-

92 735 172 770 μίας,
189 736 237 762 καὶ
254 735 431 770 ἀμφιϐολίας,
452 736 498 761 καὶ
528 737 721 772 καταχρήσεις,
740 736 787 762 καὶ
799 745 890 772 κυριο-

90 781 197 814 λεξίας,
220 782 270 808 καὶ
288 781 441 813 διαστολάς·
459 778 514 808 οἷον
534 781 609 817 παρὰ
627 781 658 808 τὸ
671 781 826 816 ἀγνοεῖσθαι
839 783 888 817 τὴν

91 827 244 863 ομιὶινυμον
266 827 317 862 τῆς
341 828 458 862 κόσμου
484 827 670 864 προσηγορίας
696 827 787 863 φωνὴν
807 828 889 854 ἐκπε-

90 872 236 899 πτώκασιν
257 873 304 899 ἐπὶ
325 873 357 899 τὸ
371 872 426 908 (24)
440 872 609 900 ἀσεϐέστατα
635 874 742 908 φρονεῖν
761 873 888 908 περὶτοῦ

93 918 271 953 Δημιουργοῦ
279 918 304 944 οἱ
323 917 361 953 μὴ
383 918 562 954 καθάραντες,
576 918 622 944 ἐπὶ
644 918 725 945 τινων
743 919 829 945 κεῖται
847 918 887 950 τὸ,

93 973 103 988 ι
124 963 157 990 ’0
181 964 285 999 κόσμος
306 964 335 989 ὲν
353 963 393 998 τῷ
411 963 521 999 πονηρῴ
543 965 639 995 κεῖται,
656 974 665 990 ›
692 964 733 990 ὅτι
754 964 814 990 ἀντὶ
834 964 888 990 τῶν

90 1009 243 1044 περιγείων
268 1009 316 1036 καὶ
341 1009 520 1045 ἀνθρωπίνων
544 1009 624 1036 τοῦτο
649 1009 737 1041 οὕτως
763 1010 822 1036 ἐκεῖ
849 1010 888 1046 τῷ

96 1054 212 1091 Ἰωάννῃ
227 1054 346 1090 εἴρηται.
369 1055 513 1090 Οίηθέντες
533 1055 588 1091 γὰρ
608 1055 709 1091 κόσμον
724 1056 784 1082 κατ’
803 1056 888 1092 αὐτὴν

90 1099 140 1135 τὴν
154 1100 230 1132 λέξιν
245 1100 425 1136 σημαίνεσθαι
438 1100 468 1127 τὸ
480 1100 606 1136 σύστημα
618 1101 648 1127 τὺ
662 1100 691 1133 ἐξ
704 1100 820 1137 οὐρανοῦ
842 1101 888 1128 καὶ

91 1146 144 1180 γῆς
168 1146 216 1172 καὶ
233 1145 289 1172 τῶν
314 1147 342 1172 ἐν
357 1147 458 1178 αὐτοῖς,
477 1146 634 1182 θρασύτατα
647 1147 695 1174 καὶ
719 1146 887 1174 ἀνοσιώτατα

92 1192 292 1226 ἀποφαίνονται
321 1193 385 1228 περὶ
408 1192 486 1219 Θεοῦ·
512 1192 644 1228 μηδαμῶς
665 1192 737 1228 ἔργῳ
753 1193 887 1220 δεικνύναι

91 1237 239 1273 δυνάμενοι
265 1238 326 1270 πῶς
354 1238 430 1273 ἥλιος
451 1239 499 1266 καὶ
524 1239 622 1274 σελήνη
646 1240 693 1265 καὶ
717 1239 840 1275 ἀστέρες,
853 1240 887 1266 τὰ

92 1282 165 1310 οὕτω
176 1284 355 1319 τεταγμένως
370 1284 425 1320 (25)
438 1284 596 1320 κινούμενα,
608 1285 697 1311 κεῖται
708 1285 738 1311 ὲν
750 1285 789 1320 τῷ
801 1294 886 1321 πονη-

93 1329 142 1364 ρῷ.
163 1328 232 1356 Εἶτα
253 1330 302 1356 ἐὰν
327 1331 510 1366 προσάγωμεν
531 1332 622 1364 αὐτοῖς
647 1333 679 1358 ὲκ
700 1331 758 1365 τοῦ,
783 1328 887 1364 ιΟὗτός

91 1375 166 1401 ἐστιν
182 1376 198 1401 ὁ
220 1375 308 1410 ἀμνὸς
331 1376 379 1403 τοῦ
393 1376 461 1403 Θεοῦ
481 1377 495 1403 ὁ
513 1377 598 1412 αἴρων
620 1377 669 1412 τῂν
684 1377 821 1413 ἁμαρτίαν
840 1377 886 1404 τοῦ

91 1421 233 1456 κόσμου,ι
264 1422 306 1448 ὅτι
331 1422 433 1457 κόσμος
456 1421 520 1448 ἔνθα
547 1423 564 1457 ἡ
592 1423 714 1458 ἁμαρτία
745 1422 886 1454 πλεονάζει

92 1467 164 1493 κατὰ
177 1467 281 1499 ταύτας
297 1468 346 1500 τὰς
363 1467 450 1501 λέξεις
473 1468 590 1502 λέγεται,
613 1468 752 1496 τουτέστιν
769 1470 798 1496 ὲν
830 1470 886 1500 τοῖς

91 1513 244 1548 περιγείοις
260 1514 364 1546 τόποις,
379 1513 614 1549 εὑγνωμονοῦντες
631 1514 680 1550 μὲν
705 1516 886 1550 προσήσονται

90 1560 125 1585 τὰ
136 1559 284 1594 λεγόμενα,
303 1559 516 1594 φιλονεικοῦντες
532 1560 570 1593 δὲ,
587 1560 697 1595 ἠλιθίως
723 1561 888 1596 ἀναστρεφό-

93 1613 181 1638 μενοι,
204 1605 366 1640 ὲπιμενοῦσι
380 1606 437 1637 τοῖς
452 1604 524 1638 ἅπαξ
541 1605 657 1641 κριθεῖσι
680 1606 828 1642 μοχθηροῖς
843 1606 887 1633 διὰ

91 1649 140 1684 τὴν
147 1650 261 1684 ἄγνοιαν
272 1651 320 1685 τῆς
331 1650 500 1686 ὁμωνυμίας·
514 1650 594 1678 πάλιν
608 1659 638 1678 τε
654 1649 687 1678 αὖ
700 1651 746 1678 ἐὰν
763 1652 886 1688 λέγηται,

94 1704 104 1721 ι
115 1695 183 1727 Θεὸς
197 1694 232 1731 ἧν
249 1697 278 1722 ἐν
294 1696 403 1732 Χριστῷ
423 1697 524 1731 κόσμον
545 1697 740 1724 καταλλάσσων
759 1698 860 1734 ἐαυτῷ,
873 1708 883 1724 ι

91 1741 186 1768 οὐκέτι
215 1741 375 1777 δυνήσονται
397 1741 411 1768 ὃ
435 1741 592 1778 ὲξειλήφασι
623 1743 688 1779 περὶ
715 1743 815 1776 παντὸς
839 1744 886 1771 τοῦ

94 1788 208 1823 κόσμου,
223 1788 347 1815 τουτέστι
365 1788 429 1824 περὶ
451 1788 506 1815 τῶν
528 1789 557 1816 ὲν
579 1789 633 1824 ὅλῳ
655 1789 693 1824 τῷ
709 1790 814 1826 κόσμῳ,
833 1791 886 1826 μά-

94 1834 173 1861 λιστα
198 1834 270 1861 κατὰ
295 1834 344 1866 τὰς
366 1834 509 1866 ὑποθέσεις
531 1835 620 1862 αὐτῶν
641 1835 737 1868 δεῖξαιο
755 1837 802 1863 καὶ
826 1837 885 1863 κατ’

94 1880 177 1907 αὑτοῦ
204 1881 260 1915 γάρ
284 1880 390 1916 ἀνάγκη
406 1880 455 1915 τὴν
474 1880 546 1914 λέξιν
569 1881 606 1913 ὡς
625 1880 770 1917 ὁμώνυμον
794 1882 886 1915 ἐξετά-

94 1926 198 1958 ζεσθαι.
222 1926 279 1953 Καὶ
299 1926 362 1962 περὶ
378 1926 429 1961 τὴν
451 1925 615 1961 ἀμφιϐολίαν
628 1927 657 1953 δὲ
679 1927 824 1963 μοχθηρῶν
841 1929 887 1955 ὲκ-

93 1971 179 2007 ὂοχῶν
207 1972 255 1998 καὶ
280 1971 357 2007 παρὰ
376 1971 426 2007 τὴν
442 1971 583 2007 διαστολὴν
601 1971 657 2007 (26)
675 1972 728 1999 τῶν
751 1973 884 2008 στιγμῶν,

94 2018 139 2044 καὶ
154 2016 244 2044 ἀλλων
257 2016 287 2043 δὲ
307 2016 411 2052 μυρίων
441 2017 650 2053 παραδείγματά
671 2018 728 2045 ἐστι
744 2018 887 2055 φιλοτιμη-

95 2064 213 2098 σὰμενον
230 2063 281 2089 οὐκ
297 2062 376 2096 ὀλίγα
397 2061 502 2089 λαϐεῖν.
525 2062 618 2089 Ταῦτα
636 2063 664 2089 δὲ
682 2063 884 2099 παρεξέῦημεν,

95 2108 137 2134 ἵνα
152 2108 296 2143 δείξωμεν,
323 2107 364 2133 ὃτι
384 2107 433 2134 καὶ
458 2108 518 2134 καθ’
536 2109 608 2144 ἡμᾶς
623 2108 685 2140 τοὺς
706 2108 832 2140 θέλοντας
848 2109 885 2145 μὴ

96 2154 262 2188 σφάλλεσθαι
279 2154 344 2190 περὶ
356 2154 405 2190 τὴν
421 2154 550 2189 ἀλήθειαν
564 2155 592 2180 ὲν
607 2154 647 2189 τῷ
663 2155 733 2181 νοεῖν
749 2155 798 2186 τὰς
811 2155 885 2186 θείας

95 2199 205 2235 Γραφὰς
238 2200 439 2235 ἀναγκαιότατά
464 2201 521 2227 ὲστι
551 2199 584 2227 τὰ
609 2201 742 2227 πίπτοντα
769 2202 809 2232 εἰς
835 2201 884 2237 τὴν

95 2247 191 2281 χρῆσιν
207 2246 306 2272 εἰδέναι
326 2246 433 2280 λογικά·
447 2243 485 2274 ὧν
503 2246 550 2273 καὶ
571 2246 618 2273 νῦν
632 2247 782 2282 ἐδεήθημεν
797 2247 836 2279 εἰς
853 2248 883 2274 τὸ

96 2292 183 2327 εὑρεῖν
203 2291 254 2326 τὴν
274 2291 404 2327 διαφορὰν
420 2291 474 2318 τῶν
489 2291 643 2327 λεγομένων
662 2292 802 2326 γεγονέναι
822 2301 830 2317 ι
845 2294 885 2325 εἰς

96 2338 181 2373 ἀρχὰς
198 2338 248 2373 τῆς
263 2338 498 2372 νυκτδςμκαὶιεις
507 2341 537 2368 τὸ
547 2338 642 2374 ἄρχειν
655 2338 704 2373 τῆς
719 2338 825 2374 ἡμέρας
837 2339 884 2366 καὶ

96 2383 143 2418 τῆς
156 2383 263 2415 νυκτός.
274 2393 288 2411 ι»

823 81 854 109 ΙΝ
871 80 1029 110 GENESIM.

1697 81 1734 109 90

907 145 927 171 Λ
943 142 1043 169 habere
1051 140 1158 177 Moyses
1169 148 1264 169 scrvus
1273 139 1319 168 Dei
1329 138 1493 167 intellexerit
1505 147 1512 167 :
1527 140 1656 172 maxime,
1668 148 1730 166 cum

944 189 966 214 is
981 188 1026 222 qui
1048 187 1161 214 omnino
1176 187 1285 221 proprie
1303 185 1475 221 interpretari
1493 185 1607 217 studuit,
1623 184 1731 218 Aquila,

942 235 1015 261 aliud
1039 234 1107 261 nihil
1124 233 1245 268 posuerit
1262 237 1361 267 prmter
1385 231 1592 266 appellationem
1616 236 1642 258 et
1659 239 1726 265 prat-

942 281 1072 308 dicatnm.
1090 278 1186 305 Videat
1201 286 1282 314 porro
1299 278 1344 312 qui
1365 278 1422 304 haec
1438 285 1509 312 aegre
1522 277 1651 308 admittit,
1668 285 1732 311 pos-

942 327 1013 354 sitne
1028 325 1242 361 propositionem
1259 325 1293 352 de
1311 324 1444 357 moribus,
1460 328 1506 350 aut
1524 323 1558 351 de
1575 330 1665 349 rerum
1681 331 1731 350 nn-

943 376 1015 403 tura,
1031 375 1078 398 aut
1089 371 1123 398 de
1139 370 1285 405 theologia,
1300 370 1359 398 sine
1373 374 1499 397 accurata
1516 369 1731 404 signiﬁcatornm

940 421 967 444 et
981 424 1076 444 eorum
1092 423 1153 451 qua:
1161 415 1313 443 dialecticis
1323 415 1392 444 locis
1404 416 1585 448 illustrantur,
1594 416 1730 451 cognitio-

942 470 987 494 ne,
1004 466 1078 489 recte
1095 466 1228 488 astruere.
1248 461 1317 494 Quid
1334 461 1406 488 enim
1425 461 1535 489 absurdi
1554 466 1596 488 est
1609 468 1668 494 eos,
1682 462 1730 496 qui

942 509 1085 536 verborum
1103 508 1284 543 proprietates
1309 508 1336 534 in
1361 507 1474 543 singulis
1498 507 1596 543 linguis
1620 507 1731 534 investi-

940 558 1005 590 gant
1019 574 1025 585 .
1043 554 1150 586 audire,
1171 558 1197 581 et
1224 553 1388 588 signiﬁcatis
1414 553 1548 580 inhaerere
1565 552 1733 588 diligenter?

941 599 1078 627 interdum
1100 599 1174 626 enim
1192 604 1301 634 propter
1323 599 1520 634 ignorationem
1537 599 1630 634 logica;
1645 599 1730 626 disci-

941 645 1031 680 plinae,
1047 645 1168 680 graviter
1183 645 1312 678 labimur,
1331 645 1402 679 quod
1416 645 1656 679 aequivocationes,
1671 653 1730 672 atu-

941 690 1036 726 biguas
1053 697 1133 717 voces
1143 710 1151 723 ,
1167 691 1293 724 proprias
1308 696 1335 718 et
1359 691 1523 726 improprias
1537 691 1671 718 dictiones
1681 712 1688 723 ,
1703 695 1730 718 et

942 735 1130 763 distinctiones
1150 743 1204 762 non
1223 735 1404 770 dijudicetnus
1418 744 1426 768 ;
1440 736 1670 772 quemadmodum
1696 744 1728 763 ex

942 781 1113 816 ignoratione
1128 781 1352 816 aequivocationis
1368 790 1429 816 qua:
1445 787 1488 810 est
1505 784 1532 809 in
1548 782 1729 817 appellatione

908 816 928 844 Β
943 827 1051 859 mutuli,
1068 828 1102 855 ad
1124 827 1251 855 infandas
1267 829 1300 855 de
1316 828 1445 855 Creatore
1464 816 1613 856 sententias
1632 828 1729 862 dilapsi

941 878 1016 906 sunt,
1034 881 1086 901 non
1101 874 1288 901 discernentes
1303 875 1336 902 de
1350 874 1449 908 quibus
1464 875 1580 910 positum
1595 875 1630 902 sit
1645 875 1727 902 illud:

944 927 953 944 α
966 918 1080 947 Mundus
1097 919 1124 946 in
1140 920 1256 955 maligno
1274 920 1378 954 positus
1396 926 1438 948 est
1450 920 1485 953 ",
1501 930 1510 948 I
1528 921 1601 956 quod
1622 921 1655 948 de
1671 926 1729 948 ter-

941 963 1015 990 renis
1029 969 1055 990 et
1075 964 1200 992 Immanis
1219 972 1252 992 eo
1267 965 1327 993 loco
1335 965 1454 992 Joannes
1476 967 1629 1000 usurpavit.
1649 966 1731 992 Arbi-

942 1009 1004 1034 trati
1019 1008 1092 1035 enim
1109 1009 1238 1036 llllllldum
1254 1009 1304 1036 bac
1318 1008 1438 1037 dictione
1453 1009 1610 1043 signiﬁcare
1624 1008 1684 1035 cmli
1701 1012 1731 1035 et

942 1057 1021 1079 terrm
1034 1052 1127 1080 orbem
1142 1057 1169 1080 et
1182 1060 1242 1087 quae
1257 1054 1283 1080 in
1299 1054 1333 1081 iis
1348 1054 1532 1086 continentur,
1549 1053 1730 1080 audacissime

941 1103 969 1126 et
984 1105 1065 1133 supra
1080 1106 1161 1133 quam
1176 1099 1228 1126 dici
1254 1104 1356 1134 potest,
1372 1100 1477 1127 nefarie
1491 1099 1523 1126 de
1539 1098 1593 1125 Deo
1607 1106 1728 1133 pronun-

942 1145 1031 1172 tiant:
1051 1152 1112 1172 cum
1140 1146 1230 1179 reipsa
1253 1146 1444 1173 demonstrare
1460 1154 1513 1173 non
1533 1146 1657 1181 possint,
1675 1153 1730 1181 quo

941 1195 1020 1225 pacto
1045 1190 1085 1217 sol
1103 1195 1129 1217 et
1148 1190 1209 1217 luna
1231 1195 1258 1218 et
1280 1196 1355 1218 astra
1369 1212 1376 1224 ,
1404 1199 1464 1226 quae
1482 1196 1536 1218 tam
1555 1197 1617 1226 apto
1634 1191 1729 1219 ordine

941 1242 1095 1269 moventur,
1112 1238 1139 1264 in
1156 1238 1274 1272 maligno
1288 1238 1376 1272 posita
1394 1238 1458 1267 sint.
1478 1238 1578 1266 Deinde
1592 1239 1614 1265 si
1629 1245 1662 1266 ex
1677 1238 1728 1265 hoc

941 1281 1020 1309 loco:
1051 1290 1060 1306 ι
1075 1281 1126 1309 llic
1151 1286 1193 1308 est
1212 1282 1305 1316 Agnus
1328 1281 1401 1315 Dei,
1416 1283 1463 1318 qui
1491 1283 1561 1310 tollit
1583 1288 1727 1318 peccatum

941 1327 1034 1354 mundi
1050 1328 1085 1359 ",
1101 1337 1111 1353 ι
1130 1328 1247 1362 probare
1263 1327 1328 1362 ipsis
1342 1327 1508 1356 voluerimus
1524 1329 1664 1360 mundum,
1682 1328 1727 1356 ubi

940 1374 1058 1401 abundat
1077 1378 1217 1408 peccatum
1228 1393 1236 1406 ,
1253 1375 1403 1402 secundum
1420 1374 1469 1401 has
1488 1374 1639 1403 locutiones
1654 1375 1706 1402 dici
1718 1395 1727 1408 ,

941 1420 992 1447 hoc
1007 1424 1050 1446 est
1069 1420 1102 1447 de
1118 1420 1296 1447 terrestribus
1321 1420 1404 1453 locis;
1429 1420 1474 1453 qui
1496 1420 1611 1448 candido
1634 1421 1728 1449 animo

941 1464 1053 1498 fuerint,
1068 1465 1213 1493 admittent
1226 1473 1286 1500 qua;
1302 1466 1447 1498 dicuntur;
1468 1467 1629 1493 contentiosi
1645 1474 1726 1499 vero,

940 1511 1036 1539 stolide
1050 1515 1077 1537 et
1091 1512 1183 1546 inepte
1206 1519 1266 1539 sese
1284 1517 1429 1539 versantes
1440 1532 1448 1544 ,
1466 1510 1500 1539 iis
1512 1512 1651 1539 adluerere
1664 1520 1727 1545 pcr-

938 1563 1002 1593 gent
1025 1565 1084 1593 qua:
1101 1558 1184 1586 semel
1203 1558 1272 1585 mala
1287 1558 1472 1593 judicaverint
1490 1563 1600 1593 propter
1616 1558 1725 1593 ignora-

940 1605 1038 1631 tionem
1056 1605 1289 1638 :eqnivocationis.
1306 1605 1413 1632 Rursus
1430 1605 1451 1631 si
1470 1604 1597 1631 dicatur:
1628 1613 1637 1629 ι
1655 1605 1728 1631 Dens

937 1653 996 1675 erat
1013 1648 1040 1676 in
1058 1648 1168 1677 Christo
1184 1649 1312 1676 mundum
1328 1649 1511 1677 reconcilians
1526 1649 1577 1677 sibi
1592 1650 1625 1682 ⁸⁷,
1643 1659 1652 1676 ι
1672 1657 1725 1676 non

934 1693 992 1728 jam
1010 1699 1138 1729 poterunt
1152 1695 1224 1729 quod
1238 1695 1272 1722 de
1289 1695 1418 1722 universo
1434 1695 1535 1722 mundo
1551 1700 1725 1730 acceperant,

938 1739 989 1766 hoc
1005 1743 1058 1773 est,
1073 1740 1107 1767 de
1124 1740 1156 1767 iis
1171 1747 1231 1774 qua
1245 1739 1271 1767 in
1291 1745 1347 1767 toto
1365 1740 1466 1767 mundo
1482 1744 1557 1772 sunt,
1573 1739 1726 1775 praesertim

937 1786 1085 1813 secundum
1100 1786 1264 1821 hypotheses
1279 1794 1342 1814 snas
1357 1786 1562 1813 demonstrare:
1579 1786 1613 1813 de
1628 1786 1725 1813 eodem

937 1832 1009 1858 etiim
1025 1831 1172 1858 dictionem
1192 1836 1221 1858 ut
1235 1832 1311 1866 plura
1328 1831 1526 1866 signiﬁcantem
1541 1832 1726 1865 pervestigare

937 1883 1049 1904 necesse
1061 1881 1113 1904 est.
1127 1877 1317 1911 Ambiguitatis
1332 1881 1423 1904 autem
1438 1884 1630 1908 perversarum
1641 1885 1725 1912 expo-

937 1922 1065 1950 sitionum
1077 1928 1104 1950 et
1116 1922 1343 1957 interpunctionis
1351 1927 1379 1950 et
1387 1928 1579 1950 sescentorum
1592 1924 1724 1958 ejusmodi

936 1969 1059 2004 exempla
1086 1976 1138 1996 non
1154 1976 1239 2004 pauca
1256 1968 1391 2003 reperiet,
1410 1969 1456 2003 qui
1482 1969 1507 1997 id
1522 1970 1653 1997 studebit.
1671 1970 1724 1997 Sed

938 2015 995 2042 haec
1020 2022 1069 2049 per
1085 2015 1284 2049 digressionem
1299 2036 1306 2047 ,
1334 2021 1363 2043 ut
1387 2016 1592 2043 ostenderemus
1612 2016 1648 2043 ita
1676 2023 1725 2043 nos

937 2068 1044 2096 quoque
1065 2061 1221 2088 existimare
1241 2061 1314 2094 illis,
1342 2063 1387 2097 qui
1408 2063 1502 2090 volunt
1519 2063 1544 2089 in
1571 2062 1724 2097 intelligen-

938 2107 973 2133 tia
996 2106 1150 2133 divinarum
1166 2106 1372 2142 Scripturarum
1390 2110 1532 2135 veritatem
1547 2113 1639 2135 tenere
1650 2128 1657 2140 ,
1676 2115 1724 2134 ncc

904 2169 924 2195 ο
939 2152 1002 2185 labi,
1020 2153 1253 2187 pernecessariam
1272 2161 1332 2181 esse
1350 2154 1502 2182 liberalium
1520 2155 1618 2182 artium
1634 2155 1724 2181 scien-

940 2198 1004 2225 tiam
1018 2218 1025 2230 ,
1043 2199 1142 2233 quibus
1158 2204 1182 2226 et
1203 2207 1275 2226 nunc
1292 2200 1369 2227 nobis
1386 2209 1453 2235 opus
1467 2202 1526 2233 fuit,
1546 2206 1574 2228 ut
1590 2201 1724 2227 invenire-

939 2251 998 2270 mus
1012 2264 1019 2274 ,
1043 2251 1098 2278 quo
1122 2243 1248 2272 dill'ernnt
1268 2244 1331 2276 illa,
1354 2253 1414 2279 qua?
1431 2245 1559 2273 dicuntur
1581 2246 1651 2273 facta
1695 2245 1723 2272 in

938 2290 1114 2324 principatum
1132 2291 1226 2322 noctis,
1244 2295 1270 2318 et
1287 2296 1312 2317 ut
1330 2297 1470 2326 prwessctu
1494 2291 1547 2318 diei
1564 2297 1586 2318 et
1611 2291 1691 2318 nocti.

165 2455 189 2471 ³⁸
205 2455 214 2482 l
231 2455 310 2484 Joan.
326 2463 351 2488 v,
369 2455 413 2484 l9.
451 2455 475 2472 ⁸⁸
490 2453 568 2483 Joan.
585 2464 603 2490 ι,
616 2455 661 2485 9-9.
697 2457 719 2472 ⁵⁷
734 2455 752 2483 ll
766 2456 829 2485 Cor.
846 2465 871 2490 v,
889 2458 930 2485 l9.

130 2528 184 2560 {‘21)
204 2528 261 2554 Kal
276 2528 358 2562 παρὰ
370 2527 411 2561 τῷ
421 2527 580 2563 θεράποντι
593 2528 738 2562 νενόηται.
754 2528 790 2555 Ita
807 2529 885 2557 habet

97 2563 186 2590 Tarini
202 2563 298 2597 editio,
312 2569 339 2590 et
358 2564 395 2590 ita
421 2563 528 2597 legebat
544 2571 651 2597 qttoque
667 2563 860 2592 Gcnebrardns
876 2574 883 2592 :

100 2599 208 2631 vitiose,
233 2599 256 2625 si
289 2599 566 2634 modoimendosam
587 2598 750 2634 scripturam
780 2599 882 2634 integra

99 2634 193 2660 scimus
209 2640 357 2668 seponere.
371 2633 450 2666 Quod
467 2633 488 2659 si
507 2632 672 2665 conjecturae
688 2633 763 2660 locus
780 2632 880 2664 estfitn

99 2668 231 2704 legendum
258 2676 320 2695 esse
345 2668 603 2704 suspicarlﬁpossis,
627 2668 674 2694 καὶ
699 2668 773 2704 παρὰ
792 2669 831 2704 τῷ
847 2669 881 2695 τὰ

100 2702 148 2729 θεία
162 2704 295 2740 γράφοντι
307 2703 549 2740 νενόηται.ς-11ιῐις
561 2702 683 2740 lluetins,
698 2702 744 2729 cui
755 2702 880 2740 assentiri

103 2745 144 2764 non
163 2737 282 2774 possum,
298 2739 374 2771 quod
390 2738 456 2764 alibi
470 2741 504 2774 at}
525 2737 760 2774 OrigeneMnysies
777 2739 880 2773 simpli-

102 2778 156 2799 Mer
164 2772 278 2802 dicatur
299 2774 434 2809 θεράπων
449 2777 477 2799 et
492 2772 708 2809 θεράπωνΘεοῦζ
725 2773 788 2801 Vide
802 2780 880 2802 notas

100 2810 124 2835 ad
136 2809 242 2838 Exhorl.
258 2812 295 2838 ad
314 2808 490 2844 Martyrium,
506 2815 556 2843 pag
579 2808 640 2835 306.

973 2531 1030 2565 (25)
1056 2531 1082 2557 Ὁ
1098 2531 1261 2566 κυριώτατα
1277 2531 1459 2566 ἑρμηνεύειν,
1478 2536 1528 2558 etc.
1547 2530 1591 2558 Sic
1608 2538 1678 2565 sape
1692 2532 1719 2559 in

940 2564 1059 2600 tam-mm
1075 2567 1110 2593 ad
1126 2564 1298 2601 Ᾱίνὶοιιηιιηιξ
1312 2564 1355 2601 sic
1373 2574 1442 2598 swpe
1459 2566 1646 2601 Hieronymus.

973 2601 1028 2637 (2i)
1041 2600 1293 2637 ῨἘκπετιι-ώκησιν
1312 2600 1360 2627 ἐπὶ
1385 2601 1427 2627 τό.
1451 2600 1627 2627 Valentiniani
1645 2602 1718 2629 vide-

935 2636 1007 2667 licet,
1024 2636 1205 2663 Mareionista:
1221 2636 1320 2668 aliique
1334 2643 1426 2662 eorum
1444 2637 1592 2669 corporali.

970 2671 1027 2706 (25)
1048 2670 1152 2698 ΡΙιίίοε.
1168 2679 1231 2705 ms.,
1248 2670 1439 2705 τεταγμένως;
1467 2671 1614 2705 impressa,
1639 2679 1716 2699 τετα-

933 2707 1030 2733 γιιὲνα.

938 2715 1030 2742 γμενα.

969 2742 1026 2776 (ἐϋ)
1045 2741 1127 2777 Παρὰ
1148 2740 1205 2777 τὴν
1222 2738 1396 2777 δῃᾳγτολήν.
1424 2739 1503 2769 lluct.
1521 2741 1623 2777 legend.
1642 2741 1702 2768 vide

935 2781 988 2810 tur,
1008 2777 1071 2812 περὶ
1087 2776 1135 2811 τὴν
1149 2775 1298 2810 διαστολὴν.
