1897 3059
145 114 193 141 111

883 117 1055 147 ORIGENES

1716 123 1768 154 ΗΞ

143 173 302 205 Qua-rentes
318 178 408 200 autem
424 173 569 201 discrimen
589 174 649 202 labii
665 179 692 202 et
705 175 788 208 vocis,
806 175 915 203 dicemu

998 177 1026 204 αὶ
1041 178 1142 213 φωνῆς,
1156 178 1278 213 φήσομεν
1289 178 1337 214 τὴν
1350 179 1399 214 μὲν
1411 180 1500 216 φωνὴν
1513 181 1558 207 ἐπὶ
1569 182 1618 217 τῆς
1627 181 1767 210 διαλέκτου

144 226 238 246 vocem
253 218 288 245 ad
304 226 459 247 sermonem
475 221 620 255 pertinere,
636 220 707 248 forte
722 225 812 248 autem
827 221 927 249 labium

145 263 177 289 ad
193 263 396 297 cogitationem,
409 268 454 290 aut
469 264 527 290 vice
541 270 627 290 versa.

183 307 284 340 Venite.
299 313 323 336 et
345 309 528 336 descendentes
549 309 743 343 confundamus
759 309 794 336 ibi
808 309 926 344 linguam

107 365 110 367 λ
142 363 245 386 eorum,
267 359 294 381 ut
318 363 369 382 non
390 354 481 381 audiat
502 355 681 389 unusquisque
701 355 819 390 tinguant
836 355 927 388 proxi-

142 400 217 427 mi“.
235 400 341 427 Malitia:
357 400 485 427 indicium
499 399 623 427 confusio
637 400 801 435 linguarum,
818 401 926 428 virtutis

143 453 207 473 vero
220 446 362 477 indicium,
377 446 486 480 quando
499 451 554 472 erat
570 447 686 473 omnium
703 447 864 474 credentium
881 455 926 473 cor

141 496 164 518 et
179 492 267 518 anima
280 500 331 518 una
339 491 372 518 ".
393 491 493 525 Sicque
507 492 674 526 Scripturam
687 492 835 520 observans
850 493 925 519 inve-

142 538 210 569 nies,
228 537 383 572 ubicunque
407 541 448 564 est
471 537 615 564 multitudo
639 538 754 570 numeri,
771 539 924 573 ubicunque

138 588 179 611 est
195 583 324 616 schisma,
350 583 504 617 ubicunque
521 587 563 610 est
591 583 688 610 divisio
705 587 732 611 et
747 584 880 611 discordia
896 589 924 611 et

137 628 190 655 alia
210 628 374 662 Imjusmodi,
387 628 496 655 malitiae
507 634 567 655 esse
582 627 700 660 indicia;
721 628 765 654 ubi
782 635 849 654 vero
863 630 924 654 unl-

138 679 180 702 tas
196 678 223 700 et
239 673 396 706 concordia,
407 678 435 701 et
451 672 533 700 multa
548 673 588 700 vis
603 673 629 700 iu
648 673 749 705 verbis,
762 673 799 700 ibi
817 673 923 700 virtutis

137 727 198 747 esse
216 718 326 746 indicia.

177 764 299 800 Vixitque
326 765 429 791 Tharra
454 765 621 799 septuaginta
649 763 749 796 annis,
781 769 806 791 et
833 764 921 800 genuit

137 811 245 844 Abram,
258 815 282 838 et
298 810 418 843 Nae/tor,
435 815 460 837 et
472 810 610 837 Arram".
627 809 734 837 Patrem
748 810 836 845 gentis
850 810 922 837 cele-

978 223 1140 255 τάσσεσθαι,
1156 223 1226 258 τάχα
1239 223 1268 250 δὲ
1287 223 1317 250 τὸ
1333 224 1420 259 χεῖλος
1433 226 1479 251 ἐπὶ
1491 226 1540 262 τῆς
1554 226 1672 258 διανοίας
1682 237 1688 243 ·
1704 227 1722 263 ἢ
1736 227 1769 254 τὸ

978 267 1106 302 ἔμπαλιν.

1012 313 1100 340 Δεῦτε
1111 334 1118 345 ,
1135 313 1185 340 καὶ
1206 314 1388 348 καταϐάντες
1403 315 1579 350 συγχέωμεν
1591 316 1690 343 αὐτῶν
1703 316 1772 344 ἐκεῖ

977 358 1033 392 τὴν
1054 358 1214 392 γλῶσσαν,
1235 359 1285 386 ἵνα
1309 359 1352 394 μὴ
1377 361 1550 388 ἀκούσουσιν
1565 361 1692 395 ἕκαστος
1709 361 1768 396 τῆς

975 400 1077 435 φωνῆς
1101 401 1155 428 τοῦ
1182 403 1325 436 πλησίον.
1351 404 1496 439 Γνώρισμα
1521 405 1619 437 κακίας
1643 406 1710 440 (66)
1734 407 1767 432 τὸ

977 447 1141 482 συγχυθῆναι
1156 447 1206 479 τὰς
1222 447 1347 482 γλώσσας
1357 458 1364 463 -
1378 449 1521 485 γνώρισμα
1535 451 1635 486 ἀρετῆς
1645 471 1652 483 ,
1665 452 1710 478 ὅτε
1723 449 1766 486 ἦν

973 492 1093 519 ,πάντων
1104 493 1163 519 τῶν
1179 495 1382 521 πιστευόντων
1395 495 1512 529 καρδία,
1530 497 1579 523 καὶ
1596 497 1680 531 ψυχὴ
1696 498 1763 531 μία.

974 538 1028 564 Καὶ
1051 538 1122 565 οὕτω
1147 538 1237 574 τηρῶν
1262 540 1311 575 τὴν
1332 540 1352 566 Γ
1355 541 1444 576 ραφὴν
1469 542 1606 578 εὑρήσεις,
1630 543 1671 569 ὅτι
1694 544 1765 570 ὅπου

973 584 1074 620 πλῆθος
1090 585 1217 621 ἀριθμοῦ,
1234 586 1299 612 ὅπου
1325 586 1438 621 σχίσμα,
1453 587 1520 614 ὅπου
1541 587 1670 624 διαίρεσις
1681 608 1688 620 ,
1716 588 1766 615 καὶ

971 631 1123 666 διαφωνία,
1151 632 1197 658 καὶ
1230 633 1280 658 ὅσα
1317 633 1448 665 τοιαῦτα,
1475 634 1574 665 κακίας
1606 635 1664 660 ἐστὶ
1692 643 1766 669 γνω-

973 675 1109 710 ρίσματα·
1132 675 1200 702 ὅπου
1223 675 1251 702 δὲ
1275 676 1383 711 ἑνότης,
1405 677 1452 703 καὶ
1477 678 1597 713 ὁμόνοια,
1615 679 1661 706 καὶ
1678 679 1764 715 πολλὴ

971 720 1085 756 δύναμις
1108 721 1137 747 ἐν
1153 721 1241 756 λόγοις
1252 741 1259 752 ,
1274 723 1375 758 ἀρετῆς
1390 723 1577 759 γνωρίσματα.

1005 767 1062 794 Καὶ
1085 766 1172 801 ἔζησε
1192 767 1290 802 Θάρῤα
1312 768 1514 803 ἑϐδομήκοντα
1527 769 1595 804 ἔτη,
1610 771 1657 797 και
1679 769 1765 805 ἐγέν-

971 820 1047 846 νησε
1061 812 1113 839 τὸν
1130 813 1243 847 Ἀϐρὰμ,
1252 813 1300 840 καὶ
1312 813 1365 840 τὸν
1377 813 1493 849 Ναχὼρ.
1506 815 1555 842 καὶ
1571 815 1624 841 τὸν
1637 815 1760 850 Ἀρῤάμ.

135 858 241 884 brantis
258 856 430 884 festivitatem
447 856 624 883 hebdomade
638 855 734 891 genuit
756 855 861 882 Tharra
878 863 915 883 set

998 859 1023 885 ἂν
1040 858 1143 894 πατέρα
1159 858 1212 893 (67)
1227 858 1274 885 τοῦ
1287 859 1461 895 ἐορτάζοντος
1476 860 1568 892 ἔθνους
1582 861 1631 896 τὴν
1644 860 1764 896 ὲὸδομά-

135 904 340 939 ptuageuarius.
357 903 433 930 llaud
450 902 507 930 scio
526 907 616 929 autem
632 911 665 929 an
684 906 740 929 tres
756 902 920 937 tergeminos

135 951 268 985 genuerit.
286 950 372 976 Aliter
396 949 471 976 enim
497 948 721 983 septuagenarius
744 956 804 975 cum
834 953 918 982 esset,

135 1004 188 1024 non
203 997 334 1031 potuisset
349 1003 382 1023 ex
396 1003 448 1022 una
460 994 542 1022 trium
554 999 632 1030 pater
643 994 774 1023 ﬂeri.Setl
787 1000 815 1023 et
826 995 918 1030 plures

134 1048 188 1068 nou
208 1040 364 1068 referuntur
378 1039 437 1074 eius
455 1047 564 1067 uxores.

167 1129 202 1156 Et
213 1128 345 1156 descendit
358 1127 455 1154 Abram
476 1128 502 1153 in
516 1126 662 1162 .Egyptum
682 1131 711 1153 ut
732 1127 915 1162 peregrinare-

131 1180 175 1201 tur
190 1175 236 1206 ibi,
259 1173 384 1209 quoniam
403 1173 550 1200 inualuerat
571 1172 653 1206 [ames
674 1179 752 1206 super
778 1171 915 1199 terram”.

131 1220 268 1248 Abraham
280 1227 333 1247 non
352 1220 378 1246 in
394 1219 510 1254 Egypto
532 1218 682 1250 habitabat,
699 1218 747 1245 sed
762 1218 917 1252 peregrina-

132 1267 221 1297 batur,
237 1265 366 1300 quoniam
382 1265 533 1291 invaluerat
546 1264 631 1290 l'ames
644 1271 725 1298 super
740 1268 851 1290 terram.

167 1310 311 1338 Cltanamei
332 1315 420 1336 autem
439 1313 463 1336 et
486 1307 622 1335 Phereza'i
643 1313 704 1334 tunc
719 1307 872 1334 habitabant
890 1309 917 1335 in

131 1363 200 1384 terra
209 1356 242 1384 “.
259 1355 403 1383 Chauanati
418 1359 510 1389 utpote
526 1354 588 1380 ntali
606 1354 773 1384 habitabant.
794 1362 846 1381 non
864 1362 914 1389 pe-

131 1403 350 1439 regrinabantur,
371 1402 396 1428 in
419 1406 504 1429 terra.
520 1400 581 1427 Mali
607 1401 698 1434 itaque
714 1400 847 1433 habitant,
864 1409 916 1428 non

131 1449 347 1484 peregrinantur,
366 1447 392 1474 in
409 1451 493 1474 terra.

165 1494 219 1530 35
235 1494 264 1521 Si
281 1500 309 1521 tu
322 1494 356 1520 ad
371 1493 521 1523 sinistram,
538 1500 584 1528 ego
603 1493 637 1519 ad
661 1492 795 1519 dexteram
814 1501 823 1525 ;
837 1493 860 1519 εἰ
884 1497 912 1519 tu

131 1522 317 1568 advttzsrteram
328 1561 336 1573 ,
356 1548 402 1574 ego
423 1539 457 1566 ad
472 1539 606 1566 sinistram
623 1538 644 1553 '°
655 1559 663 1570 ,
681 1542 735 1565 etc.
753 1537 809 1565 Etsi
829 1539 916 1566 Abra-
930 1522 953 1553 c

132 1588 193 1613 ham
227 1593 282 1619 prae
304 1584 510 1611 mansuetudine
537 1582 655 1617 eligendi
680 1587 842 1616 potestatem
870 1582 914 1609 ie-

130 1632 168 1659 cit
196 1631 307 1664 Lollio;
339 1630 537 1657 observandum
571 1632 614 1655 est
650 1636 711 1655 eum
739 1628 784 1663 qui
816 1628 915 1664 elegit,

130 1687 180 1706 suo
209 1677 314 1705 delectu
341 1685 394 1704 non
424 1675 498 1708 frui,
528 1675 604 1703 illum
632 1680 722 1702 autent
750 1676 794 1710 qui
828 1676 916 1710 optio-

131 1733 194 1753 nem
219 1725 313 1756 dedit,
340 1722 511 1750 benedictum
541 1722 640 1750 habere
669 1722 741 1756 quod
769 1722 821 1749 sibi
848 1722 915 1749 reli-

130 1777 204 1798 CIIII“
216 1775 268 1798 est.

165 1817 292 1852 Dixitque
309 1816 378 1844 Deus
392 1817 426 1844 ad
441 1816 539 1843 Abram
557 1820 693 1851 postquam
720 1819 857 1849 separatus
878 1818 916 1840 est

129 1865 161 1891 ab
173 1865 229 1899 ipso
242 1863 305 1892 Lot:
318 1864 424 1898 Respice
435 1862 518 1890 oculis
534 1862 598 1894 tuis,
610 1866 634 1888 et
646 1862 703 1888 vide
715 1870 730 1887 ιι
746 1861 801 1887 loco
818 1861 846 1887 in
865 1868 916 1893 quo

130 1919 198 1937 nunc
204 1919 241 1943 ει,
252 1910 285 1937 ad
292 1910 439 1945 aquilonem
447 1914 470 1936 et
477 1909 622 1941 meridiem,
629 1913 653 1934 et
661 1908 695 1934 ad
703 1907 837 1940 orientem,
848 1911 872 1933 et
881 1907 915 1932 ad

130 1958 298 1987 occidentem,
306 1957 430 1992 quoniam
440 1964 541 1982 omnem
548 1959 644 1981 terram
653 1962 732 1989 quam
742 1959 768 1980 tu
776 1953 857 1985 vides,
869 1952 915 1978 tibi

129 2003 199 2029 dabo
211 2003 244 2029 “.
266 2002 317 2036 Qui
333 2001 425 2029 virtuti
440 2001 504 2028 dant
527 2007 639 2035 operam
654 2020 662 2032 ,
683 2007 730 2026 eos
752 1999 875 2033 sequitur
901 2006 915 2024 a

129 2048 186 2075 Deo
197 2048 357 2075 consolatio.
371 2047 517 2082 Postquam
535 2046 674 2080 optionem
690 2045 764 2072 dedit
784 2044 873 2076 fratri,
889 2049 916 2071 et

131 2094 175 2121 ille
189 2093 404 2121 ammaissimam
427 2098 455 2119 et
477 2092 641 2119 uberrimam
657 2091 740 2126 elegit
767 2092 914 2127 regionem,

130 2138 256 2173 apparuit
283 2137 354 2164 Deus
374 2136 547 2168 Abrahamo,
574 2137 652 2170 cujus
679 2135 799 2162 animam
824 2135 915 2162 verbis

969 905 1002 931 δα
1023 905 1166 940 ἐγέννησεν
1189 905 1203 931 ὀ
1222 904 1475 940 Θάρραεγενόμενος
1499 906 1761 942 ἑὸδομηκονταέτης.

976 950 1120 986 Ἐφίστημι
1130 951 1158 977 δὲ
1171 951 1270 986 μήπως
1283 951 1345 982 τοὺς
1358 953 1431 987 τρεῖς
1444 952 1590 987 τριδύμους
1602 952 1761 987 ἐγέννησεν.

971 997 1075 1028 Ἄλλως
1088 997 1151 1033 γὰρ,
1167 997 1416 1033 ὲσὼμηκονταέτης
1438 997 1486 1030 ὣν,
1502 999 1532 1025 οὺ
1548 998 1646 1025 δύναιτ’
1660 998 1692 1025 ἂν
1706 998 1764 1027 τῶν

968 1041 1051 1076 τριῶν
1065 1043 1098 1068 ὲκ
1113 1043 1178 1077 μιᾶς
1193 1042 1318 1076 γενέσθαι
1332 1044 1434 1079 πατήρ.
1452 1044 1531 1071 Ἀλλὰ
1546 1045 1593 1072 καὶ
1605 1045 1635 1071 οὐ
1650 1044 1764 1080 δηλοῦν-

967 1095 1012 1113 ται
1025 1087 1135 1118 πλείους
1148 1087 1231 1114 αὑτοῦ
1248 1089 1387 1122 γυναῖκες.

1002 1134 1057 1161 Καὶ
1083 1134 1191 1168 κατέϐη
1212 1134 1321 1170 Ἀὅρὰμ
1346 1137 1389 1168 είς
1408 1136 1561 1171 Ατγυπτον
1578 1136 1762 1172 παροικῆσαι

968 1178 1045 1210 ἐκεῖ,
1077 1178 1121 1205 ὅτι
1153 1179 1321 1214 ἐνίσχυσεν
1350 1182 1366 1207 d
1408 1182 1497 1216 λιμὸς·
1526 1182 1575 1208 ἐπὶ
1606 1182 1661 1216 τῆς
1691 1182 1759 1217 γῆς,

974 1223 1098 1259 Ἀδραὰμ
1125 1224 1180 1260 (68)
1197 1225 1227 1251 οὐ
1243 1225 1362 1261 κατῴκει
1378 1227 1512 1261 Δίγυπτον
1522 1247 1530 1261 ,
1545 1227 1612 1254 ἀλλὰ
1625 1227 1763 1264 παρῴκει,

967 1269 1008 1296 ὅτι
1023 1269 1160 1305 ἐνίσχυσεν
1170 1271 1184 1297 ὁ
1195 1270 1274 1305 λιμὸς
1288 1271 1334 1298 ἐπὶ
1351 1272 1401 1306 τῆς
1417 1272 1479 1308 γῆς.

1000 1316 1031 1342 οι
1048 1314 1081 1341 δὲ
1091 1316 1249 1343 Χαναναῖοι
1263 1317 1311 1343 καὶ
1325 1319 1351 1344 οὶ
1364 1317 1509 1351 Φερεζαῖοι
1523 1320 1589 1346 τότε
1603 1318 1761 1351 κατῴκουν

967 1361 1024 1395 τὴν
1038 1361 1106 1396 γῆν.
1116 1362 1159 1394 Ὧς
1173 1362 1269 1397 φαῦλοι
1282 1362 1335 1399 (69)
1348 1364 1373 1390 οἱ
1386 1365 1532 1392 Χαναναῖοι
1548 1366 1697 1402 κατῴκουν,
1712 1365 1762 1392 καὶ

967 1407 997 1433 οὺ
1012 1407 1157 1443 παρῴκουν
1172 1408 1220 1443 τὴν
1236 1408 1303 1444 γῆν.
1326 1409 1405 1435 Ὥστε
1420 1409 1515 1444 φαῦλοι
1529 1411 1710 1443 κατοικοῦσιν,
1727 1411 1760 1438 οὔ

968 1452 1130 1488 παροικοῦσι
1141 1453 1188 1489 τὴν
1203 1454 1266 1489 γῆν.

1004 1500 1038 1525 Εἰ
1052 1499 1092 1525 σὺ
1104 1500 1147 1532 είς
1157 1499 1308 1533 ἀριστερὰ,
1321 1498 1378 1534 ἐγὼ
1394 1501 1437 1532 εις
1452 1500 1536 1533 δεξιά
1545 1510 1551 1516 ·
1568 1503 1594 1528 εὶ
1607 1501 1641 1528 δὲ
1654 1501 1694 1528 σὺ
1714 1503 1760 1535 εις

968 1544 1067 1576 δεξιὰ,
1080 1545 1137 1579 ἐγὼ
1161 1546 1204 1577 είς
1223 1545 1364 1579 ἀριστερά
1376 1553 1382 1560 ·
1409 1546 1456 1572 καὶ
1478 1547 1511 1573 τὰ
1533 1546 1606 1581 ἑξῆς.
1623 1547 1655 1573 El
1671 1548 1717 1574 καὶ
1739 1549 1759 1583 ἡ

967 1591 1066 1625 ἐκλογὴ
1078 1591 1133 1626 (70)
1145 1590 1240 1624 γέγονε
1255 1590 1461 1626 συγχωρηθεῖσα
1477 1592 1530 1618 ἀπὸ
1544 1593 1592 1628 τῆς
1609 1593 1760 1625 ἐπιεικείας

966 1636 1014 1663 τοῦ
1044 1636 1168 1672 Ἀϐραὰμ
1188 1636 1227 1671 τῷ
1244 1635 1322 1662 Λώτ”
1351 1638 1574 1673 παρατηρητέον,
1597 1639 1637 1665 ὅτι
1663 1640 1677 1665 ὁ
1707 1639 1760 1674 μὲν

968 1681 1145 1717 ἐκλεξάμενος
1179 1682 1229 1708 οὐκ
1258 1681 1389 1708 ἀπολαύει
1423 1682 1472 1718 τῆς
1506 1683 1588 1709 αὑτοῦ
1625 1683 1759 1718 ἐκλογῆς,

966 1729 981 1754 ὁ
997 1729 1024 1755 δὲ
1040 1728 1245 1764 παραχωρήσας
1259 1728 1439 1764 εὑλογημένον
1458 1729 1513 1764 ἔχει
1528 1729 1558 1755 τὸ
1577 1729 1758 1765 καταλελειμ-

969 1774 1059 1810 μένον.

1007 1822 1039 1848 ‘0
1055 1821 1089 1848 at
1109 1820 1181 1854 Θεὸς
1192 1820 1256 1849 εἶπε
1271 1822 1346 1856 πρὸς
1360 1822 1474 1856 Ἀϐράμ,
1487 1822 1562 1856 μετὰ
1574 1822 1606 1849 τὸ
1621 1822 1758 1857 διαχωρι-

967 1867 1077 1901 σθῆναι
1101 1868 1155 1894 τὸν
1178 1868 1244 1895 Λὼτ
1271 1868 1321 1895 ἀπ’
1343 1868 1449 1895 αὐτοῦ·
1478 1868 1664 1902 Ἀνάϐλεψον
1694 1868 1758 1901 τοῖς

967 1912 1131 1948 ὀφθαλμοῖς
1141 1920 1209 1945 σου,
1225 1914 1272 1940 καὶ
1287 1913 1331 1940 ῖδε
1344 1914 1403 1940 ἀπὸ
1419 1914 1471 1940 τοῦ
1488 1913 1582 1940 τόπου
1595 1911 1630 1940 οὗ
1643 1912 1701 1940 νῦν
1715 1913 1758 1940 σὺ

967 1956 1002 1990 εἴ,
1022 1958 1096 1992 πρὸς
1113 1958 1229 1992 βορῤᾶν
1243 1959 1291 1985 καὶ
1313 1960 1382 1986 λίϐα
1393 1978 1401 1991 ,
1416 1959 1463 1985 καὶ
1478 1959 1628 1992 ἀνατολὰς
1641 1959 1689 1985 καὶ
1707 1959 1759 1986 θά-

966 2005 1105 2036 λασσαν,
1120 2004 1165 2030 ὅτι
1185 2003 1287 2030 πᾶσαν
1309 2003 1366 2037 τὴν
1384 2004 1443 2039 γῆν
1456 2025 1463 2037 ,
1486 2003 1525 2037 ἣν
1541 2004 1581 2030 σὺ
1604 2004 1690 2038 ὁρᾷς,
1706 2004 1756 2030 σοὶ

966 2048 1053 2076 δώσω
1061 2049 1166 2082 αὑτήν.
1184 2050 1298 2076 ’Ἑπεται
1313 2050 1370 2083 (Ἡ)
1385 2051 1441 2081 τοῖς
1457 2049 1619 2083 κατορθοῦσι
1632 2049 1680 2084 τὴν
1695 2050 1759 2084 ἀρε-

966 2095 1015 2130 τὴν
1030 2096 1046 2130 ἡ
1065 2095 1139 2130 παρὰ
1155 2095 1202 2121 τοῦ
1218 2096 1285 2121 Θεοῦ
1301 2095 1481 2131 παράκλησις,
1498 2096 1575 2123 Μετὰ
1588 2095 1616 2122 δὲ
1628 2104 1757 2131 παραχω-

970 2141 1050 2176 ρῆσαι
1064 2140 1103 2176 τῷ
1118 2141 1224 2176 ἀδελφῷ
1236 2141 1284 2176 τὴν
1298 2141 1413 2176 αἵρεσιν,
1430 2142 1556 2168 κάκεῖνον
1570 2141 1600 2168 τὸ
1614 2141 1757 2168 κάλλιστον

129 2184 342 2216 consolatoriis,
363 2188 391 2212 et
413 2183 493 2211 bonis
513 2181 740 2218 promissionibus
761 2181 915 2213 recreavit,

998 2187 1014 2212 ιὶ
1027 2185 1213 2221 εὐφορώτατον
1228 2186 1389 2218 ἐκλέξασθαι
1403 2187 1511 2221 χωρίον,
1525 2186 1646 2221 ἐπεφάνη
1661 2187 1675 2211 ὁ
1689 2186 1758 2217 Θεὸς

131 2232 326 2267 propemodum
349 2231 469 2258 dicens:
492 2229 605 2257 Terram
632 2229 701 2256 hanc
727 2228 865 2255 minimam
887 2233 915 2255 et

129 2278 288 2306 sensibilem
301 2276 491 2312 contempsisti
514 2284 520 2308 ;
539 2283 588 2310 ego
604 2275 651 2302 tibi
665 2275 735 2302 dabo
756 2278 913 2301 mansueto-

135 2332 195 2351 rum
209 2329 309 2351 terram
326 2330 384 2358 qua:
399 2327 440 2350 est
454 2322 481 2349 iu
496 2322 606 2357 regione
621 2321 778 2348 viventium.
797 2320 914 2354 Respice

128 2371 201 2398 enim
225 2370 321 2397 mentis
337 2369 424 2396 oculis
437 2388 444 2400 ,
463 2373 491 2395 et
504 2368 564 2394 vide
579 2375 593 2394 a
607 2367 667 2394 loco
692 2367 718 2394 in
732 2374 786 2400 quo
800 2371 826 2393 tu
843 2375 914 2393 nunc

129 2423 169 2442 cs.
184 2414 273 2442 Locus
287 2419 377 2441 autem
398 2411 464 2448 justi
480 2411 566 2438 virtus
589 2415 649 2443 est,
664 2418 679 2438 a
695 2418 747 2445 qua
768 2418 829 2445 quae
849 2418 912 2445 spe-

130 2462 214 2489 randa
235 2465 295 2488 sunt
310 2481 317 2493 ,
345 2458 442 2493 cupide
465 2462 625 2493 exspectat,
648 2461 676 2484 et
699 2464 758 2492 quae
781 2457 808 2483 in
837 2456 913 2484 caelis

130 2507 247 2542 reposita
270 2510 354 2537 sunt,
371 2505 552 2540 prmstolatur.
581 2501 636 2530 Nisi
661 2502 733 2530 cnim
759 2502 796 2529 ita
818 2509 847 2529 se
870 2509 913 2528 res

131 2553 259 2585 haberet,
285 2558 413 2587 quantam
444 2549 592 2578 verisimile
625 2553 667 2575 est
700 2549 787 2582 ipsum
827 2547 913 2574 oculis

162 2598 185 2613 "
197 2597 264 2624 Gen.
285 2605 322 2630 xi,
338 2597 366 2624 7.
402 2596 425 2613 “
445 2596 506 2624 Act.
535 2603 572 2629 tv,
598 2596 643 2623 52.
695 2596 716 2612 ’⁷
733 2595 800 2623 Gen.
825 2595 916 2627 x1,26.

130 2633 152 2648 "
169 2633 246 2664 ibid.,
264 2633 306 2664 Η,
322 2633 365 2659 15.

131 2714 147 2741 Γ
166 2678 223 2719 (οδ)
236 2678 395 2713 Γνώρισμα
407 2679 510 2712 κακίας
522 2699 530 2712 ,
544 2683 598 2706 etc.
627 2677 648 2705 E
671 2677 779 2706 scliedis
802 2677 917 2705 Combe-

141 2722 193 2741 ISII.

166 2764 222 2799 (67)
239 2763 294 2791 Τὸν
312 2763 434 2797 πατέρα,
450 2768 503 2791 etc.
525 2763 562 2790 Ex
580 2763 673 2791 iisdem
685 2763 802 2790 schedis.

166 2814 222 2856 tum
247 2813 381 2849 Ἁϐραάμ,
399 2818 452 2842 (-tc.
467 2813 578 2849 Origeni
602 2813 722 2842 tribuunt
743 2817 798 2842 tres
812 2818 915 2841 catena:

130 2856 218 2885 regite.

963 2230 1001 2266 τῷ
1028 2230 1172 2266 Ἀϐραὰμ,
1197 2231 1285 2265 λόγοις
1315 2231 1529 2267 παρακλητικοῐς
1553 2231 1601 2258 καὶ
1623 2232 1757 2266 χρησταῖς

963 2276 1142 2311 ὑποσχέσεσιν
1152 2277 1234 2303 αὑτὸν
1245 2276 1427 2312 ψυχαγωγῶν,
1437 2277 1578 2312 μονονουχὶ
1592 2275 1688 2310 λέγων·
1700 2276 1756 2311 Γῆς

962 2322 1062 2357 ταύτης
1083 2323 1289 2359 κατεφρόνησας
1311 2323 1361 2358 τῆς
1376 2323 1520 2358 ἐλαχίστης
1536 2323 1583 2349 καὶ
1602 2321 1734 2357 αἰσθητῆς
1745 2329 1754 2337 ·

964 2368 1019 2402 ὲγώ
1033 2377 1073 2394 σοι
1085 2367 1163 2394 δώσω
1176 2368 1229 2394 τῶν
1242 2368 1352 2404 πραέων
1367 2368 1416 2405 τὴν
1437 2369 1491 2404 γῆν
1505 2368 1554 2403 τὴν
1570 2369 1599 2394 ὲν
1610 2367 1687 2403 χώρᾳ
1698 2367 1755 2393 τῶν

967 2411 1084 2443 ζώντων.
1104 2411 1266 2447 Ἀνάϐλεψον
1282 2412 1336 2448 γὰρ
1347 2414 1404 2444 τοῖς
1425 2412 1476 2447 τῆς
1496 2412 1614 2443 διανοίας
1636 2411 1755 2446 ὄμμασι,

966 2457 1014 2484 καὶ
1027 2457 1065 2483 ἴδε
1083 2457 1137 2484 ἀπὸ
1160 2458 1206 2484 τοῦ
1223 2459 1306 2484 τόπου
1319 2478 1326 2490 ,
1347 2455 1377 2484 οὗ
1392 2458 1424 2484 σὺ
1440 2455 1467 2484 εἴ
1480 2457 1526 2484 νῦν
1538 2466 1545 2472 θ
1560 2458 1642 2488 τόπος
1662 2457 1691 2483 δὲ
1705 2457 1754 2483 τοῦ

965 2503 1069 2530 δικαίου
1091 2505 1108 2539 ἡ
1128 2504 1229 2540 ἀρετὴ.
1251 2504 1296 2539 ἀφ’
1320 2502 1354 2541 ἧς
1378 2503 1413 2530 τὰ
1435 2505 1464 2529 ὲν
1485 2503 1575 2529 ἐλπίσι
1594 2503 1753 2539 καραδοκεῖ.

966 2548 1013 2574 καὶ
1055 2548 1090 2575 τὰ
1127 2548 1295 2584 ἀποκείμενα
1330 2550 1358 2575 ὲν
1393 2550 1449 2580 τοῖς
1478 2549 1602 2584 οὐρανοῖς
1637 2547 1754 2574 ἀπεκδέ-

955 2594 977 2610 ²¹
994 2594 1062 2622 Gen.
1083 2603 1132 2627 xu.
1154 2595 1198 2622 10.
1236 2596 1258 2611 ¹⁹
1269 2595 1337 2623 Gen.
1360 2603 1420 2628 xui,
1441 2595 1468 2622 7.
1506 2595 1528 2611 "
1543 2594 1612 2622 Gen.
1638 2602 1701 2626 xm,
1724 2594 1751 2621 9.

1005 2673 1063 2715 (69)
1084 2673 1132 2707 Ὠς
1146 2674 1266 2709 φαῦλοι,
1280 2678 1333 2702 etc.
1356 2673 1449 2701 Eidem
1469 2671 1599 2700 tribuitur
1615 2672 1640 2699 in
1655 2672 1752 2699 iisdem

970 2714 1112 2779 faigglsi‘l
1129 2743 1177 2770 καὶ
1193 2744 1212 2777 ἡ
1228 2742 1348 2778 eum},
1359 2748 1409 2770 rtc.
1426 2742 1582 2779 Exsctiptus
1596 2741 1695 2779 dicitur
1709 2742 1754 2768 hic

969 2777 1046 2805 locus
1061 2786 1076 2805 e
1091 2783 1187 2805 catena
1202 2777 1321 2811 Κουιωῲ
1337 2779 1363 2805 in
1380 2779 1487 2805 schedis
1504 2777 1671 2805 Cmubellsii.

1003 2813 1060 2847 (Π)
1078 2813 1206 2845 Ἕπεται,
1233 2818 1286 2840 etc.
1306 2814 1343 2840 Ex
1366 2813 1459 2841 eadem
1487 2818 1584 2841 catena
1605 2816 1632 2840 et
1657 2811 1752 2839 iisdem

968 2848 1075 2876 schedia
1089 2847 1254 2876 Combetlsii.
1524 2853 1533 2861 κ
