1897 3059
143 113 191 140 ῊἸ

881 117 1054 146 ORlGENES

1714 122 1770 154 ΗΞ

141 172 300 204 Quwrentes
316 176 406 199 autem
423 172 568 200 discrimen
587 173 648 201 lubii
664 178 690 201 et
703 174 788 207 vocis,
805 174 910 202 dicemu

998 177 1024 203 αὶ
1039 177 1140 212 φωνῆς,
1154 177 1277 212 φήσομεν
1287 178 1336 213 τὴν
1348 178 1397 214 μὲν
1409 180 1499 215 φωνὴν
1511 180 1557 207 ἐπὶ
1567 181 1616 217 τῆς
1625 181 1768 209 διαλέκτου

142 224 236 244 vocem
252 217 287 244 ad
303 225 456 246 sermonem
473 219 618 253 pertinere,
635 219 706 247 forte
721 224 811 248 autem
826 220 925 248 labium

143 262 176 288 ad
192 262 394 296 cogitationem,
408 267 453 289 aut
467 263 525 289 vice
539 269 626 289 versa.

181 306 283 340 Venite,
297 312 322 334 et
344 308 526 335 descendentes
547 307 742 342 confundnmus
757 308 793 335 ibi
807 308 925 343 linguam

105 364 108 366 τ
141 361 243 385 eorum,
265 358 293 380 ut
316 361 368 380 non
388 353 479 380 audiat
501 354 679 388 unusquisque
699 354 818 388 linguam
835 354 926 388 proxi-

141 399 216 426 mi".
233 399 339 426 Malitizc
356 398 483 426 indicium
498 398 622 426 confusio
635 399 800 434 linguarum,
816 400 925 427 virtutis

141 452 206 472 vero
219 445 360 475 indicium,
375 445 485 479 quando
497 450 553 471 erat
569 446 685 472 omnium
701 446 862 472 credentium
879 454 924 472 cor

139 495 163 516 et
177 491 265 517 anima
279 499 330 516 una
337 490 370 516 '°.
391 490 491 524 Sicque
505 490 673 525 Scripturam
686 491 834 518 observans
849 492 924 518 inve-

139 536 208 568 nies,
227 536 381 570 ubicunque
405 540 446 563 est
469 536 614 563 multitudo
637 537 752 570 numeri,
769 538 922 572 ubicunque

136 587 177 610 est
193 582 322 614 schisma,
348 582 502 616 ubicunque
520 586 561 609 est
589 582 686 609 divisio
704 587 731 610 et
746 583 879 610 discordia
895 588 922 610 et

136 627 188 654 alia
208 627 372 661 bujnsinodi,
385 626 494 654 malitiae
506 634 565 653 esse
580 626 699 659 indicia;
720 627 764 653 ubi
781 634 847 654 vero
861 629 923 653 unt-

137 677 179 700 las
194 677 221 699 et
237 672 395 705 concordia,
406 677 433 699 et
449 671 531 699 multa
546 672 586 699 vis
601 672 628 699 in
646 672 747 704 verbis,
760 672 797 700 ibi
815 673 921 700 virtutis

135 725 196 746 esse
214 717 324 745 iudicia.

175 763 297 799 Vixitque
324 763 427 791 Thurra
452 764 619 798 septuaginta
648 762 747 796 annis,
779 768 804 790 et
831 763 920 799 genuit

135 810 243 843 Abram,
256 814 280 837 et
296 809 416 842 Naclzor,
434 814 458 836 et
470 810 566 836 Arram
575 809 609 836 ".
625 808 732 836 Patrem
747 809 835 844 gentis
849 810 921 837 cele-

977 222 1139 254 τάσσεσθαι,
1155 222 1224 258 τάχα
1238 223 1266 249 δὲ
1285 223 1315 249 τὸ
1331 224 1418 258 χεῖλος
1432 225 1477 251 ἐπὶ
1490 226 1538 261 τῆς
1552 226 1670 258 διανοίας
1680 236 1687 243 ⁸
1703 226 1721 263 ἢ
1736 227 1770 254 τδ

976 266 1105 302 ἔμπαλιν.

1010 312 1098 339 Δεῦτε
1110 333 1117 344 ,
1134 313 1184 340 καί
1205 313 1386 347 καταϐάντες
1402 315 1578 350 συγχέωμεν
1590 315 1689 343 αὐτῶν
1702 316 1772 343 ἐκεῖ

976 357 1032 391 τὴν
1052 357 1212 392 γλῶσσαν,
1234 359 1283 385 ἵνα
1307 359 1350 393 μὴ
1376 360 1549 387 ἀκούσωσιν
1564 361 1691 394 ἕκαστος
1708 361 1768 396 τῆς

974 399 1076 434 φωνῆς
1100 400 1153 428 τοῦ
1181 403 1323 435 πλησίον.
1350 403 1495 439 Γνώρισμα
1520 405 1618 437 κακίας
1641 405 1708 440 (66)
1733 407 1768 432 τὺ

975 445 1139 481 συγχυθῆναι
1155 446 1204 478 τὰς
1221 447 1345 481 γλώσσας
1355 457 1362 463 ⁸
1376 449 1520 485 γνώρισμα
1534 451 1634 485 ἀρετῆς
1644 471 1650 482 ,
1664 452 1708 477 ὅτε
1722 449 1767 486 ἦν

972 491 1092 518 πάντων
1102 492 1162 519 τῶν
1178 494 1380 520 πιστευόντων
1394 495 1511 528 καρδία,
1529 496 1577 522 καί
1594 496 1679 531 ψυχὴ
1694 497 1765 531 μία.

972 537 1026 563 Καὶ
1050 537 1120 564 οὕτω
1145 538 1236 574 τηρῶν
1260 539 1309 575 τὴν
1331 540 1442 576 Γραφὴν
1468 541 1604 577 εὑρήσεις,
1628 543 1670 569 ὅτι
1693 543 1767 570 ὅπου

971 583 1072 619 πλῆθος
1088 584 1216 620 ἀριθμοῦ,
1232 585 1298 612 ὅπου
1324 586 1437 620 σχίσμα,
1452 586 1518 613 ὅπου
1540 587 1687 623 διαίρεσις,
1714 587 1767 615 καὶ

970 630 1121 665 διαφωνία,
1149 631 1197 657 καὶ
1228 632 1279 658 ὅσα
1316 632 1447 665 τοιαῦτα,
1474 633 1572 665 κακίας
1605 635 1662 660 ἐστὶ
1690 643 1767 668 γνω-

971 674 1108 709 ρίσματα·
1130 675 1198 701 ὅπου
1221 675 1250 701 δὲ
1273 675 1381 711 ἑνότης,
1404 677 1450 703 καὶ
1475 678 1596 712 ὁμόνοια,
1613 679 1660 705 καὶ
1676 679 1766 715 πολλὴ

969 719 1083 755 δύναμις
1106 721 1135 746 ὲν
1151 720 1240 755 λόγοις
1250 741 1258 752 ,
1272 722 1373 757 ἀρετῆς
1388 723 1576 759 γνωρίσματα.

1004 767 1060 793 Kal
1083 766 1170 800 ἔζησε
1190 766 1288 801 Θάρῤα
1310 768 1513 802 ἐϐδομήκοντα
1525 769 1594 804 ἔτη,
1608 770 1655 797 καί
1677 769 1766 804 ἐγέν-

969 819 1046 846 mae
1059 811 1112 838 τὸν
1128 812 1241 846 Ἁϐρὰμ,
1250 813 1299 839 καί
1310 813 1363 839 τὸν
1375 813 1491 848 Ναχὼρ,
1504 814 1553 841 καὶ
1569 815 1623 841 τὸν
1636 814 1762 849 Ἀρῤάμ.

133 856 239 883 ltrantis
256 855 429 883 festivitatem
445 855 622 882 hebdomade:
636 854 732 890 genuit
755 854 859 881 Tharra
877 862 913 882 se-

998 859 1022 884 ὃν
1038 857 1142 893 πατέρα
1157 857 1211 893 (67)
1226 858 1272 884 τοῦ
1285 858 1460 894 ἐορτὰζοντος
1474 859 1567 892 ἔθνους
1580 860 1630 896 τὴν
1644 860 1766 896 ἑϐδομά-

133 903 338 938 ptuagenarius.
355 902 431 929 llaud
448 901 506 929 scio
524 906 615 928 autem
630 910 664 928 an
683 905 738 928 tres
754 901 918 936 tergeminos

133 949 266 984 genuerit.
284 949 370 976 Aliter
394 947 469 975 enim
494 947 720 982 septuagenarius
742 955 803 974 cum
833 952 916 981 esset,

133 1003 186 1023 non
201 995 332 1030 potuisset
347 1001 381 1022 ex
394 1002 446 1021 una
458 993 540 1021 trium
552 998 630 1028 pater
641 993 773 1022 ﬁeri.Setl
785 999 813 1022 et
825 994 917 1029 plures

131 1047 185 1066 non
206 1039 363 1067 referuntur
376 1038 436 1074 ejus
453 1045 561 1066 uxores.

165 1127 200 1155 Ει
211 1127 343 1154 descendit
356 1127 453 1153 Abram
474 1127 500 1152 in
514 1125 660 1161 {Egyptum
681 1131 709 1152 ut
731 1126 914 1161 peregrinare-

129 1178 173 1200 tur
188 1173 233 1205 ibi,
257 1173 381 1208 quoniam
401 1171 548 1199 inualuerat
569 1171 651 1205 fames
672 1179 751 1205 super
777 1171 914 1198 terram".

129 1219 266 1247 Abraham
278 1226 331 1246 non
350 1219 376 1245 in
392 1218 509 1253 Egypto
530 1217 680 1249 habitabat,
698 1217 745 1244 sed
760 1217 915 1252 peregrina-

130 1266 219 1296 batur,
235 1265 364 1300 quoniam
380 1263 531 1290 invalnerat
544 1263 629 1290 fames
642 1270 724 1297 super
738 1267 849 1289 terram.

165 1309 309 1337 Cltanantei
329 1314 418 1335 autem
437 1313 460 1334 et
484 1306 620 1334 Phereztui
640 1311 703 1333 tunc
717 1307 870 1334 habitabant
888 1307 915 1334 in

129 1361 198 1382 terra
207 1355 240 1383 ".
257 1354 401 1382 Chananmi
416 1358 508 1388 utpote
524 1353 586 1380 mali
603 1353 771 1383 habitabant.
792 1361 845 1380 non
862 1361 912 1388 pe-

129 1402 348 1438 regrinabantur,
369 1401 394 1427 in
417 1405 502 1428 terra.
518 1399 579 1426 Mali
604 1400 696 1434 itaque
712 1399 845 1433 habitant,
862 1408 914 1427 non

129 1447 345 1482 peregrinantur,
364 1446 390 1473 in
407 1450 490 1472 terra.

163 1492 217 1529 35
232 1493 262 1520 Si
279 1499 307 1520 tu
320 1493 354 1519 ad
369 1492 519 1522 sinistram,
535 1499 582 1526 ego
601 1491 635 1518 ad
659 1491 794 1518 dexteram
812 1500 821 1524 ;
835 1492 859 1519 si
883 1496 911 1518 tu

129 1540 163 1567 ad
182 1542 333 1571 dexteram,
354 1547 400 1573 ego
421 1539 455 1565 ad
469 1538 604 1564 sinistram
621 1537 661 1569 '°,
679 1541 733 1564 etc.
751 1536 807 1564 Etsi
827 1538 914 1564 Abra-

130 1586 190 1612 ham
225 1591 280 1618 prae
302 1583 508 1610 mansuetudine
535 1581 653 1617 eligendi
678 1586 841 1616 potestatem
868 1582 912 1608 fe-

127 1631 166 1658 cit
193 1630 305 1662 Lollio;
337 1629 534 1656 observandum
569 1631 612 1654 est
647 1635 709 1654 eum
737 1628 782 1662 qui
814 1627 914 1663 elegit,

128 1685 178 1704 suo
207 1676 312 1704 delectu
339 1684 392 1703 non
422 1675 495 1708 frui,
526 1675 602 1701 illuxit
630 1679 720 1701 autem
748 1675 792 1709 qui
826 1675 915 1709 optio-

129 1731 192 1751 nem
216 1723 311 1756 dedit,
337 1721 509 1749 benedictum
538 1722 638 1749 habere
667 1721 739 1756 quod
766 1721 818 1748 sibi
846 1721 913 1748 reli-

127 1775 202 1797 ctum
214 1775 265 1798 εει.

163 1816 290 1852 Dixitque
306 1815 375 1843 Deus
390 1815 424 1842 ad
439 1815 537 1842 Abram
555 1819 690 1850 postquam
718 1818 855 1848 separatu:
876 1817 914 1839 est

127 1863 159 1890 ab
171 1863 226 1898 ipso
239 1863 302 1890 Lat:
316 1862 421 1897 Respice
433 1861 516 1889 oculis
532 1861 595 1893 tuis,
608 1865 631 1887 et
643 1861 700 1887 vide
712 1869 727 1886 a
743 1860 798 1886 loco
816 1860 844 1886 in
862 1867 914 1892 quo

128 1918 196 1936 nunc
202 1918 239 1942 σι,
249 1909 283 1936 ad
290 1909 436 1944 aquilonem
444 1914 467 1935 et
475 1908 619 1940 meridiem,
626 1911 650 1933 et
659 1907 693 1933 ad
700 1906 835 1939 orientem,
845 1911 870 1932 et
878 1906 913 1932 ad

128 1956 296 1986 occidentem,
304 1956 428 1990 quoniam
437 1963 538 1981 omnem
545 1958 641 1980 terram
651 1961 729 1988 quant
739 1958 765 1978 tu
773 1953 855 1984 vides,
867 1951 913 1978 tibi

127 2002 196 2028 dabo
208 2002 241 2028 ³¹.
264 2001 314 2035 Qui
331 2000 423 2028 virtuti
437 2000 502 2027 dant
525 2006 636 2034 operam
651 2019 659 2031 ,
680 2006 727 2025 eos
750 1998 873 2032 sequitur
899 2005 913 2023 a

127 2046 183 2074 Deo
195 2047 354 2074 consolatio.
369 2046 515 2080 Postquam
532 2045 672 2080 optionem
687 2044 762 2071 dedit
781 2043 871 2075 fratri,
887 2048 915 2070 et

128 2093 172 2120 ille
186 2092 401 2119 amoenissimam
425 2097 452 2118 et
474 2091 638 2118 uberrimam
655 2090 738 2125 elegit
764 2091 912 2126 regionem,

127 2136 254 2172 apparuit
280 2136 351 2163 Deus
371 2135 545 2167 Abrahamo,
571 2135 650 2169 cujus
677 2134 797 2161 animam
822 2134 913 2160 verbis

968 904 1001 930 δα
1021 904 1164 940 ἐγέννησεν
1187 905 1201 930 ό
1220 904 1473 940 Θάρῤαὶγενόμενος
1497 906 1762 941 ἑϐδομηκονταέτης.

974 949 1118 985 Ἐῳίστημι
1129 950 1156 976 δὲ
1169 951 1268 985 μήπως
1281 950 1344 982 τοὺς
1356 953 1430 986 τρεῖς
1443 951 1588 987 τριδύμους
1601 951 1762 987 ἐγέννησεν.

970 996 1073 1027 Ἄλλως
1086 996 1150 1032 γὰρ,
1166 996 1414 1032 ὲὸδομηκονταέτης
1437 997 1485 1030 ὣν,
1500 999 1530 1024 οὐ
1545 998 1645 1025 δύναιτ’
1657 997 1691 1025 ἂν
1704 998 1766 1026 τῶν

966 1040 1049 1076 τριῶν
1063 1042 1097 1067 ὲκ
1112 1042 1176 1077 μιᾶς
1191 1041 1317 1075 γενέσθαι
1330 1044 1432 1078 πατήρ.
1450 1044 1529 1071 Ἀλλὰ
1544 1045 1591 1071 καὶ
1603 1045 1633 1071 οὺ
1648 1044 1765 1080 δηλοῦν-

965 1094 1011 1113 ται
1024 1086 1133 1118 πλείους
1147 1086 1229 1113 αὑτοῦ
1246 1088 1385 1121 γυναῖκες.

1000 1133 1054 1160 Καί
1082 1134 1189 1167 κατέϐη
1211 1134 1319 1168 Ἀϐρὰμ
1344 1136 1388 1168 είς
1406 1135 1559 1170 Αἴγυπτον
1576 1135 1764 1171 παροικῆσαι

966 1177 1043 1209 ἐκεῖ,
1075 1177 1119 1204 ὅτι
1151 1178 1319 1213 ἐνίσχυσεν
1347 1181 1364 1206 ὀ
1406 1182 1496 1215 ,λιμὸς
1524 1181 1573 1208 ἐπὶ
1604 1181 1659 1215 τῆς
1689 1182 1760 1217 γῆς.

972 1222 1096 1258 Ἀϐραὰμ
1123 1223 1177 1258 (68)
1195 1225 1225 1250 οὺ
1241 1225 1360 1260 κατῴκει
1376 1226 1511 1260 Αἴγυπτον
1521 1247 1528 1260 ,
1543 1227 1610 1254 ἀλλὰ
1623 1227 1763 1264 παρῴκει,

965 1268 1007 1295 ὃτι
1021 1269 1158 1304 ἐνίσχυσεν
1168 1271 1182 1296 ὁ
1193 1269 1272 1305 λιμὸς
1286 1271 1333 1297 ἐπὶ
1349 1271 1399 1306 τῆς
1415 1272 1477 1307 γῆς.

998 1316 1030 1341 οι
1046 1314 1079 1341 δὲ
1089 1315 1247 1342 Χαναναῖοι
1261 1316 1309 1342 καὶ
1323 1319 1350 1343 ot
1363 1317 1507 1351 Φερεζαῖοι
1521 1319 1588 1345 τότε
1601 1317 1762 1351 κατῴκουν

965 1360 1022 1394 τὴν
1036 1361 1103 1395 γῆν.
1114 1361 1156 1393 Ὠς
1172 1361 1267 1396 φαῦλοι
1280 1362 1333 1398 (69)
1346 1363 1371 1389 οἱ
1384 1364 1530 1391 Χαναναῖοι
1547 1365 1696 1401 κατῴκουν,
1710 1365 1762 1392 καὶ

965 1406 996 1433 οὐ
1010 1406 1155 1442 παρῴκουν
1169 1407 1218 1442 τὴν
1235 1407 1301 1443 γῆν.
1323 1408 1403 1435 Ὥστε
1418 1409 1513 1443 φαῦλοι
1527 1410 1707 1442 κατοικοῦσιν,
1724 1410 1761 1437 οὐ

966 1452 1128 1487 παροικοῦσι
1139 1452 1186 1488 τὴν
1201 1453 1264 1488 γῆν.

1002 1499 1036 1525 Ei
1050 1498 1091 1524 σὺ
1102 1500 1145 1531 εἰς
1155 1498 1306 1532 ἀριστερὰ,
1319 1498 1376 1533 ἐγὼ
1392 1500 1435 1532 είς
1451 1500 1534 1532 δεξιά
1543 1509 1549 1516 ·
1566 1502 1592 1528 εί
1605 1500 1639 1527 δὲ
1652 1501 1692 1528 σὺ
1711 1502 1760 1535 εις

966 1543 1065 1575 δεξιὰ,
1079 1544 1135 1578 ἐγὼ
1159 1545 1202 1576 είς
1221 1544 1380 1578 ἀριστερά-
1407 1545 1454 1571 καὶ
1476 1547 1509 1572 τὰ
1530 1546 1604 1581 ἑξῆς.
1622 1547 1652 1572 Εἰ
1669 1547 1715 1573 καὶ
1738 1549 1758 1583 ἡ

966 1589 1064 1624 ἐκλογὴ
1076 1589 1131 1625 (70)
1143 1590 1238 1624 γέγονε
1253 1590 1459 1626 συγχωρηθεῖσα
1475 1591 1528 1617 ἀπὸ
1542 1592 1590 1627 τῆς
1607 1592 1760 1625 ἐπιεικείας

965 1636 1012 1662 τοῦ
1042 1635 1166 1671 Ἀϐραὰμ
1186 1635 1225 1670 τῷ
1242 1635 1320 1662 Λώτ·
1349 1638 1572 1672 παρατηρητέον,
1594 1638 1634 1664 ὅτι
1660 1639 1675 1665 ὁ
1704 1638 1760 1673 μὲν

965 1680 1144 1716 ἐκλεξάμενος
1177 1681 1227 1707 οὐκ
1256 1681 1387 1708 ἀπολαύει
1421 1682 1470 1717 τῆς
1504 1682 1586 1709 αὐτοῦ
1623 1682 1758 1718 ἐκλογῆς,

965 1727 979 1753 ὀ
995 1728 1022 1754 δὲ
1038 1728 1242 1763 παραχωρήσας
1257 1727 1437 1764 εὑλογημένον
1455 1728 1511 1764 ἔχει
1525 1729 1557 1755 τὸ
1575 1729 1758 1765 καταλελειμ-

967 1774 1057 1809 μένον.

1006 1821 1038 1846 Ὃ
1053 1820 1086 1847 δὲ
1107 1820 1179 1854 Θεὸς
1189 1819 1254 1848 εἷπε
1269 1822 1344 1856 πρὸς
1358 1821 1472 1856 Ἀϐρὰμ,
1485 1821 1560 1856 μετά
1572 1821 1604 1848 τὸ
1619 1821 1756 1856 διαχωρι-

965 1866 1074 1900 σθῆναι
1099 1867 1153 1894 τὸν
1176 1867 1242 1894 Λὼτ
1268 1867 1318 1894 ἀπ’
1341 1867 1447 1894 αὐτοῦ·
1475 1867 1661 1902 Ἀνάϐλεψον
1692 1868 1756 1900 τοῖς

965 1912 1129 1947 ὀφθαλμοῖς
1139 1920 1207 1944 σου,
1223 1914 1270 1940 καί
1285 1913 1329 1939 ἴδε
1341 1913 1400 1940 ἀπὸ
1416 1913 1469 1939 τοῦ
1485 1913 1579 1939 τόπου
1593 1911 1628 1940 οὗ
1641 1912 1699 1939 νῦν
1713 1913 1756 1940 σὺ

965 1955 1000 1990 εἶ,
1020 1957 1095 1991 πρὸς
1111 1957 1227 1992 βορῤᾶν
1241 1958 1289 1985 καί
1311 1959 1380 1985 λίϐα
1391 1978 1399 1990 ,
1413 1958 1461 1984 καί
1476 1958 1626 1991 ἀνατολὰς
1639 1959 1687 1985 καὶ
1704 1958 1757 1985 θά-

963 2004 1104 2035 λασσαν,
1118 2003 1162 2029 ὅτι
1182 2003 1285 2030 πᾶσαν
1307 2003 1364 2037 τὴν
1382 2003 1441 2037 γῆν
1454 2024 1461 2036 ,
1484 2003 1523 2037 ἢν
1539 2004 1579 2030 σὺ
1602 2003 1688 2037 ὁρᾷς,
1704 2004 1755 2030 σοὶ

964 2048 1051 2074 δώσω
1059 2048 1164 2081 αὐτὴν.
1183 2049 1296 2075 Ἔπεται
1311 2049 1368 2082 (7i)
1383 2050 1438 2080 τοῖς
1455 2048 1616 2082 κατορθοῦσι
1630 2048 1678 2084 τὴν
1693 2049 1758 2084 ἀρε-

965 2093 1014 2129 τὴν
1028 2095 1044 2129 ἡ
1062 2094 1137 2129 παρὰ
1153 2094 1200 2120 τοῦ
1215 2094 1282 2120 Θεοῦ
1299 2094 1479 2130 παράκλησις.
1496 2095 1573 2122 Μετὰ
1586 2095 1615 2121 δὲ
1626 2103 1756 2131 παραχω-

967 2140 1048 2174 ρῆσαι
1062 2139 1100 2175 τῷ
1115 2139 1221 2175 ἀδελφῷ
1233 2140 1281 2175 τὴν
1296 2140 1411 2175 αἵρεσιν,
1428 2141 1553 2167 κάκεῖνον
1568 2141 1598 2167 τὸ
1611 2141 1756 2167 κάλλιστον

126 2183 340 2215 consolatoriis,
361 2187 389 2210 et
411 2183 490 2210 bonis
511 2180 737 2217 promissiouibus
759 2180 912 2212 recreavit,

998 2185 1012 2211 ιὶ
1024 2185 1211 2220 εὐφορώτατον
1226 2185 1386 2217 ἐκλέξασθαι
1400 2186 1509 2221 χωρίον,
1523 2186 1644 2220 ἐπεφάνη
1659 2186 1673 2211 ό
1687 2186 1757 2217 Θεὸς

129 2230 324 2266 propemodum
347 2230 441 2257 dicens
460 2237 467 2256 :
489 2228 602 2255 Terram
629 2228 699 2255 hanc
724 2227 863 2254 minimam
885 2231 912 2254 et

127 2277 286 2304 sensibilem
299 2275 488 2310 contempsisti
511 2283 518 2307 ;
536 2282 586 2309 ego
601 2274 649 2300 tibi
663 2273 733 2300 daho
753 2277 911 2300 mansueto-

132 2331 193 2349 rnm
207 2327 307 2349 terram
323 2329 382 2356 quae
397 2326 438 2348 est
452 2321 479 2348 in
493 2321 604 2356 regione
619 2320 776 2347 viventium.
795 2319 911 2353 Respice

126 2370 199 2397 enim
222 2368 319 2396 mentis
335 2368 422 2394 oculis
435 2387 442 2398 ,
461 2371 489 2393 et
502 2367 562 2394 vide
576 2374 591 2392 a
605 2366 665 2393 loco
689 2365 715 2392 in
730 2373 783 2399 quo
798 2370 824 2392 tu
840 2374 911 2393 nunc

126 2421 166 2441 es.
182 2413 271 2440 Locus
285 2417 375 2439 autem
396 2410 462 2446 justi
478 2410 565 2437 virtus
587 2414 646 2442 est,
662 2417 676 2437 a
693 2417 744 2444 qua
765 2417 826 2444 qme
846 2418 910 2444 spe-

127 2460 212 2487 randa
233 2463 293 2486 sunt
308 2479 315 2492 ,
343 2457 440 2492 cupide
463 2461 622 2491 exspectat,
646 2460 674 2483 et
696 2463 755 2491 quae
779 2455 805 2482 in
834 2456 910 2483 caelis

127 2506 244 2541 reposita
268 2509 352 2535 sunt,
369 2503 550 2538 prazstolatur.
578 2500 634 2529 Nisi
659 2501 730 2529 enim
755 2501 793 2528 ita
815 2508 844 2528 se
867 2509 910 2527 res

128 2552 256 2584 haberet,
282 2556 411 2585 quantam
441 2547 589 2576 verisimile
622 2552 664 2574 est
697 2548 784 2581 ipsum
824 2546 910 2574 oculis

160 2597 182 2612 "
195 2596 262 2623 Gen.
282 2604 319 2628 ιι,
336 2596 363 2623 'l.
399 2595 423 2612 "
442 2595 503 2623 Act.
533 2602 569 2628 Iv,
595 2595 640 2623 32.

128 2632 149 2648 ³¹
167 2631 244 2663 ibid.,
261 2631 304 2663 M,
320 2632 363 2658 15.

165 2677 220 2711 (66)
235 2676 392 2712 Γνὼρισμα
405 2677 507 2711 κακίας
519 2698 527 2711 ,
541 2683 594 2706 etc.
624 2676 645 2704 E
668 2676 776 2704 schedis
800 2675 914 2704 Combe~

128 2713 190 2740 fisii.

163 2762 219 2797 (67)
237 2762 292 2789 Τὸν
310 2761 431 2796 πατέρα,
447 2767 501 2789 etc.
522 2762 559 2789 Ex
577 2761 671 2789 iisdem
683 2761 800 2789 echedis.

128 2854 141 2874 r
164 2812 220 2855 (est
245 2812 378 2848 Ἁϐραάμ,
396 2817 449 2841 ctc.
465 2812 575 2847 Origeni
599 2811 720 2840 tribuunt
741 2815 796 2840 tres
810 2816 912 2840 catenae

142 2855 216 2874 01112.

142 2855 216 2883 egue.

960 2229 999 2264 τῷ
1026 2229 1169 2265 Ἀϐραὰμ,
1194 2230 1283 2264 λόγοις
1313 2231 1528 2266 παρακλητικοῖς
1550 2231 1598 2257 καὶ
1621 2231 1756 2266 χρησταῖς

961 2275 1139 2310 ὑποσχέσεσιν
1150 2276 1231 2302 αὐτὸν
1242 2276 1424 2311 ψυχαγωγῶν,
1435 2277 1575 2311 μονονουχὶ
1589 2275 1686 2310 λέγων·
1699 2276 1755 2311 Γῆς

959 2321 1060 2357 ταύτης
1081 2322 1286 2358 κατεφρόνησας
1309 2322 1358 2357 τῆς
1373 2322 1517 2357 ἐλαχίστης
1534 2322 1580 2348 καὶ
1599 2321 1733 2356 αἰσθητῆς
1744 2329 1752 2337 ·

961 2367 1016 2402 ἐγώ
1031 2376 1071 2394 σοι
1082 2366 1160 2393 δώσω
1173 2367 1227 2393 τῶν
1240 2367 1349 2403 πραέων
1364 2367 1413 2404 τὴν
1435 2368 1488 2403 γῆν
1503 2367 1551 2403 τὴν
1568 2368 1596 2393 ὲν
1608 2366 1685 2402 χώρᾳ
1696 2367 1754 2393 τῶν

964 2411 1081 2443 ζώντων.
1101 2411 1263 2446 Ἀνάϐλεψον
1279 2411 1334 2447 γὰρ
1345 2413 1401 2443 τοῖς
1423 2411 1474 2446 τῆς
1494 2411 1612 2442 διανοίας
1634 2411 1754 2446 ὄμμασι.

963 2456 1011 2483 καὶ
1025 2456 1062 2483 ἴδε
1081 2457 1134 2483 ἀπὸ
1158 2456 1204 2483 τοῦ
1220 2457 1303 2483 τόπου
1316 2477 1323 2489 ,
1344 2454 1375 2483 οὗ
1389 2457 1421 2483 σὺ
1438 2455 1464 2483 εἴ
1477 2456 1524 2483 νῦν
1536 2465 1542 2471 ·
1557 2457 1639 2488 τόπος
1659 2456 1689 2482 δὲ
1703 2456 1753 2483 τοῦ

963 2502 1066 2529 δικαίου
1088 2504 1105 2538 ἡ
1126 2503 1227 2538 ἀρετὴ,
1248 2503 1294 2538 ἀφ’
1317 2501 1351 2540 ἧς
1375 2503 1410 2530 τὰ
1433 2504 1462 2529 ὲν
1482 2502 1572 2529 ἐλπίσι
1592 2502 1751 2538 καραδοκεῇ

963 2548 1010 2574 καὶ
1052 2547 1087 2574 τὰ
1125 2548 1293 2582 ἀποκείμενα
1327 2549 1356 2574 ὲν
1390 2549 1446 2579 τοῖς
1476 2548 1600 2583 οὐρανοῖς
1634 2547 1752 2574 ἀπεκδὲ-

692 2595 713 2611 ²⁷
730 2595 797 2622 Gen.
821 2593 914 2626 x1,26.
952 2593 975 2608 “
991 2593 1060 2621 Gen.
1080 2602 1130 2626 xu,
1151 2594 1195 2621 lO.
1233 2595 1255 2610 "
1267 2594 1334 2623 Gen.
1357 2602 1418 2627 xtu,
1439 2595 1466 2621 7.
1504 2594 1526 2610 ³⁸
1540 2594 1609 2622 ch.
1636 2601 1699 2626 xm,
1721 2594 1750 2622 9.

1003 2672 1060 2713 (69)
1081 2672 1129 2705 Ὠς
1143 2673 1263 2708 φαῦλοι,
1277 2677 1330 2701 etc.
1354 2672 1447 2701 Eidem
1466 2671 1596 2699 tribuitur
1612 2671 1638 2698 iu
1653 2672 1750 2699 iisdem

967 2713 1110 2777 ἐέξξῐθῗὶὲὶ
1126 2742 1174 2769 καὶ
1191 2743 1209 2776 ἡ
1226 2741 1345 2777 bolo-xui,
1356 2748 1407 2769 rte.
1423 2741 1579 2774 Exscriptns
1593 2741 1693 2768 dicitur
1707 2741 1751 2768 hic

966 2776 1043 2804 locus
1058 2786 1073 2804 e
1088 2783 1184 2804 catena
1199 2776 1318 2810 Romana
1335 2778 1360 2804 in
1377 2778 1484 2804 srhedis
1501 2776 1668 2804 Colnbellsii.

1000 2812 1203 2847 (71)"Ercsmz,
1231 2817 1282 2840 etc.
1303 2813 1340 2839 Ex
1363 2813 1456 2840 eadem
1483 2817 1581 2840 catena
1602 2815 1629 2839 et
1654 2810 1749 2839 iisdem

965 2847 1072 2876 schedia
1086 2847 1251 2875 Combettsii.
1521 2853 1529 2861 κ
