1900 3060
156 170 207 197 M7

883 169 1045 197 ORIGENIS

1727 169 1781 196 MS

156 231 230 257 dium
244 230 311 258 lueis
329 234 356 257 ct
367 231 588 261 teuchrarum,et
602 231 738 258 vocaverit
754 231 840 258 luccm
858 231 942 263 diem,
958 234 980 260 Λ
995 232 1054 258 (lus.
1089 232 1202 258 Studeat
1223 239 1288 266 ergo
1314 231 1501 266 unusquisque
1529 236 1653 258 nostrum
1680 230 1784 259 divisor

156 283 183 303 ct
200 277 322 304 tenebras
344 282 461 308 noctem,
479 282 506 303 et
527 277 625 304 dixerit
640 277 701 311 quia
725 277 826 304 factum
847 282 888 305 est
902 285 952 305 ve--

157 331 247 357 spcre,
259 328 285 350 et
301 324 401 351 factum
420 327 461 350 est
486 330 565 350 mauc
582 333 588 350 :
610 331 661 350 non
681 323 758 356 dixit,
774 324 831 351 dies
845 324 940 357 prima,

155 368 205 395 >Ctl
217 369 293 400 dixit,
311 369 368 396 dies
381 376 445 396 una.
459 368 528 402 Quia
539 373 645 403 tempus
662 369 779 396 nondum
793 373 853 396 erat
867 375 943 396 antc-

156 421 237 448 quam
265 419 336 441 esset
355 415 480 442 mundus.
503 413 621 450 Tempus
641 419 730 442 autem
749 422 809 442 esse
833 415 943 449 ittcmpit

155 469 189 490 ex
214 461 447 495 consequentibus
473 460 579 488 diebus.
595 461 719 488 Secunda
735 469 851 495 namque
874 461 942 494 dies,

157 511 184 534 et
212 508 293 535 tertia
311 507 380 540 dies,
395 512 422 534 et
435 512 543 542 quarta,
559 512 585 534 et
601 507 711 543 reliquae
731 514 826 534 omnes
838 512 943 542 tempus

153 552 294 587 incipiunt
314 554 464 588 designare.

189 597 217 624 2.
249 597 283 625 Ει
318 597 386 624 dixit
407 597 475 625 Deus
502 605 511 623 :
543 598 809 631 Fiatﬁrmameutum
821 599 848 624 in
860 599 943 624 medio

154 651 232 677 «qua:
243 664 249 675 ,
264 649 287 670 et
303 644 336 670 sit
352 644 471 670 dividens
490 644 558 670 inter
583 644 698 670 medium
715 652 790 679 aqutz
811 648 835 670 et
857 652 941 678 aqua'.

157 688 188 714 Iit
204 689 303 724 factum
322 695 358 716 est
374 690 421 716 sic.
447 689 479 716 Et
506 689 566 722 fecit
595 689 664 716 Deus
685 690 881 723 ﬁrmamentum
903 690 938 716 τ’.

153 736 220 761 tium
233 735 289 770 jam
303 739 382 762 antea
410 735 479 762 Deus
504 734 616 762 fecisset
633 735 744 768 emtum,
763 743 835 762 nunc
852 735 943 761 ﬁrma-

155 784 276 806 mentum
298 780 372 807 facit.
399 780 475 807 Fecit
498 781 573 807 enim
603 781 702 808 cmlum
715 781 800 815 prius,
827 781 861 807 do
890 788 943 814 quo

153 826 223 852 dicit
237 826 260 841 ⁷³
279 825 397 853 :Coelum
416 826 479 853 mihi
500 828 572 854 sedes
593 833 641 855 est.
667 827 729 854 Post
756 826 821 853 illud
849 831 941 853 autem

155 872 356 899 Ilrmamentum
389 871 470 905 facit,
499 873 525 900 id
552 878 614 906 est,
643 880 804 908 corporeum
831 873 942 900 coelum.

999 286 1076 312 aqua:
1095 278 1162 305 cﬂici
1177 278 1236 312 eius
1249 285 1309 312 qua:
1326 282 1367 305 est
1386 285 1476 312 Supra,
1490 282 1517 304 et
1529 285 1589 312 qius
1604 282 1645 305 est
1659 277 1757 304 subtus
1775 286 1782 302 :

998 332 1051 360 quo
1066 325 1170 352 scilicet
1187 324 1317 359 spiritalis
1335 332 1412 358 aqua:
1426 324 1602 356 intellectura,
1625 328 1652 350 et
1668 323 1784 357 partici-
1808 329 1812 332 '

998 371 1071 404 piutn
1097 372 1208 404 capiens
1231 370 1288 403 ejus
1310 378 1370 405 qua:
1392 375 1435 398 est
1457 378 1539 404 supra
1569 370 1784 401 ﬁrmamentum.

997 417 1107 450 [lumina
1124 417 1156 442 de
1169 420 1256 442 rentre
1268 423 1317 443 suo
1333 416 1431 444 educat
1448 424 1524 450 aqua:
1537 417 1601 444 viva:
1619 416 1739 443 salientis
1755 416 1785 442 in

997 461 1076 489 vitam
1097 467 1220 488 retentam
1234 462 1268 494 ⁷⁵,
1289 468 1447 496 segregatus
1471 462 1531 489 sine
1551 461 1633 489 dubio
1652 467 1679 489 et
1707 469 1785 497 sepa-

999 511 1074 534 ratus
1092 507 1126 534 ab
1145 515 1176 534 ea
1201 515 1267 542 aqua
1299 515 1359 542 qua:
1383 509 1479 535 subtus
1498 513 1549 541 est,
1591 507 1684 540 idest,
1714 515 1785 542 aqua

997 553 1099 588 abyssi,
1114 553 1140 580 in
1153 561 1205 587 qua
1219 553 1340 581 tencbra:
1354 561 1416 580 esse
1431 553 1569 585 dicuntur,
1587 553 1613 580 iit
1635 561 1688 588 qua
1708 554 1785 588 prin-

998 608 1061 635 ceps
1080 601 1159 635 hujus
1183 601 1287 632 mumli,
1304 606 1332 628 ct
1348 600 1520 628 adversarius
1535 600 1627 633 draco,
1647 605 1674 628 et
1694 600 1783 635 angeli

996 646 1055 680 ejus
1074 646 1214 677 habitant,
1236 645 1306 672 sicut
1326 645 1453 680 superius
1473 645 1621 673 indicatum
1640 650 1691 674 est.
1707 645 1784 672 Illius

997 699 1061 726 ergo
1075 699 1152 726 aqua).
1174 699 1300 726 superna:
1323 691 1487 726 participio,
1511 699 1571 727 qua:
1591 698 1672 726 supra
1697 691 1783 718 ccclos

997 745 1057 764 esse
1066 737 1175 769 dicitur,
1189 737 1373 771 unusquisque
1386 737 1504 764 fidelium
1521 737 1641 765 caelestis
1655 737 1783 769 elIicitnr,

999 784 1023 810 id
1040 787 1092 814 est,
1110 791 1172 810 cum
1190 790 1302 810 sensum
1319 791 1398 811 suum
1414 783 1496 811 habet
1513 783 1543 810 in
1555 783 1647 810 arduis
1659 788 1685 810 et
1697 783 1785 811 excel-

997 830 1045 861 sis,
1064 829 1128 857 nihil
1152 830 1185 857 de
1204 834 1289 862 terra,
1304 830 1352 857 sed
1369 833 1454 857 totum
1473 830 1506 856 de
1526 829 1685 856 caelestibus
1703 829 1784 864 cogi-

999 880 1069 907 tans,
1087 883 1145 909 qum
1161 883 1265 903 sursum
1288 880 1348 902 sunt
1365 882 1498 910 quarens,
1515 874 1560 901 ubi
1573 874 1689 901 Christus
1705 880 1742 901 est
1756 875 1784 901 in

154 918 242 945 Omne
255 919 324 945 enim
342 927 441 953 corpus
458 908 624 947 lirmutn’est
641 920 700 947 sine
721 920 814 953 dubio,
833 925 861 947 et
878 912 980 949 soli-.B
995 908 1105 947 dextera
1126 919 1174 947 Dei
1188 919 1280 946 Patris
1291 920 1325 946 "".
1345 908 1420 946 Tunc
1443 919 1514 946 enim
1530 924 1558 946 et
1572 919 1629 953 ipse
1648 926 1679 946 ea
1702 918 1784 945 laude

156 965 220 991 dum
232 972 239 997 ;
252 970 278 992 et
296 965 346 992 hoc
362 971 403 992 cst
420 965 492 998 quod
510 965 606 992 dividit
622 966 692 993 inter
707 973 806 1000 aquam
827 973 888 1000 qua:
903 970 944 992 est

155 1018 239 1046 super
259 1011 376 1043 uelum,
398 1017 425 1039 et
448 1020 544 1047 aquam
567 1020 625 1047 qua:
640 1017 682 1040 est
700 1012 750 1040 sub
764 1012 844 1040 cwlo.
874 1012 942 1039 Cum

155 1056 230 1083 enim
256 1064 287 1084 ea
305 1065 366 1092 qum
392 1057 516 1085 facturus
539 1063 598 1085 erat
614 1058 695 1090 Deus,
710 1065 744 1085 ex
761 1058 857 1093 spiritu
878 1065 928 1085 con

154 1106 261 1129 starent
279 1107 307 1130 ct
322 1110 449 1137 corpore,
467 1104 518 1132 ista
541 1105 574 1131 de
592 1111 674 1131 causa
698 1104 723 1130 in
748 1103 894 1138 principio,
915 1110 943 1131 ct

154 1153 218 1176 ante
232 1149 321 1177 omnia
341 1150 444 1178 coelum
465 1151 566 1178 dicitur
590 1150 691 1178 factum
704 1170 711 1183 ,
732 1150 759 1178 id
780 1153 831 1181 est,
854 1150 942 1177 omnis

154 1195 286 1229 spiritalis
309 1195 462 1223 substantia
485 1196 571 1231 (56),
596 1204 677 1230 super
707 1203 789 1230 quain
814 1194 888 1222 velut
915 1195 941 1222 in

154 1242 255 1269 throno
287 1243 405 1277 quodam
431 1246 459 1269 et
486 1243 551 1270 sede
582 1242 653 1269 Detts
678 1242 835 1276 requiescit.
869 1240 943 1269 Istud

153 1292 244 1313 autem
267 1287 378 1319 caelum,
404 1287 430 1314 id
455 1291 508 1318 est.
534 1287 753 1318 ﬁrmamentum,
780 1294 941 1321 corporeum

153 1337 205 1360 est.
234 1332 267 1360 Et
285 1333 347 1360 ideo
372 1332 437 1360 illud
464 1333 572 1367 quidem
595 1333 711 1368 primum
736 1333 847 1363 cmlum,
871 1333 942 1367 quod

156 1376 280 1410 spiritale
303 1376 432 1409 diximus,
460 1384 538 1405 mens
555 1383 647 1405 nostra
669 1383 721 1411 est,
750 1386 809 1413 qua:
832 1384 859 1405 et
883 1379 941 1414 ipsa

153 1422 267 1454 spiritus
282 1427 332 1455 est,
354 1423 380 1449 id
393 1427 445 1456 est,
467 1423 599 1458 spiritalis
612 1425 694 1451 homo
708 1430 802 1452 noster
827 1425 942 1453 interior

152 1471 195 1494 est
210 1467 289 1503 (57),
306 1468 350 1500 qui
366 1468 439 1496 videt
453 1477 486 1496 ac
503 1470 634 1505 perspicit
650 1471 744 1498 Deum.
761 1471 833 1499 Istud
849 1476 940 1499 autem

153 1513 300 1548 corporale
314 1514 414 1542 coelum
433 1515 505 1553 quod
519 1515 720 1543 firmamentum
738 1517 847 1549 dicitur,
867 1521 942 1544 exte-

153 1559 212 1586 rior
240 1559 321 1586 homo
341 1564 435 1587 noster
457 1565 513 1593 est,
539 1562 584 1595 qui
604 1561 785 1596 corporaliter
810 1563 939 1589 intuetur.

155 1604 235 1632 Sicut
260 1612 325 1639 ergo
349 1605 548 1633 ﬁrmamentum
572 1606 670 1634 corium
693 1607 858 1641 appellatum
886 1611 939 1638 est,

153 1657 186 1677 ex
200 1657 234 1677 eo
245 1650 316 1684 quod
332 1650 437 1677 dividat
453 1651 525 1677 inter
537 1659 584 1678 eus
601 1658 687 1686 aquas
710 1659 769 1686 quae
784 1657 847 1679 sunt
859 1659 941 1687 super

152 1695 256 1729 ipsum,
269 1700 296 1722 ct
315 1703 363 1723 eas
378 1703 437 1730 qua:
454 1696 504 1723 sub
526 1696 584 1731 ipso
600 1702 663 1724 sunt
682 1707 687 1724 :
703 1697 740 1724 ita
753 1702 779 1724 et
793 1698 876 1725 homo
892 1699 939 1733 qui

151 1742 180 1767 in
203 1748 317 1775 corpom
341 1741 447 1775 positus
473 1746 526 1773 est,
553 1742 575 1769 si
603 1742 725 1769 dividere
755 1743 885 1777 potuerit,
915 1747 942 1770 et

151 1787 310 1814 discernere
341 1795 400 1821 quae
423 1788 477 1815 sint
503 1795 579 1822 aqua:
604 1795 665 1822 qua:
696 1793 761 1815 sunt
787 1789 941 1824 superiores

152 1839 236 1866 super
254 1832 466 1864 ﬁrmamentum,
490 1837 517 1860 et
533 1841 593 1868 qua:
611 1835 661 1860 sub
676 1833 849 1861 ﬁrmamento
868 1838 940 1866 sunt,

151 1878 235 1905 etiam
252 1879 310 1912 ipse
330 1878 441 1911 oculum,
461 1879 486 1906 id
503 1883 555 1913 est,
569 1880 691 1907 ctelestis
709 1881 801 1914 homo,
821 1880 941 1915 appella-

152 1924 237 1956 bitur,
259 1926 407 1951 secundum
423 1926 538 1958 apostoli
561 1925 635 1953 Pauli
658 1927 821 1953 sententiam
845 1926 939 1953 dicen-

152 1970 189 1996 tis
202 1969 226 1986 ⁷⁸
243 1979 249 1997 :
267 1969 367 1997 Nostra
389 1975 478 1997 autem
503 1972 668 1998 conuersatio
688 1972 716 1998 in
738 1971 809 1999 caelis
829 1977 876 1999 est.
901 1971 938 1998 lta

151 2023 218 2050 ergo
231 2017 406 2043 continentur
419 2015 501 2043 verba
524 2016 580 2050 ipsa
596 2016 747 2051 Scriptura:
763 2017 786 2032 ⁷³
800 2026 806 2043 :
826 2017 858 2044 Et
878 2017 939 2050 fecit

150 2062 222 2088 Deus
242 2062 447 2095 ﬁrmamentum,
472 2066 497 2088 et
524 2061 614 2088 diuisit
634 2062 701 2088 inter
727 2062 840 2088 medium
864 2070 939 2097 aqum

150 2116 210 2142 qua:
225 2113 261 2135 est
276 2115 353 2141 super
366 2108 572 2141 ﬁrmamentum,
598 2112 623 2134 et
641 2108 709 2134 inter
727 2108 842 2134 medium
863 2117 939 2143 aqua:

150 2162 210 2187 quae
221 2159 257 2180 est
273 2154 362 2180 subter
376 2153 583 2187 ﬁrmamentum.
601 2153 634 2180 Et
649 2154 749 2180 vocavit
761 2153 831 2180 Deus
847 2154 939 2187 firma-

152 2206 266 2226 mentum
292 2199 397 2226 cwlum.
419 2198 452 2225 Et
474 2198 536 2225 vidit
559 2199 630 2226 Deus
643 2200 706 2234 quia
727 2199 823 2226 bonum
843 2206 892 2232 est,
914 2206 938 2227 et

995 965 1094 1000 dignus
1110 964 1254 992 habebitur
1264 972 1279 991 a
1292 964 1357 996 Deo,
1370 972 1429 999 qua:
1440 965 1485 992 hie
1496 964 1626 992 scribitur
1638 971 1699 991 cum
1714 963 1784 991 dici-

996 1014 1040 1037 tur
1052 1009 1125 1046 (58):
1143 1010 1176 1037 Et
1190 1011 1256 1037 uidit
1275 1010 1344 1037 Deus
1359 1011 1421 1045 quia
1442 1011 1536 1037 bonum
1551 1015 1588 1037 est
1605 1010 1639 1037 ⁷³.
1659 1010 1784 1045 Denique

994 1060 1024 1083 et
1037 1063 1068 1083 ea
1086 1064 1146 1091 qua:
1163 1057 1196 1083 de
1218 1056 1297 1083 tertia
1319 1056 1362 1083 die
1385 1056 1410 1083 in
1434 1055 1662 1090 consequentibus
1676 1056 1782 1084 descri-

995 1102 1106 1135 buntur,
1132 1103 1158 1129 in
1181 1103 1251 1129 hunc
1269 1102 1393 1130 eumdem
1416 1103 1583 1130 conveniunt
1599 1102 1780 1129 intellectum.

993 1147 1039 1174 Ait
1053 1147 1125 1174 enim
1139 1147 1161 1163 τ’
1178 1154 1185 1174 :
1199 1145 1232 1173 Et
1247 1146 1312 1173 dixit
1330 1146 1400 1173 Deus
1415 1154 1424 1177 .1
1440 1145 1619 1180 Congregetur
1634 1154 1703 1181 aqua
1721 1154 1783 1181 qui?

994 1197 1032 1219 est
1058 1193 1105 1219 sub
1124 1192 1187 1219 caelo
1204 1193 1231 1218 iu
1244 1192 1470 1227 congregationem
1491 1200 1582 1222 unam,
1606 1197 1632 1219 et
1654 1197 1781 1226 appareat

994 1238 1082 1266 arida.
1095 1237 1128 1264 Et
1144 1237 1244 1272 factum
1257 1242 1294 1264 est
1310 1238 1355 1264 ita.
1368 1237 1420 1265 Nos
1431 1245 1494 1272 ergo
1508 1237 1660 1264 laboremus
1671 1245 1784 1272 congrc~

994 1291 1059 1318 gare
1075 1291 1173 1318 aquam
1192 1291 1252 1318 qua:
1274 1287 1316 1310 est
1337 1283 1387 1310 sub
1406 1282 1486 1315 caelo,
1503 1287 1530 1310 et
1542 1282 1664 1316 abjicere
1683 1290 1744 1310 cam
1764 1291 1781 1311 a

995 1329 1074 1356 nobis
1086 1348 1093 1361 ,
1108 1332 1147 1360 ut,
1171 1335 1231 1355 cum
1252 1328 1305 1355 hoc
1319 1326 1418 1354 factum
1434 1327 1527 1358 fuerit,
1546 1333 1676 1362 appareat
1693 1328 1782 1358 arida.

995 1383 1055 1409 quae
1070 1379 1134 1402 sttnt
1149 1375 1175 1401 in
1190 1381 1273 1401 carne
1287 1378 1363 1410 gesta
1380 1381 1461 1408 opera
1480 1378 1584 1406 nostra,
1604 1381 1658 1409 quo
1675 1374 1783 1401 scilicet

993 1421 1110 1448 uidentes
1137 1422 1256 1448 homines
1287 1428 1364 1454 opera
1397 1424 1489 1447 nostra
1523 1420 1611 1454 bona,
1635 1421 1783 1456 gloriﬁcent

995 1466 1104 1494 Patrem
1125 1471 1245 1493 nostrum
1259 1468 1303 1501 qui
1324 1467 1350 1492 in
1373 1465 1442 1493 caelis
1458 1470 1495 1493 est
1511 1465 1545 1494 ‘°.
1559 1465 1587 1494 Si
1601 1467 1675 1494 enim
1689 1474 1780 1501 aquas

994 1514 1061 1541 istas
1085 1520 1145 1548 qua:
1172 1517 1235 1540 sunt
1259 1513 1308 1540 sub
1333 1511 1402 1540 caelo
1429 1519 1481 1539 non
1507 1513 1727 1547 separaverimus
1761 1522 1779 1541 a

994 1559 1085 1590 nobis,
1099 1558 1124 1585 id
1139 1563 1190 1590 est,
1205 1561 1316 1592 peccata
1333 1562 1359 1584 et
1375 1557 1440 1584 vitia
1456 1557 1579 1592 corporis
1594 1557 1690 1588 nostri,
1703 1557 1780 1584 arida

993 1608 1086 1632 nostra
1107 1611 1159 1630 non
1175 1604 1276 1638 poterit
1297 1610 1441 1638 apparere,
1460 1610 1511 1630 nec
1529 1602 1631 1630 habere
1650 1603 1779 1631 ﬁduciam

992 1651 1158 1686 procedendi
1176 1650 1209 1676 ad
1232 1650 1332 1677 lucem.
1358 1648 1450 1676 Omnis
1475 1649 1545 1676 enim
1568 1649 1613 1684 qui
1628 1650 1698 1676 male
1711 1651 1781 1685 agit,

991 1697 1048 1724 odit
1074 1697 1169 1728 lucem,
1196 1702 1220 1723 et
1241 1705 1291 1723 non
1317 1697 1384 1724 venit
1404 1696 1439 1722 ad
1452 1695 1553 1730 lucem,
1574 1701 1601 1724 ut
1616 1705 1668 1724 non
1689 1697 1779 1724 mani-

992 1742 1121 1776 festentur
1139 1741 1209 1777 (59)
1230 1750 1306 1776 opera
1332 1742 1400 1776 ejus,
1425 1747 1449 1769 et
1472 1742 1609 1769 videantur
1627 1742 1651 1768 si
1675 1742 1702 1769 in
1725 1742 1783 1769 Deo

991 1794 1051 1815 sunt
1064 1793 1136 1823 gesta
1156 1788 1190 1814 “.
1211 1787 1276 1821 Quae
1290 1788 1383 1822 utique
1399 1787 1496 1815 ﬁducia
1516 1796 1570 1815 non
1592 1788 1675 1816 aliter
1696 1788 1779 1816 dabi-

993 1839 1046 1867 tur,
1060 1835 1111 1861 nisi
1126 1833 1197 1861 velut
1208 1840 1292 1868 aquas
1304 1832 1461 1865 abiiciamus
1474 1840 1490 1860 a
1512 1833 1591 1861 nobis
1610 1837 1637 1860 et
1649 1841 1778 1869 segrege-

993 1887 1053 1907 mus
1068 1879 1133 1906 vitia
1149 1879 1283 1914 corporis,
1300 1886 1360 1912 qua:
1378 1883 1442 1906 sunt
1457 1878 1578 1906 materia:
1592 1884 1779 1913 peccatorum.

991 1927 1050 1959 Quo
1075 1926 1147 1953 facto
1169 1926 1225 1960 jatn
1241 1925 1315 1952 arida
1333 1929 1428 1952 nostra
1440 1933 1492 1952 non
1509 1925 1780 1960 permanebitarida,

991 1972 1061 2000 sicut
1078 1979 1112 1999 ex
1131 1970 1360 2005 consequentibus
1375 1970 1538 1998 Ostenditur.
1560 1971 1608 1997 Ait
1635 1971 1708 1998 enim
1731 1971 1755 1986 "
1772 1983 1779 1999 :

992 2018 1027 2044 Et
1043 2022 1200 2053 congregata
1214 2022 1252 2044 est
1266 2025 1336 2052 aqua
1358 2025 1416 2052 qum
1428 2023 1468 2044 est
1483 2017 1529 2043 sub
1553 2017 1615 2044 cazlo
1627 2018 1654 2044 in
1670 2025 1782 2052 congre-

991 2064 1109 2098 gationes
1131 2071 1203 2096 suas,
1223 2067 1248 2090 et
1275 2063 1397 2097 apparuit
1419 2063 1508 2090 arida.
1530 2062 1565 2090 Et
1586 2064 1686 2091 vocavit
1707 2063 1781 2091 Deus

991 2110 1095 2136 aridam
1111 2114 1225 2142 terram,-
1253 2113 1277 2135 ει
1295 2109 1511 2144 congregatione:
1530 2117 1659 2144 aquarum
1679 2111 1781 2137 vocarit

991 2156 1085 2181 maria.
1111 2154 1191 2182 Sicut
1211 2162 1276 2190 ergo
1289 2154 1364 2181 arida
1381 2155 1449 2188 haec,
1465 2159 1607 2190 segregata
1622 2162 1637 2181 a
1651 2161 1682 2182 se
1695 2162 1780 2190 aqua,

991 2199 1219 2235 quemadmodum
1237 2199 1363 2234 superius
1378 2199 1504 2233 diximus,
1521 2200 1592 2227 ultra
1609 2208 1663 2228 non
1678 2202 1781 2228 mansit

152 2245 252 2279 factum
273 2251 309 2272 est
329 2253 441 2280 uespere,
453 2251 476 2272 et
494 2245 594 2279 factum
613 2251 650 2272 est
667 2254 753 2280 mane,
768 2246 823 2273 dies
844 2255 937 2274 recun-
954 2257 976 2284 ι)
990 2248 1078 2279 arida,
1102 2247 1148 2274 sed
1166 2246 1222 2280 jam
1246 2251 1317 2273 terra
1339 2247 1495 2274 nominatur
1509 2256 1516 2274 :
1531 2248 1582 2275 hoc
1596 2248 1676 2274 modo
1693 2247 1780 2275 etiam

187 2304 210 2319 "
224 2302 291 2332 Gen.
303 2313 321 2337 l,
333 2306 358 2333 ϐ.

153 2338 298 2400 Z’OColoss.
321 2347 360 2372 tu,
382 2339 406 2366 i.

151 2421 237 2457 δώρου
256 2420 437 2457 fragmentum
462 2421 531 2447 istud
551 2430 556 2446 :
575 2421 657 2457 Eia;
681 2421 710 2446 τὸ
736 2421 828 2452 σκότος
855 2422 903 2456 οὐχ
920 2423 936 2456 ἡ

150 2455 206 2496 τῶν
218 2456 352 2496 σῳμᾴξιψ
367 2455 434 2496 σκιὴ
454 2457 570 2496 almae},
596 2455 663 2496 ἀλλὰ
680 2457 774 2496 νοητόν
794 2465 830 2496 τι.
862 2455 939 2496 τοξιτὲ

151 2491 243 2527 ἐστυξό
253 2490 392 2527 ᾇιάἥολαςγ·
410 2490 598 2527 τᾲῖὲνηθήτιρ
610 2491 676 2527 φῷς,
693 2490 751 2522 πῶς
762 2492 850 2527 νοήσω
861 2499 872 2527 ;λ
885 2491 940 2527 ἄρα

150 2526 182 2552 τὸ
198 2526 334 2561 ἀληθινὸν,
359 2526 404 2553 τὸν
421 2526 504 2558 Υξόνς
528 2524 558 2552 τί
569 2524 614 2552 οὖν
631 2525 664 2552 ἂν
687 2527 786 2561 εῐπῃς;
803 2524 880 2552 Μετὰ
894 2524 939 2552 ἱὸν

102 2569 104 2597 ξ
151 2561 274 2597 οὐρανὸν,
292 2562 338 2588 καὶ
358 2561 407 2596 τὴν
422 2562 483 2596 γῆν,
502 2562 549 2588 καὶ
563 2561 617 2597 τὴνν
628 2560 756 2597 “nostri,
773 2561 939 2597 qu‘thVOTf

400 2303 423 2319 ⁷⁸
443 2303 504 2334 [sai.
529 2312 602 2335 ιινι,
624 2305 649 2331 1.

445 2339 468 2355 ⁷⁸
487 2339 555 2367 Gen.
575 2347 595 2372 ι,
621 2340 663 2367 10.

677 2305 724 2338 τδ
750 2305 820 2336 Phil.
842 2313 882 2338 tu,
902 2305 949 2337 20,

711 2340 733 2355 7’
750 2340 814 2366 lbitl.
832 2340 859 2368 9.

101 2586 104 2597 ⁵
150 2586 371 2627 armes.»
386 2586 553 2629 ὂιάὶδὲλὸύξδ
571 2586 641 2627 deos
657 2586 762 2629 Λόγοςξ
783 2595 836 2621 Καὶ
853 2586 941 2628 agat.

150 2631 230 2657 τοῦτο
244 2632 438 2666 συγχωρήσειε,
453 2631 505 2663 ἕως
523 2631 556 2658 ἂν
573 2631 618 2657 τὸν
636 2630 699 2657 νθῦν
719 2629 793 2664 ἔχεις
811 2631 840 2657 Si
853 2637 939 2657 autent

151 2667 263 2693 teuebra:
277 2667 353 2692 dicta:
372 2671 443 2699 situt,
457 2675 507 2693 non
528 2673 665 2700 corporum
679 2666 781 2697 umbra,
797 2667 841 2692 sed
856 2667 932 2700 spiri-

151 2701 203 2728 tale
217 2701 363 2735 quidpiam,
379 2702 427 2728 ltoc
443 2707 492 2732 est,
513 2701 634 2728 diabolus
649 2708 657 2726 :
673 2700 753 2732 istud,
769 2710 777 2725 ι
789 2700 838 2734 ﬁat
851 2701 905 2730 lux.
920 2711 929 2727 ›

150 2744 201 2767 quo
212 2741 287 2768 pacto
299 2736 464 2770 intelligam?
477 2743 538 2762 num
558 2736 639 2762 lucem
653 2744 750 2767 veram,
767 2735 814 2762 hoc
826 2741 873 2767 est,
887 2736 935 2762 Fi-

151 2771 239 2796 lium?
254 2770 322 2805 Quid
338 2779 400 2805 ergo
419 2771 511 2797 dices?
532 2770 595 2796 Post
610 2771 713 2802 (uelum,
733 2776 840 2803 terram,
857 2771 935 2805 abys—

150 2813 218 2835 sum,
232 2811 255 2830 et
273 2805 403 2838 spiritales
422 2806 538 2832 tenebras
553 2806 700 2837 diabolum,
718 2806 767 2832 erit
783 2805 851 2832 Deus
872 2805 935 2832 Ver-

151 2840 231 2865 bum!
245 2840 319 2871 Quod
332 2840 390 2872 quis
404 2848 455 2866 non
470 2845 554 2866 mente
565 2846 655 2874 raptus
666 2841 822 2867 concesserit
835 2842 846 2866 2’
866 2841 934 2867 Tum

150 2880 306 2904 Cattznut'unt
327 2880 421 2904 auctor
437 2875 462 2902 id
480 2875 605 2902 observat
623 2883 629 2901 :
646 2875 731 2902 ἰστέον
746 2876 786 2901 ὅτι
802 2876 851 2910 τὴν
870 2876 939 2912 Ὠρι-

897 2341 920 2356 ⁸⁰
944 2340 1038 2369 Matth.
1059 2349 1085 2373 ν,
1111 2340 1153 2367 l6.

1016 2306 1039 2322 ⁷⁸
1060 2306 1158 2334 Geues.
1183 2312 1202 2338 t,
1226 2304 1253 2336 7,
1273 2304 1302 2332 8.
1357 2305 1381 2320 "
1396 2304 1474 2332 Joan.
1495 2312 1545 2336 vlt.
1566 2305 1612 2337 58,
1631 2310 1658 2332 et
1674 2312 1713 2338 tv,
1733 2304 1779 2333 14.

1203 2340 1224 2355 οι
1253 2338 1330 2367 Joan.
1355 2348 1393 2373 ni,
1413 2340 1458 2366 20.
1515 2340 1538 2355 ⁸¹
1559 2339 1658 2368 Cenes.
1680 2347 1700 2373 ι,
1719 2340 1734 2368 9
1752 2345 1781 2367 et

992 2420 1086 2454 γένους
1108 2419 1187 2453 δόξαν
1210 2419 1325 2454 ἐλέγχει,
1342 2419 1428 2451 οὕτως
1444 2419 1651 2455 γὲρμηνεύοντος.
1686 2420 1782 2447 Scien-

993 2456 1056 2482 dunt
1070 2461 1107 2482 est
1125 2455 1292 2490 (Diodorum)
1307 2463 1412 2490 carpere
1433 2454 1553 2488 Origenis
1566 2456 1723 2483 sententiam
1737 2458 1781 2490 qui

993 2492 1030 2517 sic
1050 2497 1104 2516 erat
1119 2491 1315 2522 inlerpretatus.
1337 2489 1467 2516 Cteterum
1487 2490 1538 2518 huc
1555 2490 1614 2516 loco
1629 2490 1672 2517 ubi
1687 2490 1782 2517 Gene-

994 2525 1109 2553 lirardus
1135 2525 1229 2556 habet,
1254 2524 1375 2551 diabolus
1399 2529 1423 2550 et
1435 2525 1542 2558 angelus
1554 2525 1622 2559 ejus,
1639 2526 1735 2552 melius
1755 2525 1780 2551 i1:

995 2569 1059 2592 mss.
1078 2559 1184 2594 legitur,
1200 2560 1321 2586 diabolus
1337 2563 1361 2585 et
1374 2560 1460 2593 angeli
1472 2559 1539 2593 ejus.

1030 2595 1097 2629 (56)
1113 2594 1205 2621 Omnis
1219 2594 1345 2630 spiritalis
1363 2595 1590 2626 substantia,etc.
1610 2594 1778 2630 Detctupore

995 2638 1049 2663 quo
1062 2637 1170 2656 omnem
1185 2629 1334 2662 spiritalem
1350 2630 1531 2656 substantiam
1550 2637 1564 2656 a
1581 2630 1635 2656 Deo
1652 2629 1776 2656 creatam

994 2665 1121 2698 opinatus
1137 2664 1171 2691 sit
1186 2664 1328 2697 Origenes,
1344 2664 1462 2698 disputat
1475 2665 1642 2692 clarissimus
1663 2664 1779 2693 lluctius

988 2700 1220 2733 Origenianorum,
1236 2698 1282 2725 lib.
1297 2706 1327 2729 tt,
1339 2704 1434 2732 quaest.
1450 2699 1477 2731 5,
1492 2707 1564 2726 num.
1579 2699 1606 2726 Ξ.

1024 2733 1097 2769 (57)
1126 2733 1242 2761 Interior
1265 2739 1312 2760 est.
1335 2734 1363 2760 id
1382 2734 1551 2762 desideratur
1567 2735 1592 2762 in
1611 2734 1674 2761 libb.
1695 2740 1777 2761 antea

989 2770 1054 2796 edit.
1070 2769 1116 2795 sed
1131 2769 1229 2803 legitur
1242 2769 1269 2796 in
1290 2776 1356 2796 mss.

1027 2804 1098 2838 (58)
1116 2803 1176 2830 Mss.
1195 2804 1294 2830 dicitur
1312 2823 1319 2834 ,
1335 2803 1400 2830 libb.
1414 2804 1496 2837 editi,
1510 2805 1583 2831 dicit.

1027 2839 1095 2873 (59)
1109 2838 1186 2866 Libb.
1204 2843 1283 2878 antea
1300 2838 1376 2870 editi,
1393 2844 1419 2865 ut
1434 2840 1461 2865 in
1477 2848 1506 2866 ea
1521 2839 1735 2874 munifrsteutur,
1748 2845 1776 2871 at

990 2879 1104 2909 quatuor
1123 2882 1185 2902 ιιιδδη
1203 2879 1231 2901 ut
1246 2882 1271 2902 ltl
1285 2880 1379 2902 IIODH‘U
1391 2879 1476 2901 ιριιυ.
