1900 3060
110 141 160 170 ﬂ‘)

710 141 742 170 IN
763 140 913 170 GES‘ESIM
933 139 1074 167 lmlllLlA
1093 141 1113 167 l.

1681 133 1731 160 I50

108 205 202 227 nostra
219 206 348 235 corpora,
366 200 391 227 si
406 200 461 227 btec
474 199 508 227 ab
531 200 571 227 eis
590 201 742 236 segregatio
762 201 818 232 ﬁat,
839 200 893 234 jatn
910 200 932 227 Δ
947 199 1017 225 illius
1030 199 1151 228 fructus.
1173 202 1248 224 actus
1264 197 1347 224 nnslri
1363 196 1408 231 qui
1425 203 1457 223 es
1474 196 1544 222 b‘ono
1569 192 1659 220 cordis
1683 199 1732 218 no-

109 251 164 272 non
177 247 378 279 permanebunt
395 245 480 278 arida,
502 246 549 273 sed
574 251 643 273 terra
672 247 893 281 appellabuntur,

113 299 146 319 es
162 299 194 319 eo
208 292 279 326 quod
301 291 417 318 fructum
432 292 486 319 Deo
507 292 580 319 ferre
591 291 647 325 jam
662 296 797 326 poterunt.
822 292 894 324 Quo-

119 337 190 363 niam
213 338 323 372 quidem
335 338 362 364 in
376 338 453 365 initio
465 339 536 365 Deus
548 337 645 365 cmlum
659 337 723 365 fecit
740 343 766 364 et
779 343 894 365 terram:

110 388 203 418 postea
219 391 286 411 vero
301 385 370 412 fecit
385 384 586 411 ﬁrmamentum
611 389 638 412 et
657 384 770 411 aridam.
791 384 823 411 Et
848 383 895 411 ﬁr-

112 434 279 455 mamentum
294 430 404 464 quidem
421 430 528 457 vocavit
544 429 777 470 ccelum,_donans
790 429 814 457 ei
835 429 894 464 t-jus

112 473 172 499 σιειὶ
200 473 273 508 quod
302 479 366 501 ante
388 478 530 501 creaverat
555 481 665 501 nomen.
693 474 803 501 Aridam
830 481 895 500 vero

111 518 259 553 appellavit
271 525 383 551 terram,
395 527 445 554 pro
462 527 495 546 eo
507 520 578 554 quod
593 520 617 547 ei
633 519 789 547 facultatem
803 519 894 546 feren-

111 565 207 592 dttrum
220 564 357 592 fructuum
374 565 531 600 largiretur.
547 564 576 592 Si
593 565 654 600 quis
667 572 733 600 ergo
748 572 796 592 sua
817 565 895 599 culpa

111 610 204 637 aridus
221 610 309 637 adhuc
321 615 421 642 manet,
440 615 468 637 et
484 610 600 637 fructum
617 610 720 637 nullutn
739 610 793 646 55.
806 609 893 642 allert,

113 656 160 683 sed
175 656 267 690 spinas
283 661 310 683 ct
325 656 447 689 tribulos,
464 657 536 684 velut
552 657 620 691 ignis
631 663 709 683 escas
722 663 829 690 gerens.
849 663 894 682 se-

113 701 231 732 cundum
246 709 276 729 ea
289 709 350 736 quae
362 709 393 729 ex
407 709 435 729 se
448 702 570 737 protulit,
583 702 667 729 etiam
678 702 736 736 ipse
749 709 811 729 esca
826 702 896 736 ignis

111 745 237 774 elﬁcitur.
258 746 285 774 Si
302 754 367 774 vero
388 748 476 774 studio
496 752 523 774 et
539 747 679 783 diligentia
699 755 747 774 sua
761 746 895 781 separatis

108 798 143 818 ex
173 799 203 819 se
225 792 304 826 aquis
330 791 436 827 abyssi,
461 792 506 826 qui
532 797 595 820 sunt
613 793 765 820 diemonum
786 799 894 823 sensus,

109 837 233 865 exhibuit
246 845 280 866 se
291 843 395 865 lerranr
406 838 586 870 fructiferam,
601 838 682 866 debet
694 845 804 873 sperare
822 839 896 865 simi-

109 881 156 914 lia,
176 882 249 917 quod
270 887 305 909 et‘
328 883 385 917 ipse
405 883 592 910 introducatur
622 889 636 910 a
662 882 718 910 Deo
741 883 768 910 in
793 888 893 911 terram

109 927 236 955 ﬂuentem
253 928 294 956 lac
305 934 334 956 et
350 929 411 956 mel.

144 974 171 1000 5.
193 966 340 1001 Videamus
357 979 447 1001 autem
464 981 496 1002 ex
522 973 755 1008 consequentibus
766 974 811 1008 qui
832 980 895 1001 sttnt

111 1022 227 1052 fruetus,
240 1029 307 1055 quos
321 1022 472 1055 producere
500 1022 569 1048 Deus
582 1021 660 1054 jubet
675 1026 776 1048 terram
796 1021 892 1055 ipsam,

109 1068 152 1094 cui
175 1068 234 1102 ipse
248 1067 298 1095 hoc
315 1074 412 1093 nomen
429 1067 552 1094 indulsit.
578 1067 612 1094 Et
630 1067 703 1099 vidit,
735 1067 826 1101 inquit
852 1067 893 1099 ⁸³,

108 1112 178 1139 Deus
193 1113 257 1147 quia
270 1114 363 1140 bonum
377 1119 424 1146 est,
440 1119 463 1139 et
480 1114 550 1140 dixit
563 1113 630 1140 Deus
647 1122 655 1140 :
673 1113 806 1140 Produtat
823 1118 893 1139 terra

109 1159 215 1185 herbam
240 1159 302 1193 [imi
323 1168 409 1187 senten
430 1161 583 1186 seminantis
600 1159 740 1186 secundum
763 1167 843 1194 genus
870 1164 892 1185 et

107 1205 250 1230 secundum
273 1205 488 1237 similitudinem,
527 1210 550 1232 et
588 1205 691 1239 lignum
724 1204 893 1239 frnctiferum

108 1249 208 1284 faciens
223 1250 349 1284 fructum,
376 1251 451 1285 rttjus
466 1258 553 1277 semen
575 1255 612 1277 est
635 1251 662 1277 in
679 1251 735 1284 ipso
751 1250 892 1277 secundum

107 1295 308 1322 similitudinem
319 1303 396 1330 super
409 1301 506 1322 (errant
519 1304 528 1322 :
540 1300 563 1322 et
574 1295 672 1330 factum
683 1300 719 1322 est
731 1296 781 1324 sic.
790 1295 894 1322 Secun-

107 1340 170 1366 dum
186 1339 303 1367 litteram
317 1340 454 1368 manifesti
471 1347 535 1368 sunt
549 1340 654 1368 fructus
668 1348 736 1375 quos
755 1345 827 1368 terra
841 1348 892 1367 non

109 1384 183 1411 arida
203 1386 339 1419 producit.
362 1385 413 1412 Sed
433 1385 531 1412 iterum
544 1385 695 1412 referamus
717 1386 750 1412 ad
773 1393 832 1412 nos.
865 1385 892 1412 Si

105 1430 161 1464 jam
187 1430 254 1458 facti
279 1439 373 1458 sumus
391 1437 472 1463 terra,
501 1432 523 1459 si
543 1431 599 1466 jatn
623 1439 675 1458 non
696 1439 789 1459 sumus
804 1431 891 1463 arida,

108 1476 258 1504 aleramus
278 1476 383 1505 fructus
404 1478 503 1505 uberes
525 1483 552 1505 et
569 1478 692 1505 diversos
717 1478 786 1510 Deo,
812 1482 841 1504 ιιι
866 1482 893 1504 et

110 1531 160 1550 nos
185 1523 381 1551 benedicamur
406 1532 420 1550 a
440 1523 521 1551 Patre
544 1525 649 1551 dicente
669 1524 692 1539 ‘“
708 1530 716 1551 :
734 1524 801 1551 Ecce
828 1524 893 1550 odor

105 1570 155 1604 ﬁlii
170 1570 223 1596 mei
234 1569 300 1596 sicut
314 1570 379 1596 odor
391 1571 447 1605 agri
464 1570 545 1604 pleni,
558 1578 633 1605 quem
651 1571 786 1597 benedixit
802 1570 894 1598 Domi-

106 1624 176 1647 πως
204 1621 231 1642 et
246 1616 310 1643 illud
333 1617 405 1651 quod
429 1617 468 1643 ait
495 1617 837 1652 Apostolus‘cmnplealur
865 1618 892 1644 itt

106 1662 184 1687 nobis
198 1661 221 1677 ³⁸
235 1671 241 1688 :
257 1661 337 1688 Terra
354 1663 423 1688 enim
442 1662 572 1695 excipiens
586 1662 734 1697 frequenter
750 1663 891 1690 uenientem

105 1715 185 1740 utprr
197 1714 224 1733 se
239 1707 360 1739 imbrem,
373 1712 396 1734 et
410 1715 538 1741 generatis
548 1708 654 1734 herbam
667 1713 843 1742 opportunam
859 1709 892 1736 iis

104 1761 121 1778 ιι
132 1753 225 1786 quibus
236 1753 344 1785 colitur,
357 1753 481 1787 percipiet
504 1753 693 1781 benedictionea
711 1762 726 1780 ιι
742 1753 807 1781 Deo.
827 1754 892 1788 Quae

105 1806 165 1824 tero
178 1799 272 1832 spinas
291 1804 315 1825 et
332 1799 440 1825 tribulos
458 1799 568 1832 profert,
585 1800 694 1834 reproba
710 1804 758 1832 est,
773 1803 796 1826 et
811 1799 892 1827 ntale-

105 1843 175 1869 diclo
189 1844 324 1877 proxima,
339 1844 413 1879 cujus
427 1844 487 1878 ﬁnis
500 1849 538 1871 est
550 1845 576 1871 in
593 1845 769 1872 adustionem.

138 1889 165 1914 4.
185 1887 216 1916 Et
231 1889 357 1922 produxit
370 1895 438 1916 terra
452 1890 557 1916 herbam
581 1890 643 1924 [teni
658 1898 745 1918 semen
760 1891 893 1918 seminan-

105 1934 138 1960 tis
171 1935 319 1961 secundum
340 1943 420 1970 genus
449 1941 472 1963 et
506 1936 647 1963 secundum
678 1937 890 1970 similitudinem,

103 1985 127 2006 et
139 1979 240 2014 lignum
265 1981 430 2014 fructiferum
449 1982 549 2016 faciens
569 1982 695 2016 fructum,
713 1983 788 2017 cujus
804 1991 892 2010 semen

103 2025 129 2051 in
146 2026 210 2059 ipso
220 2026 322 2060 [ueiens
342 2027 457 2061 fructum
478 2029 621 2055 secundum
643 2037 724 2063 genus
744 2037 823 2064 super
838 2035 891 2056 ter-

103 2078 170 2097 ram.
187 2070 220 2097 Et
237 2072 302 2098 vidit
319 2072 389 2099 Deus
407 2074 470 2108 quia
498 2074 592 2100 bonum
614 2079 662 2106 est,
687 2080 711 2101 et
733 2075 831 2109 factum
854 2081 891 2102 est

103 2124 219 2152 rupere,
246 2123 269 2144 et
295 2118 400 2152 factum
419 2125 456 2146 est
482 2128 568 2151 mane,
591 2121 646 2147 dies
671 2121 748 2148 tertia
771 2121 805 2148 ".
833 2122 890 2148 Non

102 2162 191 2189 solum
210 2163 289 2197 jubet
311 2168 391 2191 terra
409 2165 532 2199 proferre
557 2165 668 2192 herbam
684 2166 762 2200 foeni,
793 2167 839 2201 sed
865 2172 892 2193 et

948 244 996 270 stri
1009 244 1134 271 thesauro
1142 243 1315 278 proferuntur
1328 242 1393 278 (60).
1409 241 1436 269 Si
1452 248 1518 268 vero
1531 239 1657 266 audimus
1672 237 1733 272 qui-

942 289 1008 316 ‘dem
1029 290 1152 320 verbum.
1171 294 1198 316 et
1213 297 1246 315 ex
1261 288 1354 315 auditu
1366 287 1457 314 statim
1476 291 1545 313 terra
1563 288 1653 312 nostra
1671 290 1732 317 pro—

946 334 1021 360 ducit
1041 333 1162 364 herham,
1183 337 1210 360 et
1229 333 1286 360 hate
1303 332 1384 359 herba
1399 335 1545 364 antequam
1566 330 1600 356 ad
1619 327 1732 355 maturi-

947 383 1030 405 tatem
1049 378 1091 405 vel
1109 378 1140 405 ad
1162 379 1278 405 fructum
1299 377 1401 409 veniat,
1419 376 1531 408 aruerit,
1547 381 1616 402 terra
1639 377 1729 399 nostra

947 428 1058 458 pett-osa
1078 423 1267 458 appellabitur.
1283 423 1311 450 Si
1327 430 1390 450 vero
1405 430 1438 451 ea
1454 429 1513 457 qua:
1528 421 1655 448 dicuntur
1669 425 1734 454 pro:-

947 468 1117 496 l'undioribus
1132 468 1256 495 nitantur
1273 467 1299 494 in
1316 468 1399 495 corde
1423 471 1515 494 nostro
1526 466 1676 497 radicibus.
1694 466 1730 493 ita

947 518 975 540 nt
996 517 1024 540 et
1048 513 1164 540 fructum
1185 520 1296 547 operum
1322 511 1444 544 aﬁ‘erant,
1465 516 1492 538 et
1520 511 1621 539 semina
1651 512 1676 538 in
1701 517 1732 539 se

949 559 1068 586 habeant
1092 559 1256 590 futurorum,
1277 563 1342 585 tunc
1363 565 1428 586 vere
1448 556 1659 590 uniuscujusque
1682 564 1732 583 nu-

946 609 1032 632 strum
1045 610 1115 632 terra
1125 603 1273 631 secundum
1284 603 1410 631 virtutem
1423 611 1499 630 suant
1515 602 1590 630 all'ert
1602 602 1730 635 fructum,

947 650 1000 678 alia
1020 651 1211 683 centesimum,
1237 651 1289 677 alia
1316 650 1528 685 sexagesimum,
1552 648 1604 675 alia
1622 648 1730 682 trigesi-

948 704 1022 724 mum
1036 697 1070 724 ".
1082 697 1134 724 Sed
1149 703 1176 724 et
1192 697 1255 724 illud
1270 696 1471 724 admouendum
1480 695 1636 723 necessario
1652 695 1731 721 duxi-

947 750 1017 775 mus,
1040 747 1069 769 ut
1090 743 1194 770 fructus
1209 747 1301 770 noster
1327 750 1461 777 nusquam
1493 741 1608 773 zizania,
1628 741 1652 767 id
1678 745 1729 772 est,

948 796 1082 823 nusquam
1105 788 1198 816 lolium
1213 788 1332 815 habeat:
1349 793 1377 815 ut
1391 788 1496 815 l'ructus
1518 791 1610 814 noster
1626 793 1677 813 non
1696 785 1732 812 sit

947 841 1026 861 secus
1044 835 1125 868 viam,
1150 834 1197 862 sed
1220 834 1246 860 in
1265 834 1321 867 ipsa
1349 834 1443 866 via,in
1469 833 1513 860 illa
1541 840 1600 867 qnte
1620 830 1730 861 dicit“,

947 879 1002 915 Ego
1024 888 1082 906 sum
1106 880 1159 912 via,
1181 879 1342 912 seminetur,
1373 880 1465 914 utique
1492 879 1517 905 itt
1549 885 1590 909 ea,
1614 884 1647 904 ne
1666 884 1731 903 aves

946 925 1006 953 coeli
1041 925 1187 952 comedunt
1215 925 1319 952 fructus
1348 930 1477 956 nostros,
1509 930 1596 958 neque
1624 923 1730 949 vineam

946 975 1075 998 nostram.
1091 971 1119 998 Si
1138 971 1199 1005 quis
1213 975 1302 997 tamen
1319 975 1440 998 nostrum
1459 969 1536 997 vinea
1553 976 1612 996 esse
1625 975 1730 994 merue-

947 1017 998 1048 rit,
1010 1016 1099 1043 videat
1116 1023 1149 1043 ne
1167 1023 1217 1050 pro
1233 1022 1284 1042 uva
1311 1015 1407 1042 all'érat
1424 1015 1535 1049 spinas;
1566 1019 1590 1041 ct
1621 1018 1732 1048 propter

946 1063 998 1090 hoc
1019 1062 1075 1095 jatn
1105 1061 1333 1096 non‘pulaltitur,
1365 1067 1453 1096 neque
1487 1060 1613 1091 fodietur,
1643 1066 1734 1094 neque

947 1109 1123 1136 mandabitur
1141 1109 1258 1135 nubiliue
1273 1113 1301 1134 ut
1314 1107 1406 1142 plu'ant
1425 1113 1507 1140 super
1518 1113 1576 1132 eam
1593 1105 1707 1140 pluviam
1723 1114 1730 1132 :

946 1155 993 1182 sed
1011 1162 1025 1181 e
1041 1154 1180 1182 contrario
1203 1153 1372 1188 relinquetur
1389 1153 1513 1186 deserta,
1534 1157 1562 1179 ut
1577 1152 1736 1179 increscant

946 1208 1026 1235 super
1040 1207 1099 1226 eam
1117 1199 1209 1234 spintn.

980 1247 1007 1274 5'.
1036 1245 1101 1273 Past
1129 1246 1187 1272 haec
1215 1253 1279 1272 vero
1303 1244 1358 1279 jam
1384 1245 1584 1271 ﬁrmamentum
1611 1247 1733 1270 meretur

945 1294 1026 1321 etiam
1054 1291 1391 1325 luminaribus,adornari.
1421 1291 1465 1317 Ait
1490 1291 1561 1317 cuitu
1589 1289 1659 1316 Deus
1680 1289 1728 1316 ":

945 1339 1027 1367 Fiant
1041 1339 1184 1366 luminaria
1197 1339 1224 1365 in
1236 1338 1400 1372 ﬁrmamento
1415 1337 1483 1368 caeli,
1496 1343 1524 1364 ut
1536 1338 1637 1363 luceant
1654 1344 1731 1371 super

945 1391 1052 1417 terrant,
1078 1390 1101 1411 et
1124 1383 1243 1411 dividant
1258 1385 1326 1411 inter
1344 1384 1447 1410 diemet
1466 1386 1579 1409 noctem.
1609 1382 1685 1408 Sicut
1702 1381 1744 1407 iu-

946 1433 1116 1459 llrmameuto
1138 1431 1190 1458 isto
1218 1431 1291 1465 quod
1314 1429 1369 1464 jam
1385 1428 1483 1456 emittm
1499 1427 1587 1455 fuerat
1613 1426 1731 1462 appella-

947 1484 1015 1508 tum,
1030 1478 1110 1511 jubet
1125 1477 1195 1504 Deus
1212 1477 1269 1503 lit-ri
1295 1475 1451 1506 luminatla,
1474 1479 1500 1501 ιιι
1517 1474 1640 1500 (ΙίγίιΙιιιιι
1659 1474 1731 1500 inter

946 1525 1063 1551 medium
1077 1524 1130 1551 diei
1146 1528 1172 1549 ct
1193 1522 1279 1550 noctis
1296 1531 1302 1549 :
1320 1521 1355 1547 ita
1372 1525 1399 1547 ct
1415 1521 1440 1547 itt
1455 1521 1534 1547 nobis
1552 1519 1611 1546 ﬁeri
1629 1523 1729 1554 potest:

945 1570 968 1596 si
990 1573 1080 1596 tamen
1095 1568 1252 1595 studeamus
1267 1572 1294 1594 et
1313 1574 1362 1594 nos
1375 1567 1466 1593 vocati
1487 1570 1514 1592 et
1528 1564 1594 1592 clliei
1607 1564 1705 1592 υωιυω
1720 1572 1727 1590 :

945 1614 1088 1641 luminaria
1108 1613 1269 1640 ltabcbitnns
1285 1613 1311 1640 in
1328 1612 1405 1639 nobis
1416 1633 1423 1645 ,
1436 1618 1496 1646 quae
1509 1611 1659 1638 illuntinent
1671 1618 1730 1644 nos,

944 1657 1084 1684 Christum
1113 1662 1140 1684 et
1167 1656 1318 1684 Ecclesiam
1349 1656 1418 1691 ejus.
1447 1657 1504 1691 Ipse
1527 1661 1569 1683 est
1590 1657 1662 1683 enim
1683 1656 1729 1683 lux

944 1703 1048 1735 tmtndi,
1069 1704 1115 1738 qui
1142 1708 1169 1730 et
1185 1702 1334 1730 Ecclesiam
1352 1702 1486 1730 illuminat
1499 1710 1547 1731 sua
1567 1703 1635 1731 luce.
1654 1702 1731 1730 Sicut

944 1750 1015 1777 enim
1037 1749 1101 1776 luna
1120 1750 1153 1777 de
1170 1749 1226 1777 sole
1237 1749 1338 1776 dicitur
1353 1749 1491 1783 percipere
1503 1749 1604 1782 lumen,
1628 1753 1657 1775 ut
1679 1757 1727 1783 per

943 1795 1029 1830 ipsam
1046 1795 1127 1822 etiam
1141 1802 1197 1822 nox
1205 1795 1290 1830 possit
1305 1794 1471 1827 illuminari;
1490 1795 1526 1821 ita
1550 1801 1577 1822 ct
1591 1795 1725 1827 Ecclesia,

943 1845 1070 1876 suscepto
1097 1841 1199 1868 lumine
1225 1840 1339 1873 (Sbrisli,
1370 1839 1506 1866 illuminat
1529 1847 1622 1868 omnes
1639 1841 1683 1875 qui
1703 1842 1728 1868 itt

943 1886 1105 1922 ignorantite
1124 1890 1203 1913 noete
1225 1891 1382 1912 versantur.
1410 1885 1437 1912 Si
1461 1893 1524 1912 vero
1550 1886 1611 1919 quis
1634 1886 1660 1912 in
1678 1886 1729 1913 hoc

944 1932 1082 1968 proﬁciat,
1098 1937 1128 1959 ut
1142 1931 1198 1966 jam
1214 1931 1285 1958 ﬁlius
1308 1931 1354 1958 Dei
1376 1929 1518 1963 eﬁiciatur,
1536 1931 1576 1958 sic
1594 1936 1621 1958 ul
1636 1931 1662 1957 in
1684 1931 1729 1958 die

944 1979 1056 2006 honeste
1072 1977 1200 2010 ambulet,
1213 1977 1289 2012 quasi
1304 1976 1374 2004 ﬁlius
1389 1976 1446 2008 Dei,
1457 1980 1484 2003 et
1500 1976 1571 2004 ﬁlius
1589 1977 1656 2004 lucis
1668 1985 1674 2003 :
1686 1978 1728 2003 hic

943 2025 977 2051 ab
990 2023 1170 2059 ipso-Christo
1182 2023 1351 2050 illuminatur
1367 2023 1437 2049 sicut
1452 2023 1510 2050 dies
1521 2022 1536 2049 a
1554 2023 1621 2049 sole.

979 2071 1006 2098 6.
1032 2069 1066 2097 Et
1083 2070 1134 2097 sint
1150 2071 1176 2096 in
1190 2070 1265 2104 signa
1286 2074 1309 2096 et
1329 2074 1455 2103 tempore,
1473 2074 1496 2095 ct
1522 2069 1550 2096 in
1573 2069 1628 2096 dies
1649 2075 1672 2096 et
1702 2069 1728 2095 in

946 2125 1030 2144 annos
1046 2125 1055 2143 :
1077 2121 1101 2143 et
1130 2116 1195 2149 ﬁant
1220 2115 1255 2142 ad
1281 2115 1484 2142 illuminandum
1507 2116 1534 2141 in
1563 2115 1727 2150 ﬁrmamento

943 2162 1012 2195 caeli,
1032 2167 1059 2188 ttt
1071 2161 1174 2189 luceant
1187 2169 1265 2195 super
1290 2166 1399 2187 terram.
1419 2161 1452 2187 Et
1473 2161 1572 2195 factum
1590 2162 1678 2188 estsic
1693 2161 1726 2187 9°.

102 2215 198 2236 semen
213 2209 347 2243 proferre,
371 2215 400 2237 ut
418 2218 525 2244 semper
543 2211 657 2239 fructum
677 2213 885 2247 possitaﬁ'crre.
904 2205 928 2232 ί)
944 2209 1021 2236 Sicut
1043 2209 1190 2235 Ιυῐηίιιίπίίι
1209 2208 1261 2235 Ῐ⁵ί³
1285 2208 1360 2241 εαξη»
1390 2215 1450 2242 (ιιιω
1483 2208 1616 2240 ﬁdem“.
1641 2208 1727 2242 [305ila

101 2253 133 2280 Et
147 2262 203 2281 non
220 2255 508 2291 solumjubct-lignum
528 2257 714 2291 frttctil’erum,
736 2259 783 2285 sed
801 2263 828 2285 et
850 2259 889 2285 la-

101 2300 179 2327 cicns
193 2308 302 2333 semen,
321 2301 398 2334 cujus
416 2309 507 2329 setueu
531 2302 557 2329 in
582 2302 641 2337 ipso
664 2308 715 2336 est,
739 2305 888 2332 secundum

99 2353 195 2379 genus,
213 2347 239 2373 id
255 2350 308 2378 est,
324 2352 353 2373 ut
366 2354 473 2382 semper
488 2355 519 2375 ex
535 2348 578 2375 his
598 2349 765 2383 seminibus,
785 2358 845 2385 qua:
862 2351 888 2378 itt

99 2400 129 2417 se
144 2393 240 2425 habet,
259 2393 378 2420 fructum
398 2394 488 2427 possit
511 2393 620 2422 allerre.
644 2395 677 2422 Et
698 2403 748 2423 tios
767 2403 832 2431 ergo
851 2397 888 2424 ita

101 2437 234 2465 debemus
246 2443 274 2465 et
296 2439 462 2466 fructiﬁcare
479 2438 608 2473 fructum,
625 2446 652 2468 et
669 2442 772 2469 semina
787 2443 888 2470 habere

100 2482 129 2509 iu
144 2483 224 2511 nobis
241 2484 317 2519 ipsis,
343 2484 367 2511 id
392 2490 450 2518 est,
470 2486 591 2513 omnium
618 2487 751 2515 bonorum
776 2495 886 2522 operum

100 2530 282 2564 omniumque
293 2530 421 2557 virtutum
434 2532 537 2559 sentina
553 2531 580 2558 in
596 2532 678 2559 corde
692 2537 785 2560 nostro
801 2534 888 2561 conti-

100 2582 167 2602 nere
183 2585 194 2602 τ
209 2579 238 2602 ιιι
254 2575 311 2602 hac
328 2576 459 2604 habentes
473 2577 527 2604 ﬁxa
544 2577 572 2604 itt
591 2579 725 2606 utentibus
740 2580 841 2607 nostris
855 2588 886 2608 ex

98 2619 235 2654 ipsisjam
252 2628 348 2649 omnes
363 2628 457 2654 actus,
479 2623 523 2658 qui
542 2624 708 2651 incurrerint
728 2625 822 2658 nobis,
845 2634 889 2653 se-

99 2667 366 2702 eundumjustittum
385 2677 521 2704 geramus.
538 2670 583 2699 Isti
601 2675 664 2699 sunt
682 2672 754 2699 enim
775 2673 888 2700 seminis

943 2260 1005 2283 sunt
1021 2255 1047 2283 in
1066 2255 1142 2289 signa
1156 2259 1184 2282 et
1203 2254 1229 2281 in
1245 2260 1379 2290 tempora,
1396 2259 1424 2282 et
1448 2254 1506 2281 dies
1533 2258 1559 2281 et
1584 2261 1680 2287 annos,
1700 2259 1729 2280 ttt

941 2303 1050 2329 luceant
1068 2301 1101 2329 de
1121 2300 1293 2328 ﬁrmamento
1308 2301 1370 2328 caeli
1395 2301 1438 2328 his
1459 2301 1504 2335 qui
1523 2308 1605 2335 super
1627 2305 1727 2327 terram

943 2352 1006 2375 sunt
1022 2358 1027 2375 :
1044 2347 1096 2374 hoc
1115 2347 1196 2374 tnodo
1212 2347 1293 2374 etiam
1310 2346 1439 2374 Christus
1458 2347 1612 2374 illuminans
1635 2345 1727 2372 Eccle-

943 2393 1010 2421 siam
1034 2399 1123 2424 suam,
1151 2392 1227 2427 signa
1246 2392 1292 2418 dat
1309 2400 1355 2427 per
1375 2397 1511 2427 prtem-pta
1530 2400 1577 2418 sua
1592 2392 1728 2419 :ut'sciat
1748 2389 1750 2393 ’

944 2438 1079 2473 quomodo
1098 2437 1158 2472 quis
1185 2443 1296 2471 accepto
1314 2438 1391 2473 signo
1413 2437 1500 2472 fugiat
1520 2438 1553 2464 ab
1573 2438 1612 2464 ira
1633 2445 1727 2471 super-

943 2490 1068 2516 ventura,
1092 2484 1137 2511 uti-
1152 2491 1185 2511 ne
1197 2485 1254 2511 dics
1266 2484 1310 2510 illa
1327 2484 1400 2511 sicut
1414 2484 1456 2510 fur
1473 2490 1534 2510 eum
1549 2484 1727 2516 comprehen-

943 2531 990 2558 dat
1008 2540 1014 2557 :
1032 2531 1081 2558 sed
1096 2535 1124 2557 ut
1137 2530 1223 2564 magis
1240 2530 1383 2564 pervenire
1401 2529 1486 2563 possit
1502 2529 1528 2555 in
1545 2536 1645 2555 annum
1671 2529 1724 2555 Do-

944 2577 1007 2604 mini
1025 2577 1232 2611 acccptabiletu.
1249 2575 1379 2603 Christus
1389 2582 1454 2609 ergo
1471 2578 1514 2601 est
1528 2574 1575 2601 lux
1586 2582 1645 2601 uera
1667 2583 1726 2610 qun,-

942 2625 1076 2652 illuminat
1095 2632 1197 2650 omnem
1212 2623 1342 2649 hominem
1363 2622 1504 2648 venientem
1526 2621 1554 2647 in
1569 2622 1637 2647 Itttuc
1650 2630 1728 2648 mutu

941 2674 1004 2699 dum
1021 2671 1060 2704 ";
1074 2678 1104 2698 ex
1120 2669 1195 2704 cujus
1209 2669 1309 2696 lumine
1329 2669 1478 2696 illuminata
1496 2669 1626 2702 Ecclesia,
1643 2670 1736 2696 etiam»

132 2736 156 2775 f‘
176 2736 246 2764 Gen.
261 2745 282 2765 ι.
307 2738 342 2775 140
362 2743 390 2775 et
405 2739 448 2775 ll.
477 2740 500 2756 ⁵⁵
514 2740 580 2768 Gen.
603 2749 691 2774 xsvtt,
704 2742 751 2770 27.
789 2742 812 2758 ⁸⁵
827 2742 891 2771 lleb.

960 2743 975 2770 7
994 2748 1021 2770 et
1039 2743 1066 2770 8.
1104 2741 1127 2757 “
1143 2741 1211 2769 Gen.
1230 2749 1253 2775 ι,
1269 2741 1302 2768 1⁸2
1316 2746 1344 2770 et
1359 2741 1404 2769 l5.
1443 2740 1465 2757 ⁵⁷
1491 2742 1587 2770 Matth.
1603 2750 1662 2775 λιιι,
1678 2743 1731 2772 25,

97 2770 212 2799 ηιυειη.
231 2780 287 2806 m,
313 2773 342 2802 6.
379 2774 401 2790 ιο
415 2774 483 2802 Gen.
499 2783 518 2808 ι,
536 2775 579 2804 tt.
617 2777 641 2793 ο·
661 2770 728 2805 Ibid.
743 2777 815 2805 ιιιει
832 2778 876 2807 t5.

914 2779 936 2794 "
959 2778 1038 2810 Joan,
1057 2785 1076 2810 ι,
1100 2777 1126 2805 8.
1163 2807 1165 2809 ,

136 2838 211 2874 (60)
226 2839 269 2867 ιδί
281 2840 349 2867 bono
367 2843 453 2869 sordis
471 2843 555 2874 nostri
571 2844 702 2871 thesauro.
719 2844 765 2873 Sic
777 2844 875 2874 habent
888 2853 967 2878 mss,
982 2844 1104 2880 impressi
1119 2851 1191 2878 \cro,
1203 2851 1234 2870 cx
1244 2843 1317 2872 bonis
1332 2844 1418 2872 contis
1434 2843 1517 2871 nostri
1526 2844 1667 2871 thesauris.
