1902 3065
171 130 218 156 151

910 131 1071 160 OlllCENlS

1745 132 1799 158 £53

166 187 222 220 ipsa
238 188 280 214 lux
295 189 385 216 mundi
395 189 520 220 emtitnr,
540 189 693 216 illumiuaus
709 195 755 216 eos
768 189 813 223 qui
838 189 863 215 in
879 194 953 216 tcuc-
969 194 990 219 Λ
1005 190 1154 216 secundum
1171 189 1307 223 propriam
1325 196 1401 215 suam
1423 188 1560 215 virtutem.
1576 188 1629 215 Aut
1643 187 1715 215 cnim
1730 197 1794 216 cunt

166 234 223 260 bris
236 238 299 260 sunt
320 243 326 260 ε
340 235 409 261 sicut
429 239 456 262 et
479 235 534 269 ipse
547 234 673 262 Christus
687 239 856 260 contestatur
870 235 950 261 disci—

166 277 236 311 pulis
259 278 316 306 suis
339 279 433 306 dicens
451 280 473 295 ⁸³
491 288 498 305 :
520 278 570 305 Vos
583 279 644 305 estis
660 279 706 305 lux
721 279 820 306 mundi.
844 279 883 306 Ex
898 287 951 314 quo

164 323 330 356 ostenditur,
345 325 408 358 quia
426 324 552 352 Christus
572 325 679 359 quidem
695 324 739 351 lux
759 328 801 351 est
815 325 950 359 apostolo-

167 376 237 402 rum,
254 369 367 404 apostoli
386 377 448 397 vero
468 370 512 397 lux
531 370 635 397 mundi.
650 370 702 405 lpsi
723 370 794 398 enim
813 374 876 396 sunt
897 377 949 396 non

165 416 297 443 habentes
309 414 443 442 maculam
456 415 496 442 vel
513 423 616 450 rugam,
631 421 678 443 aut
701 416 805 450 aliquid
822 415 949 450 hujusce-

164 462 248 494 modi,
267 468 330 489 vera
350 460 471 489 Ecclesia
489 463 577 489 :sicut
591 467 619 489 et
647 462 796 497 Apostolus
825 461 891 488 dicit
904 461 948 489 9’:

162 505 198 533 Ut
215 507 269 542 ipse
277 507 326 534 sibi
339 507 458 534 exhibeas
473 508 616 542 gloriosam
634 508 781 535 Ecclesium
794 516 844 534 non
856 508 951 534 Italian-

162 557 212 579 tem
226 553 372 585 maculam,
384 559 431 579 aut
444 561 548 588 rugam,
573 559 617 581 aut
634 553 735 589 aliquid
753 553 913 584 huiusmodi.

197 597 223 624 7.
242 597 278 624 Et
297 598 358 632 fecit
376 597 445 624 Deus
461 598 514 625 duo
530 597 674 624 luminaria
690 607 786 633 magna
799 606 808 624 :
822 598 950 625 luminare

160 643 248 676 majus
268 643 294 669 in
312 643 491 678 principatum
513 644 583 676 diei;
611 649 635 671 et
658 644 791 670 luminare
811 645 897 670 minus
923 644 949 670 in

161 688 338 722 principatum
350 690 444 722 noctis,
462 695 486 716 et
511 689 611 716 stellas.
631 689 663 716 Et
679 690 764 724 posuit
780 698 811 716 ea
832 690 902 716 Deus
919 691 945 716 in

160 733 325 766 ﬁrmamento
335 733 403 766 cwli,
413 739 438 760 ut
449 734 555 761 luceant
566 743 643 768 super
653 741 748 761 terram
762 739 787 761 et
796 738 949 768 potestatem

163 778 275 804 habeant
287 779 340 805 diei
353 784 378 806 et
391 780 486 813 noctis,
499 784 523 806 et
532 780 652 807 dividant
669 781 736 807 inter
746 780 859 806 medium
869 780 947 812 lucis,

161 829 184 849 et
199 825 269 850 inter
285 823 337 859 55
357 825 470 853 medium
487 825 663 852 tenebrarum.
678 825 712 852 Et
724 826 787 852 vidit
800 825 870 853 Deus
886 826 948 860 quia

1006 234 1090 260 turbis
1102 234 1226 261 venimus
1238 234 1271 260 ad
1283 241 1358 265 eum,
1373 237 1399 260 et
1416 241 1464 268 per
1475 233 1617 268 parabolas
1631 241 1679 260 nos
1693 234 1793 266 reiicit,

1004 279 1035 305 ad
1056 279 1106 306 hoc
1129 280 1317 306 tantummodo
1335 286 1368 306 ne
1390 278 1484 306 multis
1497 278 1609 312 jcjuniis
1634 279 1794 306 deﬁciamus

1004 326 1029 351 in
1046 325 1086 351 via
1106 335 1111 352 :
1132 329 1178 352 aut
1197 330 1269 352 certe
1286 332 1395 359 semper
1418 330 1446 352 et
1465 325 1648 352 indesinenter
1671 325 1731 359 ejus
1745 333 1795 358 pe-

1003 368 1080 395 dibus
1096 369 1250 395 assidemus
1263 369 1296 401 ’³,
1315 374 1445 396 vacantes
1459 369 1492 396 ad
1516 371 1567 396 hoc
1593 369 1679 396 solum
1697 374 1726 400 ut
1745 377 1794 396 auo

1003 415 1109 441 diamus
1123 415 1236 441 verbum
1262 415 1330 450 ejus,
1358 423 1528 450 nequaquam
1554 415 1703 449 perturbati
1724 422 1791 450 erga

1003 460 1116 487 multum
1138 461 1332 494 ministerium,
1351 462 1398 488 scd
1420 461 1548 496 optimam
1566 465 1668 495 partem
1687 460 1794 495 eligen-

1003 510 1053 539 tes,
1067 514 1127 540 qum
1148 514 1202 533 non
1219 507 1359 534 auferetur
1378 515 1392 534 a
1407 507 1496 534 nobis.
1515 507 1548 533 Et
1570 506 1662 540 utique
1682 506 1730 541 qui
1751 507 1795 534 sic

1002 551 1136 579 acceduttt
1154 552 1187 578 ad
1208 559 1280 584 eum,
1305 553 1390 580 multo
1411 552 1528 587 amplius
1551 559 1585 579 ex
1608 552 1667 587 ejus
1688 552 1794 579 lumine

1002 603 1217 632 consequuntur.
1242 597 1270 625 Si
1286 606 1350 625 vero
1374 598 1445 626 sicut
1460 598 1574 632 apostoli
1590 606 1722 633 nusquam
1735 606 1793 626 om-

1002 643 1066 670 nino
1084 650 1241 670 moveamur
1256 645 1290 670 ab
1312 651 1354 676 eo,
1375 644 1422 671 sed
1444 651 1550 679 semper
1566 651 1627 671 cum
1640 651 1673 672 eo
1686 652 1794 678 perma-

1002 696 1114 716 neamus
1131 689 1156 716 in
1179 690 1305 717 omnibus
1329 690 1555 723 tribulationibus
1567 690 1636 725 ejus,
1657 695 1721 717 tunc
1741 697 1794 718 no-

1001 735 1041 762 bis
1057 740 1166 762 secreto
1183 742 1226 767 ea,
1238 742 1300 769 qum
1313 735 1345 762 ad
1362 736 1455 763 turbas
1476 735 1582 763 locutus
1599 737 1696 768 iuerat,
1710 743 1793 770 expo-

1002 780 1051 812 nit,
1068 785 1149 815 atquc
1165 780 1300 813 dissolvit,
1317 785 1344 808 et
1358 781 1444 809 multo
1460 781 1559 809 clarius
1576 781 1712 808 illuminat
1728 789 1790 808 nos.

1002 825 1028 852 Si
1052 833 1116 853 vero
1129 827 1210 853 etiam
1230 826 1290 854 talis
1301 827 1364 862 quis
1378 827 1469 859 fuerit,
1488 833 1515 854 ut
1532 828 1619 862 possit
1629 832 1656 855 et
1674 828 1701 855 in
1715 835 1793 855 mon-

161 870 258 896 bunum
269 875 305 897 est
319 879 328 897 :
340 871 472 905 etinctum
488 877 524 898 est
539 880 650 906 vespere.
667 872 801 905 etfaciam
820 877 856 899 est
875 879 949 898 mane
966 861 988 890 Β
1005 876 1056 898 tetn
1076 871 1225 898 ascendere
1242 880 1304 898 cum
1320 879 1352 899 eo
1372 873 1444 899 sicut
1458 873 1564 904 Petrus,
1579 878 1606 900 et
1618 872 1746 906 Iacobus,
1762 876 1793 901 et

160 916 216 942 dies
227 922 322 950 quarta
330 917 364 944 ".
376 917 452 944 Sicut
463 917 502 944 Sol
511 922 538 945 et
547 918 609 944 luna
622 925 718 952 inagna
728 917 870 944 luminaria
879 918 948 945 dicta

160 967 225 988 sunt
239 969 298 990 esse
312 963 338 989 in
353 962 523 990 ﬁrmamento
540 963 618 996 caeli;
633 963 670 990 ita
686 968 713 990 ct
730 963 754 989 in
779 963 855 990 nobis
872 961 947 989 Citri-

158 1013 217 1035 stus
233 1012 259 1035 et
274 1008 406 1036 Ecclesia.
423 1009 476 1036 Sed
493 1009 621 1043 quoniam
640 1009 722 1036 etiam
737 1008 830 1036 stellas
855 1009 880 1036 in
902 1009 946 1035 ﬁr-

159 1058 295 1081 mamento
319 1054 408 1088 posuit
428 1054 509 1086 Deus,
528 1054 668 1081 videamus
692 1062 752 1088 qua:
774 1059 837 1082 sunt
863 1055 947 1081 etiam

157 1099 183 1125 in
201 1099 278 1126 nobis
292 1099 389 1131 stellre,
402 1100 428 1127 id
446 1104 496 1132 est,
516 1100 542 1127 in
558 1099 754 1128 cordisnostri
770 1100 851 1128 coelo.
871 1100 946 1136 Moy-

156 1151 201 1172 ses
223 1145 300 1172 stella
322 1151 363 1173 est
383 1145 409 1172 in
428 1146 517 1179 nobis,
538 1154 598 1181 qua:
620 1146 691 1174 lucet
705 1151 733 1173 et
750 1146 884 1174 illuminat
898 1155 947 1174 nos

156 1191 262 1219 actibus
276 1192 386 1219 suis.Et
399 1192 549 1226 Abraham,
564 1191 652 1224 Isaac,
662 1197 690 1219 et
702 1191 799 1225 Jacob,
813 1198 840 1220 et
851 1193 945 1225 Isaias,

155 1237 337 1271 etJeremias,
358 1243 386 1266 et
408 1238 546 1272 Ezechiel,
570 1243 597 1265 et
619 1238 713 1270 David,
730 1242 757 1265 et
781 1239 875 1266 Daniel
895 1248 902 1265 ε
919 1244 946 1266 et

155 1292 250 1311 omnes
267 1284 366 1319 quibus
383 1283 526 1318 Scriptura
548 1289 642 1312 sancta
662 1285 846 1312 testimonium
861 1285 944 1318 dedit,

155 1329 220 1363 quia
235 1329 388 1364 placuerint
403 1330 468 1357 Deo.
489 1329 564 1357 Sicut
578 1330 650 1358 enim
667 1330 741 1358 stella
753 1331 785 1358 ab
802 1330 878 1358 stella
893 1331 946 1364 dif-

155 1376 206 1410 fert
221 1376 248 1402 in
261 1376 381 1403 claritate
395 1376 429 1409 ",
442 1377 477 1404 ita
492 1377 573 1404 etiam
586 1382 744 1404 sanctorum
758 1378 945 1412 unusquisque

155 1421 304 1449 secundum
319 1422 533 1457 magnitudinem
557 1430 632 1450 suam
655 1423 744 1450 lumen
765 1428 842 1450 Stmm
856 1424 944 1451 fundit

155 1472 182 1498 in
199 1479 258 1498 nos.
274 1470 352 1499 Sicut
367 1478 456 1499 autem
471 1472 513 1499 sol
525 1477 552 1500 ct
569 1472 632 1499 luna
653 1472 808 1499 illuminant
828 1479 942 1506 corpora

156 1521 248 1544 nostra
261 1526 267 1543 :
283 1517 319 1544 ita
332 1523 359 1545 et
372 1525 386 1544 a
399 1518 508 1545 Christo
522 1522 602 1553 atque
617 1518 737 1546 Ecclesia
755 1518 944 1546 illuminantur
957 1537 978 1566 ε

156 1568 262 1590 mentes
277 1568 387 1591 nostris.
409 1563 448 1591 lta
466 1569 554 1592 tamen
582 1565 777 1598 illuminamur,
792 1565 814 1591 si
837 1572 889 1592 non
906 1565 944 1591 si-

155 1616 216 1635 mus
230 1609 365 1637 mentibus
380 1610 455 1638 cteci.
468 1610 534 1642 Nam
547 1610 619 1637 sicut
631 1610 672 1638 sol
685 1615 711 1638 et
726 1611 787 1638 luna
799 1609 944 1645 corporali-

155 1655 205 1681 I.us
221 1655 308 1681 oculis
325 1662 412 1683 caecos
425 1656 549 1690 quamvis
572 1655 722 1689 illustrent,
737 1656 774 1683 illi
795 1660 884 1683 tamen
903 1663 944 1682 re-

154 1699 248 1734 cipere
271 1700 362 1728 lumen
382 1708 435 1728 non
459 1705 590 1736 possunt;
611 1702 645 1728 ita
671 1706 697 1729 ct
716 1701 841 1729 Christus
856 1701 942 1728 lucem

155 1753 232 1772 suam
248 1746 510 1780 praestat-mentibus
530 1747 641 1779 nostris,
659 1747 706 1774 sed
720 1747 757 1775 ita
772 1747 879 1775 demum
895 1755 943 1775 nos

156 1792 329 1825 illuminabit,
350 1793 373 1820 si
403 1801 574 1829 nequaquam
601 1794 709 1822 tta-citas
735 1794 835 1822 mentis
859 1795 944 1830 impe-

155 1839 222 1864 diat.
236 1837 312 1871 Quod
327 1839 408 1866 etiam
425 1839 447 1866 si
463 1840 567 1868 accidat
582 1840 680 1875 primo,
700 1844 808 1874 oportet
831 1847 877 1868 cos
896 1841 942 1875 qui

156 1884 222 1911 cmci
234 1888 298 1911 sunt
311 1885 386 1919 sequi
401 1885 550 1918 Christum,
564 1886 683 1914 dicentes
694 1891 718 1914 et
734 1887 883 1914 clamantes
898 1887 920 1903 ³⁸
935 1897 940 1913 :

154 1929 279 1957 Miserere
294 1930 376 1963 nobis,
392 1931 432 1965 ﬁli
447 1931 545 1965 David,
567 1938 598 1959 ut
615 1933 697 1960 etiam
715 1933 802 1960 visum
827 1933 860 1960 ab
883 1934 943 1967 ipso

157 1976 331 2010 recipientes,
357 1978 462 2011 possint
487 1977 618 2011 deinceps
641 1982 668 2005 ct
696 1978 764 2006 lucis
778 1978 838 2013 ejus
855 1978 942 2013 splen~

154 2022 221 2048 dore
238 2021 349 2048 radiari.
367 2020 465 2048 Verum
488 2029 543 2049 non
568 2023 708 2057 thualiter
722 2030 817 2050 omnes
837 2023 884 2057 qui
906 2024 944 2050 vi-

155 2069 219 2094 dent
236 2067 424 2094 illmninantur
438 2075 452 2094 a
465 2068 584 2101 Christo,
611 2069 657 2096 sed
680 2069 778 2104 singuli
793 2069 941 2096 secundum

154 2122 214 2140 eam
229 2121 385 2141 mensuram
402 2113 598 2146 illuminanlur,
612 2123 663 2150 qua
676 2116 729 2142 vim
751 2115 859 2143 luminis
873 2115 942 2143 reci-

155 2165 221 2193 pere
235 2158 334 2184 valent.
349 2152 382 2185 Et
403 2159 473 2185 sicut
493 2167 546 2186 non
561 2159 704 2194 :rqualiter
727 2161 797 2187 oculi
819 2161 942 2194 corporis

1001 916 1129 949 Joannes,
1145 917 1193 944 iste
1217 926 1270 944 non
1291 918 1376 945 solum
1398 919 1501 946 Christi
1515 918 1628 951 lumine,
1643 919 1689 945 sed
1704 918 1789 946 etiam

1000 964 1088 991 Patris
1105 965 1190 999 ipsius
1213 965 1410 993 illumiuabitur
1424 974 1500 994 voce.

1033 1011 1059 1038 8.
1079 1010 1112 1038 Et
1132 1012 1199 1039 dixit
1214 1011 1284 1038 Deus
1299 1020 1309 1038 :
1326 1011 1479 1039 Prodncaut
1499 1021 1574 1047 aqua:
1596 1013 1710 1047 repentia
1728 1014 1790 1040 ani-

999 1064 1102 1083 marum
1120 1057 1235 1083 vivarum
1248 1078 1255 1090 ,
1278 1063 1301 1084 et
1320 1058 1439 1084 volatilia
1464 1058 1580 1085 volantia
1592 1065 1672 1093 super
1690 1063 1790 1085 terram

998 1103 1141 1128 secundum
1167 1103 1363 1136 ﬁrmamentum
1383 1103 1451 1130 (mli.
1474 1103 1509 1129 Et
1525 1104 1625 1137 factum
1649 1109 1686 1130 ett
1714 1103 1751 1130 sic
1765 1103 1788 1131 ¹.

994 1145 1152 1183 ,δθοιιιιάυιιι
1173 1146 1290 1174 litteram
1303 1146 1379 1180 jussu
1398 1147 1445 1175 Dei
1462 1148 1652 1182 producuntur
1664 1148 1698 1175 ab
1710 1148 1789 1183 aquis

996 1192 1119 1226 tepentia
1139 1196 1167 1219 et
1190 1192 1309 1219 volatilia
1323 1214 1330 1226 ,
1359 1197 1385 1221 et
1407 1193 1466 1220 bzec
1485 1201 1545 1228 qua:
1559 1194 1681 1221 videmus
1702 1202 1717 1221 a
1732 1201 1788 1228 quo

997 1236 1052 1263 siut
1079 1235 1149 1263 facta
1173 1238 1375 1272 cognoscimus.
1404 1237 1458 1265 Sed
1484 1238 1622 1265 videamus
1648 1238 1789 1272 quomodo

996 1282 1078 1308 etiam
1093 1282 1242 1309 secundum
1257 1287 1378 1310 nostrum
1393 1283 1592 1310 ﬁrmamentum
1608 1283 1680 1317 cteli,
1695 1283 1720 1310 id
1732 1288 1787 1317 est,

996 1327 1094 1354 mentis
1118 1332 1216 1355 nostra:
1239 1328 1280 1356 vel
1303 1329 1393 1356 cordis
1411 1329 1585 1361 soliditatem,
1612 1329 1670 1357 haec
1685 1329 1785 1357 eadem

997 1374 1070 1400 ﬁant.
1086 1374 1222 1407 Arbitror,
1233 1375 1295 1410 quia
1315 1375 1337 1402 si
1356 1383 1434 1402 mens
1450 1380 1545 1410 nostra
1560 1374 1711 1403 illuminata
1726 1375 1788 1402 fue-

996 1420 1030 1446 rit
1044 1429 1058 1446 a
1071 1425 1162 1448 nostro
1179 1420 1234 1448 sole
1246 1421 1364 1454 Christo,
1375 1421 1487 1456 iubetur
1505 1421 1676 1456 postmodum
1691 1428 1724 1448 ex
1741 1421 1788 1451 his,

995 1473 1056 1499 qum
1074 1466 1099 1492 in
1122 1473 1152 1493 ea
1177 1471 1240 1493 sunt
1257 1467 1336 1501 aquis
1359 1468 1511 1507 producere
1533 1467 1653 1502 repentis
1668 1467 1784 1495 etvola-

997 1511 1052 1537 tilia
1068 1511 1197 1544 volantia,
1216 1511 1242 1538 id
1260 1517 1310 1544 est.
1330 1513 1509 1548 cogitationes
1531 1513 1616 1541 bonas
1627 1513 1671 1540 vel
1697 1512 1786 1540 malas

995 1557 1118 1591 proferre
1137 1560 1162 1584 in
1181 1559 1306 1590 medium,
1331 1563 1359 1586 ut
1383 1559 1511 1587 discretio
1539 1559 1587 1586 ﬁat
1610 1560 1744 1586 bonorum
1769 1567 1786 1587 τι

996 1603 1085 1635 malis,
1114 1611 1174 1638 qua:
1196 1605 1290 1639 utique
1310 1610 1426 1639 utraque
1451 1613 1484 1632 ex
1512 1606 1594 1633 corde
1620 1605 1783 1640 procedunt.

996 1649 1034 1676 De
1049 1649 1130 1676 corde
1147 1657 1264 1684 namque
1276 1655 1370 1677 nostro
1384 1651 1458 1678 velut
1472 1651 1505 1678 de
1516 1651 1595 1686 aquis
1608 1651 1786 1686 proferuntur

996 1700 1023 1722 et
1045 1695 1121 1723 bona:
1148 1696 1325 1731 cogitationes
1351 1701 1380 1724 et
1409 1696 1497 1730 malae.
1516 1697 1568 1724 Sed
1585 1704 1637 1724 nos
1648 1696 1733 1726 verbo
1751 1704 1785 1724 ac

996 1747 1132 1776 prteccpto
1146 1741 1192 1768 Dei
1208 1747 1323 1777 utraque
1334 1742 1506 1777 proferamus
1521 1743 1553 1769 ad
1567 1747 1742 1778 conspectum
1756 1747 1786 1770 et

993 1787 1124 1822 judicium
1149 1788 1208 1821 Dei,
1229 1792 1258 1815 ut
1274 1796 1336 1815 cum
1364 1789 1448 1823 ipsius
1464 1788 1662 1816 illutninatione
1679 1789 1786 1816 discer—

995 1841 1060 1861 nere
1076 1834 1214 1869 possimns
1237 1841 1251 1860 a
1271 1834 1343 1862 bono
1363 1834 1434 1869 quod
1449 1834 1548 1861 malum
1566 1840 1624 1867 est;
1640 1835 1665 1862 id
1680 1839 1732 1866 est,
1755 1840 1786 1863 ut

995 1888 1025 1907 ea
1041 1887 1101 1914 qua:
1117 1888 1200 1915 super
1217 1885 1315 1908 terram
1334 1884 1443 1915 repulit,
1460 1884 1487 1908 et.
1505 1885 1628 1908 terrenas
1650 1881 1784 1908 sollicitu-

995 1927 1073 1954 dines
1086 1931 1193 1962 gerunt,
1220 1934 1377 1961 separemus
1406 1934 1421 1953 a
1448 1926 1543 1958 nobis;
1571 1926 1616 1953 illa
1633 1934 1698 1954 vero
1723 1935 1786 1962 quin

995 1973 1108 2000 meliora
1125 1977 1199 2006 sunt,
1217 1972 1242 1999 id
1258 1978 1299 2000 est
1324 1972 1455 2004 volatilia,
1476 1973 1598 2000 sinamus
1615 1972 1710 1999 volare
1729 1980 1784 2000 non

995 2018 1082 2046 solum
1102 2027 1183 2054 super
1204 2024 1317 2051 terram,
1340 2019 1387 2046 sed
1405 2018 1486 2046 etiam
1517 2020 1663 2046 secundum
1689 2019 1784 2046 ﬁrma-

996 2071 1117 2092 mentum
1133 2064 1216 2097 cteli;
1235 2065 1259 2091 id
1277 2069 1328 2098 est,
1345 2071 1374 2091 ut
1387 2072 1496 2092 sensum
1526 2070 1552 2091 et
1571 2065 1704 2093 rationem
1719 2069 1784 2091 tam

996 2116 1167 2138 terrenorum
1181 2118 1263 2145 quam
1275 2110 1428 2138 cmlcstium
1441 2115 1641 2144 pertractemus
1653 2109 1679 2136 in
1691 2110 1784 2141 nobis.

995 2161 1024 2184 ut
1041 2156 1194 2191 intelligere
1210 2164 1320 2192 quoque
1345 2157 1490 2191 possimus,
1511 2164 1572 2191 quae
1589 2157 1643 2184 sint
1658 2157 1684 2182 in
1704 2156 1785 2183 nobis

155 2205 242 2231 nostri
258 2204 444 2231 illuminantur
458 2212 472 2231 a
494 2205 562 2236 sole,
577 2206 623 2233 sed
638 2210 741 2239 quanto
763 2206 824 2240 quis
842 2207 868 2233 in
882 2206 940 2234 loca

999 2203 1075 2230 noxia
1100 2210 1132 2230 ex
1162 2203 1329 2237 repentibus.
1358 2202 1385 2230 Si
1415 2203 1562 2230 viderimus
1587 2202 1728 2229 mulierem
1750 2202 1786 2229 ad

154 2250 252 2277 altiora
266 2250 465 2282 conscenderit,
481 2256 507 2278 et
520 2256 608 2278 ortum
621 2251 678 2285 cjus
690 2251 812 2279 editioris
827 2252 943 2286 specula:

154 2296 298 2323 intuitione
325 2296 407 2323 fuerit
433 2297 643 2331 contemplatus,
667 2302 742 2324 tanto
776 2297 891 2332 amplius
916 2303 943 2325 et

154 2341 309 2375 splendoris
332 2341 390 2376 ejus
404 2341 457 2368 vim
475 2341 607 2376 percipiet
623 2345 649 2368 et
666 2341 766 2369 caloris
782 2351 788 2369 :
805 2342 841 2369 ita
859 2343 941 2369 ctiam

153 2395 230 2414 mens
255 2393 349 2414 nostra
367 2392 470 2422 quanto
490 2388 569 2414 altius
591 2393 619 2414 et
637 2387 773 2416 excelsius
793 2388 940 2423 appropin-

152 2434 278 2467 quavcrit
297 2433 418 2465 Christo,
442 2441 472 2461 ac
492 2441 521 2460 sc
537 2434 696 2461 viciniorem
716 2434 855 2469 splendori
874 2434 942 2460 lucis

153 2479 210 2514 t-jus
225 2479 367 2514 objecerit,
386 2485 460 2507 tanto
477 2480 698 2514 ntaguiﬁecntius
721 2485 748 2507 et
769 2480 868 2508 clarius
882 2480 941 2515 ejus

154 2526 254 2554 lumine
282 2528 443 2560 radiabitur,
469 2528 539 2555 sicut
561 2532 588 2554 et
612 2528 670 2562 ipse
694 2527 732 2554 ait
754 2535 801 2562 per
825 2529 941 2562 prophe-

154 2578 208 2598 tam
224 2572 245 2587 ⁸⁷
260 2583 266 2600 :
282 2574 494 2608 Appropinquate
512 2574 587 2606 milii,
610 2578 634 2600 et
657 2573 873 2607 appropittquabo
897 2581 942 2599 vo-

153 2617 204 2645 I'is.
217 2617 282 2643 dicit
296 2618 434 2646 Dominus.
447 2619 479 2645 Et
494 2619 591 2645 iterum
602 2618 666 2645 dicit
679 2619 700 2634 ³⁸
715 2627 721 2644 :
737 2617 807 2644 Deus
819 2619 944 2650 approxi-

155 2671 230 2689 nmns
249 2671 294 2697 ego
310 2672 377 2695 sum,
395 2670 419 2691 ct
438 2673 488 2692 non
507 2664 576 2692 Dcus
595 2664 723 2699 delange.
742 2664 800 2690 Non
818 2663 942 2690 similiter

156 2714 244 2736 tamen
263 2710 385 2735 \‘eniums
416 2711 448 2735 ad
474 2718 533 2737 cum
560 2718 666 2743 omnes,
692 2711 737 2738 scd
757 2710 943 2744 unusquisque

190 2791 212 2806 -""
241 2790 363 2819 llattlm'.
390 2791 429 2817 li.
468 2792 489 2807 ’³³
510 2793 577 2826 l'Ipli.
593 2801 618 2822 γ,
634 2793 678 2819 ‘27.

156 2826 230 2859 citur.
246 2825 301 2858 1,3;
328 2826 512 2859 .1·‹’·ιε·.ιι·,8.
553 2828 574 2843 9‘
589 2827 688 2855 Jt'lClll.
717 2836 794 2859 nm,
822 2827 866 2854 ‘25.

717 2794 738 2808 θλ
757 2793 823 2819 Gen.
846 2800 862 2822 ι,
885 2791 925 2818 16.
944 2797 968 2816 ct
985 2799 1059 2824 seqq.

907 2828 927 2841 "5
952 2826 1014 2853 Luc.
1032 2835 1056 2852 .\.

996 2249 1243 2283 concupiscendum
1256 2256 1326 2282 eam,
1346 2248 1411 2276 illud
1432 2253 1472 2276 est
1489 2249 1514 2276 in
1529 2248 1606 2276 nobis
1621 2248 1718 2283 reptile
1738 2255 1785 2275 vc-

995 2300 1136 2321 neuatum.
1154 2294 1181 2321 Si
1202 2302 1267 2322 vero
1293 2294 1329 2322 sit
1354 2294 1381 2320 in
1399 2294 1476 2322 nobis
1499 2294 1655 2322 sobrietatis
1673 2301 1784 2327 sensus,

994 2340 1101 2367 etiamsi
1117 2340 1225 2367 domina
1241 2339 1366 2375 Egyptia
1392 2347 1441 2368 nos
1457 2340 1634 2372 adamaverit,
1650 2338 1785 2369 efﬁciuntur

994 2393 1068 2420 aves,
1088 2391 1116 2413 et
1133 2386 1319 2420 relinquentes
1332 2385 1460 2421 Egyptia
1475 2386 1634 2413 vestimenta
1651 2387 1676 2412 in
1694 2386 1785 2412 maui-

993 2435 1043 2461 hus
1060 2433 1128 2467 ejus,
1142 2441 1176 2460 ex
1194 2433 1321 2461 obscenis
1338 2432 1444 2460 insidiis
1457 2432 1635 2459 evolabimus.
1652 2431 1680 2458 Si
1696 2432 1731 2458 sit
1755 2432 1784 2458 in

994 2479 1072 2506 nobis
1085 2487 1183 2506 sensus
1194 2479 1227 2506 ad
1240 2478 1382 2506 iurandum
1400 2485 1450 2506 nos
1468 2486 1628 2513 provocans,
1647 2477 1718 2504 istud
1743 2482 1786 2504 est

996 2526 1092 2561 reptile
1115 2526 1274 2559 pessimmu.
1290 2524 1318 2552 Si
1335 2533 1400 2553 vero
1418 2527 1453 2552 sit
1480 2525 1506 2552 in
1530 2525 1608 2552 nobis
1631 2531 1738 2555 sensus,
1756 2529 1786 2550 ut

997 2572 1103 2599 etiamsi
1122 2573 1173 2598 duo
1196 2572 1299 2599 minuta
1314 2571 1472 2603 habeamus,
1491 2572 1547 2598 ltmc
1563 2571 1619 2605 ipsa
1636 2577 1685 2604 pro
1702 2570 1786 2596 mise-

997 2619 1115 2645 ricordia
1134 2617 1280 2646 oil'cramus
1298 2618 1324 2645 in
1347 2619 1416 2646 dona
1443 2617 1501 2650 Dei,
1536 2617 1587 2644 iste
1609 2624 1706 2643 sensus
1725 2616 1784 2642 avis

998 2669 1049 2695 est,
1067 2664 1132 2691 nihil
1148 2664 1180 2691 de
1194 2663 1309 2691 terrenis
1323 2663 1456 2698 cogitans,
1471 2663 1518 2690 sed
1532 2662 1564 2689 ad
1582 2661 1785 2689 ﬁrmamentum

999 2709 1059 2736 (tuli
1076 2709 1209 2735 volatibus
1229 2708 1351 2736 tendens.
1368 2710 1394 2736 Si
1412 2708 1499 2735 veniat
1516 2707 1593 2734 nobis
1611 2713 1707 2733 sensus
1722 2714 1785 2740 per-

1117 2792 1138 2806 νδ
1157 2791 1174 2817 ll
1191 2791 1253 2818 Cor.
1269 2799 1312 2821 xv,
1325 2791 1368 2820 Ill.
1407 2792 1429 2806 3'“
1447 2789 1541 2816 Matth.
1558 2797 1595 2821 Ix,
1614 2787 1658 2816 ‘27.
1697 2787 1718 2802 ’⁷
1732 2787 1785 2814 Za-

1116 2826 1121 2840 ¹
1139 2827 1235 2853 licitas.
1252 2835 1269 2859 ι,
1287 2827 1332 2852 20.
