1902 3065
65 147 110 173 i233
689 145 721 172 1N
737 144 890 173 GENESIM
911 143 1052 172 liOMlLlA
1069 144 1087 171 Ι.

1643 145 1695 172 «δι

63 208 174 234 suadens
190 206 271 233 nobis
297 207 446 234 cruciatus
471 207 592 241 martyrii
619 214 668 234 nos
684 213 735 233 non
759 206 857 233 debere
873 210 895 237 Α
911 213 1005 232 norum
1021 205 1134 231 lucidius
1157 203 1301 230 indicatur.
1324 203 1468 238 Propterea
1484 210 1552 238 ergo
1563 203 1596 230 de
1609 207 1695 232 omni-

64 253 188 284 tolerare,
203 252 276 278 istud
292 252 350 278 erit
366 252 467 286 reptile
483 257 654 279 venenatum.
677 252 704 279 Si
729 260 792 279 vero
813 260 856 279 as-

63 299 158 326 cendat
180 298 260 325 nobis
276 305 381 325 sensus
394 303 423 324 et
441 298 567 332 cogitatio
583 297 652 331 talis,
676 303 704 325 ut
722 306 806 332 usque
823 298 856 325 ad

64 350 179 371 mortem
193 352 246 379 pro,
258 344 379 371 veritate
392 349 539 374 certemus,
553 344 611 370 avis
624 344 675 370 erit
691 345 758 375 liazc.
773 352 788 371 a
804 349 857 371 ter-

62 391 134 418 renis
162 392 195 418 ad
221 398 341 425 superna
367 390 564 418 conscendens.
583 390 714 417 Similiter
728 391 808 417 etiam
825 390 858 418 de

62 437 170 465 ueteris
184 436 225 469 vel
240 442 421 472 peccatorum
434 436 474 463 vel
491 437 621 463 virtutum
640 436 784 471 speciebus
796 443 858 462 sen-

62 484 189 510 tiendum
205 487 260 516 est,
279 488 306 510 et
330 482 540 510 discernendum
560 490 619 515 quae
642 483 697 510 sint
725 483 856 516 repentia,

63 535 87 557 et
98 537 163 564 qua:
174 529 230 556 sint
241 529 374 562 volatilia,
389 537 450 564 qua:
463 529 613 564 producere
622 529 656 556 ad
666 528 857 556 discretionem

63 576 87 604 in
103 580 259 610 conspectu
277 574 325 602 Dei
341 582 420 609 aqua:
435 579 533 603 nostra:
545 574 685 609 jttbentttr.

95 624 123 651 9.
141 622 179 650 Et
197 624 258 657 fecit
277 622 350 650 Deus,
362 628 433 650 cetos
447 631 563 657 magnos,
584 628 607 649 et
624 630 727 649 omnem
743 622 857 649 animam

64 670 214 701 repentium
236 668 404 700 animalium,
421 676 480 703 qua:
501 668 647 695 eduxerunt
670 676 746 702 aqua:
766 676 858 695 3901009

64 717 126 742 dum
147 723 234 750 genus
254 723 343 746 suum,
360 720 383 741 et
397 717 471 741 o'mue
489 713 594 741 volatile
610 719 752 748 pennatam
766 722 859 740 recum-

65 762 124 787 dum
142 769 228 795 genus
245 769 323 787 suum
342 762 363 788 ².
388 761 421 788 Et
441 761 474 788 de
489 761 532 789 bis
553 760 688 792 similiter,
707 764 736 786 ut
753 760 786 787 de
807 759 860 787 illis

65 814 122 840 qua:
139 812 225 840 supra
242 805 380 837 diximus,
404 804 573 832 sentiendum
593 808 645 836 est,
668 803 739 837 quod
760 802 861 837 produ-

67 859 126 878 cere
141 850 295 877 debeamus
317 850 399 876 etiam
417 854 491 876 cetos
509 856 631 884 magnos,
646 852 673 876 et
685 849 803 876 animam
819 854 860 876 re.

66 897 192 932 pentittm
207 895 360 923 secundum
378 895 432 930 56
444 903 538 930 genus.
558 895 589 922 ln
603 895 706 930 magnis
721 895 781 922 istis
795 895 863 922 ectis
874 895 890 919 ’Ἰ

68 942 163 975 impias
172 940 233 973 cogi
239 940 363 971 taliones,
375 944 402 966 et
414 939 532 966 nefarios
542 947 663 974 quosque
672 944 765 967 contra
776 939 861 966 Deum

65 997 164 1016 sensus
181 989 305 1015 arbitror
316 987 444 1014 indicari.
463 987 527 1020 Qua:
544 977 632 1013 tamen
652 985 743 1012 omnia
758 985 858 1020 produ-

67 1034 151 1062 cenda
171 1038 239 1060 sunt
256 1026 320 1059 ante
336 1036 510 1066 conspectum
530 1031 589 1063 Dei,
612 1035 640 1058 et
656 1030 778 1064 ponenda
796 1034 859 1056 ante

66 1081 167 1115 ipsum,
195 1083 225 1105 υι
250 1078 404 1105 dividamus
419 1083 445 1103 et
463 1083 620 1111 separemus
642 1076 712 1102 bona
732 1082 747 1101 a
768 1075 858 1110 malis,

66 1133 94 1154 ut
110 1126 262 1160 unicuique
277 1131 344 1151 suus
365 1123 441 1150 locus
462 1130 477 1149 a
498 1122 612 1149 Domino
629 1121 777 1159 tribuatur,
789 1121 860 1149 sicut

67 1179 97 1199 ex
115 1172 159 1199 his
173 1179 235 1206 qua:
249 1174 404 1204 sequuntur
417 1168 586 1196 ostenditur.

100 1218 146 1244 10.
165 1216 200 1243 Ει
220 1217 283 1243 vidit
300 1215 372 1242 Deus
386 1215 448 1248 quia
471 1214 538 1240 bona
553 1218 625 1246 sunt,
641 1220 663 1239 et
678 1213 809 1239 benedixit
829 1221 860 1239 ea

67 1264 158 1294 (licens
172 1270 182 1290 .'
198 1261 318 1289 Crescite
335 1267 358 1288 et
375 1259 598 1294 multiplicamini,
620 1264 644 1285 et
669 1259 762 1292 replete
778 1266 860 1292 aqua;

67 1318 124 1343 ιμιιιν
139 1314 203 1336 sunt
225 1308 254 1335 in
269 1308 349 1339 mari,
368 1311 393 1333 et
419 1304 535 1334 volatilia
555 1304 706 1338 repleantur
719 1308 861 1337 “perter-

69 1362 122 1380 ταδ-
145 1355 180 1380 Et
201 1355 303 1388 factum
323 1357 361 1379 est
381 1360 484 1386 vespere
503 1356 527 1378 et
548 1358 634 1381 mane,
655 1350 709 1376 dics
729 1349 821 1384 quinta
841 1348 860 1374 ³.

70 1398 98 1425 1η
117 1398 187 1425 tnari
207 1398 318 1433 quidem
338 1402 412 1424 cetos
431 1403 552 1432 magnos,
573 1401 599 1422 ct
618 1403 726 1422 onmem
746 1394 863 1420 animam

69 1434 230 1470 animalium
250 1447 279 1470 et
299 1442 466 1477 repentium.
486 1449 545 1476 quae
564 1441 751 1475 produxerunt
769 1446 862 1472 aqum,

66 1489 140 1523 jubet
157 1488 317 1519 immorari,
338 1487 384 1513 ubi
406 1490 433 1513 et
451 1486 531 1513 draco
553 1484 598 1512 ille
619 1492 698 1519 quem
720 1483 864 1519 plasmavit

69 1535 140 1561 Deus
155 1534 190 1560 ad
207 1532 425 1560 illudendum’ei
441 1531 574 1558 inhabitat
591 1532 610 1558 ⁸.
628 1531 759 1558 Volueree
773 1534 862 1556 autem

71 1580 249 1615 multiplicari
277 1579 355 1614 jubet
385 1585 467 1612 super
487 1583 597 1609 terram,
623 1585 683 1612 qua:
717 1576 862 1610 aliquando

70 1625 147 1652 arida
167 1625 233 1657 l'uit,
249 1631 322 1650 nunc
338 1627 428 1650 autem
441 1622 498 1656 jam
515 1627 587 1649 terra
607 1621 766 1656 appellatur,
791 1620 864 1655 sicut

70 1668 398 1704 superius'exposuimus.
412 1666 465 1694 Sed
482 1666 602 1701 requiret
613 1665 710 1700 aliquis
725 1664 862 1699 quomodo

71 1717 120 1742 ceti
139 1715 234 1750 magni
251 1719 279 1742 et
299 1714 422 1748 repentia
441 1714 466 1739 iu
484 1711 554 1738 malo
571 1711 754 1745 accipiuntur,
769 1714 796 1736 et
815 1717 863 1736 vo-

71 1761 155 1788 latilia
174 1760 202 1788 in
220 1761 304 1791 bono,
318 1767 380 1786 cum
399 1759 431 1785 de
444 1758 568 1785 omnibus
579 1757 658 1784 simul
671 1757 772 1784 dictum
785 1756 838 1783 sit“
853 1763 860 1781 :

72 1805 104 1832 Et
120 1806 186 1832 ridi:
204 1805 277 1832 Deus
294 1805 357 1839 quia
380 1803 446 1829 bona
463 1808 521 1829 sunt
535 1803 548 1828 ?
573 1801 641 1836 lpsis
663 1801 764 1828 sanctis
792 1801 862 1827 bona

71 1857 134 1878 sunt
159 1858 203 1884 ca,
230 1858 291 1884 qum
317 1849 371 1876 illis
392 1848 572 1874 adversantur
598 1856 603 1873 :
621 1847 682 1880 quia
700 1846 809 1872 vincere
830 1852 861 1872 ea

73 1902 197 1932 passum,
218 1902 247 1922 et
265 1903 328 1922 cum
356 1902 388 1921 ea
413 1886 537 1925 vicerint,
566 1892 675 1927 majoris
693 1892 785 1927 gloria:
807 1892 864 1918 elli-

73 1941 262 1976 cinnlurapud
279 1941 374 1968 Deum.
391 1939 512 1973 Denique
526 1947 586 1966 eum
602 1938 726 1966 diabolus
740 1938 864 1972 petiissct

75 1996 102 2017 ut
118 1989 170 2017 sibi
184 1992 308 2022 potestas
322 1987 434 2013 daretur
446 1986 587 2015 adversum
599 1984 649 2012 Job
666 1985 686 2016 ⁸,
704 1985 863 2018 impugnans

74 2045 132 2063 rum
150 2032 341 2062 adversarius
361 2039 441 2059 causa
468 2032 491 2058 ei
514 2031 617 2059 exstitit
643 2030 756 2064 dupiicis
771 2029 864 2064 glorise

75 2088 132 2116 pust
147 2080 304 2108 victoriam.
327 2077 403 2111 Quod
427 2078 579 2104 ostenditur
600 2083 630 2103 ex
655 2083 701 2108 eo,
719 2075 780 2109 quia
804 2081 864 2108 qua:

75 2136 100 2154 In
119 2126 248 2162 praesenti
263 2124 428 2160 perdiderat,
445 2124 470 2150 in
495 2123 604 2157 duplum
625 2121 767 2156 receperit,
782 2119 863 2148 simili

75 2175 154 2200 modo
170 2173 231 2200 sine
246 2171 329 2198 dubio
351 2175 379 2197 et
407 2169 432 2196 in
459 2169 617 2196 caelestibus
643 2171 812 2201 recepturus.
831 2166 865 2192 Et

908 251 959 277 bus
978 251 1028 277 hoc
1041 250 1104 277 dicit
1118 250 1258 284 Scriptura
1276 249 1286 263 "
1307 258 1314 276 :
1335 249 1367 275 Et
1385 250 1448 276 vidit
1463 248 1532 276 Deus
1547 249 1610 283 quia
1629 251 1694 279 bona

909 300 979 324 sunt.
995 295 1086 328 Quare
1103 301 1192 323 tamen
1209 304 1260 322 non
1275 300 1316 322 est
1331 295 1473 329 scriptum,
1494 295 1526 322 Et
1544 296 1611 322 dixit
1627 295 1696 323 Dens

909 341 970 375 quia
989 341 1057 368 bona
1076 346 1148 374 sunt,
1164 343 1209 368 sed
1229 341 1298 367 Vidit
1312 341 1380 368 Deus
1396 342 1459 375 quia
1482 342 1548 368 bona
1565 343 1646 369 sunt?
1668 342 1696 368 ιιι

909 391 959 419 est,
972 386 1038 413 vidit
1053 387 1197 418 utilitatem
1214 387 1344 422 ipsorum,
1362 392 1389 414 et
1409 395 1468 414 eam
1484 387 1628 420 rationem,
1643 395 1695 422 qua

908 438 969 457 cum
984 438 1074 458 essent
1092 432 1150 466 ipsa
1171 439 1219 466 per
1232 439 1261 458 sc
1280 431 1355 464 talia,
1377 431 1462 459 bonos
1488 437 1577 459 tamen
1605 432 1696 460 facere

909 481 1023 509 possunt
1040 477 1168 510 optimos.
1183 476 1330 510 Propterea
1343 483 1408 510 ergo
1423 476 1490 502 dixit
1502 476 1513 491 "
1528 486 1534 502 :
1551 476 1662 503 Crescite
1672 482 1695 503 et

909 521 1132 553 multiplicamini,
1149 526 1171 547 et
1186 521 1282 555 replete
1302 529 1383 556 aqua;
1396 530 1453 555 qua:
1467 521 1492 548 iu
1506 522 1572 548 mari
1588 527 1659 554 sunt;
1671 527 1695 548 et

911 566 1030 593 volatilia
1046 567 1198 601 repleantur
1212 575 1291 601 super
1303 572 1399 599 terra»,
1418 567 1443 593 id
1461 571 1511 599 est,
1531 572 1559 593 ut
1574 567 1625 594 ceti
1638 567 1697 602 qui-

910 613 970 638 dem
993 613 1084 646 magni
1105 618 1132 639 ct
1147 613 1267 646 repentia
1289 612 1315 638 in
1337 612 1403 638 mari
1418 617 1519 644 essent,
1532 612 1601 638 sicut
1618 620 1697 646 supe-

911 658 970 684 rius
982 658 1169 692 exposuimus,
1181 663 1208 684 ct
1225 657 1343 684 volatilia
1359 664 1440 691 super
1461 663 1558 684 tet-ras.
1644 658 1653 661 ”

946 704 987 730 ii.
1001 703 1033 729 Et
1050 704 1116 730 dixit
1133 703 1200 730 Deus
1221 710 1229 728 :
1246 702 1384 729 Producat
1398 709 1467 730 terra
1484 704 1600 729 animum
1614 703 1697 729 vivam

910 750 1054 775 secundum
1076 757 1166 783 genus,
1180 749 1364 783 quadrupedia
1382 753 1414 781 ει,
1427 748 1544 781 νερεηιὶα
1562 754 1585 774 et
1601 748 1696 774 bestias

910 800 987 820 term
1004 793 1145 830 secundum
1159 801 1238 828 genus
1264 801 1273 819 :
1298 798 1320 819 et
1340 792 1437 826 {artant
1455 798 1493 818 eu
1514 793 1563 818 sic.
1582 791 1615 816 Et
1637 791 1696 824 fecit

911 839 981 866 Deus
1000 839 1095 874 bestias
1117 844 1193 866 terra
1219 839 1361 865 secundum
1384 846 1474 872 genus,
1499 842 1523 863 et
1545 837 1633 862 omnia
1659 844 1699 867 re:

909 886 996 920 pentia
1011 890 1088 912 terra:
1107 885 1250 911 secundum
1277 892 1367 918 genus.
1394 882 1427 909 Et
1455 883 1520 910 vidit
1548 883 1618 913 Deus
1635 882 1698 916 quia

910 931 977 958 bona
990 936 1048 958 sunt
1062 931 1095 957 ¹⁰.
1116 930 1270 958 Secundum
1284 930 1401 962 litteram
1414 930 1521 964 quidem
1534 929 1607 955 nulla
1623 936 1696 963 quat-

910 976 962 1004 stio
974 982 1024 1005 est.
1043 976 1183 1016 Manilcste
1192 972 1265 1003 enim
1280 984 1294 1002 a
1307 976 1361 1002 Deo
1373 979 1463 1002 creata
1479 983 1539 1002 esse
1560 975 1695 1004 dicuntur.

911 1023 952 1050 vel
967 1022 1106 1053 animalia,
1120 1022 1160 1048 vel
1181 1021 1376 1056 quadrupedia,
1392 1020 1433 1047 vel
1456 1020 1558 1052 bestitc,
1576 1020 1617 1047 vel
1638 1028 1696 1047 scr-

910 1074 1006 1104 pentes
1020 1077 1102 1103 super
1126 1074 1239 1095 terram.
1262 1068 1362 1102 Aptare
1379 1071 1468 1093 autem
1489 1067 1545 1094 [nec
1563 1067 1615 1098 liis,
1639 1073 1699 1101 qua:

911 1106 992 1148 supra
1006 1113 1191 1148 exposuimus,
1205 1113 1352 1140 secundum
1368 1111 1697 1146 spiritalem,intellectum

911 1169 963 1188 nan
980 1161 1067 1188 otiosa
1087 1167 1130 1187 res
1145 1164 1196 1186 est.
1215 1159 1252 1186 Ibi
1267 1159 1375 1192 quidem
1392 1159 1493 1185 dictum
1510 1163 1553 1185 est
1567 1157 1587 1173 “
1606 1166 1613 1184 :
1632 1157 1699 1184 Pro-

911 1207 1008 1232 rlucaat
1030 1213 1104 1239 aqua:
1116 1204 1240 1240 repentia
1256 1204 1404 1230 animarum
1421 1204 1550 1236 vivarum,
1564 1208 1587 1229 at
1602 1203 1696 1230 volati-

912 1252 948 1278 lia
970 1242 1085 1280 volautia
1108 1259 1186 1285 super
1207 1255 1304 1276 terram
1329 1249 1472 1277 secundum
1502 1249 1697 1282 ﬁrmamentum

912 1298 990 1329 coeli;
1009 1297 1051 1324 hic
1070 1301 1161 1323 autem
1180 1295 1216 1321 ait
1231 1295 1251 1310 ”
1270 1301 1279 1320 :
1296 1293 1428 1320 l’roducat
1443 1298 1514 1320 terra
1530 1294 1644 1319 animum
1663 1291 1699 1318 ui-

912 1350 971 1370 uam
984 1343 1127 1369 secundum
1144 1349 1236 1375 genui,
1247 1340 1430 1378 quadrupedia
1448 1344 1470 1366 et
1486 1338 1602 1373 repentia
1615 1342 1639 1364 et
1655 1337 1698 1364 be-

912 1389 978 1415 stias
997 1393 1074 1414 terra:
1087 1386 1229 1414 secundum
1245 1395 1336 1421 genus.
1351 1386 1383 1412 Et
1404 1386 1449 1412 illa
1465 1386 1573 1420 quidem
1585 1391 1644 1419 quze
1665 1384 1698 1412 de

914 1434 991 1469 aquis
1003 1433 1134 1469 producta
1150 1437 1223 1464 sunt,
1238 1431 1356 1458 diximus
1369 1432 1468 1458 debere
1485 1436 1573 1458 motus
1584 1434 1610 1458 et
1622 1430 1698 1465 cogi-

915 1481 1031 1507 tationes
1042 1479 1141 1506 mentis
1153 1482 1263 1510 nostrm,
1275 1478 1320 1512 qui
1338 1478 1370 1504 de
1383 1471 1517 1511 pro‘l‘undo
1531 1476 1622 1503 cordis
1636 1483 1699 1510 pro-

915 1526 1062 1558 ducuntur,
1092 1524 1214 1559 intelligi.
1232 1523 1308 1559 Nune
1335 1530 1400 1550 vero
1422 1523 1472 1549 hoc
1499 1522 1570 1556 quod
1585 1522 1697 1554 dicitur,

917 1572 1051 1598 Praducat
1064 1576 1133 1597 terra
1149 1570 1264 1596 animum
1281 1569 1361 1596 vivam
1374 1569 1516 1594 secundum
1529 1574 1619 1601 genus,
1632 1575 1698 1600 qua-

916 1617 1074 1652 drupedum,
1089 1621 1112 1643 et
1134 1615 1277 1649 repentium
1295 1618 1319 1640 ct
1343 1614 1482 1640 bestiarum
1501 1621 1578 1646 super
1602 1617 1699 1639 terram

916 1663 1061 1691 secundum
1075 1670 1167 1697 genus,
1183 1660 1326 1688 exterioris
1343 1659 1460 1687 hominis
1482 1659 1575 1690 nostri,
1600 1659 1625 1685 id
1646 1662 1698 1690 est,

917 1709 1034 1737 carnalis
1045 1714 1072 1735 et
1087 1707 1184 1735 terreni
1205 1711 1293 1734 molus
1305 1707 1421 1735 arbitror
1438 1705 1561 1732 iudicari.
1582 1705 1700 1739 Denique

917 1754 984 1781 ltiilil
999 1754 1106 1781 volatile
1124 1744 1207 1779 in'ltis
1222 1760 1282 1786 qua:
1296 1752 1327 1778 de
1343 1759 1424 1778 carne
1450 1750 1580 1784 loquitur.
1597 1750 1700 1776 indica-

917 1801 966 1833 vit,
980 1801 1026 1827 sed
1044 1799 1228 1826 tantummodo
1243 1797 1426 1832 quadrnpcdia
1439 1802 1463 1823 et
1481 1796 1602 1829 repenlia
1616 1801 1643 1822 et
1659 1796 1702 1822 be-

917 1847 985 1874 stias
1002 1851 1091 1872 terrm.
1122 1844 1276 1870 Secundum
1301 1843 1365 1870 illud
1393 1849 1488 1876 nempe
1511 1841 1581 1875 quod
1599 1841 1700 1867 dictum

918 1898 958 1922 est
972 1893 1005 1920 ab
1019 1893 1147 1927 Apostolo
1160 1891 1192 1923 ιδ,
1209 1891 1271 1925 quia
1290 1898 1341 1916 nou
1367 1888 1468 1914 habitat
1492 1888 1519 1914 in
1543 1895 1621 1914 carne
1645 1895 1702 1914 mea

918 1939 1024 1970 bonum,
1038 1942 1064 1965 et
1079 1937 1142 1972 quia
1157 1935 1287 1970 sapientia
1314 1933 1401 1960 carnis
1422 1933 1529 1959 inimica
1543 1937 1580 1959 est
1596 1932 1649 1959 Deo
1669 1933 1701 1961 “,

918 1985 968 2012 ista
988 1984 1114 2011 nimirum
1129 1986 1203 2014 sunt,
1219 1989 1278 2016 qua:
1299 1985 1382 2012 terra,
1403 1979 1503 2016 idest,
1526 1986 1588 2005 caro
1612 1983 1701 2005 nostra

918 2029 1054 2064 producit,
1070 2028 1102 2055 de
1118 2014 1339 2062 quibusrursum
1361 2014 1504 2058 Apest'olus
1524 2022 1644 2057 pra-cipit
1667 2023 1704 2048 di-

918 2083 982 2102 cens
999 2075 1021 2090 ¹¹⁵
1037 2083 1044 2101 :
1060 2073 1216 2106 Mortiﬁcate
1231 2071 1345 2098 membra
1368 2076 1451 2096 ucstra
1472 2076 1529 2103 qua:
1544 2072 1604 2094 sunt
1627 2076 1704 2102 super

919 2127 1028 2152 terram,
1050 2118 1258 2154 fornicationem.
1272 2115 1476 2146 immunditiam,
1500 2113 1703 2146 impudicitiam,

920 2167 1072 2198 auaritiam,
1099 2164 1290 2195 idololatriam,
1308 2166 1334 2189 et
1352 2165 1459 2188 ctetera.
1479 2159 1545 2186 Cum
1563 2167 1628 2192 ergo
1647 2158 1704 2184 lucc

76 2219 222 2253 Apostolus
238 2218 304 2245 dicit
318 2217 340 2248 ⁷,
355 2215 418 2250 quia
442 2223 515 2242 nemo
530 2219 683 2246 coronatur,
703 2213 752 2239 nisi
765 2212 809 2247 qui
829 2212 866 2238 le—
884 2220 905 2247 [)
920 2213 1007 2241 omnia
1020 2213 1114 2240 ﬁerent
1124 2219 1183 2246 qua:
1192 2209 1402 2243 videnturjussu
1413 2207 1457 2233 Dei
1467 2205 1523 2232 ﬁeri
1533 2203 1704 2240 pcrYt-rbum

77 2266 164 2298 gitime
178 2264 328 2291 certaverit.
346 2263 379 2289 Et
396 2268 489 2288 revera
502 2260 636 2294 quomodo
649 2259 702 2286 erit
718 2264 866 2289 certamen,

78 2312 100 2337 si
119 2319 170 2337 non
192 2309 278 2337 fuerit
294 2309 339 2343 qui
362 2307 490 2335 resistat?
505 2306 626 2340 Quantus
644 2306 724 2332 decor
737 2308 762 2331 et
778 2303 867 2338 splen-

81 2357 129 2384 dor
146 2358 181 2384 sit
196 2356 267 2383 lucis
284 2363 338 2382 non
354 2355 567 2388 dignoscerelur,
586 2351 637 2379 nisi
655 2350 807 2378 obscuritas
824 2350 866 2376 iu—

81 2403 231 2430 tcreedcret
245 2402 346 2429 noctis.
364 2400 442 2428 Unde
456 2399 537 2434 aliqui
560 2399 585 2425 in
608 2398 734 2426 castitate
755 2395 866 2423 laudan-

82 2456 135 2482 tur,
154 2450 206 2476 nisi
222 2448 287 2483 quia
304 2447 350 2474 alii
375 2454 424 2480 pro
441 2444 610 2479 impudicitia
626 2441 866 2471 condemnamur?

83 2495 156 2523 L'nde
172 2495 223 2522 viri
247 2494 332 2521 fortes
349 2491 599 2526 Iuaguilicarcntur,
628 2489 678 2516 nisi
704 2488 865 2515 exsisterent

83 2541 227 2569 imbecilles
247 2544 275 2566 et
294 2537 403 2566 timidi?
432 2536 461 2563 Si
494 2543 614 2563 amarum
640 2534 779 2566 adhibeas,
803 2538 866 2559 tunc
901 2568 903 2570 ι

84 2587 159 2614 dulce
169 2586 285 2613 ellicitur
299 2583 476 2611 laudabilius.
496 2581 524 2609 Si
536 2587 624 2608 atrum
640 2579 867 2610 consideraveris,

86 2633 197 2666 gratiora
212 2632 260 2660 tibi
274 2639 335 2666 qua:
357 2630 435 2657 clara
454 2627 703 2655 Sunt'vidcbuntur.
717 2625 750 2651 Et
766 2631 795 2651 ut
807 2625 869 2651 bre-

85 2679 149 2705 viter
164 2678 262 2711 dicam,
276 2685 310 2705 ex
325 2675 462 2704 malorum
485 2672 703 2700 consideraticnc
723 2671 806 2698 decus
820 2671 868 2697 bo-

320 2782 331 2797 ⁸
346 2777 486 2810 ll)id.,‘2‘2,
499 2777 545 2803 ‘25.

322 2817 383 2842 bid.
421 2815 465 2842 Ql.
497 2813 541 2839 25.

116 2779 281 2812 ⁵6ρη.ι,21.

88 2817 166 2845 ’lbid.
181 2819 224 2845 ‘32.
271 2817 293 2833 ¹⁰
310 2817 383 2844 Ibid.

90 2859 125 2882 ιιι,
144 2854 166 2881 5.

595 2812 613 2826 ¹¹
643 2811 709 2838 ibid.
736 2811 778 2836 20.

582 2777 593 2792 ⁸
609 2776 677 2802 [’sal.
693 2783 752 2805 cui,
768 2774 810 2801 26.
842 2773 852 2788 ⁸
864 2773 961 2800 Cenes.
978 2780 996 2803 l,
1011 2771 1056 2798 ‘2].

595 2812 613 2826 “
644 2811 709 2835 ΗΜ.
736 2811 778 2835 20.
820 2809 839 2824 ¹²
857 2807 922 2835 Ibid.
944 2807 988 2833 2i.
1047 2807 1053 2821 ‘

922 2260 989 2294 ejus,
998 2263 1023 2286 et
1036 2265 1123 2292 pracpa
1130 2261 1234 2284 rarctur
1245 2257 1393 2283 immensus
1405 2253 1455 2280 iste
1465 2257 1491 2279 et
1504 2251 1616 2278 visibilis
1629 2258 1706 2276 Inun-

920 2305 980 2336 dus,
990 2303 1069 2330 simul
1079 2308 1168 2328 autem
1183 2307 1209 2327 et
1224 2307 1272 2335 per
1282 2298 1418 2334 allegoria:
1428 2297 1539 2331 figurant
1553 2294 1711 2322 ostendere-

921 2355 964 2377 ιιιι·
977 2357 1037 2384 qua:
1049 2353 1140 2376 essent
1150 2355 1210 2381 qum
1221 2351 1354 2373 CXOI‘IIQI‘C
1365 2348 1474 2378 possent
1483 2343 1613 2369 tninorcm
1627 2349 1706 2367 lllUll—

919 2396 992 2427 dum,
1009 2395 1034 2422 id
1054 2399 1105 2426 est,
1121 2393 1267 2425 hominem,
1286 2389 1414 2424 tuncjani
1436 2389 1493 2422 ipse
1523 2388 1605 2415 homo
1628 2394 1705 2413 erea-

921 2447 964 2468 tur
984 2441 1131 2468 secundum
1147 2447 1178 2467 ca
1194 2446 1254 2473 qua;
1274 2438 1300 2464 in
1325 2435 1553 2470 consequentibus
1570 2433 1706 2460 declaran-

918 2494 971 2515 lUl‘.

956 2533 1000 2559 12.
1017 2532 1051 2559 Et
1065 2532 1133 2559 dixit
1154 2531 1223 2558 Deus
1241 2540 1249 2558 :
1268 2529 1410 2556 Faciamus
1434 2527 1563 2558 hominem
1583 2525 1617 2551 ad
1640 2518 1707 2551 ima;

921 2579 1006 2614 ginem
1023 2584 1046 2605 at
1067 2573 1267 2605 similitudinem
1284 2568 1412 2606 nostram,
1434 2578 1456 2600 et
1472 2571 1646 2606 principatum
1661 2577 1706 2604 gi:—

922 2630 962 2651 rat
981 2625 1093 2659 piscium
1116 2625 1196 2650 muris
1212 2628 1235 2650 et
1257 2623 1389 2650 uoluerunt
1410 2618 1477 2650 mli,
1502 2621 1525 2644 et
1540 2614 1708 2654 (mirantium,

925 2675 946 2696 ct
971 2672 1096 2698 universa:
1112 2677 1200 2702 teri-rc,
1222 2674 1244 2694 et
1261 2667 1375 2695 omnium
1389 2673 1446 2700 qum
1462 2668 1553 2698 repunt
1568 2670 1646 2697 super
1659 2666 1708 2689 ter-

1255 2768 1263 2782 ⁷
1279 2766 1287 2794 l
1301 2766 1370 2793 Tini.
1385 2773 1414 2795 ιι,
1429 2765 1461 2795 δι
1493 2763 1608 2792 l‘Genes.
1626 2769 1646 2790 ι.
1662 2759 1708 2795 ει.

1319 2802 1354 2837 7”
1369 2794 1520 2832 liomavni,
1537 2799 1563 2825 7.
1616 2796 1636 2811 "
1650 2794 1708 2822 Col.

1096 2771 1105 2784 ο
1122 2768 1180 2795 Job.
1196 2776 1214 2795 l.

1047 2807 1067 2821 ’⁵
1088 2805 1166 2832 lion].
1182 2802 1277 2836 “1,18.
