1900 3060
182 164 235 194 {55

937 157 1104 186 ORIGENlS

1756 151 1807 182 liis

182 234 240 252 ram
256 225 288 252 “.
305 224 507 259 Consequeuter
526 222 675 250 secundum
700 230 731 249 ea
757 229 817 256 qua:
842 221 967 256 superius
983 221 1004 247 Α
1017 220 1062 253 qui
1080 225 1143 244 vero
1161 218 1232 244 hunc
1248 222 1409 250 corporeum
1428 209 1522 248 puteui
1534 220 1605 246 esse,
1624 215 1668 248 qui
1687 215 1719 241 ad
1736 215 1809 242 imae

181 271 370 305 exposuimus,
391 270 471 296 talem
495 269 632 296 hominem
647 267 753 302 qualem
774 267 966 301 descripsimus

184 317 244 343 vnit
258 316 440 350 principatum
458 322 551 348 gerere
565 314 755 349 prtedictarum
772 313 929 344 bestiarum,
941 316 968 338 et

183 363 335 394 volucrum,
355 366 382 388 et
404 362 565 395 repentium,
583 359 788 393 quadrupedum
804 363 830 385 et
846 358 966 384 etnniutu

185 407 360 442 reliquorum.
374 407 441 440 Qua:
459 406 575 441 qualiter
598 404 717 439 intelligi
738 411 787 439 per
808 403 966 438 allegoriam

180 454 305 484 debeant,
322 453 507 487 exposuimus,
528 459 589 478 eum
609 451 726 478 diximus
744 450 833 485 juberi
855 457 968 484 aquam,

180 499 207 526 id
221 504 263 526 est
286 503 406 525 utentem
426 498 486 532 ejus
500 497 647 532 spiritalem
665 496 720 532 (61)
743 503 852 523 sensum
867 495 969 531 produ-

179 552 252 577 cere,
269 550 297 572 et
312 549 410 572 terrant
429 551 538 570 sensum
552 543 641 570 carnis
656 543 788 578 proferre,
803 547 832 569 ut
847 542 969 570 domine-

179 594 225 618 tttr
241 590 280 617 eis
304 598 391 622 mens,
408 595 434 617 et
452 598 505 616 non
528 589 572 616 illa
590 589 745 616 dominetur
761 589 795 616 ei.
814 588 876 615 Vult
895 588 968 615 enim

179 634 253 663 Deus
268 640 298 662 ut
310 644 406 670 magna
421 636 470 662 ista
484 635 531 662 Dei
545 635 647 662 iactura
662 635 752 667 homo,
765 638 876 668 propter
888 642 968 668 quem

179 685 206 706 et
215 681 356 706 universus
369 684 475 706 creatus
488 684 529 707 est
544 678 670 711 tuundus,
685 686 736 705 tton
746 678 831 706 solum
843 679 970 705 immacu-

180 724 250 752 latus
259 727 293 753 sit
304 727 337 753 ab
353 727 406 757 his,
422 734 483 761 qua:
502 734 585 762 supra
599 725 908 757 diximus,etimmuuis,
921 725 968 751 sed

179 775 206 798 ct
223 772 376 799 dominetur
394 773 443 800 eis.
462 772 521 800 Jam
536 780 600 800 vero
618 771 701 806 quale
716 770 816 798 animal
827 771 862 798 sit
877 771 967 802 homo,

179 826 213 845 cx
232 819 297 852 ipsis
309 819 458 853 Scriptura:
480 820 652 847 sermonibus
671 818 884 845 consideremus.
909 816 970 844 0m-

179 870 229 890 ttes
253 864 361 898 reliqua:
389 869 521 891 creatura:
541 864 664 898 iussione
687 862 740 898 57
762 863 808 889 Dei
826 864 913 896 tiuut,
929 863 969 889 di-

1019 266 1108 299 ginent
1123 269 1150 290 et
1166 261 1370 289 similitudinem
1387 261 1434 288 Dei
1451 260 1539 288 factus
1555 265 1606 292 est,
1620 261 1702 288 Detttu
1718 261 1807 295 ipsmu

1018 317 1180 344 corporeum
1197 313 1225 335 et
1249 309 1374 335 humana:
1400 308 1494 334 formte
1511 307 1637 334 videntur
1654 307 1806 334 inducere:

1019 357 1088 390 quod
1115 355 1218 383 sentire
1233 355 1266 381 de
1294 354 1348 381 Deo
1371 353 1591 381 manifestissime
1617 353 1728 387 impium
1753 357 1806 380 est.

1019 402 1141 436 Denique
1163 400 1289 428 carnales
1307 400 1352 427 isti
1378 399 1504 426 homines
1520 399 1566 433 qui
1583 399 1748 426 intellectum
1768 399 1808 424 ιιι-

1019 448 1139 474 viuitatis
1154 447 1292 481 ignorant,
1317 446 1403 472 sicubi
1433 445 1458 471 in
1476 445 1626 480 Scripturis
1646 444 1680 472 de
1702 443 1808 471 Deole-

1019 498 1095 528 gunt,
1111 493 1174 528 quia
1204 492 1296 519 calum
1323 492 1389 517 milii
1407 491 1478 518 sedes
1493 497 1541 523 est,
1555 496 1625 517 terra
1641 494 1728 517 autem
1747 498 1808 516 scu-

1020 540 1115 567 bellum
1133 540 1228 574 pedum
1246 546 1364 566 meorum
1380 538 1413 570 ³³,
1439 538 1614 572 suspicantur
1638 537 1720 564 Deum
1751 541 1807 564 tam

1020 586 1139 619 ingentis
1149 593 1208 612 esse
1225 584 1357 618 corporis,
1368 588 1398 610 ut
1411 588 1506 618 putent
1530 584 1592 610 eum
1615 583 1754 610 sedentem
1780 583 1807 609 in

1020 632 1091 659 cielo
1111 632 1193 667 pedes
1209 638 1293 666 usque
1317 633 1350 657 ad
1376 635 1476 657 terram
1493 629 1664 663 protendere.
1690 629 1746 656 lloc
1758 636 1808 655 au-

1023 683 1075 705 tem
1088 679 1221 710 sentiunt,
1249 678 1311 712 quia
1342 685 1395 704 non
1428 677 1527 704 habent
1558 676 1618 702 illas
1636 684 1727 709 aures,
1748 683 1809 710 quae

1020 724 1101 758 digne
1120 725 1225 758 possint
1248 723 1344 750 audire
1364 723 1446 750 verba
1473 722 1518 750 Dei
1547 723 1580 750 de
1611 722 1676 755 Deo,
1689 730 1750 756 quae
1761 729 1810 756 per

1021 769 1190 804 Scriptorum
1219 769 1386 797 referuntur.
1407 769 1483 802 Quod
1504 770 1576 796 enim
1603 769 1691 796 dicit:
1708 767 1809 796 Caium

1021 815 1086 842 mihi
1106 816 1178 842 sedes
1194 821 1244 848 est,
1280 817 1317 843 ita
1341 816 1420 851 digtte
1449 816 1482 843 de
1505 815 1559 842 Deo
1580 815 1752 849 intelligitur,
1781 818 1811 840 ut

1021 862 1143 889 sciamus
1158 862 1221 895 quia
1240 862 1266 888 in
1283 862 1325 889 bis
1340 869 1456 896 quorum
1485 862 1511 889 in
1536 861 1613 888 cmlis
1636 860 1810 887 conversatio

180 915 258 936 cente
270 909 412 944 Scriptura
422 911 441 926 ¹⁷
455 920 461 937 :
477 908 969 943 EtdixitDeus:Fiatﬁrmamemum.
987 912 1007 939 Β
1023 912 1076 940 est,
1095 907 1166 935 Deus
1183 908 1330 943 requiescit
1351 913 1380 936 et
1403 908 1514 936 residet.
1534 907 1564 934 ln
1589 908 1631 935 bis
1646 911 1736 934 autent
1762 906 1809 941 qui

181 954 216 981 Et
237 956 303 982 dixit
324 956 393 983 Deus
408 966 416 983 :
432 957 608 992 Congregelur
625 965 694 992 aqua
710 964 769 991 qua!
790 956 838 983 sub
853 956 916 982 caelo
930 962 967 982 cst

180 1002 207 1028 iu
221 1008 448 1036 congregationem
461 1012 549 1036 unam,
569 1009 593 1030 et
612 1008 735 1037 appareat
746 1002 834 1029 arida.
851 1002 884 1028 Et
900 1002 968 1028 dixit

183 1047 251 1074 Dem
263 1057 272 1075 :
286 1047 420 1075 l’roducat
436 1055 507 1076 terra
519 1050 627 1076 herbam
638 1049 714 1083 fwm';
735 1049 772 1076 ita
784 1049 866 1076 etiam
884 1048 910 1075 in
927 1056 969 1075 re-

182 1093 263 1127 liquis
277 1094 353 1121 dicit.
371 1094 515 1122 Videamus
536 1100 625 1122 autem
652 1103 711 1129 qua:
740 1099 802 1122 sunt
825 1101 885 1129 qua:
912 1095 969 1128 ipse

182 1140 253 1166 Deus
267 1139 343 1172 fecit,
359 1145 385 1168 et
398 1149 446 1175 per
461 1141 517 1168 haec
538 1149 598 1175 qua:
612 1141 769 1175 magnitudo
783 1139 900 1168 hominis
923 1140 969 1172 sit,

181 1187 370 1212 :ttlvertatnus.
395 1186 428 1213 In
443 1187 574 1221 principio
589 1187 650 1220 fecit
672 1187 741 1214 Deus
757 1187 849 1213 caelum
872 1191 895 1212 et
919 1191 970 1212 ter-

182 1239 239 1258 rant
254 1231 286 1259 ¹⁸.
308 1230 441 1258 Similiter
451 1233 489 1258 ait
505 1232 525 1248 "
541 1241 547 1259 :
564 1231 597 1258 Et
611 1232 670 1266 fecit
685 1232 737 1258 duo
753 1231 897 1258 luminaria
912 1240 970 1258 tnu—

181 1285 247 1311 gna.
265 1276 298 1303 Et
312 1284 383 1304 nunc
401 1277 497 1303 iterum
513 1277 537 1292 ²⁰
549 1285 555 1303 :
568 1276 713 1304 Faciamus
732 1277 872 1304 hominem.
889 1276 916 1303 lu
930 1277 972 1304 his

183 1322 248 1349 solis
260 1321 369 1349 iactura
387 1322 471 1357 ipsius
487 1323 532 1349 Dei
544 1322 700 1355 ascribitur,
714 1323 741 1350 in
755 1322 816 1351 aliis
832 1330 896 1351 vero
909 1331 972 1351 nus—

182 1375 284 1402 quam;
300 1368 346 1395 sed
363 1368 548 1395 tantummodo
564 1368 663 1395 ctelum
672 1372 700 1395 et
716 1373 800 1401 terra,
814 1368 854 1396 sol
867 1375 894 1396 et
907 1368 971 1395 luna

184 1422 216 1441 ac
230 1413 327 1446 stellm,
342 1419 370 1441 et
384 1421 456 1441 nunc
469 1413 552 1441 homo
570 1421 586 1440 a
602 1414 655 1441 Deo
675 1413 743 1441 facta
757 1419 819 1441 sunt
834 1413 902 1449 (62).
918 1422 973 1441 om-

184 1460 230 1486 nia
245 1467 310 1486 vero
326 1459 430 1494 reliqua
443 1459 567 1494 jussione
589 1459 648 1494 ejus
670 1459 743 1487 facta
759 1467 820 1487 esse
833 1459 970 1487 dicuntur.

185 1505 224 1532 Ex
241 1505 291 1533 hoc
303 1513 368 1540 ergo
381 1506 523 1533 considera
541 1511 641 1542 quanta
655 1506 690 1533 sit
710 1506 865 1540 magnitudo
887 1506 973 1532 hom?-

186 1551 241 1583 uis,
258 1551 304 1585 qui
319 1557 372 1578 tam
404 1553 509 1587 magnis
530 1552 672 1579 elementis
691 1556 801 1587 tamque
829 1552 972 1586 prmcipuis

1022 953 1109 980 adhuc
1136 959 1275 980 terrenum
1302 955 1470 988 propositum
1496 959 1605 989 gerunt,
1628 954 1721 980 ultima
1747 961 1811 988 pars

1022 999 1080 1033 ejus
1094 999 1271 1034 providentia:
1301 1000 1448 1032 invenitur,
1469 1000 1540 1034 quod
1555 1000 1582 1026 in
1605 1000 1701 1034 pedum
1715 1000 1810 1034 appel-

1023 1045 1124 1073 latione
1140 1046 1288 1081 ﬁguraliter
1302 1046 1447 1073 indicatur.
1465 1047 1502 1074 Ex
1521 1047 1621 1081 quibus
1637 1047 1658 1074 si
1672 1047 1718 1081 qui
1739 1046 1812 1074 forte

1028 1093 1146 1118 studimn
1169 1099 1201 1119 ac
1225 1092 1390 1119 desiderium
1415 1093 1583 1128 sumpserint
1600 1093 1657 1120 lteri
1671 1094 1811 1126 cmiestes,

1023 1137 1191 1172 perfectione
1201 1139 1263 1165 vita:
1279 1143 1306 1165 et
1319 1138 1469 1166 intellectus
1483 1139 1640 1172 altitudine,
1656 1138 1814 1166 eﬂlciuntur

1023 1183 1105 1210 etiam
1122 1183 1170 1217 ipsi
1187 1183 1265 1210 sedes
1276 1183 1333 1215 Dei,
1350 1183 1415 1210 facti
1431 1184 1505 1218 prius
1530 1183 1626 1218 peritia
1653 1188 1680 1211 et
1696 1191 1814 1210 com-er-

1024 1228 1128 1255 satione
1149 1229 1300 1261 cmlestes;
1319 1229 1362 1263 qui
1392 1229 1473 1256 etiam
1502 1230 1595 1256 dicunt
1609 1229 1652 1256 ’δι
1669 1229 1813 1257 Suscilnvil

1025 1282 1071 1301 nos
1082 1282 1140 1301 cum
1153 1273 1272 1306 Christo,
1287 1281 1308 1301 et
1326 1274 1406 1302 simul
1416 1276 1505 1302 sedere
1520 1283 1566 1302 nos
1584 1275 1644 1310 fecit
1659 1277 1685 1302 in
1701 1276 1814 1303 coelesti-

1024 1320 1081 1346 bus.
1097 1319 1152 1347 Sed
1166 1325 1192 1347 et
1208 1320 1246 1347 illi
1260 1327 1374 1354 quorum
1393 1322 1536 1347 thesaurus
1549 1321 1574 1347 in
1591 1321 1660 1349 caelo
1673 1327 1732 1353 est,
1752 1329 1814 1350 etn-

1025 1365 1106 1392 iestes
1119 1365 1170 1392 dici
1185 1371 1298 1400 possunt
1319 1371 1347 1394 et
1376 1365 1454 1393 sedes
1483 1366 1540 1399 Dei,
1569 1367 1698 1402 quoniam
1715 1367 1751 1394 ibi
1771 1371 1814 1396 est

1024 1419 1072 1439 cor
1086 1419 1179 1438 eorum
1195 1413 1239 1439 ubi
1258 1417 1300 1439 est
1314 1414 1457 1440 thesaurus
1474 1421 1579 1440 eorum.
1604 1413 1635 1439 Et
1657 1420 1709 1440 non
1724 1413 1814 1441 solum

1025 1458 1171 1492 requiescit
1186 1466 1267 1493 super
1285 1466 1332 1486 cos
1349 1459 1430 1491 Deus,
1447 1459 1494 1486 sed
1515 1464 1543 1486 et
1567 1459 1702 1486 inhabitat
1717 1459 1743 1486 in
1759 1460 1811 1487 eis.

1025 1505 1054 1533 Si
1065 1513 1128 1533 vero
1153 1510 1243 1533 tantus
1257 1506 1317 1540 quis
1340 1505 1406 1533 cilici
1423 1510 1520 1541 potest,
1533 1511 1561 1533 ut
1577 1506 1663 1541 possit
1677 1505 1812 1535 dicere";

1025 1553 1065 1579 Αη
1093 1553 1277 1578 documentum
1303 1553 1420 1587 quiet-itis
1452 1553 1509 1587 ejus
1539 1553 1584 1587 qui
1610 1553 1638 1579 in
1664 1561 1704 1579 me
1729 1553 1814 1589 loqui-

185 1598 356 1632 ada-quatur,
371 1598 417 1632 qui
440 1598 521 1626 habet
545 1598 677 1625 honorem
690 1598 764 1630 cmli,
777 1602 886 1632 propter
900 1597 971 1631 quod
986 1592 1007 1620 C
1025 1603 1068 1624 tur
1088 1596 1210 1624 Christus
1232 1598 1281 1624 ?'in
1306 1598 1358 1625 hoc
1375 1605 1428 1625 non
1446 1598 1532 1626 solum
1550 1598 1685 1626 inhabitat
1715 1599 1787 1628 Deus
1805 1620 1813 1634 ,

185 1647 213 1670 et
227 1643 358 1670 cmlorum
384 1643 407 1671 el
419 1643 586 1678 promittitur
606 1642 827 1678 rcgnum.llabet
839 1647 867 1670 et
893 1648 972 1670 terra:

187 1689 329 1724 honorem,
349 1691 476 1725 quoniam
498 1691 605 1726 quidem
634 1691 659 1717 in
689 1694 790 1717 terram
816 1691 926 1723 bonam,
945 1695 974 1718 et

187 1741 288 1762 terram
309 1736 432 1763 vivorum
446 1736 572 1763 ﬂuentem
593 1736 633 1763 lae
644 1741 672 1763 et
688 1736 739 1763 mel
753 1736 857 1770 ingredi
869 1741 971 1770 sperat.

187 1780 274 1809 liabet
288 1782 417 1809 honorent
435 1782 501 1810 solis
514 1787 542 1809 et
558 1782 639 1815 lunae,
664 1781 767 1810 habens
789 1781 974 1816 repromissio-

187 1835 248 1854 nem
262 1828 364 1863 fulgere
381 1830 452 1857 sicut
468 1830 509 1857 sol
525 1831 550 1857 in
566 1837 647 1865 regno
659 1829 717 1856 Dei.

223 1874 266 1901 i3.
282 1874 349 1902 lllud
371 1883 436 1902 sane
455 1875 536 1902 etiam
564 1875 727 1902 eminentius
756 1874 783 1900 in
815 1874 975 1901 conditione

187 1920 307 1948 hominis
329 1921 417 1952 video,
437 1921 508 1956 quod
536 1921 600 1948 alibi
627 1929 679 1949 non
697 1921 806 1950 invenio
823 1921 972 1949 dictum“:

188 1965 223 1994 Et
243 1967 303 2001 fecit
319 1966 388 1994 Deut
401 1967 542 1998 hominem,
554 1967 588 1993 ad
605 1967 745 2001 imaginem
764 1967 812 1994 Dei
829 1967 889 1996 fecit
903 1975 973 1993 eum.

187 2012 266 2046 Quod
281 2021 369 2047 neque
383 2014 409 2039 in
423 2013 504 2045 cmlo,
528 2020 615 2047 neque
629 2014 655 2039 in
672 2018 756 2044 terra,
773 2021 859 2048 neque
872 2013 899 2039 in
920 2012 975 2040 sole

189 2059 232 2085 vel
246 2058 306 2084 luna
322 2058 475 2085 invenimus
487 2058 733 2093 ascriptum._llunc
744 2065 812 2085 sane
826 2057 975 2091 hominem,

189 2111 270 2137 quem
286 2103 351 2130 dicit
367 2104 400 2130 ad
417 2104 561 2138 imaginem
587 2104 634 2132 Dei
648 2104 761 2138 factum,
776 2113 828 2132 non
845 2104 975 2139 intelligi-

191 2157 250 2176 mus
262 2150 432 2184 corporalem
457 2150 524 2187 (65).
549 2150 608 2178 Non
626 2151 697 2178 enim
712 2151 834 2186 corporis
859 2151 976 2186 ﬁgmen-

192 2201 248 2222 tum
266 2197 313 2224 Dei
337 2197 481 2231 imaginem
494 2197 625 2230 continet,
640 2205 727 2232 neque
740 2197 827 2225 factus
841 2205 903 2225 esse
915 2205 976 2225 eor-

191 2242 292 2276 poralis
310 2243 392 2270 homo
411 2243 520 2276 dicitur,
537 2245 583 2271 sed
608 2243 769 2278 plasmatus,
783 2243 854 2270 siettt
868 2243 894 2270 in
908 2250 975 2270 eon-

191 2289 371 2323 sequeutibus
386 2290 515 2324 scriptum
541 2295 593 2318 est.
616 2290 661 2317 Ait
675 2290 746 2317 enim
773 2289 795 2304 ¹¹
809 2298 816 2316 :
829 2288 975 2316 Plasmavit

192 2333 263 2362 Deus
284 2335 425 2362 hominem.
442 2335 469 2362 ld
485 2341 526 2362 est
545 2336 622 2363 ﬁnxit
643 2335 676 2363 de
693 2340 771 2364 terra:
791 2336 866 2364 limo.
887 2335 912 2362 ls
928 2342 977 2361 au-

193 2386 246 2408 tem
264 2381 309 2416 qui
326 2382 359 2408 ad
370 2382 515 2417 imaginem
533 2383 579 2410 Dei
591 2383 678 2410 iactus
694 2388 734 2409 est
748 2388 775 2410 el
789 2383 821 2410 ad
849 2380 976 2409 similitu-

192 2428 283 2455 dinem
300 2427 368 2464 (64).
386 2429 498 2455 interior
514 2429 594 2456 homo
610 2433 704 2456 noster
719 2433 771 2461 est,
789 2427 932 2454 invisibilis
949 2431 977 2452 et

193 2473 385 2508 incorporalis,
403 2475 618 2508 etiueorruptus
643 2480 724 2509 atque
749 2473 918 2501 immortalis.
947 2470 975 2498 In

192 2520 234 2548 his
248 2521 320 2548 enim
343 2521 440 2548 talibus
465 2521 512 2549 Dei
538 2522 625 2556 imago
652 2521 751 2548 rectius
767 2519 934 2554 intelligitur.
948 2517 976 2544 Si

220 2577 390 2610 “Gen.t.‘_’6.
411 2579 564 2612 "ib.,6—ll.
584 2579 692 2609 “ibid.,
706 2579 733 2605 1.
772 2577 793 2593 ¹⁹
806 2575 943 2612 ἰΙιίίιηλϋ.

196 2620 269 2644 LXVI,
289 2615 314 2642 1.
356 2614 380 2629 ¹⁸
397 2614 496 2648 Ephes.
512 2622 551 2647 ιι,
573 2615 599 2640 6.
651 2613 674 2629 ’³
693 2614 711 2640 ll
729 2612 790 2648 Cor.
808 2619 867 2641 xttt.
885 2611 912 2637 5.

195 2648 218 2664 ”
233 2649 336 2676 Culoss.
352 2656 371 2680 ι,
389 2645 431 2676 15.
470 2649 492 2665 ⁸⁸
509 2645 577 2677 Heb.
591 2657 610 2682 I,
635 2649 662 2676 5.
700 2649 721 2664 ³³
735 2647 814 2676 Joan.
840 2653 895 2679 xw,
911 2645 985 2678 9,10.

233 2716 290 2751 (6|)
307 2715 466 2750 Spiritalem.
489 2717 552 2744 "rec
579 2725 628 2744 vox
655 2717 729 2744 deest
753 2718 779 2744 in
804 2722 883 2744 antea
901 2717 979 2745 editis

201 2752 286 2784 libris,
299 2753 344 2778 sed
362 2752 476 2778 habetur
491 2752 515 2779 itt
534 2760 600 2780 utss.
619 2757 646 2779 et
660 2753 814 2780 necessaria
828 2758 869 2780 est
880 2758 909 2779 ut
925 2759 979 2778 res-

199 2787 314 2825 pondeat
325 2787 402 2813 alteri
415 2787 546 2820 membro,
560 2792 584 2814 et
599 2792 695 2814 terram
708 2796 814 2815 sensum
827 2789 913 2814 carnis
923 2795 981 2822 pro-

200 2824 293 2892 Ιαίὲᾖ)
309 2856 379 2892 Mssu
398 2855 468 2888 facta
483 2862 554 2888 sunt;
570 2857 634 2884 libb.
651 2857 728 2888 editi.
741 2858 827 2892 factus
847 2863 895 2884 eet.

236 2891 293 2926 (63)
311 2891 369 2918 Non
395 2892 565 2926 intelligimus
595 2893 766 2927 corporalem.
799 2894 834 2921 De
865 2893 980 2928 imagine

996 2574 1018 2589 ’⁸³
1035 2574 1100 2601 ibid.
1115 2574 1160 2601 26.

968 2609 991 2625 ’θ
1007 2609 1078 2636 Psal.
1096 2617 1172 2643 xvnt,
1194 2611 1217 2638 l.

1025 1644 1073 1671 sed
1096 1644 1178 1670 etiattt
1205 1643 1363 1670 inambulat.
1387 1645 1421 1672 Et
1455 1650 1597 1681 propterea
1619 1646 1733 1680 perfecti
1753 1648 1815 1682 (ιυί-

1024 1695 1076 1723 que
1097 1689 1222 1717 cmlestes
1245 1689 1325 1723 iacti,
1341 1690 1383 1717 vel
1400 1691 1462 1718 εωΙί
1485 1691 1582 1723 eﬂ'ecti,
1601 1698 1732 1720 enarrant
1754 1693 1817 1728 glo—

1025 1735 1093 1762 riam
1121 1735 1180 1768 Dei,
1206 1737 1278 1764 sicut
1305 1737 1330 1764 in
1359 1737 1471 1766 Psalmo.
1493 1739 1592 1766 dicitur
1610 1740 1644 1767 ".
1668 1739 1817 1774 Propterea

1025 1781 1141 1816 denique
1170 1783 1283 1817 apostoli
1309 1783 1356 1818 qui
1391 1789 1470 1810 erant
1504 1784 1583 1816 colli,
1609 1786 1750 1812 mittuntur
1779 1787 1815 1813 ad

1025 1829 1208 1856 enarrandum
1237 1830 1350 1862 gloriam
1381 1830 1446 1863 Dei,
1471 1834 1498 1857 et
1531 1830 1678 1867 Boauerges
1713 1839 1817 1860 nomen

1026 1875 1172 1910 accipittnt,
1196 1876 1268 1910 quod
1294 1879 1336 1903 est
1361 1875 1411 1910 ﬁlii
1437 1875 1638 1908 tonitrui",ut
1667 1884 1715 1912 per
1743 1879 1818 1905 toni-

1027 1922 1080 1948 trui
1102 1927 1280 1956 potestatem,
1301 1929 1366 1949 vere
1390 1929 1437 1950 eos
1465 1922 1549 1949 culos
1572 1929 1634 1950 esse
1658 1923 1816 1952 credamus.

1027 1966 1101 1994 Fecit
1122 1976 1186 2003 ergo
1210 1967 1281 1995 Deus
1307 1968 1448 2001 hominem,
1463 1969 1498 1995 ad
1519 1969 1660 2003 imaginem
1683 1969 1730 1996 Dei
1751 1969 1817 2004 fecit

1027 2013 1101 2039 illum
1127 2014 1159 2041 ’⁸.
1189 2013 1302 2048 Oportet
1327 2021 1376 2040 nos
1399 2013 1492 2040 videre
1510 2021 1569 2048 quae
1596 2018 1637 2042 est
1666 2014 1716 2041 ista
1744 2015 1816 2042 ima-

1026 2066 1060 2094 go
1073 2059 1128 2094 (65)
1147 2059 1206 2092 Dei,
1223 2063 1249 2086 et
1265 2059 1421 2094 perquirere
1441 2059 1473 2086 ad
1485 2059 1564 2094 cujus
1575 2060 1701 2095 imaginis
1717 2061 1819 2088 simili-

1027 2105 1147 2132 tudinem
1174 2106 1255 2132 homo
1275 2104 1362 2132 iactus
1383 2109 1433 2132 est.
1454 2104 1512 2132 Non
1537 2106 1610 2132 enim
1637 2107 1724 2140 dixit,
1747 2108 1817 2142 quia

1027 2149 1093 2177 fecit
1105 2150 1174 2177 Deus
1187 2150 1334 2178 hominem.
1349 2152 1382 2178 ad
1398 2151 1543 2186 imaginem
1559 2156 1586 2178 et
1605 2151 1815 2179 similitudinem

1027 2203 1113 2227 suam,
1138 2197 1185 2222 sed
1198 2217 1205 2228 ,
1219 2196 1253 2222 ad
1278 2196 1417 2231 imaginem
1438 2197 1486 2223 Dei
1498 2197 1558 2230 fecit
1586 2198 1671 2224 illum.
1693 2197 1758 2231 Qua:
1774 2204 1820 2227 est

1029 2249 1095 2275 ergo
1113 2241 1165 2268 alia
1186 2242 1276 2276 imago
1292 2242 1337 2269 Dei
1352 2242 1385 2269 ad
1401 2243 1478 2277 cujus
1500 2243 1627 2277 imaginis
1657 2243 1819 2272 similitudi-

1031 2294 1092 2313 nem
1109 2286 1196 2313 iactus
1212 2294 1254 2314 est
1268 2288 1360 2321 homo,
1375 2289 1426 2316 nisi
1451 2289 1580 2316 Salvator
1594 2295 1697 2322 uoster,
1711 2291 1758 2325 qui
1773 2297 1819 2318 est

1029 2332 1216 2368 primogenitae
1251 2335 1334 2362 omnis
1362 2342 1489 2363 creatura:
1513 2337 1535 2352 ¹⁹
1563 2338 1576 2363 .9
1601 2338 1633 2364 de
1663 2345 1717 2372 quo
1745 2339 1821 2365 scri-

1030 2382 1103 2412 ptum
1130 2383 1183 2411 est,
1207 2380 1269 2414 quia
1288 2381 1324 2408 sit
1349 2381 1473 2415 splendor
1490 2384 1581 2409 (ειενηί
1607 2384 1725 2417 luminis,
1741 2391 1766 2411 et
1781 2386 1821 2419 ﬁ-

1029 2431 1096 2457 gnra
1117 2433 1241 2458 expressa
1256 2428 1410 2455 substantia:
1431 2429 1478 2457 Dei
1494 2430 1527 2463 “,
1540 2432 1601 2465 quia
1615 2437 1641 2458 et
1656 2432 1714 2466 ipse
1733 2433 1767 2459 de
1787 2439 1821 2460 se

1030 2469 1095 2496 dicit
1110 2470 1143 2497 “2
1161 2471 1215 2506 Ego
1227 2473 1254 2499 in
1271 2472 1359 2506 Patre,
1375 2480 1398 2501 et
1421 2473 1500 2502 Pater
1519 2477 1544 2502 in
1560 2485 1616 2509 nte;
1631 2483 1652 2503 et
1668 2478 1713 2512 qui
1727 2486 1769 2505 me
1782 2480 1821 2505 ai-

1031 2515 1085 2548 det,
1100 2517 1166 2543 videt
1179 2524 1203 2544 et
1223 2518 1341 2547 Patrem.
1358 2520 1434 2548 Sicut
1454 2523 1525 2549 enim
1538 2523 1583 2557 qui
1603 2523 1698 2550 viderit
1716 2525 1819 2559 imagi-

1215 2576 1236 2591 “
1258 2576 1333 2608 ibid.,
1344 2577 1389 2606 ‘27.

1727 2580 1750 2595 ¹³
1763 2580 1818 2608 lsa.

1569 2615 1591 2629 “
1605 2619 1702 2642 belles.
1724 2623 1731 2641 ι
1744 2635 1752 2648 ,
1769 2615 1818 2644 27.

1440 2579 1462 2594 ²¹
1486 2578 1583 2606 Cenes.
1603 2587 1633 2610 It,
1649 2580 1675 2606 7.

1268 2611 1289 2626 ’7
1305 2612 1388 2639 Marc.
1411 2621 1459 2647 ιιι,
1475 2613 1516 2641 17.

1029 2717 1076 2744 Dei
1093 2718 1117 2743 in
1132 2715 1241 2745 homine
1257 2719 1386 2751 impressa
1401 2719 1464 2753 quid
1476 2719 1601 2753 opinatus
1620 2717 1655 2743 sit
1670 2717 1820 2752 Origenes.

1030 2726 1076 2744 uel
1093 2726 1117 2743 Ill
1132 2726 1241 2745 nonnne
1258 2726 1386 2751 Impressa
1401 2726 1464 2753 quid
1476 2726 1492 2746 o
1514 2726 1601 2745 tnatus
1620 2726 1655 2743 su
1670 2726 1820 2752 urtgenes.

1030 2753 1130 2779 videsis
1159 2754 1228 2786 apud
1257 2753 1469 2780 illustrissimum
1495 2726 1621 2780 ﬁdetium
1636 2752 1821 2786 Urigeniano-

1029 2795 1087 2814 rum
1099 2787 1144 2822 lib.
1163 2795 1193 2820 ιι,
1207 2793 1304 2822 quiest.
1318 2788 1363 2819 12,
1380 2796 1455 2815 num.
1472 2788 1498 2815 9.

1061 2821 1118 2856 (64)
1133 2822 1168 2848 Et
1179 2821 1441 2850 ad’siniilitudinem.
1456 2823 1517 2850 llaec
1528 2830 1587 2857 qum
1597 2823 1622 2849 iu
1638 2828 1718 2849 antea
1734 2822 1820 2850 editis

1029 2857 1129 2885 omissa
1148 2862 1219 2888 sunt,
1233 2858 1391 2891 supplentur
1406 2866 1420 2885 e
1436 2866 1499 2884 mss.

1066 2892 1121 2927 (65)
1135 2891 1200 2924 Qliil'
1211 2898 1247 2920 cst
1261 2892 1311 2920 ista
1328 2894 1423 2928 imago.
1438 2893 1464 2920 ltt
1478 2898 1554 2921 antea
1567 2893 1646 2920 editis
1664 2893 1738 2920 deest
1751 2895 1817 2920 tua.
