1900 3060
73 145 119 173 157

689 147 719 174 IN
740 146 888 175 GENESIM
909 147 1053 175 nostth
1073 148 1092 175 l.

1648 149 1699 175 £53

70 213 129 233 nem
143 205 275 240 alicujus,
290 205 363 233 videt
379 213 440 233 cum
452 204 528 239 cujus
550 207 640 241 imago
652 211 703 239 est,
719 208 756 234 ita
771 211 798 234 et
815 215 863 242 per
877 210 900 238 Α
915 207 980 234 dixit
1003 216 1045 234 eos
1071 207 1140 234 Deus
1170 206 1279 233 dicens:
1295 205 1408 233 Crescite
1436 211 1458 232 et
1474 207 1696 241 multiplicamini,

73 251 191 278 Verbum
206 251 267 284 Dei,
285 259 346 286 quae
370 257 410 280 est
431 252 519 286 imago
536 252 593 283 Dei.
615 252 696 279 Deum
707 253 766 286 quis
782 253 862 280 videt.

73 296 105 323 Et
123 296 159 322 ita
179 304 276 322 verum
291 297 345 323 erit
359 297 430 331 quod
443 297 511 323 dixit
524 305 530 322 :
548 296 599 329 Qui
612 304 651 323 me
661 297 728 323 uidet
738 317 745 328 ,
758 297 826 324 videt
841 303 864 325 et

74 341 195 368 Patrem.
207 341 249 368 Ad
258 341 340 376 hujus
352 349 416 376 ergo
426 342 551 377 imaginis
562 341 764 369 similitudinem
784 343 864 370 homo

74 388 162 416 factus
192 392 245 419 est,
263 392 291 414 et
315 391 460 421 propterea
486 387 612 414 Salvator
637 392 738 421 noster,
760 389 804 423 qui
823 393 864 415 est

73 433 163 468 imago
173 432 233 465 Dei,
251 432 440 459 misericordia
458 437 548 459 motus
562 439 611 466 pro
632 432 753 464 homine,
768 433 813 467 qui
830 433 863 459 ad

73 477 130 509 eius
141 477 353 505 similitudinem
370 477 457 505 lactus
474 477 573 509 fuerat,
586 477 680 504 videns
695 485 768 512 eum,
780 476 863 513 depo-

71 523 123 550 sita
136 530 188 550 sua
204 523 330 557 imagine,
347 523 454 558 maligni
470 523 612 557 imaginem
629 523 779 555 induxisse,
805 524 864 558 ipse

71 574 164 596 muns
191 569 399 600 misericordia,
426 569 544 604 imagine
569 569 688 597 hominis
714 574 861 604 assumpta.

72 616 149 642 venit
184 615 219 641 ad
247 621 324 645 eum.
354 615 424 642 sicut
448 615 594 649 Apostolus
621 619 790 643 contestatur
819 616 861 642 di-

70 668 136 688 cens
151 660 174 675 ³¹
190 668 199 688 :
212 660 279 687 Cum
292 661 318 687 in
332 660 418 694 [arma
433 659 480 686 Dei
491 665 567 693 esset,
583 668 635 687 non
654 661 774 695 rapinam
787 660 862 686 arbi-

71 711 161 733 tratus
173 710 210 732 est
224 713 280 733 esse
294 714 320 733 se
335 706 460 741 wqualem
479 706 545 738 Deo,
556 706 602 733 sed
625 706 790 740 semetipsum
807 707 863 733 exi-

72 753 175 780 nanieit
188 752 303 786 formam
317 752 384 778 servi
405 753 536 786 accipiens
556 751 584 778 in
606 752 863 778 similitudinem/ro-

71 799 175 827 minum
190 798 290 833 factus,
301 803 324 824 et
342 798 433 828 habitu
446 798 565 828 inventus
583 802 609 824 ut
628 797 716 829 homo.
737 798 862 824 humilia-

71 845 107 872 υἷι
119 845 291 878 semetipsum
307 852 388 879 usque
410 845 444 870 ad
468 848 587 874 mortem.
615 843 776 878 Quicunque
797 852 862 879 ergo

76 890 193 916 veniunt
204 890 239 917 ad
253 897 327 923 eum,
339 895 365 917 et
390 889 555 917 rationabilis
569 889 693 924 imaginis
715 891 862 925 participes

72 934 142 964 cllici
156 935 280 967 student,
303 943 350 969 per
366 935 516 970 profectum
530 943 607 962 suum
625 936 774 963 secundum
792 937 862 964 inte-

71 980 174 1009 riorem
194 981 333 1008 hominem
351 986 517 1009 renovantur
529 981 648 1016 quotldie
669 981 701 1007 ad
719 982 862 1017 imaginem

70 1026 132 1060 ejus
151 1026 199 1060 qui
217 1025 355 1060 feciteos;
376 1025 412 1052 ita
439 1031 467 1053 ut
497 1026 599 1061 possint
624 1026 778 1055 conformes
803 1033 862 1053 cor-

72 1072 135 1106 pori
153 1071 289 1098 claritatis
307 1071 367 1107 (66)
379 1071 437 1106 ejus
448 1071 528 1105 cllici,
545 1072 591 1099 sed
615 1072 799 1106 unusquisque
815 1079 863 1106 pro

71 1117 181 1144 viribus
191 1117 391 1152 suis.Apostoli
413 1126 443 1145 se
461 1118 493 1145 ad
508 1117 566 1153 ejus
591 1117 794 1145 similitudinem
818 1126 861 1145 re-

72 1163 233 1193 formarunt
250 1163 306 1202 δε
322 1164 347 1190 in
365 1168 468 1190 tantum
482 1170 509 1190 ut
521 1163 579 1198 ipse
595 1164 627 1191 de
646 1165 686 1192 eis
699 1164 802 1192 diceret
819 1165 840 1180 ³²
854 1173 861 1192 :

74 1208 154 1238 Vada
179 1210 215 1236 ad
239 1209 345 1237 Patrem
377 1218 462 1236 meum
488 1215 511 1237 et
542 1211 647 1236 Putrem
675 1216 799 1243 vestrum,
828 1212 862 1238 ad

73 1255 160 1282 Deum
183 1263 270 1282 meum
294 1261 319 1283 et
336 1257 370 1282 ad
387 1257 469 1283 Deum
489 1261 613 1283 vestrum.
642 1257 699 1292 Ipse
725 1264 788 1284 vero
806 1257 862 1291 jam

74 1300 192 1334 petierat
211 1300 317 1328 Patrem
345 1309 394 1336 pro
420 1301 560 1337 discipulis
576 1303 643 1335 suis,
661 1307 688 1329 ut
704 1303 744 1330 eis
767 1304 863 1331 simili-

73 1347 139 1373 tudo
165 1346 280 1381 pristina
294 1347 461 1380 redderetur,
477 1356 537 1375 cum
563 1349 631 1376 dixit
644 1349 666 1365 ³³
680 1358 688 1378 :
704 1349 795 1382 Pater,
815 1351 862 1383 tta,

73 1397 102 1421 ut
122 1392 194 1419 sicut
217 1401 264 1428 ego
284 1399 309 1420 et
338 1399 366 1420 tu
383 1402 464 1424 unum
490 1402 590 1429 sumus,
603 1396 640 1422 ita
651 1400 675 1422 et
689 1397 732 1425 isti
749 1397 777 1423 in
789 1397 863 1424 nobis

73 1445 158 1468 unum
171 1439 236 1465 sint.
253 1438 365 1474 Semper
378 1447 443 1474 ergo
456 1441 608 1468 intueamur
627 1442 704 1469 istam
719 1443 862 1476 imaginem

74 1483 135 1515 Dei,
153 1489 183 1511 ut
198 1486 333 1519 possimus
360 1486 391 1512 ad
413 1486 470 1520 ejus
485 1487 691 1515 similitudinem
710 1488 861 1515 reformari.

74 1530 103 1557 Si
115 1530 189 1556 enim
206 1530 239 1557 ad
255 1531 400 1566 imaginem
417 1531 463 1558 Dei
489 1532 579 1560 factus
595 1533 688 1569 homo,
703 1538 796 1560 contra
814 1542 862 1560 na-
876 1550 897 1578 ο

75 1581 165 1602 turam
183 1576 294 1604 intuens
319 1577 464 1612 imaginem
481 1578 580 1605 diaboli
609 1586 656 1614 per
670 1584 810 1613 peccatum
824 1579 861 1607 si-

73 1621 146 1648 milis
156 1620 217 1654 ejus
230 1621 345 1649 eﬂ'ectus
359 1627 400 1650 est
415 1631 423 1650 :
440 1623 526 1651 multo
544 1625 629 1659 magis
645 1625 752 1653 intuens
770 1626 865 1661 imagi-

79 1673 142 1695 nem
162 1667 222 1698 Dei.
236 1668 269 1696 ad
284 1667 361 1701 cujus
377 1668 582 1701 similitudinem
608 1670 694 1697 factus
707 1675 747 1698 est
763 1678 777 1697 a
796 1671 863 1703 Dco,

75 1719 123 1746 per
132 1711 256 1740 Verbum
270 1719 299 1740 et
311 1714 438 1741 virtutem
450 1715 509 1748 ejus
525 1716 635 1750 recipiet
651 1715 766 1747 formam
791 1717 862 1743 illam

75 1764 134 1790 qua:
148 1757 213 1784 data
226 1758 252 1785 ei
268 1758 357 1786 fuerat
371 1767 420 1794 per
441 1765 576 1788 naturam.
603 1762 656 1789 Sed
671 1769 750 1789 nemo
766 1763 863 1796 despe-

76 1808 116 1830 ret
127 1804 224 1831 videns
236 1804 442 1833 similitudinem
466 1815 542 1833 etiam
557 1808 642 1842 inagis
656 1816 715 1835 esse
729 1816 789 1836 cum
803 1810 864 1836 dia-

75 1847 136 1876 bolo
151 1856 236 1883 quam
258 1857 319 1877 cum
336 1850 402 1883 Deo,
424 1859 503 1886 posse
526 1859 554 1879 se
579 1852 676 1879 iterum
703 1861 864 1887 recuperare

74 1891 190 1919 formam
209 1894 337 1929 imaginis
354 1895 412 1927 Dei,
433 1896 497 1930 quia
518 1905 570 1923 non
587 1898 659 1924 venit
677 1897 801 1927 Salvator
814 1907 862 1926 vo-

73 1945 135 1966 σξη-ε
149 1939 254 1974 justos,
273 1940 320 1966 sed
346 1946 505 1975 peccatores
528 1942 554 1969 iu
573 1943 771 1977 paenitentiam.
794 1944 862 1972 Mat-

75 1986 160 2013 thaeus
173 1986 415 2021 publicanuserat,
428 1993 454 2015 et
468 1989 560 2023 utique
571 1990 660 2024 imago
682 1991 740 2025 ejus
754 1991 862 2020 diabolo

74 2032 170 2059 similis
184 2037 258 2065 erat,
271 2033 318 2060 sed
336 2034 448 2061 veniens
462 2035 494 2061 ad
509 2036 650 2071 imaginem
664 2036 710 2063 Dei
720 2036 862 2065 Dominum

79 2083 106 2104 ct
118 2078 294 2106 Salvatorem
311 2085 445 2112 nostrum,
463 2085 490 2108 et
514 2088 631 2115 sequens
645 2089 715 2115 eam,
733 2084 863 2110 transfor-

75 2128 161 2153 matus
177 2128 221 2155 est
236 2124 269 2150 ad
285 2123 492 2153 similitudinem
522 2126 647 2161 imaginis
670 2128 729 2155 Dei.
747 2127 863 2156 .lacolms

74 2167 196 2197 Zebcdmi
228 2170 310 2201 ﬁlius,
340 2175 367 2198 et
389 2171 508 2200 Joannes
534 2172 619 2200 frater
635 2175 692 2209 ejus
714 2175 862 2208 piscatores

916 258 940 280 et
957 253 1049 287 replete
1065 257 1176 285 terram,
1203 258 1225 279 et
1245 252 1420 278 dontiuamint
1438 253 1464 278 in
1480 260 1510 279 ea
1534 253 1566 279 ³⁵.
1585 254 1697 287 Dignum

915 299 1022 326 videtur
1035 299 1086 326 hoc
1102 299 1128 325 in
1154 299 1213 326 loco
1231 299 1373 333 requirere
1400 299 1549 326 secundum
1566 299 1698 332 litteram,

914 344 1051 379 quomodo
1079 345 1196 370 nondum
1229 343 1300 371 facta
1324 344 1435 371 muliere
1455 344 1519 370 dicit
1535 343 1672 378 Scriptura
1690 353 1698 371 :

914 389 1065 416 Marculum
1083 394 1106 416 et
1128 389 1254 423 [annnam
1278 389 1339 423 fecit
1363 397 1418 416 eos.
1450 389 1634 421 Fortassis,ut
1650 397 1700 424 ego

913 435 1043 467 arbitror,
1063 438 1172 469 propter
1195 435 1409 461 benedictionem
1425 442 1477 468 qua
1501 435 1639 462 benedixit
1653 442 1700 462 eos

914 481 1006 507 dicens
1019 489 1026 507 :
1042 479 1155 507 Crescite
1170 484 1193 506 et
1205 479 1429 512 multiplicamini,
1444 484 1473 513 ει,
1483 479 1577 514 replete
1591 485 1698 511 terram,

912 526 1080 560 praeveniens
1092 525 1164 560 quod
1179 525 1300 552 futurum
1323 530 1394 558 erat,
1409 526 1473 552 dicit
1489 535 1495 552 :
1513 525 1661 552 Marculum
1675 532 1700 552 et

916 572 1040 606 feminam
1055 571 1115 606 fecit
1135 579 1192 604 eos,
1210 571 1338 606 quoniam
1364 571 1472 605 quidem
1483 578 1606 598 crescere
1622 571 1701 598 aliter

913 622 941 644 et
957 616 1131 651 multiplicari
1150 624 1202 644 non
1216 621 1323 651 poterat
1336 617 1427 648 homo,
1441 616 1490 643 nisi
1506 623 1567 642 eum
1585 614 1699 642 femina.

913 663 950 691 Ut
967 670 1031 697 ergo
1046 663 1200 690 benedictio
1212 662 1270 696 ejus
1287 663 1346 690 sine
1362 663 1446 690 dubio
1456 662 1543 689 futura
1561 669 1623 689 esse
1639 670 1700 690 cre-

913 709 1034 742 deretur,
1047 709 1085 736 ait
1103 719 1108 736 :
1130 707 1281 735 Masculum
1305 713 1328 735 et
1350 708 1475 743 feminam
1500 708 1561 742 fecit
1574 716 1627 735 eos.
1645 708 1702 734 Hoc

914 761 1032 788 namque
1048 754 1127 781 tnodo
1151 754 1233 784 homo
1249 754 1344 780 videns
1370 753 1511 780 crescendi
1531 758 1556 780 et
1573 753 1702 786 multipli-

912 798 992 825 candi
1019 798 1240 832 consequentiam
1255 805 1315 825 esse
1339 806 1371 825 ex
1386 806 1429 829 eo,
1451 799 1523 832 quod
1550 798 1574 824 ei
1600 798 1701 824 femina

911 844 1086 879 jungebatur,
1105 844 1250 872 certiorem
1265 852 1338 879 spem
1354 849 1567 880 gereropoterat
1585 845 1610 871 iu
1621 844 1702 871 bene-

880 883 900 912 Β
916 889 1033 916 dictione
1047 890 1149 917 divina.
1178 889 1206 916 Si
1219 890 1291 916 enim
1311 890 1424 917 dixisset
1458 889 1599 924 Scriptura
1614 897 1623 914 :
1635 888 1702 916 Cre-

913 934 978 960 scite
991 938 1014 960 et
1036 934 1249 968 multiplicamini
1271 939 1293 961 et
1312 935 1408 969 replete
1424 939 1533 966 terram,
1547 939 1569 960 et
1579 934 1703 961 domina-

913 980 980 1006 mini
993 981 1019 1006 in
1028 989 1068 1012 ea,
1083 988 1135 1006 non
1152 979 1282 1013 adjiciens
1295 980 1356 1013 hoc,
1373 980 1436 1014 quia
1453 980 1599 1006 masculum
1619 984 1644 1007 et
1663 980 1702 1014 fe-

913 1027 1011 1053 minam
1023 1026 1083 1059 {ecit
1098 1034 1153 1058 eos,
1168 1026 1262 1059 utique
1288 1026 1469 1053 benedictioni
1498 1026 1596 1053 divinre
1611 1027 1701 1054 incre-

913 1071 992 1099 dulus
1005 1071 1166 1103 exstitisset,
1183 1071 1289 1098 sicutet
1301 1069 1384 1097 Maria
1402 1072 1434 1098 ad
1450 1079 1510 1098 eam
1534 1070 1701 1098 benedictio-

913 1125 974 1144 nem
991 1125 1043 1151 qua
1055 1117 1269 1144 benedicebatur
1283 1118 1317 1145 ab
1330 1117 1438 1152 angelo,
1448 1118 1486 1144 ait
1501 1117 1523 1133 ³⁸
1540 1127 1546 1144 ;
1564 1117 1702 1149 Quomodo

914 1163 995 1189 uiam
1010 1163 1058 1189 hoc
1083 1162 1162 1198 (67)?
1182 1162 1307 1197 quoniam
1328 1162 1413 1189 virum
1431 1170 1482 1189 non
1497 1170 1633 1196 cognosco.
1649 1162 1703 1188 Aut

917 1209 1033 1236 fortasse
1044 1208 1109 1242 quia
1137 1209 1228 1236 omnia
1256 1215 1345 1243 quaea
1361 1207 1417 1235 Deo
1436 1207 1507 1234 facta
1534 1213 1608 1240 sunt,
1637 1215 1703 1234 cett-

911 1253 1004 1289 juncta
1022 1262 1049 1281 et
1060 1255 1248 1288 compaginata
1263 1254 1401 1285 dicuntur,
1419 1260 1447 1280 ut
1462 1254 1560 1281 cmlum
1577 1259 1603 1281 et
1616 1259 1700 1286 terra,

913 1304 940 1327 et
957 1300 997 1327 sol
1010 1304 1036 1327 et
1055 1300 1135 1332 luna;
1154 1300 1190 1327 ita
1205 1306 1275 1333 ergo
1288 1303 1316 1326 ut
1330 1299 1519 1327 ostenderetur
1533 1300 1659 1334 quoniam
1675 1304 1702 1327 et

914 1345 996 1372 homo
1010 1345 1056 1372 Dei
1068 1353 1135 1380 opus
1149 1351 1201 1379 est,
1215 1349 1242 1372 et
1256 1352 1309 1372 non
1325 1344 1384 1372 sine
1403 1346 1559 1377 harmonia,
1577 1345 1618 1372 vel
1627 1353 1701 1372 com-

914 1391 1016 1425 petenti
1045 1391 1237 1425 cornjuuctione
1264 1390 1386 1425 prolatus
1402 1397 1453 1423 est.
1483 1390 1585 1418 idcirco
1600 1398 1701 1425 praeve-

913 1437 990 1464 niens
1013 1436 1073 1464 ait:
1093 1437 1242 1465 Masculum
1267 1446 1290 1465 et
1321 1438 1446 1473 feminam
1469 1436 1528 1471 fecit
1552 1444 1605 1463 eor.
1635 1436 1697 1463 lla-c

913 1483 1022 1516 quidem
1037 1482 1071 1509 ad
1085 1490 1144 1510 eam
1157 1484 1336 1518 quaestionem
1349 1483 1420 1511 dicta
1435 1486 1509 1515 sunt,
1524 1489 1584 1515 quae
1602 1489 1700 1508 secun-

915 1527 976 1554 dum
989 1527 1108 1555 litteram
1122 1529 1236 1563 proferri
1252 1533 1350 1564 potest.

951 1573 994 1601 15.
1012 1573 1156 1602 Videamus
1166 1580 1255 1602 autem
1277 1576 1358 1602 etiam
1383 1582 1431 1610 per
1460 1573 1617 1608 allegoriam
1632 1580 1700 1606 quo-

915 1620 1039 1648 modoad
1054 1621 1198 1656 imaginem
1226 1621 1272 1648 Dei
1299 1622 1378 1648 homo
1407 1621 1494 1648 factus
1523 1619 1659 1647 masculus
1673 1623 1700 1646 et

915 1666 1016 1693 femina
1047 1671 1097 1694 est.
1119 1667 1235 1694 Interior
1268 1667 1349 1694 homo
1373 1672 1466 1695 noster
1489 1674 1521 1694 ex
1549 1667 1645 1700 spiritu
1674 1670 1701 1692 et

915 1714 1003 1740 auitna
1027 1719 1142 1741 constat.
1164 1714 1300 1741 Masculus
1324 1715 1436 1749 spiritus
1465 1715 1574 1746 dicitur,
1601 1714 1699 1740 femina

916 1760 1005 1786 anima
1025 1765 1113 1794 potest
1133 1762 1295 1795 nuncupari.
1320 1762 1384 1789 Htcc
1399 1762 1421 1788 si
1438 1761 1614 1788 concordiam
1628 1759 1701 1786 inter

914 1812 944 1832 se
958 1805 1074 1832 habeant
1088 1810 1115 1832 et
1128 1813 1301 1839 consensum,
1312 1806 1501 1833 convenientia
1517 1806 1587 1832 inter
1600 1812 1629 1832 se
1643 1805 1700 1839 ipsa

915 1855 1041 1878 crescunt
1055 1855 1082 1878 et
1099 1850 1324 1884 multiplicantur,
1349 1855 1533 1886 generantque
1550 1850 1619 1877 lilios
1638 1857 1700 1877 seu-

914 1903 961 1924 sus
973 1896 1069 1928 bonos,
1080 1901 1107 1923 et
1124 1896 1276 1923 intellectus
1287 1897 1327 1923 vel
1342 1896 1522 1931 cogitationes
1536 1896 1628 1926 utiles.
1651 1902 1700 1929 per

915 1951 974 1977 qua:
999 1942 1122 1976 repleant
1143 1947 1255 1975 terram,
1285 1946 1313 1969 et
1333 1942 1509 1969 dominentur
1531 1941 1558 1968 in
1578 1949 1628 1973 ca;
1649 1941 1700 1968 hoc

914 1993 966 2020 est,
983 1987 1135 2022 subjectum
1152 1988 1204 2015 sibi
1232 1995 1340 2016 sensum
1365 1988 1457 2015 carnis
1474 1988 1506 2014 ad
1531 1987 1642 2014 meliora
1658 1987 1699 2014 iu-

915 2035 1007 2061 stituta
1031 2038 1202 2066 convertunt,
1220 2038 1248 2061 et
1262 2035 1439 2061 dominantur
1454 2033 1505 2065 eis,
1522 2033 1699 2060 Scilicetcum

914 2080 940 2107 in
951 2080 1023 2107 nullo
1035 2087 1101 2106 caro
1115 2084 1207 2106 contra
1233 2079 1397 2107 voluntatem
1418 2079 1528 2113 spiritus
1546 2078 1699 2106 insolescit.

913 2125 972 2153 Jam
988 2133 1052 2152 vero
1072 2126 1094 2153 si
1116 2127 1206 2152 anima
1228 2125 1372 2159 conjuncta
1396 2125 1517 2159 spiritui,
1534 2130 1614 2158 atque
1629 2124 1699 2158 ejus,

913 2178 943 2199 ut
957 2173 993 2199 ita
1005 2173 1102 2204 dicam,
1118 2172 1246 2206 conjugio
1271 2171 1405 2205 copulata,
1424 2170 1540 2198 declinet
1557 2170 1700 2204 aliquando

74 2218 162 2246 cranl,
186 2219 213 2241 et
243 2215 368 2243 homines
400 2217 460 2243 sine
486 2217 595 2250 litteris,
615 2219 661 2253 qui
688 2220 781 2254 utique
800 2225 863 2248 tunc
880 2221 900 2247 D
915 2219 947 2245 ad
956 2226 1102 2252 corporeus
1124 2218 1287 2252 voluptates,
1310 2225 1479 2252 sensumque
1495 2225 1574 2244 suum
1590 2217 1616 2243 in
1631 2217 1700 2243 dele-

75 2259 159 2293 rnagis
172 2259 205 2285 ad
221 2259 368 2294 imaginem
383 2261 482 2288 diaboli
505 2261 710 2290 similitudinem
727 2264 859 2297 ferebant,

75 2304 120 2329 sed
143 2308 292 2337 sequentes
309 2309 336 2331 et
351 2305 394 2331 isti
411 2304 558 2339 imaginem
589 2306 648 2338 Dei,
671 2307 774 2334 similes
798 2307 860 2334 facti

74 2353 134 2374 sum
147 2349 184 2381 ei,
198 2350 270 2376 sicut
281 2353 308 2375 et
321 2351 413 2377 caeteri
425 2351 549 2385 apostoli.
566 2351 663 2379 Paulus
689 2352 773 2386 ipsius
794 2353 862 2379 ima-

75 2393 145 2427 ginis
157 2393 205 2420 Dci
219 2400 379 2428 persecutor
393 2402 460 2423 erat.
482 2398 516 2426 Ut
533 2403 621 2424 autem
637 2399 723 2432 potuit
734 2400 859 2425 decorem

73 2439 131 2472 ejus
140 2443 169 2466 et
179 2439 410 2474 pulchritudinem
420 2443 613 2476 contueri,visa
625 2451 666 2475 ea,
678 2444 703 2469 in
714 2447 815 2470 tantum
827 2444 859 2471 ad

74 2483 130 2518 cjus
155 2485 368 2513 similitudinem
392 2487 556 2516 reformatus
580 2495 631 2522 est,
653 2494 682 2516 ut
696 2489 800 2516 diceret
815 2490 859 2517 ":

74 2529 112 2554 An
126 2529 316 2556 documentum
337 2531 456 2565 quwrt‘tia
478 2533 534 2566 ejus
559 2535 603 2568 qui
627 2534 654 2560 in
678 2541 717 2559 me
744 2532 862 2567 loquitur

74 2572 195 2602 Christus
205 2576 219 2602 ?

107 2631 151 2658 ﬂ.
170 2630 322 2658 Mausolum
349 2637 373 2659 et
402 2633 528 2667 feminam
553 2635 614 2670 [erit
643 2643 705 2668 eos,
729 2639 754 2661 et
784 2633 862 2661 bene-

104 2678 126 2715 '_'
145 2677 217 2705 Phil.
239 2679 325 2715 n.6,
347 2680 373 2712 7,
394 2685 420 2707 et
436 2681 462 2709 8.
517 2682 539 2698 3’
551 2682 629 2710 Joau.
654 2691 700 2715 xx.
716 2682 759 2709 17.

73 2711 97 2728 ³⁸
108 2713 176 2740 Luc.
193 2721 213 2746 ι,
239 2713 284 2742 54.

106 2770 163 2809 ((5.6)
179 2770 256 2809 Mss"
269 2772 372 2809 corpori
386 2772 527 2805 claritatis,
544 2764 606 2801 libb.
622 2774 697 2807 editi,
710 2775 854 2809 corporalis

75 2805 211 2834 (inritatis.
229 2807 310 2833 ntalc.

106 2841 162 2874 .07)
179 2842 268 2868 Scam
301 2842 373 2870 hoc?
402 2842 438 2869 lit
466 2845 594 2871 memoria
621 2844 685 2871 citat
716 2844 854 2880 Origenes.

830 2681 851 2696 ³³
864 2678 943 2707 Joan.
955 2687 1021 2712 xvtt,
1040 2680 1085 2708 22.

915 2264 1080 2291 etationibus
1106 2264 1262 2290 carnalibus
1286 2263 1412 2295 inclinet,
1426 2269 1454 2290 ct
1475 2263 1621 2297 aliquando
1639 2263 1700 2296 qui-

916 2310 976 2337 dem
988 2310 1180 2344 obtemperare
1194 2310 1318 2336 videatur
1341 2309 1506 2336 salutaribus
1519 2310 1628 2338 monitis
1645 2310 1700 2343 spi-

914 2355 992 2387 ritus,
1007 2355 1152 2390 aliquando
1163 2362 1227 2382 vero
1248 2354 1322 2382 vitiis
1347 2354 1503 2383 carnalibus
1532 2355 1619 2385 cedat,
1638 2356 1699 2382 talis

914 2400 1111 2433 anima,vclut
1138 2400 1268 2427 adulterio
1294 2401 1415 2434 corporis
1441 2400 1584 2432 maculata,
1613 2407 1700 2432 neque

913 2455 1050 2479 crescere,
1064 2454 1150 2481 neque
1164 2445 1339 2480 multiplicari
1367 2445 1487 2479 legitime
1508 2445 1618 2476 dicitur,
1630 2453 1697 2479 quo-

913 2494 984 2520 niam
1000 2492 1109 2527 quidem
1134 2491 1204 2521 lilios
1221 2491 1407 2520 adulterorum
1424 2490 1597 2525 imperfectos
1625 2490 1698 2517 Scri-

913 2544 994 2573 ptura
1021 2538 1157 2573 designat.
1182 2537 1259 2565 Talis
1284 2538 1357 2564 enirn
1371 2538 1474 2568 anima,
1501 2543 1561 2570 qua).
1588 2536 1699 2569 spiritus

913 2587 1106 2621 conjunctione
1119 2587 1237 2618 deserta,
1253 2586 1344 2614 sensui
1369 2593 1398 2613 se
1413 2586 1503 2613 carnis
1516 2590 1543 2612 et
1557 2585 1699 2612 desideriis

913 2632 1100 2666 corporalibus
1114 2638 1196 2660 totam
1218 2632 1376 2667 prosternit,
1400 2631 1472 2658 velut
1503 2637 1600 2657 aversa
1615 2638 1630 2656 a
1646 2631 1699 2657 Deo

1138 2680 1160 2696 "
1173 2680 1192 2706 ll
1209 2680 1272 2707 Cor.
1297 2685 1358 2712 χιιι,
1370 2678 1397 2704 5.
1466 2678 1488 2693 ³⁵
1505 2677 1603 2705 Genes.
1615 2686 1637 2709 ι,
1651 2678 1697 2706 ‘27.

908 2775 976 2802 Nam
995 2776 1021 2800 in
1045 2773 1170 2800 omnibus
1195 2773 1273 2800 codd.
1292 2772 1395 2799 Grzecis
1421 2776 1449 2798 et
1476 2771 1580 2798 Latinis
1600 2771 1699 2802 legitur

910 2810 968 2840 πῶς
994 2809 1069 2835 ἕσται
1089 2808 1185 2841 τοῦτο;
1206 2807 1262 2840 πῶς
1280 2808 1357 2834 ἔσται
1375 2815 1419 2842 μοι
1444 2807 1541 2839 τοῦτο;
1564 2807 1699 2838 Quomodo

910 2846 952 2879 [let
964 2846 1032 2870 istud
1044 2846 1055 2870 1’
