1902 3065
231 142 279 173 ltili

229 200 410 235 impudenter,
426 201 525 233 audiet,
546 201 608 234 quia
627 200 713 245 [acies
726 202 869 228 meretricis
884 202 955 234 {actu
972 207 1008 227 es!
1024 203 1046 230 Λ

229 245 287 274 tibi.
303 245 358 271 sine
368 245 468 280 pudore
484 250 573 277 c/[ecla
599 256 625 274 es
638 247 672 273 all
692 256 778 274 omnes
794 248 826 274 ³⁷.
843 248 927 275 Veluti
958 256 1010 275 me-

228 292 311 318 retrix
327 299 390 325 ergo
417 293 549 326 punietur.
580 298 607 319 et
634 293 680 319 lilii
697 294 760 331 ejus
782 295 815 327 ad
844 294 1007 332 occisionem

227 338 372 370 pru‘parari
386 337 512 375 iubentur
525 339 547 353 ³³

262 387 304 415 16,
322 385 356 420 Et
365 387 538 414 dominamini
558 389 669 422 piscium
686 390 776 421 maris,
807 395 831 416 et
861 390 1007 417 volatilmm

220 432 291 461 .cwli.
310 432 533 466 eljumentorum,
551 439 574 460 et
591 435 707 462 animum
719 444 776 470 quae
790 441 850 463 sunt
865 445 941 470 super
954 442 1007 463 ter-

224 485 290 509 vum,
303 483 327 503 et
346 478 488 511 repentium
508 487 567 514 qua:
582 485 673 514 repunt
687 489 765 514 super
780 487 877 508 terram
893 482 925 508 ³³.
937 481 1004 508 πιθα]

224 522 279 548 haec
291 522 468 556 interpretata
479 529 543 551 sunt
567 526 724 558 secundum.
739 527 870 559 litteram,
888 536 948 562 cum
965 530 1005 557 di-

221 574 343 595 ceremus
359 569 431 602 quod
449 569 528 603 dicit.
541 569 632 602 Deus:
652 570 796 599 Faciamus
810 573 951 606 hominem,
977 565 1004 606 et

221 611 334 646 reliqua,
349 613 405 643 ,ubi
420 614 484 643 dicit
504 622 510 640 :
530 614 562 640 Et
580 615 728 653 dominetur
741 618 853 651 piscium
876 619 967 651 maris,
979 625 1003 647 et

221 656 366 691 ratutiliugn
382 658 449 691 cteli,
477 665 504 687 et
525 665 635 688 caztera.
669 662 822 690 Secundum
847 664 1003 699 allegoriam

220 707 307 729 tamen
325 703 350 730 in
367 704 498 737 piscibus,
517 711 543 733 et
559 706 727 741 volatilibus,
744 708 785 736 vel
801 709 964 738 animalibus
976 716 1003 738 et

211 748 375 781 .rcpcntibns
403 754 491 782 terrai,
513 759 546 778 ea
573 753 638 779 mihi
665 753 790 780 videnlur
812 754 939 787 indicari,
968 757 1001 783 de

217 793 315 826 quibus
333 794 508 823 nihilominus
537 797 664 831 superius
691 798 822 831 diximus,
842 798 868 826 id
890 805 941 833 est,
959 800 1001 827 vel

216 846 275 881 qua:
291 838 324 866 de
335 846 416 866 sensu
428 842 525 868 animae
542 861 549 874 ,
569 847 596 869 et
608 843 699 870 cordis
724 844 886 881 cogitatione
904 853 999 880 proce-

216 877 292 916 dunt,
310 884 350 910 vel
365 892 424 919 quin
438 894 471 913 ex
493 887 636 922 desideriis
653 877 851 923 corporalibus,
868 895 894 917 et
908 891 1000 918 carnis

216 928 332 956 molibus
347 931 542 965 proferuntur;
557 940 671 966 quorum
695 935 781 962 sancti
797 937 897 970 quique
911 941 937 962 et
950 936 997 963 be-

215 974 396 1006 nedictionem
411 976 457 1004 Dei
482 978 509 1004 in
525 979 679 1012 semetipsis
709 986 860 1013 servantes,
876 981 998 1016 domina-

216 1021 315 1048 tionem
342 1029 481 1056 exercent,
501 1029 613 1059 agentes
638 1030 722 1052 totum
750 1027 886 1055 hominem
904 1036 999 1062 secun-

213 1069 274 1094 dum
291 1069 404 1103 spiritus
417 1070 595 1098 voluntatem.
626 1072 819 1100 Peccatoribus
834 1081 897 1101 vero
911 1075 997 1109 magis

208 1113 268 1145 ipsa
280 1114 462 1148 dominantur,
489 1123 549 1150 qua:
574 1118 606 1144 de
631 1117 722 1145 carnis
739 1118 814 1145 vitiis
827 1123 853 1146 et
873 1120 996 1153 corporis

210 1158 392 1191 voluptatibus
406 1161 592 1194 proferuntur.

245 1208 298 1243 59
317 1209 358 1236 l7.
375 1209 408 1236 Et
424 1211 491 1237 dixit
506 1211 592 1238 Deus:
612 1210 679 1238 Ecce
693 1212 753 1241 dedi
767 1214 838 1240 vobis
853 1222 928 1241 omne
945 1215 993 1248 Iw-

210 1263 271 1281 num
284 1257 423 1289 seminale,
438 1259 508 1292 quod
527 1259 637 1286 seminat
654 1267 742 1286 semen
754 1280 760 1292 ,
776 1262 847 1295 quod
863 1266 902 1288 est
918 1270 995 1298 super

208 1309 308 1328 unmem
329 1307 425 1330 terram
442 1323 449 1335 ,
470 1308 495 1330 et
519 1312 594 1332 omne
610 1305 709 1340 lignum
737 1307 807 1341 quod
825 1308 948 1336 habetiiu
967 1317 994 1338 se

207 1348 321 1380 [rm-tum
334 1348 440 1375 seminis
459 1350 592 1377 seminatis
604 1371 610 1383 ,
633 1352 706 1378 vobis
726 1353 775 1379 erit
796 1354 831 1379 ad
854 1362 952 1389 escam,
968 1362 992 1383 et

206 1393 426 1421 ontuibusbestiis
440 1399 526 1429 teme,
547 1400 571 1422 et
585 1397 704 1425 omnibus
720 1398 868 1427 volatilibus
884 1402 951 1434 ulli,
968 1408 992 1430 et

206 1438 326 1465 omnibus
345 1441 491 1473 repentibus
510 1450 568 1476 qua:
594 1449 686 1476 repunt
701 1452 778 1479 super
796 1450 911 1480 terram,
933 1457 992 1483 qute

206 1484 299 1511 habent
312 1486 339 1511 in
361 1494 388 1513 se
407 1488 524 1515 animam
544 1489 603 1516 vita-
616 1489 650 1518 ‘°.
670 1491 798 1520 Historiae
815 1495 923 1528 quidem
939 1496 974 1523 hu
985 1510 991 1515 -

202 1529 247 1561 jus
264 1532 397 1558 sententia
414 1533 558 1561 manifeste
577 1535 679 1564 indicat
696 1545 772 1565 usum
792 1540 915 1567 ciborum
933 1542 989 1576 pri-
1004 1535 1024 1564 α

204 1577 286 1603 mitus
301 1585 314 1603 a
333 1578 386 1606 Deo
400 1586 433 1606 ex
450 1580 551 1614 herbis,
569 1582 595 1609 id
609 1587 652 1610 est
666 1584 798 1619 oleribus,
818 1592 846 1614 et
861 1588 988 1616 arborum

204 1622 335 1651 fructibus
347 1627 576 1661 essepermissum
588 1629 621 1656 ⁸¹.
637 1630 779 1659 Postremo
791 1641 866 1666 vero,
882 1642 942 1661 cum
956 1636 988 1663 ad

203 1668 260 1696 Noe
275 1675 334 1704 post
350 1672 481 1700 diluvium
499 1674 576 1702 ﬁeret
592 1675 795 1712 testamentum,
813 1681 927 1709 facultas
943 1683 991 1710 ve-

203 1716 364 1744 scendarum
395 1720 516 1746 carnium
561 1721 717 1750 hominibus
754 1726 844 1753 datur.
884 1726 987 1759 Quibus

201 1768 268 1788 sane
296 1763 328 1789 de
351 1765 440 1792 causis
466 1766 493 1792 in
521 1767 578 1795 suis
601 1768 668 1796 locis
695 1771 795 1798 rectius
820 1778 984 1806 exponetur.

201 1808 354 1836 Secundum
369 1810 525 1846 allegoriam
543 1817 631 1841 tamen
652 1815 733 1842 herba
748 1822 827 1844 terrae
838 1824 866 1844 et
880 1818 985 1846 fructus

198 1854 257 1887 ejus
271 1855 316 1889 qui
332 1856 366 1883 ad
381 1864 472 1885 escam
492 1858 647 1888 hominibus
664 1860 831 1896 indulgetur,
850 1869 939 1897 potest
952 1864 985 1892 de

197 1900 341 1929 all‘ectibus
357 1903 470 1939 intelligi
491 1907 691 1938 corporalibus.
719 1909 798 1936 Verbi
818 1917 917 1936 causa:
942 1911 982 1937 lra

196 1951 223 1972 et
241 1948 461 1983 concupiscentia
481 1959 591 1985 germen
605 1954 802 1988 estcorporis;
819 1954 905 1988 Hujus
921 1963 982 1989 gor-

197 1991 278 2019 minis
303 1992 407 2021 fructus
420 2015 427 2026 ,
447 1995 472 2022 id
492 1989 543 2028 est,
560 2004 628 2031 opus
640 2018 646 2029 .
668 1999 746 2026 nobis
764 2000 941 2028 rationalibus
954 2006 982 2028 et

195 2038 290 2065 hostiis
305 2043 384 2068 terra:
399 2043 551 2070 communis
564 2048 617 2071 est.
636 2043 702 2072 Nam
716 2046 824 2080 quando
838 2047 981 2074 irascimur

196 2085 228 2109 a.|
243 2085 377 2118 justitiam
392 2108 399 2119 ,
419 2088 443 2115 id
461 2093 512 2122 est,
530 2090 563 2117 ad
581 2093 779 2119 correctionem
798 2093 979 2128 delinquentis

194 2135 220 2155 et
237 2132 454 2160 emendationem
469 2135 565 2162 salutis
578 2135 645 2170 ejus,
665 2137 718 2164 isto
732 2137 821 2165 fructu
837 2143 916 2166 terrae
933 2147 979 2166 ve-

193 2177 313 2209 srimur,
329 2182 357 2204 et
370 2179 447 2206 cibus
464 2185 557 2207 noster
572 2181 713 2209 iracundia
729 2183 878 2218 corporalis
893 2184 976 2212 cilici-

193 2227 246 2253 tur,
266 2231 314 2257 per
329 2231 408 2258 quam
427 2227 600 2261 reprimimns
615 2234 767 2262 peccatum,
784 2230 916 2264 justitiam
931 2239 975 2258 re-

192 2275 329 2301 paramus.
354 2269 386 2296 Et
409 2279 444 2298 ne
465 2272 511 2298 tibi
533 2272 674 2300 videamur
694 2273 752 2301 hzec
769 2275 802 2301 de
818 2280 911 2303 nostro
928 2284 976 2310 po-

192 2313 246 2339 tius
263 2321 360 2347 sensu,
380 2323 460 2350 quam
477 2317 509 2344 de
527 2317 626 2345 divina:
646 2318 795 2353 Scriptura:
811 2321 974 2350 auctoritate

189 2358 312 2392 proferre
322 2379 330 2393 ,
346 2361 401 2388 redi
415 2363 448 2389 ad
463 2363 561 2391 librum
581 2364 771 2398 Numerorum,
789 2372 816 2394 et
830 2368 973 2395 recordare

186 2405 251 2438 quid
270 2406 355 2441 egerit
372 2407 487 2437 Phincos
501 2410 641 2441 sacerdos,
655 2411 700 2446 qui
717 2419 777 2438 cum
794 2411 973 2440 Madianiticae

971 143 1132 172 ORlGENlS

1803 151 1882 176 (:1?

1061 201 1149 236 gentis
1171 202 1341 229 meretricem
1370 210 1431 229 cum
1458 202 1580 230 Israelita
1604 202 1664 231 viro
1689 201 1739 231 sub
1763 208 1871 232 omnis

1061 245 1181 272 omnium
1208 246 1322 281 impuris
1341 247 1454 274 vidisset
1474 248 1607 275 iuhmrcre
1635 250 1835 281 complexibus
1859 271 1870 282 ,

1056 291 1099 333 ira
1121 291 1219 318 divinae
1245 292 1427 319 mmulationis
1455 292 1599 328 impletus,
1627 300 1769 329 arreptum
1790 296 1865 329 gla-

1060 337 1131 364 dium
1149 345 1197 372 per
1213 339 1354 372 utriusque
1375 343 1469 373 pectus
1486 340 1577 374 exegit
1597 339 1663 375 (69).
1682 341 1760 374 Quod
1777 349 1866 375 opus

1059 387 1211 416 reputatum
1228 388 1269 410 est
1288 385 1311 410 ei
1337 392 1351 410 a
1377 385 1431 412 Deo
1449 385 1482 412 ad
1495 385 1640 419 justitiam,
1669 386 1779 414 dicente
1795 387 1864 414 Do-

1058 429 1131 456 tnino
1146 428 1186 454 “:
1206 429 1316 456 Phineas
1335 430 1564 468 sedattitfurorem
1581 439 1677 463 meum,
1698 436 1722 457 et
1738 438 1863 466 reputar

1057 474 1128 500 bitur
1142 475 1166 500 ei
1191 474 1225 500 ad
1236 474 1382 508 justitiam.
1402 475 1454 501 iste
1477 483 1541 510 ergo
1563 476 1639 503 cibus
1657 477 1702 504 ira:
1721 481 1869 505 terrenus

1056 523 1150 546 noster
1172 518 1202 546 (lt
1219 519 1311 551 cibus,
1338 527 1398 546 cum
1416 527 1448 546 eo
1475 520 1675 547 rationabiliter
1693 522 1798 548 utimur
1813 522 1860 548 ad

1053 563 1196 597 justitiam.
1216 563 1245 590 Si
1271 570 1336 590 vero
1360 563 1589 592 irrationabiliter
1607 571 1702 599 agatur
1718 566 1759 592 ira
1774 586 1782 598 ,
1800 571 1861 592 aut

1054 606 1216 636 innocentes
1230 609 1324 643 puniat
1339 629 1346 642 ,
1365 613 1413 636 aut
1427 610 1589 637 elIervescat
1606 611 1632 636 in
1648 618 1696 638 eos
1713 613 1758 646 qui
1780 613 1859 638 nihil

1054 645 1213 688 delinquant
1227 675 1235 687 ,
1251 655 1302 682 iste
1320 654 1397 682 cibus
1412 655 1464 682 erit
1489 655 1636 683 bestiarum
1653 657 1720 692 agri,
1735 662 1763 684 et
1787 665 1859 684 scr-

1053 703 1162 732 pentum
1179 704 1257 728 terra:
1270 720 1276 732 ,
1295 692 1322 726 et
1339 699 1480 726 volucrum
1504 701 1576 728 coeli.
1604 700 1650 728 llis
1664 701 1765 728 etenim
1781 701 1846 728 da:-

1052 749 1146 770 inones
1163 743 1320 770 nutriuntur
1343 743 1412 771 cibis
1424 764 1431 777 ,
1448 735 1493 778 qui
1519 744 1597 771 malis
1616 745 1715 772 nostris
1731 746 1849 772 actibus

1052 793 1079 815 et
1094 793 1243 823 pascuntur
1257 793 1284 816 et
1303 789 1407 816 favent.
1425 789 1557 816 Indicium
1575 798 1690 824 namque
1705 795 1747 818 est
1762 791 1855 824 hujus

1051 833 1141 868 operis
1167 833 1254 866 Cain,
1276 834 1322 868 qui
1351 834 1523 861 innocentem
1548 833 1660 861 fratrem
1680 835 1718 861 ira
1736 835 1855 869 decepit

1015 870 1036 897 Β
1051 879 1170 906 invidiae.
1191 879 1323 906 Similiter
1346 880 1428 907 etiam
1444 880 1478 906 de
1502 880 1724 915 concupiscentia
1739 900 1747 913 ,
1765 885 1792 907 ct
1809 883 1852 908 de

1051 925 1163 960 singulis
1195 925 1382 960 hujuscemodi
1416 925 1558 953 aﬂ‘ectibus
1587 926 1760 953 sentiendum
1787 932 1850 954 est.

1050 970 1116 998 Cum
1134 971 1207 998 enim
1234 971 1404 1007 concupiscit
1428 977 1455 999 et
1474 971 1566 999 deficit
1587 973 1676 999 anima
1696 977 1789 1000 nostra
1806 974 1849 1000 ad

1049 1016 1133 1044 Deum
1150 1017 1251 1050 vivum,
1265 1023 1357 1045 noster
1374 1017 1454 1045 cibus
1466 1022 1508 1045 est
1520 1019 1753 1053 concupiscentia.
1769 1019 1849 1046 Cum

1049 1067 1138 1089 autem
1157 1063 1200 1090 vel
1223 1063 1341 1090 alienam
1366 1063 1507 1091 mulierem
1533 1064 1566 1090 ad
1591 1065 1848 1099 concupiscendum

1048 1107 1181 1139 videmus,
1194 1107 1236 1135 vel
1251 1106 1354 1142 aliquid
1368 1115 1458 1135 rerum
1472 1108 1588 1141 proximi
1606 1108 1847 1144 concupiscimus.

1047 1152 1169 1180 bestialis
1182 1153 1258 1180 cibus
1274 1152 1388 1180 efﬁcitur
1405 1154 1640 1188 concupiscentia.
1657 1153 1733 1182 Sicut
1746 1161 1849 1182 exem-

1047 1196 1091 1230 plo
1114 1201 1204 1231 potest
1222 1204 1283 1224 esse
1305 1198 1525 1231 concupiscentia
1542 1199 1636 1225 Achab
1653 1219 1660 1230 ,
1686 1204 1714 1226 et
1731 1199 1845 1226 factum

1046 1242 1154 1270 Iezabel
1168 1244 1200 1270 de
1212 1243 1290 1270 vinea
1307 1243 1442 1271 Nabuthei
1458 1242 1610 1272 Jezraelitze
1627 1245 1658 1270 ³³.
1678 1245 1845 1272 Observan-

1046 1290 1078 1317 da
1096 1297 1161 1317 sane
1178 1294 1218 1317 est
1242 1295 1344 1318 sancta:
1367 1290 1515 1326 Scriptura:
1538 1292 1620 1319 etiam
1639 1288 1665 1319 in
1684 1291 1840 1319 verborum

1045 1336 1150 1362 ratione
1169 1336 1273 1363 cautela
1287 1356 1294 1367 ,
1310 1344 1369 1370 qua:
1386 1345 1448 1364 eum
1475 1338 1507 1365 de
1522 1337 1678 1365 hominibus
1695 1337 1810 1364 dixisset
1830 1357 1842 1370 ,

1045 1382 1106 1416 quia
1128 1382 1196 1409 dixit
1218 1382 1287 1410 Deus
1309 1383 1354 1408 ἠς
1379 1383 1446 1410 Ecce
1470 1384 1532 1411 dedi
1553 1384 1624 1410 vobis
1649 1391 1724 1411 omne
1743 1391 1841 1411 semen

1044 1428 1166 1455 seminale
1192 1430 1261 1463 quod
1287 1435 1323 1457 est
1347 1439 1423 1465 super
1441 1435 1557 1463 terram,
1585 1435 1608 1456 et
1636 1438 1711 1456 omne
1730 1430 1839 1464 lignum

1042 1474 1111 1509 quod
1135 1479 1172 1501 est
1190 1483 1268 1509 super
1288 1481 1385 1502 terram
1403 1476 1473 1502 vobis
1489 1477 1537 1502 erit
1554 1476 1588 1502 ad
1604 1483 1690 1502 escam
1707 1495 1714 1507 ,
1732 1477 1765 1502 de
1781 1475 1836 1502 be—

1042 1521 1100 1547 stiis
1114 1529 1166 1548 non
1187 1521 1268 1553 dixit,
1285 1522 1347 1556 quia
1365 1521 1529 1549 dedi'eis'ad
1545 1529 1635 1549 escam
1653 1522 1708 1548 haec
1725 1521 1833 1553 omnia,

1043 1566 1090 1593 scd
1105 1568 1154 1593 erit
1171 1567 1223 1593 illis
1240 1567 1274 1593 ad
1292 1575 1395 1599 escam;
1411 1571 1441 1594 ut
1456 1568 1602 1594 secundum
1617 1567 1765 1601 spiritalem
1784 1575 1835 1595 ra-

1043 1612 1141 1639 tionem
1161 1620 1242 1647 qnam
1260 1613 1434 1647 exposuimus
1448 1632 1455 1645 ,
1480 1611 1594 1640 aﬂ‘ectus
1609 1613 1656 1640 isti
1672 1613 1834 1647 intelligan-

1041 1662 1084 1684 tur
1102 1658 1202 1685 homini
1221 1658 1329 1692 quidem
1355 1666 1369 1685 a
1396 1658 1450 1686 Deo
1468 1658 1522 1685 dati
1546 1665 1606 1685 esse
1621 1679 1627 1690 ,
1646 1658 1831 1693 pramuntiari

1039 1708 1129 1731 tamen
1146 1712 1160 1730 a
1177 1704 1242 1736 Deo,
1259 1704 1332 1739 quod
1347 1709 1426 1731 erunt
1440 1704 1521 1731 etiam
1537 1705 1630 1731 bestiis
1647 1708 1724 1731 terra:
1740 1705 1767 1731 in
1784 1705 1828 1732 ci-

1038 1750 1112 1777 bum.
1134 1749 1196 1776 ldco
1219 1757 1283 1784 ergo
1301 1750 1460 1777 cautissimo
1476 1758 1523 1776 usa
1541 1756 1582 1777 est
1605 1757 1731 1777 sermone
1747 1750 1829 1778 Scri--

1037 1800 1115 1829 plura
1126 1795 1452 1828 divina,qua:hominibus
1464 1795 1571 1829 quidem
1580 1795 1713 1822 aitdicerc
1722 1794 1824 1822 Deum:

1037 1841 1104 1868 Dedi
1131 1841 1200 1868 vobis
1220 1841 1275 1867 llaec
1298 1841 1332 1867 ad
1356 1849 1452 1867 escam.
1480 1840 1530 1868 Ubi
1549 1846 1638 1867 autem
1663 1841 1695 1868 ad
1718 1838 1838 1869 bestiast

1035 1886 1119 1919 venit,
1138 1893 1190 1913 non
1209 1885 1349 1920 jnbcntis,
1366 1886 1413 1912 sed
1434 1886 1512 1920 quasi
1531 1885 1702 1920 praedicentis
1716 1884 1825 1920 signiti-

1035 1932 1141 1958 cationc
1157 1931 1232 1963 dicit,
1247 1931 1310 1965 quia
1329 1930 1385 1957 haec
1401 1935 1482 1957 erunt
1498 1930 1580 1957 etiam
1590 1930 1688 1957 bestiis
1702 1935 1729 1956 et
1745 1929 1823 1956 volu-

1033 1977 1123 2004 cribus
1140 1981 1168 2002 et
1181 1975 1354 2009 serpentibus
1371 1976 1404 2002 ad
1417 1977 1517 2002 'escam
1536 1970 1569 2002 ⁸³.
1588 1975 1640 2002 Sed
1656 1983 1706 2002 nos
1721 1982 1823 2002 secun-

1033 2022 1095 2048 dum
1120 2021 1232 2055 apostoli
1255 2020 1332 2047 Pauli
1360 2021 1523 2048 sententiam
1547 2020 1570 2036 “
1583 2021 1755 2048 attendamus
1779 2021 1823 2048 le-

1032 2066 1114 2092 ctioni
1125 2086 1132 2098 ,
1151 2071 1180 2093 ut
1195 2066 1331 2100 possimus
1343 2085 1351 2098 ,
1367 2066 1439 2093 sicut
1455 2065 1512 2100 ipse
1528 2066 1574 2098 ait,
1590 2073 1698 2093 sensum
1712 2066 1821 2094 Christi

1030 2116 1164 2151 accipere,
1181 2121 1207 2144 et
1220 2117 1288 2143 scire
1302 2124 1360 2152 qua:
1373 2124 1388 2143 η
1405 2116 1457 2143 Deo
1476 2116 1573 2143 donata
1589 2122 1647 2143 sunt
1666 2118 1740 2144 nobis
1764 2118 1786 2133 ⁸⁷
1809 2127 1817 2152 ;

1029 2167 1056 2188 et
1072 2170 1131 2196 qua:
1150 2161 1228 2188 nobis
1245 2161 1277 2187 ad
1301 2168 1390 2198 escam
1418 2161 1479 2188 data
1497 2167 1580 2194 sunt,
1609 2170 1661 2189 non
1684 2162 1819 2190 faciamus

992 2205 1013 2233 Ῐ)
1028 2219 1105 2238 escas
1119 2219 1261 2245 porcorum
1280 2212 1321 2239 vel
1338 2219 1435 2239 canum
1447 2232 1453 2242 .
1473 2212 1520 2239 sed
1537 2211 1603 2239 tales
1617 2220 1663 2240 eas
1677 2220 1816 2247 praepare-

1029 2269 1090 2288 mus
1106 2261 1131 2288 iu
1147 2261 1235 2293 nobis,
1249 2263 1348 2296 quibus
1362 2263 1472 2297 dignum
1486 2262 1521 2289 sit
1536 2263 1635 2297 suscipi
1653 2264 1678 2290 iu
1695 2263 1816 2298 hospitio

1028 2312 1119 2339 cordis
1146 2312 1229 2339 nostri
1260 2311 1376 2339 Verbum
1402 2320 1433 2340 ac
1460 2313 1558 2340 Filium
1585 2313 1631 2340 υρί
1659 2315 1814 2342 venientem

1027 2370 1087 2389 cum
1108 2362 1186 2389 Patre
1201 2370 1266 2395 suo,
1282 2368 1309 2390 ct
1326 2363 1458 2390 volentem
1479 2363 1567 2392 facere
1587 2365 1656 2399 apud
1672 2373 1721 2392 nos
1735 2374 1814 2392 man-

1026 2414 1128 2441 sionem
1145 2415 1170 2441 in
1185 2415 1287 2449 Spiritu
1302 2420 1395 2443 sancto
1408 2437 1414 2449 ,
1430 2416 1506 2450 cujus
1524 2417 1598 2450 prius
1616 2416 1744 2450 templum
1763 2423 1813 2451 per

223 2465 243 2480 ³⁷
260 2464 372 2511 111.1",
391 2466 417 2494 3.
457 2466 549 2511 “nisa.
563 2469 741 2511 Διξιγνῖἓίικῃξίθ
757 2470 890 2511 Cleareta,
908 2471 953 2498 28.

1027 2472 1143 2511 biiugi),
1160 2473 1204 2500 50.
1227 2473 1354 2511 “ancs.
1373 2482 1408 2501 ix.
1430 2474 1451 2489 δ’
1467 2474 1545 2502 Num.
1562 2483 1625 2501 xxv.
1654 2474 1677 2489 "
1690 2474 1722 2501 ΙΙΙ
1739 2475 1808 2511 Reg.

187 2507 244 2527 ται.
284 2500 306 2515 ⁸*
323 2501 422 2529 Genes.
443 2503 523 2534 1,29.
563 2503 584 2519 ⁸⁸
606 2504 671 2532 ibid.
689 2504 733 2531 50.

221 2565 276 2599 (68)
290 2567 350 2595 Mss.
364 2569 502 2603 jubenlur.
521 2571 597 2598 Libb.
615 2571 690 2603 editi,
705 2572 871 2599 videbuntur.
889 2573 971 2601 Paulo

185 2606 334 2639 pastinss"
346 2609 367 2629 ct
385 2607 528 2638 repentium
545 2615 603 2640 quw
623 2611 723 2640 repunt.
740 2607 818 2635 Libb.
829 2608 904 2640 edit.,
919 2617 971 2635 ser-

184 2640 303 2672 pentium
311 2646 372 2672 qua:
386 2645 487 2672 repunt.

204 2670 274 2712 “(5:3)
298 2670 439 2712 Arreptum
457 2675 575 2712 gladium
589 2685 634 2710 per
654 2677 789 2711 utriusque
807 2686 896 2712 pectus
911 2686 968 2705 exe-

184 2705 230 2746 {tjl-
254 2703 293 2745 ili}
309 2703 386 2733 codd.
403 2703 490 2746 salicti
508 2703 680 2742 Tlicodorici,
705 2703 757 2739 duo
773 2703 964 2746 'rllrb'llé.lsL¥5',

184 2739 357 2779 llmniﬁiauus
371 2747 397 2768 et
411 2742 591 2772 Bclvacensis.
610 2739 763 2773 Secundum
786 2739 964 2775 hancrlcctiol

183 2781 243 2817 nom
260 2774 390 2808 Origenes
407 2782 514 2817 putasse
531 2783 682 2817 censendus
697 2783 750 2808 erit.
767 2774 893 2810 Pliiuecm
907 2774 963 2817 gla-

182 2810 254 2848 «lium
270 2816 348 2835 suum
365 2812 476 2848 pcrrviri
491 2813 617 2842 Israelita:
631 2821 658 2843 et
675 2817 795 2844 mulieris
811 2810 962 2844 Madianviti-

182 2845 221 2870 dis
242 2849 334 2877 pictus
350 2847 486 2880 exegisse;
500 2850 546 2876 scd
567 2850 675 2884 Vulgata
694 2853 730 2878 ait
756 2853 826 2886 ipsos
843 2854 867 2879 in
895 2853 960 2880 locis

774 2505 816 2530 “ul
835 2505 904 2532 Tini.
921 2514 954 2537 IV,
973 2506 1014 2533 15.

1054 2506 1097 2533 ⁴⁷Ι
1114 2509 1177 2534 Cor.
1194 2516 1224 2541 ιι,
1242 2509 1282 2534 12.

1020 2576 1184 2609 genitalibus
1197 2577 1340 2604 transﬁxos
1351 2576 1448 2608 fuisse;
1468 2577 1643 2612 Septuaginta
1658 2584 1723 2604 vero
1734 2597 1740 2608 ,
1759 2579 1808 2604 καὶ

1020 2611 1203 2648 ἁπεκέντηςεγ
1222 2612 1400 2648 ᾲμφοτέρους,
1426 2613 1470 2638 τόν
1490 2621 1518 2638 τε
1534 2612 1675 2648 ἄνορῳπον
1693 2613 1740 2638 καὶ
1757 2613 1807 2648 τὴν

1019 2647 1145 2682 γυναῖκα,
1158 2646 1200 2672 διὰ
1208 2647 1258 2681 τῆς
1274 2647 1378 2682 μήτρας
1392 2647 1485 2682 αὐτῆς.
1501 2646 1590 2674 Coch
1605 2646 1807 2675 Geutcliccnsis

1018 2681 1118 2707 habet:
1135 2686 1268 2717 arreptum
1283 2681 1399 2715 gladium
1416 2690 1461 2715 per
1477 2683 1611 2717 utriusque
1627 2690 1703 2708 sexus
1724 2683 1807 2709 ultio~

1017 2724 1074 2742 nem
1092 2717 1184 2750 exegit.
1203 2716 1280 2742 Libb.
1298 2722 1376 2743 antea
1396 2717 1608 2751 editi,arreplnm
1625 2717 1743 2751 gladium
1760 2726 1807 2751 per

1018 2751 1154 2786 nti-iusque
1167 2756 1256 2784 pectus
1270 2752 1398 2786 excreuit.
1415 2751 1486 2778 Infra
1501 2752 1630 2786 Origenes
1643 2752 1754 2778 humilia
1768 2753 1805 2778 20

1019 2785 1044 2810 in
1060 2785 1189 2812 Numeres
1206 2786 1242 2811 ait
1257 2793 1263 2811 :
1292 2785 1376 2819 llnpto
1390 2787 1529 2813 siromastc
1545 2785 1570 2813 in
1593 2795 1673 2813 manu
1689 2795 1737 2813 sua
1759 2787 1802 2812 in-

1016 2827 1118 2856 gressus
1134 2821 1167 2856 sit
1182 2821 1368 2853 prostibnlmu,
1382 2827 1405 2848 ct
1419 2827 1557 2856 utrumque
1571 2830 1616 2856 per
1629 2822 1686 2856 ipsa
1700 2822 1803 2856 puden—

1013 2854 1046 2880 da
1065 2855 1242 2889 transfotlerit.
