1900 3060
248 66 298 95 Ιῑὶὸ

987 72 1018 99 01

1083 72 1148 100 ΞΝῐὲ
1194 58 1199 62 θ
1815 81 1856 110 (δι

246 126 318 154 buuc
337 127 446 154 modum
462 126 545 155 fuisse
564 127 692 161 duplicia,
710 128 838 162 quoniam
854 129 963 163 quidem
980 138 1012 156 au

1083 140 1161 165 κοντα
1171 131 1224 157 τῶν
1236 130 1350 166 ἀλόγων,
1364 130 1573 171 ὦνὲπιὸέϐηκεν
1587 137 1678 171 αὐτὸς,
1695 137 1768 166 οὕτω
1782 141 1823 167 ui.
1834 143 1857 169 ἐν

244 181 308 200 ntun
332 173 466 207 integrum
484 172 593 200 {uerunt
615 173 704 200 omnia
721 174 846 201 animalia
864 175 890 201 in
906 182 978 202 arca.
1000 175 1033 201 Et

242 218 337 251 utique
352 218 377 244 in
390 222 473 244 totum
485 226 584 244 annum
596 225 706 245 necesse
719 223 779 245 erat
789 219 930 253 providere
945 220 1030 251 cibos,

241 267 269 290 et
282 270 336 289 non
355 263 440 289 solum
452 263 526 290 cibos
542 269 635 290 verum
654 267 680 289 et
698 264 878 298 digestionum
902 264 1029 291 constitui

243 309 310 340 loca,
328 316 380 342 qtm
396 316 482 343 neque
498 309 554 342 ipsa
572 309 710 341 animalia,
724 310 859 344 praecipue
872 314 961 337 tamen
980 311 1030 338 lio-

242 355 340 386 mines,
358 355 411 380 limi
429 354 525 381 fmtore
542 359 717 382 vexarentur.
740 355 864 382 Tradunt
878 363 942 390 ergo
958 357 1029 390 quod

240 399 352 426 inferior
366 400 438 435 regio
451 401 517 434 ipsa,
534 392 595 434 quze
605 400 630 427 in
640 400 725 428 "fundo
740 406 791 434 est,
813 401 845 428 ad
860 402 1031 436 hujuscemo-

240 444 266 472 di
283 447 459 473 necessilates
470 446 622 480 mancipata
634 447 667 473 sit
679 452 706 474 et
721 453 833 482 excepta
845 457 852 481 ;
863 448 928 476 huic
939 454 1028 477 autem

240 493 366 527 superior
388 493 525 527 contigua,
539 493 733 521 conservandis
753 494 859 528 pabulis
874 495 1026 529 deputetur.

241 538 346 566 Etenim
365 540 548 566 necessarium
576 539 726 572 videbatur,
755 546 784 567 ut
800 542 832 568 iis
846 542 951 575 bestiis,
968 543 1029 577 qui-

238 585 289 612 bus
307 591 401 613 natura
430 586 500 613 vesci
526 587 656 613 carnibus
683 587 766 620 dedit,
795 588 949 615 introducta
973 589 1027 615 sint

238 633 412 660 extrinsecus
435 633 574 666 animalia,
602 641 716 668 quorum
731 639 883 668 _vescentes
897 635 1026 661 carnibus

238 686 401 706 conservare
413 680 495 706 vitam
510 680 678 714 posteritatis
691 679 847 714 reparandze
855 679 940 713 gratia
955 679 1028 706 vale-

1083 177 1114 211 τῇ
1128 176 1203 212 χώρᾳ.
1213 176 1280 205 εἶναι
1294 179 1422 207 ἀνωτάτω
1434 181 1483 216 τῆς
1495 182 1610 209 κιϐωτοῦ
1626 185 1689 220 περὶ
1705 185 1754 221 τὴν
1774 187 1857 222 τρίτην

1083 222 1192 257 στέγην,
1203 223 1344 260 ὑποχείρια
1351 225 1445 260 ἔχοντα.
1457 227 1491 253 τὰ
1504 227 1585 255 λοιπὰ
1593 229 1645 256 τῶν
1659 229 1746 262 ζώων,
1756 232 1857 260 Πιθανῇν

1081 267 1110 294 δὲ
1124 268 1173 303 τὴν
1192 269 1309 304 πλαγίαν
1324 272 1388 306 περὶ
1403 270 1436 308 ἧς
1452 273 1558 309 εἴρηται
1571 274 1616 309 (74
1629 275 1690 312 bis)’
1706 277 1764 311 τὴν
1779 277 1809 305 δὲ
1821 280 1859 306 0d-

1078 323 1138 348 ραν
1146 314 1201 349 τῆς
1214 317 1338 344 κιϐωτοῦ
1348 318 1383 344 ἐκ
1395 320 1530 353 πλαγίων
1557 321 1703 355 ποιήσεις,
1729 321 1857 358 γεγονέναι

1082 360 1146 394 περὶ
1160 360 1208 396 τὴν
1224 362 1345 389 κάτωθεν
1363 363 1474 400 πρώτην
1486 366 1594 402 στέγην,
1611 367 1654 396 ἵνα
1669 369 1772 396 ἐκεῖθεν
1787 371 1859 396 εἰσελ-

1081 405 1162 433 Θόντα
1178 407 1211 433 τὰ
1236 407 1293 439 ζῶα
1307 409 1374 445 ἀπίῃ
1389 410 1434 436 ἐπὶ
1452 411 1515 443 τοὺς
1529 414 1710 448 τεταγμένους
1733 416 1790 446 ταῖς
1805 424 1856 442 νοσ-

1081 452 1152 491 σιαῖς
1165 453 1272 484 τόπους.
1292 454 1346 481 Καὶ
1356 454 1435 482 τοῦτο
1450 456 1552 491 βέλτιον
1563 459 1628 493 ἡμῖν
1642 459 1764 493 φαίνεται
1778 457 1857 494 λέγειν

1080 496 1143 532 περὶ
1154 497 1248 532 αὐτῆς.
1263 497 1279 532 ἢ
1291 498 1391 525 ἄνωθεν
1404 501 1522 535 νομίζειν
1535 502 1603 537 μετὰ
1615 504 1714 538 πολλῆς
1727 502 1858 537 δυσκολίας

1077 542 1112 568 τὰ
1126 542 1183 574 ζῶα
1196 542 1369 570 καταϐαίνειν
1383 546 1499 578 ὲπὶτοὺς
1511 547 1626 581 οἰκείους
1636 549 1733 581 τόπους
1746 559 1751 565 ·
1768 548 1856 577 θειοτὲ-

1079 597 1129 623 ρας
1143 589 1215 621 τινὸς
1240 587 1379 626 δυνάμεως
1403 590 1518 629 ἔχρῃζεν
1531 595 1547 629 ἡ
1567 595 1700 629 ἁσψάλεια
1716 596 1764 631 τῆς
1780 597 1856 623 κλειο-

1080 634 1164 669 μένης
1180 635 1281 671 ταύτης
1297 636 1390 672 θύρας,
1406 638 1496 665 οὐκέτι
1512 639 1660 676 δυναμένου
1679 641 1752 673 τινὸς
1767 639 1858 674 ἓξωῠεν

1079 679 1222 715 ἀνθρώπου
1237 681 1412 716 ἀσφαλτῶσαι
1428 684 1511 720 αὐτὴν
1525 686 1596 721 ὑπὲρ
1610 687 1656 714 τοῦ
1674 689 1710 724 μὴ
1725 679 1858 724 παρεισόὖ-

239 730 299 752 rent
316 734 323 752 ε
339 726 399 752 aliis
415 733 481 753 vero
494 726 556 758 alia,
585 733 645 760 qua:
663 724 794 752 naturalis
811 733 876 752 usus
892 725 1018 760 deposcit,

1083 735 1118 753 ut
1137 725 1217 762 ὕδωρ.
1232 726 1276 753 Διδ
1289 727 1409 753 ἔκλεισε
1423 728 1531 762 Κύριος
1549 730 1566 756 ὀ
1582 731 1653 764 Θεὸς
1671 732 1794 759 ὄπισθεν
1806 733 1857 762 τοῦ

236 776 412 798 servarentur
439 771 578 799 alimenta.
611 772 639 798 In
656 771 705 798 hos
719 777 785 806 ergo
802 779 866 798 usus
882 770 1018 798 inferiores

1083 769 1148 804 νῶε,
1162 769 1210 797 καὶ
1225 771 1317 805 οὕτως
1333 771 1450 806 ἐγένετο
1467 775 1483 800 ό
1498 778 1721 811 κατακλυσμός.

237 824 339 853 partes,
355 827 416 853 qua!
433 820 606 847 bicameratze
624 819 762 851 dicuntur,
780 818 887 845 tradunt
904 818 989 845 fuisse
1004 817 1157 850 distinctas,
1184 820 1336 853 superiores
1355 828 1419 848 vero
1444 823 1477 849 ad
1494 823 1677 851 habitaculum
1694 825 1797 858 bestiis,
1819 826 1856 851 vel

236 865 399 892 animalibus
415 864 570 899 deputatas,
593 864 620 891 in
637 864 735 898 quibus
758 863 902 891 inferiores
916 864 1023 898 quidem
1039 864 1090 899 61
1110 864 1184 896 feris,
1209 870 1234 891 et
1251 866 1402 895 immitibus
1415 867 1520 902 bestiis,
1538 869 1580 896 vel
1598 871 1772 904 serpentibus
1785 873 1855 898 hahi-

238 911 358 938 laenlum
374 910 535 945 przebuisse,
552 911 594 938 his
609 917 674 937 vero
685 910 814 944 contigua
831 910 855 936 in
872 909 1060 944 superioribus
1077 910 1146 942 loca,
1165 911 1320 938 mitioribus
1336 913 1522 941 animantibus
1538 916 1641 942 stabula
1659 916 1753 944 fuisse.
1775 914 1855 952 Supra

238 957 329 986 omnia
345 964 409 984 vero
434 957 460 984 in
478 956 585 984 excelso
599 955 756 983 hominibus
771 955 861 984 sedem
878 955 1005 988 locatam,
1022 960 1114 989 utpote
1138 956 1183 990 qui
1197 960 1225 983 et
1239 957 1342 984 honore
1359 964 1385 985 et
1401 960 1504 987 ratione
1521 966 1616 988 cuncta
1635 963 1790 996 praacellant
1805 972 1812 989 :
1829 970 1855 990 ut

237 1006 308 1032 sicut
335 1004 440 1031 ratione
460 1008 487 1030 et
504 1003 636 1037 sapientia
661 1003 842 1037 principatum
860 1008 953 1037 gerere
978 1009 1058 1037 supra
1072 1003 1161 1029 omnia
1181 1011 1241 1037 quze
1256 1003 1281 1030 in
1301 1005 1382 1032 terris
1405 1010 1478 1038 sunt,
1495 1006 1596 1034 dicitur
1612 1009 1707 1040 homo,
1730 1009 1765 1035 ita
1779 1009 1854 1036 etiam

237 1052 296 1079 loco
312 1051 419 1084 celsior,
437 1055 465 1078 et
483 1057 564 1085 supra
581 1057 678 1078 omnes
692 1050 857 1083 animantes,
874 1057 933 1084 quae
957 1050 983 1077 in
1003 1058 1065 1077 arca
1081 1055 1158 1082 sunt,
1172 1051 1321 1078 collocatus
1342 1051 1387 1078 sit.
1409 1050 1533 1079 Tradunt
1547 1059 1636 1080 autem
1653 1053 1735 1080 etiam
1749 1054 1855 1081 ostium.

236 1100 308 1134 quod
321 1107 353 1127 ex
369 1099 454 1126 latere
468 1097 567 1125 factum
579 1097 688 1129 dicitur,
706 1104 738 1124 eo
757 1097 807 1124 loci
824 1097 918 1128 fuisse,
936 1101 965 1124 ut
982 1096 1121 1130 inferiora,
1137 1105 1197 1132 qua:
1213 1098 1280 1124 dixit
1302 1097 1477 1131 bicamerata,
1495 1099 1564 1126 intra
1581 1107 1609 1126 se
1625 1100 1746 1132 haberet.
1762 1107 1787 1128 et
1800 1108 1855 1136 quae

237 1149 305 1176 dixit
319 1149 506 1178 tricamerata,
521 1146 662 1180 superiora
678 1153 692 1172 a
708 1145 769 1172 loco
783 1145 845 1173 ostii
863 1144 997 1179 appellata
1011 1145 1064 1172 sint
1085 1155 1091 1173 :
1107 1150 1136 1173 ut
1154 1145 1217 1172 inde
1230 1146 1350 1180 ingressa
1366 1146 1493 1173 universa
1510 1147 1647 1179 animalia,
1663 1155 1711 1181 per
1726 1154 1774 1175 sua
1789 1156 1856 1182 quic-

236 1201 289 1229 que
313 1194 370 1221 loca
392 1193 540 1221 secundum
555 1192 627 1226 quod
653 1199 734 1226 supra
760 1191 888 1222 diximus,
910 1199 1030 1226 congrua
1049 1192 1214 1219 discretione
1232 1193 1366 1227 dirempta
1381 1193 1448 1219 sint.
1469 1193 1568 1220 Verum
1586 1195 1648 1221 ostii
1666 1195 1752 1228 ipsius
1771 1195 1855 1222 muni-

236 1248 297 1268 men
315 1241 382 1276 (75),
402 1249 456 1269 non
472 1232 528 1276 iam
550 1243 677 1269 humanis
697 1242 849 1269 rationibus
864 1240 1037 1274 adimpletur.
1058 1240 1199 1274 Quomodo
1213 1241 1297 1274 enim,
1321 1245 1498 1275 posteaquam
1522 1241 1644 1269 clausum
1661 1247 1712 1274 est,
1729 1247 1755 1269 et
1770 1242 1857 1269 nullus

236 1288 375 1314 hominum
400 1292 475 1314 extra
499 1295 590 1315 arcam
614 1287 675 1321 fuit,
704 1288 862 1314 bituminari
878 1287 1050 1314 extrinsecus
1064 1286 1164 1314 ostium
1187 1287 1286 1321 potuit,
1302 1287 1352 1314 nisi
1368 1288 1431 1322 quia
1458 1288 1555 1315 divinae
1572 1287 1681 1315 virtutis
1702 1289 1764 1316 sine
1778 1288 1857 1315 dubiu

235 1340 304 1366 opus
319 1333 378 1365 fuit,
401 1341 434 1360 ne
453 1333 644 1367 ingrederetur
658 1341 727 1368 aqua
743 1341 793 1367 per
809 1333 921 1365 aditum,
946 1340 1024 1366 quem
1043 1333 1159 1359 humana
1176 1340 1227 1360 non
1243 1333 1379 1360 munierat
1402 1333 1517 1361 manus?
1539 1333 1684 1368 Propterea
1700 1341 1766 1368 ergo
1785 1333 1858 1361 Scri-

235 1384 313 1413 ptura
331 1388 391 1406 cum
411 1379 444 1407 de
459 1380 566 1407 caneris
579 1380 704 1407 omnibus
722 1380 846 1413 dixisset,
865 1381 929 1414 quia
945 1380 1011 1407 fecit
1025 1387 1117 1407 arcam
1132 1379 1199 1412 Noe,
1217 1385 1243 1408 et
1257 1381 1405 1408 introduxit
1422 1381 1558 1413 animalia,
1574 1387 1601 1408 et
1620 1381 1700 1413 lilios,
1717 1388 1745 1408 et
1762 1388 1857 1408 uvorcs

234 1435 340 1460 eorum,
357 1428 389 1455 de
404 1428 475 1456 ostio
495 1435 546 1455 non
563 1428 643 1460 dixit,
662 1429 724 1462 quia
743 1428 799 1456 Nee
822 1429 920 1456 clausit
939 1427 1039 1455 ostium
1061 1436 1131 1455 arca:
1147 1437 1153 1454 :
1177 1429 1224 1456 sed
1240 1429 1291 1462 ait,
1318 1429 1381 1463 quia
1404 1430 1498 1456 clausit
1515 1427 1642 1456 Dominus
1663 1429 1734 1456 Deus
1760 1429 1857 1464 deforis

233 1476 328 1502 ostium
345 1484 423 1509 arca’,
447 1481 470 1504 et
493 1477 530 1504 sic
543 1476 640 1508 factum
656 1481 693 1504 est
710 1477 880 1504 diluvium”.
908 1476 1114 1504 Observandum
1134 1482 1222 1503 tamen
1246 1482 1288 1504 est
1302 1477 1373 1511 quod
1391 1481 1450 1511 post
1466 1477 1594 1504 diluvium
1611 1484 1664 1504 non
1686 1477 1788 1504 dicitur
1805 1477 1856 1503 Noe

233 1524 372 1559 aperuisse
386 1525 499 1557 ostium,
525 1525 572 1552 sed
597 1525 755 1557 fenestram,
776 1532 836 1552 cum
863 1525 955 1552 emisit
969 1531 1092 1558 corvum,
1108 1528 1138 1551 ut
1152 1524 1257 1551 videret
1281 1528 1370 1551 utrmu
1386 1528 1519 1551 cessasset
1542 1530 1612 1558 aqua
1637 1530 1719 1558 super
1744 1529 1856 1551 terram.

235 1572 312 1606 Quod
329 1578 420 1599 autem
447 1571 573 1599 intulerit
594 1573 686 1599 cibum
704 1572 758 1599 Nec
779 1573 805 1598 in
824 1580 914 1599 arcam
937 1571 1062 1598 omnibus
1077 1572 1274 1603 animantibus,
1291 1571 1333 1598 vel
1359 1571 1464 1603 bestiis,
1480 1578 1539 1606 qua:
1553 1579 1614 1598 cum
1632 1578 1664 1598 eo
1679 1571 1857 1601 introierunt,
1881 1598 1884 1602 ,

234 1620 296 1647 audi
310 1627 343 1647 ex
357 1620 399 1647 his
417 1627 478 1654 quze
493 1619 623 1647 Dominus
642 1620 708 1647 dicit
723 1620 754 1646 ad
770 1619 825 1646 Nec
843 1629 849 1646 :
868 1619 917 1652 Tu,
936 1619 1025 1654 inquit
1037 1619 1073 1652 ",
1096 1620 1186 1654 accipe
1209 1620 1255 1646 tibi
1271 1620 1320 1654 ipsi
1342 1619 1374 1645 ab
1395 1619 1514 1646 omnibus
1529 1620 1593 1646 estis
1612 1627 1670 1653 qua
1685 1618 1814 1651 eduntur,
1835 1622 1858 1644 et

236 1667 403 1701 rongrcgnbis
425 1666 458 1692 ad
473 1666 648 1700 temetipsum,
669 1670 693 1692 et
719 1671 793 1692 erant
811 1665 857 1691 tibi
879 1672 902 1692 et
916 1666 978 1700 ipsis
993 1666 1027 1691 ad
1051 1665 1189 1700 edendum.
1213 1664 1289 1697 Quod
1304 1669 1395 1691 autem
1411 1663 1476 1692 fecit
1491 1664 1544 1691 Noe
1560 1671 1590 1691 ea
1611 1672 1671 1699 quae
1686 1665 1821 1698 praecepit
1834 1663 1858 1689 ei

234 1714 376 1746 Dominus,
398 1714 460 1741 audi
476 1713 646 1748 Scripturam
663 1713 796 1741 dicentem
811 1723 817 1739 :
834 1712 867 1739 Et
876 1713 949 1747 fecit,
966 1713 1055 1748 inquit
1066 1713 1100 1746 ",
1121 1712 1178 1740 Nae
1191 1712 1279 1739 omnia
1301 1720 1359 1745 qum
1381 1713 1502 1746 pra’cepit
1524 1713 1547 1739 ei
1570 1712 1697 1739 Dominus
1720 1712 1806 1744 Deus,
1823 1711 1860 1738 sic

235 1762 308 1794 fecit.
330 1762 402 1790 Sane
416 1762 486 1796 quod
506 1762 538 1788 de
551 1761 629 1794 locis,
643 1769 702 1795 qua:
717 1761 833 1788 diximus
849 1761 884 1787 ad
899 1761 990 1787 timum
1009 1760 1165 1787 animalium
1180 1764 1317 1794 separata,
1337 1758 1477 1793 Scriptura
1493 1759 1557 1786 nihil
1570 1759 1670 1792 retulit,
1688 1760 1737 1786 sed
1748 1758 1860 1785 traditio

233 1813 317 1841 tenet,
335 1813 489 1844 opportune
507 1808 646 1835 videbitur
668 1814 750 1840 super
771 1807 822 1834 hoc
847 1807 969 1835 habitum
995 1813 1057 1833 esse
1072 1805 1222 1837 silentium,
1239 1806 1272 1832 de
1287 1812 1342 1839 quo
1366 1804 1531 1838 suliiciqnter
1555 1805 1759 1838 consequentia:
1774 1804 1860 1838 ipsius

233 1856 302 1883 ratio
320 1856 439 1883 doceret.
469 1856 501 1883 Et
518 1856 580 1890 quia
601 1856 633 1882 ad
659 1855 810 1892 spiritalem
827 1854 1034 1888 intelligentiam
1061 1854 1151 1880 minus
1170 1853 1249 1888 digne
1272 1857 1377 1888 poterat
1393 1853 1492 1887 aptari,
1511 1853 1607 1890 merito
1631 1859 1696 1886 ergo
1713 1852 1857 1886 Scriptura

230 1902 305 1930 siluit
320 1902 353 1929 de
367 1902 427 1934 hoc,
443 1910 504 1936 qute
521 1903 607 1938 magis
625 1903 797 1930 narrationes
811 1909 875 1929 suas
891 1900 1073 1928 intellectibus
1086 1900 1238 1934 allegoricis
1250 1904 1370 1934 coaptat.
1393 1899 1582 1926 Verumtamen
1607 1903 1738 1932 quantum
1757 1899 1792 1925 ad
1810 1905 1858 1925 ne-

229 1949 384 1977 cessitatem
402 1949 552 1983 pluviarum
569 1955 597 1977 et
613 1949 704 1977 diluvii
720 1954 835 1984 spectat,
850 1948 923 1976 nulla
939 1949 1028 1983 potuit
1043 1952 1096 1975 tam
1113 1948 1277 1975 conveniens
1292 1952 1320 1974 et
1336 1954 1455 1980 congrua
1474 1954 1544 1973 arca:
1567 1947 1670 1980 species
1685 1946 1759 1979 dari,
1775 1954 1858 1981 quam

230 2001 258 2023 ut
273 2004 288 2024 e
302 2004 410 2024 summo
434 1997 507 2024 velut
521 2004 536 2024 e
552 2001 623 2024 lecto
636 1998 753 2031 quodam
774 1998 801 2024 in
829 2001 971 2031 augustum
988 1997 1094 2024 culmen
1116 1996 1215 2023 educto
1233 1995 1289 2030 (74)
1305 1995 1466 2022 diffunderet
1490 1994 1618 2021 imbrium
1636 1994 1742 2027 ruinas,
1758 2000 1788 2021 et
1805 1995 1859 2021 iuta

229 2044 257 2070 in
275 2045 352 2078 aquis
366 2044 496 2078 quadrata
522 2044 671 2071 stabilitate
687 2046 850 2078 consistens,
865 2052 915 2072 nec
939 2045 1056 2080 impulsu
1071 2049 1226 2077 yentorum,
1243 2051 1294 2070 nec
1310 2044 1410 2078 impetu
1434 2043 1576 2082 ﬂuctuum,
1594 2050 1644 2069 nec
1666 2043 1860 2077 inquietudine

233 2090 402 2123 animalium,
419 2097 479 2123 qua:
497 2090 661 2117 intrinsecus
675 2096 764 2123 erant,
779 2096 826 2117 aut
839 2090 962 2117 inclinari
978 2095 1080 2124 posset,
1094 2094 1141 2117 aut
1157 2089 1252 2123 mergi.

260 2135 287 2162 ‘2.
304 2134 357 2161 Sed
379 2135 421 2161 his
444 2135 571 2162 omnibus
592 2135 646 2169 (75)
671 2139 745 2162 tanta
767 2139 824 2161 arte
846 2135 1014 2170 compositis,

1111 2135 1282 2170 Ἐπηπόρουν
1298 2133 1379 2166 τινὲς,
1395 2135 1419 2160 εἰ
1432 2133 1542 2160 δύναται
1558 2135 1574 2169 ἡ
1597 2133 1752 2168 τηλικαύτη
1773 2133 1860 2160 κιϐω-

196 2182 198 2184 ’
228 2181 359 2216 objiciunt
376 2181 483 2216 quidam
498 2181 672 2217 qurestiones,
696 2185 724 2208 et
748 2181 882 2216 praecipue
895 2180 1013 2215 Apelles,

1083 2180 1109 2212 ὺς
1125 2180 1248 2216 χωρῆσαι
1271 2180 1321 2206 κᾶν
1342 2180 1373 2206 τὸ
1389 2179 1533 2206 πολλοστὸν
1558 2178 1650 2214 μόριον
1668 2177 1722 2204 τῶν
1743 2179 1794 2205 ἐπὶ
1806 2178 1859 2213 γῆς

910 2225 1037 2253 νΕῙὶδΙΟ
1053 2225 1158 2253 NOVA.

229 2276 298 2304 erat,
314 2273 475 2300 animalibus
491 2272 688 2304 destinabatur,
703 2272 849 2307 assignatis
862 2271 1029 2307 singulorum
1045 2272 1125 2298 nidis.
1143 2271 1347 2307 Verisimileque
1363 2278 1403 2299 est
1416 2271 1589 2306 serpentibus
1603 2277 1634 2307 ac
1649 2269 1713 2307 feris
1729 2270 1861 2307 intimam

229 2307 304 2335 illam
323 2308 414 2334 sedem
434 2308 523 2334 datam
541 2307 640 2339 fuisse;
654 2305 784 2340 jumentis
800 2314 863 2334 vero
879 2305 1034 2340 ac’reliquis
1048 2307 1196 2334 mansuetis
1209 2305 1392 2334 animantibus
1407 2305 1593 2341 superiorem;
1610 2305 1711 2332 homini
1722 2306 1863 2341 demum,

227 2347 321 2376 utpote
332 2343 472 2373 brutorum
488 2343 600 2377 principi
613 2343 788 2375 omniumque
803 2341 1038 2377 praestantissimo,
1051 2349 1204 2377 supremam
1221 2343 1341 2368 omnium
1355 2340 1447 2368 sedem
1458 2343 1546 2367 datam
1561 2341 1680 2377 oportuit
1695 2340 1729 2377 ad
1746 2342 1862 2367 tertiam

228 2373 466 2410 contignationem,
480 2373 510 2404 tit
526 2373 624 2405 caetera
639 2373 765 2404 animalia
780 2373 831 2403 sub
846 2384 925 2403 manu
943 2376 1066 2402 haberet.
1084 2373 1238 2403 Verisimile
1252 2382 1343 2404 autem
1362 2382 1404 2403 est
1419 2377 1489 2402 latus
1506 2373 1648 2410 arcastale
1663 2373 1754 2401 luisse
1778 2377 1864 2409 quate

227 2409 355 2439 diximus.
370 2412 484 2439 Januam
499 2419 564 2440 vero
577 2420 646 2439 arcae
658 2433 665 2444 ,
681 2420 695 2438 a
711 2412 795 2438 latere
809 2411 924 2445 positam
941 2411 1023 2437 fuisse
1040 2411 1114 2438 dicas
1130 2412 1162 2437 ad
1177 2412 1292 2445 primam
1308 2417 1335 2438 et
1352 2411 1472 2438 intimam
1491 2409 1735 2445 contignationem,
1753 2415 1787 2436 ut
1802 2412 1865 2437 ani-

228 2452 334 2474 mantcs
358 2447 420 2474 inde
434 2448 609 2476 introeuntes.
645 2448 677 2474 ad
693 2444 840 2473 constituta
859 2446 910 2473 sibi
925 2445 983 2472 loca
1000 2445 1132 2479 nidosque
1152 2451 1305 2481 pergerent.
1326 2445 1403 2479 Quod
1425 2453 1490 2481 sane
1513 2444 1679 2481 probabilius
1701 2444 1759 2481 dici
1778 2453 1865 2481 posse

229 2482 345 2513 videtur,
361 2490 441 2516 quam
459 2482 479 2509 si
497 2488 604 2516 putetur
620 2482 746 2508 aninmlia
764 2489 797 2507 ex
813 2481 967 2507 summitate
983 2481 1015 2516 ad
1036 2479 1224 2516 propria’locia
1243 2489 1338 2515 magna
1358 2489 1418 2508 cum
1435 2480 1595 2516 diliieultate
1610 2479 1809 2516 descendisse.
1829 2480 1866 2508 Ut

229 2524 325 2543 secure
348 2512 521 2545 clauderettir
539 2518 595 2544 haec
618 2519 710 2550 jantm,
736 2516 824 2542 divina
839 2517 955 2549 quadam
974 2512 1072 2543 virtute
1087 2512 1155 2550 opus
1171 2521 1245 2549 erat,
1262 2512 1321 2542 cu‘m
1340 2523 1391 2542 non
1411 2515 1524 2550 amplius
1539 2519 1628 2550 esset
1638 2512 1747 2541 deforis
1776 2515 1865 2550 homo

229 2552 361 2585 quispiam
377 2552 422 2586 qui
438 2560 496 2578 eam
512 2548 676 2579 bituminare
691 2555 790 2585 posset,
808 2548 1045 2585 nexum-ederetur
1059 2548 1140 2585 aqua.
1157 2550 1221 2577 Eam
1236 2548 1269 2578 ob
1285 2559 1340 2578 rem
1357 2550 1453 2577 clausit
1470 2549 1597 2576 Dominus
1615 2548 1685 2574 Deus
1700 2555 1773 2582 post
1790 2549 1864 2581 Noe,

228 2593 254 2612 et
272 2587 311 2613 sic
325 2587 421 2613 factum
433 2592 475 2613 est
486 2587 624 2614 diluvium.

287 2588 339 2612 if'
368 2592 421 2612 In
449 2588 510 2612 stl'
560 2588 624 2614 'uu.

265 2588 566 2656 ltittcbi‘t‘grgtitequitdlziumVl
578 2596 612 2647 aln
629 2620 689 2647 talis
704 2627 767 2646 arca
792 2623 882 2654 posset
898 2627 994 2654 capere
1010 2620 1052 2647 vel
1073 2619 1212 2647 minimam
1228 2626 1331 2654 partem
1349 2619 1469 2647 omnium
1485 2625 1545 2653 qua:
1568 2618 1595 2645 in
1613 2622 1685 2644 terra
1701 2623 1776 2644 sunt
1801 2619 1869 2646 ani»

262 2677 286 2693 ⁸ο
297 2678 396 2705 Genes.
408 2685 455 2708 vn,
472 2677 515 2709 16,
529 2677 571 2703 l7.
592 2676 613 2691 ⁸¹
625 2676 722 2703 Cenes.
739 2683 774 2708 νι,
787 2675 832 2701 2|.
852 2675 874 2690 ⁵³
888 2674 951 2701 ibid.
963 2674 1010 2700 ‘22.

1446 2669 1463 2682 ἵ

265 2712 320 2748 (75)
339 2712 433 2739 Verum
449 2713 507 2748 ostii
524 2712 606 2748 ipsius
620 2711 830 2748 ηιιιιιίιηεηεειρ.
851 2709 944 2736 Graeca
960 2709 1007 2735 lm-

226 2745 274 2782 jus‘
290 2745 338 2773 loci
355 2748 436 2774 verba
453 2755 468 2773 c
482 2746 590 2773 Catenis
604 2753 669 2782 mss,
684 2745 786 2782 Graecis
802 2749 878 2782 eruta
894 2748 966 2782 sunt.

262 2783 288 2818 (7
295 2783 317 2817 ί)
328 2782 401 2814 Mss,
410 2782 510 2808 culmen
522 2782 621 2808 educto.
632 2780 708 2807 Lihb.
719 2779 1004 2812 editi,culminedurto.

1106 2707 1266 2741 (7ibis)liic
1282 2707 1315 2733 ad
1327 2714 1436 2734 sensum
1451 2706 1556 2733 videtur
1567 2707 1662 2733 deesse
1673 2706 1802 2740 aliquid.
1817 2709 1869 2736 En.

1100 2742 1157 2776 (75)
1172 2742 1223 2778 Sed
1237 2743 1276 2768 his
1293 2750 1361 2778 enim.
1372 2742 1464 2769 Graeca
1484 2742 1562 2773 hujus
1579 2743 1628 2768 loci
1649 2743 1734 2768 verba
1758 2752 1868 2778 suppe-

1067 2778 1152 2804 ditant
1168 2777 1276 2804 Catcna:
1288 2777 1388 2804 Gl‘il‘t‘il)
1407 2778 1606 2811 manuscriptn

1137 2825 1155 2847 ο
