1902 3065
192 120 242 150 ιῧἹ

916 116 1076 146 ORlCENlS

1769 116 1826 144 168

193 184 244 206 tem
258 179 460 213 geometricam,
477 186 556 213 qnam
572 178 706 213 prsecipuc
724 177 844 212 ιΕκγμιίἰ
865 178 970 210 callent,

1028 178 1073 204 τοῦ
1084 179 1241 214 τρανότερον
1251 178 1345 213 νοῆσαι
1355 177 1594 212 τὸ,ἑ.τισυνιὶγων
1608 177 1744 210 ποιήσεις
1758 177 1823 210 τὴν

191 224 343 251 cubitorum
359 231 501 250 numerum
520 224 544 250 in
563 224 613 250 lioe
630 223 687 249 loco
702 224 799 258 posuit.
820 223 897 257 Apud
912 231 976 258 geo-

192 273 294 296 metras
319 269 374 304 (78)
398 269 468 294 enim
491 269 640 294 secundum
663 276 722 294 eam
747 269 892 300 rationem,
917 276 976 302 qum

191 315 263 347 apud
277 322 325 342 eos
341 315 427 342 virtus
443 321 566 346 vmatur,
582 322 613 341 ex
632 315 718 340 solido
735 318 761 340 et
785 315 919 348 quadrato
936 315 975 340 vel

191 359 219 385 in
244 367 291 387 sex
308 360 412 386 eltbitos
439 368 508 386 lllllls
531 360 677 393 deputatur
697 359 718 385 si
743 359 914 392 generaliter,
935 358 975 385 vel

192 409 328 432 trecentos
350 405 370 431 si
388 405 540 431 minutatim
559 405 717 431 dcdutatur.
739 404 803 436 Quzc
823 404 913 438 utiqne
934 411 977 429 ra-

192 448 230 476 tio
244 450 266 476 si
284 450 455 481 observetur,
471 450 497 476 in
512 449 592 483 hujus
609 456 679 475 arcte
693 456 818 475 mensura
838 449 975 475 invenien-

192 501 234 522 tur
248 500 275 522 et
291 496 466 529 longitudinis
490 500 517 522 et
534 496 683 522 latitudinis
708 500 780 522 tanta
800 495 899 528 spatia,
916 502 975 529 quin

190 550 253 569 vere
269 543 352 569 totius
370 543 462 569 mundi
481 542 630 576 reparanda
649 542 769 576 germina
787 547 813 568 et
836 541 976 568 universo-

191 595 250 614 rum
277 588 456 614 animautimn
482 594 579 622 capere
604 587 722 613 rediviva
748 587 801 621 63
825 586 973 613 seminaria

190 633 338 666 pottterint.
373 632 444 664 lltcc,
462 637 590 667 quantum
607 633 638 658 ad
655 632 773 658 historia:
797 632 914 666 pertinet
929 639 971 658 ra—

191 677 302 708 tionem,
329 678 471 704 adverstun
492 685 539 703 eos
564 678 634 703 dit-ta
654 677 718 708 sint,
744 677 789 711 qui
816 676 974 712 impugnare

190 723 339 756 scripturas
365 723 469 749 Veteris
499 722 664 748 Testamenti
690 723 821 754 nituntur,
847 728 972 757 tanquam

190 769 366 802 impossibilia
393 769 514 803 qnzedam
548 773 575 795 et
601 768 799 795 irrationabilia
830 769 972 795 continen-

191 819 240 841 tes.

1029 222 1161 254 κιϐωτὸν,
1176 224 1224 249 καὶ
1240 224 1282 256 εἰς
1298 219 1405 257 miva
1419 223 1614 254 σιω-τελέσειε*
1627 221 1726 255 αὐτὴν
1740 221 1827 247 ἀνίη)-

1028 267 1089 298 οειο,
1099 266 1225 293 ἐκθέσθαι
1236 267 1280 293 τὸν
1288 268 1368 293 οἱονεὶ
1378 267 1594 302 ἁρχιτεκτονικὺν
1603 266 1722 301 περὶτῆς
1732 266 1824 292 κιϐω-

1027 311 1073 338 τοῦ
1094 312 1180 345 λόγον,
1199 313 1275 348 φέρε,
1297 313 1334 344 ὡς
1352 312 1546 338 ὑποπέπτωκεν
1568 313 1643 346 ἡμῖν,
1665 310 1712 338 καὶ
1727 319 1825 346 μεμα-

1027 356 1160 392 θήκαμεν,
1176 357 1256 384 αὐτὸν
1273 357 1426 393 ὲκῢώμεοα.
1447 358 1511 384 Νόει
1526 366 1570 392 μοι
1582 357 1746 392 τριακοσίων
1762 356 1824 390 πή-

1027 410 1096 436 χεων
1118 403 1172 429 τῶν
1194 404 1345 439 εἰρημένων
1360 403 1430 430 κατὰ
1452 403 1499 439 τὴν
1517 403 1685 439 καλουμένην
1700 402 1824 437 δύναμιν

1027 446 1095 475 εἶναι
1117 449 1264 475 κατωτάτω
1287 450 1317 476 τὸ
1337 450 1386 484 τῆς
1399 449 1514 476 κιϐωτοῦ
1530 449 1627 484 μῆκος,
1651 449 1699 475 καὶ
1716 449 1825 483 πεντή-

1027 502 1109 520 κοντα
1126 494 1241 526 πλάτος-
1268 493 1327 521 εἶτα
1351 494 1420 521 κατὰ
1434 494 1522 530 πῆχυν
1543 493 1754 528 ὲπισυνάγεσοαι
1769 493 1823 519 τοῦ

1029 538 1079 574 μὲν
1098 539 1202 573 μήκους
1223 538 1288 566 δέκα
1315 541 1421 575 πήχεις,
1437 540 1483 566 τοῦ
1510 540 1539 566 δὲ
1565 539 1692 571 πλάτηυς,
1707 539 1757 565 ἕνα
1779 538 1825 565 δῖ·-

1028 593 1121 620 μοιρον
1135 593 1142 601 ·
1159 585 1227 611 ὥστε
1240 585 1363 618 γενέσθαι
1374 586 1418 612 τὸν
1434 585 1593 622 τριακοστὴν
1605 584 1746 619 τοῦὗψους
1763 584 1823 618 πῆ-

1027 639 1086 664 χυν,
1101 630 1166 656 δέκα
1185 631 1233 665 μὲν
1246 631 1293 657 τοῦ
1314 632 1429 666 μήκους,
1445 631 1502 663 ἑνὸς
1520 632 1547 657 δὲ
1562 631 1608 658 καὶ
1629 631 1750 666 διμοίρθυ
1768 631 1820 656 τοῦ

1026 675 1160 706 alimur
1177 675 1236 702 εἶτα
1261 676 1329 712 μετὰ
1350 677 1428 702 τοῦτο
1452 675 1657 711 συντελεσθῆναι
1670 676 1708 707 εἰς
1726 675 1822 709 πῆχυν

1025 722 1074 756 τὴν
1092 723 1308 757 ἐπισυναγωγὴν.
1329 723 1360 748 Εἰ
1377 723 1405 748 δέ
1419 731 1457 757 τῳ
1473 722 1557 757 ﬁnio;
1571 720 1639 749 εἶναι
1656 722 1720 759 δόξῃ
1733 722 1747 747 ὁ
1763 722 1821 756 πῆ-

1026 777 1074 802 χυς
1094 768 1252 802 τριακοστὸς
1265 768 1312 800 ὢν,
1328 768 1374 794 καὶ
1387 768 1492 804 πρῶτος
1509 768 1544 795 ὢν
1557 768 1603 795 τοῦ
1619 768 1711 802 ὕψους,
1727 775 1819 802 πρήσι

1026 814 1110 849 εχέτω
1121 814 1153 848 τῇ
1176 813 1245 846 λέξει
1261 814 1386 850 λεγούσῃ,
1405 815 1454 841 καὶ
1467 814 1624 848 τριάκοντα
1639 814 1761 849 πήχεων
1783 813 1820 839 τὸ

189 858 267 893 ὕψος
279 857 381 892 αὐτῆς,
396 860 588 894 ἑπισυνάγων
600 859 737 892 ποιήσεις
748 859 806 893 τὴν
822 858 956 890 κιϐωτὸν,
970 858 1018 885 καὶ
1034 860 1078 891 εἰς
1101 858 1408 894 πῆχυνσυντελέσεις
1421 859 1528 893 αὐτήν.
1551 858 1632 895 Οἶμαι
1645 860 1698 896 γὰρ
1710 860 1818 895 ἐμφαί-

189 904 280 930 νεσθαι
300 904 368 939 μετὰ
380 905 420 935 τὸ,
435 905 483 931 καὶ
511 905 666 938 τριάκοντα
691 905 811 939 πήχεων
837 904 869 930 τὸ
893 904 980 938 ὕψος,
1006 904 1050 930 τὸν
1068 904 1174 940 πρῶτον
1189 904 1244 938 ,καὶ
1271 905 1429 940 τριακοστὸν
1446 905 1543 940 πῆχυν,
1566 905 1609 931 διὰ
1628 905 1685 938 τοῦ,
1701 905 1751 932 καὶ
1772 907 1819 938 εἰς

189 951 290 986 πῆχυν
304 953 498 984 συντελέσας
512 953 608 986 αὐτὴν
622 953 745 980 ἄνωθεν.

870 984 996 1012 VERSlO
1015 985 1118 1013 NOVA.

211 1033 408 1068 uinquaginta;
427 1033 522 1059 dcimlc
542 1041 590 1068 pcr
608 1032 733 1067 Singulos
758 1032 864 1068 cubilos
884 1032 1137 1068 arcamﬂsccnmlum
1153 1031 1349 1068 longitudinem
1371 1033 1454 1060 minui
1480 1034 1572 1062 decem
1587 1035 1697 1068 cubitis,
1714 1043 1818 1063 secun-

211 1042 408 1068 ttlnqtlagtntn;
427 1042 522 1059 ttctnttc
542 1042 590 1068 ρει*
608 1042 733 1067 Singulos
758 1042 864 1059 cunnos
884 1042 974 1058 itl'ullll
991 1042 1137 1058 scentulum
1154 1042 1349 1066 longttuttntem
1371 1042 1454 1060 minui
1480 1042 1572 1062 acccm
1587 1042 1697 1068 Cttbllts,
1714 1043 1816 1063 secun-

188 1042 251 1095 gum
269 1068 436 1094 latitudinem
454 1073 554 1098 autem.
578 1076 631 1094 uno
650 1069 740 1094 uibito
754 1072 781 1094 et
798 1067 901 1093 duabus
919 1067 1007 1092 tertiis
1027 1067 1160 1100 partibus,
1178 1067 1213 1093 ita
1232 1073 1260 1093 ut
1278 1068 1432 1095 tricesimus
1453 1070 1479 1095 in
1501 1071 1640 1097 cacumine
1654 1071 1763 1098 cubitus
1781 1081 1816 1098 ex

188 1104 282 1130 decem
296 1103 322 1130 in
340 1103 518 1137 longitudine,
534 1107 616 1136 atque
635 1110 668 1129 ex
682 1111 735 1128 uno
753 1110 783 1128 ac
800 1101 903 1128 duabus
925 1101 1012 1137 tertiis
1029 1102 1151 1135 partibus
1163 1102 1188 1128 in
1206 1102 1348 1129 latitudine
1365 1104 1428 1135 (lat;
1441 1105 1538 1132 deinde
1556 1112 1619 1132 vero
1637 1106 1815 1132 imminutam

189 1139 229 1164 sic
251 1145 342 1176 arcam
360 1136 530 1176 inlcttbilutn
547 1138 682 1176 desinere.
744 1137 785 1176 cui
801 1140 891 1176 autem
903 1136 1042 1176 violenter
1058 1144 1206 1176 expressus
1223 1138 1328 1176 videtur
1352 1138 1508 1176 trigesitnus
1522 1140 1629 1167 cubitus
1645 1141 1691 1176 qui
1716 1141 1744 1168 in
1764 1148 1815 1168 ea-

188 1173 294 1200 cumine
309 1177 377 1211 erat.
437 1173 556 1211 attendat
567 1172 758 1211 ltuiCJ-cttliohl‘l
778 1182 784 1211 ε
802 1170 835 1210 Et
848 1171 956 1210 triginta
971 1171 1119 1211 cubitorum
1136 1171 1318 1211 altitudoejus
1329 1180 1338 1204 ;
1351 1170 1531 1211 ilt__lltiguslttln
1543 1175 1638 1201 sensim
1654 1170 1754 1211 redige:
1769 1184 1817 1201 m-

188 1215 258 1239 rum,
279 1212 305 1245 et
319 1208 345 1233 in
360 1207 475 1245 cubitum
499 1207 614 1245 absolves
630 1207 716 1245 illam.
737 1206 870 1232 Existimo
883 1206 955 1245 enim
973 1205 1181 1245 declararinpost
1198 1206 1273 1245 illud,
1287 1212 1310 1233 et
1324 1205 1437 1245 triginta-
1455 1210 1600 1245 cubitorum
1613 1205 1739 1243 altitudo,
1756 1212 1818 1245 pri-

189 1250 261 1268 mum
279 1242 352 1268 illiilli
369 1242 489 1268 cubitum
507 1242 550 1274 qui
575 1241 732 1276 trigesimus
747 1245 818 1271 erat,
832 1247 879 1274 per
897 1241 954 1266 luce
970 1241 1052 1266 verba
1073 1249 1079 1266 :
1099 1240 1133 1267 Et
1150 1241 1176 1268 in
1189 1241 1304 1268 cubitum
1319 1242 1435 1269 absolves
1455 1244 1528 1270 illaut
1546 1245 1666 1279 desuper.

221 1288 248 1315 5.
266 1287 342 1314 Nunc
356 1294 420 1314 vero
435 1287 492 1320 jam
506 1286 682 1320 deprecantes
705 1293 767 1312 eum
785 1285 859 1320 prius
870 1285 915 1319 qui
930 1291 976 1312 so—
992 1286 1014 1316 Β
1030 1290 1074 1312 tur
1088 1292 1153 1321 ergo
1168 1286 1282 1321 populus
1299 1287 1343 1314 hic
1358 1288 1403 1322 qui
1421 1288 1541 1316 salvatur
1561 1290 1587 1316 in
1605 1289 1736 1324 Ecclesia,
1757 1291 1816 1319 illis

188 1334 230 1362 lus
242 1338 332 1368 potest
352 1334 385 1360 dc
408 1333 522 1360 lectione
538 1332 643 1360 Veteris
670 1332 837 1359 Testamenti
866 1331 973 1358 auferre

189 1380 324 1409 velamen.
338 1384 473 1406 tentemus
499 1379 639 1412 inquirere
654 1378 718 1412 quid
740 1378 820 1404 etiam
843 1376 973 1412 spiritalis

188 1424 378 1452 aetlillcatiouis
390 1423 528 1450 contineat
539 1422 682 1458 magniﬁca
695 1422 752 1449 ιιίυε
764 1429 833 1448 arca:
848 1427 975 1448 constru-

188 1470 252 1497 ctio.
269 1469 336 1497 Puto
352 1477 417 1503 ergo
434 1468 484 1503 (ut
500 1476 550 1503 ego
573 1476 621 1503 pro
646 1462 781 1504 parvitate
799 1475 896 1494 sensus
922 1467 972 1494 mei

188 1515 297 1549 assequi
313 1514 439 1549 possum)
456 1515 526 1549 quod
541 1514 606 1541 illud
627 1513 769 1547 diluvium,
785 1521 838 1548 quo
855 1520 922 1547 pene
942 1512 974 1539 ti-

189 1561 230 1588 nis
247 1566 310 1588 tunc
331 1561 409 1587 datus
423 1565 466 1587 est
479 1560 593 1593 mundo,
612 1559 726 1587 fortnam
744 1563 833 1587 tctteat
859 1559 918 1586 linis
942 1559 974 1585 il-

188 1607 240 1634 lius
265 1606 311 1641 qni
334 1613 397 1633 vere
421 1606 529 1632 futurus
550 1609 592 1632 est
611 1606 704 1632 mundi
724 1605 756 1632 ³³.
771 1605 847 1638 Quod
870 1609 897 1631 et
916 1605 974 1639 ipse

189 1651 321 1678 Dominus
330 1650 515 1686 pronuntiavit
530 1650 624 1677 dicens
642 1657 649 1675 :
667 1649 741 1676 Sicut
755 1649 824 1676 enim
839 1649 866 1675 in
882 1648 972 1674 diebus

190 1695 248 1722 Noe
267 1697 396 1730 emebant,
415 1696 570 1733 vendebant,
594 1694 774 1728 wdiﬁcabanl,
799 1695 928 1720 nubebnnt
949 1698 972 1719 et

187 1747 297 1777 nuptum
314 1743 464 1774 tradebant,
479 1747 503 1768 et
516 1742 583 1768 venit
597 1741 736 1773 dilui-ium,
755 1745 778 1768 et
792 1741 905 1775 perdidit
917 1748 973 1766 out-

188 1796 243 1819 ncs,
257 1788 294 1814 ita
310 1788 360 1814 erit
375 1793 398 1813 et
418 1788 543 1813 adcentus
565 1786 628 1813 Filii
643 1787 767 1813 hominis.
792 1786 819 1812 In
842 1794 896 1820 quo
915 1786 973 1812 evi-

187 1835 282 1862 denter
311 1841 361 1861 una
389 1833 538 1868 cadentque
562 1833 649 1860 forma
669 1833 782 1865 diluvii,
806 1832 878 1867 quod
902 1839 972 1866 pra:-

186 1880 277 1911 ccssit,
294 1884 321 1906 et
343 1879 405 1906 linis
424 1870 517 1906 mundi
540 1886 620 1913 quem
645 1883 786 1905 venturum
804 1878 881 1910 dicit,
898 1877 971 1904 desis

185 1930 292 1960 gnatur.
308 1925 384 1952 Sicut
403 1932 468 1960 ergo
485 1929 549 1951 tunc
567 1925 669 1951 dictum
687 1928 731 1951 est
748 1923 780 1950 ad
805 1923 878 1950 illum
902 1923 967 1956 Noe,

1025 1331 1163 1365 onmibus,
1178 1331 1235 1359 sive
1246 1333 1410 1366 hominibus,
1425 1334 1482 1362 sive
1497 1335 1669 1369 animalibus,
1684 1344 1745 1372 qua:
1756 1338 1814 1364 sal-

1025 1381 1086 1405 vata
1109 1384 1171 1406 sunt
1183 1379 1209 1406 in
1225 1386 1298 1407 arca.
1314 1380 1413 1408 Verum
1426 1382 1552 1415 quoniam
1567 1390 1618 1408 non
1633 1387 1675 1410 est
1687 1384 1813 1410 omnium

1027 1432 1109 1451 unum
1126 1425 1265 1460 meritum,
1279 1434 1329 1454 nec
1348 1435 1418 1454 unus
1434 1427 1459 1454 in
1477 1428 1528 1455 [ide
1543 1428 1690 1462 profectus,
1707 1431 1815 1458 idcirco

1025 1474 1051 1496 et
1066 1477 1129 1496 arca
1145 1470 1188 1496 illa
1205 1478 1256 1498 non
1273 1479 1353 1498 uuam
1369 1472 1470 1506 prmbet
1485 1473 1611 1500 omnibus
1626 1475 1813 1507 mansionem.

1025 1515 1072 1542 sed
1086 1516 1252 1543 bicainerata
1268 1522 1330 1544 sunt
1344 1517 1482 1552 inferiora,
1495 1524 1521 1546 et
1538 1520 1708 1548 tricatnerata
1726 1530 1813 1557 supe-

1024 1560 1107 1592 riora,
1123 1566 1150 1588 et
1164 1562 1219 1589 nidi
1235 1563 1436 1598 distinguuntur
1447 1565 1473 1591 in
1488 1572 1518 1592 ea
1533 1573 1539 1591 :
1558 1570 1587 1592 ut
1600 1567 1726 1594 ostendat
1746 1570 1813 1602 quia

1022 1611 1051 1633 et
1067 1606 1092 1633 in
1109 1606 1226 1634 Ecclesia
1243 1608 1305 1635 licet
1315 1617 1408 1636 omnes
1422 1610 1492 1637 intra
1517 1618 1596 1638 unam
1618 1612 1697 1639 ﬁdem
1716 1615 1792 1641 conti
1806 1631 1814 1635 -

1026 1658 1153 1687 neantur,
1170 1659 1250 1688 atque
1275 1663 1327 1682 uno
1348 1655 1512 1691 baptismate
1527 1658 1676 1692 diluantur,
1695 1667 1749 1686 nou
1767 1665 1812 1687 ta-

1024 1707 1083 1726 men
1099 1708 1168 1728 unus
1191 1702 1317 1728 omnibus
1341 1701 1421 1737 atque
1440 1703 1508 1730 idem
1530 1705 1666 1738 prolectus
1683 1713 1736 1738 est,
1762 1709 1812 1733 soil

1023 1746 1209 1780 unusquisque
1229 1747 1256 1773 in
1273 1754 1322 1773 suo
1337 1748 1443 1775 ordine.
1459 1748 1489 1775 lli
1506 1750 1624 1783 quidem,
1639 1751 1685 1785 qui
1699 1759 1748 1786 per
1766 1760 1813 1779 rae

1023 1790 1179 1818 tionabilem
1194 1792 1334 1819 scientiam
1352 1793 1447 1820 vivunt.
1468 1798 1495 1820 et
1509 1795 1596 1822 idonei
1612 1801 1673 1822 sunt
1689 1804 1743 1824 non
1760 1805 1810 1824 so-

1022 1835 1076 1862 lum
1086 1837 1246 1871 semetipsos
1260 1845 1361 1872 regere,
1378 1840 1424 1865 sed
1437 1843 1463 1865 et
1474 1839 1541 1866 alios
1554 1840 1662 1872 docere,
1675 1843 1808 1875 quoniam

1022 1881 1099 1908 valde
1116 1883 1192 1916 pauci
1219 1883 1402 1916 inveniuntur,
1427 1891 1574 1918 paucorum
1593 1885 1649 1921 (79)
1669 1887 1716 1920 qui
1743 1895 1809 1914 cum

1023 1925 1082 1960 ipso
1098 1926 1152 1954 Noe
1175 1928 1326 1960 salvantur,
1352 1933 1379 1955 et
1405 1930 1526 1963 proxima
1550 1931 1574 1958 ei
1595 1933 1809 1967 propinquitate

186 1975 213 1998 ut
229 1971 445 2003 faceretarcam,
459 1975 485 1997 et
500 1970 684 1997 introduceret
700 1969 725 1995 in
737 1976 796 1996 eam
811 1976 901 1995 secum
915 1975 967 1995 nou
981 1969 1001 1997 C
1017 1971 1177 2007 junguntur,
1195 1979 1287 2002 teucut
1303 1976 1414 2010 ﬁguram
1430 1977 1520 2004 :sicut
1530 1981 1556 2003 et
1573 1977 1702 2006 Dominus
1713 1986 1810 2006 "05m.-

185 2018 270 2044 solum
291 2017 371 2048 ﬁlios,
383 2021 410 2043 et
424 2017 564 2051 proximos
575 2023 650 2047 suos,
665 2023 758 2042 verum
771 2015 853 2042 etiam
869 2015 969 2042 diversi

185 2063 294 2098 generis
312 2062 440 2089 animalia
457 2069 464 2088 :
484 2062 521 2088 ita
544 2062 676 2088 etiam‘ad
699 2066 820 2088 nostrum
843 2060 909 2092 Noe,
924 2060 968 2094 qni

185 2116 249 2135 vere
267 2108 438 2142 solusjustus
452 2112 479 2135 et
491 2107 565 2135 solus
588 2107 725 2142 perfectus
745 2112 798 2138 est,
827 2106 968 2133 Dominum

184 2152 275 2180 Jesnm
289 2152 426 2180 Christum
446 2153 472 2179 in
492 2153 726 2180 consummatione
746 2151 904 2179 sa-eulorum
929 2152 969 2178 di-

186 2203 259 2226 ctum
272 2204 342 2227 esta
356 2199 449 2232 Patre,
467 2204 496 2226 ut
518 2199 620 2226 faceret
642 2199 692 2225 sibi
715 2206 807 2224 arcam
832 2206 865 2225 ex
889 2197 968 2233 lignis

185 2245 336 2280 quadratis,
353 2249 541 2280 etmensnras
561 2245 584 2271 ei
604 2245 680 2271 daret
697 2244 854 2271 cmlesulms
872 2250 967 2270 sacra-

186 2290 286 2317 mentis
315 2290 442 2325 repletas.
468 2289 525 2317 lloe
547 2290 617 2316 enim
634 2289 791 2321 designatur
818 2288 843 2314 in
860 2287 968 2314 Psalmo

168 2334 410 2364 iubidicit”:l’ete
420 2345 436 2362 ιι
447 2344 497 2367 me;
510 2341 532 2362 et
546 2336 613 2362 dabo
629 2335 675 2361 tibi
688 2339 775 2369 gentes
787 2335 972 2362 ltwrcditatem.

183 2383 267 2413 tuam,
291 2384 316 2406 et
338 2380 527 2414 possessionem:
545 2385 618 2406 (unm
639 2381 761 2406 terminos
783 2384 869 2406 terrm.
894 2379 967 2406 Con-

182 2426 262 2454 struit
276 2433 342 2462 ergo
355 2434 458 2458 arcam,
471 2430 498 2453 et
510 2425 574 2452 facit
585 2425 612 2451 in
625 2432 654 2451 ea
669 2424 755 2458 nidos,
770 2425 794 2452 id
807 2430 858 2458 est,
875 2432 967 2459 prom-

182 2471 287 2504 ptuaria
297 2471 421 2505 quaedam
436 2471 535 2505 quibus
546 2471 645 2498 diversi
660 2472 767 2506 generis
781 2471 907 2498 animalia
921 2477 965 2498 re-

182 2515 327 2549 cipiantur.
347 2517 384 2543 De
407 2517 506 2551 quibus
534 2521 561 2544 et
577 2517 708 2551 propheta
724 2516 789 2543 dicit
806 2516 827 2531 "
844 2525 851 2542 :
871 2515 965 2549 Perge,

181 2563 291 2595 populus
312 2571 394 2594 meus,
412 2564 482 2589 intra
504 2564 531 2590 in
549 2563 727 2597 promptuaria
755 2568 811 2593 tun,
835 2560 966 2588 absconde

181 2611 205 2633 te
217 2615 356 2642 parumper
371 2610 452 2636 donec
477 2614 593 2636 transeat
607 2609 681 2643 furor
704 2609 751 2636 ira:
765 2615 838 2635 metu.
852 2607 959 2634 Confer-

217 2654 239 2671 "
253 2655 318 2683 Luc.
335 2664 401 2688 ιιι-ιι,
414 2656 461 2689 26,
473 2658 518 2684 27.
557 2659 581 2674 ⁵⁵
592 2657 665 2686 Psal.
679 2665 709 2688 ιι.
726 2656 753 2684 8.

215 2701 352 2733 (ἹδὶΑιιιιά
360 2709 466 2736 geomet.
476 2704 517 2731 Cl'.
527 2705 574 2732 lib.
583 2709 704 2731 ircontra
713 2705 827 2734 Celsum,
837 2711 909 2730 nnm.
920 2703 963 2732 Η.

217 2737 272 2770 (79)
289 2737 448 2765 Paucorum.
465 2739 525 2766 lla-c
546 2747 671 2774 vo.\,qna:
694 2741 720 2766 in
736 2741 815 2767 codd.
832 2747 895 2765 mss.
922 2748 964 2766 rc-

183 2778 297 2804 perltur.
314 2778 339 2798 ct
355 2775 506 2799 necessaria
521 2779 569 2803 est.
584 2775 754 2801 desideratur
771 2776 795 2802 in
811 2781 888 2802 antea
907 2777 964 2802 ed:-

181 2809 226 2839 tis,
240 2807 284 2833 ubi
300 2808 368 2834 ntale
383 2808 463 2835 ctiam
479 2809 546 2836 inira
567 2815 626 2844 post
641 2811 802 2844 junguntur,
828 2811 962 2845 sequitur,

794 2657 816 2672 ⁸³
830 2655 881 2682 lsn.
895 2654 1015 2686 u\'t,20.

1021 2026 1102 2046 verus
1116 2019 1172 2047 Noe
1187 2021 1312 2048 Christus
1325 2021 1404 2049 Jesus
1428 2030 1529 2056 paucos
1552 2023 1633 2050 habet
1655 2025 1807 2058 pI‘OXlllIOx,

1020 2070 1121 2097 paucos
1139 2064 1210 2091 tilio:
1222 2069 1249 2092 et
1269 2066 1447 2100 propinquos,
1464 2067 1510 2099 qui
1526 2066 1600 2093 verbi
1618 2066 1677 2100 ejus
1693 2069 1808 2102 partici—

1021 2114 1068 2141 pes
1082 2109 1144 2139 sint,
1161 2114 1188 2135 et
1213 2110 1353 2144 sapientia:
1371 2117 1495 2145 capaces.
1516 2110 1550 2137 Et
1566 2111 1582 2137 ii
1605 2116 1678 2143 sunt,
1705 2113 1750 2146 qui
1780 2114 1806 2140 in

1020 2161 1126 2181 summo
1146 2155 1232 2188 gradu
1259 2156 1340 2190 positi
1365 2161 1439 2188 sunt,
1465 2161 1492 2184 et
1516 2157 1543 2184 iu
1558 2158 1717 2185 summitate
1734 2165 1807 2185 ιιι-ουτ

1019 2199 1198 2226 collocantur.
1214 2200 1345 2228 Caeterum
1370 2202 1511 2229 nmltitudo
1529 2203 1728 2231 irrationalium
1746 2204 1808 2230 ani-

1020 2245 1142 2278 malium,
1157 2246 1198 2273 vel
1212 2247 1292 2273 etiam
1310 2248 1457 2275 bestiarum
1482 2248 1509 2275 in
1535 2248 1708 2277 inferioribus
1734 2250 1806 2276 locis

1020 2290 1145 2324 habetur,
1163 2296 1189 2318 et
1204 2299 1296 2320 eorum
1311 2294 1439 2326 maxime,
1455 2302 1571 2328 quorum
1591 2295 1708 2322 feritatis
1723 2296 1806 2322 srcri-

1019 2335 1085 2362 tiam
1112 2344 1161 2363 nec
1189 2336 1250 2364 tidei
1278 2337 1392 2365 dulcedo
1417 2339 1543 2366 mollivit.
1561 2339 1722 2374 Superiores
1737 2349 1806 2368 vero

1020 2381 1188 2415 aliquantulo
1200 2383 1233 2409 ab
1248 2383 1290 2410 his
1308 2389 1381 2416 sunt,
1398 2384 1443 2418 qui
1469 2385 1531 2412 licet
1558 2386 1646 2413 minus
1677 2387 1805 2420 rationis,

1019 2426 1165 2461 plurimum
1179 2432 1269 2455 tamen
1282 2429 1473 2464 simplicitatis,
1485 2430 1699 2466 innocentimquc
1710 2438 1806 2460 custoo

1017 2471 1105 2498 diunt.
1122 2472 1155 2499 Et
1169 2473 1209 2501 sic
1226 2482 1273 2509 per
1287 2475 1407 2509 singulos
1420 2476 1617 2504 habitationum
1638 2478 1739 2512 gradus
1760 2487 1804 2506 as-

1017 2518 1196 2546 cendentibus
1211 2521 1370 2554 pervenitur
1395 2522 1428 2549 ad
1458 2523 1544 2557 ipsutn
1565 2522 1629 2554 Noe,
1646 2525 1693 2557 qui
1718 2525 1805 2551 inter.

1017 2566 1140 2595 prelatur
1170 2564 1277 2599 requies
1288 2567 1310 2582 θθ
1323 2565 1388 2602 (80),
1402 2566 1444 2593 vel
1472 2567 1571 2601 justus,
1597 2568 1642 2602 qui
1666 2573 1708 2595 est
1722 2569 1803 2597 Jesns

1017 2606 1151 2636 Christus.
1168 2609 1261 2645 Neque
1275 2612 1348 2639 enim
1365 2612 1392 2639 in
1413 2613 1486 2639 illum
1503 2613 1560 2641 Noe
1577 2616 1715 2649 convenit,
1730 2618 1805 2652 quod

1056 2656 1081 2672 ⁵⁸
1091 2655 1190 2685 Genes.
1204 2667 1230 2692 ν,
1242 2660 1287 2686 29.

1018 2706 1041 2746 et
1059 2709 1144 2746 tenent
1170 2706 1293 2741 ﬁgurant.
1310 2707 1375 2734 Nam
1394 2709 1547 2743 eonjnnctio
1572 2715 1596 2736 at
1622 2713 1806 2744 expungcuda

1285 2751 1392 2770 sensum
1409 2745 1559 2778 perturbet,
1580 2753 1665 2780 neque
1690 2746 1805 2782 insvper

1062 2793 1065 2798 ι
1209 2789 1245 2803 33-

1062 2789 1116 2800 .Itlll
1137 2789 1161 2801 ΙΙΙ
1181 2789 1245 2803 HIS-\-

1054 2810 1108 2843 KSO)
1126 2812 1146 2837 Λ
1154 2817 1223 2854 Δ1⁵11εῖ1.
1248 2814 1385 2847 quiescere.
