1900 3060
78 115 122 143 N29
675 117 711 146 IN
728 116 877 146 GENESlM
893 119 1035 147 HOMILIA
1055 119 1086 148 ll.

1647 127 1696 153 m

75 176 139 202 dicit
163 174 283 204 Lamech
314 181 394 211 pater
417 177 474 212 ejus
493 185 500 204 :
519 176 568 204 llic
584 176 662 208 enim,
675 179 762 212 inquit
772 179 806 212 ",
824 187 863 206 re-
879 180 901 208 Α
916 178 1002 205 emisit
1015 180 1049 205 ad
1063 179 1150 206 omnia
1166 178 1237 214 ligna
1257 180 1351 214 (arripi.
1370 179 1511 215 Propterea
1526 182 1639 210 eaaltata
1659 189 1697 211 ω

75 223 157 256 quiem
175 223 250 250 dabit
264 224 340 251 nobis
367 224 398 250 ab
413 224 532 259 operibus
548 228 645 251 nostris
668 223 722 260 (8|)
738 231 761 252 et
782 234 798 252 α
812 225 862 251 tri-

77 269 156 296 stitiis
167 277 297 296 manuum
310 273 472 301 nostrarum,
486 274 509 296 et
521 278 537 295 a
549 274 619 296 terra
635 278 713 304 quant
726 269 863 297 maledixit

79 313 203 341 Dominus
236 313 320 343 Deus.
353 315 493 347 Quomodo
522 315 593 341 enim
616 321 706 341 verum
725 315 777 342 erit
790 315 861 350 quod

75 359 118 386 ille
137 359 194 387 Noe
211 360 335 394 requiem
357 360 462 387 dederit
483 360 519 387 illi
538 360 667 392 Lamech,
684 360 725 387 vel
750 360 859 395 populo,

72 405 118 439 qui
135 409 200 432 tunc
214 405 368 432 habebatur
384 406 408 432 in
425 405 514 437 terris,
530 405 571 432 vel
592 405 727 439 quomodo
741 405 859 432 ablatum

72 455 112 476 est
128 450 303 477 maledictum
321 454 410 482 terrae.
426 451 496 485 qttod
517 451 629 478 dederat
657 451 796 483 Dominus,
813 451 858 478 ubi

71 496 164 530 potius
185 496 328 523 iracundia
344 496 434 522 divina
450 496 537 530 major
553 497 716 529 ostenditur,
733 501 759 524 et
775 497 859 524 refer.

72 546 115 566 tur
129 541 223 567 dicere
238 541 311 568 Deus
332 541 356 557 "
375 550 381 567 :
400 540 510 568 Paenitet
526 549 566 568 me
581 542 649 576 quod
665 543 714 575 feci
729 542 859 569 hominem

69 594 150 618 super
170 591 268 612 terram
282 587 294 613 7
311 586 343 613 Et.
360 586 456 614 iterum
473 587 540 614 dicit
556 597 562 614 :
581 587 675 614 Dclebo
688 596 787 615 omnem
800 597 858 615 car-

72 639 130 657 nem
146 639 206 665 qua!
219 636 257 657 est
272 640 350 666 super
358 637 454 659 terram
468 632 536 666 (82).
552 631 585 659 Ει
597 640 677 667 super
686 632 776 660 omnia
788 640 860 660 sum-

71 684 123 703 mae
150 676 262 704 offensa:
276 677 404 705 indicium
421 677 545 705 interitus
566 678 714 706 viventium
729 679 817 705 datur.
830 678 858 706 Si

74 729 142 749 vero
158 722 289 756 respicias
311 723 344 750 ad
371 723 512 750 Dominum
529 729 652 751 nostrum
667 723 758 751 Jesum
778 723 859 751 Chri-

69 773 153 799 stum,
164 767 198 795 de
209 775 261 802 quo
269 768 370 796 dicitur
377 769 399 785 "
409 778 416 795 :
427 769 493 796 Ecce
502 770 590 803 Agnus
604 769 659 802 Dei,
668 778 725 796 ecce
734 770 779 805 qui
791 771 858 797 tollit

69 818 180 846 peccata
212 815 332 845 mundi;.
352 814 448 841 iterum
474 815 508 841 dc
523 822 577 849 quo
590 815 688 842 dicitur
700 816 722 831 ⁸⁹
738 824 745 842 :
761 815 858 843 Factus

67 867 116 893 pro
147 860 223 886 nobis
247 860 433 893 maledictum,
459 865 486 887 ut
509 869 555 887 nos
579 861 610 887 de
632 861 770 888 maledicto
792 863 855 897 legi:

69 906 230 936 redimeret;
254 905 351 933 iterum
371 914 430 933 cum
447 906 511 933 dicit
526 906 548 922 ⁸ο
564 915 570 933 :
589 905 680 933 Venite
690 907 723 934 ad
735 915 786 941 me,
800 917 856 934 ont-

68 959 113 978 ιρι
132 951 189 987 (83)
206 951 250 981 qui
266 951 404 983 laboratis,
424 955 448 978 et
468 951 569 978 onerati
590 952 665 985 estis,
688 957 710 979 et
727 961 773 987 ego
796 953 856 987 refi-

67 997 136 1023 ciam
162 1005 216 1028 eos,
240 1002 264 1023 et
289 997 422 1024 invenietis
444 998 557 1032 requiem
582 998 721 1025 animabus
738 999 828 1026 vestris
845 1008 855 1026 :

67 1041 194 1069 invenies
215 1042 288 1068 hunc
302 1049 373 1070 esse.
393 1042 438 1076 qui
454 1050 518 1070 vere
535 1043 655 1077 requiem
673 1044 745 1071 dedit
767 1044 855 1072 homi-

67 1088 160 1119 nibus,
180 1092 209 1114 et
224 1088 350 1115 liberavit
369 1093 466 1115 terram
483 1089 515 1115 de
532 1090 686 1121 maledicto,
705 1098 758 1124 quo
769 1091 855 1118 malc-

66 1133 137 1160 dixit
163 1133 188 1160 ei
215 1133 345 1160 Dominus
373 1134 452 1160 Deus.
472 1134 539 1161 lluic
565 1142 630 1170 ergo
654 1135 767 1170 spiritali
789 1135 854 1168 Noe,

65 1179 112 1212 qui
138 1178 258 1213 requiem
291 1178 364 1206 dedit
390 1179 558 1213 hominibus,
584 1184 611 1207 et
637 1181 698 1207 tulit
714 1185 854 1216 peccatum

65 1223 171 1255 mundi,
187 1223 287 1251 dicitur
300 1224 321 1240 “
339 1232 347 1251 :
363 1223 458 1251 Facies
478 1225 524 1251 tibi
538 1234 627 1253 arcam
645 1234 677 1253 ea:
697 1226 774 1262 lignis
788 1235 854 1262 qua-

64 1270 162 1296 dratis.

100 1315 130 1342 ι.
149 1314 300 1342 Videamus
315 1323 380 1350 ergo
393 1323 452 1351 qua-
469 1316 522 1343 sint
535 1317 667 1351 quadrata
680 1318 761 1353 ligna.
781 1318 854 1352 Qua-

64 1361 176 1388 dratum
197 1365 250 1391 est.
266 1361 337 1395 quod
351 1362 424 1389 nulla
440 1362 549 1389 vacillat
571 1371 603 1390 cx
625 1368 711 1398 parte,
729 1365 776 1392 sed
789 1373 855 1400 quo-

64 1415 178 1443 cunque
206 1409 330 1441 verteris,
351 1408 402 1436 lida
419 1414 446 1436 et
461 1410 545 1437 solida
561 1410 707 1438 stabilitate
720 1412 853 1439 consistit.

67 1452 122 1480 Ista
141 1458 205 1480 sunt
231 1453 314 1488 ligna,
334 1462 395 1489 quae
416 1463 495 1482 omne
514 1456 618 1490 pondus
631 1456 671 1484 vel
698 1457 854 1485 animalium

64 1499 244 1532 intrinsecus,
262 1501 305 1527 vel
335 1500 461 1528 ﬂuctuum
477 1502 646 1530 extrinsecus
670 1503 768 1531 ferunt.
782 1503 855 1537 Quos
869 1509 890 1538 c

62 1551 113 1580 ego
128 1545 252 1572 arbitror
266 1546 392 1574 doctores
406 1546 461 1583 64
480 1555 540 1575 esse
565 1548 591 1574 in
607 1547 740 1582 Ecclesia,
756 1554 782 1576 et
796 1557 853 1577 ma-

63 1591 164 1625 gistros
180 1596 263 1627 atque
275 1592 451 1620 aemulatores
475 1594 549 1626 fidei,
570 1593 615 1628 qui
638 1598 666 1622 et
683 1595 795 1629 populos
812 1596 853 1622 in-

64 1637 200 1664 trinsecus
214 1637 320 1672 positos
341 1637 424 1666 verbo
436 1639 665 1671 eommouitionis,
682 1644 709 1666 ct
724 1640 853 1668 doctrina:

64 1683 151 1717 gratia
175 1683 368 1715 consolantur,
385 1687 412 1710 et
436 1684 658 1718 impugnautibus
671 1684 852 1719 extrinsecus,

63 1728 103 1754 vel
118 1728 278 1762 gentilibus,
293 1728 335 1756 vel
353 1729 538 1764 hazreticis,el
556 1730 734 1764 quaestionum
755 1730 853 1759 ﬂuctus

64 1781 93 1802 ac
118 1775 258 1809 procellas
281 1775 461 1802 ccrtamimtm
485 1777 729 1810 commoventihus,
752 1777 852 1806 virtute

64 1820 136 1847 verbi
164 1828 200 1847 ac
223 1821 356 1855 sapientia
392 1821 505 1849 rationis
528 1822 672 1849 obsistunt.
692 1823 738 1851 Vis
762 1828 850 1851 autem

62 1866 154 1893 videre
167 1867 242 1901 quod
263 1867 337 1901 ligna
358 1867 528 1894 rationabilia
547 1868 623 1895 nm'it
647 1868 787 1904 Scriptura
812 1870 852 1897 di-

62 1912 121 1939 tina
135 1913 147 1939 2
163 1913 369 1940 Reeenseamus
384 1913 449 1948 quid
466 1913 535 1946 apud
552 1913 719 1942 Ezecltielem
736 1915 852 1950 prophe-

62 1962 115 1985 tam
132 1959 273 1993 scriptum
288 1963 330 1986 est
348 1968 355 1986 :
374 1958 408 1986 Et
423 1959 521 1993 factum
534 1963 581 1990 est,
601 1959 690 1995 inquit
702 1961 734 1993 “,
750 1962 777 1987 in
803 1969 852 1988 un—

62 2005 161 2032 decimo
180 2013 263 2038 anno,
278 2005 356 2032 tertio
372 2014 469 2037 mense,
489 2014 540 2032 una
557 2006 599 2032 die
622 2007 729 2039 mensis,
751 2007 852 2042 factum

62 2056 96 2076 est
106 2052 214 2078 uerbum
223 2051 331 2078 Domini
341 2052 375 2077 ad
388 2060 428 2078 me
437 2052 526 2078 dicens
539 2059 548 2077 :
563 2051 615 2078 Fili
632 2053 754 2084 hominis,
763 2054 803 2079 die
816 2053 850 2080 ad

63 2094 232 2124 Pharaonem
248 2105 333 2131 regem
348 2097 468 2133 /Egypti,
481 2102 505 2123 et
522 2098 556 2124 ad
569 2097 758 2125 multitudinem
771 2099 827 2133 ejus
841 2107 851 2125 :

63 2141 108 2168 Cui
122 2148 147 2169 te
167 2142 283 2169 similent
302 2142 367 2176 [ocis
383 2143 410 2169 iu
432 2143 590 2169 exultatione
605 2143 672 2170 tua?
686 2142 754 2170 Ecce
769 2144 853 2171 Assur

914 222 1026 249 altitudo
1039 223 1095 257 ejus
1105 231 1183 257 super
1198 224 1285 250 omnia
1302 224 1373 260 ligna
1385 227 1480 260 eantpi.
1493 227 1524 253 Et
1539 231 1598 261 post
1613 236 1695 261 pauca

913 267 981 294 dicit
998 277 1004 295 :
1022 268 1144 303 Cypressi
1158 269 1248 296 multa:
1263 270 1291 297 in
1305 271 1430 303 paradiso
1449 271 1506 304 Dei,
1526 276 1550 298 et
1568 273 1623 305 pini
1645 282 1696 301 non

912 318 972 340 sunt
985 314 1082 341 similes
1096 315 1177 341 ramis
1190 315 1258 350 ejus,
1274 321 1297 343 et
1308 317 1406 343 abietes
1422 326 1473 345 non
1496 318 1604 352 fuerunt
1625 320 1695 346 simi-

912 358 948 384 les
968 359 1001 384 ei.
1021 359 1104 386 Omne
1120 360 1217 394 lignum
1239 361 1266 388 iu
1285 362 1409 394 paradiso
1426 362 1473 389 Dei
1489 372 1540 390 non
1562 365 1694 392 assimila-

912 407 965 429 tum
981 408 1019 430 est
1033 404 1067 434 ei,
1084 409 1108 430 at
1125 404 1210 431 zelata
1222 410 1282 431 sunt
1301 414 1358 432 eum
1379 408 1469 434 omnia
1483 408 1556 442 ligna
1577 409 1697 442 paradisi

911 449 1065 476 deliciarum
1078 449 1137 476 Dei.
1155 450 1355 478 Animadvertis
1376 452 1408 478 de
1427 453 1525 487 quibus
1543 455 1583 481 vel
1608 456 1695 489 quali-

911 494 962 522 bus
977 495 1056 529 lignis
1070 495 1142 522 dicat
1162 497 1293 530 propheta
1307 516 1315 529 ,
1343 498 1479 531 quomodo
1500 499 1635 528 describat
1649 509 1696 536 cy-

911 546 1034 573 pressum
1050 539 1158 572 Libani,
1176 542 1220 568 cui
1244 542 1335 568 omnia
1354 542 1423 577 l'gna
1439 551 1498 578 qua:
1523 545 1549 572 iu
1571 547 1696 580 paradiso

911 585 958 611 Dei
978 590 1051 617 sunt,
1068 588 1219 621 comparari
1232 595 1283 614 non
1302 589 1428 622 possint?
1445 589 1477 615 Et
1493 591 1595 618 addidit
1613 593 1694 618 etiam

911 631 960 658 hoc
974 632 1006 658 ad
1022 632 1156 664 ultitnum,
1172 634 1243 667 quod
1256 635 1345 661 omnia
1359 634 1442 669 ligna,
1456 643 1516 670 qua:
1527 641 1590 663 sunt
1606 638 1631 664 in
1647 645 1694 671 pa-

910 677 1001 704 radiso
1026 677 1082 711 Dei,
1106 679 1193 706 zelata
1213 680 1268 707 sint
1283 688 1353 712 eam,
1373 682 1513 709 evidenter
1530 684 1689 713 ostendens.

910 722 1058 750 secundum
1092 724 1242 758 spiritalem
1271 725 1490 761 intelligentiam,
1521 729 1691 756 rationabiiia

911 768 965 795 dici
983 768 1052 802 ligna
1067 776 1126 804 qua
1141 771 1166 797 in
1180 771 1306 805 paradiso
1319 771 1364 800 Dei
1377 778 1437 800 sunt
1456 785 1461 801 :
1477 775 1577 809 quippe
1594 776 1618 802 in
1632 776 1693 809 qni-

909 813 959 840 bus
975 814 1174 842 aemulationem
1196 817 1342 850 quamdam
1365 818 1495 846 describit
1513 827 1573 848 esse
1595 821 1692 848 advcr«

908 866 967 886 sum
992 867 1022 886 ea
1049 860 1118 895 ligna
1140 869 1200 896 qua:
1221 867 1284 889 sunt
1305 863 1330 890 in
1345 863 1457 891 Libano.
1474 864 1548 892 Unde
1565 871 1592 892 ut
1606 871 1628 893 ct
1645 874 1694 894 cx-

907 911 987 931 cursu
1004 905 1084 932 etiam
1113 906 1164 934 hoc
1185 907 1318 941 dicamus,
1345 910 1486 937 considera
1517 919 1549 938 ne
1575 911 1644 938 forte
1665 918 1693 939 ct

908 950 982 982 illud,
997 951 1069 985 quod
1091 952 1222 986 scriptum
1237 958 1276 980 est
1294 954 1326 986 ⁸³,
1345 955 1410 988 quia
1429 954 1582 982 maledictus
1603 965 1619 983 a
1640 957 1692 983 Deo

907 996 989 1022 omnis
1005 997 1049 1030 qui
1065 996 1156 1030 [tendet
1178 998 1204 1023 in
1217 997 1301 1032 ligno,
1320 998 1360 1025 sic
1375 1000 1471 1027 delicat
1492 1000 1614 1035 intelligi,
1626 1009 1694 1036 quo-

907 1041 987 1067 modo
1004 1046 1030 1068 et
1045 1041 1108 1068 illud
1125 1042 1195 1076 quod
1213 1042 1276 1069 alibi
1293 1044 1394 1071 dictum
1415 1050 1457 1072 est
1471 1045 1492 1061 “
1509 1055 1515 1072 :
1532 1046 1691 1074 Mulediclus

907 1085 982 1112 homo
1010 1087 1054 1121 qui
1070 1095 1141 1121 spent
1155 1087 1231 1114 habet
1252 1089 1279 1115 in
1293 1089 1409 1118 ltomiue.
1425 1090 1547 1119 Pendere
1569 1093 1641 1119 enim
1664 1093 1690 1120 in

907 1130 965 1157 solo
982 1131 1034 1158 Deo
1049 1132 1190 1165 debemus,
1207 1138 1234 1160 et
1248 1133 1274 1160 in
1292 1134 1363 1162 nullo
1379 1135 1431 1162 alio
1446 1136 1527 1163 etiam
1553 1138 1574 1164 si
1593 1138 1627 1164 de
1643 1146 1692 1173 pa-

908 1176 999 1203 radiso
1021 1176 1065 1203 Dei
1082 1179 1229 1211 procedere
1242 1179 1302 1213 quis
1316 1179 1432 1212 dicatur,
1450 1181 1522 1209 sicut
1545 1188 1572 1209 et
1592 1183 1691 1211 Paulus

908 1222 973 1249 dicit
987 1222 1008 1238 ⁸⁵⁸
1023 1231 1030 1249 :
1045 1222 1131 1250 Etiam
1146 1223 1169 1250 si
1188 1232 1248 1257 nos,
1264 1229 1310 1251 aut
1331 1226 1440 1260 angelus
1461 1227 1493 1254 de
1507 1227 1569 1255 caelo
1582 1237 1694 1263 evange-

907 1267 1026 1294 lizaverit
1050 1269 1121 1295 vobis
1146 1269 1224 1296 aliter
1249 1278 1328 1304 quam
1353 1272 1586 1306 euangelizavimus
1608 1275 1690 1307 nobis,

908 1313 1048 1339 anathema
1077 1313 1123 1340 sit.
1144 1313 1197 1342 Sed
1217 1313 1273 1342 ba~c
1298 1315 1377 1342 alias.
1401 1315 1509 1344 Interim
1526 1319 1613 1346 vidisti
1631 1327 1692 1355 quae

907 1356 961 1384 sint
979 1359 1110 1392 quadrata
1141 1359 1213 1394 ligna
1240 1367 1300 1394 qua:
1317 1361 1390 1389 velut
1417 1369 1510 1390 murus
1535 1364 1644 1398 quidam
1663 1370 1692 1392 et

907 1401 1029 1429 defensio
1050 1401 1093 1429 bis
1110 1402 1156 1437 qui
1172 1408 1234 1430 sunt
1254 1404 1428 1439 intrinsecus,
1454 1414 1468 1433 a
1496 1407 1621 1436 fluctibus
1644 1409 1689 1444 qui

906 1448 1076 1476 extrinsecus
1092 1449 1286 1484 superveniunt
1311 1451 1379 1487 (85),
1398 1452 1565 1482 collocantur
1582 1456 1615 1482 ab
1637 1456 1692 1490 spi-

908 1496 978 1523 ritali
998 1497 1075 1525 Noe:
1103 1505 1163 1532 quae
1181 1497 1252 1533 ligna
1279 1499 1450 1527 extrinsecus
1475 1506 1502 1528 et
1529 1502 1691 1530 intrinsecus

906 1543 1038 1570 bitumine
1051 1542 1193 1570 liniuntur.
1211 1542 1273 1570 Vult
1287 1544 1360 1572 enim
1375 1549 1401 1573 te
1414 1545 1580 1574 architectus
1599 1547 1692 1575 Eccle-

908 1588 955 1615 sim
968 1588 1094 1616 Christus
1110 1596 1162 1616 non
1181 1596 1242 1616 esse
1270 1590 1361 1625 talem,
1387 1591 1481 1625 quales
1502 1598 1566 1619 sunt
1589 1593 1626 1620 illi
1645 1594 1690 1628 qui

912 1634 1016 1661 deforis
1035 1634 1143 1669 quidem
1159 1640 1287 1670 apparent
1317 1636 1473 1664 hominibus
1494 1637 1570 1671 justi,
1585 1638 1691 1666 deintus

906 1684 996 1706 autem
1019 1683 1081 1707 sunt
1107 1680 1230 1715 sepulcra
1253 1685 1420 1709 mortuorum
1443 1682 1476 1710 ⁸⁵.
1503 1683 1556 1710 Sed
1583 1684 1640 1710 vult
1666 1689 1692 1712 to

905 1729 932 1752 et
948 1733 1061 1760 corpore
1077 1731 1202 1754 sanctum
1221 1734 1282 1754 esse
1306 1728 1485 1762 extrinsecus,
1505 1733 1531 1756 et
1552 1730 1634 1757 corde
1651 1730 1691 1756 in-

907 1771 1043 1798 trinsecus
1062 1779 1170 1806 purum,
1187 1777 1297 1800 cautum
1313 1773 1442 1809 undique,
1457 1779 1482 1801 ct
1498 1775 1631 1802 castitatis
1651 1780 1692 1802 at-

906 1823 958 1850 que
979 1817 1141 1844 innocentire
1157 1817 1257 1844 virtute
1272 1818 1417 1851 munitutn,
1442 1819 1493 1846 hoc
1515 1823 1555 1846 est.
1578 1821 1649 1846 intus
1665 1825 1692 1847 et

907 1860 973 1888 foris
989 1860 1122 1887 bitumine
1136 1868 1197 1888 esse
1211 1861 1338 1888 oblitum.

940 1905 966 1933 5.
985 1906 1046 1932 Post
1071 1907 1128 1933 haec
1143 1908 1175 1933 de
1193 1906 1373 1942 longitudine,
1391 1912 1418 1936 ct
1443 1908 1585 1935 latitudine
1609 1916 1689 1939 arca‘,

905 1956 932 1978 et
949 1952 982 1979 de
996 1951 1140 1979 altitudinc
1160 1958 1339 1985 memoratur,
1359 1958 1385 1981 ct
1401 1954 1505 1981 numeri
1528 1954 1554 1981 in
1571 1954 1615 1981 his
1631 1954 1692 1989 qui-

905 1997 965 2024 dam
983 2003 1118 2032 ponuntur
1133 1999 1289 2034 ingentibus
1304 2000 1440 2035 mysteriis
1455 2001 1618 2029 consecrati.
1637 1999 1691 2028 Sed

905 2049 1051 2078 antequam
1075 2045 1107 2072 de
1122 2045 1241 2072 numeris
1257 2045 1437 2078 disseramus,
1461 2046 1513 2074 hoc
1537 2046 1608 2081 quod
1625 2046 1691 2073 dicit

906 2089 1113 2124 longitudinem,
1130 2095 1156 2116 et
1173 2090 1354 2124 latitudinem,
1372 2097 1400 2119 et
1413 2091 1595 2124 altitudinem,
1612 2092 1692 2126 quale

907 2135 944 2163 sit
967 2136 1118 2163 videamus.
1147 2136 1292 2172 Apostolus
1313 2137 1338 2164 in
1358 2137 1474 2172 quodam
1494 2137 1561 2170 loco,
1578 2145 1638 2165 cum
1659 2138 1692 2164 de

65 2197 202 2223 cyprum;
217 2189 244 2215 in
270 2188 380 2222 Libano.
403 2189 536 2222 nmio“;
558 2189 650 2219 ramis.
672 2193 696 2216 ει
718 2190 854 2217 comm,“
870 2186 892 2213 υ
909 2180 1036 2215 mysterio
1053 2181 1142 2208 crucis
1160 2182 1295 2209 sacratius
1310 2182 1477 2217 loqueretur.
1495 2183 1530 2209 ita
1547 2183 1585 2210 ait
1599 2183 1621 2198 "
1637 2193 1642 2210 :
1658 2181 1691 2209 Ut

62 2234 235 2266 umbraculis,
265 2239 289 2260 et
311 2233 428 2260 excelsus
456 2233 510 2269 (84)
540 2235 567 2260 in
596 2234 746 2262 altitudine.
779 2234 854 2261 luter

63 2281 162 2307 audias
183 2281 265 2307 nubes
278 2281 378 2314 factum
393 2286 429 2307 est
443 2289 568 2308 cacumen
581 2280 649 2314 ejus,
666 2289 735 2315 aqua
748 2282 851 2308 enutri—

62 2326 96 2352 νει
115 2334 188 2357 eum,
203 2331 230 2353 et
250 2327 360 2360 abyssus
380 2326 503 2353 exultavit
523 2335 597 2359 eum,
621 2332 644 2353 et
668 2327 780 2353 adduxit
796 2335 852 2354 om-

63 2371 106 2397 nia
121 2372 233 2406 [lumina
249 2379 298 2398 sua
318 2371 386 2398 circa
408 2379 477 2404 eum,
500 2377 523 2398 et
551 2372 765 2406 congregatioues
788 2380 851 2398 suos

907 2227 996 2252 sciatis
1014 2234 1073 2260 qua:
1087 2227 1122 2254 sit
1134 2226 1282 2261 longitudo,
1300 2233 1323 2254 et
1340 2228 1466 2261 latitudo,
1482 2232 1506 2254 et
1524 2228 1648 2260 altitudo,
1668 2233 1691 2254 et

905 2271 1076 2306 profundum.
1095 2272 1262 2300 Profundum
1279 2279 1369 2301 autem
1392 2278 1419 2301 ct
1434 2274 1548 2302 altitudo
1569 2275 1638 2302 idem
1653 2275 1691 2301 si-

905 2317 1044 2350 gnificant,
1073 2318 1124 2345 nisi
1145 2319 1216 2353 quod
1234 2319 1349 2347 altitudo
1365 2321 1484 2355 spatium
1502 2320 1535 2348 de
1558 2320 1693 2347 inferiori.

905 2362 954 2389 bus
968 2363 1074 2391 videtur
1091 2364 1125 2391 ad
1150 2365 1290 2400 superari:
1313 2366 1414 2399 metiri,
1439 2365 1601 2402 profundum
1626 2373 1691 2393 vero

96 2452 120 2467 “
129 2452 228 2488 Gen,“
245 2452 291 2479 ἓξ).
311 2452 334 2468 ⁵⁷
345 2451 441 2488 Cenes.
453 2460 489 2482 τι,
502 2452 527 2483 6,
540 2452 565 2479 7.
584 2453 606 2488 ξπ
615 2452 716 2488 Joann,
726 2452 771 2480 29.
790 2453 852 2480 "Gs

911 2461 929 2483 ι.
940 2453 982 2480 l3.
1000 2453 1021 2470 '°
1029 2453 1123 2482 Matth.
1137 2455 1230 2488 xt,28,
1241 2455 1286 2483 29.
1307 2456 1327 2472 ⁸¹
1338 2456 1481 2484 Genes.vr.
1495 2456 1538 2483 Η.
1559 2457 1580 2472 ⁶¹
1590 2455 1689 2484 Ezech.

62 2487 204 2519 “11,1,2
221 2493 248 2514 et
263 2494 341 2522 seqq.
381 2487 403 2502 "
419 2487 495 2514 Deut.
508 2495 565 2519 ut,
583 2487 627 2514 25.

97 2557 153 2593 (81)
166 2556 286 2593 Nostris.
300 2556 376 2582 lianc
390 2561 482 2582 vocem
494 2554 522 2581 iu
537 2555 617 2582 editis
629 2555 757 2582 omissam
772 2555 850 2583 rcsli-

64 2591 142 2618 luunt
156 2591 238 2618 codd.
253 2598 318 2618 mss.

95 2627 152 2662 (82)
169 2625 270 2662 Delebis
290 2632 391 2662 omnem
401 2632 514 2662 fartum
537 2632 595 2658 qua:
619 2628 668 2662 est,
687 2629 739 2662 etc.
757 2625 849 2662 Cedet

60 2659 148 2688 sancti
175 2660 342 2687 Theoderici
366 2665 374 2685 :
396 2659 491 2686 Delebo
519 2666 621 2685 omnem
652 2659 780 2686 hominem
805 2661 850 2694 qui

59 2703 110 2728 eu,
124 2702 179 2723 etc.
195 2695 282 2722 l‘aulo
297 2699 358 2729 post
375 2698 432 2721 tres
444 2701 510 2721 mss.
530 2694 638 2720 interitu
652 2695 790 2721 uiuentium
802 2696 851 2721 da-

61 2735 115 2757 lk'.

99 2764 156 2806 (85)
175 2763 442 2806 Voromueshdeest
467 2763 495 2790 itt
512 2767 592 2790 antea
617 2762 710 2795 editis,
739 2763 848 2792 tametsi

63 2798 216 2838 reperiaLur
231 2799 257 2838 in
275 2798 403 2838 omnibus
418 2805 482 2838 mss.
535 2833 540 2838 _
591 2833 597 2838 _
683 2833 688 2838 .
764 2832 779 2838 υ

98 2832 154 2869 (84;
171 2834 314 2866 Spatiosas
335 2833 417 2859 ramis
431 2837 456 2859 et
474 2833 610 2861 condensis
633 2832 803 2866 umbraculis,
824 2837 847 2860 et

199 2880 335 2910 ΡΑτιιοι.
355 2879 412 2909 Gn.
433 2877 505 2908 XII.

667 2487 690 2507 ⁸⁵
704 2487 761 2515 Jer.
778 2495 844 2521 xm,

926 2489 948 2504 ⁶⁸
962 2488 1022 2516 Gal.
1039 2497 1060 2522 ι,
1075 2490 1101 2517 8.
1139 2490 1162 2506 θ’
1181 2490 1360 2525 Matth.xxtu,
1378 2491 1424 2518 27.
1461 2491 1483 2507 ⁸⁷
1502 2491 1570 2526 Eph.
1587 2498 1629 2523 ιιι,
1645 2491 1688 2520 18.

901 2557 1031 2584 excelsus.
1056 2557 1104 2586 Sic
1134 2557 1234 2586 [tabent
1258 2567 1323 2587 mss.
1349 2559 1383 2586 At
1410 2559 1471 2586 libri
1498 2563 1576 2585 antea
1594 2558 1658 2586 editi
1681 2569 1688 2588 :

902 2593 1034 2624 speciosus
1061 2601 1161 2627 ramus,
1188 2599 1211 2620 et
1238 2594 1384 2621 condensae
1413 2593 1586 2626 umbraculis,
1605 2595 1690 2622 excal-

902 2635 958 2654 sus.

939 2661 994 2699 (85)
1008 2662 1028 2689 Α
1042 2663 1168 2699 ﬂuctibus
1185 2663 1409 2699 “intrinsecus
1428 2662 1632 2699 superveniunt._
1645 2665 1690 2690 Sic

902 2697 989 2725 codd;
1004 2697 1070 2724 mss.
1094 2698 1202 2725 Belvac.
1225 2697 1358 2724 Gemetic.
1384 2697 1559 2731 Remigianus
1578 2703 1605 2725 ct
1622 2697 1691 2724 Sat-~-

903 2733 1100 2766 germanensis.
1124 2732 1196 2759 Libri
1218 2739 1284 2759 vero
1309 2732 1480 2760 anteacditi
1500 2739 1507 2759 :
1526 2733 1690 2760 obstandum

904 2772 991 2794 autem
1011 2772 1035 2794 et
1058 2766 1219 2802 impugnatio
1240 2766 1281 2794 Itis
1308 2768 1353 2803 qui
1383 2767 1547 2795 extrinsecus
1572 2776 1691 2803 superre-

904 2802 990 2830 uiuat.

1516 2878 1536 2907 6
