1900 3060
98 142 148 170 173

697 142 732 169 1N
749 142 901 171 GENESIM
918 144 1059 173 llOMlLlA
1078 145 1111 174 ll.

1671 152 1723 179 17d

132 201 160 228 6.
175 201 276 229 Verum
298 200 423 237 quoniam
454 208 521 229 arca
535 208 616 237 quam
628 202 783 231 describere
800 211 884 233 cona-
900 207 923 235 Α
938 206 1025 233 tinent
1037 207 1132 238 vitam,
1143 211 1169 234 et
1179 215 1212 234 ex
1222 208 1296 235 omni
1311 212 1387 243 parte
1401 208 1536 238 libratam.
1550 210 1618 238 Nam
1632 218 1725 240 aucto-

99 257 168 281 mur,
179 256 234 276 non
250 248 341 276 solum
365 249 545 282 bieamerata,
561 249 608 276 sed
626 253 653 276 et
678 249 857 277 tricamerata
870 258 884 277 a

100 295 156 322 Deo
176 295 300 321 construi
322 294 445 329 jubetur,
471 302 583 328 operam
612 294 708 322 demus
733 300 761 323 et
789 303 839 324 nos
852 296 886 324 ad

100 341 168 368 han.
184 340 322 375 auplicem
336 348 396 374 quae
410 340 550 375 praecessit
568 341 767 374 expositionem
786 349 886 369 secuti-

97 388 159 414 dum
178 392 342 422 praereptum
365 386 411 413 Dei
433 386 515 413 etiam
542 386 885 421 tertiamjungere.Prims

97 433 167 459 enim
195 439 255 466 quae
276 432 423 465 praecessit,
442 431 573 458 historica
590 436 642 464 est,
671 431 754 458 veluti
784 432 884 458 funda.

96 483 216 505 mentum
229 478 365 512 quoddam
383 478 410 504 in
427 477 604 505 inferioribus
631 478 729 512 posita.
760 477 885 505 Secunda

95 524 152 550 inec
169 525 299 559 mystica,
312 523 439 558 superior
452 527 480 550 et
494 523 630 551 excelsior
643 523 704 550 fuit.
724 522 848 550 Tertiam
862 523 883 551 si

95 577 241 604 possumus
255 569 385 596 moralem
403 573 538 596 tentemus
555 568 674 602 adjicere
688 576 696 595 :
708 569 833 603 quamvis
857 573 885 596 et

97 615 147 641 hoc
164 615 255 650 ipsum
270 614 343 648 qttod
358 621 444 648 neque
458 614 653 642 bicameratam
668 615 756 642 solum
777 614 846 641 dixit
857 618 885 642 et

93 660 181 691 siluit,
198 667 286 694 neque
299 659 500 687 tricameratam
523 664 626 687 tantum
652 664 678 687 et
692 659 823 692 cessavit,
837 658 883 686 sed

95 711 156 730 cum
173 703 289 730 dixisset
314 702 522 737 bicameratam,
540 704 645 731 addidit
669 708 696 731 et
722 704 883 731 tricatnera-

96 754 161 781 tam,
175 756 226 776 nec
238 749 340 783 absque
353 749 433 784 hujus
446 750 530 783 ipsius
547 749 730 784 expositionis
741 757 820 783 quant
833 749 883 776 ha-

95 794 192 821 bemus
218 795 244 821 in
271 795 396 822 manibus
415 795 540 822 videatur
564 802 626 823 esse
655 795 795 830 mysterio.
815 794 882 823 Nam

94 841 271 867 tricamerala
287 840 423 874 triplicem
435 841 505 869 hanc
514 841 712 875 expositionem
728 841 881 875 designant.

939 259 983 279 res
995 252 1164 279 saecularium
1177 253 1310 281 librorum
1325 260 1438 289 possunt
1452 255 1562 290 quidem
1578 257 1630 284 diei
1648 258 1720 293 ligna

936 297 1054 330 excelsa,
1070 303 1097 325 et
1110 298 1181 332 ligna
1208 300 1346 327 umbrosa.
1366 300 1423 328 Sub
1448 302 1522 330 omni
1550 304 1623 331 enim
1650 304 1723 339 ligno

937 342 1046 369 excelso
1070 347 1097 369 et
1136 351 1280 372 nemoroso
1310 351 1457 373 accusatur
1484 347 1635 376 fornicatus
1661 357 1724 378 esse

936 386 1018 414 lsrael
1034 388 1057 402 ⁸⁷
1074 396 1080 413 :
1096 388 1158 422 quia
1187 388 1224 415 illi
1242 388 1391 423 loquuntur
1417 391 1526 426 quidem
1551 393 1671 426 excelsa,
1695 399 1724 421 et

936 432 1031 459 ﬂorida
1046 437 1160 460 utuntur
1174 433 1328 468 eloquentia
1345 444 1416 464 :non
1437 441 1526 465 tamen
1544 439 1580 466 ita
1596 445 1722 474 egerunt,

936 482 966 504 ut
978 477 1061 505 locuti
1083 483 1147 506 sunt
1164 488 1171 506 :
1187 483 1215 507 et
1229 480 1290 508 ideo
1303 488 1356 508 non
1375 487 1488 515 possunt
1512 483 1583 519 ligna
1604 485 1723 519 quadra-

937 528 962 550 ta
976 523 1121 556 nominari,
1136 525 1207 560 quod
1221 526 1248 552 in
1263 526 1304 554 eis
1324 533 1493 562 nequaquam
1512 529 1566 557 vita
1590 534 1617 557 et
1633 537 1722 559 sermo

935 569 1071 597 collibret.
1089 569 1129 598 Tu
1141 577 1206 605 ergo
1224 571 1248 598 si
1269 571 1337 599 facis
1365 580 1471 607 arcam,
1491 574 1514 602 si
1528 574 1722 603 bibliothecam

935 622 1095 651 oongregas,
1109 623 1141 644 ex
1153 617 1327 645 sermonibus
1337 619 1504 654 propheticis
1517 625 1548 649 et
1566 621 1723 655 apostolicis

935 660 976 687 vel
996 668 1093 689 eorum
1108 662 1153 696 qui
1175 670 1224 690 eos
1247 664 1330 691 rectis
1358 664 1419 692 ﬁdei
1440 665 1521 694 lineis
1549 667 1636 695 secuti
1662 672 1724 695 sunt

935 714 1087 742 congrega,
1129 708 1322 737 bicameralam
1353 715 1380 737 et
1410 711 1613 740 tricanieratam
1639 711 1724 740 facito

934 757 1006 783 eam,
1020 758 1052 778 ex
1070 752 1126 786 ipsa
1140 754 1310 781 narrationes
1337 754 1483 783 historicas
1495 756 1569 784 disce
1579 776 1587 788 ,
1616 764 1649 785 ex
1665 757 1722 792 ipsa

935 796 1095 830 mysterium
1110 804 1238 832 magnum
1250 798 1321 833 quod
1338 798 1366 826 in
1389 798 1501 828 Christo
1514 804 1542 828 et
1556 801 1584 828 in
1596 801 1721 829 Ecclesia

935 840 1063 875 impletur
1087 849 1214 876 agnosce.
1229 843 1267 871 Ex
1285 844 1343 878 ipsa
1358 844 1441 872 etiam
1455 845 1602 873 emendare
1621 853 1722 879 mores.

94 886 149 913 Sed
165 885 230 920 quia
265 893 317 912 non
342 893 449 919 semper
464 885 491 912 in
520 885 669 920 Scriptuiis
683 885 782 912 divinis
796 885 885 913 histo-
899 876 920 905 Β
936 893 1059 913 resecare
1071 887 1148 920 vitia,
1163 895 1281 923 purgare
1293 888 1423 922 animam,
1442 893 1523 924 atque
1544 897 1647 918 exuere
1660 897 1720 918 eam

94 933 172 960 rialis
186 933 385 968 consequentia
400 938 474 961 stare
485 937 586 968 potest,
614 934 661 961 sed
689 941 883 969 nonnunquam

91 979 245 1010 deficit,ut,
264 979 338 1006 verbi
356 986 449 1010 causa,
463 986 524 1006 cum
549 979 649 1006 dicitur
661 979 684 996 ⁸³
702 987 709 1006 :
727 978 815 1010 Spino:
834 988 883 1006 mt-

90 1028 200 1052 scentur
212 1024 241 1051 in
252 1032 332 1051 manu
343 1024 438 1051 ebriosi
452 1045 458 1051 .
474 1029 501 1051 et
528 1032 589 1051 cum
606 1024 632 1051 in
648 1025 749 1059 templo
764 1032 779 1052 a
807 1024 885 1052 Salo-

92 1077 174 1096 mone
186 1073 344 1096 constructo
361 1069 461 1096 dicitur
472 1068 496 1086 "
515 1078 523 1097 :
543 1068 600 1096 Vo:
622 1069 711 1096 mallei
733 1074 758 1097 et
785 1070 882 1097 securis

91 1122 145 1142 non
162 1119 201 1142 est
216 1115 309 1141 audita
324 1115 353 1141 in
378 1114 455 1142 domo
470 1115 518 1142 Dei
541 1125 550 1144 :
569 1119 596 1142 et
609 1116 708 1144 iterum
730 1115 757 1143 in
781 1115 882 1142 Leviti-

88 1168 124 1188 co
135 1160 170 1194 ⁸³,
180 1168 242 1188 cum
254 1159 327 1194 lepra
356 1161 468 1194 parietis
496 1165 523 1188 et
543 1160 684 1196 pelliculae,
700 1165 728 1189 et
753 1161 880 1189 staminis

89 1208 190 1243 inspici
206 1207 318 1242 jubetur
333 1214 346 1233 a
359 1207 546 1234 sacerdotibus
572 1212 600 1234 et
621 1207 732 1243 purgari
747 1217 755 1236 ε
771 1211 881 1242 propter

89 1253 150 1280 haec
161 1259 230 1287 ergo
241 1257 268 1279 et
279 1251 322 1280 his
331 1252 429 1279 similia
443 1259 497 1279 non
510 1251 597 1280 solum
623 1252 809 1286 tricamerata,
830 1253 879 1280 sed

88 1304 116 1327 et
134 1299 304 1326 bicamcrata
322 1305 385 1326 arca
397 1299 565 1332 contexitur,
582 1302 608 1325 ut
624 1299 741 1326 sciamus
759 1298 785 1326 in
802 1297 878 1326 Scri-

87 1345 178 1381 pturis
192 1344 291 1372 divinis
306 1351 360 1371 non
377 1336 486 1378 semper
498 1344 641 1378 triplicem,
663 1344 726 1378 quia
741 1351 793 1371 non
808 1350 879 1371 sem~

87 1398 138 1426 per
156 1398 208 1418 nos
226 1390 338 1418 historia
372 1389 506 1425 stquitur,
532 1389 579 1416 sed
604 1390 737 1417 interdum
764 1389 878 1424 duplicis

87 1437 276 1465 tantummodo
292 1443 404 1464 sensum
415 1435 599 1471 expositionis
618 1435 761 1462 insertum.
779 1434 878 1463 ll'ente-

85 1489 147 1510 mus
164 1482 250 1518 igitur
261 1486 288 1509 et
312 1482 421 1509 tertiam
437 1481 636 1515 expositionem
658 1481 805 1514 disserere,
834 1488 877 1509 se.

85 1530 206 1557 cundum
222 1529 352 1558 moralem
364 1528 464 1556 locum.
479 1527 508 1555 Si
529 1527 591 1563 quis
603 1532 656 1562 est,
678 1527 726 1563 qui
749 1535 876 1556 crescen-

84 1575 157 1602 tibus
172 1574 263 1606 malis,
292 1577 321 1601 et
345 1573 541 1601 inundantibus
564 1573 638 1601 vitiis
666 1579 828 1602 convertere
844 1581 874 1602 se

84 1624 177 1656 potest
190 1627 205 1646 a
218 1620 300 1647 rebus
316 1619 396 1647 ﬂuxis
418 1623 445 1647 et
460 1619 636 1654 pereuntibus
649 1623 677 1646 et
703 1619 825 1652 caducis,
846 1624 874 1648 et

83 1667 179 1695 audire
192 1665 307 1694 verbum
322 1665 379 1697 Dei,
393 1673 424 1693 ac
444 1670 578 1701 praecepta
601 1665 724 1693 ccelestia
740 1674 748 1692 :
767 1665 810 1694 hic
832 1666 874 1693 in-

83 1716 124 1738 tra
139 1718 190 1739 cor
205 1718 285 1737 suum
297 1717 388 1737 arcam
408 1710 505 1738 salutis
520 1711 647 1743 :cditlcat,
674 1715 702 1737 et
728 1710 873 1739 bibliothe-

79 1764 153 1788 cam,
174 1760 203 1783 ut
217 1756 254 1782 ita
266 1755 367 1787 dicam,
382 1756 451 1782 intra
468 1763 497 1782 se
513 1756 597 1783 divini
613 1761 757 1784 consecrat
784 1756 871 1790 verbi,

83 1801 282 1837 longitudinem
297 1800 323 1827 in
338 1808 380 1832 ca,
397 1805 424 1828 et
437 1800 620 1833 latitudinem,
644 1806 673 1829 et
688 1801 871 1834 altitudinem,

82 1847 174 1878 fidem,
188 1853 276 1881 spem,
291 1846 507 1880 charitatcmque
524 1846 648 1874 collocat.
670 1847 764 1875 Fidem
781 1847 871 1875 Trini-

83 1893 147 1920 tatis
160 1892 221 1927 (89)
235 1894 268 1920 ad
284 1892 478 1928 longitudinem
504 1895 566 1920 vita:
586 1893 872 1930 intmortalitatemquc

79 1939 224 1967 distendit.
240 1939 296 1974 66
309 1939 491 1966 Latitudinem
519 1939 671 1973 charitatls,
695 1940 871 1975 indulgentia:

81 1989 106 2012 et
121 1985 303 2019 benignitatis
318 1984 413 2011 fundat
430 1983 541 2011 aifcctu.
560 1985 711 2012 Altitudiue
726 1987 782 2022 spei
796 1994 824 2013 se
836 1988 870 2013 ad

79 2030 205 2058 coelestia
223 2030 304 2065 erigit
320 2035 347 2057 et
362 2030 477 2057 excelsa.
500 2031 589 2064 Super
606 2036 708 2058 terram
725 2033 798 2059 enim
813 2040 871 2058 am-

78 2076 186 2108 bulans,
209 2076 237 2102 in
260 2075 338 2103 caelis
366 2075 448 2102 habet
462 2076 708 2104 conversationem.
730 2077 868 2104 Summam

80 2129 142 2150 vero
159 2127 271 2150 actuum
296 2129 405 2148 suorum
429 2121 512 2149 refert
528 2122 560 2149 ad
589 2130 684 2149 unum.
711 2123 768 2150 Scit
795 2123 868 2150 cnim

79 2168 140 2202 quia
153 2175 244 2194 omnes
264 2167 368 2201 quidem
384 2172 510 2198 currunt;
533 2167 579 2194 sed
606 2175 672 2194 unus
688 2168 784 2202 accipit
810 2168 869 2202 pal—

933 931 1007 959 omni
1021 932 1131 960 vinculo
1145 933 1309 968 captivitatis
1333 935 1464 970 intelligo,
1484 935 1562 964 nidos
1589 936 1616 964 in
1632 944 1674 968 ea.
1692 941 1722 964 et

935 978 1015 1006 nidos
1031 979 1202 1007 diversarum
1229 981 1359 1008 virtutum
1388 985 1415 1008 et
1439 981 1612 1016 profectuum
1640 982 1724 1010 collo-

933 1030 1008 1051 cans.
1039 1024 1153 1055 Deinttts
1178 1032 1245 1054 sane
1268 1030 1295 1053 et
1321 1026 1422 1054 deforis
1440 1027 1617 1056 bituminabis
1646 1035 1720 1060 eam.

934 1068 1018 1095 corde
1031 1069 1110 1097 iidem
1137 1077 1246 1104 gerens,
1259 1078 1308 1098 ore
1332 1071 1536 1099 confessionem
1555 1072 1696 1107 proferens
1712 1081 1719 1100 :

933 1113 1006 1140 intus
1024 1113 1190 1146 scientiam,
1219 1114 1286 1143 foris
1300 1122 1383 1150 opera
1408 1116 1612 1145 habeuszintus
1638 1119 1722 1146 corde

932 1159 1058 1193 mundus,
1071 1158 1138 1186 foris
1147 1162 1238 1187 castus
1252 1167 1366 1194 corpore
1377 1161 1520 1189 incedens.
1535 1162 1563 1191 In
1576 1163 1645 1191 hanc
1656 1171 1721 1201 ergo

931 1211 1035 1238 arcam,
1052 1204 1109 1232 sive
1120 1212 1181 1232 eam
1205 1205 1399 1235 bibliothecam
1413 1207 1566 1237 divinorum
1590 1208 1719 1238 librorum

931 1248 989 1276 sive
1001 1249 1120 1277 animum
1140 1249 1247 1278 ﬁdelem
1276 1251 1424 1279 secundum
1451 1253 1580 1283 moralem
1607 1254 1718 1284 interim

931 1293 1020 1321 locum
1033 1301 1177 1328 ponamus,
1202 1295 1375 1324 introducere
1389 1297 1472 1327 debes
1492 1297 1574 1327 etiam
1589 1299 1717 1329 animaiia

929 1346 962 1367 ex
974 1340 1048 1367 omni
1064 1347 1173 1375 genere,
1188 1348 1240 1369 non
1254 1341 1341 1371 solum
1357 1342 1470 1375 munda,
1490 1344 1537 1373 scd
1559 1348 1586 1373 et
1603 1344 1719 1375 immun-

929 1385 973 1413 da.
998 1385 1052 1414 Sed
1067 1387 1165 1415 munda
1193 1388 1302 1422 quidem
1327 1389 1454 1417 animalia
1477 1389 1555 1418 facile
1573 1398 1719 1426 possumus

929 1432 1033 1465 dicere,
1044 1433 1116 1468 quod
1134 1434 1276 1466 memoria,
1290 1434 1420 1468 eruditio,
1432 1435 1598 1468 intellectus,
1616 1438 1719 1467 exami-

929 1479 1005 1506 natio
1030 1483 1057 1507 et
1069 1479 1200 1514 judicium
1214 1489 1308 1509 eorum
1323 1490 1384 1517 quae
1403 1483 1530 1517 legimus.
1549 1484 1659 1519 aliaque
1676 1486 1719 1514 his

929 1524 1028 1552 similia
1054 1525 1168 1561 intelligi
1183 1531 1307 1561 possunt.
1334 1528 1370 1555 De
1398 1529 1547 1557 immundis
1572 1538 1637 1558 vero
1652 1539 1717 1566 pro-

928 1570 1055 1597 nuntiare
1073 1570 1180 1598 ditilcilo
1192 1576 1244 1604 est,
1260 1580 1321 1608 quae
1334 1577 1362 1600 et
1373 1573 1437 1601 bina
1452 1578 1481 1601 et
1497 1573 1558 1602 bina
1574 1576 1718 1604 nominan-

930 1619 982 1643 tur.
999 1615 1192 1645 Verumtamen
1208 1622 1339 1652 quanttun
1357 1619 1384 1646 in
1404 1623 1458 1646 tant
1479 1619 1634 1649 ditlicilibus
1648 1621 1716 1650 locis

926 1662 1028 1689 audere
1043 1670 1196 1696 possumus,
1213 1669 1278 1698 puto
1294 1665 1366 1699 quod
1381 1666 1603 1701 concupiscentia
1617 1672 1644 1695 et
1661 1668 1715 1701 ira,

926 1708 990 1742 quia
1006 1708 1096 1735 insunt
1105 1709 1162 1744 (90)
1173 1711 1246 1737 omni
1259 1711 1366 1743 animai,
1384 1713 1606 1742 necessariaiam
1617 1721 1718 1742 secun-

926 1753 990 1780 dum
1011 1754 1063 1781 hoc
1092 1755 1163 1788 quod
1182 1755 1215 1782 ad
1235 1756 1400 1790 peccandum
1416 1758 1519 1785 homini
1539 1758 1715 1794 famulantur,

926 1797 1073 1825 immunda:
1097 1799 1240 1832 dicuntur,
1268 1802 1418 1829 secundum
1432 1802 1485 1830 huc
1500 1810 1564 1830 vero
1579 1804 1652 1838 quod
1666 1813 1716 1832 nu-

926 1851 980 1879 que
998 1845 1164 1879 posteritatis
1184 1846 1245 1874 sine
1263 1847 1482 1881 concupiscentia
1508 1850 1647 1877 successio
1671 1858 1715 1878 re-

925 1894 1046 1924 para'ur,
1065 1897 1151 1925 neque
1164 1891 1321 1921 emendatio
1347 1892 1401 1919 ulla
1416 1893 1474 1920 sine
1490 1893 1530 1922 ira
1557 1899 1645 1928 potest
1670 1903 1718 1923 ικμ

925 1944 977 1972 que
997 1938 1139 1972 disciplina
1158 1943 1295 1971 constare,
1310 1940 1470 1967 necessariae
1481 1946 1507 1968 et
1519 1942 1714 1970 conservanda:

926 1982 1062 2010 dicuntur.
1077 1982 1109 2009 Et
1124 1984 1249 2017 quamvis
1266 1985 1322 2012 haec
1335 1985 1390 2019 jam
1410 1993 1462 2013 non
1480 1986 1589 2019 morali,
1602 1987 1649 2014 sed
1663 1995 1713 2014 na-

925 2028 1003 2055 turali
1028 2028 1133 2056 ratione
1155 2029 1278 2057 discussa
1308 2030 1464 2064 vidcantur,
1493 2036 1582 2059 tamen
1608 2040 1667 2067 quae
1678 2033 1711 2060 ad

924 2082 1043 2110 praesens
1059 2082 1205 2103 occurrere
1218 2081 1375 2110 potuerunt,
1392 2085 1440 2112 pro
1460 2078 1641 2107 aediﬁcatione
1656 2083 1713 2106 tra-

923 2121 1069 2149 ctavimus.
1083 2120 1111 2147 Si
1126 2121 1188 2155 quis
1203 2128 1269 2148 sane
1291 2123 1412 2156 potuerit
1427 2130 1460 2150 ex
1477 2124 1532 2150 otio
1559 2123 1645 2159 ipsam
1660 2124 1710 2151 sibi

921 2166 1049 2194 conferre
1063 2171 1088 2194 et
1099 2173 1260 2201 comparare
1274 2167 1441 2202 Scripturam
1455 2169 1571 2197 divinam
1587 2174 1614 2197 et
1631 2171 1711 2205 spiri-

78 2221 147 2239 mam
162 2213 196 2247 ⁸⁸,
213 2213 321 2240 scilicet
340 2213 384 2247 qui
401 2213 598 2247 cogitationum
616 2213 748 2241 varietate
781 2219 806 2240 et
827 2214 869 2241 in-
886 2220 908 2247 ι)
922 2212 1020 2240 talibus
1032 2212 1163 2247 spiritalia
1175 2218 1314 2248 coaptare,
1341 2222 1391 2241 nec
1405 2222 1454 2242 nos
1468 2215 1534 2242 latet
1546 2215 1616 2250 quod
1633 2216 1709 2250 plura

77 2259 229 2286 stabilitate
242 2260 340 2292 mentis
353 2266 405 2286 non
419 2259 498 2286 fuerit
514 2259 665 2294 multiplex.
680 2260 732 2286 Sed
744 2260 813 2287 hanc
826 2260 868 2287 hi-

77 2303 244 2332 bliothecam
263 2312 314 2331 non
334 2311 368 2331 es
395 2305 549 2340 agrestibus
567 2309 594 2332 ct
607 2305 747 2340 impolitis,
766 2306 812 2333 sed
833 2314 866 2333 ex

76 2351 219 2384 quadratis
243 2355 272 2377 et
298 2350 446 2377 secundum
472 2351 609 2385 aequitatis
637 2350 737 2378 lineam
757 2351 868 2379 directis

76 2396 211 2421 construit
240 2395 330 2428 lignis,
351 2395 375 2422 id
389 2401 430 2423 est
446 2404 498 2423 non
523 2397 692 2423 satcularium
715 2401 868 2430 auctorum,

78 2441 127 2467 sed
147 2449 180 2468 ex
195 2442 368 2476 propheticis
393 2447 474 2477 atque
491 2443 647 2477 apostolicis
676 2442 865 2470 voluminibus.

75 2486 128 2521 Ipsi
140 2488 214 2514 enim
228 2491 302 2518 sttnt,
324 2487 369 2522 qui
392 2488 508 2515 diversis
532 2488 730 2515 tentatiuuibus
750 2487 865 2520 edolati,

75 2532 207 2559 resecatis
222 2533 351 2560 omnibus
370 2532 441 2559 vitiis
456 2536 483 2559 et
502 2532 614 2565 excisis,
626 2533 784 2566 quadratam
801 2539 868 2559 con-

111 2623 135 2639 ⁸³
150 2623 279 2651 Proverb.
295 2631 369 2657 xxvt,
385 2624 412 2652 9.

111 2690 168 2726 (89)
181 2690 255 2717 Libri
275 2695 355 2716 antea
370 2689 449 2726 editi,
463 2690 515 2726 ﬁde
530 2689 671 2726 Trinitatis
684 2690 724 2726 nd
751 2690 869 2725 longitu-

72 2726 164 2760 dinem
179 2726 238 2752 tirtc
265 2725 544 2760 immortalitatemque
573 2725 720 2760 @scendit,
746 2730 773 2751 at
800 2733 866 2752 mss.

72 2759 261 2790 Bclvacensis,
278 2759 453 2793 Remigianus
467 2763 493 2787 et
508 2764 562 2786 tres
579 2759 754 2786 Turoucnses
777 2764 807 2786 ut
835 2760 861 2786 in

74 2800 173 2821 nostro
191 2800 278 2821 textu.
293 2793 383 2820 Codex
397 2793 610 2821 Gemeticeusis:
628 2795 706 2828 ﬁdem
722 2794 860 2821 Trinitatis

72 2837 108 2856 α
122 2829 286 2864 longitudine
300 2829 359 2855 vitae
372 2828 617 2864 immortalitateqne
636 2829 772 2857 distendit.
802 2829 861 2856 Mox

459 2623 483 2640 ⁸’δ
493 2623 525 2651 Ill
535 2624 602 2659 Reg.
614 2631 652 2657 vt,
664 2624 690 2651 7.
727 2623 751 2640 ⁸⁸
764 2623 851 2651 Levit.
866 2631 925 2652 xm.
963 2622 1007 2649 "l
1022 2623 1086 2652 Cor.
1102 2632 1141 2658 ix,
1153 2624 1200 2652 24.

919 2258 946 2284 in
964 2258 1015 2285 hoc
1030 2257 1089 2285 loco
1101 2258 1227 2293 profundi
1241 2264 1266 2285 et
1282 2260 1375 2287 arcani
1399 2262 1522 2297 mystcrii
1539 2267 1646 2289 secreta
1663 2269 1708 2289 re-

918 2305 1015 2338 periet,
1032 2311 1090 2338 qua:
1108 2312 1180 2332 nunc
1195 2312 1245 2332 nos
1259 2305 1395 2333 adducere
1407 2306 1433 2333 in
1454 2306 1584 2339 medium,
1606 2307 1648 2334 vel
1660 2315 1710 2342 pro

924 2349 1060 2376 brevitate
1076 2350 1213 2384 temporis,
1229 2350 1269 2377 vcl
1294 2357 1343 2385 pro
1366 2351 1518 2379 auditorum
1537 2351 1629 2380 labore
1655 2361 1708 2380 non

919 2401 1072 2428 possumus.
1091 2394 1290 2429 Omnipotentis
1311 2401 1399 2423 tamen
1425 2397 1471 2424 Dei
1487 2398 1705 2426 misericordiam

921 2441 1110 2474 deprecemur,
1128 2441 1173 2475 qui
1190 2449 1239 2468 nos
1256 2449 1308 2469 non
1327 2441 1412 2468 solum
1430 2443 1567 2470 auditores
1580 2444 1653 2471 verbi
1666 2445 1708 2472 sui

922 2485 1015 2518 faciat,
1029 2486 1077 2513 sed
1095 2491 1122 2512 et
1135 2486 1253 2514 [actores
1266 2487 1288 2503 ⁵⁵
1303 2496 1310 2514 :
1327 2492 1354 2514 et
1377 2487 1488 2514 inducat
1505 2495 1588 2522 suprr
1602 2494 1708 2518 nostras

919 2538 1028 2565 quoque
1047 2531 1152 2559 animas
1167 2532 1296 2560 diluvium
1312 2541 1387 2569 aqua:
1397 2541 1463 2567 sua),
1476 2538 1504 2562 ct
1515 2534 1604 2562 deleat
1614 2535 1640 2562 in
1657 2544 1707 2564 no-

1253 2624 1297 2652 II'l
1315 2624 1383 2660 Reg.
1395 2633 1461 2652 xvn.
1514 2626 1539 2644 ⁸³
1552 2626 1610 2654 Jac.
1627 2634 1648 2660 t,
1660 2627 1706 2656 ἓξ.

923 2689 989 2729 libb.
1007 2695 1088 2729 antea
1098 2691 1184 2729 c_diti_:
1202 2691 1342 2729 latitudine
1364 2693 1512 2729 clmritatis,
1533 2693 1705 2729 indulgentia:

922 2729 947 2752 et
964 2725 1132 2764 benignitatis
1163 2726 1258 2764 {uultu
1288 2727 1424 2764 nﬁ'ectum.
1444 2728 1590 2755 Altitudt‘ns
1599 2725 1654 2764 spei
1670 2729 1704 2756 uti

918 2760 1146 2796 ctelestiuierigit;
1163 2760 1209 2788 Sed
1222 2769 1286 2788 mss.
1302 2766 1331 2788 ut
1343 2762 1369 2789 in
1385 2767 1479 2790 nostro
1492 2767 1578 2791 textu.

953 2795 1007 2831 (.90)
1024 2795 1099 2829 Mss,
1113 2796 1221 2830 insunt;
1233 2796 1298 2825 libb.
1315 2797 1394 2832 editi,
1412 2798 1487 2826 inest.
