1902 3065
173 165 227 193 175

901 153 1061 183 ORICENIS

1321 111 1331 114 ..
1344 108 1381 114 ν..
1391 109 1420 124 vr

1739 143 1792 171 £76

175 226 217 252 bis
230 231 290 259 qure
305 223 356 250 scit
383 229 443 248 esse
459 220 582 251 delenda,
596 223 622 246 et
640 217 756 245 viviflcet
781 223 841 251 quae
855 216 957 251 judicat
971 217 993 244 Α
1010 214 1100 247 ligitur
1112 212 1235 240 voluntas
1249 210 1295 238 Dei
1311 207 1457 240 contineri,
1474 206 1526 234 nisi
1542 213 1572 232 ea
1594 204 1700 232 loculus
1717 203 1794 230 dica-

175 277 236 296 esse
249 268 421 298 viviflcautla.
442 274 489 300 per
512 265 650 293 Christum
667 263 807 290 Dominum
825 266 957 292 nostrum.

175 322 203 343 et
215 323 262 350 per
274 314 403 350 Spiritum
414 320 491 340 suum
505 315 639 338 sanctum.
651 308 703 343 ipsi
723 307 809 342 gloria
823 307 848 334 itt
860 310 959 334 :ctcrua

177 362 275 390 smnia
289 359 458 388 szecuiorom.
473 357 571 383 Amen.

469 403 610 432 llOMlLlA
633 401 676 429 lll.

369 452 406 478 De
421 449 620 478 circumcisione
640 447 763 473 Abrulnz.

215 503 239 529 l.
266 499 397 533 Quoniam
419 499 443 524 in
469 496 563 523 multis
591 493 690 521 divinae
714 492 864 526 Scriptura:
893 490 960 517 locis

179 549 262 575 Deum
278 545 392 581 legimus
400 542 575 571 ad'homines
591 539 673 574 loqui,
686 543 713 566 et
728 541 839 572 propter
850 537 900 564 hoc
913 534 961 563 ,Ιιιο

179 593 228 619 «hei
241 591 361 627 quidem,
372 589 418 617 sed
431 592 626 616 etrnostrorum
642 583 773 615 nonnulli,
787 582 871 610 Deum
883 581 960 616 qttasi

181 639 316 666 hominem
332 633 536 669 intelligendum
551 635 725 666 putaverunt.
746 629 773 656 id
801 633 844 655 est
867 627 961 654 huma-

181 684 222 711 nis
234 681 363 711 membris
383 680 529 714 habituque
553 676 722 707 distittctum,
740 673 886 710 philosophi
898 679 962 699 vero

183 729 257 756 velut
273 727 465 755 fabulosa-haee
477 730 504 752 et
517 725 550 751 ad
571 723 742 758 rpoeticorum
757 720 961 748 similitudinem

180 771 492 809 tlgmeutorum'f‘ormata
523 770 696 804 despiciunt:
714 767 821 794 videtur
847 765 911 792 mihi
929 765 962 792 de

181 821 224 847 his
235 819 323 854 primo
349 817 445 852 paucis
470 814 721 845 scrmocinandutn,
741 816 767 839 et
791 816 853 838 tunc
879 811 912 837 ad
932 817 963 836 ca

180 871 239 896 qum
257 862 374 890 recitata
386 866 449 888 sunt
472 859 645 887 veniendum.
671 856 760 884 Primo
781 862 846 890 ergo
863 854 896 881 ad
916 861 964 881 eos

182 910 217 936 sit
243 915 333 935 sermo
361 907 404 941 qui
420 905 498 932 nforis
510 904 588 939 positi
605 906 763 937 arroganter
782 908 831 928 nos
844 900 961 927 circum-
979 890 998 919 Β

183 958 317 988 strepunt,
333 952 454 979 dict-utea
470 950 578 977 excelso
591 948 629 976 illi
648 953 676 975 et
687 945 815 974 invisibili
829 949 910 979 atque
924 943 964 970 itt-

183 1006 315 1034 corporco
333 998 387 1024 Dco
404 1004 455 1023 non
469 994 624 1025 convenire.
653 997 684 1020 ut
716 990 843 1019 humanis
874 993 965 1016 utatur

183 1044 322 1072 affectibus
335 1043 402 1079 (9|).
424 1041 452 1069 Si
464 1041 535 1068 enim
554 1039 690 1074 loquendi,
722 1036 858 1073 inquiunt,
876 1035 900 1062 ei
918 1035 965 1062 da-

184 1091 218 1118 tis
235 1098 323 1122 nstnu,
346 1089 403 1116 sine
417 1087 498 1114 dubio
508 1086 607 1113 dabitis
618 1089 643 1111 et
660 1092 700 1115 os,
715 1088 744 1111 et
756 1083 893 1117 linguam,
913 1087 966 1107 rte--

185 1142 296 1170 Ieraque
313 1135 432 1161 membra
449 1133 547 1167 quibus
563 1129 689 1164 loquendi
701 1128 826 1163 expletur
836 1125 964 1153 ofﬁcium.

183 1182 261 1216 Quod
277 1181 298 1209 si
313 1181 358 1211 sit.
379 1186 515 1207 recessum
532 1181 574 1204 est
591 1178 624 1203 ah
638 1174 769 1202 invisibili
787 1178 814 1200 et
840 1173 967 1205 incorpo-

185 1238 232 1259 reo
245 1230 300 1257 Deo
316 1231 365 1254 τοι
393 1225 475 1253 multa
492 1223 535 1250 his
560 1221 656 1248 similia
674 1223 812 1246 nectentes
835 1224 884 1244 nos
906 1215 967 1243 fati-

187 1281 251 1311 gant
265 1274 331 1310 (92).
348 1272 388 1298 Ad
411 1271 561 1301 ham-ergo,
580 1266 601 1293 si
625 1265 752 1300 precibus
777 1262 874 1290 vestris
891 1261 968 1296 juve-

187 1309 257 1352 innr,
270 1321 349 1353 prout
364 1315 494 1343 Dominus
510 1311 625 1343 dederit,
642 1309 762 1337 breviter
781 1313 965 1335 occurremus.

222 1365 250 1392 ί.
263 1352 317 1391 Nos
332 1362 402 1390 sicut
415 1361 605 1393 incorporeum
622 1362 682 1383 esse
698 1354 793 1386 Deum,
805 1358 832 1380 et
846 1352 969 1386 omnipo-

189 1415 300 1441 tentem,
314 1413 341 1436 et
354 1405 515 1434 iuvisibilem
533 1402 702 1438 profitemur,
731 1400 768 1426 ita
783 1405 853 1425 leum
873 1403 969 1424 curare

190 1440 325 1486 mortalia,
354 1457 381 1479 et
409 1450 477 1478 nihil
494 1449 598 1482 absque
627 1447 686 1481 ejus
709 1443 881 1479 providentia
899 1440 968 1475 geri,

191 1507 278 1535 neque
295 1499 321 1526 in
337 1497 419 1529 caelo,
437 1501 524 1530 neque
544 1495 571 1521 in
604 1492 695 1523 terris,
709 1494 784 1517 certo
799 1493 825 1515 et
840 1486 969 1515 immobili

190 1532 316 1580 dog-male
330 1542 492 1570 confitemur
513 1539 581 1575 (93).
608 1537 741 1564 Memento
756 1535 818 1570 quia
831 1532 898 1560 nihil
911 1532 970 1559 sine

191 1579 361 1626 providentia
376 1588 434 1622 ejus
449 1586 504 1622 geri
519 1585 648 1616 diximus,
675 1589 726 1609 non
742 1581 801 1608 sine
812 1579 968 1606 ‘voluntate.

193 1637 273 1664 Multa
287 1636 358 1663 enim
368 1631 581 1661 sine-voluntate
595 1629 653 1664 ejus
665 1631 805 1661 gertnttnr,
835 1623 899 1651 nihil
912 1623 973 1650 sine

196 1680 374 1717 providentia.
397 1675 572 1704 Providentia
591 1679 706 1707 namque
718 1675 758 1698 est
771 1677 823 1704 qua
836 1671 973 1704 procurat,

192 1715 221 1756 et
230 1729 376 1763 dispensat,
388 1730 415 1752 et
427 1723 549 1760 providet
560 1728 620 1756 qua:
631 1724 771 1755 geruntur.
787 1715 918 1744 Voluntas
929 1722 974 1741 ve-

195 1783 225 1801 ro
236 1761 278 1800 est
293 1780 343 1807 qua
356 1771 412 1798 vnit
423 1769 523 1804 aliquid
535 1772 581 1794 aut
594 1774 646 1794 non
660 1765 725 1792 vult.
736 1763 789 1791 Sed
799 1762 885 1789 dehis
896 1761 973 1787 alias.

195 1820 312 1855 Longior
324 1817 394 1845 enini
411 1820 452 1843 est
467 1820 494 1842 et
507 1813 628 1842 diffusior
645 1812 696 1840 iste
713 1813 854 1838 tractatus.
869 1807 974 1835 Secun-

193 1870 256 1893 dum
269 1866 319 1892 hoc
330 1870 394 1899 ergo
404 1861 475 1896 quod
486 1859 652 1895 provisorem
662 1855 829 1888 omnium,et
839 1853 976 1887 dispensa-

195 1919 281 1938 torem
305 1897 464 1945 profitemur
491 1906 587 1938 Deum,
613 1908 785 1936 consequens
808 1903 851 1927 est
868 1903 896 1924 Ill
912 1897 976 1932 quid

193 1957 246 1992 37
266 1942 340 1985 velit.
357 1953 397 1980 vel
410 1951 473 1986 quid
494 1948 651 1978 hominibus
665 1945 791 1980 expediat
806 1944 918 1971 indicet.
947 1942 976 1969 Si

197 2003 269 2029 enim
290 2008 341 2028 non
366 1999 477 2028 indicet.
496 2003 546 2023 nec
566 1995 618 2022 erit
637 1993 759 2027 provisor
779 1990 906 2022 hominis,
929 1995 978 2016 m-c

197 2046 318 2075 treditnr
344 2050 442 2072 curare
470 2039 605 2068 mortalia.
640 2038 764 2065 lndicans
795 2035 877 2069 igitur
910 2033 978 2060 Deus

198 2092 353 2120 hominibus
369 2097 429 2124 qua:
457 2094 504 2114 eos
530 2093 610 2120 agere
635 2083 706 2115 vult,
733 2089 786 2116 quo
807 2080 978 2116 potissimum

199 2138 295 2165 allecto
313 2135 442 2163 dicendus
459 2137 500 2159 est
512 2129 651 2158 indicare?
670 2128 762 2155 Nonne
781 2135 814 2153 eo
833 2125 879 2160 qui
893 2123 980 2152 homi-

200 2184 278 2211 nibus
298 2182 325 2209 in
353 2187 402 2207 usu
419 2183 446 2205 et
466 2177 560 2204 notitia
581 2175 642 2202 est?
655 2174 683 2200 Si
701 2173 784 2206 enim,
797 2171 872 2198 verbi
887 2176 979 2201 causa,

200 2229 324 2256 dicamus
344 2225 407 2260 quia
432 2223 495 2251 silet
518 2223 598 2252 Deus,
621 2219 693 2254 quod
710 2222 814 2246 natura:
828 2217 864 2244 illi
880 2222 980 2243 conve-

201 2275 278 2303 niens
287 2272 419 2303 creditur,
439 2267 574 2304 quomodo
586 2266 736 2293 indicatum
751 2270 812 2290 esse
824 2261 924 2297 aliquid
946 2261 979 2288 ab

201 2328 234 2347 eo
249 2318 388 2355 putabitur
406 2323 454 2351 per
477 2311 635 2341 silentium?
665 2309 743 2337 Nunc
766 2313 855 2336 autem
879 2307 980 2334 idcirco

202 2367 308 2393 locutus
332 2362 444 2392 dicitur,
470 2364 500 2386 ιιι
524 2358 642 2385 scientes
666 2354 788 2383 homines
817 2353 867 2380 hoc
900 2352 980 2379 mini-

208 2410 292 2437 sterio
308 2407 472 2434 voluntatem
489 2403 601 2430 alterius
615 2401 692 2428 alteri
707 2399 888 2427 innotescere.
899 2404 981 2431 agno-

202 2459 280 2482 scant
296 2460 328 2480 ca
347 2459 407 2487 qua:
428 2449 478 2477 sibi
506 2456 554 2483 per
575 2447 722 2482 prophetas
745 2443 904 2471 deferuntur
936 2441 980 2468 Dci

202 2508 262 2528 csse
281 2497 427 2526 voluntatis
443 2494 553 2523 indicia.
573 2493 599 2519 Ιιι
617 2491 716 2527 quibus
733 2490 826 2524 utique
840 2495 891 2515 nou
905 2487 983 2514 intel-

241 2557 262 2574 ⁸³
284 2557 352 2584 Gen.
367 2563 416 2586 xu,
430 2553 454 2580 1.

243 2602 297 2639 ιθι)
313 2601 466 2637 ΑιΤεειίιιιιι.
484 2596 574 2624 Codex
597 2595 684 2624 sancti
702 2590 876 2624 Theoderici,
891 2591 979 2626 oﬂ'atL

205 2640 265 2666 but.
284 2645 334 2664 non
351 2636 430 2662 male.
611 2665 615 2666 ν
642 2639 651 2666 χ
785 2663 791 2666 λ
953 2660 968 2666 __

225 2648 265 2668 tu,
284 2645 334 2664 tton
351 2639 430 2662 male.
608 2665 616 2668 _
642 2639 644 2642 '

241 2660 433 2706 (sisit-iunium
449 2675 526 2699 mss.,
542 2674 587 2693 nos
602 2664 732 2700 fatigant;
748 2663 813 2690 libb.
828 2667 908 2689 antea
928 2660 985 2688 edi-

207 2709 237 2738 ιῖ,
255 2704 358 2733 ηοὶιτοί
370 2704 492 2738 fatigant.

243 2729 442 2775 ὦδῖὖόςίηιαὶὶ
454 2737 616 2775 conﬁtemur,
630 2739 683 2762 etc.
700 2733 746 2761 Sic
761 2739 845 2765 mss.;
863 2729 925 2758 libri
942 2736 988 2755 vc-

209 2784 241 2805 ro
247 2770 329 2805 ‘editi,
342 2770 640 2807 tlbgutoteproﬁtemttr.

243 2797 442 2843 (ιῑϊῑιιέἷζαι
460 2797 584 2832 Ecclesia
595 2804 658 2838 ﬁde.
675 2802 752 2830 ιλιι».
768 2801 845 2835 eam,
861 2800 893 2827 ab
909 2797 988 2826 mte-

209 2845 316 2873 tiustica
328 2843 392 2878 ﬁde.

1011 265 1066 292 tur,
1094 259 1157 294 quia
1171 263 1219 285 nec
1236 257 1362 289 sentitur,
1381 262 1429 282 nec
1446 252 1604 286 intelligitur
1621 251 1693 278 inter
1705 249 1792 277 homi-

1010 313 1057 332 nes
1074 303 1187 331 imlicari
1207 309 1324 336 unquam
1345 307 1422 335 posse
1442 306 1490 333 per
1509 297 1647 324 silentium
1668 295 1793 322 volunta-

1010 356 1074 378 tctu.
1094 350 1146 377 Sed
1169 350 1226 376 haec
1242 354 1349 375 rursum
1373 353 1425 372 non
1445 343 1593 371 secundum
1610 348 1728 368 errorem
1742 339 1792 367 Ju-

1010 397 1142 426 datorum,
1169 394 1211 421 vel
1229 393 1311 420 etiam
1335 399 1367 419 ex
1389 390 1490 418 nostris
1514 387 1719 416 nonnullorum.
1745 383 1792 420 qui

1010 450 1071 470 cum
1098 441 1153 468 illis
1180 443 1291 470 errant,
1317 443 1429 464 eatenus
1452 435 1582 466 dicimus,
1608 437 1635 461 ut
1663 432 1793 467 quioniam

1012 489 1129 515 humana
1146 485 1279 521 fragilitas
1293 484 1374 511 aliter
1389 482 1483 509 audire
1498 481 1531 508 de
1552 480 1606 506 Deo
1620 486 1673 506 non
1692 482 1794 512 potes',

1011 533 1061 560 nisi
1077 538 1106 560 ut
1130 531 1182 559 sibi
1199 537 1242 558 res
1256 530 1313 564 ipsa
1333 533 1360 556 et
1378 525 1507 554 vocabula
1525 529 1587 552 nota
1603 528 1675 554 sunt,
1691 522 1795 549 ideirco

1011 579 1095 606 etiam
1118 575 1246 605 mentbris
1271 574 1328 602 hate
1357 572 1458 600 nostris
1484 568 1629 600 similibus,
1649 571 1676 595 et
1699 566 1794 593 habitu

1013 623 1133 650 humano
1162 620 1245 648 Deum
1267 625 1348 653 agere
1363 616 1524 644 sentiamus.
1543 613 1667 640 Alienum
1685 612 1736 638 hoc
1752 614 1794 637 est

1013 670 1046 697 ab
1066 667 1191 696 Ecclesia:
1220 665 1272 692 fide
1294 663 1378 698 (94).
1407 661 1460 688 Sed
1485 661 1536 687 hoc
1556 659 1642 693 ipsum
1661 657 1731 692 quod
1752 655 1794 682 vel

1014 714 1115 749 aspirat
1149 713 1176 739 in
1205 710 1288 738 corde
1311 706 1526 741 uniuscujusque
1550 707 1725 732 sanctotunt,
1751 700 1794 727 vel

1014 767 1110 787 sonum
1129 757 1203 784 vocis
1220 754 1362 790 pervenire
1374 753 1407 778 ad
1425 757 1505 778 aures
1517 751 1577 784 ejus
1596 747 1670 777 facit,
1688 746 1796 773 locutus

1014 805 1117 833 homini
1135 803 1206 831 Deus
1221 801 1330 828 dit-itur.
1346 799 1392 826 Sic
1402 802 1501 825 etcum
1516 799 1578 822 nota
1590 793 1640 821 sibi
1656 799 1715 819 esse
1725 791 1797 818 indi-

1015 857 1056 879 cat
1076 858 1136 886 qna:
1151 848 1335 882 unusquisque
1350 844 1389 871 vel
1406 843 1537 878 loquitur,
1552 840 1591 867 vel
1607 839 1671 874 agit.
1687 837 1798 865 audisse

1014 906 1045 926 se
1061 882 1144 924 dicit:
1158 900 1255 923 etcum
1273 892 1372 926 aliquid
1389 890 1515 924 injustqu
1534 887 1589 922 geri
1605 893 1620 913 a
1636 885 1711 912 nobis
1726 882 1801 910 indi-

1016 948 1070 977 cat,
1096 942 1176 970 irasci
1196 948 1225 968 so
1251 939 1337 966 dicit:
1352 944 1412 964 cunt
1438 933 1577 961 beneficiis
1603 931 1659 958 suis
1676 929 1799 963 ingratos

1016 974 1068 1017 nos
1091 987 1191 1023 arguit,
1223 985 1355 1020 poenitere
1381 989 1410 1009 se
1433 979 1519 1007 dicit:
1536 977 1658 1005 indicans
1687 974 1799 1009 quidem

1016 1036 1073 1063 haec
1087 1035 1130 1061 his
1143 1031 1286 1060 all'ectibns
1305 1029 1350 1064 qui
1363 1025 1518 1055 hominibus
1543 1024 1569 1051 in
1586 1030 1635 1049 usu
1653 1024 1727 1051 sunt,
1745 1026 1800 1046 non

1018 1087 1108 1108 Iatueu
1122 1079 1165 1107 his
1181 1075 1309 1104 membris
1323 1081 1353 1101 ea
1373 1072 1531 1100 ministraus
1545 1075 1604 1102 quae
1617 1070 1720 1093 natura:
1738 1072 1803 1091 cor-

1017 1135 1106 1163 pore-.e
1120 1130 1183 1153 sunt
1199 1122 1252 1160 (95
1262 1121 1284 1157 ).
1298 1119 1416 1155 Simplex
1433 1122 1549 1151 namque
1565 1117 1606 1142 est
1618 1112 1660 1140 illa
1674 1111 1806 1138 substano

1019 1154 1065 1204 Itin,
1086 1175 1113 1199 et
1136 1154 1223 1204 neque
1237 1154 1365 1194 membris
1381 1163 1452 1194 ullis,
1472 1166 1559 1195 neque
1593 1154 1804 1192 cotupaginibul

1019 1200 1213 1249 auectibusqne
1226 1210 1386 1246 composita,
1401 1207 1449 1236 sed
1468 1204 1595 1241 quidquid
1607 1202 1705 1230 divinis
1715 1200 1804 1227 vir‘u-

1020 1265 1091 1292 tibus
1107 1247 1222 1297 geritur,
1238 1259 1288 1286 hoc
1305 1262 1334 1284 ιιι
1358 1255 1481 1283 homines
1503 1254 1614 1286 possent
1639 1247 1804 1282 intelligere,

1019 1314 1067 1337 aut
1086 1308 1266 1336 bntuanorum
1287 1301 1468 1330 membrorum
1490 1295 1671 1335 appellatione
1691 1292 1806 1328 profer-

1023 1361 1076 1388 tur,
1088 1358 1133 1381 attt
1147 1349 1336 1380 communibus
1347 1351 1374 1374 et
1388 1345 1458 1373 notis
1475 1342 1632 1371 enuntiatur
1645 1339 1654 1375 (
1667 1338 1718 1374 96)
1739 1336 1807 1364 afl'e-

1021 1381 1121 1427 ctibus.
1138 1397 1171 1424 Et
1190 1396 1240 1423 hoc
1254 1393 1333 1420 modo
1349 1391 1389 1418 vel
1404 1388 1495 1420 irasci,
1510 1387 1551 1414 vel
1565 1385 1670 1418 audire,
1681 1383 1720 1410 vel
1731 1381 1806 1416 loqui

1021 1445 1121 1472 dicitur
1135 1442 1214 1469 Deus.
1230 1439 1297 1467 Nam
1309 1439 1330 1466 si
1345 1444 1398 1464 vox
1415 1435 1531 1463 humana
1546 1439 1593 1460 aer
1613 1431 1694 1462 ictus,
1709 1429 1735 1456 id
1759 1432 1807 1455 est

1021 1490 1110 1523 lingua
1129 1491 1301 1522 repercussus
1315 1482 1453 1512 definitur,
1469 1483 1557 1514 potest
1572 1481 1600 1504 et
1615 1483 1667 1503 vox
1687 1474 1732 1502 Dei
1749 1473 1808 1500 dici

1022 1519 1172 1564 act-victus",
1191 1529 1233 1557 vcl
1247 1529 1285 1561 vi,
1304 1527 1345 1554 vel
1360 1525 1497 1552 voluntate
1512 1523 1611 1550 divina.
1637 1520 1670 1548 Et
1689 1519 1751 1546 inde
1764 1522 1809 1547 est

1023 1578 1094 1614 quod
1117 1577 1139 1605 si
1158 1575 1266 1611 quando
1288 1580 1338 1599 vox
1355 1570 1484 1598 divinitus
1501 1569 1591 1600 datur,
1613 1573 1666 1593 non
1687 1564 1719 1591 ad
1745 1571 1809 1590 om-

1024 1625 1097 1653 nium
1109 1628 1200 1652 aures,
1217 1620 1264 1647 sed
1288 1618 1321 1645 ad
1345 1623 1463 1652 quorum
1480 1615 1606 1645 interest,
1621 1611 1729 1639 auditus
1742 1609 1811 1636 alla-

1024 1669 1107 1700 bitur,
1126 1670 1155 1693 ut
1170 1670 1302 1699 agnoscas
1318 1661 1435 1689 sonitum
1456 1667 1508 1687 non
1525 1658 1622 1692 lingua:
1638 1656 1716 1691 pulsu
1743 1654 1811 1682 red-

1026 1698 1109 1741 ditum
1119 1709 1247 1747 (alioquin
1260 1707 1335 1735 fieret
1345 1703 1496 1734 communis
1507 1700 1634 1736 auditus),
1642 1700 1688 1727 sed
1698 1698 1810 1733 suprrni

1028 1762 1109 1786 nutus
1123 1754 1310 1784 moderamine
1326 1751 1518 1787 gubernatum.
1532 1748 1689 1781 Quanquam
1704 1749 1730 1771 et
1746 1751 1813 1778 pm—

1027 1803 1115 1839 pltetis
1126 1807 1197 1836 saepe
1211 1804 1239 1826 et
1255 1796 1420 1834 patriarchis
1431 1816 1439 1828 ,
1463 1793 1624 1826 ueterisque
1639 1793 1810 1820 sanctorum,

1026 1849 1107 1876 etiam
1134 1846 1192 1874 sine
1213 1844 1289 1872 vocis
1317 1849 1384 1869 sono
1412 1840 1525 1867 verbum
1553 1837 1599 1864 Dei
1627 1835 1728 1864 factum
1748 1841 1812 1861 esse

1028 1894 1172 1923 referatur,
1211 1891 1283 1917 sicut
1305 1895 1338 1916 ex
1367 1885 1492 1914 omnibus
1516 1883 1601 1911 sat-ris
1628 1880 1813 1908 voluminibus

1028 1939 1195 1967 abundanter
1217 1937 1353 1964 docemur.
1381 1931 1410 1959 in
1427 1939 1492 1966 quo,
1515 1933 1543 1956 ut.
1566 1927 1684 1956 breviter
1708 1926 1811 1956 dicant.

1028 1983 1177 2011 illuminata
1205 1987 1280 2007 mens
1303 1986 1350 2014 per
1375 1977 1505 2012 Spiritum
1541 1973 1586 2001 Dei
1618 1972 1752 2000 formatur
1785 1970 1812 1997 in

1029 2029 1121 2056 verba.
1137 2027 1168 2054 Et
1183 2026 1243 2053 ideo
1255 2025 1311 2052 sive
1328 2024 1390 2055 hoc,
1407 2022 1463 2049 sive
1479 2021 1523 2048 illo
1535 2027 1588 2054 quo
1599 2026 1680 2054 supra
1692 2018 1814 2045 diximus

1030 2074 1120 2105 modo,
1136 2079 1197 2099 cum
1213 2070 1377 2098 voluntatem
1399 2074 1475 2094 suam
1492 2066 1602 2097 indicat,
1625 2064 1731 2091 locutus
1750 2071 1812 2090 esse

1030 2119 1128 2146 dicitur
1146 2117 1225 2144 Deus.
1244 2116 1398 2143 Secundum
1422 2115 1494 2141 hunc
1508 2120 1572 2147 ergo
1588 2117 1698 2138 sensum
1720 2109 1813 2143 aliqua

1031 2164 1098 2201 (97)
1113 2163 1168 2198 jam
1183 2169 1216 2188 ex
1229 2161 1272 2188 Itis
1285 2168 1345 2195 quae
1359 2161 1428 2186 lecta
1443 2163 1515 2191 sunt,
1529 2158 1703 2185 disseramus.

996 2216 1017 2244 ι)
1066 2212 1092 2237 '5.
1110 2208 1189 2236 Multa
1214 2213 1343 2241 responsa
1368 2205 1466 2232 dantur
1489 2212 1502 2231 a
1533 2204 1586 2231 Deo
1611 2202 1645 2229 ad
1661 2200 1813 2230 Abraham,

1033 2256 1079 2284 sed
1104 2263 1156 2282 non
1180 2254 1269 2281 omnia
1291 2252 1325 2279 ad
1350 2259 1432 2278 unum
1447 2250 1627 2283 eamdemque
1645 2246 1813 2274 referuntur.

1033 2302 1160 2336 Qua-dant
1176 2301 1247 2327 enim
1262 2299 1294 2326 ad
1309 2298 1409 2325 Abram
1419 2318 1427 2330 ,
1438 2297 1562 2331 qua‘dam
1577 2295 1610 2321 ad
1622 2293 1773 2321 Abraham.
1789 2291 1816 2318 id

1034 2351 1075 2375 cst
1094 2347 1146 2374 alia
1167 2349 1227 2382 post.
1245 2344 1457 2372 immutationem
1483 2341 1610 2373 nominis,
1637 2343 1664 2366 et
1685 2337 1736 2364 alia
1752 2344 1815 2363 cum

1035 2393 1124 2421 adhuc
1144 2392 1261 2428 genuino
1287 2388 1419 2417 vocabulo
1439 2391 1608 2415 censeretur.
1638 2384 1671 2411 Et
1697 2383 1816 2417 primum

1035 2439 1141 2474 quidem
1150 2427 1169 2464 7a
1187 2437 1241 2464 Deo
1258 2435 1290 2462 ad
1308 2435 1409 2462 Abram
1421 2437 1484 2460 ante
1495 2430 1709 2459 immutationem
1725 2427 1816 2455 notui-

1036 2472 1078 2510 nis
1094 2482 1158 2509 illud
1178 2480 1299 2508 defertur
1318 2478 1468 2510 oraculum,
1487 2483 1540 2512 quo
1563 2475 1630 2502 dixit
1647 2474 1669 2490 "
1686 2482 1693 2500 :
1709 2472 1761 2499 Exi
1784 2473 1819 2498 de

1069 2587 1137 2623 (95)
1155 2587 1214 2614 Non
1233 2590 1319 2612 tamen
1332 2584 1373 2610 his
1394 2581 1515 2623 membris
1535 2579 1818 2623 cominisltrgmryna

1033 2611 1136 2651 ηαῖιῖηέ
1156 2611 1288 2654 corpoer
1304 2623 1374 2645 sunt.
1401 2617 1462 2644 llmc
1484 2616 1511 2642 itt
1532 2620 1610 2641 antea
1635 2613 1717 2640 editis
1739 2611 1818 2638 libris

1032 2659 1132 2686 omissa
1147 2655 1306 2689 supplentur
1324 2660 1339 2679 e
1357 2659 1421 2678 mss.

1239 2689 1407 2727 enuntiatur.
1423 2684 1500 2712 Lihb.
1522 2683 1606 2727 editi],
1622 2681 1816 2727 itur-nuntiatur.

1034 2714 1119 2754 Publi;
1129 2714 1291 2760 [postiidem
1311 2729 1388 2760 mss,
1403 2726 1569 2754 repercussus
1585 2717 1721 2752 tle/initur.
1737 2714 1817 2742 Libh.

1034 2762 1110 2791 editi,
1126 2757 1297 2793 repercussus
1305 2757 1410 2793 dicitur.

1072 2785 1123 2830 (9'7
1132 2785 1256 2830 )ﬂllodd.
1274 2791 1399 2830 __Belvac‘.,
1422 2787 1556 2815 Gctnetic.
1579 2791 1606 2814 et
1630 2785 1817 2820 ltcmigianus,

1041 2824 1146 2865 aliqua}
1165 2828 1229 2855 libb.
1247 2825 1323 2859 editi,
1340 2824 1448 2860 reliqua.
