  <div class='ocr_page' id='page_1' title='image "/cluster/home/n/w/nwhite01/storage/ocr_20150623/12/njp.32101077772422/116.png"; bbox 0 0 1900 3060; ppageno 0'>
   <div class='ocr_carea' id='block_1_1' title="bbox 87 128 135 156">
    <p class='ocr_par' dir='ltr' id='par_1_1' title="bbox 87 128 135 156">
     <span class='ocr_line' id='line_1_1' title="bbox 87 128 135 156; baseline 0 0"><span class='ocrx_word' id='word_1_1' title='bbox 87 128 135 156; x_wconf 73' lang='grc'><strong>17⁷</strong></span> 
     </span>
    </p>
   </div>
   <div class='ocr_carea' id='block_1_2' title="bbox 87 191 244 218">
    <p class='ocr_par' dir='ltr' id='par_1_2' title="bbox 87 191 244 218">
     <span class='ocr_line' id='line_1_2' title="bbox 87 191 244 218; baseline -0.013 -3"><span class='ocrx_word' id='word_1_2' title='bbox 87 195 156 217; x_wconf 76' lang='lat' dir='ltr'><strong>terra</strong></span> <span class='ocrx_word' id='word_1_3' title='bbox 177 191 224 213; x_wconf 82' lang='lat' dir='ltr'><strong>tua</strong></span> <span class='ocrx_word' id='word_1_4' title='bbox 235 205 244 218; x_wconf 86' lang='grc'><em>.</em></span> 
     </span>
    </p>
   </div>
   <div class='ocr_carea' id='block_1_3' title="bbox 89 214 877 265">
    <p class='ocr_par' dir='ltr' id='par_1_3' title="bbox 89 214 877 265">
     <span class='ocr_line' id='line_1_3' title="bbox 89 214 877 265; baseline -0.027 -4"><span class='ocrx_word' id='word_1_5' title='bbox 89 214 145 265; x_wconf 73' lang='lat' dir='ltr'><strong>iiut,</strong></span> <span class='ocrx_word' id='word_1_6' title='bbox 156 237 211 259; x_wconf 71' lang='lat' dir='ltr'><strong>etc.</strong></span> <span class='ocrx_word' id='word_1_7' title='bbox 225 214 280 257; x_wconf 59' lang='lat' dir='ltr'><strong>sed</strong></span> <span class='ocrx_word' id='word_1_8' title='bbox 300 228 365 255; x_wconf 81' lang='lat' dir='ltr'><strong>nihil</strong></span> <span class='ocrx_word' id='word_1_9' title='bbox 379 228 405 254; x_wconf 88' lang='lat' dir='ltr'><strong>itt</strong></span> <span class='ocrx_word' id='word_1_10' title='bbox 419 214 470 253; x_wconf 79' lang='lat' dir='ltr'><strong>hoc</strong></span> <span class='ocrx_word' id='word_1_11' title='bbox 490 224 523 251; x_wconf 88' lang='lat' dir='ltr'><strong>de</strong></span> <span class='ocrx_word' id='word_1_12' title='bbox 542 225 705 250; x_wconf 82' lang='lat' dir='ltr'><strong>testamento</strong></span> <span class='ocrx_word' id='word_1_13' title='bbox 721 218 785 248; x_wconf 86' lang='lat' dir='ltr'><strong>Dei,</strong></span> <span class='ocrx_word' id='word_1_14' title='bbox 810 214 877 242; x_wconf 80' lang='lat' dir='ltr'><strong>nihil</strong></span> 
     </span>
    </p>
   </div>
   <div class='ocr_carea' id='block_1_4' title="bbox 90 265 877 308">
    <p class='ocr_par' dir='ltr' id='par_1_4' title="bbox 90 265 877 308">
     <span class='ocr_line' id='line_1_4' title="bbox 90 265 877 308; baseline -0.024 -2"><span class='ocrx_word' id='word_1_15' title='bbox 90 279 122 306; x_wconf 80' lang='lat' dir='ltr'><strong>de</strong></span> <span class='ocrx_word' id='word_1_16' title='bbox 143 275 355 305; x_wconf 81' lang='lat' dir='ltr'><strong>circumcisione</strong></span> <span class='ocrx_word' id='word_1_17' title='bbox 382 270 547 308; x_wconf 70' lang='lat' dir='ltr'><strong>prmeipitur.</strong></span> <span class='ocrx_word' id='word_1_18' title='bbox 572 266 630 294; x_wconf 79' lang='lat' dir='ltr'><strong>Non</strong></span> <span class='ocrx_word' id='word_1_19' title='bbox 657 265 729 292; x_wconf 89' lang='lat' dir='ltr'><strong>enim</strong></span> <span class='ocrx_word' id='word_1_20' title='bbox 750 266 877 308; x_wconf 68' lang='lat' dir='ltr'><strong>poterat,</strong></span> 
     </span>
    </p>
   </div>
   <div class='ocr_carea' id='block_1_5' title="bbox 91 305 879 351">
    <p class='ocr_par' dir='ltr' id='par_1_5' title="bbox 91 305 879 351">
     <span class='ocr_line' id='line_1_5' title="bbox 91 305 879 351; baseline -0.023 -1"><span class='ocrx_word' id='word_1_21' title='bbox 91 305 151 351; x_wconf 72' lang='lat' dir='ltr'><strong>eum</strong></span> <span class='ocrx_word' id='word_1_22' title='bbox 179 323 270 350; x_wconf 89' lang='lat' dir='ltr'><strong>adhuc</strong></span> <span class='ocrx_word' id='word_1_23' title='bbox 296 324 369 347; x_wconf 89' lang='lat' dir='ltr'><strong>esset</strong></span> <span class='ocrx_word' id='word_1_24' title='bbox 383 305 494 345; x_wconf 50' lang='lat' dir='ltr'><strong>Abram</strong></span> <span class='ocrx_word' id='word_1_25' title='bbox 536 317 564 340; x_wconf 89' lang='lat' dir='ltr'><strong>et</strong></span> <span class='ocrx_word' id='word_1_26' title='bbox 588 310 706 339; x_wconf 78' lang='lat' dir='ltr'><strong>carnalis</strong></span> <span class='ocrx_word' id='word_1_27' title='bbox 730 305 879 336; x_wconf 83' lang='lat' dir='ltr'><strong>nativitatis</strong></span> 
     </span>
    </p>
   </div>
   <div class='ocr_carea' id='block_1_6' title="bbox 91 353 896 397">
    <p class='ocr_par' dir='ltr' id='par_1_6' title="bbox 91 353 896 397">
     <span class='ocr_line' id='line_1_6' title="bbox 91 353 896 397; baseline -0.022 -1"><span class='ocrx_word' id='word_1_28' title='bbox 91 368 254 397; x_wconf 75' lang='lat' dir='ltr'><strong>vocabulum</strong></span> <span class='ocrx_word' id='word_1_29' title='bbox 266 367 362 397; x_wconf 82' lang='lat' dir='ltr'><strong>ferret,</strong></span> <span class='ocrx_word' id='word_1_30' title='bbox 375 362 517 397; x_wconf 80' lang='lat' dir='ltr'><strong>suscipere</strong></span> <span class='ocrx_word' id='word_1_31' title='bbox 531 363 559 387; x_wconf 90' lang='lat' dir='ltr'><strong>et</strong></span> <span class='ocrx_word' id='word_1_32' title='bbox 571 361 766 386; x_wconf 88' lang='lat' dir='ltr'><strong>testamentum</strong></span> <span class='ocrx_word' id='word_1_33' title='bbox 786 353 832 381; x_wconf 86' lang='lat' dir='ltr'><strong>Dei</strong></span> <span class='ocrx_word' id='word_1_34' title='bbox 852 356 880 379; x_wconf 90' lang='lat' dir='ltr'><strong>et</strong></span> <span class='ocrx_word' id='word_1_35' title='bbox 892 378 896 382; x_wconf 78' lang='grc'><strong><em>,</em></strong></span> 
     </span>
    </p>
   </div>
   <div class='ocr_carea' id='block_1_7' title="bbox 91 406 883 448">
    <p class='ocr_par' dir='ltr' id='par_1_7' title="bbox 91 406 883 448">
     <span class='ocr_line' id='line_1_7' title="bbox 91 406 883 448; baseline -0.01 -6"><span class='ocrx_word' id='word_1_36' title='bbox 91 412 308 443; x_wconf 76' lang='lat' dir='ltr'><strong>circumcisionis</strong></span> <span class='ocrx_word' id='word_1_37' title='bbox 320 411 437 448; x_wconf 85' lang='lat' dir='ltr'><strong>insigne.</strong></span> <span class='ocrx_word' id='word_1_38' title='bbox 451 410 519 438; x_wconf 89' lang='lat' dir='ltr'><strong>Cum</strong></span> <span class='ocrx_word' id='word_1_39' title='bbox 537 415 601 436; x_wconf 89' lang='lat' dir='ltr'><strong>vero</strong></span> <span class='ocrx_word' id='word_1_40' title='bbox 612 407 677 434; x_wconf 83' lang='lat' dir='ltr'><strong>exiit</strong></span> <span class='ocrx_word' id='word_1_41' title='bbox 689 406 723 434; x_wconf 90' lang='lat' dir='ltr'><strong>de</strong></span> <span class='ocrx_word' id='word_1_42' title='bbox 738 410 809 433; x_wconf 88' lang='lat' dir='ltr'><strong>terra</strong></span> <span class='ocrx_word' id='word_1_43' title='bbox 824 411 883 434; x_wconf 74' lang='lat' dir='ltr'><strong>sua.</strong></span> 
     </span>
    </p>
   </div>
   <div class='ocr_carea' id='block_1_8' title="bbox 91 451 885 496">
    <p class='ocr_par' dir='ltr' id='par_1_8' title="bbox 91 451 885 496">
     <span class='ocr_line' id='line_1_8' title="bbox 91 451 885 496; baseline -0.016 -7"><span class='ocrx_word' id='word_1_44' title='bbox 91 467 119 489; x_wconf 86' lang='lat' dir='ltr'><strong>et</strong></span> <span class='ocrx_word' id='word_1_45' title='bbox 132 461 167 489; x_wconf 85' lang='lat' dir='ltr'><strong>de</strong></span> <span class='ocrx_word' id='word_1_46' title='bbox 181 459 345 496; x_wconf 74' lang='lat' dir='ltr'><strong>cognatione</strong></span> <span class='ocrx_word' id='word_1_47' title='bbox 357 465 420 488; x_wconf 85' lang='lat' dir='ltr'><strong>sua.</strong></span> <span class='ocrx_word' id='word_1_48' title='bbox 442 461 507 484; x_wconf 89' lang='lat' dir='ltr'><strong>tunc</strong></span> <span class='ocrx_word' id='word_1_49' title='bbox 528 455 562 482; x_wconf 86' lang='lat' dir='ltr'><strong>ad</strong></span> <span class='ocrx_word' id='word_1_50' title='bbox 584 461 646 481; x_wconf 87' lang='lat' dir='ltr'><strong>eum</strong></span> <span class='ocrx_word' id='word_1_51' title='bbox 669 451 813 480; x_wconf 86' lang='lat' dir='ltr'><strong>sacratiora</strong></span> <span class='ocrx_word' id='word_1_52' title='bbox 829 451 885 486; x_wconf 86' lang='lat' dir='ltr'><strong>jam</strong></span> 
     </span>
    </p>
   </div>
   <div class='ocr_carea' id='block_1_9' title="bbox 93 497 888 541">
    <p class='ocr_par' dir='ltr' id='par_1_9' title="bbox 93 497 888 541">
     <span class='ocr_line' id='line_1_9' title="bbox 93 497 888 541; baseline -0.015 -7"><span class='ocrx_word' id='word_1_53' title='bbox 93 513 224 541; x_wconf 84' lang='lat' dir='ltr'><strong>responsa</strong></span> <span class='ocrx_word' id='word_1_54' title='bbox 245 504 418 532; x_wconf 77' lang='lat' dir='ltr'><strong>deferuntur.</strong></span> <span class='ocrx_word' id='word_1_55' title='bbox 433 502 467 529; x_wconf 86' lang='lat' dir='ltr'><strong>Et</strong></span> <span class='ocrx_word' id='word_1_56' title='bbox 485 500 574 536; x_wconf 88' lang='lat' dir='ltr'><strong>primo</strong></span> <span class='ocrx_word' id='word_1_57' title='bbox 595 499 693 527; x_wconf 88' lang='lat' dir='ltr'><strong>dicitur</strong></span> <span class='ocrx_word' id='word_1_58' title='bbox 711 498 736 524; x_wconf 90' lang='lat' dir='ltr'><strong>ei</strong></span> <span class='ocrx_word' id='word_1_59' title='bbox 756 497 818 532; x_wconf 83' lang='lat' dir='ltr'><strong>quia</strong></span> <span class='ocrx_word' id='word_1_60' title='bbox 835 503 888 523; x_wconf 80' lang='lat' dir='ltr'><strong>non</strong></span> 
     </span>
    </p>
   </div>
   <div class='ocr_carea' id='block_1_10' title="bbox 94 541 885 580">
    <p class='ocr_par' dir='ltr' id='par_1_10' title="bbox 94 541 885 580">
     <span class='ocr_line' id='line_1_10' title="bbox 94 541 885 580; baseline -0.015 -1"><span class='ocrx_word' id='word_1_61' title='bbox 94 551 229 580; x_wconf 69' lang='lat' dir='ltr'><strong>vocaberis</strong></span> <span class='ocrx_word' id='word_1_62' title='bbox 245 550 354 580; x_wconf 71' lang='lat' dir='ltr'><strong>Abram,</strong></span> <span class='ocrx_word' id='word_1_63' title='bbox 369 550 413 576; x_wconf 81' lang='lat' dir='ltr'><strong>sed</strong></span> <span class='ocrx_word' id='word_1_64' title='bbox 428 547 560 574; x_wconf 75' lang='lat' dir='ltr'><strong>Abraham</strong></span> <span class='ocrx_word' id='word_1_65' title='bbox 576 545 625 572; x_wconf 86' lang='lat' dir='ltr'><strong>erit</strong></span> <span class='ocrx_word' id='word_1_66' title='bbox 644 551 737 570; x_wconf 81' lang='lat' dir='ltr'><strong>nomen</strong></span> <span class='ocrx_word' id='word_1_67' title='bbox 758 547 832 569; x_wconf 84' lang='lat' dir='ltr'><strong>tuum</strong></span> <span class='ocrx_word' id='word_1_68' title='bbox 851 541 885 568; x_wconf 83' lang='grc'><strong>³⁸.</strong></span> 
     </span>
    </p>
   </div>
   <div class='ocr_carea' id='block_1_11' title="bbox 96 587 888 631">
    <p class='ocr_par' dir='ltr' id='par_1_11' title="bbox 96 587 888 631">
     <span class='ocr_line' id='line_1_11' title="bbox 96 587 888 631; baseline -0.015 -6"><span class='ocrx_word' id='word_1_69' title='bbox 96 596 175 625; x_wconf 77' lang='lat' dir='ltr'><strong>Tunc</strong></span> <span class='ocrx_word' id='word_1_70' title='bbox 199 597 256 631; x_wconf 79' lang='lat' dir='ltr'><strong>jam</strong></span> <span class='ocrx_word' id='word_1_71' title='bbox 280 599 308 622; x_wconf 90' lang='lat' dir='ltr'><strong>et</strong></span> <span class='ocrx_word' id='word_1_72' title='bbox 332 597 525 621; x_wconf 72' lang='lat' dir='ltr'><strong>testamentum</strong></span> <span class='ocrx_word' id='word_1_73' title='bbox 550 590 599 618; x_wconf 90' lang='lat' dir='ltr'><strong>Dei</strong></span> <span class='ocrx_word' id='word_1_74' title='bbox 627 588 748 623; x_wconf 93' lang='lat' dir='ltr'><strong>suscepit</strong></span> <span class='ocrx_word' id='word_1_75' title='bbox 767 587 838 623; x_wconf 84' lang='lat'><strong>(98),</strong></span> <span class='ocrx_word' id='word_1_76' title='bbox 860 589 888 613; x_wconf 88' lang='lat' dir='ltr'><strong>et</strong></span> 
     </span>
    </p>
   </div>
   <div class='ocr_carea' id='block_1_12' title="bbox 94 634 887 679">
    <p class='ocr_par' dir='ltr' id='par_1_12' title="bbox 94 634 887 679">
     <span class='ocr_line' id='line_1_12' title="bbox 94 634 887 679; baseline -0.015 -9"><span class='ocrx_word' id='word_1_77' title='bbox 94 642 267 679; x_wconf 71' lang='lat' dir='ltr'><strong>signaculum</strong></span> <span class='ocrx_word' id='word_1_78' title='bbox 299 640 361 668; x_wconf 84' lang='lat' dir='ltr'><strong>ﬁdei</strong></span> <span class='ocrx_word' id='word_1_79' title='bbox 393 638 498 674; x_wconf 87' lang='lat' dir='ltr'><strong>accepit</strong></span> <span class='ocrx_word' id='word_1_80' title='bbox 525 634 779 665; x_wconf 83' lang='lat' dir='ltr'><strong>circumcisionem,</strong></span> <span class='ocrx_word' id='word_1_81' title='bbox 807 640 887 667; x_wconf 83' lang='lat' dir='ltr'><strong>quam</strong></span> 
     </span>
    </p>
   </div>
   <div class='ocr_carea' id='block_1_13' title="bbox 95 677 889 723">
    <p class='ocr_par' dir='ltr' id='par_1_13' title="bbox 95 677 889 723">
     <span class='ocr_line' id='line_1_13' title="bbox 95 677 889 723; baseline -0.016 -7"><span class='ocrx_word' id='word_1_82' title='bbox 95 677 153 716; x_wconf 80' lang='lat' dir='ltr'><strong>non</strong></span> <span class='ocrx_word' id='word_1_83' title='bbox 177 687 266 723; x_wconf 87' lang='lat' dir='ltr'><strong>potuit</strong></span> <span class='ocrx_word' id='word_1_84' title='bbox 292 686 415 721; x_wconf 85' lang='lat' dir='ltr'><strong>accipere</strong></span> <span class='ocrx_word' id='word_1_85' title='bbox 428 704 435 717; x_wconf 84' lang='grc'><strong>,</strong></span> <span class='ocrx_word' id='word_1_86' title='bbox 459 684 523 712; x_wconf 91' lang='lat' dir='ltr'><strong>dum</strong></span> <span class='ocrx_word' id='word_1_87' title='bbox 547 685 620 709; x_wconf 93' lang='lat' dir='ltr'><strong>esset</strong></span> <span class='ocrx_word' id='word_1_88' title='bbox 640 680 666 707; x_wconf 90' lang='lat' dir='ltr'><strong>in</strong></span> <span class='ocrx_word' id='word_1_89' title='bbox 688 680 767 707; x_wconf 89' lang='lat' dir='ltr'><strong>domo</strong></span> <span class='ocrx_word' id='word_1_90' title='bbox 789 677 889 713; x_wconf 88' lang='lat' dir='ltr'><strong>patris,</strong></span> 
     </span>
    </p>
   </div>
   <div class='ocr_carea' id='block_1_14' title="bbox 96 723 890 768">
    <p class='ocr_par' dir='ltr' id='par_1_14' title="bbox 96 723 890 768">
     <span class='ocr_line' id='line_1_14' title="bbox 96 723 890 768; baseline -0.016 -6"><span class='ocrx_word' id='word_1_91' title='bbox 96 740 127 763; x_wconf 81' lang='lat' dir='ltr'><strong>et</strong></span> <span class='ocrx_word' id='word_1_92' title='bbox 145 734 173 762; x_wconf 91' lang='lat' dir='ltr'><strong>in</strong></span> <span class='ocrx_word' id='word_1_93' title='bbox 192 731 427 768; x_wconf 74' lang='lat' dir='ltr'><strong>consanguinitate</strong></span> <span class='ocrx_word' id='word_1_94' title='bbox 441 728 553 760; x_wconf 82' lang='lat' dir='ltr'><strong>carnali,</strong></span> <span class='ocrx_word' id='word_1_95' title='bbox 569 732 596 754; x_wconf 88' lang='lat' dir='ltr'><strong>et</strong></span> <span class='ocrx_word' id='word_1_96' title='bbox 610 734 673 754; x_wconf 82' lang='lat' dir='ltr'><strong>cum</strong></span> <span class='ocrx_word' id='word_1_97' title='bbox 688 725 776 752; x_wconf 85' lang='lat' dir='ltr'><strong>adhuc</strong></span> <span class='ocrx_word' id='word_1_98' title='bbox 789 723 890 751; x_wconf 79' lang='lat' dir='ltr'><strong>Abram</strong></span> 
     </span>
    </p>
   </div>
   <div class='ocr_carea' id='block_1_15' title="bbox 95 770 893 812">
    <p class='ocr_par' dir='ltr' id='par_1_15' title="bbox 95 770 893 812">
     <span class='ocr_line' id='line_1_15' title="bbox 95 770 893 812; baseline -0.016 -4"><span class='ocrx_word' id='word_1_99' title='bbox 95 784 253 808; x_wconf 78' lang='lat' dir='ltr'><strong>vocaretur.</strong></span> <span class='ocrx_word' id='word_1_100' title='bbox 283 778 337 805; x_wconf 88' lang='lat' dir='ltr'><strong>Sed</strong></span> <span class='ocrx_word' id='word_1_101' title='bbox 373 784 461 812; x_wconf 86' lang='lat' dir='ltr'><strong>neque</strong></span> <span class='ocrx_word' id='word_1_102' title='bbox 492 774 634 810; x_wconf 79' lang='lat' dir='ltr'><strong>presbyter</strong></span> <span class='ocrx_word' id='word_1_103' title='bbox 666 770 815 806; x_wconf 84' lang='lat' dir='ltr'><strong>appellatus</strong></span> <span class='ocrx_word' id='word_1_104' title='bbox 849 773 893 796; x_wconf 87' lang='lat' dir='ltr'><strong>est</strong></span> 
     </span>
    </p>
   </div>
   <div class='ocr_carea' id='block_1_16' title="bbox 98 814 891 861">
    <p class='ocr_par' dir='ltr' id='par_1_16' title="bbox 98 814 891 861">
     <span class='ocr_line' id='line_1_16' title="bbox 98 814 891 861; baseline -0.018 -7"><span class='ocrx_word' id='word_1_105' title='bbox 98 826 179 861; x_wconf 84' lang='lat' dir='ltr'><strong>Ipse,</strong></span> <span class='ocrx_word' id='word_1_106' title='bbox 207 829 235 852; x_wconf 89' lang='lat' dir='ltr'><strong>et</strong></span> <span class='ocrx_word' id='word_1_107' title='bbox 259 832 327 852; x_wconf 72' lang='lat' dir='ltr'><strong>uxor</strong></span> <span class='ocrx_word' id='word_1_108' title='bbox 344 831 401 855; x_wconf 87' lang='lat' dir='ltr'><strong>sua,</strong></span> <span class='ocrx_word' id='word_1_109' title='bbox 428 822 515 849; x_wconf 75' lang='lat' dir='ltr'><strong>donec</strong></span> <span class='ocrx_word' id='word_1_110' title='bbox 538 822 611 847; x_wconf 89' lang='lat' dir='ltr'><strong>esset</strong></span> <span class='ocrx_word' id='word_1_111' title='bbox 635 818 662 844; x_wconf 93' lang='lat' dir='ltr'><strong>in</strong></span> <span class='ocrx_word' id='word_1_112' title='bbox 687 817 769 844; x_wconf 82' lang='lat' dir='ltr'><strong>dctno</strong></span> <span class='ocrx_word' id='word_1_113' title='bbox 796 814 891 850; x_wconf 77' lang='lat' dir='ltr'><strong>patris,</strong></span> 
     </span>
    </p>
   </div>
   <div class='ocr_carea' id='block_1_17' title="bbox 99 863 892 901">
    <p class='ocr_par' dir='ltr' id='par_1_17' title="bbox 99 863 892 901">
     <span class='ocr_line' id='line_1_17' title="bbox 99 863 892 901; baseline -0.014 -3"><span class='ocrx_word' id='word_1_114' title='bbox 99 877 128 900; x_wconf 90' lang='lat' dir='ltr'><strong>et</strong></span> <span class='ocrx_word' id='word_1_115' title='bbox 154 871 231 899; x_wconf 83' lang='lat' dir='ltr'><strong>carni</strong></span> <span class='ocrx_word' id='word_1_116' title='bbox 257 869 428 897; x_wconf 88' lang='lat' dir='ltr'><strong>cohabitaret</strong></span> <span class='ocrx_word' id='word_1_117' title='bbox 454 875 486 895; x_wconf 89' lang='lat' dir='ltr'><strong>ac</strong></span> <span class='ocrx_word' id='word_1_118' title='bbox 511 864 632 901; x_wconf 78' lang='lat' dir='ltr'><strong>sanguini</strong></span> <span class='ocrx_word' id='word_1_119' title='bbox 655 873 661 890; x_wconf 95' lang='lat'>:</span> <span class='ocrx_word' id='word_1_120' title='bbox 681 863 728 890; x_wconf 89' lang='lat' dir='ltr'><strong>sed</strong></span> <span class='ocrx_word' id='word_1_121' title='bbox 751 866 892 897; x_wconf 79' lang='lat' dir='ltr'><strong>postquam</strong></span> 
     </span>
    </p>
   </div>
   <div class='ocr_carea' id='block_1_18' title="bbox 100 909 888 956">
    <p class='ocr_par' dir='ltr' id='par_1_18' title="bbox 100 909 888 956">
     <span class='ocr_line' id='line_1_18' title="bbox 100 909 888 956; baseline -0.018 -7"><span class='ocrx_word' id='word_1_122' title='bbox 100 922 163 949; x_wconf 80' lang='lat' dir='ltr'><strong>inde</strong></span> <span class='ocrx_word' id='word_1_123' title='bbox 179 919 318 956; x_wconf 72' lang='lat' dir='ltr'><strong>profectus</strong></span> <span class='ocrx_word' id='word_1_124' title='bbox 333 922 385 949; x_wconf 84' lang='lat' dir='ltr'><strong>est,</strong></span> <span class='ocrx_word' id='word_1_125' title='bbox 407 923 434 943; x_wconf 91' lang='lat' dir='ltr'><strong>et</strong></span> <span class='ocrx_word' id='word_1_126' title='bbox 460 915 598 943; x_wconf 79' lang='lat' dir='ltr'><strong>Abraham</strong></span> <span class='ocrx_word' id='word_1_127' title='bbox 615 912 706 940; x_wconf 88' lang='lat' dir='ltr'><strong>vocari</strong></span> <span class='ocrx_word' id='word_1_128' title='bbox 727 917 756 938; x_wconf 84' lang='lat' dir='ltr'><strong>et</strong></span> <span class='ocrx_word' id='word_1_129' title='bbox 776 909 888 945; x_wconf 72' lang='lat' dir='ltr'><strong>presby-</strong></span> 
     </span>
    </p>
   </div>
   <div class='ocr_carea' id='block_1_19' title="bbox 101 955 886 996">
    <p class='ocr_par' dir='ltr' id='par_1_19' title="bbox 101 955 886 996">
     <span class='ocr_line' id='line_1_19' title="bbox 101 955 886 996; baseline -0.018 -2"><span class='ocrx_word' id='word_1_130' title='bbox 101 973 145 995; x_wconf 97' lang='lat' dir='ltr'><strong>ter</strong></span> <span class='ocrx_word' id='word_1_131' title='bbox 163 955 264 994; x_wconf 86' lang='lat' dir='ltr'><strong>meruit</strong></span> <span class='ocrx_word' id='word_1_132' title='bbox 279 973 287 993; x_wconf 84' lang='lat'><strong>:</strong></span> <span class='ocrx_word' id='word_1_133' title='bbox 303 964 387 991; x_wconf 83' lang='lat' dir='ltr'><strong>Erant</strong></span> <span class='ocrx_word' id='word_1_134' title='bbox 401 963 482 994; x_wconf 79' lang='lat' dir='ltr'><strong>enim,</strong></span> <span class='ocrx_word' id='word_1_135' title='bbox 494 961 582 996; x_wconf 91' lang='lat' dir='ltr'><strong>inquit</strong></span> <span class='ocrx_word' id='word_1_136' title='bbox 595 961 629 992; x_wconf 70' lang='grc' dir='ltr'><strong>εί,</strong></span> <span class='ocrx_word' id='word_1_137' title='bbox 644 958 720 986; x_wconf 84' lang='lat' dir='ltr'><strong>ambo</strong></span> <span class='ocrx_word' id='word_1_138' title='bbox 733 955 886 992; x_wconf 73' lang='lat' dir='ltr'><strong>presbyteri,</strong></span> 
     </span>
    </p>
   </div>
   <div class='ocr_carea' id='block_1_20' title="bbox 100 1004 889 1043">
    <p class='ocr_par' dir='ltr' id='par_1_20' title="bbox 100 1004 889 1043">
     <span class='ocr_line' id='line_1_20' title="bbox 100 1004 889 1043; baseline -0.016 -3"><span class='ocrx_word' id='word_1_139' title='bbox 100 1013 129 1040; x_wconf 78' lang='lat' dir='ltr'><strong>id</strong></span> <span class='ocrx_word' id='word_1_140' title='bbox 147 1017 189 1040; x_wconf 84' lang='lat' dir='ltr'><strong>est</strong></span> <span class='ocrx_word' id='word_1_141' title='bbox 215 1018 306 1043; x_wconf 80' lang='lat' dir='ltr'><strong>senes,</strong></span> <span class='ocrx_word' id='word_1_142' title='bbox 322 1009 461 1036; x_wconf 80' lang='lat' dir='ltr'><strong>Abraham</strong></span> <span class='ocrx_word' id='word_1_143' title='bbox 477 1007 594 1039; x_wconf 82' lang='lat' dir='ltr'><strong>scilicet,</strong></span> <span class='ocrx_word' id='word_1_144' title='bbox 605 1010 632 1033; x_wconf 88' lang='lat' dir='ltr'><strong>et</strong></span> <span class='ocrx_word' id='word_1_145' title='bbox 646 1004 806 1031; x_wconf 85' lang='lat' dir='ltr'><strong>admiranda</strong></span> <span class='ocrx_word' id='word_1_146' title='bbox 821 1009 889 1028; x_wconf 74' lang='lat' dir='ltr'><strong>uxor</strong></span> 
     </span>
    </p>
   </div>
   <div class='ocr_carea' id='block_1_21' title="bbox 99 1049 890 1093">
    <p class='ocr_par' dir='ltr' id='par_1_21' title="bbox 99 1049 890 1093">
     <span class='ocr_line' id='line_1_21' title="bbox 99 1049 890 1093; baseline -0.015 -8"><span class='ocrx_word' id='word_1_147' title='bbox 99 1058 174 1093; x_wconf 74' lang='lat' dir='ltr'><strong>ejus,</strong></span> <span class='ocrx_word' id='word_1_148' title='bbox 189 1061 213 1083; x_wconf 86' lang='lat' dir='ltr'><strong>et</strong></span> <span class='ocrx_word' id='word_1_149' title='bbox 232 1055 349 1090; x_wconf 71' lang='lat' dir='ltr'><strong>provecti</strong></span> <span class='ocrx_word' id='word_1_150' title='bbox 365 1054 392 1080; x_wconf 86' lang='lat' dir='ltr'><strong>in</strong></span> <span class='ocrx_word' id='word_1_151' title='bbox 410 1054 504 1080; x_wconf 77' lang='lat' dir='ltr'><strong>diebus</strong></span> <span class='ocrx_word' id='word_1_152' title='bbox 527 1052 594 1080; x_wconf 77' lang='lat' dir='ltr'><strong>tuis.</strong></span> <span class='ocrx_word' id='word_1_153' title='bbox 628 1049 728 1084; x_wconf 71' lang='lat' dir='ltr'><strong>Quanti</strong></span> <span class='ocrx_word' id='word_1_154' title='bbox 750 1054 813 1076; x_wconf 92' lang='lat' dir='ltr'><strong>ante</strong></span> <span class='ocrx_word' id='word_1_155' title='bbox 841 1054 890 1074; x_wconf 89' lang='lat' dir='ltr'><strong>eos</strong></span> 
     </span>
    </p>
   </div>
   <div class='ocr_carea' id='block_1_22' title="bbox 100 1096 890 1136">
    <p class='ocr_par' dir='ltr' id='par_1_22' title="bbox 100 1096 890 1136">
     <span class='ocr_line' id='line_1_22' title="bbox 100 1096 890 1136; baseline -0.013 -8"><span class='ocrx_word' id='word_1_156' title='bbox 100 1100 275 1136; x_wconf 65' lang='lat' dir='ltr'><strong>longioribus</strong></span> <span class='ocrx_word' id='word_1_157' title='bbox 287 1107 418 1126; x_wconf 80' lang='lat' dir='ltr'><strong>annorum</strong></span> <span class='ocrx_word' id='word_1_158' title='bbox 430 1098 528 1132; x_wconf 78' lang='lat' dir='ltr'><strong>spatiis</strong></span> <span class='ocrx_word' id='word_1_159' title='bbox 543 1097 626 1123; x_wconf 84' lang='lat' dir='ltr'><strong>vitam</strong></span> <span class='ocrx_word' id='word_1_160' title='bbox 647 1096 758 1124; x_wconf 72' lang='lat' dir='ltr'><strong>duxere,</strong></span> <span class='ocrx_word' id='word_1_161' title='bbox 768 1100 890 1126; x_wconf 76' lang='lat' dir='ltr'><strong>nongen-</strong></span> 
     </span>
    </p>
   </div>
   <div class='ocr_carea' id='block_1_23' title="bbox 101 1139 892 1181">
    <p class='ocr_par' dir='ltr' id='par_1_23' title="bbox 101 1139 892 1181">
     <span class='ocr_line' id='line_1_23' title="bbox 101 1139 892 1181; baseline -0.014 -6"><span class='ocrx_word' id='word_1_162' title='bbox 101 1148 141 1175; x_wconf 80' lang='lat' dir='ltr'><strong>tis</strong></span> <span class='ocrx_word' id='word_1_163' title='bbox 161 1152 190 1174; x_wconf 86' lang='lat' dir='ltr'><strong>et</strong></span> <span class='ocrx_word' id='word_1_164' title='bbox 207 1154 241 1174; x_wconf 85' lang='lat' dir='ltr'><strong>eo</strong></span> <span class='ocrx_word' id='word_1_165' title='bbox 262 1145 377 1181; x_wconf 75' lang='lat' dir='ltr'><strong>amplius</strong></span> <span class='ocrx_word' id='word_1_166' title='bbox 401 1145 490 1176; x_wconf 85' lang='lat' dir='ltr'><strong>annis,</strong></span> <span class='ocrx_word' id='word_1_167' title='bbox 507 1142 591 1178; x_wconf 88' lang='lat' dir='ltr'><strong>aliqui</strong></span> <span class='ocrx_word' id='word_1_168' title='bbox 608 1149 661 1168; x_wconf 91' lang='lat' dir='ltr'><strong>non</strong></span> <span class='ocrx_word' id='word_1_169' title='bbox 691 1140 776 1167; x_wconf 89' lang='lat' dir='ltr'><strong>multo</strong></span> <span class='ocrx_word' id='word_1_170' title='bbox 800 1139 892 1166; x_wconf 83' lang='lat' dir='ltr'><strong>minus</strong></span> 
     </span>
    </p>
   </div>
   <div class='ocr_carea' id='block_1_24' title="bbox 103 1181 892 1228">
    <p class='ocr_par' dir='ltr' id='par_1_24' title="bbox 103 1181 892 1228">
     <span class='ocr_line' id='line_1_24' title="bbox 103 1181 892 1228; baseline -0.013 -8"><span class='ocrx_word' id='word_1_171' title='bbox 103 1201 193 1228; x_wconf 71' lang='lat' dir='ltr'><strong>usque</strong></span> <span class='ocrx_word' id='word_1_172' title='bbox 209 1192 244 1220; x_wconf 83' lang='lat' dir='ltr'><strong>ad</strong></span> <span class='ocrx_word' id='word_1_173' title='bbox 261 1191 392 1219; x_wconf 82' lang='lat' dir='ltr'><strong>diluvium</strong></span> <span class='ocrx_word' id='word_1_174' title='bbox 408 1191 500 1217; x_wconf 81' lang='lat' dir='ltr'><strong>vixere</strong></span> <span class='ocrx_word' id='word_1_175' title='bbox 515 1198 522 1215; x_wconf 93' lang='lat'>:</span> <span class='ocrx_word' id='word_1_176' title='bbox 539 1193 566 1215; x_wconf 79' lang='lat' dir='ltr'><strong>et</strong></span> <span class='ocrx_word' id='word_1_177' title='bbox 582 1187 649 1214; x_wconf 88' lang='lat' dir='ltr'><strong>nulli</strong></span> <span class='ocrx_word' id='word_1_178' title='bbox 666 1194 697 1214; x_wconf 87' lang='lat' dir='ltr'><strong>ex</strong></span> <span class='ocrx_word' id='word_1_179' title='bbox 715 1185 758 1213; x_wconf 89' lang='lat' dir='ltr'><strong>Itis</strong></span> <span class='ocrx_word' id='word_1_180' title='bbox 779 1181 892 1219; x_wconf 77' lang='lat' dir='ltr'><strong>presby-</strong></span> 
     </span>
    </p>
   </div>
   <div class='ocr_carea' id='block_1_25' title="bbox 104 1230 893 1273">
    <p class='ocr_par' dir='ltr' id='par_1_25' title="bbox 104 1230 893 1273">
     <span class='ocr_line' id='line_1_25' title="bbox 104 1230 893 1273; baseline -0.011 -8"><span class='ocrx_word' id='word_1_181' title='bbox 104 1239 156 1266; x_wconf 82' lang='lat' dir='ltr'><strong>teri</strong></span> <span class='ocrx_word' id='word_1_182' title='bbox 168 1237 297 1273; x_wconf 83' lang='lat' dir='ltr'><strong>appellati</strong></span> <span class='ocrx_word' id='word_1_183' title='bbox 312 1241 386 1263; x_wconf 74' lang='lat' dir='ltr'><strong>sunt.</strong></span> <span class='ocrx_word' id='word_1_184' title='bbox 405 1234 462 1262; x_wconf 83' lang='lat' dir='ltr'><strong>Non</strong></span> <span class='ocrx_word' id='word_1_185' title='bbox 477 1235 548 1262; x_wconf 79' lang='lat' dir='ltr'><strong>etum</strong></span> <span class='ocrx_word' id='word_1_186' title='bbox 563 1234 616 1261; x_wconf 90' lang='lat' dir='ltr'><strong>hoc</strong></span> <span class='ocrx_word' id='word_1_187' title='bbox 633 1232 743 1260; x_wconf 86' lang='lat' dir='ltr'><strong>nomine</strong></span> <span class='ocrx_word' id='word_1_188' title='bbox 760 1231 785 1258; x_wconf 92' lang='lat' dir='ltr'><strong>in</strong></span> <span class='ocrx_word' id='word_1_189' title='bbox 806 1230 893 1258; x_wconf 74' lang='lat' dir='ltr'><strong>Abra-</strong></span> 
     </span>
    </p>
   </div>
   <div class='ocr_carea' id='block_1_26' title="bbox 105 1276 891 1316">
    <p class='ocr_par' dir='ltr' id='par_1_26' title="bbox 105 1276 891 1316">
     <span class='ocr_line' id='line_1_26' title="bbox 105 1276 891 1316; baseline -0.013 -4"><span class='ocrx_word' id='word_1_190' title='bbox 105 1286 171 1313; x_wconf 90' lang='lat' dir='ltr'><strong>ham</strong></span> <span class='ocrx_word' id='word_1_191' title='bbox 186 1289 297 1311; x_wconf 78' lang='lat' dir='ltr'><strong>senecta</strong></span> <span class='ocrx_word' id='word_1_192' title='bbox 312 1283 435 1316; x_wconf 88' lang='lat' dir='ltr'><strong>corporis</strong></span> <span class='ocrx_word' id='word_1_193' title='bbox 448 1302 456 1314; x_wconf 86' lang='lat'><strong>,</strong></span> <span class='ocrx_word' id='word_1_194' title='bbox 476 1282 522 1308; x_wconf 89' lang='lat' dir='ltr'><strong>scd</strong></span> <span class='ocrx_word' id='word_1_195' title='bbox 538 1281 629 1308; x_wconf 88' lang='lat' dir='ltr'><strong>cordis</strong></span> <span class='ocrx_word' id='word_1_196' title='bbox 640 1279 784 1306; x_wconf 81' lang='lat' dir='ltr'><strong>maturitas</strong></span> <span class='ocrx_word' id='word_1_197' title='bbox 799 1276 891 1311; x_wconf 87' lang='lat' dir='ltr'><strong>appel-</strong></span> 
     </span>
    </p>
   </div>
   <div class='ocr_carea' id='block_1_27' title="bbox 106 1323 895 1363">
    <p class='ocr_par' dir='ltr' id='par_1_27' title="bbox 106 1323 895 1363">
     <span class='ocr_line' id='line_1_27' title="bbox 106 1323 895 1363; baseline -0.009 -7"><span class='ocrx_word' id='word_1_198' title='bbox 106 1330 160 1358; x_wconf 78' lang='lat' dir='ltr'><strong>lata</strong></span> <span class='ocrx_word' id='word_1_199' title='bbox 175 1335 228 1357; x_wconf 82' lang='lat' dir='ltr'><strong>est.</strong></span> <span class='ocrx_word' id='word_1_200' title='bbox 243 1328 287 1357; x_wconf 86' lang='lat' dir='ltr'><strong>Sic</strong></span> <span class='ocrx_word' id='word_1_201' title='bbox 303 1333 330 1356; x_wconf 87' lang='lat' dir='ltr'><strong>et</strong></span> <span class='ocrx_word' id='word_1_202' title='bbox 346 1328 379 1355; x_wconf 90' lang='lat' dir='ltr'><strong>ad</strong></span> <span class='ocrx_word' id='word_1_203' title='bbox 392 1327 500 1363; x_wconf 82' lang='lat' dir='ltr'><strong>Moysen</strong></span> <span class='ocrx_word' id='word_1_204' title='bbox 520 1326 649 1354; x_wconf 88' lang='lat' dir='ltr'><strong>Dominus</strong></span> <span class='ocrx_word' id='word_1_205' title='bbox 664 1325 732 1352; x_wconf 77' lang='lat' dir='ltr'><strong>dixit</strong></span> <span class='ocrx_word' id='word_1_206' title='bbox 751 1324 774 1340; x_wconf 87' lang='lat'><strong>&quot;</strong></span> <span class='ocrx_word' id='word_1_207' title='bbox 795 1332 802 1350; x_wconf 92' lang='lat'>:</span> <span class='ocrx_word' id='word_1_208' title='bbox 818 1323 895 1357; x_wconf 81' lang='lat' dir='ltr'><strong>Elige</strong></span> 
     </span>
    </p>
   </div>
   <div class='ocr_carea' id='block_1_28' title="bbox 109 1373 899 1413">
    <p class='ocr_par' dir='ltr' id='par_1_28' title="bbox 109 1373 899 1413">
     <span class='ocr_line' id='line_1_28' title="bbox 109 1373 899 1413; baseline -0.006 -7"><span class='ocrx_word' id='word_1_209' title='bbox 109 1380 157 1406; x_wconf 87' lang='lat' dir='ltr'><strong>tibi</strong></span> <span class='ocrx_word' id='word_1_210' title='bbox 181 1378 361 1413; x_wconf 61' lang='lat' dir='ltr'><strong>presbyter”,</strong></span> <span class='ocrx_word' id='word_1_211' title='bbox 378 1385 441 1411; x_wconf 79' lang='lat' dir='ltr'><strong>quos</strong></span> <span class='ocrx_word' id='word_1_212' title='bbox 461 1380 488 1402; x_wconf 90' lang='lat' dir='ltr'><strong>tu</strong></span> <span class='ocrx_word' id='word_1_213' title='bbox 509 1374 563 1410; x_wconf 75' lang='lat' dir='ltr'><strong>ipse</strong></span> <span class='ocrx_word' id='word_1_214' title='bbox 582 1374 632 1401; x_wconf 73' lang='lat' dir='ltr'><strong>scis</strong></span> <span class='ocrx_word' id='word_1_215' title='bbox 654 1373 814 1409; x_wconf 72' lang='lat' dir='ltr'><strong>presbyteros</strong></span> <span class='ocrx_word' id='word_1_216' title='bbox 835 1382 899 1402; x_wconf 75' lang='lat' dir='ltr'><strong>esse.</strong></span> 
     </span>
    </p>
   </div>
   <div class='ocr_carea' id='block_1_29' title="bbox 110 1418 902 1458">
    <p class='ocr_par' dir='ltr' id='par_1_29' title="bbox 110 1418 902 1458">
     <span class='ocr_line' id='line_1_29' title="bbox 110 1418 902 1458; baseline -0.008 -6"><span class='ocrx_word' id='word_1_217' title='bbox 110 1425 272 1452; x_wconf 86' lang='lat' dir='ltr'><strong>lntueamur</strong></span> <span class='ocrx_word' id='word_1_218' title='bbox 285 1430 349 1458; x_wconf 83' lang='lat' dir='ltr'><strong>ergo</strong></span> <span class='ocrx_word' id='word_1_219' title='bbox 362 1421 517 1457; x_wconf 83' lang='lat' dir='ltr'><strong>diligentius</strong></span> <span class='ocrx_word' id='word_1_220' title='bbox 535 1419 641 1447; x_wconf 85' lang='lat' dir='ltr'><strong>Domini</strong></span> <span class='ocrx_word' id='word_1_221' title='bbox 655 1426 758 1451; x_wconf 80' lang='lat' dir='ltr'><strong>vocem,</strong></span> <span class='ocrx_word' id='word_1_222' title='bbox 772 1419 836 1454; x_wconf 92' lang='lat' dir='ltr'><strong>quid</strong></span> <span class='ocrx_word' id='word_1_223' title='bbox 851 1418 902 1446; x_wconf 85' lang='lat' dir='ltr'><strong>sibi</strong></span> 
     </span>
    </p>
   </div>
   <div class='ocr_carea' id='block_1_30' title="bbox 109 1465 903 1503">
    <p class='ocr_par' dir='ltr' id='par_1_30' title="bbox 109 1465 903 1503">
     <span class='ocr_line' id='line_1_30' title="bbox 109 1465 903 1503; baseline -0.005 -8"><span class='ocrx_word' id='word_1_224' title='bbox 109 1471 175 1497; x_wconf 71' lang='lat' dir='ltr'><strong>velit</strong></span> <span class='ocrx_word' id='word_1_225' title='bbox 188 1470 239 1497; x_wconf 88' lang='lat' dir='ltr'><strong>ista</strong></span> <span class='ocrx_word' id='word_1_226' title='bbox 254 1467 369 1503; x_wconf 72' lang='lat' dir='ltr'><strong>adiectio</strong></span> <span class='ocrx_word' id='word_1_227' title='bbox 385 1475 437 1503; x_wconf 90' lang='lat' dir='ltr'><strong>qua</strong></span> <span class='ocrx_word' id='word_1_228' title='bbox 453 1467 499 1498; x_wconf 85' lang='lat' dir='ltr'><strong>ait,</strong></span> <span class='ocrx_word' id='word_1_229' title='bbox 515 1473 579 1500; x_wconf 74' lang='lat' dir='ltr'><strong>quos</strong></span> <span class='ocrx_word' id='word_1_230' title='bbox 596 1469 624 1491; x_wconf 85' lang='lat' dir='ltr'><strong>tu</strong></span> <span class='ocrx_word' id='word_1_231' title='bbox 640 1465 695 1499; x_wconf 77' lang='lat' dir='ltr'><strong>ipse</strong></span> <span class='ocrx_word' id='word_1_232' title='bbox 708 1465 758 1491; x_wconf 73' lang='lat' dir='ltr'><strong>scis</strong></span> <span class='ocrx_word' id='word_1_233' title='bbox 772 1473 826 1492; x_wconf 75' lang='lat' dir='ltr'><strong>esse</strong></span> <span class='ocrx_word' id='word_1_234' title='bbox 842 1472 903 1499; x_wconf 78' lang='lat' dir='ltr'><strong>pre-</strong></span> 
     </span>
    </p>
   </div>
   <div class='ocr_carea' id='block_1_31' title="bbox 108 1507 933 1550">
    <p class='ocr_par' dir='ltr' id='par_1_31' title="bbox 108 1507 933 1550">
     <span class='ocr_line' id='line_1_31' title="bbox 108 1507 933 1550; baseline -0.002 -8"><span class='ocrx_word' id='word_1_235' title='bbox 108 1515 238 1550; x_wconf 68' lang='lat' dir='ltr'><strong>sbyteros.</strong></span> <span class='ocrx_word' id='word_1_236' title='bbox 258 1513 384 1549; x_wconf 80' lang='lat' dir='ltr'><strong>Nunquid</strong></span> <span class='ocrx_word' id='word_1_237' title='bbox 408 1514 431 1541; x_wconf 88' lang='lat' dir='ltr'><strong>is</strong></span> <span class='ocrx_word' id='word_1_238' title='bbox 446 1513 492 1548; x_wconf 90' lang='lat' dir='ltr'><strong>qui</strong></span> <span class='ocrx_word' id='word_1_239' title='bbox 507 1513 620 1541; x_wconf 90' lang='lat' dir='ltr'><strong>senilem</strong></span> <span class='ocrx_word' id='word_1_240' title='bbox 640 1513 764 1547; x_wconf 87' lang='lat' dir='ltr'><strong>corporis</strong></span> <span class='ocrx_word' id='word_1_241' title='bbox 784 1512 896 1546; x_wconf 80' lang='lat' dir='ltr'><strong>gerebat</strong></span> <span class='ocrx_word' id='word_1_242' title='bbox 910 1507 933 1540; x_wconf 83' lang='lat' dir='ltr'>C</span> 
     </span>
    </p>
   </div>
   <div class='ocr_carea' id='block_1_32' title="bbox 108 1558 896 1594">
    <p class='ocr_par' dir='ltr' id='par_1_32' title="bbox 108 1558 896 1594">
     <span class='ocr_line' id='line_1_32' title="bbox 108 1558 896 1594; baseline -0.005 -6"><span class='ocrx_word' id='word_1_243' title='bbox 108 1566 219 1588; x_wconf 59' lang='lat' dir='ltr'><strong>atatem</strong></span> <span class='ocrx_word' id='word_1_244' title='bbox 232 1581 241 1593; x_wconf 86' lang='lat'><strong>,</strong></span> <span class='ocrx_word' id='word_1_245' title='bbox 263 1569 316 1588; x_wconf 86' lang='lat' dir='ltr'><strong>non</strong></span> <span class='ocrx_word' id='word_1_246' title='bbox 337 1560 458 1588; x_wconf 91' lang='lat' dir='ltr'><strong>omnium</strong></span> <span class='ocrx_word' id='word_1_247' title='bbox 476 1559 563 1587; x_wconf 85' lang='lat' dir='ltr'><strong>oculis</strong></span> <span class='ocrx_word' id='word_1_248' title='bbox 578 1560 736 1594; x_wconf 83' lang='lat' dir='ltr'><strong>perspicuus</strong></span> <span class='ocrx_word' id='word_1_249' title='bbox 749 1562 808 1586; x_wconf 81' lang='lat' dir='ltr'><strong>erat</strong></span> <span class='ocrx_word' id='word_1_250' title='bbox 825 1558 896 1593; x_wconf 88' lang='lat' dir='ltr'><strong>quod</strong></span> 
     </span>
    </p>
   </div>
   <div class='ocr_carea' id='block_1_33' title="bbox 108 1604 897 1642">
    <p class='ocr_par' dir='ltr' id='par_1_33' title="bbox 108 1604 897 1642">
     <span class='ocr_line' id='line_1_33' title="bbox 108 1604 897 1642; baseline -0.005 -8"><span class='ocrx_word' id='word_1_251' title='bbox 108 1610 185 1634; x_wconf 76' lang='lat' dir='ltr'><strong>esset</strong></span> <span class='ocrx_word' id='word_1_252' title='bbox 197 1607 351 1642; x_wconf 82' lang='lat' dir='ltr'><strong>presbyter,</strong></span> <span class='ocrx_word' id='word_1_253' title='bbox 364 1607 390 1634; x_wconf 88' lang='lat' dir='ltr'><strong>id</strong></span> <span class='ocrx_word' id='word_1_254' title='bbox 408 1611 449 1634; x_wconf 89' lang='lat' dir='ltr'><strong>est</strong></span> <span class='ocrx_word' id='word_1_255' title='bbox 464 1606 565 1634; x_wconf 77' lang='lat' dir='ltr'><strong>senex?</strong></span> <span class='ocrx_word' id='word_1_256' title='bbox 580 1605 649 1639; x_wconf 83' lang='lat' dir='ltr'><strong>Quid</strong></span> <span class='ocrx_word' id='word_1_257' title='bbox 663 1612 733 1639; x_wconf 81' lang='lat' dir='ltr'><strong>ergo</strong></span> <span class='ocrx_word' id='word_1_258' title='bbox 744 1604 794 1632; x_wconf 81' lang='lat' dir='ltr'><strong>soli</strong></span> <span class='ocrx_word' id='word_1_259' title='bbox 814 1604 897 1640; x_wconf 75' lang='lat' dir='ltr'><strong>Moysi</strong></span> 
     </span>
    </p>
   </div>
   <div class='ocr_carea' id='block_1_34' title="bbox 111 1649 898 1686">
    <p class='ocr_par' dir='ltr' id='par_1_34' title="bbox 111 1649 898 1686">
     <span class='ocr_line' id='line_1_34' title="bbox 111 1649 898 1686; baseline -0.003 -9"><span class='ocrx_word' id='word_1_260' title='bbox 111 1656 188 1678; x_wconf 85' lang='lat' dir='ltr'><strong>lauto</strong></span> <span class='ocrx_word' id='word_1_261' title='bbox 218 1659 253 1679; x_wconf 85' lang='lat' dir='ltr'><strong>ac</strong></span> <span class='ocrx_word' id='word_1_262' title='bbox 277 1651 324 1678; x_wconf 88' lang='lat' dir='ltr'><strong>lali</strong></span> <span class='ocrx_word' id='word_1_263' title='bbox 352 1651 492 1686; x_wconf 62' lang='lat' dir='ltr'><strong>prophetae</strong></span> <span class='ocrx_word' id='word_1_264' title='bbox 516 1650 642 1685; x_wconf 84' lang='lat' dir='ltr'><strong>specialis</strong></span> <span class='ocrx_word' id='word_1_265' title='bbox 673 1650 728 1677; x_wconf 84' lang='lat' dir='ltr'><strong>ista-</strong></span> <span class='ocrx_word' id='word_1_266' title='bbox 753 1649 898 1676; x_wconf 86' lang='lat' dir='ltr'><strong>mandatur</strong></span> 
     </span>
    </p>
   </div>
   <div class='ocr_carea' id='block_1_35' title="bbox 110 1696 899 1732">
    <p class='ocr_par' dir='ltr' id='par_1_35' title="bbox 110 1696 899 1732">
     <span class='ocr_line' id='line_1_35' title="bbox 110 1696 899 1732; baseline -0.001 -8"><span class='ocrx_word' id='word_1_267' title='bbox 110 1697 258 1732; x_wconf 85' lang='lat' dir='ltr'><strong>inspectio,</strong></span> <span class='ocrx_word' id='word_1_268' title='bbox 285 1702 312 1724; x_wconf 91' lang='lat' dir='ltr'><strong>ut</strong></span> <span class='ocrx_word' id='word_1_269' title='bbox 331 1698 367 1725; x_wconf 86' lang='lat' dir='ltr'><strong>illi</strong></span> <span class='ocrx_word' id='word_1_270' title='bbox 383 1698 528 1732; x_wconf 87' lang='lat' dir='ltr'><strong>eligantur,</strong></span> <span class='ocrx_word' id='word_1_271' title='bbox 546 1705 600 1725; x_wconf 88' lang='lat' dir='ltr'><strong>non</strong></span> <span class='ocrx_word' id='word_1_272' title='bbox 614 1704 683 1732; x_wconf 87' lang='lat' dir='ltr'><strong>quos</strong></span> <span class='ocrx_word' id='word_1_273' title='bbox 703 1696 793 1724; x_wconf 63' lang='lat' dir='ltr'><strong>caeteri</strong></span> <span class='ocrx_word' id='word_1_274' title='bbox 810 1696 899 1724; x_wconf 90' lang='lat' dir='ltr'><strong>homi-</strong></span> 
     </span>
    </p>
   </div>
   <div class='ocr_carea' id='block_1_36' title="bbox 110 1742 897 1778">
    <p class='ocr_par' dir='ltr' id='par_1_36' title="bbox 110 1742 897 1778">
     <span class='ocr_line' id='line_1_36' title="bbox 110 1742 897 1778; baseline -0.001 -8"><span class='ocrx_word' id='word_1_275' title='bbox 110 1751 162 1770; x_wconf 82' lang='lat' dir='ltr'><strong>nes</strong></span> <span class='ocrx_word' id='word_1_276' title='bbox 185 1747 299 1776; x_wconf 83' lang='lat' dir='ltr'><strong>norunt,</strong></span> <span class='ocrx_word' id='word_1_277' title='bbox 317 1751 370 1770; x_wconf 93' lang='lat' dir='ltr'><strong>non</strong></span> <span class='ocrx_word' id='word_1_278' title='bbox 385 1751 454 1777; x_wconf 81' lang='lat' dir='ltr'><strong>quos</strong></span> <span class='ocrx_word' id='word_1_279' title='bbox 477 1744 631 1778; x_wconf 88' lang='lat' dir='ltr'><strong>imperitutn</strong></span> <span class='ocrx_word' id='word_1_280' title='bbox 649 1742 744 1777; x_wconf 86' lang='lat' dir='ltr'><strong>vulgus</strong></span> <span class='ocrx_word' id='word_1_281' title='bbox 762 1742 897 1778; x_wconf 79' lang='lat' dir='ltr'><strong>agnoscit,</strong></span> 
     </span>
    </p>
   </div>
   <div class='ocr_carea' id='block_1_37' title="bbox 110 1787 898 1823">
    <p class='ocr_par' dir='ltr' id='par_1_37' title="bbox 110 1787 898 1823">
     <span class='ocr_line' id='line_1_37' title="bbox 110 1787 898 1823; baseline -0.003 -7"><span class='ocrx_word' id='word_1_282' title='bbox 110 1791 159 1816; x_wconf 78' lang='lat' dir='ltr'><strong>sed</strong></span> <span class='ocrx_word' id='word_1_283' title='bbox 176 1796 246 1823; x_wconf 86' lang='lat' dir='ltr'><strong>quos</strong></span> <span class='ocrx_word' id='word_1_284' title='bbox 265 1789 397 1823; x_wconf 84' lang='lat' dir='ltr'><strong>propheta</strong></span> <span class='ocrx_word' id='word_1_285' title='bbox 417 1788 471 1816; x_wconf 89' lang='lat' dir='ltr'><strong>Deo</strong></span> <span class='ocrx_word' id='word_1_286' title='bbox 489 1788 584 1823; x_wconf 88' lang='lat' dir='ltr'><strong>plenus</strong></span> <span class='ocrx_word' id='word_1_287' title='bbox 598 1788 735 1823; x_wconf 72' lang='lat' dir='ltr'><strong>elegerit?</strong></span> <span class='ocrx_word' id='word_1_288' title='bbox 752 1787 809 1815; x_wconf 83' lang='lat' dir='ltr'><strong>Non</strong></span> <span class='ocrx_word' id='word_1_289' title='bbox 827 1788 898 1815; x_wconf 90' lang='lat' dir='ltr'><strong>enim</strong></span> 
     </span>
    </p>
   </div>
   <div class='ocr_carea' id='block_1_38' title="bbox 108 1834 900 1869">
    <p class='ocr_par' dir='ltr' id='par_1_38' title="bbox 108 1834 900 1869">
     <span class='ocr_line' id='line_1_38' title="bbox 108 1834 900 1869; baseline -0.003 -7"><span class='ocrx_word' id='word_1_290' title='bbox 108 1842 175 1869; x_wconf 77' lang='lat' dir='ltr'><strong>erga</strong></span> <span class='ocrx_word' id='word_1_291' title='bbox 192 1842 242 1862; x_wconf 85' lang='lat' dir='ltr'><strong>eos</strong></span> <span class='ocrx_word' id='word_1_292' title='bbox 254 1835 288 1862; x_wconf 84' lang='lat' dir='ltr'><strong>tle</strong></span> <span class='ocrx_word' id='word_1_293' title='bbox 301 1842 433 1869; x_wconf 86' lang='lat' dir='ltr'><strong>corpore,</strong></span> <span class='ocrx_word' id='word_1_294' title='bbox 457 1843 510 1862; x_wconf 87' lang='lat' dir='ltr'><strong>nott</strong></span> <span class='ocrx_word' id='word_1_295' title='bbox 531 1835 565 1863; x_wconf 87' lang='lat' dir='ltr'><strong>de</strong></span> <span class='ocrx_word' id='word_1_296' title='bbox 583 1839 672 1866; x_wconf 68' lang='lat' dir='ltr'><strong>aetate,</strong></span> <span class='ocrx_word' id='word_1_297' title='bbox 687 1834 735 1862; x_wconf 88' lang='lat' dir='ltr'><strong>sed</strong></span> <span class='ocrx_word' id='word_1_298' title='bbox 755 1834 788 1862; x_wconf 85' lang='lat' dir='ltr'><strong>de</strong></span> <span class='ocrx_word' id='word_1_299' title='bbox 808 1838 900 1861; x_wconf 83' lang='lat' dir='ltr'><strong>tuente</strong></span> 
     </span>
    </p>
   </div>
   <div class='ocr_carea' id='block_1_39' title="bbox 107 1880 897 1916">
    <p class='ocr_par' dir='ltr' id='par_1_39' title="bbox 107 1880 897 1916">
     <span class='ocr_line' id='line_1_39' title="bbox 107 1880 897 1916; baseline 0 -9"><span class='ocrx_word' id='word_1_300' title='bbox 107 1881 243 1916; x_wconf 80' lang='lat' dir='ltr'><strong>judicium</strong></span> <span class='ocrx_word' id='word_1_301' title='bbox 262 1885 312 1908; x_wconf 86' lang='lat' dir='ltr'><strong>est.</strong></span> <span class='ocrx_word' id='word_1_302' title='bbox 332 1880 411 1908; x_wconf 76' lang='lat' dir='ltr'><strong>Tales</strong></span> <span class='ocrx_word' id='word_1_303' title='bbox 424 1889 488 1915; x_wconf 81' lang='lat' dir='ltr'><strong>ergo</strong></span> <span class='ocrx_word' id='word_1_304' title='bbox 504 1885 584 1908; x_wconf 88' lang='lat' dir='ltr'><strong>erant</strong></span> <span class='ocrx_word' id='word_1_305' title='bbox 598 1880 641 1907; x_wconf 88' lang='lat' dir='ltr'><strong>isti</strong></span> <span class='ocrx_word' id='word_1_306' title='bbox 658 1880 728 1907; x_wconf 88' lang='lat' dir='ltr'><strong>beati</strong></span> <span class='ocrx_word' id='word_1_307' title='bbox 746 1880 897 1915; x_wconf 83' lang='lat' dir='ltr'><strong>presbyteri</strong></span> 
     </span>
    </p>
   </div>
   <div class='ocr_carea' id='block_1_40' title="bbox 110 1925 898 1961">
    <p class='ocr_par' dir='ltr' id='par_1_40' title="bbox 110 1925 898 1961">
     <span class='ocr_line' id='line_1_40' title="bbox 110 1925 898 1961; baseline -0.001 -8"><span class='ocrx_word' id='word_1_308' title='bbox 110 1927 250 1953; x_wconf 79' lang='lat' dir='ltr'><strong>Abraham</strong></span> <span class='ocrx_word' id='word_1_309' title='bbox 266 1931 294 1953; x_wconf 89' lang='lat' dir='ltr'><strong>et</strong></span> <span class='ocrx_word' id='word_1_310' title='bbox 312 1925 389 1953; x_wconf 84' lang='lat' dir='ltr'><strong>Sara.</strong></span> <span class='ocrx_word' id='word_1_311' title='bbox 409 1925 440 1952; x_wconf 85' lang='lat' dir='ltr'><strong>Et</strong></span> <span class='ocrx_word' id='word_1_312' title='bbox 458 1925 514 1961; x_wconf 76' lang='lat'><strong>68</strong></span> <span class='ocrx_word' id='word_1_313' title='bbox 539 1926 626 1960; x_wconf 79' lang='lat' dir='ltr'><strong>primo</strong></span> <span class='ocrx_word' id='word_1_314' title='bbox 647 1925 767 1952; x_wconf 91' lang='lat' dir='ltr'><strong>omnium</strong></span> <span class='ocrx_word' id='word_1_315' title='bbox 782 1926 898 1960; x_wconf 72' lang='lat' dir='ltr'><strong>genuina</strong></span> 
     </span>
    </p>
   </div>
   <div class='ocr_carea' id='block_1_41' title="bbox 113 1971 900 2006">
    <p class='ocr_par' dir='ltr' id='par_1_41' title="bbox 113 1971 900 2006">
     <span class='ocr_line' id='line_1_41' title="bbox 113 1971 900 2006; baseline -0.003 -7"><span class='ocrx_word' id='word_1_316' title='bbox 113 1973 154 2000; x_wconf 84' lang='lat' dir='ltr'><strong>his</strong></span> <span class='ocrx_word' id='word_1_317' title='bbox 170 1972 293 2004; x_wconf 81' lang='lat' dir='ltr'><strong>nomina,</strong></span> <span class='ocrx_word' id='word_1_318' title='bbox 314 1979 375 2006; x_wconf 65' lang='lat' dir='ltr'><strong>quae</strong></span> <span class='ocrx_word' id='word_1_319' title='bbox 404 1976 481 1998; x_wconf 88' lang='lat' dir='ltr'><strong>ortus</strong></span> <span class='ocrx_word' id='word_1_320' title='bbox 503 1971 619 1998; x_wconf 85' lang='lat' dir='ltr'><strong>carnalis</strong></span> <span class='ocrx_word' id='word_1_321' title='bbox 637 1971 758 2003; x_wconf 84' lang='lat' dir='ltr'><strong>dederat,</strong></span> <span class='ocrx_word' id='word_1_322' title='bbox 777 1979 900 1998; x_wconf 88' lang='lat' dir='ltr'><strong>commu-</strong></span> 
     </span>
    </p>
   </div>
   <div class='ocr_carea' id='block_1_42' title="bbox 112 2017 900 2051">
    <p class='ocr_par' dir='ltr' id='par_1_42' title="bbox 112 2017 900 2051">
     <span class='ocr_line' id='line_1_42' title="bbox 112 2017 900 2051; baseline 0 -7"><span class='ocrx_word' id='word_1_323' title='bbox 112 2023 217 2045; x_wconf 86' lang='lat' dir='ltr'><strong>tantur.</strong></span> <span class='ocrx_word' id='word_1_324' title='bbox 241 2018 308 2044; x_wconf 82' lang='lat' dir='ltr'><strong>Cum</strong></span> <span class='ocrx_word' id='word_1_325' title='bbox 332 2018 402 2044; x_wconf 87' lang='lat' dir='ltr'><strong>enim</strong></span> <span class='ocrx_word' id='word_1_326' title='bbox 418 2022 483 2044; x_wconf 66' lang='lat' dir='ltr'><strong>esset</strong></span> <span class='ocrx_word' id='word_1_327' title='bbox 509 2017 654 2051; x_wconf 82' lang='lat' dir='ltr'><strong>nonaginta</strong></span> <span class='ocrx_word' id='word_1_328' title='bbox 670 2022 693 2044; x_wconf 89' lang='lat' dir='ltr'><strong>et</strong></span> <span class='ocrx_word' id='word_1_329' title='bbox 709 2025 799 2044; x_wconf 74' lang='lat' dir='ltr'><strong>novem</strong></span> <span class='ocrx_word' id='word_1_330' title='bbox 815 2025 900 2044; x_wconf 87' lang='lat' dir='ltr'><strong>anno-</strong></span> 
     </span>
    </p>
   </div>
   <div class='ocr_carea' id='block_1_43' title="bbox 112 2061 900 2097">
    <p class='ocr_par' dir='ltr' id='par_1_43' title="bbox 112 2061 900 2097">
     <span class='ocr_line' id='line_1_43' title="bbox 112 2061 900 2097; baseline -0.001 -7"><span class='ocrx_word' id='word_1_331' title='bbox 112 2072 170 2091; x_wconf 78' lang='lat' dir='ltr'><strong>rum</strong></span> <span class='ocrx_word' id='word_1_332' title='bbox 187 2063 334 2093; x_wconf 80' lang='lat' dir='ltr'><strong>Abraham,</strong></span> <span class='ocrx_word' id='word_1_333' title='bbox 347 2063 469 2096; x_wconf 80' lang='lat' dir='ltr'><strong>apparuit</strong></span> <span class='ocrx_word' id='word_1_334' title='bbox 491 2062 514 2089; x_wconf 91' lang='lat' dir='ltr'><strong>ei</strong></span> <span class='ocrx_word' id='word_1_335' title='bbox 535 2063 616 2094; x_wconf 80' lang='lat' dir='ltr'><strong>Deus,</strong></span> <span class='ocrx_word' id='word_1_336' title='bbox 633 2067 658 2089; x_wconf 87' lang='lat' dir='ltr'><strong>et</strong></span> <span class='ocrx_word' id='word_1_337' title='bbox 669 2062 757 2089; x_wconf 73' lang='lat' dir='ltr'><strong>dixit:</strong></span> <span class='ocrx_word' id='word_1_338' title='bbox 773 2061 828 2097; x_wconf 84' lang='lat' dir='ltr'><strong>Ego</strong></span> <span class='ocrx_word' id='word_1_339' title='bbox 842 2071 900 2089; x_wconf 81' lang='lat' dir='ltr'><strong>sum</strong></span> 
     </span>
    </p>
   </div>
   <div class='ocr_carea' id='block_1_44' title="bbox 113 2108 900 2142">
    <p class='ocr_par' dir='ltr' id='par_1_44' title="bbox 113 2108 900 2142">
     <span class='ocr_line' id='line_1_44' title="bbox 113 2108 900 2142; baseline -0.001 -6"><span class='ocrx_word' id='word_1_340' title='bbox 113 2109 195 2142; x_wconf 74' lang='lat' dir='ltr'><strong>Deus,</strong></span> <span class='ocrx_word' id='word_1_341' title='bbox 213 2108 347 2142; x_wconf 79' lang='lat' dir='ltr'><strong>complace</strong></span> <span class='ocrx_word' id='word_1_342' title='bbox 368 2116 455 2135; x_wconf 87' lang='lat' dir='ltr'><strong>coram</strong></span> <span class='ocrx_word' id='word_1_343' title='bbox 473 2116 525 2140; x_wconf 85' lang='lat' dir='ltr'><strong>me,</strong></span> <span class='ocrx_word' id='word_1_344' title='bbox 549 2113 573 2134; x_wconf 83' lang='lat' dir='ltr'><strong>et</strong></span> <span class='ocrx_word' id='word_1_345' title='bbox 596 2113 649 2135; x_wconf 77' lang='lat' dir='ltr'><strong>esto</strong></span> <span class='ocrx_word' id='word_1_346' title='bbox 670 2108 850 2142; x_wconf 78' lang='lat' dir='ltr'><strong>inculpabilie,</strong></span> <span class='ocrx_word' id='word_1_347' title='bbox 876 2114 900 2136; x_wconf 90' lang='lat' dir='ltr'><strong>et</strong></span> 
     </span>
    </p>
   </div>
   <div class='ocr_carea' id='block_1_45' title="bbox 110 2153 898 2191">
    <p class='ocr_par' dir='ltr' id='par_1_45' title="bbox 110 2153 898 2191">
     <span class='ocr_line' id='line_1_45' title="bbox 110 2153 898 2191; baseline -0.001 -10"><span class='ocrx_word' id='word_1_348' title='bbox 110 2163 208 2191; x_wconf 76' lang='lat' dir='ltr'><strong>panum</strong></span> <span class='ocrx_word' id='word_1_349' title='bbox 223 2159 406 2181; x_wconf 79' lang='lat' dir='ltr'><strong>testamentum</strong></span> <span class='ocrx_word' id='word_1_350' title='bbox 421 2162 508 2181; x_wconf 85' lang='lat' dir='ltr'><strong>meum</strong></span> <span class='ocrx_word' id='word_1_351' title='bbox 521 2154 588 2181; x_wconf 85' lang='lat' dir='ltr'><strong>inter</strong></span> <span class='ocrx_word' id='word_1_352' title='bbox 602 2161 642 2180; x_wconf 81' lang='lat' dir='ltr'><strong>me</strong></span> <span class='ocrx_word' id='word_1_353' title='bbox 653 2158 678 2181; x_wconf 82' lang='lat' dir='ltr'><strong>et</strong></span> <span class='ocrx_word' id='word_1_354' title='bbox 688 2158 722 2181; x_wconf 90' lang='lat' dir='ltr'><strong>te.</strong></span> <span class='ocrx_word' id='word_1_355' title='bbox 737 2153 772 2180; x_wconf 83' lang='lat' dir='ltr'><strong>Et</strong></span> <span class='ocrx_word' id='word_1_356' title='bbox 784 2155 898 2188; x_wconf 82' lang='lat' dir='ltr'><strong>procidit</strong></span> 
     </span>
    </p>
   </div>
   <div class='ocr_carea' id='block_1_46' title="bbox 113 2199 901 2234">
    <p class='ocr_par' dir='ltr' id='par_1_46' title="bbox 113 2199 901 2234">
     <span class='ocr_line' id='line_1_46' title="bbox 113 2199 901 2234; baseline 0.001 -8"><span class='ocrx_word' id='word_1_357' title='bbox 113 2201 246 2227; x_wconf 76' lang='lat' dir='ltr'><strong>Abraham</strong></span> <span class='ocrx_word' id='word_1_358' title='bbox 274 2200 302 2227; x_wconf 85' lang='lat' dir='ltr'><strong>in</strong></span> <span class='ocrx_word' id='word_1_359' title='bbox 332 2199 427 2234; x_wconf 74' lang='lat' dir='ltr'><strong>faciem</strong></span> <span class='ocrx_word' id='word_1_360' title='bbox 447 2208 540 2231; x_wconf 76' lang='lat' dir='ltr'><strong>suam,</strong></span> <span class='ocrx_word' id='word_1_361' title='bbox 562 2205 584 2226; x_wconf 86' lang='lat' dir='ltr'><strong>et</strong></span> <span class='ocrx_word' id='word_1_362' title='bbox 609 2199 730 2227; x_wconf 80' lang='lat' dir='ltr'><strong>adoravit</strong></span> <span class='ocrx_word' id='word_1_363' title='bbox 750 2199 847 2232; x_wconf 86' lang='lat' dir='ltr'><strong>Deum,</strong></span> <span class='ocrx_word' id='word_1_364' title='bbox 876 2205 901 2227; x_wconf 82' lang='lat' dir='ltr'><strong>et</strong></span> 
     </span>
    </p>
   </div>
   <div class='ocr_carea' id='block_1_47' title="bbox 112 2244 902 2280">
    <p class='ocr_par' dir='ltr' id='par_1_47' title="bbox 112 2244 902 2280">
     <span class='ocr_line' id='line_1_47' title="bbox 112 2244 902 2280; baseline 0 -8"><span class='ocrx_word' id='word_1_365' title='bbox 112 2247 217 2273; x_wconf 77' lang='lat' dir='ltr'><strong>locutus</strong></span> <span class='ocrx_word' id='word_1_366' title='bbox 239 2251 277 2273; x_wconf 71' lang='lat' dir='ltr'><strong>est</strong></span> <span class='ocrx_word' id='word_1_367' title='bbox 297 2246 321 2273; x_wconf 91' lang='lat' dir='ltr'><strong>ei</strong></span> <span class='ocrx_word' id='word_1_368' title='bbox 344 2245 415 2272; x_wconf 80' lang='lat' dir='ltr'><strong>Deus</strong></span> <span class='ocrx_word' id='word_1_369' title='bbox 435 2245 547 2272; x_wconf 71' lang='lat' dir='ltr'><strong>dicens:</strong></span> <span class='ocrx_word' id='word_1_370' title='bbox 564 2244 619 2280; x_wconf 81' lang='lat' dir='ltr'><strong>Ego</strong></span> <span class='ocrx_word' id='word_1_371' title='bbox 641 2253 698 2272; x_wconf 74' lang='lat' dir='ltr'><strong>sum</strong></span> <span class='ocrx_word' id='word_1_372' title='bbox 717 2253 725 2272; x_wconf 92' lang='lat'><strong><em>:</em></strong></span> <span class='ocrx_word' id='word_1_373' title='bbox 741 2253 800 2272; x_wconf 83' lang='lat' dir='ltr'><strong>ecce</strong></span> <span class='ocrx_word' id='word_1_374' title='bbox 821 2250 902 2273; x_wconf 73' lang='lat' dir='ltr'><strong>testa-</strong></span> 
     </span>
    </p>
   </div>
   <div class='ocr_carea' id='block_1_48' title="bbox 114 2291 901 2326">
    <p class='ocr_par' dir='ltr' id='par_1_48' title="bbox 114 2291 901 2326">
     <span class='ocr_line' id='line_1_48' title="bbox 114 2291 901 2326; baseline -0.001 -7"><span class='ocrx_word' id='word_1_375' title='bbox 114 2298 229 2319; x_wconf 81' lang='lat' dir='ltr'><strong>mentum</strong></span> <span class='ocrx_word' id='word_1_376' title='bbox 255 2299 342 2319; x_wconf 84' lang='lat' dir='ltr'><strong>meum</strong></span> <span class='ocrx_word' id='word_1_377' title='bbox 360 2296 465 2324; x_wconf 81' lang='lat' dir='ltr'><strong>tecum,</strong></span> <span class='ocrx_word' id='word_1_378' title='bbox 492 2297 516 2318; x_wconf 90' lang='lat' dir='ltr'><strong>et</strong></span> <span class='ocrx_word' id='word_1_379' title='bbox 534 2292 586 2318; x_wconf 74' lang='lat' dir='ltr'><strong>eris</strong></span> <span class='ocrx_word' id='word_1_380' title='bbox 614 2297 690 2326; x_wconf 86' lang='lat' dir='ltr'><strong>pater</strong></span> <span class='ocrx_word' id='word_1_381' title='bbox 719 2291 901 2318; x_wconf 77' lang='lat' dir='ltr'><strong>multitudinis</strong></span> 
     </span>
    </p>
   </div>
   <div class='ocr_carea' id='block_1_49' title="bbox 113 2337 902 2374">
    <p class='ocr_par' dir='ltr' id='par_1_49' title="bbox 113 2337 902 2374">
     <span class='ocr_line' id='line_1_49' title="bbox 113 2337 902 2374; baseline 0 -9"><span class='ocrx_word' id='word_1_382' title='bbox 113 2339 230 2374; x_wconf 76' lang='lat' dir='ltr'><strong>gentium</strong></span> <span class='ocrx_word' id='word_1_383' title='bbox 247 2342 293 2365; x_wconf 86' lang='lat' dir='ltr'><strong>:et</strong></span> <span class='ocrx_word' id='word_1_384' title='bbox 312 2337 495 2364; x_wconf 77' lang='lat' dir='ltr'><strong>benedicentur</strong></span> <span class='ocrx_word' id='word_1_385' title='bbox 508 2337 536 2364; x_wconf 88' lang='lat' dir='ltr'><strong>in</strong></span> <span class='ocrx_word' id='word_1_386' title='bbox 553 2343 577 2364; x_wconf 89' lang='lat' dir='ltr'><strong>te</strong></span> <span class='ocrx_word' id='word_1_387' title='bbox 592 2345 680 2365; x_wconf 74' lang='lat' dir='ltr'><strong>omnes</strong></span> <span class='ocrx_word' id='word_1_388' title='bbox 699 2342 798 2373; x_wconf 71' lang='lat' dir='ltr'><strong>gentes,</strong></span> <span class='ocrx_word' id='word_1_389' title='bbox 812 2343 835 2365; x_wconf 86' lang='lat' dir='ltr'><strong>et</strong></span> <span class='ocrx_word' id='word_1_390' title='bbox 843 2338 902 2373; x_wconf 88' lang='lat' dir='ltr'><strong>jam</strong></span> 
     </span>
    </p>
   </div>
   <div class='ocr_carea' id='block_1_50' title="bbox 114 2384 902 2415">
    <p class='ocr_par' dir='ltr' id='par_1_50' title="bbox 114 2384 902 2415">
     <span class='ocr_line' id='line_1_50' title="bbox 114 2384 902 2415; baseline -0.001 -3"><span class='ocrx_word' id='word_1_391' title='bbox 114 2393 167 2412; x_wconf 76' lang='lat' dir='ltr'><strong>non</strong></span> <span class='ocrx_word' id='word_1_392' title='bbox 178 2384 315 2412; x_wconf 73' lang='lat' dir='ltr'><strong>vocabitur</strong></span> <span class='ocrx_word' id='word_1_393' title='bbox 336 2391 429 2410; x_wconf 83' lang='lat' dir='ltr'><strong>nomen</strong></span> <span class='ocrx_word' id='word_1_394' title='bbox 447 2388 521 2410; x_wconf 84' lang='lat' dir='ltr'><strong>tuum</strong></span> <span class='ocrx_word' id='word_1_395' title='bbox 543 2384 652 2415; x_wconf 77' lang='lat' dir='ltr'><strong>Abram,</strong></span> <span class='ocrx_word' id='word_1_396' title='bbox 677 2384 722 2410; x_wconf 75' lang='lat' dir='ltr'><strong>sed</strong></span> <span class='ocrx_word' id='word_1_397' title='bbox 742 2384 792 2411; x_wconf 88' lang='lat' dir='ltr'><strong>erit</strong></span> <span class='ocrx_word' id='word_1_398' title='bbox 808 2391 902 2411; x_wconf 84' lang='lat' dir='ltr'><strong>nomen</strong></span> 
     </span>
    </p>
   </div>
   <div class='ocr_carea' id='block_1_51' title="bbox 114 2429 904 2461">
    <p class='ocr_par' dir='ltr' id='par_1_51' title="bbox 114 2429 904 2461">
     <span class='ocr_line' id='line_1_51' title="bbox 114 2429 904 2461; baseline -0.001 -4"><span class='ocrx_word' id='word_1_399' title='bbox 114 2436 189 2457; x_wconf 78' lang='lat' dir='ltr'><strong>tuum</strong></span> <span class='ocrx_word' id='word_1_400' title='bbox 204 2429 337 2456; x_wconf 80' lang='lat' dir='ltr'><strong>Abraham</strong></span> <span class='ocrx_word' id='word_1_401' title='bbox 348 2429 381 2456; x_wconf 79' lang='lat'><strong>&quot;.</strong></span> <span class='ocrx_word' id='word_1_402' title='bbox 397 2429 429 2457; x_wconf 84' lang='lat' dir='ltr'><strong>Et</strong></span> <span class='ocrx_word' id='word_1_403' title='bbox 446 2437 507 2456; x_wconf 89' lang='lat' dir='ltr'><strong>cum</strong></span> <span class='ocrx_word' id='word_1_404' title='bbox 521 2429 640 2456; x_wconf 83' lang='lat' dir='ltr'><strong>dedisset</strong></span> <span class='ocrx_word' id='word_1_405' title='bbox 654 2429 707 2457; x_wconf 89' lang='lat' dir='ltr'><strong>hoc</strong></span> <span class='ocrx_word' id='word_1_406' title='bbox 722 2436 829 2461; x_wconf 87' lang='lat' dir='ltr'><strong>nomen,</strong></span> <span class='ocrx_word' id='word_1_407' title='bbox 850 2435 904 2457; x_wconf 82' lang='lat' dir='ltr'><strong>sta-</strong></span> 
     </span>
    </p>
   </div>
   <div class='ocr_carea' id='block_1_52' title="bbox 116 2475 903 2510">
    <p class='ocr_par' dir='ltr' id='par_1_52' title="bbox 116 2475 903 2510">
     <span class='ocr_line' id='line_1_52' title="bbox 116 2475 903 2510; baseline -0.001 -7"><span class='ocrx_word' id='word_1_408' title='bbox 116 2477 165 2503; x_wconf 88' lang='lat' dir='ltr'><strong>tiut</strong></span> <span class='ocrx_word' id='word_1_409' title='bbox 180 2476 323 2510; x_wconf 74' lang='lat' dir='ltr'><strong>subiungit</strong></span> <span class='ocrx_word' id='word_1_410' title='bbox 339 2483 347 2502; x_wconf 90' lang='lat'><strong>:</strong></span> <span class='ocrx_word' id='word_1_411' title='bbox 366 2476 397 2502; x_wconf 80' lang='lat' dir='ltr'><strong>Et</strong></span> <span class='ocrx_word' id='word_1_412' title='bbox 416 2483 514 2510; x_wconf 81' lang='lat' dir='ltr'><strong>ponant</strong></span> <span class='ocrx_word' id='word_1_413' title='bbox 531 2480 714 2502; x_wconf 74' lang='lat' dir='ltr'><strong>testamentum</strong></span> <span class='ocrx_word' id='word_1_414' title='bbox 736 2475 803 2501; x_wconf 88' lang='lat' dir='ltr'><strong>inter</strong></span> <span class='ocrx_word' id='word_1_415' title='bbox 823 2483 862 2502; x_wconf 88' lang='lat' dir='ltr'><strong>me</strong></span> <span class='ocrx_word' id='word_1_416' title='bbox 879 2481 903 2502; x_wconf 83' lang='lat' dir='ltr'><strong>et</strong></span> 
     </span>
    </p>
   </div>
   <div class='ocr_carea' id='block_1_53' title="bbox 116 2518 903 2555">
    <p class='ocr_par' dir='ltr' id='par_1_53' title="bbox 116 2518 903 2555">
     <span class='ocr_line' id='line_1_53' title="bbox 116 2518 903 2555; baseline -0.001 -7"><span class='ocrx_word' id='word_1_417' title='bbox 116 2529 151 2553; x_wconf 88' lang='lat' dir='ltr'><strong>te,</strong></span> <span class='ocrx_word' id='word_1_418' title='bbox 168 2527 192 2548; x_wconf 90' lang='lat' dir='ltr'><strong>et</strong></span> <span class='ocrx_word' id='word_1_419' title='bbox 211 2523 281 2548; x_wconf 75' lang='lat' dir='ltr'><strong>inter</strong></span> <span class='ocrx_word' id='word_1_420' title='bbox 291 2529 377 2548; x_wconf 76' lang='lat' dir='ltr'><strong>semen</strong></span> <span class='ocrx_word' id='word_1_421' title='bbox 393 2522 466 2549; x_wconf 83' lang='lat' dir='ltr'><strong>tuum</strong></span> <span class='ocrx_word' id='word_1_422' title='bbox 479 2526 537 2555; x_wconf 74' lang='lat' dir='ltr'><strong>post</strong></span> <span class='ocrx_word' id='word_1_423' title='bbox 548 2525 584 2552; x_wconf 85' lang='lat' dir='ltr'><strong>te,</strong></span> <span class='ocrx_word' id='word_1_424' title='bbox 600 2526 623 2547; x_wconf 86' lang='lat' dir='ltr'><strong>et</strong></span> <span class='ocrx_word' id='word_1_425' title='bbox 636 2519 684 2546; x_wconf 83' lang='lat' dir='ltr'><strong>hoc</strong></span> <span class='ocrx_word' id='word_1_426' title='bbox 703 2526 740 2547; x_wconf 77' lang='lat' dir='ltr'><strong>est</strong></span> <span class='ocrx_word' id='word_1_427' title='bbox 760 2518 903 2547; x_wconf 79' lang='lat' dir='ltr'><strong>testamen-</strong></span> 
     </span>
    </p>
   </div>
   <div class='ocr_carea' id='block_1_54' title="bbox 116 2567 905 2601">
    <p class='ocr_par' dir='ltr' id='par_1_54' title="bbox 116 2567 905 2601">
     <span class='ocr_line' id='line_1_54' title="bbox 116 2567 905 2601; baseline -0.003 -6"><span class='ocrx_word' id='word_1_428' title='bbox 116 2575 171 2595; x_wconf 87' lang='lat' dir='ltr'><strong>tum</strong></span> <span class='ocrx_word' id='word_1_429' title='bbox 185 2569 256 2601; x_wconf 81' lang='lat' dir='ltr'><strong>quod</strong></span> <span class='ocrx_word' id='word_1_430' title='bbox 268 2568 382 2594; x_wconf 71' lang='lat' dir='ltr'><strong>servabis</strong></span> <span class='ocrx_word' id='word_1_431' title='bbox 396 2567 462 2594; x_wconf 84' lang='lat' dir='ltr'><strong>inter</strong></span> <span class='ocrx_word' id='word_1_432' title='bbox 472 2576 512 2594; x_wconf 85' lang='lat' dir='ltr'><strong>me</strong></span> <span class='ocrx_word' id='word_1_433' title='bbox 525 2573 547 2594; x_wconf 83' lang='lat' dir='ltr'><strong>et</strong></span> <span class='ocrx_word' id='word_1_434' title='bbox 561 2572 596 2598; x_wconf 87' lang='lat' dir='ltr'><strong>te,</strong></span> <span class='ocrx_word' id='word_1_435' title='bbox 608 2572 631 2593; x_wconf 88' lang='lat' dir='ltr'><strong>et</strong></span> <span class='ocrx_word' id='word_1_436' title='bbox 649 2567 718 2593; x_wconf 80' lang='lat' dir='ltr'><strong>inter</strong></span> <span class='ocrx_word' id='word_1_437' title='bbox 732 2575 818 2594; x_wconf 77' lang='lat' dir='ltr'><strong>semen</strong></span> <span class='ocrx_word' id='word_1_438' title='bbox 830 2573 905 2594; x_wconf 86' lang='lat' dir='ltr'><strong>tuum</strong></span> 
     </span>
    </p>
   </div>
   <div class='ocr_carea' id='block_1_55' title="bbox 116 2613 906 2648">
    <p class='ocr_par' dir='ltr' id='par_1_55' title="bbox 116 2613 906 2648">
     <span class='ocr_line' id='line_1_55' title="bbox 116 2613 906 2648; baseline 0.001 -8"><span class='ocrx_word' id='word_1_439' title='bbox 116 2619 225 2648; x_wconf 75' lang='lat' dir='ltr'><strong>ponte.</strong></span> <span class='ocrx_word' id='word_1_440' title='bbox 256 2614 289 2641; x_wconf 85' lang='lat' dir='ltr'><strong>Et</strong></span> <span class='ocrx_word' id='word_1_441' title='bbox 311 2619 371 2648; x_wconf 86' lang='lat' dir='ltr'><strong>post</strong></span> <span class='ocrx_word' id='word_1_442' title='bbox 396 2614 452 2641; x_wconf 80' lang='lat' dir='ltr'><strong>lucc</strong></span> <span class='ocrx_word' id='word_1_443' title='bbox 483 2614 576 2641; x_wconf 82' lang='lat' dir='ltr'><strong>addit:</strong></span> <span class='ocrx_word' id='word_1_444' title='bbox 594 2613 808 2640; x_wconf 75' lang='lat' dir='ltr'><strong>Circumcidelur</strong></span> <span class='ocrx_word' id='word_1_445' title='bbox 830 2622 906 2641; x_wconf 83' lang='lat' dir='ltr'><strong>omne</strong></span> 
     </span>
    </p>
   </div>
   <div class='ocr_carea' id='block_1_56' title="bbox 152 2684 700 2716">
    <p class='ocr_par' dir='ltr' id='par_1_56' title="bbox 152 2684 700 2716">
     <span class='ocr_line' id='line_1_56' title="bbox 152 2684 700 2716; baseline -0.004 -3"><span class='ocrx_word' id='word_1_446' title='bbox 152 2686 176 2702; x_wconf 76' lang='lat'><strong>&quot;</strong></span> <span class='ocrx_word' id='word_1_447' title='bbox 197 2685 268 2713; x_wconf 86' lang='lat' dir='ltr'><strong>Gen.</strong></span> <span class='ocrx_word' id='word_1_448' title='bbox 285 2694 350 2716; x_wconf 78' lang='lat' dir='ltr'><strong>xvu,</strong></span> <span class='ocrx_word' id='word_1_449' title='bbox 376 2685 402 2711; x_wconf 82' lang='lat'><strong>5.</strong></span> <span class='ocrx_word' id='word_1_450' title='bbox 440 2685 461 2700; x_wconf 86' lang='lat'><strong>&quot;</strong></span> <span class='ocrx_word' id='word_1_451' title='bbox 480 2685 547 2712; x_wconf 84' lang='lat' dir='ltr'><strong>Gen.</strong></span> <span class='ocrx_word' id='word_1_452' title='bbox 566 2685 641 2716; x_wconf 85' lang='lat' dir='ltr'><strong>xvni,</strong></span> <span class='ocrx_word' id='word_1_453' title='bbox 659 2684 700 2711; x_wconf 92' lang='grc'><strong>11.</strong></span> 
     </span>
    </p>
   </div>
   <div class='ocr_carea' id='block_1_57' title="bbox 116 2720 710 2754">
    <p class='ocr_par' dir='ltr' id='par_1_57' title="bbox 116 2720 710 2754">
     <span class='ocr_line' id='line_1_57' title="bbox 116 2720 710 2754; baseline -0.005 -5"><span class='ocrx_word' id='word_1_454' title='bbox 116 2720 141 2737; x_wconf 84' lang='grc'><strong>’⁸</strong></span> <span class='ocrx_word' id='word_1_455' title='bbox 156 2721 226 2749; x_wconf 85' lang='lat' dir='ltr'><strong>Phil.</strong></span> <span class='ocrx_word' id='word_1_456' title='bbox 245 2730 285 2752; x_wconf 85' lang='grc' dir='ltr'>ιιι,</span> <span class='ocrx_word' id='word_1_457' title='bbox 301 2721 329 2754; x_wconf 68' lang='grc'><strong>2,</strong></span> <span class='ocrx_word' id='word_1_458' title='bbox 348 2721 375 2748; x_wconf 75' lang='lat'><strong>3.</strong></span> <span class='ocrx_word' id='word_1_459' title='bbox 414 2721 436 2737; x_wconf 84' lang='lat'>“</span> <span class='ocrx_word' id='word_1_460' title='bbox 464 2720 541 2748; x_wconf 74' lang='lat' dir='ltr'><strong>Rom.</strong></span> <span class='ocrx_word' id='word_1_461' title='bbox 559 2728 586 2751; x_wconf 87' lang='lat' dir='ltr'><strong>Il,</strong></span> <span class='ocrx_word' id='word_1_462' title='bbox 601 2720 645 2752; x_wconf 70' lang='lat'><strong>28.</strong></span> <span class='ocrx_word' id='word_1_463' title='bbox 664 2720 710 2748; x_wconf 75' lang='lat'><strong>‘29.</strong></span> 
     </span>
    </p>
   </div>
   <div class='ocr_carea' id='block_1_58' title="bbox 155 2781 900 2818">
    <p class='ocr_par' dir='ltr' id='par_1_58' title="bbox 155 2781 900 2818">
     <span class='ocr_line' id='line_1_58' title="bbox 155 2781 900 2818; baseline -0.001 -9"><span class='ocrx_word' id='word_1_464' title='bbox 155 2783 228 2818; x_wconf 81' lang='lat'><strong>(98)</strong></span> <span class='ocrx_word' id='word_1_465' title='bbox 253 2781 355 2809; x_wconf 79' lang='lat' dir='ltr'><strong>Omnes</strong></span> <span class='ocrx_word' id='word_1_466' title='bbox 381 2790 456 2813; x_wconf 82' lang='lat' dir='ltr'><strong>mss.,</strong></span> <span class='ocrx_word' id='word_1_467' title='bbox 484 2782 687 2818; x_wconf 75' lang='lat' dir='ltr'><strong>suscepit.,etc.,</strong></span> <span class='ocrx_word' id='word_1_468' title='bbox 704 2781 813 2815; x_wconf 78' lang='lat' dir='ltr'><strong>accepit,</strong></span> <span class='ocrx_word' id='word_1_469' title='bbox 829 2786 900 2814; x_wconf 81' lang='lat' dir='ltr'><strong>ctc.;</strong></span> 
     </span>
    </p>
   </div>
   <div class='ocr_carea' id='block_1_59' title="bbox 118 2817 676 2850">
    <p class='ocr_par' dir='ltr' id='par_1_59' title="bbox 118 2817 676 2850">
     <span class='ocr_line' id='line_1_59' title="bbox 118 2817 676 2850; baseline -0.013 -2"><span class='ocrx_word' id='word_1_470' title='bbox 118 2819 185 2848; x_wconf 63' lang='lat' dir='ltr'><strong>libb.</strong></span> <span class='ocrx_word' id='word_1_471' title='bbox 200 2818 266 2844; x_wconf 76' lang='lat' dir='ltr'><strong>mliti</strong></span> <span class='ocrx_word' id='word_1_472' title='bbox 283 2818 401 2850; x_wconf 74' lang='lat' dir='ltr'><strong>surripit,</strong></span> <span class='ocrx_word' id='word_1_473' title='bbox 419 2822 484 2848; x_wconf 69' lang='grc' dir='ltr'><strong>εις.Ι</strong></span> <span class='ocrx_word' id='word_1_474' title='bbox 502 2817 608 2850; x_wconf 75' lang='lat' dir='ltr'><strong>accipit,</strong></span> <span class='ocrx_word' id='word_1_475' title='bbox 626 2821 676 2844; x_wconf 68' lang='lat' dir='ltr'><strong>etv.</strong></span> 
     </span>
    </p>
   </div>
   <div class='ocr_carea' id='block_1_60' title="bbox 155 2851 903 2889">
    <p class='ocr_par' dir='ltr' id='par_1_60' title="bbox 155 2851 903 2889">
     <span class='ocr_line' id='line_1_60' title="bbox 155 2851 903 2889; baseline -0.005 -7"><span class='ocrx_word' id='word_1_476' title='bbox 155 2855 224 2889; x_wconf 67' lang='lat'><strong>(99)</strong></span> <span class='ocrx_word' id='word_1_477' title='bbox 251 2853 342 2881; x_wconf 62' lang='lat' dir='ltr'><strong>COLILX</strong></span> <span class='ocrx_word' id='word_1_478' title='bbox 367 2860 415 2879; x_wconf 88' lang='lat' dir='ltr'><strong>tus.</strong></span> <span class='ocrx_word' id='word_1_479' title='bbox 444 2852 530 2880; x_wconf 77' lang='lat' dir='ltr'><strong>sancti</strong></span> <span class='ocrx_word' id='word_1_480' title='bbox 557 2851 819 2887; x_wconf 77' lang='lat' dir='ltr'><strong>&#39;lhcodoricizquod</strong></span> <span class='ocrx_word' id='word_1_481' title='bbox 845 2852 903 2886; x_wconf 74' lang='lat' dir='ltr'><strong>quis</strong></span> 
     </span>
    </p>
   </div>
   <div class='ocr_carea' id='block_1_61' title="bbox 686 101 1111 139">
    <p class='ocr_par' dir='ltr' id='par_1_61' title="bbox 686 101 1111 139">
     <span class='ocr_line' id='line_1_61' title="bbox 686 101 1111 139; baseline -0.026 0"><span class='ocrx_word' id='word_1_482' title='bbox 686 111 719 139; x_wconf 76' lang='grc' dir='ltr'><strong>ΙΝ</strong></span> <span class='ocrx_word' id='word_1_483' title='bbox 737 107 886 138; x_wconf 72' lang='lat' dir='ltr'><strong>GENESIM</strong></span> <span class='ocrx_word' id='word_1_484' title='bbox 907 102 1048 132; x_wconf 71' lang='lat' dir='ltr'><strong>HOMlLlA</strong></span> <span class='ocrx_word' id='word_1_485' title='bbox 1068 101 1111 130; x_wconf 96' lang='grc'><strong>111.</strong></span> 
     </span>
    </p>
   </div>
   <div class='ocr_carea' id='block_1_62' title="bbox 270 163 1253 215">
    <p class='ocr_par' dir='ltr' id='par_1_62' title="bbox 270 163 1253 215">
     <span class='ocr_line' id='line_1_62' title="bbox 270 163 1253 215; baseline -0.027 -3"><span class='ocrx_word' id='word_1_486' title='bbox 270 189 296 212; x_wconf 74' lang='lat' dir='ltr'><strong>et</strong></span> <span class='ocrx_word' id='word_1_487' title='bbox 313 184 344 211; x_wconf 83' lang='lat' dir='ltr'><strong>de</strong></span> <span class='ocrx_word' id='word_1_488' title='bbox 365 182 443 209; x_wconf 82' lang='lat' dir='ltr'><strong>domo</strong></span> <span class='ocrx_word' id='word_1_489' title='bbox 459 181 542 215; x_wconf 71' lang='lat' dir='ltr'><strong>patria</strong></span> <span class='ocrx_word' id='word_1_490' title='bbox 560 177 609 208; x_wconf 86' lang='lat' dir='ltr'><strong>tui,</strong></span> <span class='ocrx_word' id='word_1_491' title='bbox 632 178 656 202; x_wconf 80' lang='lat' dir='ltr'><strong>et</strong></span> <span class='ocrx_word' id='word_1_492' title='bbox 674 174 706 201; x_wconf 71' lang='lat' dir='ltr'><strong>de</strong></span> <span class='ocrx_word' id='word_1_493' title='bbox 722 170 876 206; x_wconf 82' lang='lat' dir='ltr'><strong>cognatione</strong></span> <span class='ocrx_word' id='word_1_494' title='bbox 892 168 913 196; x_wconf 80' lang='grc' dir='ltr'><strong>Α</strong></span> <span class='ocrx_word' id='word_1_495' title='bbox 929 163 1105 213; x_wconf 53' lang='lat' dir='ltr'><strong>nauiculinunt</strong></span> <span class='ocrx_word' id='word_1_496' title='bbox 1131 165 1253 192; x_wconf 70' lang='lat' dir='ltr'><strong>vestrum,</strong></span> 
     </span>
    </p>
   </div>
   <div class='ocr_carea' id='block_1_63' title="bbox 739 2683 1389 2716">
    <p class='ocr_par' dir='ltr' id='par_1_63' title="bbox 739 2683 1389 2716">
     <span class='ocr_line' id='line_1_63' title="bbox 739 2683 1389 2716; baseline -0.003 -5"><span class='ocrx_word' id='word_1_497' title='bbox 739 2685 761 2700; x_wconf 86' lang='lat'>&quot;</span> <span class='ocrx_word' id='word_1_498' title='bbox 776 2684 854 2711; x_wconf 75' lang='lat' dir='ltr'><strong>Num.</strong></span> <span class='ocrx_word' id='word_1_499' title='bbox 872 2692 908 2716; x_wconf 77' lang='grc' dir='ltr'>ιιι,</span> <span class='ocrx_word' id='word_1_500' title='bbox 926 2684 965 2712; x_wconf 84' lang='grc'><strong>16.</strong></span> <span class='ocrx_word' id='word_1_501' title='bbox 1004 2685 1026 2700; x_wconf 82' lang='grc'><strong>’³</strong></span> <span class='ocrx_word' id='word_1_502' title='bbox 1039 2684 1105 2711; x_wconf 78' lang='lat' dir='ltr'><strong>Gen.</strong></span> <span class='ocrx_word' id='word_1_503' title='bbox 1123 2692 1189 2715; x_wconf 81' lang='grc' dir='ltr'>ιιι-ιι,</span> <span class='ocrx_word' id='word_1_504' title='bbox 1207 2684 1229 2714; x_wconf 91' lang='grc'><strong>1,</strong></span> <span class='ocrx_word' id='word_1_505' title='bbox 1242 2683 1259 2709; x_wconf 73' lang='grc'>2</span> <span class='ocrx_word' id='word_1_506' title='bbox 1272 2688 1299 2710; x_wconf 89' lang='lat' dir='ltr'><strong>et</strong></span> <span class='ocrx_word' id='word_1_507' title='bbox 1313 2690 1389 2716; x_wconf 85' lang='lat' dir='ltr'><strong>seqq.</strong></span> 
     </span>
    </p>
   </div>
   <div class='ocr_carea' id='block_1_64' title="bbox 749 2720 1010 2752">
    <p class='ocr_par' dir='ltr' id='par_1_64' title="bbox 749 2720 1010 2752">
     <span class='ocr_line' id='line_1_64' title="bbox 749 2720 1010 2752; baseline 0 -5"><span class='ocrx_word' id='word_1_508' title='bbox 749 2721 770 2736; x_wconf 84' lang='lat'><strong>&quot;</strong></span> <span class='ocrx_word' id='word_1_509' title='bbox 789 2720 886 2747; x_wconf 78' lang='lat' dir='ltr'><strong>Ezech.</strong></span> <span class='ocrx_word' id='word_1_510' title='bbox 902 2728 973 2752; x_wconf 79' lang='lat' dir='ltr'><strong>xuv,</strong></span> <span class='ocrx_word' id='word_1_511' title='bbox 994 2720 1010 2747; x_wconf 83' lang='lat'><strong>9</strong></span> 
     </span>
    </p>
   </div>
   <div class='ocr_carea' id='block_1_65' title="bbox 1666 95 1714 122">
    <p class='ocr_par' dir='ltr' id='par_1_65' title="bbox 1666 95 1714 122">
     <span class='ocr_line' id='line_1_65' title="bbox 1666 95 1714 122; baseline 0 0"><span class='ocrx_word' id='word_1_512' title='bbox 1666 95 1714 122; x_wconf 74' lang='grc'><strong>178</strong></span> 
     </span>
    </p>
   </div>
   <div class='ocr_carea' id='block_1_66' title="bbox 1273 156 1714 190">
    <p class='ocr_par' dir='ltr' id='par_1_66' title="bbox 1273 156 1714 190">
     <span class='ocr_line' id='line_1_66' title="bbox 1273 156 1714 190; baseline -0.007 -3"><span class='ocrx_word' id='word_1_513' title='bbox 1273 164 1297 187; x_wconf 90' lang='lat' dir='ltr'><strong>et</strong></span> <span class='ocrx_word' id='word_1_514' title='bbox 1315 156 1509 185; x_wconf 64' lang='lat' dir='ltr'><strong>circumcidens</strong></span> <span class='ocrx_word' id='word_1_515' title='bbox 1519 165 1625 184; x_wconf 75' lang='lat' dir='ltr'><strong>carnem</strong></span> <span class='ocrx_word' id='word_1_516' title='bbox 1647 166 1714 190; x_wconf 76' lang='lat' dir='ltr'><strong>prtu-</strong></span> 
     </span>
    </p>
   </div>
   <div class='ocr_carea' id='block_1_67' title="bbox 930 207 1096 242">
    <p class='ocr_par' dir='ltr' id='par_1_67' title="bbox 930 207 1096 242">
     <span class='ocr_line' id='line_1_67' title="bbox 930 207 1096 242; baseline -0.012 -8"><span class='ocrx_word' id='word_1_517' title='bbox 930 208 995 242; x_wconf 85' lang='lat' dir='ltr'><strong>putii</strong></span> <span class='ocrx_word' id='word_1_518' title='bbox 1008 207 1096 234; x_wconf 69' lang='lat' dir='ltr'><strong>uestri.</strong></span> 
     </span>
    </p>
   </div>
   <div class='ocr_carea' id='block_1_68' title="bbox 967 241 1716 281">
    <p class='ocr_par' dir='ltr' id='par_1_68' title="bbox 967 241 1716 281">
     <span class='ocr_line' id='line_1_68' title="bbox 967 241 1716 281; baseline -0.007 -8"><span class='ocrx_word' id='word_1_519' title='bbox 967 246 993 273; x_wconf 85' lang='grc' dir='ltr'>ι.</span> <span class='ocrx_word' id='word_1_520' title='bbox 1020 246 1101 281; x_wconf 90' lang='lat' dir='ltr'><strong>Igitur</strong></span> <span class='ocrx_word' id='word_1_521' title='bbox 1134 245 1353 280; x_wconf 73' lang='lat' dir='ltr'><strong>quandoquidem</strong></span> <span class='ocrx_word' id='word_1_522' title='bbox 1384 244 1412 272; x_wconf 90' lang='lat' dir='ltr'><strong>in</strong></span> <span class='ocrx_word' id='word_1_523' title='bbox 1448 243 1521 270; x_wconf 88' lang='lat' dir='ltr'><strong>hunc</strong></span> <span class='ocrx_word' id='word_1_524' title='bbox 1553 241 1716 269; x_wconf 87' lang='lat' dir='ltr'><strong>devenimus</strong></span> 
     </span>
    </p>
   </div>
   <div class='ocr_carea' id='block_1_69' title="bbox 932 286 1717 326">
    <p class='ocr_par' dir='ltr' id='par_1_69' title="bbox 932 286 1717 326">
     <span class='ocr_line' id='line_1_69' title="bbox 932 286 1717 326; baseline -0.008 -7"><span class='ocrx_word' id='word_1_525' title='bbox 932 292 1037 324; x_wconf 85' lang='lat' dir='ltr'><strong>locum.</strong></span> <span class='ocrx_word' id='word_1_526' title='bbox 1063 290 1202 326; x_wconf 83' lang='lat' dir='ltr'><strong>requirere</strong></span> <span class='ocrx_word' id='word_1_527' title='bbox 1229 291 1290 318; x_wconf 83' lang='lat' dir='ltr'><strong>volo</strong></span> <span class='ocrx_word' id='word_1_528' title='bbox 1313 291 1335 318; x_wconf 87' lang='lat' dir='ltr'><strong>si</strong></span> <span class='ocrx_word' id='word_1_529' title='bbox 1357 289 1528 324; x_wconf 86' lang='lat' dir='ltr'><strong>omnipotens</strong></span> <span class='ocrx_word' id='word_1_530' title='bbox 1553 286 1646 319; x_wconf 79' lang='lat' dir='ltr'><strong>Dens,</strong></span> <span class='ocrx_word' id='word_1_531' title='bbox 1671 288 1717 322; x_wconf 87' lang='lat' dir='ltr'><strong>qui</strong></span> 
     </span>
    </p>
   </div>
   <div class='ocr_carea' id='block_1_70' title="bbox 933 335 1718 366">
    <p class='ocr_par' dir='ltr' id='par_1_70' title="bbox 933 335 1718 366">
     <span class='ocr_line' id='line_1_70' title="bbox 933 335 1718 366; baseline -0.009 -1"><span class='ocrx_word' id='word_1_532' title='bbox 933 337 994 365; x_wconf 64' lang='grc' dir='ltr'><strong>εαξιί</strong></span> <span class='ocrx_word' id='word_1_533' title='bbox 1019 345 1051 364; x_wconf 85' lang='lat' dir='ltr'><strong>ac</strong></span> <span class='ocrx_word' id='word_1_534' title='bbox 1079 341 1159 363; x_wconf 69' lang='lat' dir='ltr'><strong>terra:</strong></span> <span class='ocrx_word' id='word_1_535' title='bbox 1176 337 1343 364; x_wconf 90' lang='lat' dir='ltr'><strong>dominatum</strong></span> <span class='ocrx_word' id='word_1_536' title='bbox 1362 340 1445 366; x_wconf 85' lang='lat' dir='ltr'><strong>tenet,</strong></span> <span class='ocrx_word' id='word_1_537' title='bbox 1458 335 1553 362; x_wconf 90' lang='lat' dir='ltr'><strong>volens</strong></span> <span class='ocrx_word' id='word_1_538' title='bbox 1569 338 1718 360; x_wconf 81' lang='lat' dir='ltr'><strong>testamen-</strong></span> 
     </span>
    </p>
   </div>
   <div class='ocr_carea' id='block_1_71' title="bbox 934 377 1718 418">
    <p class='ocr_par' dir='ltr' id='par_1_71' title="bbox 934 377 1718 418">
     <span class='ocr_line' id='line_1_71' title="bbox 934 377 1718 418; baseline -0.009 -8"><span class='ocrx_word' id='word_1_539' title='bbox 934 387 989 411; x_wconf 89' lang='lat' dir='ltr'><strong>tum</strong></span> <span class='ocrx_word' id='word_1_540' title='bbox 1003 390 1105 418; x_wconf 87' lang='lat' dir='ltr'><strong>ponere</strong></span> <span class='ocrx_word' id='word_1_541' title='bbox 1119 389 1181 409; x_wconf 90' lang='lat' dir='ltr'><strong>cum</strong></span> <span class='ocrx_word' id='word_1_542' title='bbox 1203 381 1262 409; x_wconf 79' lang='lat' dir='ltr'><strong>viro</strong></span> <span class='ocrx_word' id='word_1_543' title='bbox 1276 386 1382 413; x_wconf 83' lang='lat' dir='ltr'><strong>sancto,</strong></span> <span class='ocrx_word' id='word_1_544' title='bbox 1399 382 1425 407; x_wconf 87' lang='lat' dir='ltr'><strong>in</strong></span> <span class='ocrx_word' id='word_1_545' title='bbox 1438 381 1489 407; x_wconf 89' lang='lat' dir='ltr'><strong>hoc</strong></span> <span class='ocrx_word' id='word_1_546' title='bbox 1503 387 1636 407; x_wconf 83' lang='lat' dir='ltr'><strong>summam</strong></span> <span class='ocrx_word' id='word_1_547' title='bbox 1651 377 1718 404; x_wconf 88' lang='lat' dir='ltr'><strong>tanti</strong></span> 
     </span>
    </p>
   </div>
   <div class='ocr_carea' id='block_1_72' title="bbox 935 423 1720 463">
    <p class='ocr_par' dir='ltr' id='par_1_72' title="bbox 935 423 1720 463">
     <span class='ocr_line' id='line_1_72' title="bbox 935 423 1720 463; baseline -0.008 -8"><span class='ocrx_word' id='word_1_548' title='bbox 935 427 1037 463; x_wconf 75' lang='lat' dir='ltr'><strong>negotii</strong></span> <span class='ocrx_word' id='word_1_549' title='bbox 1062 425 1237 458; x_wconf 87' lang='lat' dir='ltr'><strong>collocabat,</strong></span> <span class='ocrx_word' id='word_1_550' title='bbox 1257 430 1287 453; x_wconf 91' lang='lat' dir='ltr'><strong>ut</strong></span> <span class='ocrx_word' id='word_1_551' title='bbox 1308 426 1469 460; x_wconf 67' lang='lat' dir='ltr'><strong>praeputium</strong></span> <span class='ocrx_word' id='word_1_552' title='bbox 1488 425 1580 452; x_wconf 76' lang='lat' dir='ltr'><strong>carnis</strong></span> <span class='ocrx_word' id='word_1_553' title='bbox 1609 423 1667 458; x_wconf 86' lang='lat' dir='ltr'><strong>ejus</strong></span> <span class='ocrx_word' id='word_1_554' title='bbox 1687 430 1720 449; x_wconf 80' lang='lat' dir='ltr'><strong>ac</strong></span> 
     </span>
    </p>
   </div>
   <div class='ocr_carea' id='block_1_73' title="bbox 935 468 1720 501">
    <p class='ocr_par' dir='ltr' id='par_1_73' title="bbox 935 468 1720 501">
     <span class='ocr_line' id='line_1_73' title="bbox 935 468 1720 501; baseline -0.01 0"><span class='ocrx_word' id='word_1_555' title='bbox 935 474 1032 501; x_wconf 71' lang='lat' dir='ltr'><strong>futura:</strong></span> <span class='ocrx_word' id='word_1_556' title='bbox 1049 481 1083 501; x_wconf 76' lang='lat' dir='ltr'><strong>ex</strong></span> <span class='ocrx_word' id='word_1_557' title='bbox 1099 480 1131 500; x_wconf 88' lang='lat' dir='ltr'><strong>eo</strong></span> <span class='ocrx_word' id='word_1_558' title='bbox 1151 472 1252 499; x_wconf 87' lang='lat' dir='ltr'><strong>sobolis</strong></span> <span class='ocrx_word' id='word_1_559' title='bbox 1272 471 1528 499; x_wconf 84' lang='lat' dir='ltr'><strong>circumciderctur.</strong></span> <span class='ocrx_word' id='word_1_560' title='bbox 1561 468 1618 495; x_wconf 79' lang='lat' dir='ltr'><strong>Erit</strong></span> <span class='ocrx_word' id='word_1_561' title='bbox 1639 468 1720 499; x_wconf 83' lang='lat' dir='ltr'><strong>enim,</strong></span> 
     </span>
    </p>
   </div>
   <div class='ocr_carea' id='block_1_74' title="bbox 936 519 1720 554">
    <p class='ocr_par' dir='ltr' id='par_1_74' title="bbox 936 519 1720 554">
     <span class='ocr_line' id='line_1_74' title="bbox 936 519 1720 554; baseline -0.009 -8"><span class='ocrx_word' id='word_1_562' title='bbox 936 519 1043 554; x_wconf 85' lang='lat' dir='ltr'><strong>inquit,</strong></span> <span class='ocrx_word' id='word_1_563' title='bbox 1074 522 1259 545; x_wconf 80' lang='lat' dir='ltr'><strong>testamentum</strong></span> <span class='ocrx_word' id='word_1_564' title='bbox 1288 524 1373 543; x_wconf 83' lang='lat' dir='ltr'><strong>meum</strong></span> <span class='ocrx_word' id='word_1_565' title='bbox 1405 523 1482 548; x_wconf 75' lang='lat' dir='ltr'><strong>super</strong></span> <span class='ocrx_word' id='word_1_566' title='bbox 1509 522 1614 541; x_wconf 80' lang='lat' dir='ltr'><strong>carnem</strong></span> <span class='ocrx_word' id='word_1_567' title='bbox 1635 519 1720 540; x_wconf 74' lang='lat' dir='ltr'><strong>lttarn.</strong></span> 
     </span>
    </p>
   </div>
   <div class='ocr_carea' id='block_1_75' title="bbox 937 558 1721 598">
    <p class='ocr_par' dir='ltr' id='par_1_75' title="bbox 937 558 1721 598">
     <span class='ocr_line' id='line_1_75' title="bbox 937 558 1721 598; baseline -0.01 -4"><span class='ocrx_word' id='word_1_568' title='bbox 937 566 1056 594; x_wconf 73' lang='lat' dir='ltr'><strong>lloeciue</strong></span> <span class='ocrx_word' id='word_1_569' title='bbox 1077 569 1142 592; x_wconf 21' lang='lat' dir='ltr'><strong>erat,</strong></span> <span class='ocrx_word' id='word_1_570' title='bbox 1174 564 1246 598; x_wconf 88' lang='lat' dir='ltr'><strong>quod</strong></span> <span class='ocrx_word' id='word_1_571' title='bbox 1282 562 1345 590; x_wconf 72' lang='lat' dir='ltr'><strong>cudi</strong></span> <span class='ocrx_word' id='word_1_572' title='bbox 1371 569 1403 588; x_wconf 89' lang='lat' dir='ltr'><strong>ac</strong></span> <span class='ocrx_word' id='word_1_573' title='bbox 1425 566 1504 588; x_wconf 61' lang='lat' dir='ltr'><strong>terra:</strong></span> <span class='ocrx_word' id='word_1_574' title='bbox 1528 558 1669 592; x_wconf 84' lang='lat' dir='ltr'><strong>Dominus,</strong></span> <span class='ocrx_word' id='word_1_575' title='bbox 1696 559 1721 586; x_wconf 89' lang='lat' dir='ltr'><strong>ei</strong></span> 
     </span>
    </p>
   </div>
   <div class='ocr_carea' id='block_1_76' title="bbox 935 605 1721 646">
    <p class='ocr_par' dir='ltr' id='par_1_76' title="bbox 935 605 1721 646">
     <span class='ocr_line' id='line_1_76' title="bbox 935 605 1721 646; baseline -0.01 -7"><span class='ocrx_word' id='word_1_576' title='bbox 935 619 1016 646; x_wconf 90' lang='lat' dir='ltr'><strong>quem</strong></span> <span class='ocrx_word' id='word_1_577' title='bbox 1035 618 1051 638; x_wconf 90' lang='lat' dir='ltr'><strong>e</strong></span> <span class='ocrx_word' id='word_1_578' title='bbox 1064 609 1171 637; x_wconf 87' lang='lat' dir='ltr'><strong>cunctis</strong></span> <span class='ocrx_word' id='word_1_579' title='bbox 1189 608 1351 635; x_wconf 83' lang='lat' dir='ltr'><strong>mortalibus</strong></span> <span class='ocrx_word' id='word_1_580' title='bbox 1367 606 1452 634; x_wconf 89' lang='lat' dir='ltr'><strong>solum</strong></span> <span class='ocrx_word' id='word_1_581' title='bbox 1468 606 1617 640; x_wconf 76' lang='lat' dir='ltr'><strong>delegerat,</strong></span> <span class='ocrx_word' id='word_1_582' title='bbox 1629 605 1721 632; x_wconf 64' lang='lat' dir='ltr'><strong>interni</strong></span> 
     </span>
    </p>
   </div>
   <div class='ocr_carea' id='block_1_77' title="bbox 939 650 1724 686">
    <p class='ocr_par' dir='ltr' id='par_1_77' title="bbox 939 650 1724 686">
     <span class='ocr_line' id='line_1_77' title="bbox 939 650 1724 686; baseline -0.011 -1"><span class='ocrx_word' id='word_1_583' title='bbox 939 657 1093 686; x_wconf 83' lang='lat' dir='ltr'><strong>testamenti</strong></span> <span class='ocrx_word' id='word_1_584' title='bbox 1121 662 1233 683; x_wconf 84' lang='lat' dir='ltr'><strong>uulnere</strong></span> <span class='ocrx_word' id='word_1_585' title='bbox 1262 652 1445 682; x_wconf 79' lang='lat' dir='ltr'><strong>conferebat?</strong></span> <span class='ocrx_word' id='word_1_586' title='bbox 1472 650 1535 679; x_wconf 74' lang='lat' dir='ltr'><strong>llzee</strong></span> <span class='ocrx_word' id='word_1_587' title='bbox 1557 651 1630 678; x_wconf 82' lang='lat' dir='ltr'><strong>enim</strong></span> <span class='ocrx_word' id='word_1_588' title='bbox 1661 655 1724 678; x_wconf 87' lang='lat' dir='ltr'><strong>sunt</strong></span> 
     </span>
    </p>
   </div>
   <div class='ocr_carea' id='block_1_78' title="bbox 938 697 1724 737">
    <p class='ocr_par' dir='ltr' id='par_1_78' title="bbox 938 697 1724 737">
     <span class='ocr_line' id='line_1_78' title="bbox 938 697 1724 737; baseline -0.011 -6"><span class='ocrx_word' id='word_1_589' title='bbox 938 704 1004 734; x_wconf 84' lang='lat' dir='ltr'><strong>sola,</strong></span> <span class='ocrx_word' id='word_1_590' title='bbox 1024 703 1050 730; x_wconf 93' lang='lat' dir='ltr'><strong>in</strong></span> <span class='ocrx_word' id='word_1_591' title='bbox 1062 702 1161 737; x_wconf 88' lang='lat' dir='ltr'><strong>quibus</strong></span> <span class='ocrx_word' id='word_1_592' title='bbox 1176 700 1297 734; x_wconf 74' lang='lat' dir='ltr'><strong>magistri</strong></span> <span class='ocrx_word' id='word_1_593' title='bbox 1309 705 1338 727; x_wconf 92' lang='lat' dir='ltr'><strong>et</strong></span> <span class='ocrx_word' id='word_1_594' title='bbox 1355 698 1481 726; x_wconf 89' lang='lat' dir='ltr'><strong>doctores</strong></span> <span class='ocrx_word' id='word_1_595' title='bbox 1495 697 1645 733; x_wconf 71' lang='lat' dir='ltr'><strong>Syuagogte</strong></span> <span class='ocrx_word' id='word_1_596' title='bbox 1661 703 1724 723; x_wconf 84' lang='lat' dir='ltr'><strong>sau-</strong></span> 
     </span>
    </p>
   </div>
   <div class='ocr_carea' id='block_1_79' title="bbox 938 742 1726 784">
    <p class='ocr_par' dir='ltr' id='par_1_79' title="bbox 938 742 1726 784">
     <span class='ocr_line' id='line_1_79' title="bbox 938 742 1726 784; baseline -0.013 -7"><span class='ocrx_word' id='word_1_597' title='bbox 938 756 1044 778; x_wconf 88' lang='lat' dir='ltr'><strong>ctorutn</strong></span> <span class='ocrx_word' id='word_1_598' title='bbox 1059 748 1175 784; x_wconf 83' lang='lat' dir='ltr'><strong>gloriam</strong></span> <span class='ocrx_word' id='word_1_599' title='bbox 1191 750 1305 781; x_wconf 88' lang='lat' dir='ltr'><strong>ponunt.</strong></span> <span class='ocrx_word' id='word_1_600' title='bbox 1323 745 1445 772; x_wconf 81' lang='lat' dir='ltr'><strong>Ecclesia</strong></span> <span class='ocrx_word' id='word_1_601' title='bbox 1462 751 1526 771; x_wconf 87' lang='lat' dir='ltr'><strong>vero</strong></span> <span class='ocrx_word' id='word_1_602' title='bbox 1541 742 1654 774; x_wconf 84' lang='lat' dir='ltr'><strong>Christi,</strong></span> <span class='ocrx_word' id='word_1_603' title='bbox 1665 749 1726 776; x_wconf 70' lang='lat' dir='ltr'><strong>qua</strong></span> 
     </span>
    </p>
   </div>
   <div class='ocr_carea' id='block_1_80' title="bbox 939 787 1727 832">
    <p class='ocr_par' dir='ltr' id='par_1_80' title="bbox 939 787 1727 832">
     <span class='ocr_line' id='line_1_80' title="bbox 939 787 1727 832; baseline -0.011 -9"><span class='ocrx_word' id='word_1_604' title='bbox 939 804 986 832; x_wconf 91' lang='lat' dir='ltr'><strong>per</strong></span> <span class='ocrx_word' id='word_1_605' title='bbox 998 795 1160 829; x_wconf 77' lang='lat' dir='ltr'><strong>Prophetam</strong></span> <span class='ocrx_word' id='word_1_606' title='bbox 1171 793 1278 820; x_wconf 77' lang='lat' dir='ltr'><strong>dixerat</strong></span> <span class='ocrx_word' id='word_1_607' title='bbox 1293 792 1316 808; x_wconf 74' lang='lat'><strong>”</strong></span> <span class='ocrx_word' id='word_1_608' title='bbox 1332 800 1337 817; x_wconf 96' lang='lat'>:</span> <span class='ocrx_word' id='word_1_609' title='bbox 1357 790 1423 819; x_wconf 80' lang='lat' dir='ltr'><strong>Illi/ti</strong></span> <span class='ocrx_word' id='word_1_610' title='bbox 1437 794 1522 817; x_wconf 86' lang='lat' dir='ltr'><strong>autem</strong></span> <span class='ocrx_word' id='word_1_611' title='bbox 1537 789 1602 816; x_wconf 74' lang='lat' dir='ltr'><strong>satis</strong></span> <span class='ocrx_word' id='word_1_612' title='bbox 1618 787 1727 815; x_wconf 87' lang='lat' dir='ltr'><strong>honori-</strong></span> 
     </span>
    </p>
   </div>
   <div class='ocr_carea' id='block_1_81' title="bbox 904 834 1727 877">
    <p class='ocr_par' dir='ltr' id='par_1_81' title="bbox 904 834 1727 877">
     <span class='ocr_line' id='line_1_81' title="bbox 904 834 1727 877; baseline -0.012 -7"><span class='ocrx_word' id='word_1_613' title='bbox 904 844 924 870; x_wconf 84' lang='lat' dir='ltr'><strong>B</strong></span> <span class='ocrx_word' id='word_1_614' title='bbox 938 842 1009 877; x_wconf 82' lang='lat' dir='ltr'><strong>ﬁcati</strong></span> <span class='ocrx_word' id='word_1_615' title='bbox 1031 845 1092 868; x_wconf 74' lang='lat' dir='ltr'><strong>sunt</strong></span> <span class='ocrx_word' id='word_1_616' title='bbox 1110 840 1188 867; x_wconf 79' lang='lat' dir='ltr'><strong>amici</strong></span> <span class='ocrx_word' id='word_1_617' title='bbox 1203 840 1254 872; x_wconf 89' lang='lat' dir='ltr'><strong>tui,</strong></span> <span class='ocrx_word' id='word_1_618' title='bbox 1274 838 1354 871; x_wconf 72' lang='lat' dir='ltr'><strong>Deus,</strong></span> <span class='ocrx_word' id='word_1_619' title='bbox 1370 836 1506 872; x_wconf 89' lang='lat' dir='ltr'><strong>quomodo</strong></span> <span class='ocrx_word' id='word_1_620' title='bbox 1521 837 1637 863; x_wconf 86' lang='lat' dir='ltr'><strong>honoret</strong></span> <span class='ocrx_word' id='word_1_621' title='bbox 1658 834 1727 861; x_wconf 87' lang='lat' dir='ltr'><strong>ami-</strong></span> 
     </span>
    </p>
   </div>
   <div class='ocr_carea' id='block_1_82' title="bbox 939 879 1725 922">
    <p class='ocr_par' dir='ltr' id='par_1_82' title="bbox 939 879 1725 922">
     <span class='ocr_line' id='line_1_82' title="bbox 939 879 1725 922; baseline -0.013 -6"><span class='ocrx_word' id='word_1_622' title='bbox 939 896 985 916; x_wconf 88' lang='lat' dir='ltr'><strong>cos</strong></span> <span class='ocrx_word' id='word_1_623' title='bbox 1002 887 1095 922; x_wconf 81' lang='lat' dir='ltr'><strong>sponsi</strong></span> <span class='ocrx_word' id='word_1_624' title='bbox 1122 886 1174 919; x_wconf 87' lang='lat' dir='ltr'><strong>sui,</strong></span> <span class='ocrx_word' id='word_1_625' title='bbox 1196 889 1224 913; x_wconf 88' lang='lat' dir='ltr'><strong>et</strong></span> <span class='ocrx_word' id='word_1_626' title='bbox 1243 889 1373 919; x_wconf 88' lang='lat' dir='ltr'><strong>quantam</strong></span> <span class='ocrx_word' id='word_1_627' title='bbox 1397 883 1438 910; x_wconf 87' lang='lat' dir='ltr'><strong>eis</strong></span> <span class='ocrx_word' id='word_1_628' title='bbox 1457 881 1571 917; x_wconf 78' lang='lat' dir='ltr'><strong>gloriam</strong></span> <span class='ocrx_word' id='word_1_629' title='bbox 1591 879 1725 913; x_wconf 83' lang='lat' dir='ltr'><strong>conferat,</strong></span> 
     </span>
    </p>
   </div>
   <div class='ocr_carea' id='block_1_83' title="bbox 938 927 1729 968">
    <p class='ocr_par' dir='ltr' id='par_1_83' title="bbox 938 927 1729 968">
     <span class='ocr_line' id='line_1_83' title="bbox 938 927 1729 968; baseline -0.011 -7"><span class='ocrx_word' id='word_1_630' title='bbox 938 942 1000 961; x_wconf 88' lang='lat' dir='ltr'><strong>cttm</strong></span> <span class='ocrx_word' id='word_1_631' title='bbox 1025 938 1100 968; x_wconf 79' lang='lat' dir='ltr'><strong>gesta</strong></span> <span class='ocrx_word' id='word_1_632' title='bbox 1123 939 1217 959; x_wconf 88' lang='lat' dir='ltr'><strong>eorum</strong></span> <span class='ocrx_word' id='word_1_633' title='bbox 1234 929 1357 962; x_wconf 73' lang='lat' dir='ltr'><strong>revolvit,</strong></span> <span class='ocrx_word' id='word_1_634' title='bbox 1379 929 1501 960; x_wconf 86' lang='lat' dir='ltr'><strong>veniant,</strong></span> <span class='ocrx_word' id='word_1_635' title='bbox 1521 928 1542 955; x_wconf 88' lang='lat' dir='ltr'><strong>si</strong></span> <span class='ocrx_word' id='word_1_636' title='bbox 1557 927 1677 957; x_wconf 86' lang='lat' dir='ltr'><strong>videtur,</strong></span> <span class='ocrx_word' id='word_1_637' title='bbox 1699 930 1729 953; x_wconf 87' lang='lat' dir='ltr'><strong>et</strong></span> 
     </span>
    </p>
   </div>
   <div class='ocr_carea' id='block_1_84' title="bbox 940 971 1727 1011">
    <p class='ocr_par' dir='ltr' id='par_1_84' title="bbox 940 971 1727 1011">
     <span class='ocr_line' id='line_1_84' title="bbox 940 971 1727 1011; baseline -0.013 -4"><span class='ocrx_word' id='word_1_638' title='bbox 940 980 1065 1006; x_wconf 73' lang='lat' dir='ltr'><strong>audiant.</strong></span> <span class='ocrx_word' id='word_1_639' title='bbox 1091 978 1145 1005; x_wconf 70' lang='lat' dir='ltr'><strong>Nos</strong></span> <span class='ocrx_word' id='word_1_640' title='bbox 1163 985 1229 1011; x_wconf 85' lang='lat' dir='ltr'><strong>ergo</strong></span> <span class='ocrx_word' id='word_1_641' title='bbox 1253 974 1347 1002; x_wconf 86' lang='lat' dir='ltr'><strong>imbuti</strong></span> <span class='ocrx_word' id='word_1_642' title='bbox 1372 981 1420 1009; x_wconf 86' lang='lat' dir='ltr'><strong>per</strong></span> <span class='ocrx_word' id='word_1_643' title='bbox 1441 973 1593 1008; x_wconf 85' lang='lat' dir='ltr'><strong>apostolum</strong></span> <span class='ocrx_word' id='word_1_644' title='bbox 1614 971 1727 998; x_wconf 80' lang='lat' dir='ltr'><strong>Paulum</strong></span> 
     </span>
    </p>
   </div>
   <div class='ocr_carea' id='block_1_85' title="bbox 941 1017 1729 1058">
    <p class='ocr_par' dir='ltr' id='par_1_85' title="bbox 941 1017 1729 1058">
     <span class='ocr_line' id='line_1_85' title="bbox 941 1017 1729 1058; baseline -0.01 -6"><span class='ocrx_word' id='word_1_645' title='bbox 941 1025 1057 1053; x_wconf 90' lang='lat' dir='ltr'><strong>dicitnus</strong></span> <span class='ocrx_word' id='word_1_646' title='bbox 1071 1024 1134 1058; x_wconf 87' lang='lat' dir='ltr'><strong>quia</strong></span> <span class='ocrx_word' id='word_1_647' title='bbox 1144 1024 1215 1051; x_wconf 86' lang='lat' dir='ltr'><strong>sicut</strong></span> <span class='ocrx_word' id='word_1_648' title='bbox 1230 1021 1312 1049; x_wconf 88' lang='lat' dir='ltr'><strong>nmlta</strong></span> <span class='ocrx_word' id='word_1_649' title='bbox 1328 1020 1416 1047; x_wconf 88' lang='lat' dir='ltr'><strong>aliain</strong></span> <span class='ocrx_word' id='word_1_650' title='bbox 1434 1019 1520 1053; x_wconf 80' lang='lat' dir='ltr'><strong>ﬁgura</strong></span> <span class='ocrx_word' id='word_1_651' title='bbox 1533 1023 1560 1046; x_wconf 88' lang='lat' dir='ltr'><strong>et</strong></span> <span class='ocrx_word' id='word_1_652' title='bbox 1571 1019 1598 1045; x_wconf 93' lang='lat' dir='ltr'><strong>in</strong></span> <span class='ocrx_word' id='word_1_653' title='bbox 1612 1017 1729 1053; x_wconf 84' lang='lat' dir='ltr'><strong>imagine</strong></span> 
     </span>
    </p>
   </div>
   <div class='ocr_carea' id='block_1_86' title="bbox 941 1062 1728 1099">
    <p class='ocr_par' dir='ltr' id='par_1_86' title="bbox 941 1062 1728 1099">
     <span class='ocr_line' id='line_1_86' title="bbox 941 1062 1728 1099; baseline -0.013 -1"><span class='ocrx_word' id='word_1_654' title='bbox 941 1070 1038 1098; x_wconf 69' lang='lat' dir='ltr'><strong>futurae</strong></span> <span class='ocrx_word' id='word_1_655' title='bbox 1068 1069 1192 1097; x_wconf 85' lang='lat' dir='ltr'><strong>veritatis</strong></span> <span class='ocrx_word' id='word_1_656' title='bbox 1221 1067 1335 1099; x_wconf 88' lang='lat' dir='ltr'><strong>llebant,</strong></span> <span class='ocrx_word' id='word_1_657' title='bbox 1371 1066 1409 1093; x_wconf 84' lang='lat' dir='ltr'><strong>ita</strong></span> <span class='ocrx_word' id='word_1_658' title='bbox 1434 1071 1462 1093; x_wconf 85' lang='lat' dir='ltr'><strong>et</strong></span> <span class='ocrx_word' id='word_1_659' title='bbox 1490 1063 1663 1092; x_wconf 88' lang='lat' dir='ltr'><strong>circumcisio</strong></span> <span class='ocrx_word' id='word_1_660' title='bbox 1684 1062 1728 1089; x_wconf 75' lang='lat' dir='ltr'><strong>illa</strong></span> 
     </span>
    </p>
   </div>
   <div class='ocr_carea' id='block_1_87' title="bbox 941 1108 1728 1146">
    <p class='ocr_par' dir='ltr' id='par_1_87' title="bbox 941 1108 1728 1146">
     <span class='ocr_line' id='line_1_87' title="bbox 941 1108 1728 1146; baseline -0.011 -3"><span class='ocrx_word' id='word_1_661' title='bbox 941 1115 1059 1144; x_wconf 82' lang='lat' dir='ltr'><strong>carnalis</strong></span> <span class='ocrx_word' id='word_1_662' title='bbox 1084 1113 1305 1142; x_wconf 87' lang='lat' dir='ltr'><strong>circumcision&#39;rs</strong></span> <span class='ocrx_word' id='word_1_663' title='bbox 1319 1110 1468 1146; x_wconf 85' lang='lat' dir='ltr'><strong>spiritualis</strong></span> <span class='ocrx_word' id='word_1_664' title='bbox 1481 1110 1593 1137; x_wconf 86' lang='lat' dir='ltr'><strong>l&#39;ormam</strong></span> <span class='ocrx_word' id='word_1_665' title='bbox 1608 1108 1728 1143; x_wconf 81' lang='lat' dir='ltr'><strong>gerebat.</strong></span> 
     </span>
    </p>
   </div>
   <div class='ocr_carea' id='block_1_88' title="bbox 942 1155 1729 1197">
    <p class='ocr_par' dir='ltr' id='par_1_88' title="bbox 942 1155 1729 1197">
     <span class='ocr_line' id='line_1_88' title="bbox 942 1155 1729 1197; baseline -0.013 -7"><span class='ocrx_word' id='word_1_666' title='bbox 942 1162 979 1190; x_wconf 89' lang='lat' dir='ltr'><strong>De</strong></span> <span class='ocrx_word' id='word_1_667' title='bbox 995 1169 1048 1197; x_wconf 85' lang='lat' dir='ltr'><strong>qua</strong></span> <span class='ocrx_word' id='word_1_668' title='bbox 1063 1166 1090 1188; x_wconf 83' lang='lat' dir='ltr'><strong>et</strong></span> <span class='ocrx_word' id='word_1_669' title='bbox 1110 1161 1221 1195; x_wconf 87' lang='lat' dir='ltr'><strong>diguutn</strong></span> <span class='ocrx_word' id='word_1_670' title='bbox 1232 1163 1303 1192; x_wconf 85' lang='lat' dir='ltr'><strong>erat,</strong></span> <span class='ocrx_word' id='word_1_671' title='bbox 1316 1162 1344 1185; x_wconf 89' lang='lat' dir='ltr'><strong>et</strong></span> <span class='ocrx_word' id='word_1_672' title='bbox 1370 1157 1487 1184; x_wconf 84' lang='lat' dir='ltr'><strong>decebat</strong></span> <span class='ocrx_word' id='word_1_673' title='bbox 1505 1156 1588 1182; x_wconf 85' lang='lat' dir='ltr'><strong>Deum</strong></span> <span class='ocrx_word' id='word_1_674' title='bbox 1602 1155 1729 1189; x_wconf 84' lang='lat' dir='ltr'><strong>majesta-</strong></span> 
     </span>
    </p>
   </div>
   <div class='ocr_carea' id='block_1_89' title="bbox 944 1201 1731 1243">
    <p class='ocr_par' dir='ltr' id='par_1_89' title="bbox 944 1201 1731 1243">
     <span class='ocr_line' id='line_1_89' title="bbox 944 1201 1731 1243; baseline -0.013 -7"><span class='ocrx_word' id='word_1_675' title='bbox 944 1210 977 1236; x_wconf 87' lang='lat' dir='ltr'><strong>tis</strong></span> <span class='ocrx_word' id='word_1_676' title='bbox 997 1211 1132 1243; x_wconf 67' lang='lat' dir='ltr'><strong>prmcepta</strong></span> <span class='ocrx_word' id='word_1_677' title='bbox 1159 1204 1322 1232; x_wconf 87' lang='lat' dir='ltr'><strong>mortalibus</strong></span> <span class='ocrx_word' id='word_1_678' title='bbox 1347 1203 1424 1230; x_wconf 87' lang='lat' dir='ltr'><strong>dare.</strong></span> <span class='ocrx_word' id='word_1_679' title='bbox 1455 1201 1556 1228; x_wconf 86' lang='lat' dir='ltr'><strong>Audite</strong></span> <span class='ocrx_word' id='word_1_680' title='bbox 1578 1208 1643 1236; x_wconf 77' lang='lat' dir='ltr'><strong>ergo</strong></span> <span class='ocrx_word' id='word_1_681' title='bbox 1664 1207 1731 1235; x_wconf 90' lang='lat' dir='ltr'><strong>quo-</strong></span> 
     </span>
    </p>
   </div>
   <div class='ocr_carea' id='block_1_90' title="bbox 944 1246 1732 1285">
    <p class='ocr_par' dir='ltr' id='par_1_90' title="bbox 944 1246 1732 1285">
     <span class='ocr_line' id='line_1_90' title="bbox 944 1246 1732 1285; baseline -0.011 -3"><span class='ocrx_word' id='word_1_682' title='bbox 944 1255 1025 1282; x_wconf 91' lang='lat' dir='ltr'><strong>modo</strong></span> <span class='ocrx_word' id='word_1_683' title='bbox 1038 1253 1139 1280; x_wconf 81' lang='lat' dir='ltr'><strong>Paulus</strong></span> <span class='ocrx_word' id='word_1_684' title='bbox 1157 1251 1253 1279; x_wconf 83' lang='lat' dir='ltr'><strong>doctor</strong></span> <span class='ocrx_word' id='word_1_685' title='bbox 1265 1250 1386 1285; x_wconf 88' lang='lat' dir='ltr'><strong>gentium</strong></span> <span class='ocrx_word' id='word_1_686' title='bbox 1406 1249 1432 1276; x_wconf 94' lang='lat' dir='ltr'><strong>in</strong></span> <span class='ocrx_word' id='word_1_687' title='bbox 1449 1248 1502 1275; x_wconf 88' lang='lat' dir='ltr'><strong>lide</strong></span> <span class='ocrx_word' id='word_1_688' title='bbox 1514 1251 1541 1274; x_wconf 88' lang='lat' dir='ltr'><strong>et</strong></span> <span class='ocrx_word' id='word_1_689' title='bbox 1562 1247 1677 1274; x_wconf 85' lang='lat' dir='ltr'><strong>veritate</strong></span> <span class='ocrx_word' id='word_1_690' title='bbox 1699 1246 1732 1273; x_wconf 68' lang='lat' dir='ltr'><strong>(In</strong></span> 
     </span>
    </p>
   </div>
   <div class='ocr_carea' id='block_1_91' title="bbox 943 1292 1733 1330">
    <p class='ocr_par' dir='ltr' id='par_1_91' title="bbox 943 1292 1733 1330">
     <span class='ocr_line' id='line_1_91' title="bbox 943 1292 1733 1330; baseline -0.01 -4"><span class='ocrx_word' id='word_1_691' title='bbox 943 1297 1158 1326; x_wconf 87' lang='lat' dir='ltr'><strong>circumcisiouis</strong></span> <span class='ocrx_word' id='word_1_692' title='bbox 1185 1295 1314 1330; x_wconf 82' lang='lat' dir='ltr'><strong>mysterio</strong></span> <span class='ocrx_word' id='word_1_693' title='bbox 1339 1294 1440 1322; x_wconf 89' lang='lat' dir='ltr'><strong>Christi</strong></span> <span class='ocrx_word' id='word_1_694' title='bbox 1469 1292 1620 1320; x_wconf 85' lang='lat' dir='ltr'><strong>Ecclesiam</strong></span> <span class='ocrx_word' id='word_1_695' title='bbox 1639 1293 1733 1319; x_wconf 65' lang='lat' dir='ltr'><strong>docet-</strong></span> 
     </span>
    </p>
   </div>
   <div class='ocr_carea' id='block_1_92' title="bbox 948 1339 1733 1379">
    <p class='ocr_par' dir='ltr' id='par_1_92' title="bbox 948 1339 1733 1379">
     <span class='ocr_line' id='line_1_92' title="bbox 948 1339 1733 1379; baseline -0.01 -6"><span class='ocrx_word' id='word_1_696' title='bbox 948 1344 1049 1377; x_wconf 64' lang='lat' dir='ltr'><strong>Videte,</strong></span> <span class='ocrx_word' id='word_1_697' title='bbox 1062 1344 1151 1379; x_wconf 91' lang='lat' dir='ltr'><strong>inquit</strong></span> <span class='ocrx_word' id='word_1_698' title='bbox 1160 1344 1193 1375; x_wconf 83' lang='lat'><strong>°&#39;,</strong></span> <span class='ocrx_word' id='word_1_699' title='bbox 1210 1341 1439 1369; x_wconf 78' lang='lat' dir='ltr'><strong>circumcisioncm</strong></span> <span class='ocrx_word' id='word_1_700' title='bbox 1451 1341 1494 1373; x_wconf 91' lang='lat' dir='ltr'><strong>(de</strong></span> <span class='ocrx_word' id='word_1_701' title='bbox 1506 1339 1607 1367; x_wconf 75' lang='lat' dir='ltr'><strong>Judaeis</strong></span> <span class='ocrx_word' id='word_1_702' title='bbox 1619 1339 1733 1374; x_wconf 73' lang='lat' dir='ltr'><strong>loquens</strong></span> 
     </span>
    </p>
   </div>
   <div class='ocr_carea' id='block_1_93' title="bbox 945 1384 1732 1426">
    <p class='ocr_par' dir='ltr' id='par_1_93' title="bbox 945 1384 1732 1426">
     <span class='ocr_line' id='line_1_93' title="bbox 945 1384 1732 1426; baseline -0.01 -8"><span class='ocrx_word' id='word_1_703' title='bbox 945 1391 990 1426; x_wconf 91' lang='lat' dir='ltr'><strong>qui</strong></span> <span class='ocrx_word' id='word_1_704' title='bbox 1005 1389 1238 1418; x_wconf 86' lang='lat' dir='ltr'><strong>circumciduntur</strong></span> <span class='ocrx_word' id='word_1_705' title='bbox 1257 1388 1282 1415; x_wconf 91' lang='lat' dir='ltr'><strong>in</strong></span> <span class='ocrx_word' id='word_1_706' title='bbox 1297 1387 1402 1421; x_wconf 86' lang='lat' dir='ltr'><strong>carne).</strong></span> <span class='ocrx_word' id='word_1_707' title='bbox 1415 1384 1472 1412; x_wconf 77' lang='lat' dir='ltr'><strong>Nos</strong></span> <span class='ocrx_word' id='word_1_708' title='bbox 1486 1385 1555 1412; x_wconf 76' lang='lat' dir='ltr'><strong>enim</strong></span> <span class='ocrx_word' id='word_1_709' title='bbox 1570 1393 1670 1418; x_wconf 80' lang='lat' dir='ltr'><strong>sumus,</strong></span> <span class='ocrx_word' id='word_1_710' title='bbox 1683 1384 1732 1416; x_wconf 87' lang='lat' dir='ltr'><strong>ait,</strong></span> 
     </span>
    </p>
   </div>
   <div class='ocr_carea' id='block_1_94' title="bbox 946 1429 1733 1470">
    <p class='ocr_par' dir='ltr' id='par_1_94' title="bbox 946 1429 1733 1470">
     <span class='ocr_line' id='line_1_94' title="bbox 946 1429 1733 1470; baseline -0.01 -7"><span class='ocrx_word' id='word_1_711' title='bbox 946 1435 1124 1468; x_wconf 81' lang='lat' dir='ltr'><strong>circumcisio,</strong></span> <span class='ocrx_word' id='word_1_712' title='bbox 1147 1435 1195 1470; x_wconf 80' lang='lat' dir='ltr'><strong>qui</strong></span> <span class='ocrx_word' id='word_1_713' title='bbox 1221 1433 1317 1467; x_wconf 71' lang='lat' dir='ltr'><strong>spiritu</strong></span> <span class='ocrx_word' id='word_1_714' title='bbox 1343 1432 1395 1459; x_wconf 73' lang='lat' dir='ltr'><strong>Dra</strong></span> <span class='ocrx_word' id='word_1_715' title='bbox 1421 1433 1560 1463; x_wconf 75' lang='lat' dir='ltr'><strong>seri-imus,</strong></span> <span class='ocrx_word' id='word_1_716' title='bbox 1584 1435 1607 1457; x_wconf 90' lang='lat' dir='ltr'><strong>et</strong></span> <span class='ocrx_word' id='word_1_717' title='bbox 1627 1438 1679 1456; x_wconf 86' lang='lat' dir='ltr'><strong>non</strong></span> <span class='ocrx_word' id='word_1_718' title='bbox 1706 1429 1733 1455; x_wconf 85' lang='lat' dir='ltr'><strong>in</strong></span> 
     </span>
    </p>
   </div>
   <div class='ocr_carea' id='block_1_95' title="bbox 947 1475 1735 1516">
    <p class='ocr_par' dir='ltr' id='par_1_95' title="bbox 947 1475 1735 1516">
     <span class='ocr_line' id='line_1_95' title="bbox 947 1475 1735 1516; baseline -0.011 -7"><span class='ocrx_word' id='word_1_719' title='bbox 947 1490 1026 1510; x_wconf 87' lang='lat' dir='ltr'><strong>carne</strong></span> <span class='ocrx_word' id='word_1_720' title='bbox 1041 1481 1168 1516; x_wconf 76' lang='lat' dir='ltr'><strong>ﬁduciam</strong></span> <span class='ocrx_word' id='word_1_721' title='bbox 1188 1480 1324 1506; x_wconf 77' lang='lat' dir='ltr'><strong>habemur.</strong></span> <span class='ocrx_word' id='word_1_722' title='bbox 1343 1477 1404 1504; x_wconf 55' lang='lat' dir='ltr'><strong>[late</strong></span> <span class='ocrx_word' id='word_1_723' title='bbox 1422 1484 1473 1503; x_wconf 89' lang='lat' dir='ltr'><strong>una</strong></span> <span class='ocrx_word' id='word_1_724' title='bbox 1487 1475 1561 1503; x_wconf 85' lang='lat' dir='ltr'><strong>Pauli</strong></span> <span class='ocrx_word' id='word_1_725' title='bbox 1574 1475 1607 1502; x_wconf 88' lang='lat' dir='ltr'><strong>de</strong></span> <span class='ocrx_word' id='word_1_726' title='bbox 1621 1475 1735 1502; x_wconf 89' lang='lat' dir='ltr'><strong>circum-</strong></span> 
     </span>
    </p>
   </div>
   <div class='ocr_carea' id='block_1_96' title="bbox 949 1519 1734 1555">
    <p class='ocr_par' dir='ltr' id='par_1_96' title="bbox 949 1519 1734 1555">
     <span class='ocr_line' id='line_1_96' title="bbox 949 1519 1734 1555; baseline -0.01 -1"><span class='ocrx_word' id='word_1_727' title='bbox 949 1527 1053 1555; x_wconf 86' lang='lat' dir='ltr'><strong>cisione</strong></span> <span class='ocrx_word' id='word_1_728' title='bbox 1067 1524 1216 1553; x_wconf 88' lang='lat' dir='ltr'><strong>sententia.</strong></span> <span class='ocrx_word' id='word_1_729' title='bbox 1234 1523 1303 1551; x_wconf 86' lang='lat' dir='ltr'><strong>Audi</strong></span> <span class='ocrx_word' id='word_1_730' title='bbox 1324 1527 1352 1550; x_wconf 88' lang='lat' dir='ltr'><strong>et</strong></span> <span class='ocrx_word' id='word_1_731' title='bbox 1367 1521 1445 1548; x_wconf 87' lang='lat' dir='ltr'><strong>aliam</strong></span> <span class='ocrx_word' id='word_1_732' title='bbox 1462 1521 1486 1537; x_wconf 89' lang='lat'><strong>&quot;</strong></span> <span class='ocrx_word' id='word_1_733' title='bbox 1504 1530 1510 1547; x_wconf 88' lang='lat'>:</span> <span class='ocrx_word' id='word_1_734' title='bbox 1533 1519 1594 1546; x_wconf 88' lang='lat' dir='ltr'><strong>Non</strong></span> <span class='ocrx_word' id='word_1_735' title='bbox 1610 1520 1676 1546; x_wconf 84' lang='lat' dir='ltr'><strong>enim</strong></span> <span class='ocrx_word' id='word_1_736' title='bbox 1688 1520 1734 1551; x_wconf 73' lang='lat' dir='ltr'><strong>qui</strong></span> 
     </span>
    </p>
   </div>
   <div class='ocr_carea' id='block_1_97' title="bbox 950 1565 1734 1605">
    <p class='ocr_par' dir='ltr' id='par_1_97' title="bbox 950 1565 1734 1605">
     <span class='ocr_line' id='line_1_97' title="bbox 950 1565 1734 1605; baseline -0.01 -6"><span class='ocrx_word' id='word_1_737' title='bbox 950 1572 978 1599; x_wconf 89' lang='lat' dir='ltr'><strong>in</strong></span> <span class='ocrx_word' id='word_1_738' title='bbox 993 1571 1134 1605; x_wconf 70' lang='lat' dir='ltr'><strong>manifesto</strong></span> <span class='ocrx_word' id='word_1_739' title='bbox 1153 1569 1264 1597; x_wconf 70' lang='lat' dir='ltr'><strong>ludant:</strong></span> <span class='ocrx_word' id='word_1_740' title='bbox 1285 1574 1335 1601; x_wconf 76' lang='lat' dir='ltr'><strong>est,</strong></span> <span class='ocrx_word' id='word_1_741' title='bbox 1354 1567 1457 1603; x_wconf 82' lang='lat' dir='ltr'><strong>inquit,</strong></span> <span class='ocrx_word' id='word_1_742' title='bbox 1479 1575 1559 1602; x_wconf 85' lang='lat' dir='ltr'><strong>neque</strong></span> <span class='ocrx_word' id='word_1_743' title='bbox 1573 1574 1632 1601; x_wconf 67' lang='lat' dir='ltr'><strong>quae</strong></span> <span class='ocrx_word' id='word_1_744' title='bbox 1648 1565 1734 1592; x_wconf 88' lang='lat' dir='ltr'><strong>mani-</strong></span> 
     </span>
    </p>
   </div>
   <div class='ocr_carea' id='block_1_98' title="bbox 949 1610 1735 1652">
    <p class='ocr_par' dir='ltr' id='par_1_98' title="bbox 949 1610 1735 1652">
     <span class='ocr_line' id='line_1_98' title="bbox 949 1610 1735 1652; baseline -0.011 -7"><span class='ocrx_word' id='word_1_745' title='bbox 949 1618 1014 1652; x_wconf 72' lang='lat' dir='ltr'><strong>feste</strong></span> <span class='ocrx_word' id='word_1_746' title='bbox 1024 1623 1062 1644; x_wconf 83' lang='lat' dir='ltr'><strong>est</strong></span> <span class='ocrx_word' id='word_1_747' title='bbox 1089 1618 1115 1644; x_wconf 91' lang='lat' dir='ltr'><strong>in</strong></span> <span class='ocrx_word' id='word_1_748' title='bbox 1139 1624 1216 1643; x_wconf 86' lang='lat' dir='ltr'><strong>carne</strong></span> <span class='ocrx_word' id='word_1_749' title='bbox 1243 1613 1425 1646; x_wconf 69' lang='lat' dir='ltr'><strong>circumcisio,</strong></span> <span class='ocrx_word' id='word_1_750' title='bbox 1453 1613 1500 1640; x_wconf 69' lang='lat' dir='ltr'><strong>sed</strong></span> <span class='ocrx_word' id='word_1_751' title='bbox 1522 1612 1567 1647; x_wconf 88' lang='lat' dir='ltr'><strong>qui</strong></span> <span class='ocrx_word' id='word_1_752' title='bbox 1586 1613 1612 1638; x_wconf 91' lang='lat' dir='ltr'><strong>in</strong></span> <span class='ocrx_word' id='word_1_753' title='bbox 1634 1610 1735 1638; x_wconf 73' lang='lat' dir='ltr'><strong>occulto</strong></span> 
     </span>
    </p>
   </div>
   <div class='ocr_carea' id='block_1_99' title="bbox 949 1657 1734 1692">
    <p class='ocr_par' dir='ltr' id='par_1_99' title="bbox 949 1657 1734 1692">
     <span class='ocr_line' id='line_1_99' title="bbox 949 1657 1734 1692; baseline -0.01 -2"><span class='ocrx_word' id='word_1_754' title='bbox 949 1663 1059 1690; x_wconf 65' lang='lat' dir='ltr'><strong>ludam:</strong></span> <span class='ocrx_word' id='word_1_755' title='bbox 1076 1662 1273 1688; x_wconf 78' lang='lat' dir='ltr'><strong>circumcinane</strong></span> <span class='ocrx_word' id='word_1_756' title='bbox 1286 1660 1385 1691; x_wconf 76' lang='lat' dir='ltr'><strong>cordis,</strong></span> <span class='ocrx_word' id='word_1_757' title='bbox 1401 1659 1428 1685; x_wconf 90' lang='lat' dir='ltr'><strong>in</strong></span> <span class='ocrx_word' id='word_1_758' title='bbox 1444 1658 1551 1692; x_wconf 77' lang='lat' dir='ltr'><strong>spiritu,</strong></span> <span class='ocrx_word' id='word_1_759' title='bbox 1568 1665 1619 1684; x_wconf 87' lang='lat' dir='ltr'><strong>non</strong></span> <span class='ocrx_word' id='word_1_760' title='bbox 1635 1657 1734 1683; x_wconf 84' lang='lat' dir='ltr'><strong>littera.</strong></span> 
     </span>
    </p>
   </div>
   <div class='ocr_carea' id='block_1_100' title="bbox 952 1703 1734 1743">
    <p class='ocr_par' dir='ltr' id='par_1_100' title="bbox 952 1703 1734 1743">
     <span class='ocr_line' id='line_1_100' title="bbox 952 1703 1734 1743; baseline -0.009 -8"><span class='ocrx_word' id='word_1_761' title='bbox 952 1708 1009 1736; x_wconf 76' lang='lat' dir='ltr'><strong>Non</strong></span> <span class='ocrx_word' id='word_1_762' title='bbox 1025 1708 1072 1735; x_wconf 89' lang='lat' dir='ltr'><strong>tibi</strong></span> <span class='ocrx_word' id='word_1_763' title='bbox 1092 1707 1201 1743; x_wconf 75' lang='lat' dir='ltr'><strong>dignius</strong></span> <span class='ocrx_word' id='word_1_764' title='bbox 1216 1706 1322 1734; x_wconf 82' lang='lat' dir='ltr'><strong>videtur</strong></span> <span class='ocrx_word' id='word_1_765' title='bbox 1345 1705 1407 1732; x_wconf 85' lang='lat' dir='ltr'><strong>talis</strong></span> <span class='ocrx_word' id='word_1_766' title='bbox 1429 1703 1603 1732; x_wconf 86' lang='lat' dir='ltr'><strong>circumcisio</strong></span> <span class='ocrx_word' id='word_1_767' title='bbox 1621 1703 1734 1730; x_wconf 80' lang='lat' dir='ltr'><strong>dicenda</strong></span> 
     </span>
    </p>
   </div>
   <div class='ocr_carea' id='block_1_101' title="bbox 951 1747 1737 1786">
    <p class='ocr_par' dir='ltr' id='par_1_101' title="bbox 951 1747 1737 1786">
     <span class='ocr_line' id='line_1_101' title="bbox 951 1747 1737 1786; baseline -0.009 -6"><span class='ocrx_word' id='word_1_768' title='bbox 951 1754 977 1780; x_wconf 93' lang='lat' dir='ltr'><strong>in</strong></span> <span class='ocrx_word' id='word_1_769' title='bbox 994 1754 1105 1786; x_wconf 84' lang='lat' dir='ltr'><strong>sanctis,</strong></span> <span class='ocrx_word' id='word_1_770' title='bbox 1121 1757 1148 1780; x_wconf 89' lang='lat' dir='ltr'><strong>et</strong></span> <span class='ocrx_word' id='word_1_771' title='bbox 1165 1751 1261 1779; x_wconf 85' lang='lat' dir='ltr'><strong>amicis</strong></span> <span class='ocrx_word' id='word_1_772' title='bbox 1276 1751 1333 1782; x_wconf 87' lang='lat' dir='ltr'><strong>Dei,</strong></span> <span class='ocrx_word' id='word_1_773' title='bbox 1346 1758 1426 1785; x_wconf 85' lang='lat' dir='ltr'><strong>quant</strong></span> <span class='ocrx_word' id='word_1_774' title='bbox 1439 1749 1530 1777; x_wconf 73' lang='lat' dir='ltr'><strong>carnis</strong></span> <span class='ocrx_word' id='word_1_775' title='bbox 1543 1747 1737 1776; x_wconf 74' lang='lat' dir='ltr'><strong>obtruncatioi</strong></span> 
     </span>
    </p>
   </div>
   <div class='ocr_carea' id='block_1_102' title="bbox 950 1793 1737 1827">
    <p class='ocr_par' dir='ltr' id='par_1_102' title="bbox 950 1793 1737 1827">
     <span class='ocr_line' id='line_1_102' title="bbox 950 1793 1737 1827; baseline -0.01 0"><span class='ocrx_word' id='word_1_776' title='bbox 950 1799 1004 1827; x_wconf 87' lang='lat' dir='ltr'><strong>Sed</strong></span> <span class='ocrx_word' id='word_1_777' title='bbox 1026 1798 1160 1826; x_wconf 83' lang='lat' dir='ltr'><strong>sermonis</strong></span> <span class='ocrx_word' id='word_1_778' title='bbox 1178 1797 1285 1824; x_wconf 86' lang='lat' dir='ltr'><strong>novitas</strong></span> <span class='ocrx_word' id='word_1_779' title='bbox 1309 1797 1425 1824; x_wconf 76' lang='lat' dir='ltr'><strong>fortasse</strong></span> <span class='ocrx_word' id='word_1_780' title='bbox 1439 1803 1491 1822; x_wconf 81' lang='lat' dir='ltr'><strong>non</strong></span> <span class='ocrx_word' id='word_1_781' title='bbox 1511 1794 1598 1822; x_wconf 89' lang='lat' dir='ltr'><strong>solum</strong></span> <span class='ocrx_word' id='word_1_782' title='bbox 1617 1793 1737 1823; x_wconf 71' lang='lat' dir='ltr'><strong>Judtcos.</strong></span> 
     </span>
    </p>
   </div>
   <div class='ocr_carea' id='block_1_103' title="bbox 952 1839 1737 1879">
    <p class='ocr_par' dir='ltr' id='par_1_103' title="bbox 952 1839 1737 1879">
     <span class='ocr_line' id='line_1_103' title="bbox 952 1839 1737 1879; baseline -0.009 -7"><span class='ocrx_word' id='word_1_783' title='bbox 952 1844 999 1872; x_wconf 89' lang='lat' dir='ltr'><strong>sed</strong></span> <span class='ocrx_word' id='word_1_784' title='bbox 1028 1845 1110 1872; x_wconf 83' lang='lat' dir='ltr'><strong>etiam</strong></span> <span class='ocrx_word' id='word_1_785' title='bbox 1132 1843 1237 1879; x_wconf 86' lang='lat' dir='ltr'><strong>aliquos</strong></span> <span class='ocrx_word' id='word_1_786' title='bbox 1264 1843 1378 1869; x_wconf 83' lang='lat' dir='ltr'><strong>fratrum</strong></span> <span class='ocrx_word' id='word_1_787' title='bbox 1409 1847 1568 1868; x_wconf 83' lang='lat' dir='ltr'><strong>nostrorum</strong></span> <span class='ocrx_word' id='word_1_788' title='bbox 1589 1839 1737 1867; x_wconf 83' lang='lat' dir='ltr'><strong>deterreat.</strong></span> 
     </span>
    </p>
   </div>
   <div class='ocr_carea' id='block_1_104' title="bbox 952 1885 1736 1925">
    <p class='ocr_par' dir='ltr' id='par_1_104' title="bbox 952 1885 1736 1925">
     <span class='ocr_line' id='line_1_104' title="bbox 952 1885 1736 1925; baseline -0.009 -8"><span class='ocrx_word' id='word_1_789' title='bbox 952 1889 1132 1925; x_wconf 87' lang='lat' dir='ltr'><strong>lmpossibilia</strong></span> <span class='ocrx_word' id='word_1_790' title='bbox 1153 1889 1226 1916; x_wconf 85' lang='lat' dir='ltr'><strong>enim</strong></span> <span class='ocrx_word' id='word_1_791' title='bbox 1240 1889 1346 1915; x_wconf 86' lang='lat' dir='ltr'><strong>videtur</strong></span> <span class='ocrx_word' id='word_1_792' title='bbox 1371 1887 1469 1913; x_wconf 81' lang='lat' dir='ltr'><strong>Paulus</strong></span> <span class='ocrx_word' id='word_1_793' title='bbox 1483 1892 1660 1920; x_wconf 66' lang='lat' dir='ltr'><strong>praesumere,</strong></span> <span class='ocrx_word' id='word_1_794' title='bbox 1691 1885 1736 1918; x_wconf 79' lang='lat' dir='ltr'><strong>qui</strong></span> 
     </span>
    </p>
   </div>
   <div class='ocr_carea' id='block_1_105' title="bbox 952 1931 1736 1966">
    <p class='ocr_par' dir='ltr' id='par_1_105' title="bbox 952 1931 1736 1966">
     <span class='ocr_line' id='line_1_105' title="bbox 952 1931 1736 1966; baseline -0.006 -4"><span class='ocrx_word' id='word_1_795' title='bbox 952 1934 1189 1963; x_wconf 69' lang='lat' dir='ltr'><strong>circumeisiomem</strong></span> <span class='ocrx_word' id='word_1_796' title='bbox 1199 1933 1289 1960; x_wconf 85' lang='lat' dir='ltr'><strong>cordis</strong></span> <span class='ocrx_word' id='word_1_797' title='bbox 1303 1933 1418 1960; x_wconf 72' lang='lat' dir='ltr'><strong>indui-it.</strong></span> <span class='ocrx_word' id='word_1_798' title='bbox 1436 1932 1579 1966; x_wconf 83' lang='lat' dir='ltr'><strong>Quomodo</strong></span> <span class='ocrx_word' id='word_1_799' title='bbox 1590 1931 1661 1958; x_wconf 90' lang='lat' dir='ltr'><strong>enim</strong></span> <span class='ocrx_word' id='word_1_800' title='bbox 1679 1931 1736 1958; x_wconf 75' lang='lat' dir='ltr'><strong>fieri</strong></span> 
     </span>
    </p>
   </div>
   <div class='ocr_carea' id='block_1_106' title="bbox 953 1977 1738 2016">
    <p class='ocr_par' dir='ltr' id='par_1_106' title="bbox 953 1977 1738 2016">
     <span class='ocr_line' id='line_1_106' title="bbox 953 1977 1738 2016; baseline -0.006 -9"><span class='ocrx_word' id='word_1_801' title='bbox 953 1979 1057 2016; x_wconf 83' lang='lat' dir='ltr'><strong>poterit</strong></span> <span class='ocrx_word' id='word_1_802' title='bbox 1072 1984 1102 2006; x_wconf 93' lang='lat' dir='ltr'><strong>ut</strong></span> <span class='ocrx_word' id='word_1_803' title='bbox 1118 1978 1329 2007; x_wconf 87' lang='lat' dir='ltr'><strong>circumcidatur</strong></span> <span class='ocrx_word' id='word_1_804' title='bbox 1346 1979 1509 2010; x_wconf 86' lang='lat' dir='ltr'><strong>membrum,</strong></span> <span class='ocrx_word' id='word_1_805' title='bbox 1532 1977 1604 2012; x_wconf 81' lang='lat' dir='ltr'><strong>quod</strong></span> <span class='ocrx_word' id='word_1_806' title='bbox 1624 1977 1738 2004; x_wconf 82' lang='lat' dir='ltr'><strong>internis</strong></span> 
     </span>
    </p>
   </div>
   <div class='ocr_carea' id='block_1_107' title="bbox 954 2021 1740 2057">
    <p class='ocr_par' dir='ltr' id='par_1_107' title="bbox 954 2021 1740 2057">
     <span class='ocr_line' id='line_1_107' title="bbox 954 2021 1740 2057; baseline -0.003 -7"><span class='ocrx_word' id='word_1_807' title='bbox 954 2025 1105 2052; x_wconf 83' lang='lat' dir='ltr'><strong>visceribus</strong></span> <span class='ocrx_word' id='word_1_808' title='bbox 1114 2024 1264 2055; x_wconf 82' lang='lat' dir='ltr'><strong>obtectum,</strong></span> <span class='ocrx_word' id='word_1_809' title='bbox 1277 2023 1358 2050; x_wconf 85' lang='lat' dir='ltr'><strong>ctiam</strong></span> <span class='ocrx_word' id='word_1_810' title='bbox 1370 2021 1559 2057; x_wconf 84' lang='lat' dir='ltr'><strong>conspectibus</strong></span> <span class='ocrx_word' id='word_1_811' title='bbox 1573 2022 1638 2057; x_wconf 81' lang='lat' dir='ltr'><strong>ipsis</strong></span> <span class='ocrx_word' id='word_1_812' title='bbox 1653 2021 1740 2049; x_wconf 87' lang='lat' dir='ltr'><strong>homi-</strong></span> 
     </span>
    </p>
   </div>
   <div class='ocr_carea' id='block_1_108' title="bbox 954 2069 1740 2104">
    <p class='ocr_par' dir='ltr' id='par_1_108' title="bbox 954 2069 1740 2104">
     <span class='ocr_line' id='line_1_108' title="bbox 954 2069 1740 2104; baseline -0.004 -6"><span class='ocrx_word' id='word_1_813' title='bbox 954 2079 1017 2098; x_wconf 96' lang='lat' dir='ltr'><strong>num</strong></span> <span class='ocrx_word' id='word_1_814' title='bbox 1032 2070 1118 2097; x_wconf 68' lang='lat' dir='ltr'><strong>laiet?</strong></span> <span class='ocrx_word' id='word_1_815' title='bbox 1132 2069 1285 2097; x_wconf 72' lang='lat' dir='ltr'><strong>Redeamus</strong></span> <span class='ocrx_word' id='word_1_816' title='bbox 1308 2077 1373 2104; x_wconf 82' lang='lat' dir='ltr'><strong>ergo</strong></span> <span class='ocrx_word' id='word_1_817' title='bbox 1399 2070 1432 2096; x_wconf 84' lang='lat' dir='ltr'><strong>ad</strong></span> <span class='ocrx_word' id='word_1_818' title='bbox 1457 2069 1630 2104; x_wconf 86' lang='lat' dir='ltr'><strong>proplteticas</strong></span> <span class='ocrx_word' id='word_1_819' title='bbox 1648 2075 1740 2100; x_wconf 86' lang='lat' dir='ltr'><strong>voces,</strong></span> 
     </span>
    </p>
   </div>
   <div class='ocr_carea' id='block_1_109' title="bbox 955 2113 1739 2150">
    <p class='ocr_par' dir='ltr' id='par_1_109' title="bbox 955 2113 1739 2150">
     <span class='ocr_line' id='line_1_109' title="bbox 955 2113 1739 2150; baseline -0.006 -6"><span class='ocrx_word' id='word_1_820' title='bbox 955 2122 983 2144; x_wconf 89' lang='lat' dir='ltr'><strong>ut</strong></span> <span class='ocrx_word' id='word_1_821' title='bbox 998 2117 1142 2144; x_wconf 82' lang='lat' dir='ltr'><strong>orantibus</strong></span> <span class='ocrx_word' id='word_1_822' title='bbox 1158 2116 1235 2143; x_wconf 85' lang='lat' dir='ltr'><strong>vobis</strong></span> <span class='ocrx_word' id='word_1_823' title='bbox 1252 2116 1308 2143; x_wconf 64' lang='lat' dir='ltr'><strong>haec</strong></span> <span class='ocrx_word' id='word_1_824' title='bbox 1324 2116 1356 2142; x_wconf 85' lang='lat' dir='ltr'><strong>de</strong></span> <span class='ocrx_word' id='word_1_825' title='bbox 1380 2115 1478 2150; x_wconf 90' lang='lat' dir='ltr'><strong>quibus</strong></span> <span class='ocrx_word' id='word_1_826' title='bbox 1499 2113 1656 2149; x_wconf 66' lang='lat' dir='ltr'><strong>qumrimus,</strong></span> <span class='ocrx_word' id='word_1_827' title='bbox 1677 2113 1739 2140; x_wconf 83' lang='lat' dir='ltr'><strong>inde</strong></span> 
     </span>
    </p>
   </div>
   <div class='ocr_carea' id='block_1_110' title="bbox 953 2159 1740 2195">
    <p class='ocr_par' dir='ltr' id='par_1_110' title="bbox 953 2159 1740 2195">
     <span class='ocr_line' id='line_1_110' title="bbox 953 2159 1740 2195; baseline -0.006 -6"><span class='ocrx_word' id='word_1_828' title='bbox 953 2163 1115 2190; x_wconf 81' lang='lat' dir='ltr'><strong>clarescant.</strong></span> <span class='ocrx_word' id='word_1_829' title='bbox 1138 2161 1262 2189; x_wconf 77' lang='lat' dir='ltr'><strong>Ezechiel</strong></span> <span class='ocrx_word' id='word_1_830' title='bbox 1279 2162 1410 2195; x_wconf 82' lang='lat' dir='ltr'><strong>propheta</strong></span> <span class='ocrx_word' id='word_1_831' title='bbox 1429 2161 1496 2188; x_wconf 86' lang='lat' dir='ltr'><strong>dicit</strong></span> <span class='ocrx_word' id='word_1_832' title='bbox 1506 2160 1528 2176; x_wconf 73' lang='grc'><strong>⁸⁷</strong></span> <span class='ocrx_word' id='word_1_833' title='bbox 1543 2167 1550 2187; x_wconf 89' lang='lat'><strong>:</strong></span> <span class='ocrx_word' id='word_1_834' title='bbox 1567 2159 1658 2187; x_wconf 81' lang='lat' dir='ltr'><strong>Omnis</strong></span> <span class='ocrx_word' id='word_1_835' title='bbox 1673 2159 1740 2185; x_wconf 81' lang='lat' dir='ltr'><strong>alie-</strong></span> 
     </span>
    </p>
   </div>
   <div class='ocr_carea' id='block_1_111' title="bbox 955 2205 1740 2243">
    <p class='ocr_par' dir='ltr' id='par_1_111' title="bbox 955 2205 1740 2243">
     <span class='ocr_line' id='line_1_111' title="bbox 955 2205 1740 2243; baseline -0.005 -8"><span class='ocrx_word' id='word_1_836' title='bbox 955 2209 1048 2243; x_wconf 79' lang='lat' dir='ltr'><strong>nigena</strong></span> <span class='ocrx_word' id='word_1_837' title='bbox 1061 2208 1260 2234; x_wconf 74' lang='lat' dir='ltr'><strong>incircumcisus</strong></span> <span class='ocrx_word' id='word_1_838' title='bbox 1280 2208 1368 2238; x_wconf 83' lang='lat' dir='ltr'><strong>corde,</strong></span> <span class='ocrx_word' id='word_1_839' title='bbox 1390 2211 1415 2233; x_wconf 80' lang='lat' dir='ltr'><strong>et</strong></span> <span class='ocrx_word' id='word_1_840' title='bbox 1432 2205 1631 2232; x_wconf 77' lang='lat' dir='ltr'><strong>incircumcisue</strong></span> <span class='ocrx_word' id='word_1_841' title='bbox 1648 2213 1740 2236; x_wconf 79' lang='lat' dir='ltr'><strong>carm.</strong></span> 
     </span>
    </p>
   </div>
   <div class='ocr_carea' id='block_1_112' title="bbox 954 2249 1741 2279">
    <p class='ocr_par' dir='ltr' id='par_1_112' title="bbox 954 2249 1741 2279">
     <span class='ocr_line' id='line_1_112' title="bbox 954 2249 1741 2279; baseline -0.006 0"><span class='ocrx_word' id='word_1_842' title='bbox 954 2260 1006 2279; x_wconf 89' lang='lat' dir='ltr'><strong>non</strong></span> <span class='ocrx_word' id='word_1_843' title='bbox 1024 2252 1144 2279; x_wconf 81' lang='lat' dir='ltr'><strong>introibit</strong></span> <span class='ocrx_word' id='word_1_844' title='bbox 1169 2252 1196 2278; x_wconf 87' lang='lat' dir='ltr'><strong>in</strong></span> <span class='ocrx_word' id='word_1_845' title='bbox 1220 2256 1313 2278; x_wconf 67' lang='lat' dir='ltr'><strong>iuncta</strong></span> <span class='ocrx_word' id='word_1_846' title='bbox 1333 2258 1401 2278; x_wconf 85' lang='lat' dir='ltr'><strong>mea.</strong></span> <span class='ocrx_word' id='word_1_847' title='bbox 1419 2250 1452 2277; x_wconf 79' lang='lat' dir='ltr'><strong>Et</strong></span> <span class='ocrx_word' id='word_1_848' title='bbox 1472 2250 1536 2277; x_wconf 89' lang='lat' dir='ltr'><strong>item</strong></span> <span class='ocrx_word' id='word_1_849' title='bbox 1558 2250 1620 2277; x_wconf 88' lang='lat' dir='ltr'><strong>alibi</strong></span> <span class='ocrx_word' id='word_1_850' title='bbox 1642 2249 1741 2276; x_wconf 87' lang='lat' dir='ltr'><strong>nihilu-</strong></span> 
     </span>
    </p>
   </div>
   <div class='ocr_carea' id='block_1_113' title="bbox 955 2294 1741 2333">
    <p class='ocr_par' dir='ltr' id='par_1_113' title="bbox 955 2294 1741 2333">
     <span class='ocr_line' id='line_1_113' title="bbox 955 2294 1741 2333; baseline -0.006 -8"><span class='ocrx_word' id='word_1_851' title='bbox 955 2298 1044 2325; x_wconf 88' lang='lat' dir='ltr'><strong>tuituts</strong></span> <span class='ocrx_word' id='word_1_852' title='bbox 1059 2297 1230 2333; x_wconf 75' lang='lat' dir='ltr'><strong>exprobrans</strong></span> <span class='ocrx_word' id='word_1_853' title='bbox 1249 2296 1460 2332; x_wconf 74' lang='lat' dir='ltr'><strong>prophetadicit</strong></span> <span class='ocrx_word' id='word_1_854' title='bbox 1471 2295 1516 2321; x_wconf 67' lang='grc' dir='ltr'><strong>ἰι</strong></span> <span class='ocrx_word' id='word_1_855' title='bbox 1534 2294 1631 2322; x_wconf 75' lang='lat' dir='ltr'><strong>Omnes</strong></span> <span class='ocrx_word' id='word_1_856' title='bbox 1648 2294 1741 2321; x_wconf 79' lang='lat' dir='ltr'><strong>uiieui-</strong></span> 
     </span>
    </p>
   </div>
   <div class='ocr_carea' id='block_1_114' title="bbox 953 2341 1742 2379">
    <p class='ocr_par' dir='ltr' id='par_1_114' title="bbox 953 2341 1742 2379">
     <span class='ocr_line' id='line_1_114' title="bbox 953 2341 1742 2379; baseline -0.005 -9"><span class='ocrx_word' id='word_1_857' title='bbox 953 2351 1027 2379; x_wconf 68' lang='lat' dir='ltr'><strong>gena!</strong></span> <span class='ocrx_word' id='word_1_858' title='bbox 1040 2343 1218 2370; x_wconf 72' lang='lat' dir='ltr'><strong>incircumriti</strong></span> <span class='ocrx_word' id='word_1_859' title='bbox 1233 2351 1323 2376; x_wconf 81' lang='lat' dir='ltr'><strong>carne,</strong></span> <span class='ocrx_word' id='word_1_860' title='bbox 1334 2342 1386 2376; x_wconf 81' lang='lat' dir='ltr'><strong>ﬁlii</strong></span> <span class='ocrx_word' id='word_1_861' title='bbox 1397 2347 1485 2369; x_wconf 84' lang='lat' dir='ltr'><strong>autent</strong></span> <span class='ocrx_word' id='word_1_862' title='bbox 1502 2341 1588 2368; x_wconf 75' lang='lat' dir='ltr'><strong>Israel</strong></span> <span class='ocrx_word' id='word_1_863' title='bbox 1600 2341 1742 2367; x_wconf 68' lang='lat' dir='ltr'><strong>incircuuto</strong></span> 
     </span>
    </p>
   </div>
   <div class='ocr_carea' id='block_1_115' title="bbox 955 2386 1740 2424">
    <p class='ocr_par' dir='ltr' id='par_1_115' title="bbox 955 2386 1740 2424">
     <span class='ocr_line' id='line_1_115' title="bbox 955 2386 1740 2424; baseline -0.006 -8"><span class='ocrx_word' id='word_1_864' title='bbox 955 2390 1003 2417; x_wconf 70' lang='lat' dir='ltr'><strong>citi</strong></span> <span class='ocrx_word' id='word_1_865' title='bbox 1017 2391 1105 2416; x_wconf 83' lang='lat' dir='ltr'><strong>corde.</strong></span> <span class='ocrx_word' id='word_1_866' title='bbox 1121 2390 1286 2424; x_wconf 80' lang='lat' dir='ltr'><strong>Designatur</strong></span> <span class='ocrx_word' id='word_1_867' title='bbox 1308 2396 1374 2424; x_wconf 82' lang='lat' dir='ltr'><strong>ergo</strong></span> <span class='ocrx_word' id='word_1_868' title='bbox 1390 2388 1461 2423; x_wconf 91' lang='lat' dir='ltr'><strong>quod</strong></span> <span class='ocrx_word' id='word_1_869' title='bbox 1483 2387 1535 2414; x_wconf 87' lang='lat' dir='ltr'><strong>nisi</strong></span> <span class='ocrx_word' id='word_1_870' title='bbox 1547 2387 1607 2421; x_wconf 89' lang='lat' dir='ltr'><strong>quis</strong></span> <span class='ocrx_word' id='word_1_871' title='bbox 1622 2386 1740 2412; x_wconf 85' lang='lat' dir='ltr'><strong>circum-</strong></span> 
     </span>
    </p>
   </div>
   <div class='ocr_carea' id='block_1_116' title="bbox 959 2432 1743 2464">
    <p class='ocr_par' dir='ltr' id='par_1_116' title="bbox 959 2432 1743 2464">
     <span class='ocr_line' id='line_1_116' title="bbox 959 2432 1743 2464; baseline -0.006 -1"><span class='ocrx_word' id='word_1_872' title='bbox 959 2437 1032 2463; x_wconf 85' lang='lat' dir='ltr'><strong>cisus</strong></span> <span class='ocrx_word' id='word_1_873' title='bbox 1045 2436 1126 2462; x_wconf 79' lang='lat' dir='ltr'><strong>fuerit</strong></span> <span class='ocrx_word' id='word_1_874' title='bbox 1149 2436 1230 2463; x_wconf 87' lang='lat' dir='ltr'><strong>corde</strong></span> <span class='ocrx_word' id='word_1_875' title='bbox 1251 2439 1278 2462; x_wconf 91' lang='lat' dir='ltr'><strong>ct</strong></span> <span class='ocrx_word' id='word_1_876' title='bbox 1290 2435 1469 2462; x_wconf 89' lang='lat' dir='ltr'><strong>circumcisus</strong></span> <span class='ocrx_word' id='word_1_877' title='bbox 1482 2440 1643 2464; x_wconf 84' lang='lat' dir='ltr'><strong>carue,.uou</strong></span> <span class='ocrx_word' id='word_1_878' title='bbox 1659 2432 1743 2459; x_wconf 89' lang='lat' dir='ltr'><strong>intro-</strong></span> 
     </span>
    </p>
   </div>
   <div class='ocr_carea' id='block_1_117' title="bbox 957 2481 1293 2516">
    <p class='ocr_par' dir='ltr' id='par_1_117' title="bbox 957 2481 1293 2516">
     <span class='ocr_line' id='line_1_117' title="bbox 957 2481 1293 2516; baseline -0.003 -7"><span class='ocrx_word' id='word_1_879' title='bbox 957 2482 1007 2509; x_wconf 85' lang='lat' dir='ltr'><strong>ibit</strong></span> <span class='ocrx_word' id='word_1_880' title='bbox 1020 2483 1046 2508; x_wconf 89' lang='lat' dir='ltr'><strong>iu</strong></span> <span class='ocrx_word' id='word_1_881' title='bbox 1059 2486 1151 2509; x_wconf 87' lang='lat' dir='ltr'><strong>sancta</strong></span> <span class='ocrx_word' id='word_1_882' title='bbox 1166 2481 1210 2508; x_wconf 84' lang='lat' dir='ltr'><strong>Dei</strong></span> <span class='ocrx_word' id='word_1_883' title='bbox 1226 2482 1293 2516; x_wconf 83' lang='lat'><strong>(99).</strong></span> 
     </span>
    </p>
   </div>
   <div class='ocr_carea' id='block_1_118' title="bbox 991 2517 1743 2554">
    <p class='ocr_par' dir='ltr' id='par_1_118' title="bbox 991 2517 1743 2554">
     <span class='ocr_line' id='line_1_118' title="bbox 991 2517 1743 2554; baseline -0.004 -7"><span class='ocrx_word' id='word_1_884' title='bbox 991 2521 1017 2547; x_wconf 81' lang='lat'><strong>5.</strong></span> <span class='ocrx_word' id='word_1_885' title='bbox 1038 2521 1090 2548; x_wconf 82' lang='lat' dir='ltr'><strong>Sed</strong></span> <span class='ocrx_word' id='word_1_886' title='bbox 1112 2522 1222 2548; x_wconf 78' lang='lat' dir='ltr'><strong>videbor</strong></span> <span class='ocrx_word' id='word_1_887' title='bbox 1251 2521 1317 2548; x_wconf 86' lang='lat' dir='ltr'><strong>meis</strong></span> <span class='ocrx_word' id='word_1_888' title='bbox 1341 2520 1398 2554; x_wconf 84' lang='lat' dir='ltr'><strong>ipse</strong></span> <span class='ocrx_word' id='word_1_889' title='bbox 1419 2519 1526 2547; x_wconf 83' lang='lat' dir='ltr'><strong>indiciis</strong></span> <span class='ocrx_word' id='word_1_890' title='bbox 1551 2523 1658 2552; x_wconf 79' lang='lat' dir='ltr'><strong>captus.</strong></span> <span class='ocrx_word' id='word_1_891' title='bbox 1687 2517 1743 2544; x_wconf 81' lang='lat' dir='ltr'><strong>lloc</strong></span> 
     </span>
    </p>
   </div>
   <div class='ocr_carea' id='block_1_119' title="bbox 957 2563 1743 2601">
    <p class='ocr_par' dir='ltr' id='par_1_119' title="bbox 957 2563 1743 2601">
     <span class='ocr_line' id='line_1_119' title="bbox 957 2563 1743 2601; baseline -0.006 -8"><span class='ocrx_word' id='word_1_892' title='bbox 957 2568 1029 2593; x_wconf 88' lang='lat' dir='ltr'><strong>enitn</strong></span> <span class='ocrx_word' id='word_1_893' title='bbox 1049 2569 1185 2601; x_wconf 66' lang='lat' dir='ltr'><strong>prophetat</strong></span> <span class='ocrx_word' id='word_1_894' title='bbox 1198 2566 1354 2594; x_wconf 86' lang='lat' dir='ltr'><strong>testimonio</strong></span> <span class='ocrx_word' id='word_1_895' title='bbox 1368 2565 1500 2592; x_wconf 89' lang='lat' dir='ltr'><strong>continuo</strong></span> <span class='ocrx_word' id='word_1_896' title='bbox 1519 2563 1686 2598; x_wconf 84' lang='lat' dir='ltr'><strong>constringet</strong></span> <span class='ocrx_word' id='word_1_897' title='bbox 1701 2570 1743 2589; x_wconf 88' lang='lat' dir='ltr'><strong>me</strong></span> 
     </span>
    </p>
   </div>
   <div class='ocr_carea' id='block_1_120' title="bbox 957 2609 1744 2646">
    <p class='ocr_par' dir='ltr' id='par_1_120' title="bbox 957 2609 1744 2646">
     <span class='ocr_line' id='line_1_120' title="bbox 957 2609 1744 2646; baseline -0.008 -6"><span class='ocrx_word' id='word_1_898' title='bbox 957 2613 1077 2645; x_wconf 73' lang='lat' dir='ltr'><strong>.ltulacus,</strong></span> <span class='ocrx_word' id='word_1_899' title='bbox 1098 2618 1124 2639; x_wconf 88' lang='lat' dir='ltr'><strong>ct</strong></span> <span class='ocrx_word' id='word_1_900' title='bbox 1139 2613 1210 2639; x_wconf 70' lang='lat' dir='ltr'><strong>dicet</strong></span> <span class='ocrx_word' id='word_1_901' title='bbox 1226 2621 1233 2638; x_wconf 74' lang='grc' dir='ltr'>ί</span> <span class='ocrx_word' id='word_1_902' title='bbox 1248 2611 1317 2639; x_wconf 82' lang='lat' dir='ltr'><strong>Ecce</strong></span> <span class='ocrx_word' id='word_1_903' title='bbox 1331 2611 1462 2646; x_wconf 86' lang='lat' dir='ltr'><strong>propheta</strong></span> <span class='ocrx_word' id='word_1_904' title='bbox 1473 2616 1615 2644; x_wconf 81' lang='lat' dir='ltr'><strong>utramque</strong></span> <span class='ocrx_word' id='word_1_905' title='bbox 1628 2609 1744 2636; x_wconf 85' lang='lat' dir='ltr'><strong>circum-</strong></span> 
     </span>
    </p>
   </div>
   <div class='ocr_carea' id='block_1_121' title="bbox 1427 2680 1742 2713">
    <p class='ocr_par' dir='ltr' id='par_1_121' title="bbox 1427 2680 1742 2713">
     <span class='ocr_line' id='line_1_121' title="bbox 1427 2680 1742 2713; baseline -0.006 -5"><span class='ocrx_word' id='word_1_906' title='bbox 1427 2681 1449 2697; x_wconf 74' lang='lat'>&quot;</span> <span class='ocrx_word' id='word_1_907' title='bbox 1469 2681 1541 2709; x_wconf 78' lang='lat' dir='ltr'><strong>Psal.</strong></span> <span class='ocrx_word' id='word_1_908' title='bbox 1556 2687 1687 2713; x_wconf 75' lang='lat' dir='ltr'><strong>cxxxvut,</strong></span> <span class='ocrx_word' id='word_1_909' title='bbox 1701 2680 1742 2709; x_wconf 73' lang='lat'><strong>1.7.</strong></span> 
     </span>
    </p>
   </div>
   <div class='ocr_carea' id='block_1_122' title="bbox 1048 2718 1258 2750">
    <p class='ocr_par' dir='ltr' id='par_1_122' title="bbox 1048 2718 1258 2750">
     <span class='ocr_line' id='line_1_122' title="bbox 1048 2718 1258 2750; baseline -0.01 -4"><span class='ocrx_word' id='word_1_910' title='bbox 1048 2721 1069 2735; x_wconf 62' lang='lat'><strong>9&quot;</strong></span> <span class='ocrx_word' id='word_1_911' title='bbox 1085 2718 1142 2746; x_wconf 80' lang='lat' dir='ltr'><strong>Jcr.</strong></span> <span class='ocrx_word' id='word_1_912' title='bbox 1159 2726 1197 2750; x_wconf 81' lang='lat' dir='ltr'><strong>Ix,</strong></span> <span class='ocrx_word' id='word_1_913' title='bbox 1213 2718 1258 2744; x_wconf 74' lang='lat'><strong>26.</strong></span> 
     </span>
    </p>
   </div>
   <div class='ocr_carea' id='block_1_123' title="bbox 958 2777 1744 2808">
    <p class='ocr_par' dir='ltr' id='par_1_123' title="bbox 958 2777 1744 2808">
     <span class='ocr_line' id='line_1_123' title="bbox 958 2777 1744 2808; baseline -0.006 -1"><span class='ocrx_word' id='word_1_914' title='bbox 958 2781 1156 2808; x_wconf 75' lang='lat' dir='ltr'><strong>iucircumcistu</strong></span> <span class='ocrx_word' id='word_1_915' title='bbox 1187 2779 1264 2805; x_wconf 81' lang='lat' dir='ltr'><strong>corde</strong></span> <span class='ocrx_word' id='word_1_916' title='bbox 1292 2782 1316 2805; x_wconf 82' lang='lat' dir='ltr'><strong>et</strong></span> <span class='ocrx_word' id='word_1_917' title='bbox 1350 2777 1548 2804; x_wconf 75' lang='lat' dir='ltr'><strong>incircumcisut</strong></span> <span class='ocrx_word' id='word_1_918' title='bbox 1579 2784 1657 2803; x_wconf 82' lang='lat' dir='ltr'><strong>carne</strong></span> <span class='ocrx_word' id='word_1_919' title='bbox 1693 2784 1744 2802; x_wconf 82' lang='lat' dir='ltr'><strong>non</strong></span> 
     </span>
    </p>
   </div>
   <div class='ocr_carea' id='block_1_124' title="bbox 959 2813 1706 2846">
    <p class='ocr_par' dir='ltr' id='par_1_124' title="bbox 959 2813 1706 2846">
     <span class='ocr_line' id='line_1_124' title="bbox 959 2813 1706 2846; baseline -0.005 -4"><span class='ocrx_word' id='word_1_920' title='bbox 959 2817 1075 2844; x_wconf 80' lang='lat' dir='ltr'><strong>introibit</strong></span> <span class='ocrx_word' id='word_1_921' title='bbox 1093 2816 1119 2843; x_wconf 88' lang='lat' dir='ltr'><strong>in</strong></span> <span class='ocrx_word' id='word_1_922' title='bbox 1132 2820 1222 2844; x_wconf 69' lang='lat' dir='ltr'><strong>sancta</strong></span> <span class='ocrx_word' id='word_1_923' title='bbox 1240 2813 1298 2842; x_wconf 73' lang='lat' dir='ltr'><strong>Dei.</strong></span> <span class='ocrx_word' id='word_1_924' title='bbox 1317 2813 1369 2842; x_wconf 81' lang='lat' dir='ltr'><strong>Sed</strong></span> <span class='ocrx_word' id='word_1_925' title='bbox 1386 2813 1474 2840; x_wconf 78' lang='lat' dir='ltr'><strong>videor</strong></span> <span class='ocrx_word' id='word_1_926' title='bbox 1493 2813 1556 2840; x_wconf 62' lang='lat' dir='ltr'><strong>meis</strong></span> <span class='ocrx_word' id='word_1_927' title='bbox 1570 2813 1634 2846; x_wconf 67' lang='lat' dir='ltr'><strong>inte,</strong></span> <span class='ocrx_word' id='word_1_928' title='bbox 1652 2815 1706 2838; x_wconf 69' lang='grc' dir='ltr'><strong>εις.</strong></span> 
     </span>
    </p>
   </div>
  </div>
