  <div class='ocr_page' id='page_1' title='image "/cluster/home/n/w/nwhite01/storage/ocr_20150623/12/njp.32101077772422/117.png"; bbox 0 0 1902 3065; ppageno 0'>
   <div class='ocr_carea' id='block_1_1' title="bbox 172 122 227 152">
    <p class='ocr_par' dir='ltr' id='par_1_1' title="bbox 172 122 227 152">
     <span class='ocr_line' id='line_1_1' title="bbox 172 122 227 152; baseline 0 0"><span class='ocrx_word' id='word_1_1' title='bbox 172 122 227 152; x_wconf 68' lang='grc'><strong>179</strong></span> 
     </span>
    </p>
   </div>
   <div class='ocr_carea' id='block_1_2' title="bbox 909 118 1070 146">
    <p class='ocr_par' dir='ltr' id='par_1_2' title="bbox 909 118 1070 146">
     <span class='ocr_line' id='line_1_2' title="bbox 909 118 1070 146; baseline 0 0"><span class='ocrx_word' id='word_1_2' title='bbox 909 118 988 146; x_wconf 62' lang='grc'><strong>01113</strong></span> <span class='ocrx_word' id='word_1_3' title='bbox 994 118 1070 146; x_wconf 80' lang='lat' dir='ltr'><strong>ENIS</strong></span> 
     </span>
    </p>
   </div>
   <div class='ocr_carea' id='block_1_3' title="bbox 1743 113 1792 141">
    <p class='ocr_par' dir='ltr' id='par_1_3' title="bbox 1743 113 1792 141">
     <span class='ocr_line' id='line_1_3' title="bbox 1743 113 1792 141; baseline 0.02 -1"><span class='ocrx_word' id='word_1_4' title='bbox 1743 113 1792 141; x_wconf 84' lang='grc'><strong>180</strong></span> 
     </span>
    </p>
   </div>
   <div class='ocr_carea' id='block_1_4' title="bbox 172 173 1793 218">
    <p class='ocr_par' dir='ltr' id='par_1_4' title="bbox 172 173 1793 218">
     <span class='ocr_line' id='line_1_4' title="bbox 172 173 1793 218; baseline -0.006 -8"><span class='ocrx_word' id='word_1_5' title='bbox 172 183 305 210; x_wconf 86' lang='lat' dir='ltr'><strong>cisiouem</strong></span> <span class='ocrx_word' id='word_1_6' title='bbox 321 181 456 218; x_wconf 77' lang='lat' dir='ltr'><strong>designat,</strong></span> <span class='ocrx_word' id='word_1_7' title='bbox 473 181 564 210; x_wconf 88' lang='lat' dir='ltr'><strong>carnis</strong></span> <span class='ocrx_word' id='word_1_8' title='bbox 575 185 603 208; x_wconf 85' lang='lat' dir='ltr'><strong>et</strong></span> <span class='ocrx_word' id='word_1_9' title='bbox 620 180 720 210; x_wconf 79' lang='lat' dir='ltr'><strong>cordis.</strong></span> <span class='ocrx_word' id='word_1_10' title='bbox 742 180 886 216; x_wconf 78' lang='lat' dir='ltr'><strong>Aliegoriae</strong></span> <span class='ocrx_word' id='word_1_11' title='bbox 905 189 958 208; x_wconf 86' lang='lat' dir='ltr'><strong>non</strong></span> <span class='ocrx_word' id='word_1_12' title='bbox 974 183 998 210; x_wconf 79' lang='grc' dir='ltr'>Α</span> <span class='ocrx_word' id='word_1_13' title='bbox 1010 178 1112 206; x_wconf 77' lang='lat' dir='ltr'><strong>eiectus</strong></span> <span class='ocrx_word' id='word_1_14' title='bbox 1124 177 1157 204; x_wconf 83' lang='lat' dir='ltr'><strong>ad</strong></span> <span class='ocrx_word' id='word_1_15' title='bbox 1182 175 1351 204; x_wconf 79' lang='lat' dir='ltr'><strong>enarrandas</strong></span> <span class='ocrx_word' id='word_1_16' title='bbox 1367 175 1480 202; x_wconf 81' lang='lat' dir='ltr'><strong>virtutes</strong></span> <span class='ocrx_word' id='word_1_17' title='bbox 1501 173 1608 201; x_wconf 80' lang='lat' dir='ltr'><strong>Domini</strong></span> <span class='ocrx_word' id='word_1_18' title='bbox 1621 174 1641 204; x_wconf 84' lang='lat'><strong>&#39;,</strong></span> <span class='ocrx_word' id='word_1_19' title='bbox 1662 173 1793 206; x_wconf 77' lang='lat' dir='ltr'><strong>suscipite</strong></span> 
     </span>
    </p>
   </div>
   <div class='ocr_carea' id='block_1_5' title="bbox 172 225 954 261">
    <p class='ocr_par' dir='ltr' id='par_1_5' title="bbox 172 225 954 261">
     <span class='ocr_line' id='line_1_5' title="bbox 172 225 954 261; baseline -0.003 -7"><span class='ocrx_word' id='word_1_20' title='bbox 172 232 297 261; x_wconf 82' lang='lat' dir='ltr'><strong>superest</strong></span> <span class='ocrx_word' id='word_1_21' title='bbox 311 227 401 260; x_wconf 88' lang='lat' dir='ltr'><strong>locus,</strong></span> <span class='ocrx_word' id='word_1_22' title='bbox 417 227 461 255; x_wconf 91' lang='lat' dir='ltr'><strong>ubi</strong></span> <span class='ocrx_word' id='word_1_23' title='bbox 479 232 594 260; x_wconf 84' lang='lat' dir='ltr'><strong>utraque</strong></span> <span class='ocrx_word' id='word_1_24' title='bbox 615 226 721 259; x_wconf 83' lang='lat' dir='ltr'><strong>species</strong></span> <span class='ocrx_word' id='word_1_25' title='bbox 735 225 954 253; x_wconf 86' lang='lat' dir='ltr'><strong>circumcisiouis</strong></span> 
     </span>
    </p>
   </div>
   <div class='ocr_carea' id='block_1_6' title="bbox 172 271 955 308">
    <p class='ocr_par' dir='ltr' id='par_1_6' title="bbox 172 271 955 308">
     <span class='ocr_line' id='line_1_6' title="bbox 172 271 955 308; baseline -0.001 -9"><span class='ocrx_word' id='word_1_26' title='bbox 172 273 302 308; x_wconf 76' lang='lat' dir='ltr'><strong>exigitur.</strong></span> <span class='ocrx_word' id='word_1_27' title='bbox 320 273 348 301; x_wconf 93' lang='lat' dir='ltr'><strong>Si</strong></span> <span class='ocrx_word' id='word_1_28' title='bbox 363 281 404 301; x_wconf 94' lang='lat' dir='ltr'><strong>me</strong></span> <span class='ocrx_word' id='word_1_29' title='bbox 420 273 515 301; x_wconf 86' lang='lat' dir='ltr'><strong>vestris</strong></span> <span class='ocrx_word' id='word_1_30' title='bbox 528 272 655 308; x_wconf 87' lang='lat' dir='ltr'><strong>precibus</strong></span> <span class='ocrx_word' id='word_1_31' title='bbox 666 271 802 306; x_wconf 73' lang='lat' dir='ltr'><strong>juveﬁtis,</strong></span> <span class='ocrx_word' id='word_1_32' title='bbox 817 276 846 298; x_wconf 91' lang='lat' dir='ltr'><strong>ut</strong></span> <span class='ocrx_word' id='word_1_33' title='bbox 857 273 955 298; x_wconf 79' lang='lat' dir='ltr'><strong>adesse</strong></span> 
     </span>
    </p>
   </div>
   <div class='ocr_carea' id='block_1_7' title="bbox 173 316 953 353">
    <p class='ocr_par' dir='ltr' id='par_1_7' title="bbox 173 316 953 353">
     <span class='ocr_line' id='line_1_7' title="bbox 173 316 953 353; baseline 0 -11"><span class='ocrx_word' id='word_1_34' title='bbox 173 318 298 353; x_wconf 69' lang='lat' dir='ltr'><strong>dignetur</strong></span> <span class='ocrx_word' id='word_1_35' title='bbox 317 318 428 345; x_wconf 82' lang='lat' dir='ltr'><strong>verbum</strong></span> <span class='ocrx_word' id='word_1_36' title='bbox 446 317 493 344; x_wconf 84' lang='lat' dir='ltr'><strong>Dei</strong></span> <span class='ocrx_word' id='word_1_37' title='bbox 517 317 569 344; x_wconf 84' lang='lat' dir='ltr'><strong>vivi</strong></span> <span class='ocrx_word' id='word_1_38' title='bbox 587 317 612 344; x_wconf 90' lang='lat' dir='ltr'><strong>in</strong></span> <span class='ocrx_word' id='word_1_39' title='bbox 625 317 767 351; x_wconf 90' lang='lat' dir='ltr'><strong>apertione</strong></span> <span class='ocrx_word' id='word_1_40' title='bbox 782 316 839 343; x_wconf 86' lang='lat' dir='ltr'><strong>oris</strong></span> <span class='ocrx_word' id='word_1_41' title='bbox 856 317 953 350; x_wconf 88' lang='lat' dir='ltr'><strong>nostri,</strong></span> 
     </span>
    </p>
   </div>
   <div class='ocr_carea' id='block_1_8' title="bbox 174 364 956 399">
    <p class='ocr_par' dir='ltr' id='par_1_8' title="bbox 174 364 956 399">
     <span class='ocr_line' id='line_1_8' title="bbox 174 364 956 399; baseline 0.003 -10"><span class='ocrx_word' id='word_1_42' title='bbox 174 365 322 396; x_wconf 78' lang='lat' dir='ltr'><strong>poterimus</strong></span> <span class='ocrx_word' id='word_1_43' title='bbox 336 364 394 398; x_wconf 90' lang='lat' dir='ltr'><strong>ipso</strong></span> <span class='ocrx_word' id='word_1_44' title='bbox 405 364 473 390; x_wconf 85' lang='lat' dir='ltr'><strong>duce</strong></span> <span class='ocrx_word' id='word_1_45' title='bbox 485 371 533 397; x_wconf 91' lang='lat' dir='ltr'><strong>per</strong></span> <span class='ocrx_word' id='word_1_46' title='bbox 546 368 652 391; x_wconf 88' lang='lat' dir='ltr'><strong>arcium</strong></span> <span class='ocrx_word' id='word_1_47' title='bbox 666 364 717 391; x_wconf 89' lang='lat' dir='ltr'><strong>hoc</strong></span> <span class='ocrx_word' id='word_1_48' title='bbox 734 364 892 399; x_wconf 63' lang='lat' dir='ltr'><strong>quaestionis</strong></span> <span class='ocrx_word' id='word_1_49' title='bbox 904 365 956 392; x_wconf 90' lang='lat' dir='ltr'><strong>iter</strong></span> 
     </span>
    </p>
   </div>
   <div class='ocr_carea' id='block_1_9' title="bbox 173 407 954 443">
    <p class='ocr_par' dir='ltr' id='par_1_9' title="bbox 173 407 954 443">
     <span class='ocr_line' id='line_1_9' title="bbox 173 407 954 443; baseline 0.003 -9"><span class='ocrx_word' id='word_1_50' title='bbox 173 407 205 434; x_wconf 79' lang='lat' dir='ltr'><strong>ad</strong></span> <span class='ocrx_word' id='word_1_51' title='bbox 233 407 401 435; x_wconf 91' lang='lat' dir='ltr'><strong>latitudinem</strong></span> <span class='ocrx_word' id='word_1_52' title='bbox 431 407 556 434; x_wconf 83' lang='lat' dir='ltr'><strong>veritatis</strong></span> <span class='ocrx_word' id='word_1_53' title='bbox 582 408 671 441; x_wconf 81' lang='lat' dir='ltr'><strong>exire,</strong></span> <span class='ocrx_word' id='word_1_54' title='bbox 701 409 765 443; x_wconf 86' lang='lat' dir='ltr'><strong>quia</strong></span> <span class='ocrx_word' id='word_1_55' title='bbox 790 417 842 436; x_wconf 94' lang='lat' dir='ltr'><strong>non</strong></span> <span class='ocrx_word' id='word_1_56' title='bbox 867 409 954 437; x_wconf 85' lang='lat' dir='ltr'><strong>solum</strong></span> 
     </span>
    </p>
   </div>
   <div class='ocr_carea' id='block_1_10' title="bbox 172 451 955 482">
    <p class='ocr_par' dir='ltr' id='par_1_10' title="bbox 172 451 955 482">
     <span class='ocr_line' id='line_1_10' title="bbox 172 451 955 482; baseline 0.003 -2"><span class='ocrx_word' id='word_1_57' title='bbox 172 453 293 480; x_wconf 78' lang='lat' dir='ltr'><strong>carnales</strong></span> <span class='ocrx_word' id='word_1_58' title='bbox 305 451 390 480; x_wconf 59' lang='lat' dir='ltr'><strong>Judaei</strong></span> <span class='ocrx_word' id='word_1_59' title='bbox 411 453 444 480; x_wconf 88' lang='lat' dir='ltr'><strong>de</strong></span> <span class='ocrx_word' id='word_1_60' title='bbox 459 453 667 481; x_wconf 85' lang='lat' dir='ltr'><strong>circumcisione</strong></span> <span class='ocrx_word' id='word_1_61' title='bbox 680 454 772 480; x_wconf 68' lang='lat' dir='ltr'><strong>carnis</strong></span> <span class='ocrx_word' id='word_1_62' title='bbox 795 455 955 482; x_wconf 85' lang='lat' dir='ltr'><strong>revincendi</strong></span> 
     </span>
    </p>
   </div>
   <div class='ocr_carea' id='block_1_11' title="bbox 171 496 954 534">
    <p class='ocr_par' dir='ltr' id='par_1_11' title="bbox 171 496 954 534">
     <span class='ocr_line' id='line_1_11' title="bbox 171 496 954 534; baseline 0.004 -10"><span class='ocrx_word' id='word_1_63' title='bbox 171 501 235 525; x_wconf 79' lang='lat' dir='ltr'><strong>sunt</strong></span> <span class='ocrx_word' id='word_1_64' title='bbox 245 496 331 530; x_wconf 85' lang='lat' dir='ltr'><strong>nobis,</strong></span> <span class='ocrx_word' id='word_1_65' title='bbox 353 498 401 525; x_wconf 86' lang='lat' dir='ltr'><strong>sed</strong></span> <span class='ocrx_word' id='word_1_66' title='bbox 427 498 548 525; x_wconf 86' lang='lat' dir='ltr'><strong>nonnulli</strong></span> <span class='ocrx_word' id='word_1_67' title='bbox 562 506 595 525; x_wconf 88' lang='lat' dir='ltr'><strong>ex</strong></span> <span class='ocrx_word' id='word_1_68' title='bbox 618 499 663 531; x_wconf 91' lang='lat' dir='ltr'><strong>iis,</strong></span> <span class='ocrx_word' id='word_1_69' title='bbox 681 500 724 534; x_wconf 87' lang='lat' dir='ltr'><strong>qui</strong></span> <span class='ocrx_word' id='word_1_70' title='bbox 740 498 840 527; x_wconf 83' lang='lat' dir='ltr'><strong>Christi</strong></span> <span class='ocrx_word' id='word_1_71' title='bbox 857 507 954 527; x_wconf 84' lang='lat' dir='ltr'><strong>nomen</strong></span> 
     </span>
    </p>
   </div>
   <div class='ocr_carea' id='block_1_12' title="bbox 172 543 954 579">
    <p class='ocr_par' dir='ltr' id='par_1_12' title="bbox 172 543 954 579">
     <span class='ocr_line' id='line_1_12' title="bbox 172 543 954 579; baseline 0.008 -12"><span class='ocrx_word' id='word_1_72' title='bbox 172 543 298 570; x_wconf 83' lang='lat' dir='ltr'><strong>\ideutur</strong></span> <span class='ocrx_word' id='word_1_73' title='bbox 314 544 480 579; x_wconf 81' lang='lat' dir='ltr'><strong>suscepisse,</strong></span> <span class='ocrx_word' id='word_1_74' title='bbox 498 548 524 571; x_wconf 90' lang='lat' dir='ltr'><strong>et</strong></span> <span class='ocrx_word' id='word_1_75' title='bbox 539 548 629 571; x_wconf 87' lang='lat' dir='ltr'><strong>tamen</strong></span> <span class='ocrx_word' id='word_1_76' title='bbox 646 544 783 571; x_wconf 75' lang='lat' dir='ltr'><strong>carnalem</strong></span> <span class='ocrx_word' id='word_1_77' title='bbox 809 545 954 573; x_wconf 88' lang='lat' dir='ltr'><strong>circumci—</strong></span> 
     </span>
    </p>
   </div>
   <div class='ocr_carea' id='block_1_13' title="bbox 171 589 954 626">
    <p class='ocr_par' dir='ltr' id='par_1_13' title="bbox 171 589 954 626">
     <span class='ocr_line' id='line_1_13' title="bbox 171 589 954 626; baseline 0.008 -13"><span class='ocrx_word' id='word_1_78' title='bbox 171 589 274 615; x_wconf 64' lang='lat' dir='ltr'><strong>sionem</strong></span> <span class='ocrx_word' id='word_1_79' title='bbox 294 589 475 624; x_wconf 83' lang='lat' dir='ltr'><strong>recipiendam</strong></span> <span class='ocrx_word' id='word_1_80' title='bbox 490 593 587 624; x_wconf 85' lang='lat' dir='ltr'><strong>putant</strong></span> <span class='ocrx_word' id='word_1_81' title='bbox 612 595 642 617; x_wconf 92' lang='lat' dir='ltr'><strong>ut</strong></span> <span class='ocrx_word' id='word_1_82' title='bbox 659 590 791 618; x_wconf 77' lang='lat' dir='ltr'><strong>Ebionita:</strong></span> <span class='ocrx_word' id='word_1_83' title='bbox 807 590 872 626; x_wconf 90' lang='lat' dir='ltr'><strong>(l),</strong></span> <span class='ocrx_word' id='word_1_84' title='bbox 889 596 916 618; x_wconf 90' lang='lat' dir='ltr'><strong>et</strong></span> <span class='ocrx_word' id='word_1_85' title='bbox 931 591 954 619; x_wconf 89' lang='lat' dir='ltr'><strong>si</strong></span> 
     </span>
    </p>
   </div>
   <div class='ocr_carea' id='block_1_14' title="bbox 171 635 955 672">
    <p class='ocr_par' dir='ltr' id='par_1_14' title="bbox 171 635 955 672">
     <span class='ocr_line' id='line_1_14' title="bbox 171 635 955 672; baseline 0.009 -11"><span class='ocrx_word' id='word_1_86' title='bbox 171 636 216 668; x_wconf 81' lang='lat' dir='ltr'><strong>qni</strong></span> <span class='ocrx_word' id='word_1_87' title='bbox 232 635 275 662; x_wconf 89' lang='lat' dir='ltr'><strong>bis</strong></span> <span class='ocrx_word' id='word_1_88' title='bbox 297 636 379 663; x_wconf 88' lang='lat' dir='ltr'><strong>simili</strong></span> <span class='ocrx_word' id='word_1_89' title='bbox 393 643 551 672; x_wconf 79' lang='lat' dir='ltr'><strong>paupertate</strong></span> <span class='ocrx_word' id='word_1_90' title='bbox 570 646 668 666; x_wconf 87' lang='lat' dir='ltr'><strong>sensus</strong></span> <span class='ocrx_word' id='word_1_91' title='bbox 684 639 820 667; x_wconf 88' lang='lat' dir='ltr'><strong>aberrant.</strong></span> <span class='ocrx_word' id='word_1_92' title='bbox 843 639 955 668; x_wconf 80' lang='lat' dir='ltr'><strong>Utamur</strong></span> 
     </span>
    </p>
   </div>
   <div class='ocr_carea' id='block_1_15' title="bbox 171 678 956 719">
    <p class='ocr_par' dir='ltr' id='par_1_15' title="bbox 171 678 956 719">
     <span class='ocr_line' id='line_1_15' title="bbox 171 678 956 719; baseline 0.01 -14"><span class='ocrx_word' id='word_1_93' title='bbox 171 678 256 713; x_wconf 76' lang='lat' dir='ltr'><strong>igitur</strong></span> <span class='ocrx_word' id='word_1_94' title='bbox 270 682 369 708; x_wconf 88' lang='lat' dir='ltr'><strong>veteris</strong></span> <span class='ocrx_word' id='word_1_95' title='bbox 381 682 556 710; x_wconf 87' lang='lat' dir='ltr'><strong>instrumenti</strong></span> <span class='ocrx_word' id='word_1_96' title='bbox 572 683 744 718; x_wconf 84' lang='lat' dir='ltr'><strong>testimoniis,</strong></span> <span class='ocrx_word' id='word_1_97' title='bbox 760 685 956 719; x_wconf 76' lang='lat' dir='ltr'><strong>quibuslibrn-</strong></span> 
     </span>
    </p>
   </div>
   <div class='ocr_carea' id='block_1_16' title="bbox 172 724 954 766">
    <p class='ocr_par' dir='ltr' id='par_1_16' title="bbox 172 724 954 766">
     <span class='ocr_line' id='line_1_16' title="bbox 172 724 954 766; baseline 0.012 -16"><span class='ocrx_word' id='word_1_98' title='bbox 172 727 215 750; x_wconf 71' lang='lat' dir='ltr'><strong>tur</strong></span> <span class='ocrx_word' id='word_1_99' title='bbox 228 724 377 760; x_wconf 87' lang='lat' dir='ltr'><strong>indulgent.</strong></span> <span class='ocrx_word' id='word_1_100' title='bbox 393 727 531 763; x_wconf 86' lang='lat' dir='ltr'><strong>Scriptum</strong></span> <span class='ocrx_word' id='word_1_101' title='bbox 547 734 588 756; x_wconf 86' lang='lat' dir='ltr'><strong>est</strong></span> <span class='ocrx_word' id='word_1_102' title='bbox 603 730 675 756; x_wconf 92' lang='lat' dir='ltr'><strong>enim</strong></span> <span class='ocrx_word' id='word_1_103' title='bbox 705 730 732 757; x_wconf 89' lang='lat' dir='ltr'><strong>in</strong></span> <span class='ocrx_word' id='word_1_104' title='bbox 758 730 874 758; x_wconf 87' lang='lat' dir='ltr'><strong>Jeremia</strong></span> <span class='ocrx_word' id='word_1_105' title='bbox 889 739 954 766; x_wconf 83' lang='lat' dir='ltr'><strong>pro-</strong></span> 
     </span>
    </p>
   </div>
   <div class='ocr_carea' id='block_1_17' title="bbox 172 770 954 806">
    <p class='ocr_par' dir='ltr' id='par_1_17' title="bbox 172 770 954 806">
     <span class='ocr_line' id='line_1_17' title="bbox 172 770 954 806; baseline 0.01 -11"><span class='ocrx_word' id='word_1_106' title='bbox 172 770 251 803; x_wconf 84' lang='lat' dir='ltr'><strong>pheta</strong></span> <span class='ocrx_word' id='word_1_107' title='bbox 268 771 291 787; x_wconf 80' lang='grc'><strong>⁹⁹</strong></span> <span class='ocrx_word' id='word_1_108' title='bbox 309 778 318 786; x_wconf 89' lang='grc'>·</span> <span class='ocrx_word' id='word_1_109' title='bbox 335 770 401 798; x_wconf 81' lang='lat' dir='ltr'><strong>Ecce</strong></span> <span class='ocrx_word' id='word_1_110' title='bbox 421 773 532 806; x_wconf 80' lang='lat' dir='ltr'><strong>populus</strong></span> <span class='ocrx_word' id='word_1_111' title='bbox 555 773 595 801; x_wconf 85' lang='lat' dir='ltr'><strong>hic</strong></span> <span class='ocrx_word' id='word_1_112' title='bbox 619 774 819 802; x_wconf 78' lang='lat' dir='ltr'><strong>incircumcisur</strong></span> <span class='ocrx_word' id='word_1_113' title='bbox 832 777 954 806; x_wconf 76' lang='lat' dir='ltr'><strong>auribus.</strong></span> 
     </span>
    </p>
   </div>
   <div class='ocr_carea' id='block_1_18' title="bbox 172 815 956 856">
    <p class='ocr_par' dir='ltr' id='par_1_18' title="bbox 172 815 956 856">
     <span class='ocr_line' id='line_1_18' title="bbox 172 815 956 856; baseline 0.01 -15"><span class='ocrx_word' id='word_1_114' title='bbox 172 815 253 849; x_wconf 84' lang='lat' dir='ltr'><strong>Audi,</strong></span> <span class='ocrx_word' id='word_1_115' title='bbox 267 815 358 848; x_wconf 72' lang='lat' dir='ltr'><strong>Israel,</strong></span> <span class='ocrx_word' id='word_1_116' title='bbox 373 817 560 851; x_wconf 75' lang='lat' dir='ltr'><strong>propheticum</strong></span> <span class='ocrx_word' id='word_1_117' title='bbox 573 819 787 854; x_wconf 85' lang='lat' dir='ltr'><strong>vocem,grande</strong></span> <span class='ocrx_word' id='word_1_118' title='bbox 801 821 956 856; x_wconf 64' lang='lat' dir='ltr'><strong>tibiopprov</strong></span> 
     </span>
    </p>
   </div>
   <div class='ocr_carea' id='block_1_19' title="bbox 1008 219 1792 259">
    <p class='ocr_par' dir='ltr' id='par_1_19' title="bbox 1008 219 1792 259">
     <span class='ocr_line' id='line_1_19' title="bbox 1008 219 1792 259; baseline -0.01 -8"><span class='ocrx_word' id='word_1_119' title='bbox 1008 224 1117 259; x_wconf 82' lang='lat' dir='ltr'><strong>dignam</strong></span> <span class='ocrx_word' id='word_1_120' title='bbox 1140 221 1379 249; x_wconf 76' lang='lat' dir='ltr'><strong>circumcisionem</strong></span> <span class='ocrx_word' id='word_1_121' title='bbox 1401 219 1477 247; x_wconf 81' lang='lat' dir='ltr'><strong>verbi</strong></span> <span class='ocrx_word' id='word_1_122' title='bbox 1508 219 1554 246; x_wconf 81' lang='lat' dir='ltr'><strong>Dei</strong></span> <span class='ocrx_word' id='word_1_123' title='bbox 1572 219 1598 246; x_wconf 92' lang='lat' dir='ltr'><strong>in</strong></span> <span class='ocrx_word' id='word_1_124' title='bbox 1612 219 1725 245; x_wconf 83' lang='lat' dir='ltr'><strong>auribus</strong></span> <span class='ocrx_word' id='word_1_125' title='bbox 1744 225 1792 244; x_wconf 90' lang='lat' dir='ltr'><strong>ve-</strong></span> 
     </span>
    </p>
   </div>
   <div class='ocr_carea' id='block_1_20' title="bbox 1008 264 1794 299">
    <p class='ocr_par' dir='ltr' id='par_1_20' title="bbox 1008 264 1794 299">
     <span class='ocr_line' id='line_1_20' title="bbox 1008 264 1794 299; baseline -0.009 -3"><span class='ocrx_word' id='word_1_126' title='bbox 1008 269 1083 299; x_wconf 84' lang='lat' dir='ltr'><strong>stris,</strong></span> <span class='ocrx_word' id='word_1_127' title='bbox 1099 267 1167 294; x_wconf 88' lang='lat' dir='ltr'><strong>etin</strong></span> <span class='ocrx_word' id='word_1_128' title='bbox 1187 267 1276 298; x_wconf 79' lang='lat' dir='ltr'><strong>labiis,</strong></span> <span class='ocrx_word' id='word_1_129' title='bbox 1291 271 1320 293; x_wconf 85' lang='lat' dir='ltr'><strong>et</strong></span> <span class='ocrx_word' id='word_1_130' title='bbox 1337 266 1362 292; x_wconf 91' lang='lat' dir='ltr'><strong>in</strong></span> <span class='ocrx_word' id='word_1_131' title='bbox 1382 265 1476 298; x_wconf 88' lang='lat' dir='ltr'><strong>corde,</strong></span> <span class='ocrx_word' id='word_1_132' title='bbox 1491 269 1518 292; x_wconf 83' lang='lat' dir='ltr'><strong>et</strong></span> <span class='ocrx_word' id='word_1_133' title='bbox 1535 265 1561 291; x_wconf 87' lang='lat' dir='ltr'><strong>in</strong></span> <span class='ocrx_word' id='word_1_134' title='bbox 1583 264 1717 299; x_wconf 77' lang='lat' dir='ltr'><strong>praeputio</strong></span> <span class='ocrx_word' id='word_1_135' title='bbox 1731 270 1794 290; x_wconf 80' lang='lat' dir='ltr'><strong>car-</strong></span> 
     </span>
    </p>
   </div>
   <div class='ocr_carea' id='block_1_21' title="bbox 1009 308 1792 346">
    <p class='ocr_par' dir='ltr' id='par_1_21' title="bbox 1009 308 1792 346">
     <span class='ocr_line' id='line_1_21' title="bbox 1009 308 1792 346; baseline -0.006 -6"><span class='ocrx_word' id='word_1_136' title='bbox 1009 313 1051 340; x_wconf 75' lang='lat' dir='ltr'><strong>nis</strong></span> <span class='ocrx_word' id='word_1_137' title='bbox 1067 318 1174 346; x_wconf 73' lang='lat' dir='ltr'><strong>vestrae,</strong></span> <span class='ocrx_word' id='word_1_138' title='bbox 1187 312 1253 339; x_wconf 89' lang='lat' dir='ltr'><strong>etin</strong></span> <span class='ocrx_word' id='word_1_139' title='bbox 1271 311 1399 339; x_wconf 88' lang='lat' dir='ltr'><strong>omnibus</strong></span> <span class='ocrx_word' id='word_1_140' title='bbox 1410 310 1523 337; x_wconf 86' lang='lat' dir='ltr'><strong>omnino</strong></span> <span class='ocrx_word' id='word_1_141' title='bbox 1539 309 1668 336; x_wconf 83' lang='lat' dir='ltr'><strong>membris</strong></span> <span class='ocrx_word' id='word_1_142' title='bbox 1683 308 1792 335; x_wconf 82' lang='lat' dir='ltr'><strong>vestris.</strong></span> 
     </span>
    </p>
   </div>
   <div class='ocr_carea' id='block_1_22' title="bbox 1008 354 1792 392">
    <p class='ocr_par' dir='ltr' id='par_1_22' title="bbox 1008 354 1792 392">
     <span class='ocr_line' id='line_1_22' title="bbox 1008 354 1792 392; baseline -0.009 -5"><span class='ocrx_word' id='word_1_143' title='bbox 1008 359 1182 387; x_wconf 60' lang='lat' dir='ltr'><strong>Circumcisae</strong></span> <span class='ocrx_word' id='word_1_144' title='bbox 1198 365 1318 392; x_wconf 73' lang='lat' dir='ltr'><strong>namque</strong></span> <span class='ocrx_word' id='word_1_145' title='bbox 1338 357 1395 385; x_wconf 82' lang='lat' dir='ltr'><strong>sint</strong></span> <span class='ocrx_word' id='word_1_146' title='bbox 1418 363 1500 383; x_wconf 81' lang='lat' dir='ltr'><strong>aures</strong></span> <span class='ocrx_word' id='word_1_147' title='bbox 1520 360 1618 382; x_wconf 72' lang='lat' dir='ltr'><strong>vestrae</strong></span> <span class='ocrx_word' id='word_1_148' title='bbox 1642 354 1792 381; x_wconf 81' lang='lat' dir='ltr'><strong>secundum</strong></span> 
     </span>
    </p>
   </div>
   <div class='ocr_carea' id='block_1_23' title="bbox 1010 399 1791 436">
    <p class='ocr_par' dir='ltr' id='par_1_23' title="bbox 1010 399 1791 436">
     <span class='ocr_line' id='line_1_23' title="bbox 1010 399 1791 436; baseline -0.012 -3"><span class='ocrx_word' id='word_1_149' title='bbox 1010 406 1121 433; x_wconf 80' lang='lat' dir='ltr'><strong>verbum</strong></span> <span class='ocrx_word' id='word_1_150' title='bbox 1139 404 1198 436; x_wconf 86' lang='lat' dir='ltr'><strong>Dei,</strong></span> <span class='ocrx_word' id='word_1_151' title='bbox 1215 409 1244 431; x_wconf 77' lang='lat' dir='ltr'><strong>ut</strong></span> <span class='ocrx_word' id='word_1_152' title='bbox 1258 411 1350 430; x_wconf 71' lang='lat' dir='ltr'><strong>vocem</strong></span> <span class='ocrx_word' id='word_1_153' title='bbox 1374 410 1427 429; x_wconf 89' lang='lat' dir='ltr'><strong>non</strong></span> <span class='ocrx_word' id='word_1_154' title='bbox 1449 401 1582 436; x_wconf 78' lang='lat' dir='ltr'><strong>recipiant</strong></span> <span class='ocrx_word' id='word_1_155' title='bbox 1601 399 1791 431; x_wconf 71' lang='lat' dir='ltr'><strong>obtrectandis,</strong></span> 
     </span>
    </p>
   </div>
   <div class='ocr_carea' id='block_1_24' title="bbox 1009 443 1791 482">
    <p class='ocr_par' dir='ltr' id='par_1_24' title="bbox 1009 443 1791 482">
     <span class='ocr_line' id='line_1_24' title="bbox 1009 443 1791 482; baseline -0.012 -5"><span class='ocrx_word' id='word_1_156' title='bbox 1009 455 1037 478; x_wconf 91' lang='lat' dir='ltr'><strong>ut</strong></span> <span class='ocrx_word' id='word_1_157' title='bbox 1053 449 1176 477; x_wconf 83' lang='lat' dir='ltr'><strong>maledici</strong></span> <span class='ocrx_word' id='word_1_158' title='bbox 1194 453 1221 476; x_wconf 90' lang='lat' dir='ltr'><strong>et</strong></span> <span class='ocrx_word' id='word_1_159' title='bbox 1236 446 1385 482; x_wconf 77' lang='lat' dir='ltr'><strong>blasphemi</strong></span> <span class='ocrx_word' id='word_1_160' title='bbox 1405 446 1485 473; x_wconf 84' lang='lat' dir='ltr'><strong>verba</strong></span> <span class='ocrx_word' id='word_1_161' title='bbox 1502 453 1554 472; x_wconf 86' lang='lat' dir='ltr'><strong>non</strong></span> <span class='ocrx_word' id='word_1_162' title='bbox 1571 443 1730 476; x_wconf 86' lang='lat' dir='ltr'><strong>audiant,ut</strong></span> <span class='ocrx_word' id='word_1_163' title='bbox 1743 443 1791 469; x_wconf 84' lang='lat' dir='ltr'><strong>fal-</strong></span> 
     </span>
    </p>
   </div>
   <div class='ocr_carea' id='block_1_25' title="bbox 1008 489 1792 526">
    <p class='ocr_par' dir='ltr' id='par_1_25' title="bbox 1008 489 1792 526">
     <span class='ocr_line' id='line_1_25' title="bbox 1008 489 1792 526; baseline -0.011 -3"><span class='ocrx_word' id='word_1_164' title='bbox 1008 497 1046 523; x_wconf 85' lang='lat' dir='ltr'><strong>sis</strong></span> <span class='ocrx_word' id='word_1_165' title='bbox 1064 494 1313 526; x_wconf 82' lang='lat' dir='ltr'><strong>criminationibus,</strong></span> <span class='ocrx_word' id='word_1_166' title='bbox 1335 491 1480 519; x_wconf 83' lang='lat' dir='ltr'><strong>mendacio</strong></span> <span class='ocrx_word' id='word_1_167' title='bbox 1508 497 1559 517; x_wconf 90' lang='lat' dir='ltr'><strong>non</strong></span> <span class='ocrx_word' id='word_1_168' title='bbox 1576 494 1696 524; x_wconf 86' lang='lat' dir='ltr'><strong>pateant.</strong></span> <span class='ocrx_word' id='word_1_169' title='bbox 1711 489 1792 523; x_wconf 88' lang='lat' dir='ltr'><strong>Oppi-</strong></span> 
     </span>
    </p>
   </div>
   <div class='ocr_carea' id='block_1_26' title="bbox 1008 534 1793 574">
    <p class='ocr_par' dir='ltr' id='par_1_26' title="bbox 1008 534 1793 574">
     <span class='ocr_line' id='line_1_26' title="bbox 1008 534 1793 574; baseline -0.01 -5"><span class='ocrx_word' id='word_1_170' title='bbox 1008 542 1110 574; x_wconf 83' lang='lat' dir='ltr'><strong>leutur.</strong></span> <span class='ocrx_word' id='word_1_171' title='bbox 1127 545 1156 568; x_wconf 83' lang='lat' dir='ltr'><strong>et</strong></span> <span class='ocrx_word' id='word_1_172' title='bbox 1179 541 1278 567; x_wconf 73' lang='lat' dir='ltr'><strong>clausae</strong></span> <span class='ocrx_word' id='word_1_173' title='bbox 1290 538 1356 571; x_wconf 89' lang='lat' dir='ltr'><strong>sint,</strong></span> <span class='ocrx_word' id='word_1_174' title='bbox 1373 545 1406 565; x_wconf 91' lang='lat' dir='ltr'><strong>ne</strong></span> <span class='ocrx_word' id='word_1_175' title='bbox 1429 536 1561 571; x_wconf 78' lang='lat' dir='ltr'><strong>judicium</strong></span> <span class='ocrx_word' id='word_1_176' title='bbox 1586 534 1726 569; x_wconf 80' lang='lat' dir='ltr'><strong>sanguinis</strong></span> <span class='ocrx_word' id='word_1_177' title='bbox 1742 542 1793 561; x_wconf 76' lang='lat' dir='ltr'><strong>au-</strong></span> 
     </span>
    </p>
   </div>
   <div class='ocr_carea' id='block_1_27' title="bbox 1008 580 1794 621">
    <p class='ocr_par' dir='ltr' id='par_1_27' title="bbox 1008 580 1794 621">
     <span class='ocr_line' id='line_1_27' title="bbox 1008 580 1794 621; baseline -0.014 -5"><span class='ocrx_word' id='word_1_178' title='bbox 1008 588 1094 619; x_wconf 86' lang='lat' dir='ltr'><strong>diant,</strong></span> <span class='ocrx_word' id='word_1_179' title='bbox 1114 591 1162 614; x_wconf 84' lang='lat' dir='ltr'><strong>aut</strong></span> <span class='ocrx_word' id='word_1_180' title='bbox 1180 585 1326 621; x_wconf 75' lang='lat' dir='ltr'><strong>impudicis</strong></span> <span class='ocrx_word' id='word_1_181' title='bbox 1344 583 1460 611; x_wconf 89' lang='lat' dir='ltr'><strong>canticis</strong></span> <span class='ocrx_word' id='word_1_182' title='bbox 1474 586 1501 609; x_wconf 91' lang='lat' dir='ltr'><strong>et</strong></span> <span class='ocrx_word' id='word_1_183' title='bbox 1526 581 1704 609; x_wconf 86' lang='lat' dir='ltr'><strong>theatralibus</strong></span> <span class='ocrx_word' id='word_1_184' title='bbox 1718 580 1794 607; x_wconf 82' lang='lat' dir='ltr'><strong>sonis</strong></span> 
     </span>
    </p>
   </div>
   <div class='ocr_carea' id='block_1_28' title="bbox 1007 626 1792 670">
    <p class='ocr_par' dir='ltr' id='par_1_28' title="bbox 1007 626 1792 670">
     <span class='ocr_line' id='line_1_28' title="bbox 1007 626 1792 670; baseline -0.011 -9"><span class='ocrx_word' id='word_1_185' title='bbox 1007 638 1129 670; x_wconf 80' lang='lat' dir='ltr'><strong>pateant.</strong></span> <span class='ocrx_word' id='word_1_186' title='bbox 1152 632 1224 660; x_wconf 85' lang='lat' dir='ltr'><strong>Nihil</strong></span> <span class='ocrx_word' id='word_1_187' title='bbox 1249 632 1398 660; x_wconf 81' lang='lat' dir='ltr'><strong>obscenum</strong></span> <span class='ocrx_word' id='word_1_188' title='bbox 1427 629 1571 664; x_wconf 79' lang='lat' dir='ltr'><strong>recipiant,</strong></span> <span class='ocrx_word' id='word_1_189' title='bbox 1594 628 1641 656; x_wconf 87' lang='lat' dir='ltr'><strong>sed</strong></span> <span class='ocrx_word' id='word_1_190' title='bbox 1667 626 1701 654; x_wconf 85' lang='lat' dir='ltr'><strong>ab</strong></span> <span class='ocrx_word' id='word_1_191' title='bbox 1719 627 1792 654; x_wconf 89' lang='lat' dir='ltr'><strong>omni</strong></span> 
     </span>
    </p>
   </div>
   <div class='ocr_carea' id='block_1_29' title="bbox 1008 673 1793 713">
    <p class='ocr_par' dir='ltr' id='par_1_29' title="bbox 1008 673 1793 713">
     <span class='ocr_line' id='line_1_29' title="bbox 1008 673 1793 713; baseline -0.011 -5"><span class='ocrx_word' id='word_1_192' title='bbox 1008 687 1086 708; x_wconf 69' lang='lat' dir='ltr'><strong>emno</strong></span> <span class='ocrx_word' id='word_1_193' title='bbox 1098 678 1139 713; x_wconf 81' lang='grc'><strong>(5)</strong></span> <span class='ocrx_word' id='word_1_194' title='bbox 1154 677 1337 713; x_wconf 83' lang='lat' dir='ltr'><strong>corruptionis</strong></span> <span class='ocrx_word' id='word_1_195' title='bbox 1366 683 1469 704; x_wconf 74' lang='lat' dir='ltr'><strong>averszc</strong></span> <span class='ocrx_word' id='word_1_196' title='bbox 1493 675 1558 703; x_wconf 89' lang='lat' dir='ltr'><strong>sint.</strong></span> <span class='ocrx_word' id='word_1_197' title='bbox 1584 673 1646 701; x_wconf 77' lang='lat' dir='ltr'><strong>llaec</strong></span> <span class='ocrx_word' id='word_1_198' title='bbox 1668 678 1710 701; x_wconf 89' lang='lat' dir='ltr'><strong>est</strong></span> <span class='ocrx_word' id='word_1_199' title='bbox 1737 674 1793 700; x_wconf 82' lang='lat' dir='ltr'><strong>cir-</strong></span> 
     </span>
    </p>
   </div>
   <div class='ocr_carea' id='block_1_30' title="bbox 1005 720 1793 759">
    <p class='ocr_par' dir='ltr' id='par_1_30' title="bbox 1005 720 1793 759">
     <span class='ocr_line' id='line_1_30' title="bbox 1005 720 1793 759; baseline -0.01 -6"><span class='ocrx_word' id='word_1_200' title='bbox 1005 725 1151 757; x_wconf 85' lang='lat' dir='ltr'><strong>cumcisio,</strong></span> <span class='ocrx_word' id='word_1_201' title='bbox 1166 732 1221 759; x_wconf 81' lang='lat' dir='ltr'><strong>qua</strong></span> <span class='ocrx_word' id='word_1_202' title='bbox 1241 723 1361 751; x_wconf 78' lang='lat' dir='ltr'><strong>Ecclesia</strong></span> <span class='ocrx_word' id='word_1_203' title='bbox 1379 722 1481 750; x_wconf 75' lang='lat' dir='ltr'><strong>Christi</strong></span> <span class='ocrx_word' id='word_1_204' title='bbox 1501 729 1582 749; x_wconf 83' lang='lat' dir='ltr'><strong>aures</strong></span> <span class='ocrx_word' id='word_1_205' title='bbox 1603 728 1713 748; x_wconf 88' lang='lat' dir='ltr'><strong>suormn</strong></span> <span class='ocrx_word' id='word_1_206' title='bbox 1737 720 1793 746; x_wconf 83' lang='lat' dir='ltr'><strong>cir-</strong></span> 
     </span>
    </p>
   </div>
   <div class='ocr_carea' id='block_1_31' title="bbox 1006 766 1791 802">
    <p class='ocr_par' dir='ltr' id='par_1_31' title="bbox 1006 766 1791 802">
     <span class='ocr_line' id='line_1_31' title="bbox 1006 766 1791 802; baseline -0.01 -2"><span class='ocrx_word' id='word_1_207' title='bbox 1006 771 1138 800; x_wconf 72' lang='lat' dir='ltr'><strong>cumcidit</strong></span> <span class='ocrx_word' id='word_1_208' title='bbox 1152 771 1306 799; x_wconf 77' lang='lat' dir='ltr'><strong>inlantium.</strong></span> <span class='ocrx_word' id='word_1_209' title='bbox 1315 770 1385 802; x_wconf 76' lang='lat' dir='ltr'><strong>lstte,</strong></span> <span class='ocrx_word' id='word_1_210' title='bbox 1399 769 1494 802; x_wconf 84' lang='lat' dir='ltr'><strong>credo,</strong></span> <span class='ocrx_word' id='word_1_211' title='bbox 1504 773 1565 796; x_wconf 90' lang='lat' dir='ltr'><strong>sunt</strong></span> <span class='ocrx_word' id='word_1_212' title='bbox 1575 775 1667 800; x_wconf 88' lang='lat' dir='ltr'><strong>aures,</strong></span> <span class='ocrx_word' id='word_1_213' title='bbox 1678 774 1747 801; x_wconf 88' lang='lat' dir='ltr'><strong>quas</strong></span> <span class='ocrx_word' id='word_1_214' title='bbox 1762 766 1791 793; x_wconf 92' lang='lat' dir='ltr'><strong>in</strong></span> 
     </span>
    </p>
   </div>
   <div class='ocr_carea' id='block_1_32' title="bbox 1008 811 1791 850">
    <p class='ocr_par' dir='ltr' id='par_1_32' title="bbox 1008 811 1791 850">
     <span class='ocr_line' id='line_1_32' title="bbox 1008 811 1791 850; baseline -0.009 -7"><span class='ocrx_word' id='word_1_215' title='bbox 1008 816 1179 844; x_wconf 77' lang='lat' dir='ltr'><strong>auditoribus</strong></span> <span class='ocrx_word' id='word_1_216' title='bbox 1201 816 1259 844; x_wconf 84' lang='lat' dir='ltr'><strong>suis</strong></span> <span class='ocrx_word' id='word_1_217' title='bbox 1285 815 1458 850; x_wconf 77' lang='lat' dir='ltr'><strong>requirebat,</strong></span> <span class='ocrx_word' id='word_1_218' title='bbox 1485 813 1596 841; x_wconf 68' lang='lat' dir='ltr'><strong>dicens“</strong></span> <span class='ocrx_word' id='word_1_219' title='bbox 1611 821 1618 839; x_wconf 89' lang='lat'>:</span> <span class='ocrx_word' id='word_1_220' title='bbox 1634 811 1685 844; x_wconf 83' lang='lat' dir='ltr'><strong>Qui</strong></span> <span class='ocrx_word' id='word_1_221' title='bbox 1711 811 1791 837; x_wconf 82' lang='lat' dir='ltr'><strong>habet</strong></span> 
     </span>
    </p>
   </div>
   <div class='ocr_carea' id='block_1_33' title="bbox 171 858 1794 901">
    <p class='ocr_par' dir='ltr' id='par_1_33' title="bbox 171 858 1794 901">
     <span class='ocr_line' id='line_1_33' title="bbox 171 858 1794 901; baseline -0.002 -15"><span class='ocrx_word' id='word_1_222' title='bbox 171 858 258 886; x_wconf 86' lang='lat' dir='ltr'><strong>hriqu</strong></span> <span class='ocrx_word' id='word_1_223' title='bbox 275 861 413 888; x_wconf 83' lang='lat' dir='ltr'><strong>inducitur</strong></span> <span class='ocrx_word' id='word_1_224' title='bbox 428 860 496 896; x_wconf 69' lang='grc' dir='ltr'><strong>(Ξ).</strong></span> <span class='ocrx_word' id='word_1_225' title='bbox 508 863 621 897; x_wconf 78' lang='lat' dir='ltr'><strong>grandis</strong></span> <span class='ocrx_word' id='word_1_226' title='bbox 635 864 681 891; x_wconf 83' lang='lat' dir='ltr'><strong>tibi</strong></span> <span class='ocrx_word' id='word_1_227' title='bbox 698 865 854 900; x_wconf 75' lang='lat' dir='ltr'><strong>impingitur</strong></span> <span class='ocrx_word' id='word_1_228' title='bbox 867 866 956 901; x_wconf 87' lang='lat' dir='ltr'><strong>culpa.</strong></span> <span class='ocrx_word' id='word_1_229' title='bbox 972 859 994 887; x_wconf 75' lang='grc' dir='ltr'><strong>Β</strong></span> <span class='ocrx_word' id='word_1_230' title='bbox 1006 863 1231 890; x_wconf 67' lang='lat' dir='ltr'><strong>lunt-audiendi</strong></span> <span class='ocrx_word' id='word_1_231' title='bbox 1260 862 1362 889; x_wconf 77' lang='lat' dir='ltr'><strong>audiat.</strong></span> <span class='ocrx_word' id='word_1_232' title='bbox 1379 860 1464 888; x_wconf 83' lang='lat' dir='ltr'><strong>Nemo</strong></span> <span class='ocrx_word' id='word_1_233' title='bbox 1496 860 1567 887; x_wconf 87' lang='lat' dir='ltr'><strong>enim</strong></span> <span class='ocrx_word' id='word_1_234' title='bbox 1587 862 1676 893; x_wconf 81' lang='lat' dir='ltr'><strong>potest</strong></span> <span class='ocrx_word' id='word_1_235' title='bbox 1706 858 1794 884; x_wconf 88' lang='lat' dir='ltr'><strong>incir-</strong></span> 
     </span>
    </p>
   </div>
   <div class='ocr_carea' id='block_1_34' title="bbox 173 905 957 944">
    <p class='ocr_par' dir='ltr' id='par_1_34' title="bbox 173 905 957 944">
     <span class='ocr_line' id='line_1_34' title="bbox 173 905 957 944; baseline 0.011 -14"><span class='ocrx_word' id='word_1_236' title='bbox 173 905 321 932; x_wconf 76' lang='lat' dir='ltr'><strong>Accusatio</strong></span> <span class='ocrx_word' id='word_1_237' title='bbox 352 910 396 933; x_wconf 84' lang='lat' dir='ltr'><strong>tua</strong></span> <span class='ocrx_word' id='word_1_238' title='bbox 422 907 572 941; x_wconf 80' lang='lat' dir='ltr'><strong>profertur,</strong></span> <span class='ocrx_word' id='word_1_239' title='bbox 598 909 669 944; x_wconf 90' lang='lat' dir='ltr'><strong>quod</strong></span> <span class='ocrx_word' id='word_1_240' title='bbox 694 909 905 938; x_wconf 57' lang='lat' dir='ltr'><strong>‘incircumcisus</strong></span> <span class='ocrx_word' id='word_1_241' title='bbox 928 919 957 939; x_wconf 90' lang='lat' dir='ltr'><strong>es</strong></span> 
     </span>
    </p>
   </div>
   <div class='ocr_carea' id='block_1_35' title="bbox 172 951 957 984">
    <p class='ocr_par' dir='ltr' id='par_1_35' title="bbox 172 951 957 984">
     <span class='ocr_line' id='line_1_35' title="bbox 172 951 957 984; baseline 0.008 -7"><span class='ocrx_word' id='word_1_242' title='bbox 172 951 291 978; x_wconf 79' lang='lat' dir='ltr'><strong>auribus.</strong></span> <span class='ocrx_word' id='word_1_243' title='bbox 321 951 355 978; x_wconf 87' lang='lat' dir='ltr'><strong>Et</strong></span> <span class='ocrx_word' id='word_1_244' title='bbox 374 959 422 979; x_wconf 78' lang='lat' dir='ltr'><strong>t‘nr</strong></span> <span class='ocrx_word' id='word_1_245' title='bbox 449 960 502 980; x_wconf 91' lang='lat' dir='ltr'><strong>nou</strong></span> <span class='ocrx_word' id='word_1_246' title='bbox 519 954 576 981; x_wconf 81' lang='lat' dir='ltr'><strong>hac</strong></span> <span class='ocrx_word' id='word_1_247' title='bbox 593 954 707 982; x_wconf 89' lang='lat' dir='ltr'><strong>audiens</strong></span> <span class='ocrx_word' id='word_1_248' title='bbox 727 955 875 983; x_wconf 84' lang='lat' dir='ltr'><strong>adhibuisti</strong></span> <span class='ocrx_word' id='word_1_249' title='bbox 902 956 957 984; x_wconf 89' lang='lat' dir='ltr'><strong>fer-</strong></span> 
     </span>
    </p>
   </div>
   <div class='ocr_carea' id='block_1_36' title="bbox 173 999 957 1037">
    <p class='ocr_par' dir='ltr' id='par_1_36' title="bbox 173 999 957 1037">
     <span class='ocr_line' id='line_1_36' title="bbox 173 999 957 1037; baseline 0.008 -13"><span class='ocrx_word' id='word_1_250' title='bbox 173 1005 232 1024; x_wconf 85' lang='lat' dir='ltr'><strong>rum</strong></span> <span class='ocrx_word' id='word_1_251' title='bbox 246 999 358 1026; x_wconf 89' lang='lat' dir='ltr'><strong>auribus</strong></span> <span class='ocrx_word' id='word_1_252' title='bbox 371 999 434 1030; x_wconf 90' lang='lat' dir='ltr'><strong>tuis,</strong></span> <span class='ocrx_word' id='word_1_253' title='bbox 454 1005 481 1027; x_wconf 93' lang='lat' dir='ltr'><strong>et</strong></span> <span class='ocrx_word' id='word_1_254' title='bbox 506 1001 625 1029; x_wconf 85' lang='lat' dir='ltr'><strong>incidisti</strong></span> <span class='ocrx_word' id='word_1_255' title='bbox 641 1003 710 1029; x_wconf 80' lang='lat' dir='ltr'><strong>eas?</strong></span> <span class='ocrx_word' id='word_1_256' title='bbox 734 1001 861 1037; x_wconf 82' lang='lat' dir='ltr'><strong>Culparis</strong></span> <span class='ocrx_word' id='word_1_257' title='bbox 879 1011 957 1030; x_wconf 87' lang='lat' dir='ltr'><strong>nam-</strong></span> 
     </span>
    </p>
   </div>
   <div class='ocr_carea' id='block_1_37' title="bbox 171 1043 958 1078">
    <p class='ocr_par' dir='ltr' id='par_1_37' title="bbox 171 1043 958 1078">
     <span class='ocr_line' id='line_1_37' title="bbox 171 1043 958 1078; baseline 0.008 -9"><span class='ocrx_word' id='word_1_258' title='bbox 171 1048 224 1078; x_wconf 84' lang='lat' dir='ltr'><strong>que</strong></span> <span class='ocrx_word' id='word_1_259' title='bbox 238 1051 252 1070; x_wconf 87' lang='lat' dir='ltr'><strong>a</strong></span> <span class='ocrx_word' id='word_1_260' title='bbox 265 1043 329 1077; x_wconf 86' lang='lat' dir='ltr'><strong>Deo,</strong></span> <span class='ocrx_word' id='word_1_261' title='bbox 343 1049 370 1071; x_wconf 90' lang='lat' dir='ltr'><strong>et</strong></span> <span class='ocrx_word' id='word_1_262' title='bbox 382 1045 573 1073; x_wconf 85' lang='lat' dir='ltr'><strong>condemuaris</strong></span> <span class='ocrx_word' id='word_1_263' title='bbox 589 1065 596 1078; x_wconf 84' lang='lat'><strong>,</strong></span> <span class='ocrx_word' id='word_1_264' title='bbox 620 1055 670 1074; x_wconf 85' lang='lat' dir='ltr'><strong>cur</strong></span> <span class='ocrx_word' id='word_1_265' title='bbox 685 1054 765 1074; x_wconf 88' lang='lat' dir='ltr'><strong>aures</strong></span> <span class='ocrx_word' id='word_1_266' title='bbox 788 1055 840 1074; x_wconf 88' lang='lat' dir='ltr'><strong>non</strong></span> <span class='ocrx_word' id='word_1_267' title='bbox 857 1048 958 1076; x_wconf 81' lang='lat' dir='ltr'><strong>habeas</strong></span> 
     </span>
    </p>
   </div>
   <div class='ocr_carea' id='block_1_38' title="bbox 171 1088 958 1127">
    <p class='ocr_par' dir='ltr' id='par_1_38' title="bbox 171 1088 958 1127">
     <span class='ocr_line' id='line_1_38' title="bbox 171 1088 958 1127; baseline 0.006 -11"><span class='ocrx_word' id='word_1_268' title='bbox 171 1089 358 1118; x_wconf 80' lang='lat' dir='ltr'><strong>circumcisus.</strong></span> <span class='ocrx_word' id='word_1_269' title='bbox 388 1088 539 1125; x_wconf 87' lang='lat' dir='ltr'><strong>Confugere</strong></span> <span class='ocrx_word' id='word_1_270' title='bbox 573 1091 644 1118; x_wconf 89' lang='lat' dir='ltr'><strong>enim</strong></span> <span class='ocrx_word' id='word_1_271' title='bbox 675 1092 723 1119; x_wconf 89' lang='lat' dir='ltr'><strong>tibi</strong></span> <span class='ocrx_word' id='word_1_272' title='bbox 753 1092 786 1119; x_wconf 85' lang='lat' dir='ltr'><strong>ad</strong></span> <span class='ocrx_word' id='word_1_273' title='bbox 815 1093 958 1127; x_wconf 84' lang='lat' dir='ltr'><strong>allegorias</strong></span> 
     </span>
    </p>
   </div>
   <div class='ocr_carea' id='block_1_39' title="bbox 171 1136 958 1172">
    <p class='ocr_par' dir='ltr' id='par_1_39' title="bbox 171 1136 958 1172">
     <span class='ocr_line' id='line_1_39' title="bbox 171 1136 958 1172; baseline 0.005 -10"><span class='ocrx_word' id='word_1_274' title='bbox 171 1140 289 1167; x_wconf 76' lang='lat' dir='ltr'><strong>nostras,</strong></span> <span class='ocrx_word' id='word_1_275' title='bbox 304 1144 370 1170; x_wconf 86' lang='lat' dir='ltr'><strong>quas</strong></span> <span class='ocrx_word' id='word_1_276' title='bbox 387 1136 482 1164; x_wconf 81' lang='lat' dir='ltr'><strong>Paulus</strong></span> <span class='ocrx_word' id='word_1_277' title='bbox 502 1136 602 1170; x_wconf 81' lang='lat' dir='ltr'><strong>docuit,</strong></span> <span class='ocrx_word' id='word_1_278' title='bbox 616 1146 669 1166; x_wconf 92' lang='lat' dir='ltr'><strong>non</strong></span> <span class='ocrx_word' id='word_1_279' title='bbox 685 1138 823 1172; x_wconf 89' lang='lat' dir='ltr'><strong>permitto.</strong></span> <span class='ocrx_word' id='word_1_280' title='bbox 835 1138 958 1166; x_wconf 85' lang='lat' dir='ltr'><strong>Circum-</strong></span> 
     </span>
    </p>
   </div>
   <div class='ocr_carea' id='block_1_40' title="bbox 170 1180 958 1216">
    <p class='ocr_par' dir='ltr' id='par_1_40' title="bbox 170 1180 958 1216">
     <span class='ocr_line' id='line_1_40' title="bbox 170 1180 958 1216; baseline 0.008 -10"><span class='ocrx_word' id='word_1_281' title='bbox 170 1180 261 1208; x_wconf 83' lang='lat' dir='ltr'><strong>ciderc</strong></span> <span class='ocrx_word' id='word_1_282' title='bbox 275 1182 338 1216; x_wconf 88' lang='lat' dir='ltr'><strong>quid</strong></span> <span class='ocrx_word' id='word_1_283' title='bbox 357 1190 449 1210; x_wconf 86' lang='lat' dir='ltr'><strong>cessas</strong></span> <span class='ocrx_word' id='word_1_284' title='bbox 457 1183 472 1210; x_wconf 63' lang='grc' dir='ltr'><em>ἵ</em></span> <span class='ocrx_word' id='word_1_285' title='bbox 485 1183 584 1211; x_wconf 80' lang='lat' dir='ltr'><strong>Desera</strong></span> <span class='ocrx_word' id='word_1_286' title='bbox 598 1191 678 1211; x_wconf 68' lang='lat' dir='ltr'><strong>aures</strong></span> <span class='ocrx_word' id='word_1_287' title='bbox 689 1205 695 1215; x_wconf 94' lang='lat'><strong>,</strong></span> <span class='ocrx_word' id='word_1_288' title='bbox 719 1185 849 1212; x_wconf 86' lang='lat' dir='ltr'><strong>abscinde</strong></span> <span class='ocrx_word' id='word_1_289' title='bbox 873 1193 958 1212; x_wconf 89' lang='lat' dir='ltr'><strong>mem-</strong></span> 
     </span>
    </p>
   </div>
   <div class='ocr_carea' id='block_1_41' title="bbox 171 1226 957 1261">
    <p class='ocr_par' dir='ltr' id='par_1_41' title="bbox 171 1226 957 1261">
     <span class='ocr_line' id='line_1_41' title="bbox 171 1226 957 1261; baseline 0.006 -9"><span class='ocrx_word' id='word_1_290' title='bbox 171 1226 219 1253; x_wconf 75' lang='lat' dir='ltr'><strong>bra</strong></span> <span class='ocrx_word' id='word_1_291' title='bbox 236 1230 296 1261; x_wconf 62' lang='lat' dir='ltr'><strong>quat</strong></span> <span class='ocrx_word' id='word_1_292' title='bbox 311 1227 384 1255; x_wconf 80' lang='lat' dir='ltr'><strong>Deus</strong></span> <span class='ocrx_word' id='word_1_293' title='bbox 404 1229 437 1255; x_wconf 86' lang='lat' dir='ltr'><strong>ad</strong></span> <span class='ocrx_word' id='word_1_294' title='bbox 459 1229 602 1256; x_wconf 84' lang='lat' dir='ltr'><strong>utilitatem</strong></span> <span class='ocrx_word' id='word_1_295' title='bbox 622 1237 750 1256; x_wconf 86' lang='lat' dir='ltr'><strong>sensuum</strong></span> <span class='ocrx_word' id='word_1_296' title='bbox 772 1235 799 1257; x_wconf 88' lang='lat' dir='ltr'><strong>et</strong></span> <span class='ocrx_word' id='word_1_297' title='bbox 824 1231 856 1257; x_wconf 86' lang='lat' dir='ltr'><strong>ad</strong></span> <span class='ocrx_word' id='word_1_298' title='bbox 875 1238 957 1257; x_wconf 81' lang='lat' dir='ltr'><strong>orna—</strong></span> 
     </span>
    </p>
   </div>
   <div class='ocr_carea' id='block_1_42' title="bbox 171 1273 958 1311">
    <p class='ocr_par' dir='ltr' id='par_1_42' title="bbox 171 1273 958 1311">
     <span class='ocr_line' id='line_1_42' title="bbox 171 1273 958 1311; baseline 0.005 -13"><span class='ocrx_word' id='word_1_299' title='bbox 171 1275 228 1299; x_wconf 87' lang='lat' dir='ltr'><strong>tum</strong></span> <span class='ocrx_word' id='word_1_300' title='bbox 257 1273 369 1300; x_wconf 83' lang='lat' dir='ltr'><strong>immani</strong></span> <span class='ocrx_word' id='word_1_301' title='bbox 399 1278 485 1301; x_wconf 80' lang='lat' dir='ltr'><strong>status</strong></span> <span class='ocrx_word' id='word_1_302' title='bbox 516 1275 627 1302; x_wconf 86' lang='lat' dir='ltr'><strong>creavit.</strong></span> <span class='ocrx_word' id='word_1_303' title='bbox 655 1274 700 1301; x_wconf 88' lang='lat' dir='ltr'><strong>Sic</strong></span> <span class='ocrx_word' id='word_1_304' title='bbox 729 1275 800 1302; x_wconf 90' lang='lat' dir='ltr'><strong>enim</strong></span> <span class='ocrx_word' id='word_1_305' title='bbox 830 1275 958 1311; x_wconf 87' lang='lat' dir='ltr'><strong>intelligis</strong></span> 
     </span>
    </p>
   </div>
   <div class='ocr_carea' id='block_1_43' title="bbox 171 1317 957 1356">
    <p class='ocr_par' dir='ltr' id='par_1_43' title="bbox 171 1317 957 1356">
     <span class='ocr_line' id='line_1_43' title="bbox 171 1317 957 1356; baseline 0.006 -13"><span class='ocrx_word' id='word_1_306' title='bbox 171 1317 253 1344; x_wconf 85' lang='lat' dir='ltr'><strong>verba</strong></span> <span class='ocrx_word' id='word_1_307' title='bbox 281 1318 381 1346; x_wconf 84' lang='lat' dir='ltr'><strong>divina.</strong></span> <span class='ocrx_word' id='word_1_308' title='bbox 405 1319 500 1346; x_wconf 89' lang='lat' dir='ltr'><strong>Sedet</strong></span> <span class='ocrx_word' id='word_1_309' title='bbox 528 1319 600 1345; x_wconf 83' lang='lat' dir='ltr'><strong>aliud</strong></span> <span class='ocrx_word' id='word_1_310' title='bbox 618 1320 666 1347; x_wconf 88' lang='lat' dir='ltr'><strong>tibi</strong></span> <span class='ocrx_word' id='word_1_311' title='bbox 694 1321 782 1347; x_wconf 84' lang='lat' dir='ltr'><strong>adhuc</strong></span> <span class='ocrx_word' id='word_1_312' title='bbox 804 1320 957 1356; x_wconf 85' lang='lat' dir='ltr'><strong>proferam,</strong></span> 
     </span>
    </p>
   </div>
   <div class='ocr_carea' id='block_1_44' title="bbox 172 1360 956 1397">
    <p class='ocr_par' dir='ltr' id='par_1_44' title="bbox 172 1360 956 1397">
     <span class='ocr_line' id='line_1_44' title="bbox 172 1360 956 1397; baseline 0.006 -10"><span class='ocrx_word' id='word_1_313' title='bbox 172 1360 215 1388; x_wconf 90' lang='lat' dir='ltr'><strong>cui</strong></span> <span class='ocrx_word' id='word_1_314' title='bbox 232 1362 418 1389; x_wconf 71' lang='lat' dir='ltr'><strong>contradicere</strong></span> <span class='ocrx_word' id='word_1_315' title='bbox 438 1370 490 1389; x_wconf 92' lang='lat' dir='ltr'><strong>non</strong></span> <span class='ocrx_word' id='word_1_316' title='bbox 510 1364 606 1397; x_wconf 76' lang='lat' dir='ltr'><strong>possis.</strong></span> <span class='ocrx_word' id='word_1_317' title='bbox 623 1364 653 1390; x_wconf 83' lang='lat' dir='ltr'><strong>‘lu</strong></span> <span class='ocrx_word' id='word_1_318' title='bbox 678 1363 788 1397; x_wconf 74' lang='lat' dir='ltr'><strong>Exodo,</strong></span> <span class='ocrx_word' id='word_1_319' title='bbox 805 1366 849 1392; x_wconf 91' lang='lat' dir='ltr'><strong>ubi</strong></span> <span class='ocrx_word' id='word_1_320' title='bbox 863 1372 914 1393; x_wconf 87' lang='lat' dir='ltr'><strong>nos</strong></span> <span class='ocrx_word' id='word_1_321' title='bbox 930 1365 956 1392; x_wconf 88' lang='lat' dir='ltr'><strong>iu</strong></span> 
     </span>
    </p>
   </div>
   <div class='ocr_carea' id='block_1_45' title="bbox 171 1406 957 1444">
    <p class='ocr_par' dir='ltr' id='par_1_45' title="bbox 171 1406 957 1444">
     <span class='ocr_line' id='line_1_45' title="bbox 171 1406 957 1444; baseline 0.006 -12"><span class='ocrx_word' id='word_1_322' title='bbox 171 1406 310 1434; x_wconf 83' lang='lat' dir='ltr'><strong>codic&#39;bns</strong></span> <span class='ocrx_word' id='word_1_323' title='bbox 336 1407 462 1435; x_wconf 71' lang='lat' dir='ltr'><strong>Ecclesiae</strong></span> <span class='ocrx_word' id='word_1_324' title='bbox 474 1409 609 1437; x_wconf 79' lang='lat' dir='ltr'><strong>babcmus</strong></span> <span class='ocrx_word' id='word_1_325' title='bbox 628 1410 773 1443; x_wconf 84' lang='lat' dir='ltr'><strong>scriptum,</strong></span> <span class='ocrx_word' id='word_1_326' title='bbox 791 1411 957 1444; x_wconf 84' lang='lat' dir='ltr'><strong>responden-</strong></span> 
     </span>
    </p>
   </div>
   <div class='ocr_carea' id='block_1_46' title="bbox 174 1453 956 1491">
    <p class='ocr_par' dir='ltr' id='par_1_46' title="bbox 174 1453 956 1491">
     <span class='ocr_line' id='line_1_46' title="bbox 174 1453 956 1491; baseline 0.006 -14"><span class='ocrx_word' id='word_1_327' title='bbox 174 1456 227 1478; x_wconf 80' lang='lat' dir='ltr'><strong>tem</strong></span> <span class='ocrx_word' id='word_1_328' title='bbox 249 1453 280 1479; x_wconf 90' lang='lat' dir='ltr'><strong>ad</strong></span> <span class='ocrx_word' id='word_1_329' title='bbox 293 1453 436 1480; x_wconf 77' lang='lat' dir='ltr'><strong>&#39;Dominuin</strong></span> <span class='ocrx_word' id='word_1_330' title='bbox 460 1453 569 1489; x_wconf 81' lang='lat' dir='ltr'><strong>Moysen</strong></span> <span class='ocrx_word' id='word_1_331' title='bbox 582 1477 588 1487; x_wconf 83' lang='lat'><strong>,</strong></span> <span class='ocrx_word' id='word_1_332' title='bbox 604 1460 628 1482; x_wconf 91' lang='lat' dir='ltr'><strong>el</strong></span> <span class='ocrx_word' id='word_1_333' title='bbox 645 1455 778 1482; x_wconf 87' lang='lat' dir='ltr'><strong>dicentem</strong></span> <span class='ocrx_word' id='word_1_334' title='bbox 794 1455 845 1491; x_wconf 77' lang='grc'><strong>(5)</strong></span> <span class='ocrx_word' id='word_1_335' title='bbox 864 1464 871 1482; x_wconf 86' lang='lat'><strong>:</strong></span> <span class='ocrx_word' id='word_1_336' title='bbox 890 1454 956 1482; x_wconf 82' lang='lat' dir='ltr'><strong>Pra-</strong></span> 
     </span>
    </p>
   </div>
   <div class='ocr_carea' id='block_1_47' title="bbox 173 1497 955 1536">
    <p class='ocr_par' dir='ltr' id='par_1_47' title="bbox 173 1497 955 1536">
     <span class='ocr_line' id='line_1_47' title="bbox 173 1497 955 1536; baseline 0.006 -13"><span class='ocrx_word' id='word_1_337' title='bbox 173 1497 246 1530; x_wconf 68' lang='lat' dir='ltr'><strong>vide,</strong></span> <span class='ocrx_word' id='word_1_338' title='bbox 259 1497 393 1531; x_wconf 76' lang='lat' dir='ltr'><strong>Dominc&#39;,</strong></span> <span class='ocrx_word' id='word_1_339' title='bbox 408 1499 490 1525; x_wconf 82' lang='lat' dir='ltr'><strong>alium</strong></span> <span class='ocrx_word' id='word_1_340' title='bbox 503 1508 577 1533; x_wconf 79' lang='lat' dir='ltr'><strong>quem</strong></span> <span class='ocrx_word' id='word_1_341' title='bbox 593 1501 692 1527; x_wconf 78' lang='lat' dir='ltr'><strong>mittas.</strong></span> <span class='ocrx_word' id='word_1_342' title='bbox 709 1500 764 1535; x_wconf 58' lang='lat' dir='ltr'><strong>ligo</strong></span> <span class='ocrx_word' id='word_1_343' title='bbox 779 1502 846 1528; x_wconf 87' lang='lat' dir='ltr'><strong>enim</strong></span> <span class='ocrx_word' id='word_1_344' title='bbox 863 1501 955 1536; x_wconf 84' lang='lat' dir='ltr'><strong>gracili</strong></span> 
     </span>
    </p>
   </div>
   <div class='ocr_carea' id='block_1_48' title="bbox 173 1544 957 1579">
    <p class='ocr_par' dir='ltr' id='par_1_48' title="bbox 173 1544 957 1579">
     <span class='ocr_line' id='line_1_48' title="bbox 173 1544 957 1579; baseline 0.009 -11"><span class='ocrx_word' id='word_1_345' title='bbox 173 1549 234 1569; x_wconf 78' lang='lat' dir='ltr'><strong>rore</strong></span> <span class='ocrx_word' id='word_1_346' title='bbox 250 1551 318 1575; x_wconf 79' lang='lat' dir='ltr'><strong>sum,</strong></span> <span class='ocrx_word' id='word_1_347' title='bbox 338 1550 361 1569; x_wconf 81' lang='lat' dir='ltr'><strong>et</strong></span> <span class='ocrx_word' id='word_1_348' title='bbox 377 1544 468 1571; x_wconf 75' lang='lat' dir='ltr'><strong>tardus</strong></span> <span class='ocrx_word' id='word_1_349' title='bbox 485 1545 574 1579; x_wconf 81' lang='lat' dir='ltr'><strong>lingua</strong></span> <span class='ocrx_word' id='word_1_350' title='bbox 588 1546 608 1578; x_wconf 82' lang='lat'><strong>&#39;,</strong></span> <span class='ocrx_word' id='word_1_351' title='bbox 623 1553 669 1573; x_wconf 83' lang='lat' dir='ltr'><strong>vos</strong></span> <span class='ocrx_word' id='word_1_352' title='bbox 681 1546 709 1573; x_wconf 91' lang='lat' dir='ltr'><strong>in</strong></span> <span class='ocrx_word' id='word_1_353' title='bbox 727 1546 846 1574; x_wconf 77' lang='lat' dir='ltr'><strong>llebrmis</strong></span> <span class='ocrx_word' id='word_1_354' title='bbox 862 1555 957 1576; x_wconf 47' lang='lat' dir='ltr'><strong>exem:</strong></span> 
     </span>
    </p>
   </div>
   <div class='ocr_carea' id='block_1_49' title="bbox 174 1588 957 1625">
    <p class='ocr_par' dir='ltr' id='par_1_49' title="bbox 174 1588 957 1625">
     <span class='ocr_line' id='line_1_49' title="bbox 174 1588 957 1625; baseline 0.008 -11"><span class='ocrx_word' id='word_1_355' title='bbox 174 1588 296 1622; x_wconf 77' lang='lat' dir='ltr'><strong>plari&#39;bus</strong></span> <span class='ocrx_word' id='word_1_356' title='bbox 333 1589 439 1617; x_wconf 81' lang='lat' dir='ltr'><strong>habetis</strong></span> <span class='ocrx_word' id='word_1_357' title='bbox 466 1590 485 1621; x_wconf 86' lang='grc'><strong>⁸,</strong></span> <span class='ocrx_word' id='word_1_358' title='bbox 529 1590 585 1625; x_wconf 83' lang='lat' dir='ltr'><strong>Ego</strong></span> <span class='ocrx_word' id='word_1_359' title='bbox 624 1596 710 1618; x_wconf 86' lang='lat' dir='ltr'><strong>autem</strong></span> <span class='ocrx_word' id='word_1_360' title='bbox 757 1593 957 1620; x_wconf 71' lang='lat' dir='ltr'><strong>incircumcisus</strong></span> 
     </span>
    </p>
   </div>
   <div class='ocr_carea' id='block_1_50' title="bbox 174 1634 957 1666">
    <p class='ocr_par' dir='ltr' id='par_1_50' title="bbox 174 1634 957 1666">
     <span class='ocr_line' id='line_1_50' title="bbox 174 1634 957 1666; baseline 0.008 -6"><span class='ocrx_word' id='word_1_361' title='bbox 174 1634 251 1661; x_wconf 75' lang='lat' dir='ltr'><strong>labiis</strong></span> <span class='ocrx_word' id='word_1_362' title='bbox 276 1643 345 1663; x_wconf 74' lang='lat' dir='ltr'><strong>sum.</strong></span> <span class='ocrx_word' id='word_1_363' title='bbox 381 1636 449 1662; x_wconf 81' lang='lat' dir='ltr'><strong>Ecce</strong></span> <span class='ocrx_word' id='word_1_364' title='bbox 471 1636 579 1663; x_wconf 82' lang='lat' dir='ltr'><strong>habetis</strong></span> <span class='ocrx_word' id='word_1_365' title='bbox 608 1637 840 1666; x_wconf 82' lang='lat' dir='ltr'><strong>circumcisiOnem</strong></span> <span class='ocrx_word' id='word_1_366' title='bbox 870 1639 957 1666; x_wconf 87' lang='lat' dir='ltr'><strong>labio-</strong></span> 
     </span>
    </p>
   </div>
   <div class='ocr_carea' id='block_1_51' title="bbox 175 1681 958 1719">
    <p class='ocr_par' dir='ltr' id='par_1_51' title="bbox 175 1681 958 1719">
     <span class='ocr_line' id='line_1_51' title="bbox 175 1681 958 1719; baseline 0.006 -14"><span class='ocrx_word' id='word_1_367' title='bbox 175 1686 254 1710; x_wconf 86' lang='lat' dir='ltr'><strong>rum,</strong></span> <span class='ocrx_word' id='word_1_368' title='bbox 283 1681 431 1708; x_wconf 80' lang='lat' dir='ltr'><strong>secundum</strong></span> <span class='ocrx_word' id='word_1_369' title='bbox 460 1687 547 1709; x_wconf 76' lang='lat' dir='ltr'><strong>vestra</strong></span> <span class='ocrx_word' id='word_1_370' title='bbox 572 1691 630 1717; x_wconf 69' lang='lat' dir='ltr'><strong>quae</strong></span> <span class='ocrx_word' id='word_1_371' title='bbox 662 1683 767 1710; x_wconf 87' lang='lat' dir='ltr'><strong>veriora</strong></span> <span class='ocrx_word' id='word_1_372' title='bbox 797 1683 958 1719; x_wconf 73' lang='lat' dir='ltr'><strong>dicitis69</strong></span> 
     </span>
    </p>
   </div>
   <div class='ocr_carea' id='block_1_52' title="bbox 174 1725 959 1765">
    <p class='ocr_par' dir='ltr' id='par_1_52' title="bbox 174 1725 959 1765">
     <span class='ocr_line' id='line_1_52' title="bbox 174 1725 959 1765; baseline 0.006 -13"><span class='ocrx_word' id='word_1_373' title='bbox 174 1725 349 1760; x_wconf 74' lang='lat' dir='ltr'><strong>exemplaria.</strong></span> <span class='ocrx_word' id='word_1_374' title='bbox 373 1726 402 1754; x_wconf 86' lang='lat' dir='ltr'><strong>Si</strong></span> <span class='ocrx_word' id='word_1_375' title='bbox 426 1734 490 1762; x_wconf 82' lang='lat' dir='ltr'><strong>ergo</strong></span> <span class='ocrx_word' id='word_1_376' title='bbox 511 1729 660 1756; x_wconf 89' lang='lat' dir='ltr'><strong>secundmn</strong></span> <span class='ocrx_word' id='word_1_377' title='bbox 682 1737 729 1756; x_wconf 87' lang='lat' dir='ltr'><strong>vos</strong></span> <span class='ocrx_word' id='word_1_378' title='bbox 751 1727 859 1765; x_wconf 80' lang='lat' dir='ltr'><strong>Moyses</strong></span> <span class='ocrx_word' id='word_1_379' title='bbox 889 1730 959 1757; x_wconf 85' lang='lat' dir='ltr'><strong>indi-</strong></span> 
     </span>
    </p>
   </div>
   <div class='ocr_carea' id='block_1_53' title="bbox 174 1773 957 1808">
    <p class='ocr_par' dir='ltr' id='par_1_53' title="bbox 174 1773 957 1808">
     <span class='ocr_line' id='line_1_53' title="bbox 174 1773 957 1808; baseline 0.008 -11"><span class='ocrx_word' id='word_1_380' title='bbox 174 1777 256 1804; x_wconf 72' lang='lat' dir='ltr'><strong>gnum</strong></span> <span class='ocrx_word' id='word_1_381' title='bbox 271 1778 300 1798; x_wconf 88' lang='lat' dir='ltr'><strong>sc</strong></span> <span class='ocrx_word' id='word_1_382' title='bbox 311 1779 371 1799; x_wconf 88' lang='lat' dir='ltr'><strong>esse</strong></span> <span class='ocrx_word' id='word_1_383' title='bbox 390 1773 479 1800; x_wconf 87' lang='lat' dir='ltr'><strong>adlmc</strong></span> <span class='ocrx_word' id='word_1_384' title='bbox 497 1773 573 1807; x_wconf 88' lang='lat' dir='ltr'><strong>dicit,</strong></span> <span class='ocrx_word' id='word_1_385' title='bbox 588 1774 660 1808; x_wconf 89' lang='lat' dir='ltr'><strong>quod</strong></span> <span class='ocrx_word' id='word_1_386' title='bbox 685 1782 736 1802; x_wconf 92' lang='lat' dir='ltr'><strong>non</strong></span> <span class='ocrx_word' id='word_1_387' title='bbox 755 1775 791 1801; x_wconf 90' lang='lat' dir='ltr'><strong>sit</strong></span> <span class='ocrx_word' id='word_1_388' title='bbox 804 1775 957 1802; x_wconf 76' lang='lat' dir='ltr'><strong>labiisuir-</strong></span> 
     </span>
    </p>
   </div>
   <div class='ocr_carea' id='block_1_54' title="bbox 175 1816 958 1854">
    <p class='ocr_par' dir='ltr' id='par_1_54' title="bbox 175 1816 958 1854">
     <span class='ocr_line' id='line_1_54' title="bbox 175 1816 958 1854; baseline 0.005 -12"><span class='ocrx_word' id='word_1_389' title='bbox 175 1816 324 1849; x_wconf 76' lang='lat' dir='ltr'><strong>cumcisus,</strong></span> <span class='ocrx_word' id='word_1_390' title='bbox 346 1822 449 1844; x_wconf 86' lang='lat' dir='ltr'><strong>certum</strong></span> <span class='ocrx_word' id='word_1_391' title='bbox 467 1824 508 1845; x_wconf 87' lang='lat' dir='ltr'><strong>est</strong></span> <span class='ocrx_word' id='word_1_392' title='bbox 529 1819 581 1845; x_wconf 85' lang='lat' dir='ltr'><strong>hoc</strong></span> <span class='ocrx_word' id='word_1_393' title='bbox 597 1818 672 1846; x_wconf 85' lang='lat' dir='ltr'><strong>illum</strong></span> <span class='ocrx_word' id='word_1_394' title='bbox 693 1819 812 1846; x_wconf 86' lang='lat' dir='ltr'><strong>iudicare</strong></span> <span class='ocrx_word' id='word_1_395' title='bbox 824 1819 873 1854; x_wconf 73' lang='grc'><strong>(6),</strong></span> <span class='ocrx_word' id='word_1_396' title='bbox 887 1820 958 1854; x_wconf 90' lang='lat' dir='ltr'><strong>quod</strong></span> 
     </span>
    </p>
   </div>
   <div class='ocr_carea' id='block_1_55' title="bbox 174 1861 960 1899">
    <p class='ocr_par' dir='ltr' id='par_1_55' title="bbox 174 1861 960 1899">
     <span class='ocr_line' id='line_1_55' title="bbox 174 1861 960 1899; baseline 0.006 -12"><span class='ocrx_word' id='word_1_397' title='bbox 174 1861 281 1896; x_wconf 82' lang='lat' dir='ltr'><strong>dignior</strong></span> <span class='ocrx_word' id='word_1_398' title='bbox 299 1863 334 1889; x_wconf 88' lang='lat' dir='ltr'><strong>sit</strong></span> <span class='ocrx_word' id='word_1_399' title='bbox 350 1868 376 1890; x_wconf 92' lang='lat' dir='ltr'><strong>et</strong></span> <span class='ocrx_word' id='word_1_400' title='bbox 401 1864 524 1891; x_wconf 78' lang='lat' dir='ltr'><strong>sanctior</strong></span> <span class='ocrx_word' id='word_1_401' title='bbox 546 1864 589 1891; x_wconf 87' lang='lat' dir='ltr'><strong>ille</strong></span> <span class='ocrx_word' id='word_1_402' title='bbox 602 1865 647 1899; x_wconf 84' lang='lat' dir='ltr'><strong>qui</strong></span> <span class='ocrx_word' id='word_1_403' title='bbox 671 1864 849 1892; x_wconf 88' lang='lat' dir='ltr'><strong>circumcisus</strong></span> <span class='ocrx_word' id='word_1_404' title='bbox 867 1870 907 1892; x_wconf 75' lang='lat' dir='ltr'><strong>est</strong></span> <span class='ocrx_word' id='word_1_405' title='bbox 923 1865 960 1892; x_wconf 86' lang='lat' dir='ltr'><strong>la-</strong></span> 
     </span>
    </p>
   </div>
   <div class='ocr_carea' id='block_1_56' title="bbox 174 1905 959 1945">
    <p class='ocr_par' dir='ltr' id='par_1_56' title="bbox 174 1905 959 1945">
     <span class='ocr_line' id='line_1_56' title="bbox 174 1905 959 1945; baseline 0.004 -11"><span class='ocrx_word' id='word_1_406' title='bbox 174 1905 236 1934; x_wconf 81' lang='lat' dir='ltr'><strong>biis.</strong></span> <span class='ocrx_word' id='word_1_407' title='bbox 261 1908 395 1936; x_wconf 78' lang='lat' dir='ltr'><strong>Adbibetc</strong></span> <span class='ocrx_word' id='word_1_408' title='bbox 420 1917 486 1945; x_wconf 87' lang='lat' dir='ltr'><strong>ergo</strong></span> <span class='ocrx_word' id='word_1_409' title='bbox 511 1910 592 1937; x_wconf 91' lang='lat' dir='ltr'><strong>etiam</strong></span> <span class='ocrx_word' id='word_1_410' title='bbox 620 1910 698 1937; x_wconf 88' lang='lat' dir='ltr'><strong>labiis</strong></span> <span class='ocrx_word' id='word_1_411' title='bbox 729 1909 839 1942; x_wconf 78' lang='lat' dir='ltr'><strong>falcem,</strong></span> <span class='ocrx_word' id='word_1_412' title='bbox 855 1915 882 1938; x_wconf 90' lang='lat' dir='ltr'><strong>et</strong></span> <span class='ocrx_word' id='word_1_413' title='bbox 899 1910 959 1938; x_wconf 86' lang='lat' dir='ltr'><strong>oris</strong></span> 
     </span>
    </p>
   </div>
   <div class='ocr_carea' id='block_1_57' title="bbox 174 1953 958 1990">
    <p class='ocr_par' dir='ltr' id='par_1_57' title="bbox 174 1953 958 1990">
     <span class='ocr_line' id='line_1_57' title="bbox 174 1953 958 1990; baseline 0.005 -11"><span class='ocrx_word' id='word_1_414' title='bbox 174 1953 341 1987; x_wconf 86' lang='lat' dir='ltr'><strong>operimenta</strong></span> <span class='ocrx_word' id='word_1_415' title='bbox 358 1955 494 1987; x_wconf 77' lang='lat' dir='ltr'><strong>dcsecate,</strong></span> <span class='ocrx_word' id='word_1_416' title='bbox 506 1956 616 1989; x_wconf 86' lang='lat' dir='ltr'><strong>quando</strong></span> <span class='ocrx_word' id='word_1_417' title='bbox 629 1955 738 1990; x_wconf 83' lang='lat' dir='ltr'><strong>quidem</strong></span> <span class='ocrx_word' id='word_1_418' title='bbox 754 1956 818 1983; x_wconf 83' lang='lat' dir='ltr'><strong>talis</strong></span> <span class='ocrx_word' id='word_1_419' title='bbox 841 1956 918 1983; x_wconf 90' lang='lat' dir='ltr'><strong>vobis</strong></span> <span class='ocrx_word' id='word_1_420' title='bbox 932 1956 958 1983; x_wconf 87' lang='lat' dir='ltr'><strong>in</strong></span> 
     </span>
    </p>
   </div>
   <div class='ocr_carea' id='block_1_58' title="bbox 174 1998 959 2034">
    <p class='ocr_par' dir='ltr' id='par_1_58' title="bbox 174 1998 959 2034">
     <span class='ocr_line' id='line_1_58' title="bbox 174 1998 959 2034; baseline 0.005 -10"><span class='ocrx_word' id='word_1_421' title='bbox 174 1998 274 2025; x_wconf 76' lang='lat' dir='ltr'><strong>divinis</strong></span> <span class='ocrx_word' id='word_1_422' title='bbox 289 1998 388 2026; x_wconf 79' lang='lat' dir='ltr'><strong>litteris</strong></span> <span class='ocrx_word' id='word_1_423' title='bbox 403 2000 554 2034; x_wconf 78' lang='lat' dir='ltr'><strong>cumplacet</strong></span> <span class='ocrx_word' id='word_1_424' title='bbox 574 2001 743 2028; x_wconf 83' lang='lat' dir='ltr'><strong>intellectus.</strong></span> <span class='ocrx_word' id='word_1_425' title='bbox 767 2001 845 2033; x_wconf 90' lang='lat' dir='ltr'><strong>Quod</strong></span> <span class='ocrx_word' id='word_1_426' title='bbox 863 2001 886 2028; x_wconf 89' lang='lat' dir='ltr'><strong>si</strong></span> <span class='ocrx_word' id='word_1_427' title='bbox 903 2001 959 2028; x_wconf 87' lang='lat' dir='ltr'><strong>cir-</strong></span> 
     </span>
    </p>
   </div>
   <div class='ocr_carea' id='block_1_59' title="bbox 175 2043 960 2080">
    <p class='ocr_par' dir='ltr' id='par_1_59' title="bbox 175 2043 960 2080">
     <span class='ocr_line' id='line_1_59' title="bbox 175 2043 960 2080; baseline 0.006 -12"><span class='ocrx_word' id='word_1_428' title='bbox 175 2043 370 2070; x_wconf 80' lang='lat' dir='ltr'><strong>cumcisiouem</strong></span> <span class='ocrx_word' id='word_1_429' title='bbox 388 2044 523 2072; x_wconf 87' lang='lat' dir='ltr'><strong>labiorqu</strong></span> <span class='ocrx_word' id='word_1_430' title='bbox 539 2046 571 2072; x_wconf 91' lang='lat' dir='ltr'><strong>ad</strong></span> <span class='ocrx_word' id='word_1_431' title='bbox 591 2045 746 2080; x_wconf 80' lang='lat' dir='ltr'><strong>allegoriam</strong></span> <span class='ocrx_word' id='word_1_432' title='bbox 767 2046 916 2078; x_wconf 87' lang='lat' dir='ltr'><strong>revocatis,</strong></span> <span class='ocrx_word' id='word_1_433' title='bbox 932 2052 960 2073; x_wconf 84' lang='lat' dir='ltr'><strong>et</strong></span> 
     </span>
    </p>
   </div>
   <div class='ocr_carea' id='block_1_60' title="bbox 175 2088 959 2126">
    <p class='ocr_par' dir='ltr' id='par_1_60' title="bbox 175 2088 959 2126">
     <span class='ocr_line' id='line_1_60' title="bbox 175 2088 959 2126; baseline 0.003 -11"><span class='ocrx_word' id='word_1_434' title='bbox 175 2088 414 2116; x_wconf 79' lang='lat' dir='ltr'><strong>circumcisionem</strong></span> <span class='ocrx_word' id='word_1_435' title='bbox 444 2091 550 2117; x_wconf 86' lang='lat' dir='ltr'><strong>aurium</strong></span> <span class='ocrx_word' id='word_1_436' title='bbox 584 2091 761 2118; x_wconf 80' lang='lat' dir='ltr'><strong>nihilominus</strong></span> <span class='ocrx_word' id='word_1_437' title='bbox 784 2091 959 2126; x_wconf 78' lang='lat' dir='ltr'><strong>allegoricam</strong></span> 
     </span>
    </p>
   </div>
   <div class='ocr_carea' id='block_1_61' title="bbox 177 2133 960 2170">
    <p class='ocr_par' dir='ltr' id='par_1_61' title="bbox 177 2133 960 2170">
     <span class='ocr_line' id='line_1_61' title="bbox 177 2133 960 2170; baseline 0.005 -10"><span class='ocrx_word' id='word_1_438' title='bbox 177 2133 269 2161; x_wconf 75' lang='lat' dir='ltr'><strong>dicitis</strong></span> <span class='ocrx_word' id='word_1_439' title='bbox 284 2139 312 2161; x_wconf 91' lang='lat' dir='ltr'><strong>et</strong></span> <span class='ocrx_word' id='word_1_440' title='bbox 327 2135 478 2169; x_wconf 83' lang='lat' dir='ltr'><strong>liguraletn,</strong></span> <span class='ocrx_word' id='word_1_441' title='bbox 497 2137 632 2170; x_wconf 76' lang='lat' dir='ltr'><strong>quomodo</strong></span> <span class='ocrx_word' id='word_1_442' title='bbox 650 2145 702 2165; x_wconf 90' lang='lat' dir='ltr'><strong>non</strong></span> <span class='ocrx_word' id='word_1_443' title='bbox 726 2143 753 2166; x_wconf 90' lang='lat' dir='ltr'><strong>et</strong></span> <span class='ocrx_word' id='word_1_444' title='bbox 774 2138 800 2165; x_wconf 90' lang='lat' dir='ltr'><strong>in</strong></span> <span class='ocrx_word' id='word_1_445' title='bbox 815 2138 960 2165; x_wconf 90' lang='lat' dir='ltr'><strong>circumci-</strong></span> 
     </span>
    </p>
   </div>
   <div class='ocr_carea' id='block_1_62' title="bbox 176 2179 998 2228">
    <p class='ocr_par' dir='ltr' id='par_1_62' title="bbox 176 2179 998 2228">
     <span class='ocr_line' id='line_1_62' title="bbox 176 2179 998 2228; baseline 0.006 -22"><span class='ocrx_word' id='word_1_446' title='bbox 176 2179 253 2228; x_wconf 69' lang='lat' dir='ltr'><strong>sione</strong></span> <span class='ocrx_word' id='word_1_447' title='bbox 265 2181 387 2228; x_wconf 74' lang='lat' dir='ltr'><strong>prtepntii</strong></span> <span class='ocrx_word' id='word_1_448' title='bbox 402 2181 565 2228; x_wconf 72' lang='lat' dir='ltr'><strong>allegoriam</strong></span> <span class='ocrx_word' id='word_1_449' title='bbox 582 2183 738 2217; x_wconf 75' lang='lat' dir='ltr'><strong>requiritis?</strong></span> <span class='ocrx_word' id='word_1_450' title='bbox 752 2183 805 2210; x_wconf 89' lang='lat' dir='ltr'><strong>Sed</strong></span> <span class='ocrx_word' id='word_1_451' title='bbox 826 2183 885 2211; x_wconf 87' lang='lat' dir='ltr'><strong>illos</strong></span> <span class='ocrx_word' id='word_1_452' title='bbox 897 2183 958 2218; x_wconf 73' lang='lat' dir='ltr'><strong>qoi~</strong></span> <span class='ocrx_word' id='word_1_453' title='bbox 974 2201 998 2228; x_wconf 68' lang='grc' dir='ltr'>ο</span> 
     </span>
    </p>
   </div>
   <div class='ocr_carea' id='block_1_63' title="bbox 176 2225 959 2259">
    <p class='ocr_par' dir='ltr' id='par_1_63' title="bbox 176 2225 959 2259">
     <span class='ocr_line' id='line_1_63' title="bbox 176 2225 959 2259; baseline 0.004 -8"><span class='ocrx_word' id='word_1_454' title='bbox 176 2225 238 2252; x_wconf 92' lang='lat' dir='ltr'><strong>dem</strong></span> <span class='ocrx_word' id='word_1_455' title='bbox 251 2226 295 2259; x_wconf 83' lang='lat' dir='ltr'><strong>qui</strong></span> <span class='ocrx_word' id='word_1_456' title='bbox 306 2226 337 2252; x_wconf 89' lang='lat' dir='ltr'><strong>ad</strong></span> <span class='ocrx_word' id='word_1_457' title='bbox 356 2226 487 2254; x_wconf 79' lang='lat' dir='ltr'><strong>idolorum</strong></span> <span class='ocrx_word' id='word_1_458' title='bbox 503 2227 610 2254; x_wconf 90' lang='lat' dir='ltr'><strong>modum</strong></span> <span class='ocrx_word' id='word_1_459' title='bbox 623 2235 699 2255; x_wconf 82' lang='lat' dir='ltr'><strong>aures</strong></span> <span class='ocrx_word' id='word_1_460' title='bbox 707 2229 801 2256; x_wconf 79' lang='lat' dir='ltr'><strong>habent</strong></span> <span class='ocrx_word' id='word_1_461' title='bbox 811 2234 834 2255; x_wconf 84' lang='lat' dir='ltr'><strong>et</strong></span> <span class='ocrx_word' id='word_1_462' title='bbox 849 2236 899 2255; x_wconf 82' lang='lat' dir='ltr'><strong>non</strong></span> <span class='ocrx_word' id='word_1_463' title='bbox 910 2236 959 2254; x_wconf 88' lang='lat' dir='ltr'><strong>au-</strong></span> 
     </span>
    </p>
   </div>
   <div class='ocr_carea' id='block_1_64' title="bbox 176 2271 959 2307">
    <p class='ocr_par' dir='ltr' id='par_1_64' title="bbox 176 2271 959 2307">
     <span class='ocr_line' id='line_1_64' title="bbox 176 2271 959 2307; baseline 0.005 -11"><span class='ocrx_word' id='word_1_464' title='bbox 176 2271 262 2303; x_wconf 74' lang='lat' dir='ltr'><strong>diunt,</strong></span> <span class='ocrx_word' id='word_1_465' title='bbox 282 2276 304 2297; x_wconf 89' lang='lat' dir='ltr'><strong>et</strong></span> <span class='ocrx_word' id='word_1_466' title='bbox 327 2272 417 2299; x_wconf 78' lang='lat' dir='ltr'><strong>oculos</strong></span> <span class='ocrx_word' id='word_1_467' title='bbox 442 2274 535 2299; x_wconf 78' lang='lat' dir='ltr'><strong>habent</strong></span> <span class='ocrx_word' id='word_1_468' title='bbox 552 2279 574 2300; x_wconf 74' lang='lat' dir='ltr'><strong>ct</strong></span> <span class='ocrx_word' id='word_1_469' title='bbox 589 2282 640 2300; x_wconf 83' lang='lat' dir='ltr'><strong>non</strong></span> <span class='ocrx_word' id='word_1_470' title='bbox 664 2274 778 2307; x_wconf 77' lang='lat' dir='ltr'><strong>vident&quot;,</strong></span> <span class='ocrx_word' id='word_1_471' title='bbox 791 2274 959 2302; x_wconf 87' lang='lat' dir='ltr'><strong>omittamus.</strong></span> 
     </span>
    </p>
   </div>
   <div class='ocr_carea' id='block_1_65' title="bbox 184 2314 960 2355">
    <p class='ocr_par' dir='ltr' id='par_1_65' title="bbox 184 2314 960 2355">
     <span class='ocr_line' id='line_1_65' title="bbox 184 2314 960 2355; baseline 0.004 -12"><span class='ocrx_word' id='word_1_472' title='bbox 184 2314 231 2344; x_wconf 66' lang='lat' dir='ltr'><strong>Vos</strong></span> <span class='ocrx_word' id='word_1_473' title='bbox 246 2322 336 2344; x_wconf 91' lang='lat' dir='ltr'><strong>autem</strong></span> <span class='ocrx_word' id='word_1_474' title='bbox 352 2318 467 2352; x_wconf 86' lang='lat' dir='ltr'><strong>populus</strong></span> <span class='ocrx_word' id='word_1_475' title='bbox 480 2319 538 2352; x_wconf 85' lang='lat' dir='ltr'><strong>Dei,</strong></span> <span class='ocrx_word' id='word_1_476' title='bbox 549 2324 576 2346; x_wconf 90' lang='lat' dir='ltr'><strong>et</strong></span> <span class='ocrx_word' id='word_1_477' title='bbox 591 2320 704 2354; x_wconf 88' lang='lat' dir='ltr'><strong>populus</strong></span> <span class='ocrx_word' id='word_1_478' title='bbox 717 2321 743 2347; x_wconf 91' lang='lat' dir='ltr'><strong>iu</strong></span> <span class='ocrx_word' id='word_1_479' title='bbox 755 2320 960 2355; x_wconf 83' lang='lat' dir='ltr'><strong>acquisilioncm</strong></span> 
     </span>
    </p>
   </div>
   <div class='ocr_carea' id='block_1_66' title="bbox 211 2371 967 2407">
    <p class='ocr_par' dir='ltr' id='par_1_66' title="bbox 211 2371 967 2407">
     <span class='ocr_line' id='line_1_66' title="bbox 211 2371 967 2407; baseline 0.004 -10"><span class='ocrx_word' id='word_1_480' title='bbox 211 2372 234 2388; x_wconf 82' lang='lat'><strong><em>”</em></strong></span> <span class='ocrx_word' id='word_1_481' title='bbox 250 2371 349 2399; x_wconf 78' lang='lat' dir='ltr'><strong>Jrrem.</strong></span> <span class='ocrx_word' id='word_1_482' title='bbox 367 2380 404 2404; x_wconf 77' lang='lat' dir='ltr'><strong>vr,</strong></span> <span class='ocrx_word' id='word_1_483' title='bbox 426 2373 469 2401; x_wconf 87' lang='grc'><strong>10.</strong></span> <span class='ocrx_word' id='word_1_484' title='bbox 509 2373 516 2388; x_wconf 91' lang='grc'>¹</span> <span class='ocrx_word' id='word_1_485' title='bbox 543 2374 625 2401; x_wconf 83' lang='lat' dir='ltr'><strong>Exod.</strong></span> <span class='ocrx_word' id='word_1_486' title='bbox 657 2383 692 2407; x_wconf 85' lang='lat' dir='ltr'><strong>Iv,</strong></span> <span class='ocrx_word' id='word_1_487' title='bbox 720 2375 762 2401; x_wconf 82' lang='grc'><strong>15.</strong></span> <span class='ocrx_word' id='word_1_488' title='bbox 799 2376 809 2391; x_wconf 89' lang='grc'>¹</span> <span class='ocrx_word' id='word_1_489' title='bbox 826 2373 905 2406; x_wconf 84' lang='lat' dir='ltr'><strong>lbid.,</strong></span> <span class='ocrx_word' id='word_1_490' title='bbox 924 2374 967 2400; x_wconf 87' lang='grc'><strong>10.</strong></span> 
     </span>
    </p>
   </div>
   <div class='ocr_carea' id='block_1_67' title="bbox 202 2407 957 2444">
    <p class='ocr_par' dir='ltr' id='par_1_67' title="bbox 202 2407 957 2444">
     <span class='ocr_line' id='line_1_67' title="bbox 202 2407 957 2444; baseline 0.003 -11"><span class='ocrx_word' id='word_1_491' title='bbox 202 2407 298 2434; x_wconf 78' lang='lat' dir='ltr'><strong>Matth.</strong></span> <span class='ocrx_word' id='word_1_492' title='bbox 319 2415 383 2440; x_wconf 70' lang='lat' dir='ltr'><strong>uti,</strong></span> <span class='ocrx_word' id='word_1_493' title='bbox 401 2408 427 2436; x_wconf 83' lang='lat'><strong>9.</strong></span> <span class='ocrx_word' id='word_1_494' title='bbox 464 2408 475 2424; x_wconf 94' lang='lat'><strong><em>&quot;</em></strong></span> <span class='ocrx_word' id='word_1_495' title='bbox 489 2407 562 2436; x_wconf 85' lang='lat' dir='ltr'><strong>Psal.</strong></span> <span class='ocrx_word' id='word_1_496' title='bbox 576 2417 631 2444; x_wconf 77' lang='lat' dir='ltr'><strong>cxt,</strong></span> <span class='ocrx_word' id='word_1_497' title='bbox 647 2410 674 2437; x_wconf 86' lang='lat'><strong>5.</strong></span> <span class='ocrx_word' id='word_1_498' title='bbox 711 2410 723 2425; x_wconf 77' lang='grc'>⁸</span> <span class='ocrx_word' id='word_1_499' title='bbox 739 2409 809 2437; x_wconf 86' lang='lat' dir='ltr'><strong>l&#39;sal.</strong></span> <span class='ocrx_word' id='word_1_500' title='bbox 826 2418 911 2442; x_wconf 81' lang='lat' dir='ltr'><strong>uxu,</strong></span> <span class='ocrx_word' id='word_1_501' title='bbox 930 2408 957 2435; x_wconf 77' lang='grc' dir='ltr'><strong>Ἰ.</strong></span> 
     </span>
    </p>
   </div>
   <div class='ocr_carea' id='block_1_68' title="bbox 213 2453 957 2489">
    <p class='ocr_par' dir='ltr' id='par_1_68' title="bbox 213 2453 957 2489">
     <span class='ocr_line' id='line_1_68' title="bbox 213 2453 957 2489; baseline 0.003 -9"><span class='ocrx_word' id='word_1_502' title='bbox 213 2453 251 2489; x_wconf 87' lang='grc'><strong>(1)</strong></span> <span class='ocrx_word' id='word_1_503' title='bbox 266 2453 406 2486; x_wconf 80' lang='lat' dir='ltr'><strong>Ebionitw,</strong></span> <span class='ocrx_word' id='word_1_504' title='bbox 427 2458 478 2481; x_wconf 83' lang='lat' dir='ltr'><strong>etc.</strong></span> <span class='ocrx_word' id='word_1_505' title='bbox 502 2455 603 2482; x_wconf 61' lang='lat' dir='ltr'><strong>A&#39;llndit</strong></span> <span class='ocrx_word' id='word_1_506' title='bbox 626 2457 659 2483; x_wconf 87' lang='lat' dir='ltr'><strong>ad</strong></span> <span class='ocrx_word' id='word_1_507' title='bbox 676 2463 767 2483; x_wconf 89' lang='lat' dir='ltr'><strong>vocem</strong></span> <span class='ocrx_word' id='word_1_508' title='bbox 786 2455 957 2488; x_wconf 83' lang='lat' dir='ltr'><strong>Ilchraicam,</strong></span> 
     </span>
    </p>
   </div>
   <div class='ocr_carea' id='block_1_69' title="bbox 176 2490 858 2526">
    <p class='ocr_par' dir='ltr' id='par_1_69' title="bbox 176 2490 858 2526">
     <span class='ocr_line' id='line_1_69' title="bbox 176 2490 858 2526; baseline 0.003 -9"><span class='ocrx_word' id='word_1_509' title='bbox 176 2490 350 2526; x_wconf 54' lang='lat' dir='ltr'><strong>[imamque</strong></span> <span class='ocrx_word' id='word_1_510' title='bbox 367 2490 513 2524; x_wconf 80' lang='lat' dir='ltr'><strong>signiﬁcat,</strong></span> <span class='ocrx_word' id='word_1_511' title='bbox 530 2496 720 2526; x_wconf 62' lang='lat' dir='ltr'><strong>panperentet</strong></span> <span class='ocrx_word' id='word_1_512' title='bbox 732 2498 858 2526; x_wconf 70' lang='lat' dir='ltr'><strong>egenum.</strong></span> 
     </span>
    </p>
   </div>
   <div class='ocr_carea' id='block_1_70' title="bbox 223 2524 851 2560">
    <p class='ocr_par' dir='ltr' id='par_1_70' title="bbox 223 2524 851 2560">
     <span class='ocr_line' id='line_1_70' title="bbox 223 2524 851 2560; baseline 0.002 -9"><span class='ocrx_word' id='word_1_513' title='bbox 223 2524 251 2560; x_wconf 62' lang='grc' dir='ltr'><strong>ἓ)</strong></span> <span class='ocrx_word' id='word_1_514' title='bbox 265 2525 339 2560; x_wconf 50' lang='grc' dir='ltr'>ωδε,</span> <span class='ocrx_word' id='word_1_515' title='bbox 357 2526 512 2557; x_wconf 78' lang='lat' dir='ltr'><strong>inducitur;</strong></span> <span class='ocrx_word' id='word_1_516' title='bbox 538 2525 601 2552; x_wconf 88' lang='lat' dir='ltr'><strong>libb.</strong></span> <span class='ocrx_word' id='word_1_517' title='bbox 622 2525 697 2554; x_wconf 84' lang='lat' dir='ltr'><strong>editi,</strong></span> <span class='ocrx_word' id='word_1_518' title='bbox 715 2524 851 2552; x_wconf 80' lang='lat' dir='ltr'><strong>indicitur.</strong></span> 
     </span>
    </p>
   </div>
   <div class='ocr_carea' id='block_1_71' title="bbox 224 2559 958 2593">
    <p class='ocr_par' dir='ltr' id='par_1_71' title="bbox 224 2559 958 2593">
     <span class='ocr_line' id='line_1_71' title="bbox 224 2559 958 2593; baseline 0 -7"><span class='ocrx_word' id='word_1_519' title='bbox 224 2561 251 2589; x_wconf 83' lang='lat'><strong>5)</strong></span> <span class='ocrx_word' id='word_1_520' title='bbox 282 2559 404 2592; x_wconf 82' lang='lat' dir='ltr'><strong>Proride,</strong></span> <span class='ocrx_word' id='word_1_521' title='bbox 426 2560 548 2586; x_wconf 81' lang='lat' dir='ltr'><strong>Domine.</strong></span> <span class='ocrx_word' id='word_1_522' title='bbox 578 2559 724 2593; x_wconf 85' lang='lat' dir='ltr'><strong>Conluudit</strong></span> <span class='ocrx_word' id='word_1_523' title='bbox 744 2560 876 2593; x_wconf 81' lang='lat' dir='ltr'><strong>Origenes</strong></span> <span class='ocrx_word' id='word_1_524' title='bbox 903 2565 958 2586; x_wconf 81' lang='lat' dir='ltr'><strong>tres</strong></span> 
     </span>
    </p>
   </div>
   <div class='ocr_carea' id='block_1_72' title="bbox 178 2592 956 2629">
    <p class='ocr_par' dir='ltr' id='par_1_72' title="bbox 178 2592 956 2629">
     <span class='ocr_line' id='line_1_72' title="bbox 178 2592 956 2629; baseline 0 -9"><span class='ocrx_word' id='word_1_525' title='bbox 178 2592 335 2626; x_wconf 68' lang='lat' dir='ltr'><strong>veisiculos,</strong></span> <span class='ocrx_word' id='word_1_526' title='bbox 353 2602 449 2629; x_wconf 88' lang='lat' dir='ltr'><strong>nempe</strong></span> <span class='ocrx_word' id='word_1_527' title='bbox 461 2592 704 2627; x_wconf 65' lang='lat' dir='ltr'><strong>tSeIIOcapitistv</strong></span> <span class='ocrx_word' id='word_1_528' title='bbox 720 2592 814 2625; x_wconf 74' lang='lat' dir='ltr'><strong>Exodi.</strong></span> <span class='ocrx_word' id='word_1_529' title='bbox 831 2603 880 2622; x_wconf 92' lang='lat' dir='ltr'><strong>ucc</strong></span> <span class='ocrx_word' id='word_1_530' title='bbox 904 2603 956 2621; x_wconf 89' lang='lat' dir='ltr'><strong>non</strong></span> 
     </span>
    </p>
   </div>
   <div class='ocr_carea' id='block_1_73' title="bbox 177 2629 961 2663">
    <p class='ocr_par' dir='ltr' id='par_1_73' title="bbox 177 2629 961 2663">
     <span class='ocr_line' id='line_1_73' title="bbox 177 2629 961 2663; baseline 0 -7"><span class='ocrx_word' id='word_1_531' title='bbox 177 2637 285 2656; x_wconf 75' lang='lat' dir='ltr'><strong>versum</strong></span> <span class='ocrx_word' id='word_1_532' title='bbox 299 2630 333 2655; x_wconf 79' lang='lat'><strong>50</strong></span> <span class='ocrx_word' id='word_1_533' title='bbox 346 2631 443 2663; x_wconf 84' lang='lat' dir='ltr'><strong>capitis</strong></span> <span class='ocrx_word' id='word_1_534' title='bbox 455 2637 480 2657; x_wconf 78' lang='grc' dir='ltr'><strong>νι</strong></span> <span class='ocrx_word' id='word_1_535' title='bbox 498 2630 617 2663; x_wconf 80' lang='lat' dir='ltr'><strong>ejusdem</strong></span> <span class='ocrx_word' id='word_1_536' title='bbox 632 2629 705 2656; x_wconf 86' lang='lat' dir='ltr'><strong>libri.</strong></span> <span class='ocrx_word' id='word_1_537' title='bbox 721 2629 776 2657; x_wconf 88' lang='lat' dir='ltr'><strong>lloc</strong></span> <span class='ocrx_word' id='word_1_538' title='bbox 791 2630 885 2656; x_wconf 89' lang='lat' dir='ltr'><strong>ultimo</strong></span> <span class='ocrx_word' id='word_1_539' title='bbox 902 2630 961 2656; x_wconf 82' lang='lat' dir='ltr'><strong>loco</strong></span> 
     </span>
    </p>
   </div>
   <div class='ocr_carea' id='block_1_74' title="bbox 179 2664 960 2698">
    <p class='ocr_par' dir='ltr' id='par_1_74' title="bbox 179 2664 960 2698">
     <span class='ocr_line' id='line_1_74' title="bbox 179 2664 960 2698; baseline -0.001 -7"><span class='ocrx_word' id='word_1_540' title='bbox 179 2665 223 2691; x_wconf 90' lang='lat' dir='ltr'><strong>ubi</strong></span> <span class='ocrx_word' id='word_1_541' title='bbox 244 2664 370 2690; x_wconf 69' lang='lat' dir='ltr'><strong>Hebraeus</strong></span> <span class='ocrx_word' id='word_1_542' title='bbox 387 2669 477 2692; x_wconf 75' lang='lat' dir='ltr'><strong>textus</strong></span> <span class='ocrx_word' id='word_1_543' title='bbox 498 2665 598 2692; x_wconf 82' lang='lat' dir='ltr'><strong>habet:</strong></span> <span class='ocrx_word' id='word_1_544' title='bbox 615 2664 680 2691; x_wconf 76' lang='lat' dir='ltr'><strong>Em</strong></span> <span class='ocrx_word' id='word_1_545' title='bbox 700 2672 746 2698; x_wconf 82' lang='lat' dir='ltr'><strong>ego</strong></span> <span class='ocrx_word' id='word_1_546' title='bbox 762 2665 960 2691; x_wconf 76' lang='lat' dir='ltr'><strong>incircumcisus</strong></span> 
     </span>
    </p>
   </div>
   <div class='ocr_carea' id='block_1_75' title="bbox 178 2698 960 2734">
    <p class='ocr_par' dir='ltr' id='par_1_75' title="bbox 178 2698 960 2734">
     <span class='ocr_line' id='line_1_75' title="bbox 178 2698 960 2734; baseline 0.001 -10"><span class='ocrx_word' id='word_1_547' title='bbox 178 2699 267 2731; x_wconf 77' lang='lat' dir='ltr'><strong>labiis,</strong></span> <span class='ocrx_word' id='word_1_548' title='bbox 283 2699 460 2734; x_wconf 74' lang='lat' dir='ltr'><strong>Septuaginta</strong></span> <span class='ocrx_word' id='word_1_549' title='bbox 478 2704 635 2728; x_wconf 70' lang='lat' dir='ltr'><strong>verterunt:</strong></span> <span class='ocrx_word' id='word_1_550' title='bbox 653 2698 720 2726; x_wconf 75' lang='lat' dir='ltr'><strong>Ecce</strong></span> <span class='ocrx_word' id='word_1_551' title='bbox 735 2707 781 2734; x_wconf 77' lang='lat' dir='ltr'><strong>ego</strong></span> <span class='ocrx_word' id='word_1_552' title='bbox 796 2700 888 2734; x_wconf 80' lang='lat' dir='ltr'><strong>gracili</strong></span> <span class='ocrx_word' id='word_1_553' title='bbox 901 2707 960 2727; x_wconf 77' lang='lat' dir='ltr'><strong>voce</strong></span> 
     </span>
    </p>
   </div>
   <div class='ocr_carea' id='block_1_76' title="bbox 177 2741 245 2760">
    <p class='ocr_par' dir='ltr' id='par_1_76' title="bbox 177 2741 245 2760">
     <span class='ocr_line' id='line_1_76' title="bbox 177 2741 245 2760; baseline 0.029 -2"><span class='ocrx_word' id='word_1_554' title='bbox 177 2742 188 2758; x_wconf 66' lang='grc'><em>8</em></span> <span class='ocrx_word' id='word_1_555' title='bbox 192 2741 234 2759; x_wconf 71' lang='lat' dir='ltr'><strong>&quot;Ill</strong></span> <span class='ocrx_word' id='word_1_556' title='bbox 240 2755 245 2760; x_wconf 93' lang='lat'><strong>.</strong></span> 
     </span>
    </p>
   </div>
   <div class='ocr_carea' id='block_1_77' title="bbox 215 2767 959 2802">
    <p class='ocr_par' dir='ltr' id='par_1_77' title="bbox 215 2767 959 2802">
     <span class='ocr_line' id='line_1_77' title="bbox 215 2767 959 2802; baseline 0.003 -9"><span class='ocrx_word' id='word_1_557' title='bbox 215 2768 254 2801; x_wconf 75' lang='grc'><strong>(4)</strong></span> <span class='ocrx_word' id='word_1_558' title='bbox 273 2767 353 2794; x_wconf 87' lang='lat' dir='ltr'><strong>Illum</strong></span> <span class='ocrx_word' id='word_1_559' title='bbox 371 2769 498 2795; x_wconf 74' lang='lat' dir='ltr'><strong>indicare.</strong></span> <span class='ocrx_word' id='word_1_560' title='bbox 524 2769 569 2797; x_wconf 85' lang='lat' dir='ltr'><strong>Sic</strong></span> <span class='ocrx_word' id='word_1_561' title='bbox 593 2777 670 2802; x_wconf 87' lang='lat' dir='ltr'><strong>Inss.,</strong></span> <span class='ocrx_word' id='word_1_562' title='bbox 695 2769 756 2797; x_wconf 85' lang='lat' dir='ltr'><strong>libb.</strong></span> <span class='ocrx_word' id='word_1_563' title='bbox 769 2775 858 2797; x_wconf 85' lang='lat' dir='ltr'><strong>autem</strong></span> <span class='ocrx_word' id='word_1_564' title='bbox 884 2769 959 2801; x_wconf 84' lang='lat' dir='ltr'><strong>editi,</strong></span> 
     </span>
    </p>
   </div>
   <div class='ocr_carea' id='block_1_78' title="bbox 179 2802 391 2830">
    <p class='ocr_par' dir='ltr' id='par_1_78' title="bbox 179 2802 391 2830">
     <span class='ocr_line' id='line_1_78' title="bbox 179 2802 391 2830; baseline 0.009 -3"><span class='ocrx_word' id='word_1_565' title='bbox 179 2802 249 2829; x_wconf 78' lang='lat' dir='ltr'><strong>illud</strong></span> <span class='ocrx_word' id='word_1_566' title='bbox 264 2803 391 2830; x_wconf 62' lang='lat' dir='ltr'><strong>indicare.</strong></span> 
     </span>
    </p>
   </div>
   <div class='ocr_carea' id='block_1_79' title="bbox 1008 903 1796 941">
    <p class='ocr_par' dir='ltr' id='par_1_79' title="bbox 1008 903 1796 941">
     <span class='ocr_line' id='line_1_79' title="bbox 1008 903 1796 941; baseline -0.01 -4"><span class='ocrx_word' id='word_1_567' title='bbox 1008 909 1134 937; x_wconf 77' lang='lat' dir='ltr'><strong>cumcisis</strong></span> <span class='ocrx_word' id='word_1_568' title='bbox 1149 913 1176 936; x_wconf 89' lang='lat' dir='ltr'><strong>et</strong></span> <span class='ocrx_word' id='word_1_569' title='bbox 1187 908 1335 936; x_wconf 84' lang='lat' dir='ltr'><strong>immundis</strong></span> <span class='ocrx_word' id='word_1_570' title='bbox 1356 907 1470 935; x_wconf 90' lang='lat' dir='ltr'><strong>auribus</strong></span> <span class='ocrx_word' id='word_1_571' title='bbox 1487 905 1524 941; x_wconf 82' lang='lat'><strong>(6)</strong></span> <span class='ocrx_word' id='word_1_572' title='bbox 1542 905 1639 932; x_wconf 84' lang='lat' dir='ltr'><strong>munda</strong></span> <span class='ocrx_word' id='word_1_573' title='bbox 1657 903 1737 930; x_wconf 80' lang='lat' dir='ltr'><strong>verba</strong></span> <span class='ocrx_word' id='word_1_574' title='bbox 1750 911 1796 930; x_wconf 83' lang='lat' dir='ltr'><strong>sa-</strong></span> 
     </span>
    </p>
   </div>
   <div class='ocr_carea' id='block_1_80' title="bbox 1008 949 1796 990">
    <p class='ocr_par' dir='ltr' id='par_1_80' title="bbox 1008 949 1796 990">
     <span class='ocr_line' id='line_1_80' title="bbox 1008 949 1796 990; baseline -0.01 -8"><span class='ocrx_word' id='word_1_575' title='bbox 1008 955 1118 990; x_wconf 74' lang='lat' dir='ltr'><strong>pientia:</strong></span> <span class='ocrx_word' id='word_1_576' title='bbox 1135 959 1162 982; x_wconf 89' lang='lat' dir='ltr'><strong>et</strong></span> <span class='ocrx_word' id='word_1_577' title='bbox 1183 955 1307 982; x_wconf 81' lang='lat' dir='ltr'><strong>veritatis</strong></span> <span class='ocrx_word' id='word_1_578' title='bbox 1323 954 1428 981; x_wconf 84' lang='lat' dir='ltr'><strong>audire.</strong></span> <span class='ocrx_word' id='word_1_579' title='bbox 1446 952 1606 983; x_wconf 79' lang='lat' dir='ltr'><strong>Veniamus,</strong></span> <span class='ocrx_word' id='word_1_580' title='bbox 1623 950 1646 977; x_wconf 89' lang='lat' dir='ltr'><strong>si</strong></span> <span class='ocrx_word' id='word_1_581' title='bbox 1663 949 1754 982; x_wconf 84' lang='lat' dir='ltr'><strong>vultis,</strong></span> <span class='ocrx_word' id='word_1_582' title='bbox 1767 953 1796 976; x_wconf 88' lang='lat' dir='ltr'><strong>et</strong></span> 
     </span>
    </p>
   </div>
   <div class='ocr_carea' id='block_1_81' title="bbox 1007 993 1796 1032">
    <p class='ocr_par' dir='ltr' id='par_1_81' title="bbox 1007 993 1796 1032">
     <span class='ocr_line' id='line_1_81' title="bbox 1007 993 1796 1032; baseline -0.009 -5"><span class='ocrx_word' id='word_1_583' title='bbox 1007 1001 1042 1028; x_wconf 84' lang='lat' dir='ltr'><strong>ad</strong></span> <span class='ocrx_word' id='word_1_584' title='bbox 1059 1000 1193 1027; x_wconf 81' lang='lat' dir='ltr'><strong>labiorum</strong></span> <span class='ocrx_word' id='word_1_585' title='bbox 1208 999 1456 1027; x_wconf 69' lang='lat' dir='ltr'><strong>circumcisione&quot;).</strong></span> <span class='ocrx_word' id='word_1_586' title='bbox 1473 998 1528 1032; x_wconf 73' lang='lat' dir='ltr'><strong>Ego</strong></span> <span class='ocrx_word' id='word_1_587' title='bbox 1547 1001 1611 1031; x_wconf 89' lang='lat' dir='ltr'><strong>puto</strong></span> <span class='ocrx_word' id='word_1_588' title='bbox 1623 995 1694 1030; x_wconf 84' lang='lat' dir='ltr'><strong>quod</strong></span> <span class='ocrx_word' id='word_1_589' title='bbox 1709 993 1796 1021; x_wconf 84' lang='lat' dir='ltr'><strong>incir-</strong></span> 
     </span>
    </p>
   </div>
   <div class='ocr_carea' id='block_1_82' title="bbox 1007 1041 1795 1079">
    <p class='ocr_par' dir='ltr' id='par_1_82' title="bbox 1007 1041 1795 1079">
     <span class='ocr_line' id='line_1_82' title="bbox 1007 1041 1795 1079; baseline -0.008 -6"><span class='ocrx_word' id='word_1_590' title='bbox 1007 1046 1142 1073; x_wconf 85' lang='lat' dir='ltr'><strong>cumcisus</strong></span> <span class='ocrx_word' id='word_1_591' title='bbox 1160 1046 1195 1072; x_wconf 84' lang='lat' dir='ltr'><strong>sit</strong></span> <span class='ocrx_word' id='word_1_592' title='bbox 1207 1045 1295 1075; x_wconf 78' lang='lat' dir='ltr'><strong>labiis,</strong></span> <span class='ocrx_word' id='word_1_593' title='bbox 1310 1044 1356 1079; x_wconf 84' lang='lat' dir='ltr'><strong>qui</strong></span> <span class='ocrx_word' id='word_1_594' title='bbox 1376 1044 1494 1071; x_wconf 86' lang='lat' dir='ltr'><strong>nondum</strong></span> <span class='ocrx_word' id='word_1_595' title='bbox 1507 1043 1622 1069; x_wconf 83' lang='lat' dir='ltr'><strong>cessavit</strong></span> <span class='ocrx_word' id='word_1_596' title='bbox 1642 1050 1656 1069; x_wconf 89' lang='lat' dir='ltr'><strong>a</strong></span> <span class='ocrx_word' id='word_1_597' title='bbox 1675 1041 1795 1069; x_wconf 86' lang='lat' dir='ltr'><strong>stultilo-</strong></span> 
     </span>
    </p>
   </div>
   <div class='ocr_carea' id='block_1_83' title="bbox 1012 1086 1796 1126">
    <p class='ocr_par' dir='ltr' id='par_1_83' title="bbox 1012 1086 1796 1126">
     <span class='ocr_line' id='line_1_83' title="bbox 1012 1086 1796 1126; baseline -0.008 -8"><span class='ocrx_word' id='word_1_598' title='bbox 1012 1092 1087 1126; x_wconf 87' lang='lat' dir='ltr'><strong>quio,</strong></span> <span class='ocrx_word' id='word_1_599' title='bbox 1104 1099 1118 1118; x_wconf 85' lang='lat' dir='ltr'><strong>a</strong></span> <span class='ocrx_word' id='word_1_600' title='bbox 1133 1090 1308 1123; x_wconf 82' lang='lat' dir='ltr'><strong>scurriiitate,</strong></span> <span class='ocrx_word' id='word_1_601' title='bbox 1325 1090 1370 1124; x_wconf 92' lang='lat' dir='ltr'><strong>qui</strong></span> <span class='ocrx_word' id='word_1_602' title='bbox 1395 1089 1473 1117; x_wconf 89' lang='lat' dir='ltr'><strong>bouis</strong></span> <span class='ocrx_word' id='word_1_603' title='bbox 1490 1091 1613 1123; x_wconf 84' lang='lat' dir='ltr'><strong>derogat,</strong></span> <span class='ocrx_word' id='word_1_604' title='bbox 1633 1087 1679 1122; x_wconf 90' lang='lat' dir='ltr'><strong>qui</strong></span> <span class='ocrx_word' id='word_1_605' title='bbox 1695 1086 1796 1114; x_wconf 87' lang='lat' dir='ltr'><strong>crimi-</strong></span> 
     </span>
    </p>
   </div>
   <div class='ocr_carea' id='block_1_84' title="bbox 1008 1130 1797 1170">
    <p class='ocr_par' dir='ltr' id='par_1_84' title="bbox 1008 1130 1797 1170">
     <span class='ocr_line' id='line_1_84' title="bbox 1008 1130 1797 1170; baseline -0.01 -7"><span class='ocrx_word' id='word_1_606' title='bbox 1008 1141 1089 1163; x_wconf 84' lang='lat' dir='ltr'><strong>natur</strong></span> <span class='ocrx_word' id='word_1_607' title='bbox 1112 1135 1261 1170; x_wconf 74' lang='lat' dir='ltr'><strong>pt&#39;oximos,</strong></span> <span class='ocrx_word' id='word_1_608' title='bbox 1283 1135 1328 1168; x_wconf 91' lang='lat' dir='ltr'><strong>qui</strong></span> <span class='ocrx_word' id='word_1_609' title='bbox 1352 1134 1463 1168; x_wconf 78' lang='lat' dir='ltr'><strong>instigat</strong></span> <span class='ocrx_word' id='word_1_610' title='bbox 1490 1133 1562 1164; x_wconf 83' lang='lat' dir='ltr'><strong>lites,</strong></span> <span class='ocrx_word' id='word_1_611' title='bbox 1580 1131 1624 1166; x_wconf 89' lang='lat' dir='ltr'><strong>qui</strong></span> <span class='ocrx_word' id='word_1_612' title='bbox 1640 1130 1797 1158; x_wconf 85' lang='lat' dir='ltr'><strong>calumnias</strong></span> 
     </span>
    </p>
   </div>
   <div class='ocr_carea' id='block_1_85' title="bbox 1007 1176 1798 1215">
    <p class='ocr_par' dir='ltr' id='par_1_85' title="bbox 1007 1176 1798 1215">
     <span class='ocr_line' id='line_1_85' title="bbox 1007 1176 1798 1215; baseline -0.009 -7"><span class='ocrx_word' id='word_1_613' title='bbox 1007 1186 1109 1213; x_wconf 77' lang='lat' dir='ltr'><strong>movet,</strong></span> <span class='ocrx_word' id='word_1_614' title='bbox 1127 1181 1172 1215; x_wconf 88' lang='lat' dir='ltr'><strong>qui</strong></span> <span class='ocrx_word' id='word_1_615' title='bbox 1186 1180 1286 1207; x_wconf 84' lang='lat' dir='ltr'><strong>fratres</strong></span> <span class='ocrx_word' id='word_1_616' title='bbox 1298 1180 1373 1206; x_wconf 88' lang='lat' dir='ltr'><strong>inter</strong></span> <span class='ocrx_word' id='word_1_617' title='bbox 1389 1186 1418 1206; x_wconf 91' lang='lat' dir='ltr'><strong>se</strong></span> <span class='ocrx_word' id='word_1_618' title='bbox 1435 1178 1500 1205; x_wconf 87' lang='lat' dir='ltr'><strong>falsa</strong></span> <span class='ocrx_word' id='word_1_619' title='bbox 1515 1177 1649 1212; x_wconf 86' lang='lat' dir='ltr'><strong>loquendo</strong></span> <span class='ocrx_word' id='word_1_620' title='bbox 1664 1176 1798 1203; x_wconf 83' lang='lat' dir='ltr'><strong>Commit-</strong></span> 
     </span>
    </p>
   </div>
   <div class='ocr_carea' id='block_1_86' title="bbox 1009 1223 1796 1261">
    <p class='ocr_par' dir='ltr' id='par_1_86' title="bbox 1009 1223 1796 1261">
     <span class='ocr_line' id='line_1_86' title="bbox 1009 1223 1796 1261; baseline -0.008 -7"><span class='ocrx_word' id='word_1_621' title='bbox 1009 1227 1053 1260; x_wconf 88' lang='lat' dir='ltr'><strong>tit,</strong></span> <span class='ocrx_word' id='word_1_622' title='bbox 1074 1228 1118 1261; x_wconf 85' lang='lat' dir='ltr'><strong>qui</strong></span> <span class='ocrx_word' id='word_1_623' title='bbox 1147 1226 1354 1259; x_wconf 84' lang='lat' dir='ltr'><strong>vana,iuepta,</strong></span> <span class='ocrx_word' id='word_1_624' title='bbox 1381 1224 1535 1256; x_wconf 65' lang='lat' dir='ltr'><strong>smeularia,</strong></span> <span class='ocrx_word' id='word_1_625' title='bbox 1559 1223 1705 1258; x_wconf 86' lang='lat' dir='ltr'><strong>impudica,</strong></span> <span class='ocrx_word' id='word_1_626' title='bbox 1733 1227 1796 1249; x_wconf 89' lang='lat' dir='ltr'><strong>tur-</strong></span> 
     </span>
    </p>
   </div>
   <div class='ocr_carea' id='block_1_87' title="bbox 1006 1271 1798 1307">
    <p class='ocr_par' dir='ltr' id='par_1_87' title="bbox 1006 1271 1798 1307">
     <span class='ocr_line' id='line_1_87' title="bbox 1006 1271 1798 1307; baseline -0.005 -9"><span class='ocrx_word' id='word_1_627' title='bbox 1006 1273 1062 1307; x_wconf 84' lang='lat' dir='ltr'><strong>pia,</strong></span> <span class='ocrx_word' id='word_1_628' title='bbox 1082 1271 1221 1306; x_wconf 71' lang='lat' dir='ltr'><strong>iniuriosa,</strong></span> <span class='ocrx_word' id='word_1_629' title='bbox 1240 1277 1377 1306; x_wconf 87' lang='lat' dir='ltr'><strong>proterva,</strong></span> <span class='ocrx_word' id='word_1_630' title='bbox 1399 1271 1565 1306; x_wconf 83' lang='lat' dir='ltr'><strong>blasphema,</strong></span> <span class='ocrx_word' id='word_1_631' title='bbox 1580 1275 1606 1297; x_wconf 88' lang='lat' dir='ltr'><strong>et</strong></span> <span class='ocrx_word' id='word_1_632' title='bbox 1620 1274 1717 1297; x_wconf 68' lang='lat' dir='ltr'><strong>caetera</strong></span> <span class='ocrx_word' id='word_1_633' title='bbox 1734 1275 1798 1302; x_wconf 77' lang='lat' dir='ltr'><strong>qua:</strong></span> 
     </span>
    </p>
   </div>
   <div class='ocr_carea' id='block_1_88' title="bbox 1008 1314 1798 1353">
    <p class='ocr_par' dir='ltr' id='par_1_88' title="bbox 1008 1314 1798 1353">
     <span class='ocr_line' id='line_1_88' title="bbox 1008 1314 1798 1353; baseline -0.005 -8"><span class='ocrx_word' id='word_1_634' title='bbox 1008 1318 1119 1353; x_wconf 77' lang='lat' dir='ltr'><strong>indigna</strong></span> <span class='ocrx_word' id='word_1_635' title='bbox 1147 1322 1209 1344; x_wconf 87' lang='lat' dir='ltr'><strong>sunt</strong></span> <span class='ocrx_word' id='word_1_636' title='bbox 1236 1317 1391 1345; x_wconf 84' lang='lat' dir='ltr'><strong>Christiano</strong></span> <span class='ocrx_word' id='word_1_637' title='bbox 1414 1325 1462 1345; x_wconf 90' lang='lat' dir='ltr'><strong>ore</strong></span> <span class='ocrx_word' id='word_1_638' title='bbox 1489 1316 1669 1351; x_wconf 84' lang='lat' dir='ltr'><strong>proloquitur.</strong></span> <span class='ocrx_word' id='word_1_639' title='bbox 1682 1315 1710 1342; x_wconf 87' lang='lat' dir='ltr'><strong>Si</strong></span> <span class='ocrx_word' id='word_1_640' title='bbox 1731 1314 1798 1349; x_wconf 79' lang='lat' dir='ltr'><strong>quis</strong></span> 
     </span>
    </p>
   </div>
   <div class='ocr_carea' id='block_1_89' title="bbox 1008 1361 1798 1395">
    <p class='ocr_par' dir='ltr' id='par_1_89' title="bbox 1008 1361 1798 1395">
     <span class='ocr_line' id='line_1_89' title="bbox 1008 1361 1798 1395; baseline -0.005 -4"><span class='ocrx_word' id='word_1_641' title='bbox 1008 1371 1073 1391; x_wconf 89' lang='lat' dir='ltr'><strong>vero</strong></span> <span class='ocrx_word' id='word_1_642' title='bbox 1089 1364 1124 1391; x_wconf 82' lang='lat' dir='ltr'><strong>ab</strong></span> <span class='ocrx_word' id='word_1_643' title='bbox 1141 1364 1187 1391; x_wconf 86' lang='lat' dir='ltr'><strong>his</strong></span> <span class='ocrx_word' id='word_1_644' title='bbox 1213 1363 1339 1391; x_wconf 83' lang='lat' dir='ltr'><strong>omnibus</strong></span> <span class='ocrx_word' id='word_1_645' title='bbox 1357 1364 1479 1391; x_wconf 86' lang='lat' dir='ltr'><strong>continet</strong></span> <span class='ocrx_word' id='word_1_646' title='bbox 1497 1370 1528 1390; x_wconf 88' lang='lat' dir='ltr'><strong>os</strong></span> <span class='ocrx_word' id='word_1_647' title='bbox 1550 1370 1640 1395; x_wconf 89' lang='lat' dir='ltr'><strong>suum,</strong></span> <span class='ocrx_word' id='word_1_648' title='bbox 1658 1366 1685 1388; x_wconf 87' lang='lat' dir='ltr'><strong>et</strong></span> <span class='ocrx_word' id='word_1_649' title='bbox 1701 1361 1798 1395; x_wconf 82' lang='lat' dir='ltr'><strong>dispo-</strong></span> 
     </span>
    </p>
   </div>
   <div class='ocr_carea' id='block_1_90' title="bbox 1008 1407 1798 1444">
    <p class='ocr_par' dir='ltr' id='par_1_90' title="bbox 1008 1407 1798 1444">
     <span class='ocr_line' id='line_1_90' title="bbox 1008 1407 1798 1444; baseline -0.004 -8"><span class='ocrx_word' id='word_1_650' title='bbox 1008 1410 1049 1436; x_wconf 81' lang='lat' dir='ltr'><strong>uit</strong></span> <span class='ocrx_word' id='word_1_651' title='bbox 1061 1417 1201 1437; x_wconf 83' lang='lat' dir='ltr'><strong>sermones</strong></span> <span class='ocrx_word' id='word_1_652' title='bbox 1221 1417 1284 1437; x_wconf 87' lang='lat' dir='ltr'><strong>suos</strong></span> <span class='ocrx_word' id='word_1_653' title='bbox 1307 1409 1333 1436; x_wconf 89' lang='lat' dir='ltr'><strong>in</strong></span> <span class='ocrx_word' id='word_1_654' title='bbox 1346 1408 1479 1444; x_wconf 84' lang='lat' dir='ltr'><strong>judicio&quot;.</strong></span> <span class='ocrx_word' id='word_1_655' title='bbox 1499 1408 1690 1436; x_wconf 74' lang='lat' dir='ltr'><strong>rerbositatem</strong></span> <span class='ocrx_word' id='word_1_656' title='bbox 1707 1407 1798 1441; x_wconf 85' lang='lat' dir='ltr'><strong>repri-</strong></span> 
     </span>
    </p>
   </div>
   <div class='ocr_carea' id='block_1_91' title="bbox 1008 1453 1800 1490">
    <p class='ocr_par' dir='ltr' id='par_1_91' title="bbox 1008 1453 1800 1490">
     <span class='ocr_line' id='line_1_91' title="bbox 1008 1453 1800 1490; baseline -0.003 -8"><span class='ocrx_word' id='word_1_657' title='bbox 1008 1456 1076 1488; x_wconf 90' lang='lat' dir='ltr'><strong>mit,</strong></span> <span class='ocrx_word' id='word_1_658' title='bbox 1101 1455 1218 1490; x_wconf 81' lang='lat' dir='ltr'><strong>linguam</strong></span> <span class='ocrx_word' id='word_1_659' title='bbox 1246 1459 1399 1490; x_wconf 84' lang='lat' dir='ltr'><strong>temperat,</strong></span> <span class='ocrx_word' id='word_1_660' title='bbox 1431 1455 1512 1482; x_wconf 87' lang='lat' dir='ltr'><strong>verba</strong></span> <span class='ocrx_word' id='word_1_661' title='bbox 1550 1454 1717 1485; x_wconf 88' lang='lat' dir='ltr'><strong>moderatur,</strong></span> <span class='ocrx_word' id='word_1_662' title='bbox 1741 1453 1800 1480; x_wconf 80' lang='lat' dir='ltr'><strong>iste</strong></span> 
     </span>
    </p>
   </div>
   <div class='ocr_carea' id='block_1_92' title="bbox 1008 1497 1800 1533">
    <p class='ocr_par' dir='ltr' id='par_1_92' title="bbox 1008 1497 1800 1533">
     <span class='ocr_line' id='line_1_92' title="bbox 1008 1497 1800 1533; baseline -0.008 -4"><span class='ocrx_word' id='word_1_663' title='bbox 1008 1503 1104 1529; x_wconf 90' lang='lat' dir='ltr'><strong>merito</strong></span> <span class='ocrx_word' id='word_1_664' title='bbox 1125 1501 1301 1529; x_wconf 82' lang='lat' dir='ltr'><strong>circumcisus</strong></span> <span class='ocrx_word' id='word_1_665' title='bbox 1320 1500 1399 1527; x_wconf 86' lang='lat' dir='ltr'><strong>labiis</strong></span> <span class='ocrx_word' id='word_1_666' title='bbox 1424 1500 1535 1527; x_wconf 89' lang='lat' dir='ltr'><strong>dicitur.</strong></span> <span class='ocrx_word' id='word_1_667' title='bbox 1550 1497 1603 1526; x_wconf 86' lang='lat' dir='ltr'><strong>Sed</strong></span> <span class='ocrx_word' id='word_1_668' title='bbox 1626 1502 1654 1526; x_wconf 87' lang='lat' dir='ltr'><strong>et</strong></span> <span class='ocrx_word' id='word_1_669' title='bbox 1673 1498 1717 1533; x_wconf 91' lang='lat' dir='ltr'><strong>qui</strong></span> <span class='ocrx_word' id='word_1_670' title='bbox 1743 1497 1800 1524; x_wconf 89' lang='lat' dir='ltr'><strong>iui-</strong></span> 
     </span>
    </p>
   </div>
   <div class='ocr_carea' id='block_1_93' title="bbox 1009 1543 1797 1582">
    <p class='ocr_par' dir='ltr' id='par_1_93' title="bbox 1009 1543 1797 1582">
     <span class='ocr_line' id='line_1_93' title="bbox 1009 1543 1797 1582; baseline -0.006 -8"><span class='ocrx_word' id='word_1_671' title='bbox 1009 1547 1139 1582; x_wconf 85' lang='lat' dir='ltr'><strong>quitatem</strong></span> <span class='ocrx_word' id='word_1_672' title='bbox 1156 1547 1182 1573; x_wconf 94' lang='lat' dir='ltr'><strong>in</strong></span> <span class='ocrx_word' id='word_1_673' title='bbox 1198 1546 1313 1574; x_wconf 80' lang='lat' dir='ltr'><strong>Excelso</strong></span> <span class='ocrx_word' id='word_1_674' title='bbox 1336 1546 1484 1580; x_wconf 88' lang='lat' dir='ltr'><strong>loquuntur</strong></span> <span class='ocrx_word' id='word_1_675' title='bbox 1495 1545 1517 1578; x_wconf 81' lang='grc'><strong>⁸,</strong></span> <span class='ocrx_word' id='word_1_676' title='bbox 1533 1550 1559 1571; x_wconf 91' lang='lat' dir='ltr'><strong>et</strong></span> <span class='ocrx_word' id='word_1_677' title='bbox 1584 1543 1735 1571; x_wconf 80' lang='lat' dir='ltr'><strong>extendunt</strong></span> <span class='ocrx_word' id='word_1_678' title='bbox 1767 1543 1797 1570; x_wconf 91' lang='lat' dir='ltr'><strong>iu</strong></span> 
     </span>
    </p>
   </div>
   <div class='ocr_carea' id='block_1_94' title="bbox 1008 1588 1797 1627">
    <p class='ocr_par' dir='ltr' id='par_1_94' title="bbox 1008 1588 1797 1627">
     <span class='ocr_line' id='line_1_94' title="bbox 1008 1588 1797 1627; baseline -0.008 -8"><span class='ocrx_word' id='word_1_679' title='bbox 1008 1592 1108 1620; x_wconf 78' lang='lat' dir='ltr'><strong>cmlum</strong></span> <span class='ocrx_word' id='word_1_680' title='bbox 1136 1591 1254 1627; x_wconf 76' lang='lat' dir='ltr'><strong>linguam</strong></span> <span class='ocrx_word' id='word_1_681' title='bbox 1287 1599 1381 1624; x_wconf 89' lang='lat' dir='ltr'><strong>suam,</strong></span> <span class='ocrx_word' id='word_1_682' title='bbox 1409 1591 1481 1618; x_wconf 85' lang='lat' dir='ltr'><strong>sicut</strong></span> <span class='ocrx_word' id='word_1_683' title='bbox 1514 1589 1634 1617; x_wconf 69' lang='lat' dir='ltr'><strong>haeretici</strong></span> <span class='ocrx_word' id='word_1_684' title='bbox 1671 1588 1797 1620; x_wconf 83' lang='lat' dir='ltr'><strong>faciunt,</strong></span> 
     </span>
    </p>
   </div>
   <div class='ocr_carea' id='block_1_95' title="bbox 1008 1632 1797 1668">
    <p class='ocr_par' dir='ltr' id='par_1_95' title="bbox 1008 1632 1797 1668">
     <span class='ocr_line' id='line_1_95' title="bbox 1008 1632 1797 1668; baseline -0.004 -4"><span class='ocrx_word' id='word_1_685' title='bbox 1008 1638 1190 1665; x_wconf 83' lang='lat' dir='ltr'><strong>iueircumcisi</strong></span> <span class='ocrx_word' id='word_1_686' title='bbox 1217 1642 1245 1664; x_wconf 89' lang='lat' dir='ltr'><strong>et</strong></span> <span class='ocrx_word' id='word_1_687' title='bbox 1267 1637 1398 1664; x_wconf 90' lang='lat' dir='ltr'><strong>immundi</strong></span> <span class='ocrx_word' id='word_1_688' title='bbox 1424 1636 1503 1663; x_wconf 91' lang='lat' dir='ltr'><strong>labiis</strong></span> <span class='ocrx_word' id='word_1_689' title='bbox 1525 1634 1632 1662; x_wconf 86' lang='lat' dir='ltr'><strong>dicendi</strong></span> <span class='ocrx_word' id='word_1_690' title='bbox 1657 1638 1720 1661; x_wconf 88' lang='lat' dir='ltr'><strong>sunt</strong></span> <span class='ocrx_word' id='word_1_691' title='bbox 1741 1632 1797 1668; x_wconf 72' lang='lat'><strong>(7).</strong></span> 
     </span>
    </p>
   </div>
   <div class='ocr_carea' id='block_1_96' title="bbox 1009 1681 1799 1715">
    <p class='ocr_par' dir='ltr' id='par_1_96' title="bbox 1009 1681 1799 1715">
     <span class='ocr_line' id='line_1_96' title="bbox 1009 1681 1799 1715; baseline -0.008 -5"><span class='ocrx_word' id='word_1_692' title='bbox 1009 1683 1191 1710; x_wconf 82' lang='lat' dir='ltr'><strong>Circumcisus</strong></span> <span class='ocrx_word' id='word_1_693' title='bbox 1214 1690 1277 1710; x_wconf 85' lang='lat' dir='ltr'><strong>vero</strong></span> <span class='ocrx_word' id='word_1_694' title='bbox 1292 1689 1320 1709; x_wconf 89' lang='lat' dir='ltr'><strong>et</strong></span> <span class='ocrx_word' id='word_1_695' title='bbox 1336 1682 1452 1709; x_wconf 89' lang='lat' dir='ltr'><strong>mundus</strong></span> <span class='ocrx_word' id='word_1_696' title='bbox 1467 1686 1507 1708; x_wconf 89' lang='lat' dir='ltr'><strong>est</strong></span> <span class='ocrx_word' id='word_1_697' title='bbox 1531 1681 1577 1715; x_wconf 86' lang='lat' dir='ltr'><strong>qui</strong></span> <span class='ocrx_word' id='word_1_698' title='bbox 1603 1687 1710 1714; x_wconf 88' lang='lat' dir='ltr'><strong>semper</strong></span> <span class='ocrx_word' id='word_1_699' title='bbox 1733 1686 1799 1705; x_wconf 78' lang='lat' dir='ltr'><strong>ver-</strong></span> 
     </span>
    </p>
   </div>
   <div class='ocr_carea' id='block_1_97' title="bbox 1009 1725 1799 1762">
    <p class='ocr_par' dir='ltr' id='par_1_97' title="bbox 1009 1725 1799 1762">
     <span class='ocr_line' id='line_1_97' title="bbox 1009 1725 1799 1762; baseline -0.005 -7"><span class='ocrx_word' id='word_1_700' title='bbox 1009 1729 1071 1755; x_wconf 91' lang='lat' dir='ltr'><strong>bum</strong></span> <span class='ocrx_word' id='word_1_701' title='bbox 1092 1728 1138 1755; x_wconf 88' lang='lat' dir='ltr'><strong>Dei</strong></span> <span class='ocrx_word' id='word_1_702' title='bbox 1165 1728 1294 1762; x_wconf 79' lang='lat' dir='ltr'><strong>loquitur,</strong></span> <span class='ocrx_word' id='word_1_703' title='bbox 1311 1732 1338 1754; x_wconf 91' lang='lat' dir='ltr'><strong>et</strong></span> <span class='ocrx_word' id='word_1_704' title='bbox 1350 1735 1442 1755; x_wconf 91' lang='lat' dir='ltr'><strong>sanam</strong></span> <span class='ocrx_word' id='word_1_705' title='bbox 1461 1727 1613 1754; x_wconf 86' lang='lat' dir='ltr'><strong>doctrinam</strong></span> <span class='ocrx_word' id='word_1_706' title='bbox 1628 1725 1799 1760; x_wconf 79' lang='lat' dir='ltr'><strong>evangelicis</strong></span> 
     </span>
    </p>
   </div>
   <div class='ocr_carea' id='block_1_98' title="bbox 1009 1770 1799 1808">
    <p class='ocr_par' dir='ltr' id='par_1_98' title="bbox 1009 1770 1799 1808">
     <span class='ocr_line' id='line_1_98' title="bbox 1009 1770 1799 1808; baseline -0.005 -8"><span class='ocrx_word' id='word_1_707' title='bbox 1009 1777 1036 1800; x_wconf 89' lang='lat' dir='ltr'><strong>ct</strong></span> <span class='ocrx_word' id='word_1_708' title='bbox 1057 1773 1212 1808; x_wconf 84' lang='lat' dir='ltr'><strong>apostolicis</strong></span> <span class='ocrx_word' id='word_1_709' title='bbox 1235 1773 1366 1799; x_wconf 85' lang='lat' dir='ltr'><strong>munitam</strong></span> <span class='ocrx_word' id='word_1_710' title='bbox 1385 1773 1485 1807; x_wconf 85' lang='lat' dir='ltr'><strong>regulis</strong></span> <span class='ocrx_word' id='word_1_711' title='bbox 1507 1771 1619 1806; x_wconf 87' lang='lat' dir='ltr'><strong>profert.</strong></span> <span class='ocrx_word' id='word_1_712' title='bbox 1642 1770 1699 1800; x_wconf 89' lang='lat' dir='ltr'><strong>lloc</strong></span> <span class='ocrx_word' id='word_1_713' title='bbox 1729 1778 1799 1805; x_wconf 83' lang='lat' dir='ltr'><strong>ergo</strong></span> 
     </span>
    </p>
   </div>
   <div class='ocr_carea' id='block_1_99' title="bbox 1010 1815 1799 1845">
    <p class='ocr_par' dir='ltr' id='par_1_99' title="bbox 1010 1815 1799 1845">
     <span class='ocr_line' id='line_1_99' title="bbox 1010 1815 1799 1845; baseline -0.001 -1"><span class='ocrx_word' id='word_1_714' title='bbox 1010 1818 1088 1845; x_wconf 89' lang='lat' dir='ltr'><strong>modo</strong></span> <span class='ocrx_word' id='word_1_715' title='bbox 1110 1823 1137 1845; x_wconf 88' lang='lat' dir='ltr'><strong>et</strong></span> <span class='ocrx_word' id='word_1_716' title='bbox 1149 1817 1318 1845; x_wconf 87' lang='lat' dir='ltr'><strong>circumcisio</strong></span> <span class='ocrx_word' id='word_1_717' title='bbox 1347 1818 1480 1845; x_wconf 89' lang='lat' dir='ltr'><strong>labiorum</strong></span> <span class='ocrx_word' id='word_1_718' title='bbox 1510 1817 1591 1845; x_wconf 87' lang='lat' dir='ltr'><strong>datur</strong></span> <span class='ocrx_word' id='word_1_719' title='bbox 1617 1817 1643 1844; x_wconf 90' lang='lat' dir='ltr'><strong>in</strong></span> <span class='ocrx_word' id='word_1_720' title='bbox 1673 1815 1799 1844; x_wconf 80' lang='lat' dir='ltr'><strong>Ecclesia</strong></span> 
     </span>
    </p>
   </div>
   <div class='ocr_carea' id='block_1_100' title="bbox 1010 1862 1068 1890">
    <p class='ocr_par' dir='ltr' id='par_1_100' title="bbox 1010 1862 1068 1890">
     <span class='ocr_line' id='line_1_100' title="bbox 1010 1862 1068 1890; baseline 0.034 -2"><span class='ocrx_word' id='word_1_721' title='bbox 1010 1862 1068 1890; x_wconf 81' lang='lat' dir='ltr'><strong>Dei.</strong></span> 
     </span>
    </p>
   </div>
   <div class='ocr_carea' id='block_1_101' title="bbox 1045 1909 1799 1945">
    <p class='ocr_par' dir='ltr' id='par_1_101' title="bbox 1045 1909 1799 1945">
     <span class='ocr_line' id='line_1_101' title="bbox 1045 1909 1799 1945; baseline 0.001 -9"><span class='ocrx_word' id='word_1_722' title='bbox 1045 1909 1071 1937; x_wconf 86' lang='lat'><strong>6.</strong></span> <span class='ocrx_word' id='word_1_723' title='bbox 1086 1909 1160 1937; x_wconf 87' lang='lat' dir='ltr'><strong>Nune</strong></span> <span class='ocrx_word' id='word_1_724' title='bbox 1172 1917 1238 1937; x_wconf 89' lang='lat' dir='ltr'><strong>vero</strong></span> <span class='ocrx_word' id='word_1_725' title='bbox 1254 1910 1402 1937; x_wconf 90' lang='lat' dir='ltr'><strong>secundum</strong></span> <span class='ocrx_word' id='word_1_726' title='bbox 1415 1909 1642 1945; x_wconf 82' lang='lat' dir='ltr'><strong>pollicitationem</strong></span> <span class='ocrx_word' id='word_1_727' title='bbox 1658 1914 1799 1943; x_wconf 88' lang='lat' dir='ltr'><strong>nostram,</strong></span> 
     </span>
    </p>
   </div>
   <div class='ocr_carea' id='block_1_102' title="bbox 1010 1953 1798 1988">
    <p class='ocr_par' dir='ltr' id='par_1_102' title="bbox 1010 1953 1798 1988">
     <span class='ocr_line' id='line_1_102' title="bbox 1010 1953 1798 1988; baseline 0.003 -9"><span class='ocrx_word' id='word_1_728' title='bbox 1010 1953 1127 1988; x_wconf 83' lang='lat' dir='ltr'><strong>qualiter</strong></span> <span class='ocrx_word' id='word_1_729' title='bbox 1147 1954 1229 1981; x_wconf 88' lang='lat' dir='ltr'><strong>etiam</strong></span> <span class='ocrx_word' id='word_1_730' title='bbox 1251 1954 1344 1980; x_wconf 83' lang='lat' dir='ltr'><strong>carnis</strong></span> <span class='ocrx_word' id='word_1_731' title='bbox 1366 1955 1540 1982; x_wconf 84' lang='lat' dir='ltr'><strong>circumcisio</strong></span> <span class='ocrx_word' id='word_1_732' title='bbox 1565 1954 1664 1988; x_wconf 88' lang='lat' dir='ltr'><strong>suscipi</strong></span> <span class='ocrx_word' id='word_1_733' title='bbox 1687 1955 1798 1987; x_wconf 90' lang='lat' dir='ltr'><strong>debeat,</strong></span> 
     </span>
    </p>
   </div>
   <div class='ocr_carea' id='block_1_103' title="bbox 1011 1998 1798 2034">
    <p class='ocr_par' dir='ltr' id='par_1_103' title="bbox 1011 1998 1798 2034">
     <span class='ocr_line' id='line_1_103' title="bbox 1011 1998 1798 2034; baseline 0.001 -9"><span class='ocrx_word' id='word_1_734' title='bbox 1011 1999 1162 2026; x_wconf 87' lang='lat' dir='ltr'><strong>videamus.</strong></span> <span class='ocrx_word' id='word_1_735' title='bbox 1183 1998 1333 2026; x_wconf 84' lang='lat' dir='ltr'><strong>Membrum</strong></span> <span class='ocrx_word' id='word_1_736' title='bbox 1350 1999 1412 2033; x_wconf 87' lang='lat' dir='ltr'><strong>hoc,</strong></span> <span class='ocrx_word' id='word_1_737' title='bbox 1425 2000 1452 2026; x_wconf 93' lang='lat' dir='ltr'><strong>in</strong></span> <span class='ocrx_word' id='word_1_738' title='bbox 1476 2007 1531 2034; x_wconf 88' lang='lat' dir='ltr'><strong>quo</strong></span> <span class='ocrx_word' id='word_1_739' title='bbox 1545 2001 1705 2034; x_wconf 61' lang='lat' dir='ltr'><strong>praeputium</strong></span> <span class='ocrx_word' id='word_1_740' title='bbox 1719 2000 1798 2026; x_wconf 87' lang='lat' dir='ltr'><strong>vide-</strong></span> 
     </span>
    </p>
   </div>
   <div class='ocr_carea' id='block_1_104' title="bbox 1012 2045 1796 2081">
    <p class='ocr_par' dir='ltr' id='par_1_104' title="bbox 1012 2045 1796 2081">
     <span class='ocr_line' id='line_1_104' title="bbox 1012 2045 1796 2081; baseline 0.003 -10"><span class='ocrx_word' id='word_1_741' title='bbox 1012 2048 1055 2071; x_wconf 93' lang='lat' dir='ltr'><strong>tur</strong></span> <span class='ocrx_word' id='word_1_742' title='bbox 1068 2052 1139 2077; x_wconf 84' lang='lat' dir='ltr'><strong>esse,</strong></span> <span class='ocrx_word' id='word_1_743' title='bbox 1156 2045 1252 2073; x_wconf 82' lang='lat' dir='ltr'><strong>ciliciis</strong></span> <span class='ocrx_word' id='word_1_744' title='bbox 1272 2046 1442 2073; x_wconf 88' lang='lat' dir='ltr'><strong>naturalibus</strong></span> <span class='ocrx_word' id='word_1_745' title='bbox 1466 2047 1554 2073; x_wconf 86' lang='lat' dir='ltr'><strong>coitus</strong></span> <span class='ocrx_word' id='word_1_746' title='bbox 1570 2052 1597 2074; x_wconf 88' lang='lat' dir='ltr'><strong>et</strong></span> <span class='ocrx_word' id='word_1_747' title='bbox 1625 2048 1796 2081; x_wconf 85' lang='lat' dir='ltr'><strong>generatioui</strong></span> 
     </span>
    </p>
   </div>
   <div class='ocr_carea' id='block_1_105' title="bbox 1011 2089 1796 2125">
    <p class='ocr_par' dir='ltr' id='par_1_105' title="bbox 1011 2089 1796 2125">
     <span class='ocr_line' id='line_1_105' title="bbox 1011 2089 1796 2125; baseline 0.003 -9"><span class='ocrx_word' id='word_1_748' title='bbox 1011 2089 1148 2116; x_wconf 82' lang='lat' dir='ltr'><strong>deservire</strong></span> <span class='ocrx_word' id='word_1_749' title='bbox 1159 2097 1238 2116; x_wconf 90' lang='lat' dir='ltr'><strong>nemo</strong></span> <span class='ocrx_word' id='word_1_750' title='bbox 1255 2095 1296 2117; x_wconf 88' lang='lat' dir='ltr'><strong>est</strong></span> <span class='ocrx_word' id='word_1_751' title='bbox 1309 2091 1353 2124; x_wconf 90' lang='lat' dir='ltr'><strong>qui</strong></span> <span class='ocrx_word' id='word_1_752' title='bbox 1370 2090 1483 2117; x_wconf 87' lang='lat' dir='ltr'><strong>dubitet.</strong></span> <span class='ocrx_word' id='word_1_753' title='bbox 1502 2091 1530 2117; x_wconf 80' lang='lat' dir='ltr'><strong>Si</strong></span> <span class='ocrx_word' id='word_1_754' title='bbox 1546 2091 1609 2125; x_wconf 89' lang='lat' dir='ltr'><strong>quis</strong></span> <span class='ocrx_word' id='word_1_755' title='bbox 1628 2091 1711 2125; x_wconf 73' lang='lat' dir='ltr'><strong>igitur</strong></span> <span class='ocrx_word' id='word_1_756' title='bbox 1729 2099 1796 2125; x_wconf 85' lang='lat' dir='ltr'><strong>erga</strong></span> 
     </span>
    </p>
   </div>
   <div class='ocr_carea' id='block_1_106' title="bbox 1010 2133 1798 2170">
    <p class='ocr_par' dir='ltr' id='par_1_106' title="bbox 1010 2133 1798 2170">
     <span class='ocr_line' id='line_1_106' title="bbox 1010 2133 1798 2170; baseline 0.006 -10"><span class='ocrx_word' id='word_1_757' title='bbox 1010 2133 1196 2168; x_wconf 86' lang='lat' dir='ltr'><strong>hujuscemodi</strong></span> <span class='ocrx_word' id='word_1_758' title='bbox 1219 2141 1306 2163; x_wconf 88' lang='lat' dir='ltr'><strong>motus</strong></span> <span class='ocrx_word' id='word_1_759' title='bbox 1332 2143 1384 2163; x_wconf 90' lang='lat' dir='ltr'><strong>nor.</strong></span> <span class='ocrx_word' id='word_1_760' title='bbox 1403 2136 1576 2170; x_wconf 85' lang='lat' dir='ltr'><strong>importunus</strong></span> <span class='ocrx_word' id='word_1_761' title='bbox 1599 2138 1726 2169; x_wconf 65' lang='lat' dir='ltr'><strong>exsistat,</strong></span> <span class='ocrx_word' id='word_1_762' title='bbox 1745 2145 1798 2165; x_wconf 87' lang='lat' dir='ltr'><strong>nec</strong></span> 
     </span>
    </p>
   </div>
   <div class='ocr_carea' id='block_1_107' title="bbox 1011 2181 1797 2216">
    <p class='ocr_par' dir='ltr' id='par_1_107' title="bbox 1011 2181 1797 2216">
     <span class='ocr_line' id='line_1_107' title="bbox 1011 2181 1797 2216; baseline 0.005 -10"><span class='ocrx_word' id='word_1_763' title='bbox 1011 2184 1127 2208; x_wconf 90' lang='lat' dir='ltr'><strong>statutos</strong></span> <span class='ocrx_word' id='word_1_764' title='bbox 1153 2181 1257 2216; x_wconf 80' lang='lat' dir='ltr'><strong>legibus</strong></span> <span class='ocrx_word' id='word_1_765' title='bbox 1270 2183 1401 2210; x_wconf 89' lang='lat' dir='ltr'><strong>terminos</strong></span> <span class='ocrx_word' id='word_1_766' title='bbox 1416 2189 1536 2216; x_wconf 85' lang='lat' dir='ltr'><strong>superet,</strong></span> <span class='ocrx_word' id='word_1_767' title='bbox 1551 2187 1602 2211; x_wconf 78' lang='lat' dir='ltr'><strong>nec</strong></span> <span class='ocrx_word' id='word_1_768' title='bbox 1616 2183 1698 2210; x_wconf 87' lang='lat' dir='ltr'><strong>aliam</strong></span> <span class='ocrx_word' id='word_1_769' title='bbox 1717 2183 1797 2210; x_wconf 80' lang='lat' dir='ltr'><strong>fetui-</strong></span> 
     </span>
    </p>
   </div>
   <div class='ocr_carea' id='block_1_108' title="bbox 1013 2227 1795 2262">
    <p class='ocr_par' dir='ltr' id='par_1_108' title="bbox 1013 2227 1795 2262">
     <span class='ocr_line' id='line_1_108' title="bbox 1013 2227 1795 2262; baseline 0.005 -11"><span class='ocrx_word' id='word_1_770' title='bbox 1013 2233 1074 2252; x_wconf 80' lang='lat' dir='ltr'><strong>nam</strong></span> <span class='ocrx_word' id='word_1_771' title='bbox 1091 2234 1172 2260; x_wconf 84' lang='lat' dir='ltr'><strong>quam</strong></span> <span class='ocrx_word' id='word_1_772' title='bbox 1196 2227 1337 2262; x_wconf 82' lang='lat' dir='ltr'><strong>conjugem</strong></span> <span class='ocrx_word' id='word_1_773' title='bbox 1359 2227 1509 2262; x_wconf 75' lang='lat' dir='ltr'><strong>legitimam</strong></span> <span class='ocrx_word' id='word_1_774' title='bbox 1535 2228 1651 2259; x_wconf 86' lang='lat' dir='ltr'><strong>noverit,</strong></span> <span class='ocrx_word' id='word_1_775' title='bbox 1663 2233 1691 2255; x_wconf 90' lang='lat' dir='ltr'><strong>et</strong></span> <span class='ocrx_word' id='word_1_776' title='bbox 1708 2229 1732 2255; x_wconf 90' lang='lat' dir='ltr'><strong>in</strong></span> <span class='ocrx_word' id='word_1_777' title='bbox 1761 2235 1795 2255; x_wconf 85' lang='lat' dir='ltr'><strong>ea</strong></span> 
     </span>
    </p>
   </div>
   <div class='ocr_carea' id='block_1_109' title="bbox 1013 2272 1799 2307">
    <p class='ocr_par' dir='ltr' id='par_1_109' title="bbox 1013 2272 1799 2307">
     <span class='ocr_line' id='line_1_109' title="bbox 1013 2272 1799 2307; baseline 0.006 -11"><span class='ocrx_word' id='word_1_778' title='bbox 1013 2278 1121 2305; x_wconf 85' lang='lat' dir='ltr'><strong>quoque</strong></span> <span class='ocrx_word' id='word_1_779' title='bbox 1136 2272 1193 2306; x_wconf 86' lang='lat' dir='ltr'><strong>ipsa</strong></span> <span class='ocrx_word' id='word_1_780' title='bbox 1210 2273 1379 2307; x_wconf 85' lang='lat' dir='ltr'><strong>posteritatis</strong></span> <span class='ocrx_word' id='word_1_781' title='bbox 1405 2275 1591 2301; x_wconf 87' lang='lat' dir='ltr'><strong>tantummodo</strong></span> <span class='ocrx_word' id='word_1_782' title='bbox 1618 2280 1699 2300; x_wconf 76' lang='lat' dir='ltr'><strong>causa</strong></span> <span class='ocrx_word' id='word_1_783' title='bbox 1713 2273 1799 2301; x_wconf 74' lang='lat' dir='ltr'><strong>certis</strong></span> 
     </span>
    </p>
   </div>
   <div class='ocr_carea' id='block_1_110' title="bbox 1013 2316 1798 2354">
    <p class='ocr_par' dir='ltr' id='par_1_110' title="bbox 1013 2316 1798 2354">
     <span class='ocr_line' id='line_1_110' title="bbox 1013 2316 1798 2354; baseline 0.004 -12"><span class='ocrx_word' id='word_1_784' title='bbox 1013 2322 1041 2343; x_wconf 92' lang='lat' dir='ltr'><strong>et</strong></span> <span class='ocrx_word' id='word_1_785' title='bbox 1061 2316 1190 2351; x_wconf 71' lang='lat' dir='ltr'><strong>legitimis</strong></span> <span class='ocrx_word' id='word_1_786' title='bbox 1215 2319 1380 2352; x_wconf 83' lang='lat' dir='ltr'><strong>temporibus</strong></span> <span class='ocrx_word' id='word_1_787' title='bbox 1403 2324 1465 2354; x_wconf 76' lang='lat' dir='ltr'><strong>agat</strong></span> <span class='ocrx_word' id='word_1_788' title='bbox 1481 2320 1533 2354; x_wconf 91' lang='lat'><strong>(8),</strong></span> <span class='ocrx_word' id='word_1_789' title='bbox 1549 2320 1601 2346; x_wconf 89' lang='lat' dir='ltr'><strong>iste</strong></span> <span class='ocrx_word' id='word_1_790' title='bbox 1617 2319 1798 2346; x_wconf 85' lang='lat' dir='ltr'><strong>circumcisus</strong></span> 
     </span>
    </p>
   </div>
   <div class='ocr_carea' id='block_1_111' title="bbox 1025 2372 1798 2408">
    <p class='ocr_par' dir='ltr' id='par_1_111' title="bbox 1025 2372 1798 2408">
     <span class='ocr_line' id='line_1_111' title="bbox 1025 2372 1798 2408; baseline 0.004 -9"><span class='ocrx_word' id='word_1_791' title='bbox 1025 2373 1034 2388; x_wconf 87' lang='lat'>&#39;</span> <span class='ocrx_word' id='word_1_792' title='bbox 1060 2372 1144 2400; x_wconf 84' lang='lat' dir='ltr'><strong>Exod.</strong></span> <span class='ocrx_word' id='word_1_793' title='bbox 1171 2380 1207 2405; x_wconf 82' lang='lat' dir='ltr'><strong>vi,</strong></span> <span class='ocrx_word' id='word_1_794' title='bbox 1222 2373 1266 2400; x_wconf 77' lang='lat'><strong>50.</strong></span> <span class='ocrx_word' id='word_1_795' title='bbox 1323 2373 1333 2389; x_wconf 75' lang='lat'><strong>‘</strong></span> <span class='ocrx_word' id='word_1_796' title='bbox 1345 2373 1415 2400; x_wconf 79' lang='lat' dir='ltr'><strong>t’sal.</strong></span> <span class='ocrx_word' id='word_1_797' title='bbox 1427 2381 1504 2408; x_wconf 77' lang='lat' dir='ltr'><strong>exui,</strong></span> <span class='ocrx_word' id='word_1_798' title='bbox 1519 2374 1546 2406; x_wconf 84' lang='lat'><strong>5,</strong></span> <span class='ocrx_word' id='word_1_799' title='bbox 1600 2374 1632 2401; x_wconf 87' lang='grc'><strong>⁸1</strong></span> <span class='ocrx_word' id='word_1_800' title='bbox 1647 2373 1705 2403; x_wconf 79' lang='lat' dir='ltr'><strong>Pet.</strong></span> <span class='ocrx_word' id='word_1_801' title='bbox 1721 2382 1753 2407; x_wconf 82' lang='lat' dir='ltr'><strong>u,</strong></span> <span class='ocrx_word' id='word_1_802' title='bbox 1767 2375 1798 2403; x_wconf 82' lang='lat'><strong>9.</strong></span> 
     </span>
    </p>
   </div>
   <div class='ocr_carea' id='block_1_112' title="bbox 1049 2454 1797 2490">
    <p class='ocr_par' dir='ltr' id='par_1_112' title="bbox 1049 2454 1797 2490">
     <span class='ocr_line' id='line_1_112' title="bbox 1049 2454 1797 2490; baseline 0.001 -8"><span class='ocrx_word' id='word_1_803' title='bbox 1049 2455 1087 2489; x_wconf 84' lang='lat'><strong>(5)</strong></span> <span class='ocrx_word' id='word_1_804' title='bbox 1097 2454 1182 2482; x_wconf 88' lang='lat' dir='ltr'><strong>Codd.</strong></span> <span class='ocrx_word' id='word_1_805' title='bbox 1195 2454 1326 2482; x_wconf 85' lang='lat' dir='ltr'><strong>Gemeiic.</strong></span> <span class='ocrx_word' id='word_1_806' title='bbox 1337 2459 1363 2481; x_wconf 89' lang='lat' dir='ltr'><strong>et</strong></span> <span class='ocrx_word' id='word_1_807' title='bbox 1377 2454 1532 2490; x_wconf 80' lang='lat' dir='ltr'><strong>Sangerm.,</strong></span> <span class='ocrx_word' id='word_1_808' title='bbox 1545 2463 1628 2487; x_wconf 73' lang='lat' dir='ltr'><strong>uena;</strong></span> <span class='ocrx_word' id='word_1_809' title='bbox 1639 2455 1705 2482; x_wconf 91' lang='lat' dir='ltr'><strong>libb.</strong></span> <span class='ocrx_word' id='word_1_810' title='bbox 1717 2456 1797 2484; x_wconf 64' lang='lat' dir='ltr'><strong>editi.</strong></span> 
     </span>
    </p>
   </div>
   <div class='ocr_carea' id='block_1_113' title="bbox 1013 2489 1192 2521">
    <p class='ocr_par' dir='ltr' id='par_1_113' title="bbox 1013 2489 1192 2521">
     <span class='ocr_line' id='line_1_113' title="bbox 1013 2489 1192 2521; baseline -0.006 -5"><span class='ocrx_word' id='word_1_811' title='bbox 1013 2498 1096 2521; x_wconf 67' lang='lat' dir='ltr'><strong>corna,</strong></span> <span class='ocrx_word' id='word_1_812' title='bbox 1111 2489 1192 2516; x_wconf 87' lang='lat' dir='ltr'><strong>male.</strong></span> 
     </span>
    </p>
   </div>
   <div class='ocr_carea' id='block_1_114' title="bbox 1047 2524 1798 2559">
    <p class='ocr_par' dir='ltr' id='par_1_114' title="bbox 1047 2524 1798 2559">
     <span class='ocr_line' id='line_1_114' title="bbox 1047 2524 1798 2559; baseline 0 -8"><span class='ocrx_word' id='word_1_813' title='bbox 1047 2525 1086 2559; x_wconf 80' lang='grc'><strong>(6)</strong></span> <span class='ocrx_word' id='word_1_814' title='bbox 1105 2524 1302 2551; x_wconf 76' lang='lat' dir='ltr'><strong>Incircumcisis</strong></span> <span class='ocrx_word' id='word_1_815' title='bbox 1327 2529 1351 2550; x_wconf 77' lang='lat' dir='ltr'><strong>et</strong></span> <span class='ocrx_word' id='word_1_816' title='bbox 1375 2524 1521 2550; x_wconf 74' lang='lat' dir='ltr'><strong>immundis</strong></span> <span class='ocrx_word' id='word_1_817' title='bbox 1546 2524 1667 2551; x_wconf 73' lang='lat' dir='ltr'><strong>auribus.</strong></span> <span class='ocrx_word' id='word_1_818' title='bbox 1685 2524 1723 2550; x_wconf 75' lang='lat' dir='ltr'><strong>Ita</strong></span> <span class='ocrx_word' id='word_1_819' title='bbox 1741 2529 1798 2551; x_wconf 74' lang='lat' dir='ltr'><strong>tces</strong></span> 
     </span>
    </p>
   </div>
   <div class='ocr_carea' id='block_1_115' title="bbox 1013 2559 1799 2593">
    <p class='ocr_par' dir='ltr' id='par_1_115' title="bbox 1013 2559 1799 2593">
     <span class='ocr_line' id='line_1_115' title="bbox 1013 2559 1799 2593; baseline -0.001 -8"><span class='ocrx_word' id='word_1_820' title='bbox 1013 2567 1077 2586; x_wconf 85' lang='lat' dir='ltr'><strong>mss.</strong></span> <span class='ocrx_word' id='word_1_821' title='bbox 1095 2559 1280 2590; x_wconf 74' lang='lat' dir='ltr'><strong>Turonenses,</strong></span> <span class='ocrx_word' id='word_1_822' title='bbox 1301 2559 1485 2593; x_wconf 72' lang='lat' dir='ltr'><strong>lietuigiauus,</strong></span> <span class='ocrx_word' id='word_1_823' title='bbox 1499 2559 1670 2586; x_wconf 80' lang='lat' dir='ltr'><strong>Belvacensis</strong></span> <span class='ocrx_word' id='word_1_824' title='bbox 1682 2564 1708 2585; x_wconf 91' lang='lat' dir='ltr'><strong>et</strong></span> <span class='ocrx_word' id='word_1_825' title='bbox 1725 2559 1799 2587; x_wconf 85' lang='lat' dir='ltr'><strong>Sau-</strong></span> 
     </span>
    </p>
   </div>
   <div class='ocr_carea' id='block_1_116' title="bbox 1012 2593 1796 2627">
    <p class='ocr_par' dir='ltr' id='par_1_116' title="bbox 1012 2593 1796 2627">
     <span class='ocr_line' id='line_1_116' title="bbox 1012 2593 1796 2627; baseline -0.001 -7"><span class='ocrx_word' id='word_1_826' title='bbox 1012 2594 1217 2627; x_wconf 80' lang='lat' dir='ltr'><strong>gcrmaueusis;</strong></span> <span class='ocrx_word' id='word_1_827' title='bbox 1232 2594 1293 2620; x_wconf 86' lang='lat' dir='ltr'><strong>libri</strong></span> <span class='ocrx_word' id='word_1_828' title='bbox 1306 2602 1369 2620; x_wconf 87' lang='lat' dir='ltr'><strong>vero</strong></span> <span class='ocrx_word' id='word_1_829' title='bbox 1382 2594 1457 2627; x_wconf 89' lang='lat' dir='ltr'><strong>editi,</strong></span> <span class='ocrx_word' id='word_1_830' title='bbox 1474 2593 1675 2620; x_wconf 78' lang='lat' dir='ltr'><strong>incircumcisus</strong></span> <span class='ocrx_word' id='word_1_831' title='bbox 1686 2594 1796 2620; x_wconf 75' lang='lat' dir='ltr'><strong>auribus</strong></span> 
     </span>
    </p>
   </div>
   <div class='ocr_carea' id='block_1_117' title="bbox 1008 2629 1208 2655">
    <p class='ocr_par' dir='ltr' id='par_1_117' title="bbox 1008 2629 1208 2655">
     <span class='ocr_line' id='line_1_117' title="bbox 1008 2629 1208 2655; baseline 0 0"><span class='ocrx_word' id='word_1_832' title='bbox 1008 2634 1033 2655; x_wconf 81' lang='lat' dir='ltr'><strong>et</strong></span> <span class='ocrx_word' id='word_1_833' title='bbox 1047 2629 1208 2655; x_wconf 72' lang='lat' dir='ltr'><strong>immundus.</strong></span> 
     </span>
    </p>
   </div>
   <div class='ocr_carea' id='block_1_118' title="bbox 1049 2663 1796 2698">
    <p class='ocr_par' dir='ltr' id='par_1_118' title="bbox 1049 2663 1796 2698">
     <span class='ocr_line' id='line_1_118' title="bbox 1049 2663 1796 2698; baseline -0.001 -8"><span class='ocrx_word' id='word_1_834' title='bbox 1049 2664 1087 2698; x_wconf 87' lang='lat'><strong>(7)</strong></span> <span class='ocrx_word' id='word_1_835' title='bbox 1103 2663 1188 2691; x_wconf 86' lang='lat' dir='ltr'><strong>Codd.</strong></span> <span class='ocrx_word' id='word_1_836' title='bbox 1205 2670 1269 2690; x_wconf 86' lang='lat' dir='ltr'><strong>mss.</strong></span> <span class='ocrx_word' id='word_1_837' title='bbox 1287 2667 1341 2690; x_wconf 83' lang='lat' dir='ltr'><strong>tres</strong></span> <span class='ocrx_word' id='word_1_838' title='bbox 1354 2663 1536 2695; x_wconf 87' lang='lat' dir='ltr'><strong>Turonenses,</strong></span> <span class='ocrx_word' id='word_1_839' title='bbox 1554 2663 1755 2690; x_wconf 88' lang='lat' dir='ltr'><strong>Ccmeticeusis</strong></span> <span class='ocrx_word' id='word_1_840' title='bbox 1769 2668 1796 2690; x_wconf 89' lang='lat' dir='ltr'><strong>ct</strong></span> 
     </span>
    </p>
   </div>
   <div class='ocr_carea' id='block_1_119' title="bbox 1013 2697 1797 2732">
    <p class='ocr_par' dir='ltr' id='par_1_119' title="bbox 1013 2697 1797 2732">
     <span class='ocr_line' id='line_1_119' title="bbox 1013 2697 1797 2732; baseline 0 -7"><span class='ocrx_word' id='word_1_841' title='bbox 1013 2698 1255 2732; x_wconf 77' lang='lat' dir='ltr'><strong>Saugermaneusis</strong></span> <span class='ocrx_word' id='word_1_842' title='bbox 1270 2707 1277 2725; x_wconf 93' lang='lat'>:</span> <span class='ocrx_word' id='word_1_843' title='bbox 1291 2697 1408 2732; x_wconf 81' lang='lat' dir='ltr'><strong>loquitur</strong></span> <span class='ocrx_word' id='word_1_844' title='bbox 1436 2703 1460 2724; x_wconf 87' lang='lat' dir='ltr'><strong>et</strong></span> <span class='ocrx_word' id='word_1_845' title='bbox 1484 2699 1608 2731; x_wconf 69' lang='lat' dir='ltr'><strong>extendit,</strong></span> <span class='ocrx_word' id='word_1_846' title='bbox 1630 2703 1698 2730; x_wconf 80' lang='lat' dir='ltr'><strong>elc.;</strong></span> <span class='ocrx_word' id='word_1_847' title='bbox 1715 2699 1797 2725; x_wconf 84' lang='lat' dir='ltr'><strong>incir-</strong></span> 
     </span>
    </p>
   </div>
   <div class='ocr_carea' id='block_1_120' title="bbox 1014 2733 1722 2760">
    <p class='ocr_par' dir='ltr' id='par_1_120' title="bbox 1014 2733 1722 2760">
     <span class='ocr_line' id='line_1_120' title="bbox 1014 2733 1722 2760; baseline -0.001 0"><span class='ocrx_word' id='word_1_848' title='bbox 1014 2734 1144 2760; x_wconf 73' lang='lat' dir='ltr'><strong>cumcisut</strong></span> <span class='ocrx_word' id='word_1_849' title='bbox 1158 2733 1235 2759; x_wconf 77' lang='lat' dir='ltr'><strong>labiis</strong></span> <span class='ocrx_word' id='word_1_850' title='bbox 1248 2738 1271 2759; x_wconf 85' lang='lat' dir='ltr'><strong>et</strong></span> <span class='ocrx_word' id='word_1_851' title='bbox 1286 2733 1434 2759; x_wconf 72' lang='lat' dir='ltr'><strong>immundus</strong></span> <span class='ocrx_word' id='word_1_852' title='bbox 1448 2733 1524 2759; x_wconf 80' lang='lat' dir='ltr'><strong>labiis</strong></span> <span class='ocrx_word' id='word_1_853' title='bbox 1535 2733 1661 2759; x_wconf 71' lang='lat' dir='ltr'><strong>dicendus</strong></span> <span class='ocrx_word' id='word_1_854' title='bbox 1671 2738 1722 2759; x_wconf 73' lang='lat' dir='ltr'><strong>est.</strong></span> 
     </span>
    </p>
   </div>
   <div class='ocr_carea' id='block_1_121' title="bbox 1051 2766 1798 2802">
    <p class='ocr_par' dir='ltr' id='par_1_121' title="bbox 1051 2766 1798 2802">
     <span class='ocr_line' id='line_1_121' title="bbox 1051 2766 1798 2802; baseline -0.001 -8"><span class='ocrx_word' id='word_1_855' title='bbox 1051 2768 1087 2801; x_wconf 77' lang='lat'><strong>(8)</strong></span> <span class='ocrx_word' id='word_1_856' title='bbox 1102 2766 1134 2793; x_wconf 74' lang='lat' dir='ltr'><strong>Et</strong></span> <span class='ocrx_word' id='word_1_857' title='bbox 1149 2768 1175 2793; x_wconf 83' lang='lat' dir='ltr'><strong>in</strong></span> <span class='ocrx_word' id='word_1_858' title='bbox 1193 2775 1221 2793; x_wconf 78' lang='lat' dir='ltr'><strong>en</strong></span> <span class='ocrx_word' id='word_1_859' title='bbox 1237 2776 1337 2802; x_wconf 79' lang='lat' dir='ltr'><strong>quoque</strong></span> <span class='ocrx_word' id='word_1_860' title='bbox 1353 2768 1409 2798; x_wconf 75' lang='lat' dir='ltr'><strong>ipsa</strong></span> <span class='ocrx_word' id='word_1_861' title='bbox 1435 2768 1592 2800; x_wconf 72' lang='lat' dir='ltr'><strong>posteritatis</strong></span> <span class='ocrx_word' id='word_1_862' title='bbox 1615 2768 1798 2794; x_wconf 80' lang='lat' dir='ltr'><strong>tantummodo</strong></span> 
     </span>
    </p>
   </div>
   <div class='ocr_carea' id='block_1_122' title="bbox 1016 2803 1797 2837">
    <p class='ocr_par' dir='ltr' id='par_1_122' title="bbox 1016 2803 1797 2837">
     <span class='ocr_line' id='line_1_122' title="bbox 1016 2803 1797 2837; baseline 0.003 -9"><span class='ocrx_word' id='word_1_863' title='bbox 1016 2811 1094 2830; x_wconf 78' lang='lat' dir='ltr'><strong>causa</strong></span> <span class='ocrx_word' id='word_1_864' title='bbox 1109 2803 1184 2829; x_wconf 72' lang='lat' dir='ltr'><strong>renis</strong></span> <span class='ocrx_word' id='word_1_865' title='bbox 1201 2808 1222 2829; x_wconf 81' lang='lat' dir='ltr'><strong>ct</strong></span> <span class='ocrx_word' id='word_1_866' title='bbox 1239 2803 1358 2836; x_wconf 68' lang='grc' dir='ltr'><em>Ιμῃιιιηιὸί</em></span> <span class='ocrx_word' id='word_1_867' title='bbox 1372 2804 1532 2833; x_wconf 54' lang='lat' dir='ltr'><strong>(minoribus</strong></span> <span class='ocrx_word' id='word_1_868' title='bbox 1554 2808 1625 2837; x_wconf 80' lang='lat' dir='ltr'><strong>ngul,</strong></span> <span class='ocrx_word' id='word_1_869' title='bbox 1644 2808 1696 2830; x_wconf 81' lang='lat' dir='ltr'><strong>etc.</strong></span> <span class='ocrx_word' id='word_1_870' title='bbox 1714 2804 1797 2831; x_wconf 71' lang='grc'><strong>511111·</strong></span> 
     </span>
    </p>
   </div>
  </div>
