1900 3060
190 121 242 149 185

924 117 1084 148 ORICENIS

1768 111 1815 140 19$

188 178 308 211 venisse,
325 178 353 205 in
371 179 470 214 spiritu
491 179 539 206 Dei
557 180 696 207 videbitur
709 178 925 206 conliteriiNon
935 183 976 205 est
990 179 1013 206 Α
1027 185 1075 212 pro
1091 176 1195 204 meritis
1214 182 1257 203 res
1273 179 1412 210 geruntur.
1421 172 1527 200 Etenim
1544 171 1595 198 Lot
1610 169 1723 198 inferior
1736 169 1817 204 longe

188 224 241 251 hoc
263 229 456 252 testamentum
472 224 517 252 Dei
532 225 633 253 habere
646 226 672 252 itt
687 232 781 258 carne,
791 225 838 252 sed
857 225 882 251 in
898 231 974 251 voce.

189 271 295 297 Dicitur
319 277 385 304 ergo
399 271 432 297 ad
450 277 511 297 eum
527 272 632 297 statim:
651 271 851 305 Erras,honto,
867 278 975 304 regnum

190 315 237 342 Dei
254 323 305 342 non
327 316 354 342 in
375 323 491 342 sermone
505 321 553 347 est,
570 316 616 343 sed
637 316 663 343 in
683 317 778 343 virtute
789 317 821 343 ²⁰.
837 315 976 349 Quomodo

189 368 254 395 ergo
266 361 318 387 erit
332 365 524 387 testamentum
537 361 639 388 Christi
659 368 740 395 super
752 367 862 387 carnem
878 367 974 391 tucam,

192 407 308 440 requiro.
323 406 351 432 Si
370 406 573 434 mortilicavero
588 407 707 434 membra
722 414 779 434 mea
789 407 820 437 ",
840 414 898 440 qtae
913 410 976 433 sunt

189 458 269 484 super
294 456 405 483 terram,
436 457 630 479 testamentum
655 452 757 480 Christi
783 452 869 479 habeo
893 459 975 486 super

188 503 299 524 carnem
314 504 414 524 meam.
432 497 460 524 Si
477 505 586 532 semper
610 503 724 525 mortem
754 498 854 525 Christi
879 498 905 523 iu
920 504 977 524 cor-

188 549 253 576 pore
268 549 327 568 meo
342 542 580 574 circumferam",
600 547 792 569 testamentum
808 542 906 570 Christi
934 547 976 570 est

189 589 214 614 iu
231 595 348 620 corpore
374 595 446 619 meo,
466 588 529 622 quia
555 588 577 615 si
591 588 775 622 compatimur,
791 593 813 615 et
829 596 973 623 conregna-

188 633 273 659 bimns
283 633 316 659 ".
331 633 359 659 Si
374 633 575 667 complantatus
594 633 670 660 fuero
693 633 866 660 similitudini
879 633 975 660 mortis

189 679 255 712 rius,
279 684 472 705 testamentum
492 679 552 713 ejus
565 679 678 706 ostendo
694 686 754 705 CSSC
770 686 851 712 ειψυι*
865 687 974 706 carnem

187 731 289 751 meam.
307 724 375 757 Quid
396 724 469 751 enim
482 724 593 759 prodest
612 725 635 752 si
655 725 679 751 in
693 724 736 751 illa
759 729 862 751 tantum
881 732 973 756 carne,

188 777 268 804 quam
288 769 322 796 de
340 768 423 796 Maria
444 769 576 804 suscepit,
591 770 680 797 dicam
699 770 803 797 venisse
825 769 972 803 Christum,

186 821 280 842 etnon
296 816 439 842 Ostendam
451 816 533 842 etiam
551 817 576 842 in
592 816 643 843 hac
662 823 720 843 mea
735 822 827 849 carne,
844 817 914 850 qttod
927 823 974 843 ve-

1025 226 1085 248 erat
1101 221 1248 248 Abraham.
1266 219 1321 246 Nisi
1336 219 1408 246 enim
1419 217 1516 245 fuisset
1534 215 1659 247 inferior,
1673 222 1726 242 non
1742 220 1814 242 esstt

1026 272 1167 301 Separatns
1183 265 1216 292 ab
1231 265 1368 292 Abraham
1379 284 1387 297 ,
1405 271 1455 291 nec
1471 262 1583 289 dixisset
1597 262 1620 289 ei
1636 261 1676 288 "z
1694 261 1724 288 Si
1739 267 1766 287 tu
1779 261 1814 287 ad

1025 313 1155 343 dextram,
1168 320 1214 346 ego
1231 312 1265 337 ad
1292 311 1428 337 sinistram
1443 310 1486 342 ;si
1509 314 1535 335 tu
1557 308 1591 334 ad
1603 308 1751 339 sinistram,
1769 315 1824 341 ego-

1025 359 1060 384 ad
1075 358 1208 384 dextram.
1233 357 1264 383 Et
1282 357 1331 383 nisi
1356 357 1453 382 ruisset
1479 353 1602 385 inferior,
1620 361 1673 380 non
1689 354 1713 380 ci
1729 353 1816 380 Sodo-

1026 412 1132 431 morum
1149 410 1220 431 terra
1238 407 1266 430 et
1280 401 1411 429 habitatio
1437 400 1594 435 placuisset.
1614 398 1733 426 Veniunt
1749 406 1815 432 ergo

1026 450 1058 477 ad
1072 450 1208 476 Abraham
1227 455 1281 476 tres
1297 449 1346 475 viri
1373 447 1495 477 meridie.
1512 446 1544 472 ad
1561 446 1609 472 μοι
1624 446 1678 473 (1υο
1698 452 1815 480 vespere

1026 496 1144 523 veniunt.
1173 494 1231 522 Non
1261 494 1333 521 enim
1353 493 1479 527 capiebat
1502 492 1552 519 Lot
1571 491 1730 519 meridiana:
1748 491 1815 518 lucis

1026 541 1252 576 magnitudinem.
1280 539 1417 567 Abraham
1434 545 1502 565 vero
1525 545 1609 572 capax
1633 536 1684 564 fuit
1703 537 1813 572 plenunt

1026 589 1156 623 fulgorem
1176 588 1244 615 lucis
1267 587 1406 621 excipere.
1425 585 1572 613 Videamus
1586 591 1659 610 nunc
1678 583 1814 618 quomodo

1024 635 1162 661 Abraham
1179 633 1330 667 susceperit
1350 631 1501 663 venientes,
1517 634 1546 657 et
1560 629 1698 664 quomodo
1712 628 1774 660 Lot,
1788 634 1816 656 et

1024 681 1069 715 qui
1085 684 1232 715 apparatus
1256 677 1447 713 hospitalitatis
1473 676 1615 710 utriusque
1643 675 1680 702 sit
1701 682 1814 709 compa-

1025 733 1126 754 remus.
1147 725 1239 752 l‘rimo
1254 729 1344 752 tatnen
1374 724 1490 750 observa
1518 721 1590 756 quod
1609 721 1726 748 Abrahae
1751 729 1812 748 ctua

1024 773 1128 800 duobus
1141 772 1245 806 angelis
1266 771 1347 799 ctiam
1363 770 1492 797 Dominus
1515 767 1612 800 adfuit,
1626 769 1660 795 ad
1681 768 1730 799 Lot
1750 775 1814 795 vero

1024 820 1077 847 duo
1100 819 1286 846 tantummodo
1303 817 1391 852 angeli
1411 821 1537 851 pergunt.
1556 815 1588 842 Et
1615 815 1679 850 quid
1694 815 1789 842 dicunt
1803 814 1816 840 ?

187 861 274 889 norit?
296 860 416 888 Ostendo
439 865 528 888 autem
554 863 590 888 ita
615 861 734 894 demum,
750 862 771 888 si
793 861 970 895 quemadmo-
988 856 1008 883 Β
1025 865 1097 892 Misit
1120 872 1167 891 nos
1193 863 1318 890 Dominus
1335 866 1468 889 conterere
1491 862 1632 892 ciuitatem,
1653 865 1677 887 et
1707 861 1816 894 perdere

187 908 249 933 dum
266 906 341 941 prius
360 906 470 934 exhibui
492 906 611 933 membra
629 914 688 932 mea
704 907 809 934 servire
834 907 971 941 iniquitati

187 953 221 978 ad
246 953 429 986 iniquitatem,
452 959 525 979 tmuc
548 959 579 979 ea
601 957 758 980 convertam
783 958 810 979 et
832 953 972 980 exhibeam

186 998 293 1026 servire
305 998 419 1033 jnstitim
441 998 474 1025 ad
492 998 747 1026 sanetilieatiouem.
765 998 972 1026 Testamentum

188 1044 234 1070 Ι)ρί
257 1044 370 1072 ostendo
391 1051 453 1071 esse
476 1044 502 1071 in
519 1051 602 1071 carne
617 1052 687 1077 mea,
708 1045 731 1071 si
745 1050 861 1079 potuero
883 1045 974 1072 dicere

185 1096 268 1116 sccun
280 1089 332 1115 tum
340 1089 450 1116 Paulum
458 1088 491 1122 “,
507 1089 569 1124 quia
584 1089 689 1117 Christo
701 1091 892 1124 concruciﬁxus
905 1099 972 1123 sum,

185 1137 242 1161 va-o
259 1141 345 1162 (utrem
357 1135 414 1170 jam
431 1144 482 1162 non
503 1144 560 1170 ego,
584 1137 645 1163 vivit
668 1144 727 1163 vero
740 1135 860 1164 Christus
877 1137 903 1163 in
915 1145 973 1169 me;

187 1185 212 1206 et
228 1180 250 1207 si
267 1187 380 1214 potuero
399 1181 490 1208 dicere
512 1186 541 1207 ul.
563 1182 620 1216 ipse
639 1181 746 1209 dicebat
756 1182 778 1197 "
793 1191 798 1208 :
815 1181 869 1217 Ego
886 1187 973 1209 autem

186 1226 311 1260 stigmata
328 1225 436 1252 Domini
459 1227 508 1253 mei
522 1227 586 1253 Iesu
610 1227 709 1254 Christi
734 1227 761 1254 in
783 1236 891 1262 corpore
917 1237 973 1255 meo

185 1277 274 1307 porto.
296 1271 365 1299 Vere
393 1277 484 1299 autem
512 1272 556 1300 ille
587 1273 749 1301 ostendebat
782 1279 973 1302 testamentum

185 1317 232 1344 Dei
247 1325 310 1345 esse
324 1324 407 1352 super
423 1325 533 1344 carnem
560 1325 648 1349 suam.
665 1319 712 1353 qui
735 1319 874 1346 dicebat"
887 1327 895 1347 :
909 1319 974 1352 Quis

185 1371 232 1389 nos
254 1362 384 1397 separabit
408 1371 424 1389 a
446 1362 575 1389 charitate
601 1362 659 1396 Dei,
684 1371 743 1398 quia
768 1363 847 1390 estin
871 1363 975 1390 Christo

185 1408 250 1436 Jcsu
263 1409 274 1435 Σ
288 1408 454 1436 Tribulatio?
477 1417 511 1435 an
535 1409 679 1443 angustia?
702 1417 736 1435 an
761 1409 927 1442 periculum?
940 1417 974 1436 an

185 1454 313 1489 gladius?
335 1454 363 1480 Si
382 1453 455 1480 enim
486 1461 552 1482 voce
579 1455 767 1481 tantummodo
796 1455 975 1482 conﬁteantur

1024 918 1081 937 eam
1091 909 1123 936 ³⁸.
1142 909 1186 936 Ille
1200 917 1265 944 ergo
1284 908 1403 943 suscepit
1417 915 1475 939 eos,
1491 907 1535 941 qui
1555 907 1689 942 perditum
1705 906 1814 937 darent,

1025 963 1077 984 non
1092 955 1211 989 suscepit
1235 962 1297 981 eum
1314 955 1360 989 qui
1384 953 1512 980 salvaret.
1526 953 1664 980 Abraham
1677 959 1740 978 veto
1755 959 1816 978 sus-

1024 1001 1097 1035 cepit
1111 1005 1138 1028 et
1152 1008 1215 1028 cum
1230 1001 1275 1035 qui
1292 1000 1387 1032 salvat,
1404 1005 1431 1027 ct
1454 1007 1503 1027 eos
1528 999 1572 1034 qui
1592 998 1719 1033 perdunt.
1737 996 1815 1023 Nune

1025 1046 1165 1072 videamus
1190 1045 1326 1080 quomodo
1346 1045 1532 1079 unusquisque
1555 1043 1696 1078 suscipiat.
1730 1041 1814 1072 Vidit.

1025 1092 1111 1126 inquit
1124 1092 1156 1124 ",
1168 1092 1311 1123 Abraham,
1323 1097 1346 1118 et
1360 1092 1475 1118 occurrit
1488 1091 1525 1117 eis
1539 1089 1650 1116 obviam.
1663 1088 1815 1115 Considera

1025 1139 1150 1172 protinus
1167 1138 1310 1173 impigrum
1329 1142 1355 1165 et
1377 1138 1495 1164 alacrem
1511 1137 1537 1163 itt
1553 1135 1648 1162 ciliciis
1662 1134 1814 1161 Abraham.

1024 1183 1082 1217 Ipse
1095 1184 1218 1211 occurrit
1233 1183 1390 1214 obviam,et
1411 1190 1471 1209 cunt
1488 1180 1652 1208 occurrisset
1663 1189 1670 1206 :
1681 1179 1822 1212 Festinat,

1025 1228 1112 1262 inquit
1123 1228 1160 1258 ",
1169 1227 1203 1254 ad
1212 1226 1423 1258 tabernaculum,
1441 1230 1465 1252 et
1478 1225 1539 1252 dicit
1553 1224 1586 1251 ad
1599 1231 1706 1250 uxorem
1716 1230 1792 1249 suam
1805 1229 1815 1248 :

1024 1273 1134 1301 Festina
1157 1273 1192 1300 ad
1215 1273 1425 1300 tabernaculum.
1439 1271 1506 1299 Vide
1533 1271 1558 1298 in
1577 1270 1691 1305 singulis
1711 1273 1818 1304 quanta

1024 1319 1248 1355 sitsuscipientis
1275 1319 1416 1346 alacritas.
1435 1317 1594 1346 Festinatur
1623 1316 1649 1342 in
1676 1314 1815 1344 euntibus,

1023 1366 1115 1394 omnia
1140 1370 1334 1400 perurgeutur,
1353 1363 1421 1391 nihil
1441 1371 1490 1399 per
1502 1363 1589 1390 otiutn
1605 1361 1720 1396 geritur.
1742 1359 1822 1386 Dixit

1024 1418 1088 1446 ergo
1103 1411 1137 1438 ad
1152 1418 1265 1438 uxorem
1281 1418 1358 1438 suatu
1383 1408 1507 1437 Soram"
1525 1417 1531 1434 :
1546 1406 1658 1434 Festina
1678 1407 1712 1433 ad
1728 1408 1818 1432 taber-

1025 1456 1161 1488 naculum,
1177 1461 1200 1483 et
1220 1463 1362 1491 consperge
1382 1461 1434 1482 tres
1455 1462 1592 1481 mensuras
1603 1453 1774 1488 similaginis,
1791 1458 1820 1479 et

189 1499 332 1526 Dominum
350 1498 454 1532 Jesum,
471 1504 499 1527 et
515 1507 568 1527 non
584 1500 763 1527 ostendamus
779 1503 972 1527 testamentum
986 1522 1007 1550 C
1025 1502 1068 1537 [ac
1095 1501 1294 1530 .ubcinericias.
1323 1500 1379 1528 lloc
1407 1500 1502 1528 Graece
1528 1500 1679 1535 ἐγκρυφίας
1701 1499 1818 1530 dicitur,

184 1545 245 1580 ejus
268 1552 328 1572 esse
355 1553 439 1580 super
459 1552 571 1573 carnem
593 1550 728 1578 nostram,
744 1546 892 1572 secundum
914 1545 971 1572 haec

185 1598 245 1625 qetc
257 1598 340 1626 supra
354 1592 541 1626 exposuimus,
558 1591 710 1619 videbimur
727 1591 809 1618 etiant
824 1599 874 1618 nos
885 1591 972 1618 simile

186 1637 288 1672 aliquid
303 1638 393 1665 facere
406 1637 518 1670 Judteis,
533 1638 580 1673 qui
594 1637 653 1665 solo
664 1638 880 1665 circutncisionis
894 1639 972 1672 signo

186 1683 269 1710 Detnn
285 1691 315 1710 se
325 1683 450 1711 conliteri
466 1688 573 1717 putant,
591 1684 672 1711 factis
684 1689 774 1711 autem
791 1688 898 1719 negant.
918 1683 973 1710 No-

186 1729 228 1754 bis
242 1734 332 1756 autem
345 1733 454 1764 prmstet
471 1728 601 1756 Dominus
615 1729 697 1756 corde
710 1730 832 1762 credere,
846 1737 892 1756 ore
905 1736 972 1756 con-

187 1774 267 1805 literi,
282 1775 410 1809 operibus
424 1774 603 1809 comprobare
629 1779 820 1802 testamentum
845 1775 889 1802 Dei
913 1783 973 1803 esse

185 1827 269 1854 super
284 1828 394 1848 carnem
421 1826 552 1854 nostram,
569 1826 595 1848 ut
612 1822 726 1848 ridentes
753 1821 869 1848 homines
894 1829 974 1855 opera

186 1869 277 1893 nostra
303 1865 381 1899 bona,
406 1866 575 1900 magni/ineat
598 1865 707 1892 Patrem
731 1871 857 1892 nostrum
881 1866 924 1900 qui
940 1866 967 1892 iu

183 1911 254 1938 (σείει
268 1911 350 1944 est",
361 1918 409 1945 per
421 1910 512 1938 Jesum
525 1910 665 1938 Christum
680 1910 824 1938 Dontiuum
838 1915 971 1944 nostrum,

184 1957 226 1983 Hii
243 1961 284 1984 est
300 1957 386 1991 gloria
405 1957 431 1983 itt
448 1957 546 1984 saecula
563 1956 737 1984 smculorum.
751 1956 848 1983 Amen.

439 2015 489 2049 τι
516 2013 653 2041 llOillLlA
677 2013 720 2041 tv.

184 2063 222 2089 Dc
235 2070 264 2088 eo
282 2062 351 2097 quod
365 2061 490 2094 scriptum
506 2064 543 2086 est
562 2059 617 2095 (ll)
632 2069 638 2086 ε
662 2069 671 2086 t
699 2060 776 2088 Virus
793 2066 831 2088 est
848 2060 973 2088 Dominus

481 2096 603 2128 Aburius,
617 2105 626 2121 ι
643 2101 692 2123 etc.

222 2145 245 2170 i.
262 2143 384 2171 Recitata
403 2148 445 2170 est
461 2143 539 2170 nobis
552 2142 605 2169 alia
623 2143 691 2170 visio
707 2143 751 2170 Dei
767 2144 800 2170 ad
821 2143 971 2176 Abraham,

1024 1547 1094 1582 quod
1107 1547 1240 1578 occultos,
1258 1546 1298 1573 vel
1315 1546 1492 1574 absconditos
1513 1546 1615 1572 itulicat
1637 1551 1734 1580 panes.
1751 1543 1818 1578 Ipsa

1023 1598 1109 1620 autent
1124 1594 1252 1625 cucurrit,
1266 1591 1395 1627 inquit“,
1409 1592 1442 1618 ad
1451 1592 1525 1618 boves
1537 1596 1560 1617 et
1577 1590 1679 1624 accepit
1690 1590 1817 1616 vitulum.

1024 1639 1077 1667 Sed
1092 1638 1202 1674 qualem
1228 1639 1342 1666 vitulutn
1355 1638 1367 1665 ‘l
1382 1637 1464 1665 Forte
1481 1637 1528 1672 qui
1545 1637 1635 1670 potuit
1651 1635 1755 1670 pritnus
1770 1642 1819 1661 oc-

1023 1686 1153 1714 currere?
1164 1685 1220 1712 Non
1240 1686 1288 1717 ita,
1306 1685 1353 1712 sed
1366 1684 1479 1712 vitulum
1494 1686 1589 1710 bonum
1604 1688 1627 1710 et
1641 1689 1768 1710 (enarunt.
1783 1682 1819 1708 Et

1024 1733 1087 1760 licet
1100 1739 1148 1767 per
1163 1736 1260 1759 cttttcta
1277 1731 1452 1763 I'eetinet,scit
1467 1733 1556 1756 tamen
1566 1736 1625 1762 qua:
1640 1729 1776 1762 praecipua
1788 1732 1820 1754 et

1024 1786 1119 1814 magna
1133 1783 1198 1805 sunt
1222 1777 1334 1805 Domino
1345 1777 1386 1804 vel
1406 1775 1512 1810 angelis
1532 1774 1682 1801 oﬂ'erenda.
1700 1774 1820 1807 Accepit
1837 1775 1846 1783 ‘

1023 1832 1088 1859 ergo
1113 1823 1154 1851 vel
1181 1823 1262 1858 elegit
1277 1823 1309 1850 de
1323 1829 1406 1857 grege
1426 1821 1540 1848 vitulum
1564 1821 1665 1847 bonum
1680 1823 1709 1846 et
1735 1823 1819 1846 tene-

1025 1879 1096 1904 rum,
1112 1876 1139 1898 et
1164 1869 1277 1897 tradidit
1297 1876 1393 1904 puero.
1419 1868 1500 1900 Puer,
1528 1866 1653 1902 inquit",
1677 1866 1819 1900 festinari:

1024 1919 1111 1953 facere
1121 1924 1189 1944 cum.
1204 1915 1266 1951 Ipse
1278 1915 1376 1948 currit,
1390 1921 1460 1941 uxor
1483 1913 1605 1946 festinat,
1624 1919 1691 1947 puer
1707 1911 1820 1939 accele-

1025 1968 1078 1991 rat.
1098 1963 1192 1990 Nullus
1217 1962 1294 1996 piger
1317 1961 1403 1988 estin
1431 1961 1511 1988 domo
1532 1959 1674 1994 sapientis.
1692 1958 1818 1992 Apponit

1024 2017 1090 2045 ergo
1115 2008 1241 2037 vitulum.
1257 2013 1285 2034 ct
1310 2007 1390 2034 simul
1408 2014 1468 2033 cum
1483 2014 1515 2032 eo
1529 2013 1621 2038 panes,
1635 2009 1663 2031 et
1679 2003 1817 2034 similam.

1026 2055 1072 2082 sed
1087 2059 1115 2081 et
1136 2053 1177 2080 Iac
1203 2058 1230 2079 et
1245 2053 1385 2086 butyrum.
1402 2050 1465 2078 llaec
1484 2055 1547 2078 sunt
1570 2049 1686 2076 Abraha:
1699 2054 1726 2075 et
1739 2049 1820 2075 Sara:

1026 2098 1219 2134 hospitalitatis
1230 2098 1328 2125 cilicia.
1337 2097 1415 2124 Nunc
1429 2097 1570 2124 videamus
1581 2096 1646 2130 quid
1658 2096 1742 2123 etiam
1753 2094 1818 2122 Lot.

1027 2145 1076 2172 llic
1093 2153 1180 2179 neque
1202 2144 1319 2171 similam
1337 2143 1427 2176 habet,
1451 2151 1538 2178 neque
1552 2150 1648 2178 panem
1672 2143 1818 2174 mundum,

185 2191 237 2217 hoc
253 2190 331 2216 modo
349 2198 356 2216 :
376 2189 452 2216 Visus
473 2194 521 2219 est.
538 2189 669 2224 inquit",
691 2188 762 2216 Deus
784 2189 816 2215 ab
839 2189 970 2216 Abraham
986 2191 1010 2220 Ι)
1023 2191 1069 2218 sed
1084 2190 1209 2217 farinam.
1224 2189 1316 2224 Neque
1332 2194 1386 2216 tres
1403 2197 1544 2216 mensuras
1556 2189 1653 2216 simila:
1668 2189 1754 2219 novit,
1768 2197 1820 2215 no-

184 2244 242 2262 cum
267 2235 365 2262 sederet
387 2236 422 2262 all
448 2236 543 2262 ostium
576 2235 739 2262 tabernaculi
767 2236 807 2262 sui
842 2236 876 2262 ad
893 2244 970 2270 quer-

185 2290 245 2308 cum
272 2281 401 2309 Mambre.
422 2281 455 2308 Et
477 2290 534 2309 ecce
570 2283 619 2309 viri
640 2288 692 2308 tres
733 2283 871 2308 astiterunt
895 2290 974 2314 super

183 2335 262 2357 etim.
295 2331 321 2354 et
351 2328 488 2362 respiciens
516 2327 599 2354 oculis
626 2327 681 2354 suis
717 2327 849 2354 Allt'tlltam
885 2328 971 2360 cidit,

184 2379 208 2400 et
233 2375 298 2402 exiit
320 2375 347 2402 in
372 2383 509 2402 occursum
533 2375 583 2407 eis,
618 2379 672 2401 etc.
708 2374 887 2401 Conferamus
917 2374 974 2408 pri-

185 2429 251 2453 mo,
274 2421 296 2449 si
324 2421 450 2455 videtur,
480 2421 551 2448 hanc
580 2421 712 2448 visionem
743 2428 804 2448 cum
843 2420 887 2446 illa
914 2429 973 2455 qua:

186 2468 255 2494 tacta
274 2471 316 2494 cst
329 2467 362 2494 ad
387 2466 447 2494 Lot.
467 2465 534 2494 Tres
552 2466 603 2494 viri
619 2467 732 2494 veniunt
761 2467 794 2492 ad
821 2465 971 2498 Abraham,

185 2517 294 2540 ctstant
307 2519 388 2546 super
399 2519 463 2540 eum
482 2521 490 2545 ;
509 2512 542 2540 ad
558 2512 609 2540 Lot
626 2513 680 2540 duo
694 2513 816 2543 veniunt,
836 2517 862 2539 et
878 2513 974 2539 sedent

185 2558 212 2585 in
227 2557 327 2593 platea.
343 2557 408 2585 Vide
425 2558 447 2585 si
466 2565 519 2585 non
532 2557 734 2594 dispensatione
752 2557 870 2592 Spiritus
885 2557 972 2585 sancti

221 2649 244 2664 “
260 2647 344 2676 lCor.
361 2657 397 2680 tv,
411 2649 456 2677 90.
495 2649 517 2665 "
529 2648 587 2676 Col.
603 2656 645 2681 Ill,
662 2649 688 2675 5.
728 2648 750 2663 ²¹
768 2646 776 2674 Ι
794 2646 855 2674 Cor.
871 2655 908 2678 IV,
926 2647 968 2674 10.

185 2683 208 2700 ³⁸
221 2683 300 2711 Rom.
313 2692 370 2715 vm,
386 2684 430 2711 55.
467 2685 489 2700 ¹¹¹
502 2684 596 2712 Matth.
611 2691 637 2715 ν.
650 2683 693 2710 16.

185 2726 262 2751 Hm,
275 2719 304 2745 ‘2.
343 2719 364 2734 ³¹
379 2720 456 2751 ibid.,
468 2719 494 2747 6.
534 2719 556 2734 ³³
571 2719 636 2746 ibid.
672 2717 789 2750 "ibid.,
807 2717 833 2743 7.

221 2765 377 2801 (li)Codex
397 2766 489 2794 Sancti
505 2764 664 2793 Theoderici
686 2765 792 2792 titulum
820 2763 916 2801 habet,
937 2763 973 2790 De

185 2799 319 2828 Aura/tam
345 2806 367 2828 ιιι
387 2802 470 2829 tribus
491 2801 551 2828 ciris
581 2809 644 2835 quos
674 2801 738 2829 vidit
766 2800 873 2828 meridie
894 2799 973 2833 juxta

185 2845 308 2871 quercum
322 2835 449 2865 Humbre.

731 2682 753 2699 "
767 2682 864 2710 Cenes.
883 2690 960 2712 xvtu,
979 2682 1002 2713 l,
1017 2682 1045 2709 2.

731 2718 789 2749 iid.,
807 2717 833 2743 7.
871 2717 984 2749 “ibid.,
1002 2717 1029 2744 8.

1023 2243 1075 2272 que
1090 2235 1252 2272 ἐγκρυφίας,
1266 2236 1341 2262 idest
1356 2235 1531 2262 absconditos
1543 2242 1576 2262 ac
1591 2235 1718 2270 mysticos
1731 2242 1821 2269 panes

1024 2290 1160 2318 apponere
1181 2281 1352 2308 venientibus
1368 2285 1470 2314 potest.

1059 2330 1086 2357 2.
1117 2329 1168 2356 Sed
1197 2337 1396 2364 persequamur
1420 2335 1492 2356 nunc
1521 2326 1631 2354 interim
1665 2326 1730 2361 quid
1760 2327 1822 2361 agit

1025 2375 1161 2402 Abraham
1180 2383 1241 2402 cunt
1269 2375 1357 2402 tribus
1388 2373 1531 2408 viris,qui
1561 2373 1708 2400 astiterunt
1733 2379 1822 2407 super

1026 2429 1098 2448 eum.
1115 2420 1171 2448 Hoc
1190 2420 1276 2455 ipsum
1303 2420 1363 2447 vide
1382 2419 1463 2455 quale
1485 2418 1532 2450 sit,
1559 2418 1631 2452 quod
1649 2424 1732 2452 super
1753 2425 1821 2445 eum

1029 2468 1150 2499 veniunt,
1168 2475 1222 2494 tton
1234 2471 1329 2494 contra
1349 2474 1421 2493 eum.
1438 2464 1598 2500 Subjecerat
1615 2471 1645 2490 se
1655 2464 1756 2498 quippe
1770 2472 1823 2491 vo-

1027 2513 1125 2541 lutttati
1143 2513 1200 2545 Dei,
1214 2513 1273 2540 ideo
1284 2520 1368 2548 super
1379 2520 1439 2540 eum
1450 2517 1539 2540 astare
1550 2510 1606 2544 (1‘2)
1618 2510 1718 2537 dicitur
1735 2510 1820 2537 Deus.

1028 2559 1147 2594 Apponit
1173 2566 1239 2594 ergo
1266 2566 1349 2594 panes
1376 2558 1464 2586 tribus
1487 2559 1624 2585 mensuris
1649 2556 1821 2591 similaginis

1332 2647 1355 2663 "°
1369 2646 1427 2674 Gal.
1445 2646 1527 2679 ".19,
1539 2646 1585 2673 20.
1606 2645 1699 2674 “Gal.
1718 2653 1757 2678 Vl,
1774 2645 1820 2673 {8.

1373 2683 1395 2698 '°
1406 2682 1505 2709 Cenes.
1525 2690 1579 2714 aut,
1597 2681 1638 2708 l5.
1677 2681 1698 2696 "
1715 2681 1820 2710 Cenes.

1026 2647 1048 2662 "
1060 2646 1080 2674 ll
1095 2647 1164 2674 Tim.
1182 2655 1212 2679 ιι,
1234 2647 1275 2674 12.

1083 2683 1106 2698 ”
1117 2682 1216 2710 Cenes.
1234 2690 1293 2716 xui,
1307 2682 1334 2710 9.

1066 2764 1122 2800 (l2)
1140 2763 1240 2792 Omnes
1264 2771 1328 2792 mss.
1345 2773 1422 2799 super
1446 2772 1503 2792 eum
1534 2770 1643 2796 astare;
1660 2762 1728 2791 libb.
1753 2763 1818 2792 editi

1030 2808 1106 2835 super
1116 2805 1216 2828 natare.
