1900 3060
83 115 135 144 185

687 112 721 140 ιΝ
740 112 890 140 GENESIM
909 111 1054 140 llOMlldA
1070 111 1114 140 IV.

1666 114 1719 142 186

83 179 260 208 conspersos.
273 172 345 200 Tres
363 172 437 200 viros
450 171 581 206 suscepit,
595 171 680 199 tribus
696 171 831 198 mensuris
841 171 878 198 si-
893 173 915 201 Α
930 170 996 197 bebit
1019 171 1105 204 ﬁliuni
1131 170 1200 198 Sara
1223 178 1291 197 uxor
1314 177 1370 198 tua.
1396 171 1526 198 Audiebat
1541 177 1626 199 autem
1647 172 1718 199 Sara

85 219 220 254 milaginis
242 226 331 254 panes
353 218 516 253 conspersit.
535 217 632 244 Totum
654 216 725 251 quod
741 217 796 251 agit
817 223 877 250 my-

86 266 194 297 sticum,
209 269 297 292 totum
308 263 490 291 sacramentis
510 263 641 297 repletum
662 267 713 288 est.
727 262 879 296 Apponitur

88 311 198 342 vitulus,
213 319 280 337 ecce
298 310 374 337 aliud
399 313 609 336 sat-ramentum.
634 308 739 335 Vitulus
755 307 812 342 ipse
826 315 878 334 non

87 362 128 385 est
139 358 237 389 durus,
254 356 301 384 sed
317 358 405 383 bonus
418 360 446 382 et
458 360 542 382 tener.
553 355 585 381 Et
597 355 661 389 quid
675 359 728 380 tam
742 358 877 386 tenerum,

88 404 152 438 quid
163 408 217 430 tam
234 403 346 433 bonum,
367 409 448 436 quant
465 405 507 427 est
527 400 582 432 ille,
597 401 642 434 qui
667 399 823 426 ltumiliavit
849 406 879 426 se

87 457 138 484 pro
156 448 236 475 nobis
251 455 338 482 usque
357 447 390 473 ad
415 450 540 478 mortem,
555 449 582 472 et
596 445 714 471 animant
735 452 813 472 suam
829 451 878 478 po-

88 495 143 522 suit
165 502 216 529 pro
237 494 335 520 amicis
353 492 432 520 suis?
449 492 553 518 Vitulus
578 491 622 518 ille
643 491 880 525 saginatus,quem

90 547 140 573 pro
158 540 272 574 recepto
281 539 434 573 pmnitente
445 537 501 563 ﬁlio
521 537 627 571 jugulat
643 540 731 570 pater.
750 535 796 563 Sic
807 535 880 562 enim

91 585 161 612 Deus
174 585 268 611 dilexit
282 585 354 611 hunc
369 583 507 615 mundum,
524 586 552 608 ut
567 581 667 609 Filium
682 590 760 609 suum
773 582 881 608 unicum

89 632 166 657 daret
181 639 231 666 pro
249 631 329 663 huius
344 630 437 656 mundi
451 629 505 655 vita
525 628 558 654 ³⁸.
574 626 628 654 Nec
643 633 731 654 tamen
754 627 820 654 latet
835 634 880 654 sa-

90 678 212 712 pientem
232 684 300 712 quos
317 675 481 710 susceperit.
495 674 595 701 Tribus
610 674 731 701 occurrit
749 678 777 701 et
797 681 880 700 unutn

90 724 199 755 adorat,
216 728 245 749 et
260 723 294 750 ad
307 729 389 750 unutn
405 721 525 756 loquitur
545 720 640 747 dicens
653 720 675 736 "
689 728 696 746 :
713 718 824 746 Declina
846 717 881 745 ad

89 777 205 804 puerum
233 773 319 800 tuum,
334 772 357 794 et
374 767 501 802 refrigerii
524 771 549 794 te
564 767 612 793 sub
629 765 733 792 arbore.
746 764 799 791 Sed
812 771 881 797 quo-

91 813 173 840 modo
199 812 274 839 addit
299 812 409 844 ilerutn,
447 812 525 846 quasi
563 810 719 838 hominibus
750 809 883 845 loquens?

90 858 261 889 Aceipiatur,
289 858 387 892 inquit,
403 865 483 891 aqua,
506 862 529 884 et
544 856 665 883 laventur
689 855 767 890 pedes
793 856 882 882 vestri.
900 847 922 875 Β

92 904 177 931 Docet
192 903 303 938 quidem
321 907 348 930 te
364 912 411 938 per
424 905 480 931 hate
503 903 642 930 Abraham
663 906 740 936 pater
762 901 883 935 gentium

89 954 118 977 et
134 950 279 984 magister,
296 950 431 983 quomodo
445 949 567 984 hospites
579 948 719 982 suscipere
735 948 844 980 debeas,
857 951 885 974 et

91 1002 120 1023 ut
134 996 212 1023 laves
230 996 365 1030 hospitum
385 997 478 1030 pedes,
497 1000 587 1022 tatnen
604 999 631 1022 et
646 995 735 1023 hocin
752 995 884 1030 mysterio

91 1042 207 1069 dicitur.
233 1041 345 1068 Sciebat
369 1041 441 1068 enim
470 1040 610 1068 Dotninica
633 1046 807 1068 sacramenta
830 1049 884 1068 non

93 1088 146 1115 nisi
164 1088 192 1115 in
213 1087 339 1114 lavandis
357 1087 471 1121 pedibus
491 1087 705 1114 censuntmanda
714 1087 748 1114 ³⁸.
766 1087 820 1114 Sed
835 1095 885 1114 nec

93 1134 167 1160 illius
177 1134 289 1168 quidem
305 1134 431 1168 praecepti
445 1141 507 1161 eum
522 1134 626 1168 pondus
646 1133 757 1166 latebat,
774 1141 828 1168 quo
845 1133 885 1160 di-

91 1179 167 1205 citur
190 1186 205 1205 a
231 1178 407 1206 Salvatore"
426 1187 433 1207 :
454 1178 486 1207 Si
509 1179 554 1213 qui
579 1187 631 1206 non
660 1180 802 1212 receperint
824 1188 883 1211 eos,

92 1224 174 1250 etiam
189 1223 321 1258 pulverem
334 1224 380 1258 qui
394 1224 505 1251 attha’sit
526 1224 636 1258 pedibus
652 1225 758 1257 vestris,
772 1226 886 1252 ercutite

92 1269 121 1296 in
137 1269 318 1296 testimonium
334 1269 397 1296 illis.
420 1269 501 1296 Amen
519 1269 578 1297 dico
590 1269 659 1298 vobis
677 1271 740 1305 quia
758 1270 885 1297 tolerabi-

93 1316 145 1342 lius
159 1316 211 1342 erit
233 1320 311 1342 terra:
334 1315 512 1342 Sodomorum
525 1319 549 1341 et
572 1315 803 1343 Gontorrhworum
829 1315 884 1351 (l5)

94 1363 122 1388 in
138 1362 183 1387 die
204 1361 303 1395 judicii
317 1369 396 1396 quant
425 1361 465 1388 illi
478 1361 586 1388 civitati.
608 1361 721 1389 Volebat
741 1369 806 1396 ergo
818 1369 886 1395 pra:-

95 1409 202 1441 venirc,
219 1413 246 1435 et
270 1408 363 1435 lavare
383 1408 476 1442 pedes,
493 1416 527 1435 ne
542 1408 606 1442 quid
621 1408 691 1435 forte
705 1408 826 1442 pulveris
845 1415 886 1434 rc-

96 1454 210 1485 sideret,
228 1455 300 1488 quod
317 1454 350 1481 ad
372 1455 555 1481 testimonium
570 1453 764 1481 incredulitatis
790 1461 887 1481 excus-

928 222 1002 244 slans
1015 222 1071 250 past
1093 217 1188 243 ostium
1204 217 1367 244 tabernaculi
1390 218 1432 244 sui
1445 222 1502 252 post
1516 217 1660 244 Abraham.
1672 217 1718 244 Di-

929 268 1006 289 scant
1017 262 1145 289 mulieres
1157 263 1290 297 exemplis
1302 263 1531 296 patriarcharum,
1540 263 1656 295 discant,
1675 264 1718 290 ἰιιο

929 316 1022 344 quam,
1044 308 1172 335 mulieres
1187 309 1262 343 sequi
1281 309 1353 335 viros
1369 316 1443 335 suos.
1459 308 1552 342 Neque
1573 309 1645 336 ettint
1660 309 1720 336 sine

929 362 1012 383 causa
1027 355 1158 389 scriptum
1172 360 1212 381 est
1225 355 1295 388 quod
1312 355 1379 381 Sara
1401 355 1491 382 stabat
1503 355 1720 389 postAbrahant,

931 402 979 429 sed
995 406 1023 428 ut
1040 401 1243 432 ostenderetur,
1258 400 1322 434 quia
1344 400 1385 426 vir
1400 400 1422 427 si
1438 401 1568 435 pra-cedit
1583 401 1616 428 ad
1630 401 1721 427 Domi-

931 455 1007 480 num,
1022 447 1097 481 sequi
1118 446 1216 473 mulier
1233 445 1321 472 debet.
1339 445 1416 478 Quod
1442 446 1504 473 dico
1521 447 1597 481 sequi
1620 446 1721 473 debere

931 492 1084 527 mulierem,
1103 493 1128 519 itt
1149 499 1181 519 eo
1203 492 1263 519 dico
1277 492 1299 519 si
1322 496 1412 519 astare
1432 491 1520 518 virum
1536 499 1614 519 suum
1631 492 1723 519 videat

931 539 998 567 Deo.
1013 539 1138 574 Alioquin
1154 538 1333 565 ascendamus
1360 537 1393 564 ad
1419 537 1544 565 altiorem
1569 537 1721 573 intelligen-

934 586 978 613 tiae
995 585 1122 619 gradum,
1136 589 1163 611 et
1178 584 1301 611 dicamus
1316 582 1405 610 virum
1418 582 1445 609 in
1470 583 1547 610 nobis
1562 590 1623 610 esse
1640 584 1723 610 ιιιιὶοο

934 632 1052 659 nabilctn
1076 638 1196 661 sensum,
1220 634 1247 657 et
1265 629 1417 662 mulierem,
1440 635 1500 663 quat
1522 628 1547 655 ei
1573 629 1648 655 velut
1663 629 1722 655 viro

933 678 1034 705 sociata
1056 681 1109 709 est,
1127 684 1236 703 carnem
1265 680 1398 703 nostram.
1419 676 1555 710 Sequatur
1579 682 1645 710 ergo
1660 682 1724 701 caro

933 731 1041 758 semper
1052 722 1240 750 rati0nabilem
1258 728 1378 754 sensum,
1397 728 1447 748 nec
1461 721 1487 748 in
1509 721 1534 747 id
1548 728 1667 754 uuqnatu
1680 721 1724 746 de.

934 770 1010 798 sidia:
1025 769 1161 800 veniatur.
1180 773 1210 796 ut
1237 768 1313 795 carni
1331 768 1356 795 in
1373 768 1478 795 luxuria
1491 772 1519 794 et
1540 767 1725 802 voluptatibus

934 816 1061 846 ﬂuitanti.
1082 816 1108 842 ιη
1125 815 1256 842 ditionem
1273 815 1402 842 redactus
1423 813 1589 848 obsequatur
1605 814 1723 840 rationa-

935 862 997 890 bilis
1012 868 1118 889 sensus.
1132 860 1228 887 Stabat
1252 867 1316 894 ergo
1339 859 1404 887 Sara
1428 864 1489 894 post
1510 858 1723 885 Abrahatn.Sed

934 913 963 936 et
978 908 1121 944 mysticum
1141 906 1244 940 aliquid
1260 910 1362 933 sentire
1381 905 1406 932 in
1424 905 1475 932 hoc
1486 912 1630 940 possumus
1650 904 1724 937 loco,

935 955 959 983 si
979 956 1120 982 videamus
1139 953 1274 987 quomodo
1297 953 1323 979 iu
1341 952 1436 979 Exodo
1464 951 1637 986 przeeedebat
1655 953 1725 979 Deus

937 1001 963 1027 in
980 1000 1106 1028 columna
1121 999 1191 1033 ignis
1207 1006 1254 1032 per
1278 1003 1397 1029 noctem,
1411 1001 1438 1023 et
1456 996 1484 1023 in
1499 995 1625 1023 columna
1647 997 1728 1023 nubis

936 1056 984 1083 per
1000 1048 1071 1074 diem
1083 1047 1108 1063 “
1125 1055 1131 1073 :
1153 1053 1179 1073 et
1197 1053 1334 1081 synagoga
1357 1044 1462 1071 Domini
1485 1044 1651 1079 sequebatur
1667 1047 1728 1077 post

938 1094 1036 1127 ipsntn.
1051 1093 1097 1119 Sic
1119 1100 1184 1126 ergo
1203 1091 1324 1126 intelligo
1341 1094 1367 1117 et
1384 1089 1480 1117 Suram
1510 1095 1632 1118 secutam
1654 1095 1727 1118 esae.

939 1140 979 1166 vel
995 1138 1104 1165 stetisse
1118 1143 1177 1172 post
1189 1138 1337 1164 Abraham.
1354 1136 1422 1168 Quid
1446 1139 1506 1169 post
1531 1135 1589 1162 haec
1601 1134 1702 1160 dicitur
1716 1133 1729 1159 ι

940 1184 973 1211 Et
997 1189 1081 1216 erant,
1110 1184 1197 1217 inquit
1218 1182 1254 1215 “,
1281 1182 1357 1209 ambo
1384 1181 1540 1216 presbyteri,
1558 1180 1587 1207 id
1606 1184 1643 1206 est
1654 1186 1727 1206 senes

937 1237 961 1257 et
975 1231 1089 1265 provecti
1103 1231 1128 1256 in
1149 1229 1240 1255 diebus
1258 1229 1324 1255 suis.
1341 1227 1476 1260 Quantum
1491 1227 1524 1253 ad
1544 1230 1651 1254 :elatem
1665 1231 1729 1253 cor-

938 1277 1011 1311 poris
1031 1274 1247 1311 pertiuel,multi
1263 1278 1327 1301 ante
1343 1273 1417 1308 ipsos
1429 1269 1665 1300 numerosioribtis
1678 1279 1727 1298 an-

938 1320 981 1347 nis
1000 1320 1133 1346 duxerant
1149 1319 1246 1348 vitam,
1262 1325 1341 1345 nemo
1361 1322 1451 1344 tamen
1475 1316 1618 1352 presbyter
1634 1316 1728 1350 appel-

937 1365 1008 1392 latus
1021 1370 1074 1392 est.
1091 1364 1166 1391 Unde
1181 1364 1288 1390 videtttr
1305 1371 1401 1390 nomen
1412 1363 1465 1390 hoc
1484 1362 1585 1389 sanctis
1602 1369 1654 1388 non
1670 1361 1730 1388 lon-

938 1410 1072 1445 gatvitatis
1086 1409 1204 1442 ratione,
1218 1408 1266 1436 sed
1289 1408 1455 1435 maturitatis
1470 1406 1581 1434 ascribi.

972 1456 1001 1483 5.
1021 1456 1090 1489 Quid
1114 1462 1179 1490 ergo
1205 1459 1266 1490 post
1290 1458 1394 1481 tantum
1417 1460 1449 1480 ac
1480 1452 1532 1480 tale
1560 1452 1729 1483 conviviunt,

96 1507 156 1526 sum
169 1519 177 1531 ,
200 1505 295 1532 posset
321 1500 348 1526 in
377 1500 422 1526 die
442 1499 535 1533 judicii
561 1500 705 1526 reservari.
736 1499 884 1534 Propterea
900 1516 921 1544 ο
938 1503 1009 1538 quod
1024 1502 1159 1529 Abraham
1176 1501 1288 1528 Domino
1304 1505 1330 1527 et
1349 1499 1451 1534 angelis
1465 1499 1515 1526 sub
1531 1498 1629 1525 arbore
1644 1498 1729 1525 visio.

96 1553 163 1580 ergo
179 1545 245 1572 dicit
256 1546 365 1579 sapiens
380 1545 516 1572 Abraham
534 1545 573 1572 ‘°:
590 1545 743 1580 Aceipiatur
766 1553 834 1580 aqua
862 1549 889 1572 et

96 1591 219 1618 labentur
228 1591 305 1624 pedes
320 1591 408 1618 vestri.

132 1637 159 1664 5.
175 1637 229 1664 Sed
247 1637 450 1671 videamusjzun
467 1637 539 1672 quod
553 1637 634 1664 etiam
649 1637 674 1664 itt
696 1638 888 1673 consequenti-

97 1684 149 1711 bus
166 1684 277 1711 dicitur.
291 1683 354 1718 Ipse
368 1689 467 1715 anteiit,
482 1683 603 1719 inquit“,
627 1683 761 1710 Abraham
783 1684 886 1711 astabat

95 1730 133 1756 eis
145 1729 194 1757 sub
207 1729 313 1756 arbore.
323 1728 363 1756 Ad
376 1729 561 1762 hu,"uscetnodi
576 1729 753 1760 narrationes,
770 1729 888 1757 circum-

96 1776 170 1802 risas
183 1782 267 1802 aures
283 1774 456 1809 requirimus.
466 1773 560 1809 Neque
576 1775 650 1802 enim
669 1782 801 1802 summam
814 1775 888 1803 solli-

97 1821 245 1847 citudinem
260 1820 375 1854 Spiritui
388 1820 441 1855 72
449 1825 543 1848 sancto
559 1820 641 1848 fuisse
654 1821 819 1848 credendum
834 1825 887 1854 est,

98 1873 126 1894 ut
146 1868 283 1895 scriberet
310 1867 335 1893 in
362 1867 439 1894 libris
464 1867 531 1901 legis
560 1866 605 1894 ubi
630 1872 716 1895 staret
737 1867 887 1895 Abraham.

97 1914 166 1947 Quid
177 1916 252 1940 enim
278 1921 321 1939 me
335 1913 413 1948 juvat
434 1913 479 1948 qui
500 1914 559 1940 veni
579 1913 672 1941 audire
688 1913 751 1948 quid
770 1913 888 1948 Spiritus

99 1964 212 1986 sanctus
239 1959 387 1986 humanum
406 1958 503 1986 doceat
528 1967 623 1994 genus,
646 1959 668 1985 si
688 1960 800 1986 audiero
816 1960 887 1994 quod

97 2004 236 2032 Abraham
263 2005 355 2032 stabat
383 2004 433 2033 sub
458 2005 584 2032 arbore?
604 2005 651 2032 sed
677 2005 816 2032 videamus
827 2013 888 2040 quae

98 2052 156 2079 lucc
168 2052 205 2079 sit
218 2052 312 2084 arbor,
329 2051 379 2078 sub
393 2059 444 2085 qua
464 2052 556 2078 stabat
574 2052 721 2085 Abraham,
747 2057 774 2079 et
793 2052 887 2079 convi-

99 2098 174 2125 vium
187 2097 309 2125 Domino
325 2102 406 2132 atque
422 2097 527 2132 angelis
542 2097 697 2125 exhibebat.
712 2098 768 2125 Sub
782 2099 888 2131 arbore,

99 2143 231 2179 inquit“,
247 2143 374 2169 Alambre.
391 2143 511 2170 Mantbrc
537 2144 563 2170 in
588 2147 678 2170 nostra
695 2143 784 2178 lingua
802 2143 887 2170 inter-

99 2195 224 2224 pretatur
249 2189 315 2216 visio
329 2190 386 2216 sive
408 2189 577 2223 perspicaria.
599 2188 678 2216 Vides
697 2189 744 2223 qui
758 2193 785 2215 ct
803 2189 890 2223 qualis
905 2183 931 2213 Ι)

98 2241 140 2264 est
151 2236 239 2267 locus,
252 2236 279 2262 in
292 2243 345 2271 quo
355 2235 485 2262 Dominus
500 2239 586 2269 potest
602 2235 701 2262 habere
713 2234 890 2262 convivium?

102 2282 251 2309 Detectavit
277 2288 338 2308 eum
361 2281 430 2307 visio
446 2286 472 2307 et
496 2281 662 2315 perspicacia
680 2281 805 2307 Abrahae.
824 2280 889 2308 Erat

99 2328 173 2354 enim
187 2326 307 2354 tnundus
323 2326 406 2354 corde
426 2332 454 2354 ut
469 2332 561 2362 posset
579 2327 671 2354 videre
690 2327 784 2353 Dcunt.
798 2327 827 2353 ln
842 2327 888 2354 tali

101 2373 183 2400 corde
198 2378 285 2408 potest
301 2373 430 2401 Dominus
446 2380 508 2400 cum
523 2372 626 2407 angelis
639 2376 694 2399 suis
709 2372 810 2399 habere
822 2379 889 2399 con-

100 2420 216 2447 vivium.
231 2420 355 2455 Denique
376 2425 440 2447 ante
463 2419 602 2455 propinata:
619 2419 743 2446 videntes
762 2419 892 2446 diceban-

103 2471 157 2494 llll'.

137 2512 165 2540 ι.
185 2511 255 2546 Quid
271 2516 360 2540 autctn
372 2512 438 2539 dicit
459 2511 587 2539 Dominus
610 2511 643 2538 ad
663 2510 824 2538 Abraham!
841 2509 892 2537 Ubi

102 2566 153 2592 cst,
178 2558 312 2594 inquit“,
335 2558 403 2586 Sara
422 2567 489 2586 uxor
509 2563 555 2586 tua
569 2558 625 2585 ."At
641 2558 684 2584 ille
705 2567 710 2584 :
734 2556 817 2589 Ecce,
835 2556 886 2590 ait,

103 2605 129 2631 in
146 2605 329 2634 tabernaculo.
352 2605 422 2632 Dixit
438 2610 524 2631 autent
552 2604 702 2631 Dominus:
725 2602 834 2629 Veniens
846 2611 890 2629 ve-

103 2651 175 2677 stiam
192 2651 221 2677 in
233 2655 347 2684 tempore
363 2651 397 2677 ad
412 2656 437 2677 te
457 2651 601 2678 secundum
621 2656 721 2684 tempus
736 2650 795 2680 hac.
808 2654 832 2676 et
843 2649 891 2676 Ita-

140 2706 250 2734 "Joan.
262 2714 320 2735 rm.
343 2705 385 2733 16,
424 2706 554 2734 "Gcnes.
572 2705 684 2737 xvm,5,
704 2704 732 2731 4.

104 2741 125 2758 ⁸⁸
149 2743 213 2770 ibid.
254 2742 275 2757 “
294 2741 393 2770 ches.
409 2749 484 2771 xvttl.
500 2741 525 2767 l.
565 2741 586 2756 ⁵³
603 2741 680 2773 ibid.,
695 2740 775 2772 9,l0.

104 2776 127 2794 ν
147 2777 264 2811 ibi.t.,~2.
299 2776 322 2792 ιι·
339 2776 407 2804 liliclt
439 2785 457 2806 ι,
482 2776 507 2802 3.

772 2704 949 2732 "JoanJItt.
986 2703 1097 2729 "Marc.
1115 2701 1209 2733 vt,ll;
1229 2699 1323 2726 Matth.
1336 2697 1421 2729 x.15.

813 2740 835 2756 ⁸³
848 2739 933 2767 Exod.
945 2746 1002 2772 xm,
1012 2739 1056 2764 “ll.

940 1551 982 1579 nis
992 1550 1117 1577 exhibuit
1129 1550 1140 1576 ?
1156 1548 1373 1576 Proiiciscuntur
1398 1546 1526 1579 hospites.
1537 1545 1670 1572 Abraham
1680 1552 1729 1570 au-

939 1604 988 1625 tem
1003 1596 1158 1627 deducebat,
1173 1593 1301 1629 inquit“,
1315 1601 1369 1625 eos,
1382 1591 1532 1619 ambulabat
1542 1599 1600 1618 cum
1610 1591 1659 1617 eis.
1675 1589 1730 1616 De-

938 1643 1028 1671 minus
1049 1646 1136 1668 autent
1157 1640 1223 1667 dixit
1240 1646 1249 1666 :
1273 1638 1334 1665 Non
1357 1637 1445 1665 celabo
1464 1637 1596 1664 Abraham
1618 1643 1728 1670 puerum

939 1696 1025 1715 meum
1039 1687 1102 1723 quid
1117 1695 1164 1722 ego
1178 1686 1286 1721 faciam.
1304 1684 1437 1710 Abraham
1464 1687 1552 1710 autem
1566 1682 1611 1716 [iet
1628 1683 1654 1709 in
1668 1689 1731 1716 geu-

940 1738 991 1760 tem
1004 1740 1126 1767 maguant
1137 1736 1164 1758 et
1177 1730 1300 1763 multant,
1314 1735 1337 1757 et
1355 1729 1539 1756 benedicentur
1560 1729 1587 1754 in
1601 1728 1658 1762 ipso
1671 1735 1729 1753 om-

941 1786 985 1806 nes
997 1782 1085 1814 gentes
1095 1782 1181 1804 teme.
1194 1776 1256 1804 Scio
1273 1776 1342 1802 enim
1354 1775 1416 1809 quia
1432 1773 1565 1808 pracipiet
1581 1772 1646 1806 ﬁliis
1662 1773 1729 1803 suis,

940 1829 965 1852 et
978 1823 1117 1851 servabunt
1138 1823 1193 1849 uias
1207 1821 1323 1851 Domini,
1338 1824 1366 1847 ut
1378 1819 1478 1854 faciant
1496 1818 1632 1852 justitiam
1643 1822 1666 1843 et
1681 1817 1730 1850 ju-

940 1871 1085 1902 dicium,ut
1101 1867 1206 1902 impleat
1221 1867 1349 1894 Dominus
1366 1865 1479 1892 Abralta:
1488 1871 1547 1897 qum
1558 1863 1683 1890 indicavit
1694 1863 1729 1889 ei.

942 1917 976 1944 Et
991 1916 1060 1943 dixit
1072 1923 1082 1942 .'
1098 1913 1206 1941 Clamor
1217 1912 1394 1940 Sodomorum
1407 1915 1429 1937 et
1445 1909 1675 1937 Gomorrhazorum
1689 1915 1729 1934 re-

940 1962 1025 1998 pletus
1043 1965 1092 1993 est,
1107 1965 1130 1987 et
1145 1964 1250 1994 peccata
1272 1964 1361 1984 eorum
1376 1963 1472 1990 magna
1498 1954 1584 1981 valde.
1601 1953 1730 1980 Ducendi

941 2016 1004 2043 ergo
1017 2011 1045 2034 ut
1058 2007 1172 2034 viderem
1183 2005 1207 2031 si
1223 2002 1366 2030 secundum
1379 2001 1519 2027 clamorem
1531 2007 1621 2027 eorum
1632 1999 1677 2034 qui
1693 2006 1732 2025 vc-

943 2055 980 2082 nit
998 2053 1032 2080 ad
1044 2061 1095 2086 me,
1107 2053 1332 2079 consummentur.
1345 2047 1393 2075 Sin
1411 2051 1543 2079 autem,ut
1562 2046 1653 2073 sciam.
1669 2044 1731 2071 Ha‘c

944 2100 1093 2133 Scriptura:
1106 2097 1204 2123 divina.-
1217 2098 1282 2122 sunt
1301 2093 1391 2120 verba.
1415 2092 1562 2120 Videamus
1579 2098 1645 2125 ergo
1660 2097 1732 2116 nuttc

944 2145 1008 2181 qttid
1038 2142 1150 2177 intelligi
1175 2142 1201 2168 in
1220 2141 1261 2167 liis
1282 2140 1391 2174 dignum
1414 2138 1461 2165 sit.
1478 2136 1618 2168 Descenu’i,
1631 2135 1731 2169 inquit,

944 2197 971 2218 ut
984 2191 1095 2218 videant.
1110 2187 1222 2222 Quando
1249 2186 1281 2212 ad
1296 2185 1433 2212 Abraham
1458 2190 1587 2218 responsa
1601 2181 1731 2208 deferun-

945 2241 999 2269 tur,
1015 2243 1068 2262 non
1085 2234 1185 2261 dicitur
1209 2233 1278 2260 Deus
1294 2231 1471 2260 descendere,
1485 2229 1531 2256 sed
1550 2236 1630 2262 supra
1643 2227 1730 2262 ipsum

943 2287 1044 2314 astare,
1058 2280 1127 2308 sicut
1138 2286 1218 2313 supra
1231 2277 1414 2312 exposuimus.
1430 2275 1586 2305 Asliterunt,
1599 2273 1685 2307 inquit
1697 2272 1729 2303 ⁸⁷,

945 2333 996 2354 tres
1019 2326 1070 2353 uiri
1084 2332 1162 2359 super
1180 2331 1249 2350 eum.
1264 2322 1342 2349 Nunc
1365 2325 1455 2347 autem
1477 2320 1540 2354 quia
1558 2323 1731 2353 peccatorum

944 2379 1025 2400 causa
1044 2372 1150 2405 agitur,
1174 2369 1339 2397 descendere
1366 2369 1466 2396 dicitur
1498 2367 1578 2394 Deus.
1601 2364 1668 2392 Vide
1697 2371 1730 2390 ne

944 2418 1131 2446 ascensionem
1146 2421 1174 2443 et
1189 2415 1393 2443 descensionem
1413 2413 1525 2441 localem
1539 2412 1649 2439 sentias.
1663 2409 1730 2437 Frc—

945 2467 1061 2498 quenter
1073 2462 1144 2488 enim
1157 2460 1214 2488 llOC'
1231 2460 1257 2487 itt
1274 2459 1373 2486 divinis
1390 2458 1487 2486 litteris
1502 2456 1648 2486 invenitur,
1661 2455 1731 2482 sicut

948 2509 974 2536 in
991 2508 1100 2535 Michzna
1114 2506 1244 2542 propheta
1260 2514 1266 2532 :
1285 2505 1362 2536 Ecce,
1376 2503 1462 2538 inquit
1476 2503 1508 2536 ι’,
1526 2501 1653 2528 Dominus
1663 2501 1731 2527 extet

945 2556 977 2582 de
989 2555 1047 2581 loco
1059 2557 1149 2581 sancto
1161 2561 1221 2585 suo,
1236 2558 1260 2579 et
1272 2551 1421 2582 descendet,
1438 2554 1462 2576 et
1480 2549 1583 2576 incedet
1596 2555 1672 2582 super
1683 2555 1732 2573 ex-

946 2602 1015 2629 celsa
1039 2607 1124 2629 term.
1143 2598 1312 2626 Descendere
1330 2604 1396 2631 ergo
1412 2595 1511 2622 dicitur
1524 2594 1607 2626 Detts,
1622 2594 1733 2628 quando

946 2655 1039 2675 curant
1066 2648 1192 2674 humanae
1213 2642 1369 2678 fragilitatis
1384 2642 1484 2668 habere
1504 2641 1638 2675 dignatur.
1654 2638 1731 2672 Quod

1462 2697 1484 2714 ⁸⁸
1502 2697 1599 2724 Genes.
1613 2704 1690 2728 “tu,
1702 2696 1729 2723 9.

1096 2736 1225 2764 “Cenes.
1248 2734 1377 2767 svnt,ll.
1434 2732 1455 2748 "‘
1468 2733 1544 2765 ibid,
1569 2733 1636 2759 10ιί
1653 2739 1732 2766 seqq.

141 2824 195 2860 (l5)
213 2823 246 2851 Et
264 2823 507 2851 Gomorrha'orum.
519 2822 580 2850 lltcc
595 2822 621 2850 in
632 2826 709 2850 antea
726 2822 806 2849 editis
820 2821 920 2850 omissa
937 2820 1097 2856 supplentur
1111 2817 1229 2847 ecodice
1253 2825 1303 2845 nts.
1323 2815 1566 2851 Sangermanensi.
