1900 3060
87 101 136 130 195

703 102 739 130 ῐΝ
757 103 906 132 GENESIM
927 102 1069 130 HOMILIA
1090 101 1136 130 Vl.

1673 105 1724 132 IN

88 170 140 192 tam
152 162 326 199 progeniem,
340 170 395 190 non
405 161 556 189 lutroibuut
565 164 590 190 in
603 163 749 192 Ecclesium
759 166 862 194 Domini

936 170 987 189 non
1006 162 1087 189 intrat
1103 162 1128 188 in
1145 161 1294 189 Ecclesium
1310 160 1426 194 Christi,
1446 169 1495 190 nec
1510 162 1588 190 tertia
1608 171 1722 199 genera-

87 211 142 237 Nos
160 215 270 242 autem,
292 213 374 244 prout
389 209 491 235 sentire
511 216 675 244 possumus,
700 211 748 238 Lot
772 213 884 247 ﬁguram

87 257 213 292 ponimus
231 255 312 290 legis.
331 254 388 282 Nec
411 255 537 283 videatur
554 256 730 291 incongruum
745 260 818 293 quod
843 259 882 286 fe-

87 303 177 330 mineo
194 310 298 337 genere
311 302 382 337 apud
397 310 448 330 nos
462 303 615 330 declinatur
630 304 683 336 lex,
699 312 760 332 eum
779 313 884 333 mascu-

85 349 168 375 linum
187 356 277 383 genus
291 353 384 376 servet
399 348 426 376 in
442 348 550 376 Greco.
569 348 656 383 Hujus
672 358 783 378 uxorem
800 359 884 386 popu-

85 395 139 422 lum
159 394 238 422 illum
255 394 383 429 ponimus
396 414 404 426 .
420 395 465 429 qui
480 395 514 422 de
537 394 654 430 Egypto
675 398 829 431 profectus.
854 403 882 426 et

83 440 116 466 de
131 441 201 467 mari
216 440 321 473 Rubro,
337 448 370 468 ac
383 442 574 475 persecutione
589 442 738 471 Pharaonis
751 448 879 479 tanquam

83 485 117 511 de
138 485 319 513 Sodomiticis
343 485 451 520 ignibus
477 486 608 514 liberatus
623 507 631 519 ,
653 496 760 515 rursum
781 497 880 518 carnes

84 536 111 559 et
123 532 193 559 ollas
205 531 329 567 Egypti,
346 536 373 560 et
387 540 468 567 cepas
482 541 696 569 cucumeresque
709 535 877 569 desiderans,

85 582 159 604 retro
175 578 297 612 respexit
311 597 319 609 ,
337 581 364 605 et
386 578 484 605 cecidit
504 578 530 605 in
550 578 660 607 deserto
672 601 679 612 ,
696 580 782 609 factus
796 582 877 609 etiam

85 623 143 656 ipse
160 621 392 656 concupiscentiae
407 628 511 648 memor
529 621 554 648 in
571 629 673 649 eremo.
699 623 736 650 lbi
752 632 817 658 ergo
836 625 877 652 lex

83 667 204 701 primum
228 667 303 694 illum
322 667 452 702 populum
470 671 597 701 tanquatn
621 667 672 695 Lot
693 673 767 696 retro
788 670 876 704 respi-

84 714 202 740 cientem
218 713 346 746 perdidit,
365 721 397 741 ac
415 710 523 748 i'eliquit
540 721 663 741 uxorem.
684 715 747 742 Inde
763 717 876 744 veniens

85 757 133 783 Lot
150 757 257 784 habitat
282 757 308 784 in
327 757 411 791 Segot'
425 779 432 790 ,
449 758 482 784 de
498 766 549 792 qua
565 758 631 786 dicit
643 759 681 786 “:
698 758 796 787 Civitas
819 762 875 788 hare

83 802 194 836 pusilla,
210 807 235 828 et
252 802 399 829 mirabitur
417 801 506 828 anima
525 810 581 829 utea
596 803 623 829 in
639 803 707 837 ipsa,
727 807 751 830 et
772 812 823 831 non
835 809 873 831 est

83 848 180 881 pusilla
193 847 206 874 .’
221 847 286 880 Quae
298 855 363 880 ergo
378 852 431 879 est,
446 851 576 881 quantum
591 848 624 875 ad
640 847 724 882 legem
737 849 874 883 pertinet,

83 893 183 920 civitas
199 892 299 927 pusilla
316 897 344 919 et
370 899 422 919 non
445 891 558 926 pusilla.
573 892 724 920 videamus.
741 892 844 921 Civitas
860 901 874 921 a

82 938 294 966 conversatione
309 938 454 965 multorum
467 938 539 965 dicta
554 941 606 971 est,
621 945 670 973 pro
683 946 717 966 eo
731 940 802 974 quod
816 940 876 974 plu-

83 985 216 1011 rimorum
232 984 259 1010 in
274 991 357 1010 unutn
375 983 524 1010 constituat
540 988 569 1011 et
586 983 729 1011 contineat
745 985 825 1012 vitas.
843 984 873 1011 lli

82 1037 147 1064 ergo
163 1029 209 1063 qui
228 1029 254 1055 in
272 1028 329 1063 lege
346 1033 560 1062 conversaotur,
585 1027 708 1064 pusillam
724 1028 823 1056 habent
847 1033 875 1057 et

83 1082 193 1109 parvam
211 1074 447 1101 conversationem
459 1093 467 1106 ,
490 1073 610 1107 quandiu
632 1073 781 1101 secundum
800 1074 873 1101 litte-

83 1129 140 1148 ram
156 1120 314 1155 intelligunt
331 1120 426 1154 legero.
447 1119 520 1146 Nihil
536 1119 608 1146 enim
627 1120 729 1154 grande
744 1124 796 1151 est,
811 1121 873 1148 sab-

81 1167 141 1193 bat:
155 1187 163 1199 ,
178 1170 207 1194 et
224 1166 385 1193 neomeuias
400 1185 408 1197 ,
424 1169 452 1192 et
467 1165 704 1193 circumeisionem
720 1166 811 1193 carnis
821 1187 828 1198 .
846 1171 873 1194 et

80 1215 207 1243 ciborum
223 1213 413 1241 distinctiones
428 1213 576 1240 carnaliter
590 1213 746 1241 observare.
763 1213 791 1240 Si
807 1221 872 1241 vero

80 1261 243 1296 spiritaliter
261 1259 412 1295 intelligere
426 1259 487 1293 quis
507 1258 637 1293 cmperit,
664 1259 728 1293 ipsa:
753 1259 805 1287 illa:
821 1259 871 1286 ob-

83 1308 240 1340 servantia;
260 1314 321 1341 qua:
336 1305 483 1334 secundum
497 1304 616 1332 litteram
633 1305 738 1340 pusillae
752 1310 831 1333 erunt
846 1309 872 1332 et

80 1361 180 1388 parva,
202 1352 352 1380 secundum
374 1351 498 1385 spiritum
521 1359 573 1377 non
596 1355 674 1377 erunt
698 1358 804 1385 parvae,
824 1350 870 1378 sed

82 1408 196 1436 magnae.
211 1399 342 1426 Ascendit
358 1406 423 1433 ergo
438 1403 499 1432 post
515 1398 572 1424 haec
589 1397 640 1424 Lot
658 1397 683 1424 in
701 1402 831 1428 montem,
845 1402 872 1423 et

80 1446 115 1472 ibi
129 1445 238 1472 habitat
256 1444 282 1471 in
296 1444 424 1478 spelunca
439 1463 447 1476 ,
463 1447 492 1470 ιιι
509 1443 574 1470 dicit
592 1443 732 1477 Scriptura
746 1464 754 1476 ,
771 1443 829 1477 ipse
844 1447 871 1470 et

80 1493 138 1519 duae
161 1491 225 1518 ﬁlia-
240 1490 309 1525 ejus.
325 1490 357 1516 Et
370 1489 526 1516 ascendisse
539 1489 581 1515 lex
599 1488 714 1521 putanda
731 1492 772 1514 est
785 1508 793 1521 ,
808 1495 869 1514 cum
885 1508 906 1538 C

79 1539 102 1565 ei
124 1545 174 1573 per
192 1537 323 1572 templum
349 1543 363 1562 a
384 1535 528 1563 Salomone
551 1539 736 1562 constructum
757 1534 870 1561 accessit

79 1589 210 1616 ornatus,
225 1591 288 1610 cum
307 1581 379 1609 facta
395 1586 438 1609 est
452 1581 562 1615 quidem
577 1582 672 1608 domus
690 1580 736 1607 Dei
751 1601 759 1612 ,
775 1581 870 1607 domus

79 1629 235 1661 orationis.
262 1627 326 1655 mali
351 1632 442 1654 autem
468 1626 639 1654 habitatores
663 1625 785 1653 fecerunt
811 1633 870 1654 eam

78 1676 236 1709 speluncam
256 1674 392 1701 latronum
407 1673 443 1700 ".
458 1672 595 1700 Habitavit
617 1680 682 1708 ergo
700 1673 726 1699 in
742 1672 870 1706 spelunca

79 1721 123 1748 Lot
135 1726 164 1748 et
176 1720 237 1747 dua:
253 1719 314 1746 ﬁliae
335 1720 404 1754 ejus.
421 1719 491 1746 Duas
505 1718 554 1745 has
575 1718 645 1745 ﬁlias
657 1718 797 1745 evidenter
813 1725 872 1752 pro-

79 1768 156 1801 pheta
180 1765 313 1793 describit
327 1764 368 1796 "',
393 1764 487 1792 dicens
501 1764 605 1791 Oollam
625 1769 651 1790 et
667 1763 788 1791 Oolibam
804 1764 871 1790 duas

76 1819 184 1840 sorores
195 1819 275 1845 esse;
293 1816 320 1839 et
335 1818 394 1838 esse
405 1810 511 1845 quidem
520 1810 622 1836 Oollatn
637 1809 786 1837 Jerusalem
800 1808 868 1845 (26),

77 1863 102 1884 et
114 1857 244 1884 Oolibam
261 1864 322 1883 esse
337 1856 500 1883 Samariam.
516 1855 543 1882 In
558 1856 626 1882 duas
640 1862 703 1890 ergo
717 1860 806 1889 partes
823 1862 870 1888 po-

77 1903 152 1937 pulus
173 1903 230 1938 76
244 1902 347 1929 divisus
358 1923 365 1935 ,
381 1902 446 1929 duas
466 1901 532 1929 iecit
548 1901 617 1928 ﬁlias
637 1901 713 1936 legis.
731 1901 790 1927 Istae
806 1908 868 1928 car-

77 1950 162 1977 nalem
177 1950 323 1984 cupientes
341 1949 498 1984 progeniem
515 1956 677 1983 propagare,
694 1952 721 1974 et
736 1947 808 1974 vires
827 1955 869 1974 re-

78 1996 117 2031 gni
131 1996 277 2024 terrestris
290 2002 435 2022 numerosa
449 1995 608 2029 posteritate
625 1994 742 2026 nutnirc,
761 1995 870 2028 sopieu-

77 2047 113 2069 tes
130 2046 237 2077 patrem
254 2045 279 2068 et
296 2048 421 2068 somnum
433 2041 456 2068 ei
477 2040 644 2071 inducentes.
663 2040 689 2067 id
704 2046 745 2067 est
767 2048 867 2075 cogen-

77 2093 112 2116 tes
126 2092 155 2115 et
171 2088 324 2115 obruentes
348 2086 407 2120 ejus
423 2087 573 2121 spiritalem
596 2094 717 2118 sensum,
732 2086 817 2114 solum
834 2094 867 2114 ex

76 2140 105 2161 eo
122 2133 218 2160 carnis
233 2132 442 2167 intelligentiam
468 2132 591 2158 trahunt.
610 2131 674 2158 Inde
689 2132 867 2166 concipiunt,

939 209 1010 235 tione
1024 216 1072 242 pro
1087 207 1230 241 Triuitute,
1246 214 1295 234 ncc
1308 213 1406 242 quarta
1421 215 1469 242 pro
1485 208 1635 243 Evangeliis
1645 231 1652 243 ,
1672 219 1722 238 nec

937 253 962 280 in
978 253 1106 280 steculum
1120 273 1127 285 ,
1143 253 1194 280 nisi
1211 253 1279 280 forte
1293 258 1353 287 post
1369 261 1487 288 praesens
1503 255 1645 287 saeculum.
1661 264 1721 283 cmn

936 298 1075 333 plenitudo
1098 299 1219 332 gentiqu
1245 298 1381 326 introierit
1396 318 1404 331 ,
1421 304 1448 326 et
1467 300 1508 327 sic
1523 298 1613 327 omnis
1637 299 1721 328 Israel

934 344 1025 372 salvus
1049 344 1130 371 fuerit
1144 344 1242 371 factus.
1272 345 1343 376 Hauc,
1359 351 1387 371 Iit
1408 346 1557 380 potuimus,
1574 348 1721 375 secundum

933 390 1107 424 allegoricam
1125 389 1332 425 intelligentiam
1348 390 1382 418 de
1397 390 1447 418 Lot
1460 397 1489 419 et
1504 399 1588 420 uxore
1600 392 1674 427 ejus,
1691 401 1723 421 ac

932 436 964 463 de
981 435 1087 463 ﬁliabus
1101 436 1296 470 cxculpsimus,
1313 437 1381 464 nihil
1395 437 1604 472 prarjudicautes
1620 439 1663 467 his
1676 440 1721 474 qui

931 482 1068 508 sacratius
1083 482 1183 516 aliquid
1200 481 1234 508 dc
1252 482 1304 509 hoe
1319 482 1421 509 sentire
1435 485 1581 518 potuerint.

965 529 991 555 6.
1021 527 1097 561 Quod
1124 535 1188 554 vero
1214 528 1239 554 in
1274 528 1371 555 morali
1401 528 1459 556 loco
1484 530 1608 564 superius
1633 531 1719 565 ipsum

929 574 1038 608 quidem
1053 573 1104 601 Lot
1121 574 1154 601 ad
1169 574 1360 602 rationabilem
1377 584 1487 603 sensum
1502 582 1527 604 et
1543 578 1649 605 virilem
1667 579 1723 606 ani.

929 627 1003 646 mum
1017 621 1160 652 traximus,
1177 627 1288 647 uxorem
1302 628 1367 647 vero
1382 621 1448 653 ejus,
1464 630 1524 656 qum
1538 629 1614 650 retro
1630 632 1721 659 respe-

929 665 1011 696 xerit.
1027 672 1137 691 carnem
1153 666 1382 699 concupiscentiis
1399 673 1424 694 et
1441 668 1628 702 voluptatibus
1644 670 1721 696 dedi-

927 713 980 736 tam
995 709 1125 741 diximus,
1145 717 1196 737 non
1214 710 1381 746 negligenter
1397 712 1465 744 ha-c,
1479 721 1495 739 ο
1509 715 1629 748 auditor,
1645 715 1720 742 exci-

927 756 995 791 pias.
1011 755 1163 783 Observare
1186 757 1258 782 euim
1275 757 1359 784 debes
1374 765 1407 785 ne
1423 758 1492 785 forte
1508 759 1590 786 etiam
1603 767 1663 786 cum
1679 760 1720 787 ef-

928 800 1030 834 fugeris
1044 800 1166 828 ﬁammas
1186 801 1321 835 szeculi,et
1339 803 1462 830 incendia
1479 804 1569 831 carnis
1585 807 1720 840 evaseris,

927 846 1008 873 etiam
1025 853 1086 873 cum
1102 847 1227 881 pusillam
1247 852 1275 874 et
1292 855 1345 875 nou
1369 849 1496 883 pusillam
1512 851 1651 878 civitatem
1667 852 1719 879 Se-

927 899 987 926 gor,
1002 891 1046 926 qui
1061 896 1100 919 est
1115 893 1221 920 medius
1236 893 1348 927 quidam
1362 898 1391 921 et
1403 894 1492 922 civilis
1507 895 1657 931 profectus,
1673 905 1719 924 suv

925 938 1073 972 paraveris,
1087 943 1115 966 et
1130 940 1163 966 ad
1177 939 1298 967 scientia:
1310 940 1496 973 altitudinem,
1512 941 1583 969 velut
1598 943 1631 970 ad
1644 951 1719 978 qum-

926 986 987 1013 dam
1000 986 1141 1013 cacumina
1158 987 1258 1014 montis
1274 988 1447 1016 ascenderis:
1463 990 1524 1017 vide
1540 997 1573 1017 ne
1586 989 1633 1017 tibi
1649 990 1718 1018 insi-

928 1031 1038 1058 dientur
1053 1032 1114 1059 dua:
1127 1032 1188 1059 ﬁliae
1201 1032 1270 1065 istae,
1285 1041 1344 1068 quae
1363 1041 1378 1060 a
1394 1038 1419 1062 le
1433 1042 1484 1062 nou
1502 1035 1654 1068 discedunt,
1670 1036 1718 1063 sed

925 1081 1075 1111 sequuntur
1086 1081 1113 1104 te
1127 1077 1208 1105 etiam
1221 1085 1282 1105 cum
1296 1078 1422 1106 ascendis
1441 1079 1467 1106 in
1488 1084 1619 1112 montem,
1635 1081 1660 1106 id
1676 1085 1718 1107 cst

924 1131 992 1150 vana
1010 1123 1106 1158 gloria,
1127 1129 1155 1150 et
1172 1123 1259 1157 major
1277 1131 1356 1151 soror
1370 1124 1429 1159 ejus
1445 1125 1585 1159 superbia.
1601 1125 1665 1152 Vide
1683 1133 1718 1153 uo

924 1168 983 1196 ista:
1000 1168 1061 1195 ﬁlia:
1078 1174 1104 1196 te
1124 1169 1240 1203 sopitum
1263 1177 1295 1197 ac
1312 1169 1506 1202 dormientem,
1521 1171 1584 1197 dum
1601 1171 1647 1198 tibi
1667 1179 1717 1199 nec

923 1215 1024 1242 sentire
1048 1223 1097 1242 nec
1124 1215 1277 1249 intelligere
1295 1215 1396 1242 videris
1412 1235 1420 1247 ,
1445 1216 1634 1251 complexibus
1659 1217 1717 1244 suis

923 1259 1070 1294 stringant.
1086 1260 1151 1293 Qtne
1169 1260 1270 1287 idcirco
1289 1260 1350 1286 ﬁliae
1364 1260 1503 1292 dicuntur,
1524 1261 1586 1295 quia
1603 1269 1654 1288 non
1667 1268 1718 1288 no-

923 1305 964 1333 bis
985 1305 1156 1333 extrinsecus
1180 1306 1387 1339 superveniunt,
1412 1307 1459 1333 sed
1487 1306 1520 1332 de
1537 1306 1616 1333 nobis
1631 1311 1658 1333 et
1683 1308 1717 1334 de

922 1358 1032 1380 actuum
1049 1357 1204 1380 nostrorum
1230 1352 1426 1387 velutquadatn
1447 1353 1601 1388 integritate
1619 1361 1715 1388 proce-

922 1398 999 1424 dunt.
1015 1397 1104 1432 Vigila
1117 1405 1183 1433 ergo
1201 1403 1331 1432 quantum
1348 1403 1436 1433 potes,
1453 1403 1482 1426 et
1496 1399 1608 1426 observa
1627 1407 1659 1426 ne
1683 1401 1717 1427 de

922 1442 963 1469 his
976 1450 1090 1477 genercs
1105 1441 1192 1475 ﬁlios;
1211 1442 1273 1476 quia
1289 1443 1333 1476 qui
1349 1443 1382 1469 de
1398 1443 1440 1469 his
1458 1444 1513 1470 nati
1533 1443 1644 1476 iuerint,
1661 1452 1714 1471 non

923 1487 1073 1514 iutcoibunt
1097 1487 1122 1514 iu
1144 1487 1293 1514 Ecclesium
1318 1487 1434 1515 Domini.
1455 1488 1494 1515 Tu
1514 1494 1618 1520 autem,
1634 1490 1656 1516 si
1675 1491 1716 1516 vis

923 1541 1066 1568 generare.
1083 1533 1110 1560 in
1124 1533 1221 1568 spiritu
1237 1541 1337 1567 genera
1349 1553 1356 1564 ,
1371 1534 1502 1567 quoniam
1517 1535 1563 1570 qui
1576 1536 1603 1562 in
1620 1536 1714 1570 spiritu

923 1579 1052 1610 sentiunt.
1074 1581 1107 1605 de
1121 1578 1218 1613 apii-itu
1242 1583 1317 1605 metet
1336 1579 1415 1605 uitam
1433 1584 1559 1606 ater-uani
1575 1580 1608 1607 ⁷³.
1626 1581 1654 1608 Si
1674 1582 1715 1608 vis

923 1624 1072 1659 amplecti,
1097 1624 1269 1659 amplectare
1298 1625 1456 1659 sapientiam
1488 1629 1516 1653 et
1537 1626 1579 1654 dic
1605 1627 1714 1661 sapien-

924 1671 986 1697 tiam
1010 1677 1132 1698 sororem
1154 1674 1228 1697 tuam
1250 1678 1321 1703 esse,
1336 1675 1366 1697 ut
1387 1676 1413 1697 et
1438 1670 1577 1706 Sapientia
1591 1673 1664 1699 dicat
1680 1673 1714 1699 de

923 1721 948 1744 te
960 1716 1000 1742 ":
1017 1715 1067 1748 Qui
1082 1715 1171 1750 fecerit
1188 1715 1348 1742 voluntatem
1362 1715 1452 1743 Patria
1469 1725 1518 1744 met
1533 1718 1578 1751 qui
1595 1718 1622 1744 in
1640 1717 1713 1745 carlis

921 1766 970 1793 est,
986 1761 1026 1787 hic
1046 1769 1118 1787 metu
1133 1765 1156 1787 et
1177 1760 1270 1794 frater,
1289 1766 1312 1787 et
1336 1769 1421 1792 soror,
1437 1767 1460 1788 et
1480 1766 1564 1788 mater
1578 1768 1624 1789 est.
1648 1764 1714 1796 Quae

922 1807 1056 1842 sapientia
1079 1805 1158 1833 Jesus
1179 1805 1305 1833 Christus
1326 1806 1456 1834 Dominus
1478 1812 1572 1834 noster
1592 1814 1645 1841 est,
1668 1809 1713 1836 cui

921 1858 962 1880 est
990 1852 1076 1887 gloria
1107 1856 1136 1879 et
1167 1851 1311 1885 itnperium
1345 1852 1372 1878 in
1404 1852 1502 1879 smcula
1536 1853 1712 1882 saeculorum.

921 1899 1020 1925 Amen.

1210 1951 1351 1980 IIOMILIA
1376 1951 1420 1979 Vl.

921 2009 959 2038 De
980 2009 1126 2037 Abimelech
1152 2017 1210 2038 rene
1225 2007 1447 2035 Philislhinorum
1461 2027 1469 2040 ,
1483 2009 1613 2043 quomodo
1639 2010 1710 2036 ιιι-(ὖ-

990 2053 1049 2078 pere
1067 2044 1147 2071 uoluit
1170 2043 1266 2071 Suram
1287 2044 1314 2069 in
1338 2044 1536 2070 matrimonium
1553 2044 1620 2078 (28).

955 2090 1079 2118 Recitata
1102 2093 1143 2116 cst
1168 2088 1248 2115 nolis
1269 2088 1383 2115 historia
1407 2088 1467 2115 libri
1488 2088 1642 2121 Geneseos,
1665 2089 1709 2116 uhi

920 2137 1039 2165 refertur
1059 2135 1129 2170 quod
1154 2140 1214 2169 post
1228 2134 1358 2161 visionem
1384 2134 1465 2161 trium
1489 2134 1609 2161 virorum
1624 2155 1631 2166 ,
1651 2139 1711 2168 post

77 2179 135 2207 inde
150 2183 286 2214 generant
303 2178 372 2205 ﬁlios
388 2178 472 2209 tales.
491 2185 561 2212 qttos
582 2185 631 2205 nec
655 2179 787 2211 sentiret,
816 2186 865 2206 nec
883 2174 905 2200 Ῑ)
919 2180 1088 2209 eversionem
1114 2179 1310 2210 Sodomorum,
1333 2183 1360 2204 et
1385 2177 1434 2204 Lot
1454 2177 1496 2204 vel
1518 2177 1710 2212 hospitalitatis

76 2231 236 2260 agnosceret
255 2229 343 2258 pater.
369 2223 425 2251 Nec
442 2224 514 2251 enim
533 2225 584 2251 iste
604 2231 701 2251 sensus
713 2244 721 2258 ,
745 2229 792 2251 aut
807 2225 865 2252 lucc

76 2271 200 2298 voluntas
216 2270 306 2297 fuerat
323 2269 407 2305 legis,
433 2273 462 2297 ut
477 2269 624 2297 carnaliter
640 2276 801 2305 generaret;
817 2270 865 2297 sed

76 2317 179 2351 sopitur
194 2316 238 2343 lex
248 2335 257 2347 .
273 2320 303 2342 ut
323 2315 385 2342 talis
400 2315 544 2350 posteritas
559 2321 716 2350 generetur.
732 2324 792 2350 qua:
811 2325 864 2344 non

76 2363 190 2390 intretin
204 2362 354 2389 Ecclesiam
365 2362 639 2390 Doriiitii.Antnionitw
647 2363 729 2395 enim,
737 2363 864 2397 inquit",

75 2408 235 2436 etloabita:
247 2416 298 2434 non
309 2408 454 2434 introibant
463 2407 490 2434 in
501 2407 646 2434 Ecclesium
661 2407 767 2434 Domini
782 2417 862 2444 usque

75 2456 100 2481 in
117 2455 224 2482 tertiam
247 2459 272 2481 et
287 2459 410 2490 quartam
431 2454 579 2488 progeniem
598 2454 654 2489 (27)
667 2475 674 2487 ,
694 2459 717 2480 et
734 2462 814 2488 usque
835 2455 861 2481 in

74 2500 210 2528 saeuiunt.
239 2500 366 2534 Designat
383 2499 454 2534 quod
472 2498 621 2526 carnaliter
635 2499 777 2532 generatio
794 2499 862 2534 legis

110 2558 132 2574 "
151 2558 253 2588 Cenes.
277 2566 335 2590 xu,
356 2557 401 2585 20.
439 2558 461 2574 ⁷¹
483 2557 579 2585 Matth.
601 2565 659 2589 ut,
679 2558 723 2586 18.
759 2559 783 2574 ’³
794 2559 896 2589 Elech.

73 2601 121 2626 sit,
136 2593 182 2621 50.

107 2640 163 2675 (26)
180 2639 247 2667 Eu:
262 2641 366 2675 quidem
383 2638 487 2675 Oollgm
502 2638 659 2675 Jerusalem,
671 2644 733 2675 etc.
748 2639 863 2675 Econtra

74 2673 211 2703 Ezechiel.
239 2673 320 2707 xitu,
343 2674 419 2702 Oolla
443 2673 588 2707 Samaria,
611 2679 638 2701 et
665 2673 760 2702 Ooliba
783 2674 862 2703 Jeru-

73 2711 157 2737 salem
178 2717 240 2737 esse
255 2710 367 2736 dicitur.

107 2745 165 2780 (i7)
190 2744 277 2780 Usque
292 2745 319 2771 in
336 2745 439 2780 tertiam
455 2750 479 2772 et
494 2749 617 2779 quartum
633 2745 792 2778 progeniem,
805 2750 860 2773 etc.

75 2779 219 2807 Deutdron.
239 2786 318 2810 unt,
341 2779 369 2811 3,
387 2788 438 2807 non
462 2787 547 2813 usque
561 2779 587 2805 iu
602 2780 709 2806 tertiam
725 2786 759 2806 .et
780 2788 863 2814 quar-

75 2821 149 2847 tato,
171 2814 220 2843 sed
237 2816 320 2844 etiam
343 2819 403 2849 post
426 2814 558 2842 deciman
583 2814 786 2848 generationem
811 2815 860 2842 Ec-

222 2594 246 2610 "
271 2593 370 2621 Genes.
385 2601 430 2625 xx,
444 2593 468 2619 Ι.

917 2226 1015 2254 tnerito
1035 2225 1077 2252 vel
1100 2224 1345 2258 consanguinitatis
1368 2223 1483 2250 Abralne
1505 2225 1590 2258 gratia
1614 2230 1709 2250 servap

916 2276 973 2299 tum
986 2291 993 2303 ,
1005 2271 1139 2306 profectus
1152 2275 1202 2303 est,
1223 2270 1311 2304 inquit
1327 2269 1362 2301 ⁷⁷,
1388 2269 1449 2295 inde
1472 2269 1604 2296 Abraham
1620 2270 1655 2296 ad
1674 2270 1710 2296 Α·

915 2318 1046 2353 pltricum,
1068 2321 1096 2344 et
1120 2316 1194 2343 venit
1216 2316 1250 2342 ad
1278 2323 1370 2349 regem
1390 2314 1628 2342 l‘hilistliinorum.
1654 2314 1707 2341 lte-

918 2364 1005 2392 fertnr
1032 2363 1116 2389 etiam
1143 2361 1216 2396 quod
1247 2365 1342 2395 pactus
1369 2360 1406 2388 sit
1435 2368 1497 2387 cum
1527 2360 1595 2387 Sara
1622 2367 1707 2386 uxore

917 2418 977 2442 sua,
990 2413 1020 2435 ut
1041 2415 1093 2435 nou
1117 2407 1220 2435 diceret
1243 2414 1354 2433 uxorem
1379 2413 1409 2433 se
1431 2405 1566 2437 Abrahae,
1589 2405 1636 2432 sed
1662 2412 1708 2431 so-

917 2462 1005 2483 rorem
1027 2453 1085 2488 ejos
1105 2460 1179 2485 esse;
1202 2457 1229 2479 et
1249 2452 1320 2486 quod
1343 2460 1390 2479 rex
1411 2451 1570 2478 Abimeleclt
1595 2457 1706 2484 aecepe-

917 2501 953 2529 rit
970 2508 1041 2534 eam,
1065 2500 1205 2534 ingressus
1228 2499 1264 2526 sit
1285 2502 1375 2525 autem
1398 2497 1468 2526 Deus
1490 2497 1523 2523 ad
1547 2496 1705 2523 Abimclerh

921 2568 1002 2589 mn.
1040 2559 1064 2575 "
1075 2559 1152 2586 Deut.
1166 2565 1245 2590 nui,
1259 2558 1286 2584 5.
1317 2556 1339 2572 ⁷⁸
1353 2555 1444 2583 Galat.
1457 2562 1495 2587 vr,
1508 2554 1534 2581 8.
1573 2554 1596 2569 "
1608 2553 1703 2581 Matth.

917 2640 1008 2669 clesize
1034 2639 1108 2667 aditu
1131 2641 1261 2666 arcentur
1280 2636 1442 2663 Ammouilm
1466 2639 1490 2662 et
1515 2634 1648 2662 Moabitae.

954 2675 1011 2710 (28)
1036 2675 1126 2710 Codex
1153 2674 1183 2701 S.
1209 2671 1392 2710 Tlieodorici:
1427 2670 1705 2710 Deﬂperegr-inatimm

917 2705 1030 2736 Abralia:
1043 2709 1113 2742 apud
1131 2715 1214 2742 regem
1231 2705 1461 2742 Plu/isthinorum.
1475 2706 1566 2742 (Io-lex
1583 2705 1704 2742 S:n_iger-_

916 2739 1074 2772 tnanensis':
1101 2743 1136 2770 De
1155 2739 1185 2769 ευ
1205 2742 1275 2777 quod
1294 2741 1427 2777 Abraham
1451 2740 1582 2777 profectus
1608 2740 1641 2765 ait
1667 2739 1704 2766 ad

917 2788 1002 2814 regem
1019 2774 1251 2808 Philislhinorum,
1269 2781 1293 2804 et
1316 2776 1386 2811 quod
1410 2774 1516 2810 [iuuerit
1542 2774 1640 2802 Summ
1659 2783 1705 2801 so-

917 2823 1000 2841 νυγεηι
1026 2821 1100 2840 suum
1122 2821 1189 2840 τηε.
