1900 3060
195 119 247 146 199

934 117 1095 147 οιιιςεμις

1768 116 1822 146 san

194 183 264 203 mus.
274 173 394 202 Lmtatur
412 173 558 204 Abraham.
571 179 598 202 et
612 173 765 201 convivium
776 173 839 201 facit
858 181 983 210 magnum
998 178 1022 206 Α
1037 183 1096 211 qua
1110 179 1173 203 sunt
1184 175 1302 210 Spiritus
1317 174 1375 202 Dei.
1389 174 1509 202 Stultitia
1523 178 1560 201 ut
1573 174 1640 201 enim
1653 172 1711 206 illi,
1727 178 1752 202 et
1769 183 1822 202 non

195 221 222 248 in
235 220 279 248 die
303 228 355 258 qua
384 220 486 255 depulit
501 228 515 247 a
532 220 601 248 lacte
620 219 694 248 lsaac
717 221 799 248 ﬁliuni
815 229 904 249 suum.
918 221 985 249 Post

195 267 253 294 hac
271 265 339 293 ludit
357 266 440 298 Isaac,
465 270 492 293 et
520 266 587 294 ludit
607 274 668 294 cum
695 266 800 294 lsmael.
828 266 985 302 Indignatur

194 311 264 339 Sara
281 312 351 346 quod
375 312 446 338 Illius
469 311 574 339 ancilia:
587 312 661 339 ludat
682 320 744 340 cum
766 313 820 340 ﬁlio
845 312 985 345 liberae,et

195 357 284 385 lusum
298 358 371 385 illum
387 357 533 392 perniciem
546 361 623 392 putat
632 378 639 390 ,
649 359 791 386 consilium
803 359 983 392 datAbrahm,

195 408 223 430 et
239 404 303 431 dicit
317 404 324 419 '
339 415 344 431 :
364 403 438 438 Ejice
451 404 577 431 ancillam
596 408 620 431 et
645 405 731 439 ﬁlium
746 405 814 440 ejus.
833 405 893 432 Non
913 406 982 433 enim

195 449 278 475 ha'res
296 449 345 475 erit
369 449 441 483 ﬁlius
456 450 560 476 ancilla:
583 458 642 477 cum
657 450 713 484 ﬁlio
737 459 792 478 meo
812 450 903 478 Isaac.
920 451 982 479 Hmc

195 495 331 528 quomodo
346 494 459 529 intelligi
478 495 605 524 debeant.
625 503 677 522 non
693 503 743 529 ego
763 503 834 522 nunc
845 503 982 523 commen-

196 539 284 566 tahor.
299 539 446 574 Apostolus
458 539 495 566 ita
512 539 655 572 disseruit,
673 540 804 567 dicens“:
825 540 909 567 Dicite
918 541 982 568 mihi

194 587 238 622 qui
250 586 332 622 legem
343 587 453 620 legistis,
469 586 549 621 legem
569 595 620 614 non
633 588 745 614 audistis
757 589 770 615 7
783 587 916 622 Scriptum
942 593 980 615 est

193 632 263 659 enim
279 632 341 667 quia
355 631 489 658 Abraham
500 632 566 658 duos
586 632 656 666 ﬁlios
679 633 781 663 habuit,
796 641 875 660 unum
889 634 920 660 de
931 642 981 660 au-

193 679 266 710 cilla,
276 684 298 705 et
310 686 389 704 unum
403 678 536 705 delibera.
551 677 603 704 Sed
617 678 640 704 is
651 678 811 712 quidemqui
825 679 858 705 tle
870 678 979 710 ancilla,

191 725 334 752 secundum
350 732 454 751 carnem
475 729 552 751 natus
568 728 605 750 est
619 731 629 756 ;
641 724 686 758 qui
702 732 761 750 uero
773 732 805 750 es:
826 723 918 754 libera.
935 733 981 756 per

193 769 505 803 repromissionem,quw
529 773 590 795 sunt
613 768 764 803 allegorica.
794 769 863 801 Quid
888 769 980 804 ergo?

191 813 266 841 Isaae
285 821 337 841 non
354 817 396 840 est
421 813 569 840 secundum
589 820 699 840 carnem
725 818 804 840 natus
818 813 830 839 i
845 813 901 840 Non
916 821 978 840 eum

1035 225 1117 256 potest
1137 220 1298 256 intelligere,
1310 221 1372 256 quia
1388 220 1544 255 spiritaliter
1557 219 1722 254 dijudicatur
1741 220 1773 248 ¹⁵.
1789 219 1822 247 Ει

1035 271 1064 294 ιιι
1080 266 1181 302 ergo,si
1193 267 1276 295 habes
1289 267 1315 294 in
1330 271 1355 294 te
1365 266 1482 294 fructum
1495 266 1615 301 Spiritus
1628 265 1685 298 Dei,
1697 266 1769 300 quod
1779 270 1822 293 est

1034 312 1170 346 gaudium,
1178 312 1310 344 charitas,
1320 320 1383 347 pax,
1391 312 1523 348 patientia
1534 312 1566 345 ",
1578 312 1653 338 lsaac
1662 319 1722 339 esse
1731 317 1823 346 potes,
1834 340 1839 344 ,

1034 365 1087 385 non
1102 359 1250 385 secundum
1269 366 1381 386 carnem
1397 362 1487 391 natus,
1503 358 1550 385 sed
1564 357 1711 385 secundant
1727 365 1823 392 repro-

1033 403 1204 437 missionem,
1216 408 1242 431 et
1257 411 1317 432 esse
1331 404 1402 431 illius
1414 404 1515 437 liberte,
1531 403 1553 430 si
1568 408 1658 430 tamen
1671 409 1746 438 potes
1756 409 1784 431 et
1793 408 1821 431 tu

1033 449 1179 476 secundum
1191 448 1303 476 Paulum
1316 450 1408 477 dicere
1417 450 1438 465 "
1448 458 1455 476 :
1467 449 1499 476 In
1511 457 1589 476 carne
1599 443 1667 476 enim
1680 450 1823 476 ambulan-

1032 500 1080 527 tes,
1095 503 1146 522 non
1157 496 1297 522 secundum
1307 503 1411 522 carnem
1423 496 1577 522 militamus.
1592 496 1672 522 Arma
1686 496 1754 522 enim
1768 495 1820 522 nti-

1032 538 1096 566 litiw
1120 545 1216 566 nostras
1240 548 1291 566 non
1307 545 1366 566 sunt
1379 534 1510 572 carnalia,
1525 541 1571 568 sed
1583 541 1701 574 potentia
1715 540 1770 567 Deo
1785 541 1820 567 ad

1031 585 1232 611 destructionem
1249 585 1435 618 munitionum,
1452 586 1625 620 cogitationes
1641 587 1820 617 destruentes,

1031 635 1055 655 et
1067 638 1167 656 omnem
1186 630 1242 666 (56)
1253 630 1422 657 altitudinem
1447 631 1612 658 exto’leatem
1633 639 1660 658 se
1681 632 1822 658 adrersum

1030 676 1165 701 scientiam
1181 675 1238 702 Dei.
1251 675 1279 702 Si
1294 675 1443 710 potestatis
1454 683 1524 707 esse,
1540 681 1568 703 ut
1581 677 1660 711 digne
1678 677 1725 703 tibi
1744 682 1822 712 apte-

1032 724 1076 747 tur
1092 720 1173 747 etiam
1191 719 1234 746 illa
1250 720 1372 754 Apostoii
1387 721 1534 756 Sententia,
1546 729 1606 756 qua:
1617 722 1686 749 dixit
1701 722 1722 738 "
1737 730 1745 749 :
1770 722 1821 750 Vos

1030 770 1117 792 autent
1128 766 1155 792 in
1166 773 1244 792 carne
1256 774 1306 792 non
1317 766 1390 798 estis,
1398 766 1442 794 sed
1453 767 1479 793 in
1490 768 1594 801 spiritu,
1606 767 1630 794 si
1640 772 1726 794 tamen
1737 767 1822 803 Spiri-

1030 813 1073 836 tus
1085 809 1132 836 Dei
1143 810 1244 837 habitat
1260 811 1287 837 in
1303 811 1384 842 vobis;
1396 815 1422 838 et
1438 815 1464 838 tu
1477 818 1542 847 ergo
1555 812 1577 838 si
1593 812 1655 839 talis
1665 820 1704 844 es,
1723 821 1777 840 non
1789 820 1820 840 cs

192 861 297 894 peperit
314 859 382 886 Sara
399 859 411 885 .’
433 858 490 886 Non
516 863 559 886 est
586 859 766 886 circumcisus
783 859 795 885 ἵ
817 858 872 886 lloc
892 860 979 894 ipsum
995 859 1017 887 Β
1033 856 1184 883 secundum
1198 864 1310 884 carnem
1327 861 1421 890 natus,
1449 858 1496 885 sed
1517 858 1664 885 secundum
1692 859 1820 893 spiritum

192 907 263 940 quod
276 905 386 934 ludebat
403 913 464 933 cum
485 905 610 938 lsmaelc,
625 913 677 933 non
696 905 722 932 in
748 913 829 933 carne
848 905 980 934 ludebat?

192 951 250 979 Hoc
262 953 388 979 cstenim
408 951 479 986 quod
497 951 622 979 mirabile
635 956 677 978 est
699 951 725 978 in
748 951 867 985 Apostoli
885 955 978 984 sensu,

191 998 264 1032 quod
277 997 310 1025 de
325 997 423 1032 quibus
439 1004 492 1024 non
517 1001 606 1031 potest
619 997 736 1023 dubitari
752 997 817 1031 quin
830 997 978 1025 secundum

191 1048 301 1069 carnem
317 1046 392 1076 gesta
409 1041 474 1073 sint.
499 1040 558 1068 hzee
576 1040 619 1067 ille
641 1040 706 1067 dicit
728 1047 789 1067 esse
809 1040 956 1074 allegorica
969 1060 977 1073 ,

191 1092 222 1115 ιιι
237 1094 286 1114 nos
299 1087 364 1122 quid
382 1086 534 1114 faciendum
548 1087 583 1113 sit
598 1086 624 1113 in
646 1086 754 1113 caeteris
767 1086 935 1119 noverimus,
952 1090 980 1113 et

192 1133 218 1160 in
245 1133 287 1160 his
303 1133 431 1166 maxime,
457 1132 482 1159 in
498 1132 597 1167 quibus
615 1132 681 1159 nihil
693 1131 782 1158 divina
797 1131 855 1166 lege
866 1131 976 1167 dignum

191 1178 320 1206 historica
332 1178 437 1206 videtur
453 1178 575 1205 indicare
594 1178 724 1204 narratio.
751 1177 845 1204 lsmael
859 1185 922 1212 ergo
936 1186 979 1206 se-

189 1223 306 1250 cundum
326 1230 436 1250 carnem
451 1222 575 1249 nascitur
588 1221 693 1248 ancillae
713 1221 795 1247 lilius.
814 1220 888 1248 Isaac
913 1229 978 1248 vero

189 1270 235 1304 qui
252 1274 311 1297 erat
335 1269 426 1296 libera:
447 1269 528 1301 ﬁlius,
543 1276 596 1295 non
619 1268 740 1295 nascitur
754 1268 901 1295 secundum
918 1276 979 1295 car-

190 1322 263 1348 nem,
275 1314 322 1341 sed
336 1314 483 1341 secundum
498 1313 750 1348 repromiSsionem.
767 1314 799 1341 Et
816 1315 879 1341 dicit
892 1313 978 1341 dehis

190 1359 345 1394 Apostolus,
360 1359 431 1394 quod
451 1359 525 1393 Agar
540 1359 565 1386 in
588 1359 748 1387 servitutem
767 1359 892 1394 genuerit
915 1367 977 1387 car-

191 1405 280 1433 nalem
299 1405 425 1440 populum
443 1412 451 1438 ;
466 1404 533 1432 Sara
553 1412 616 1432 vero
637 1412 697 1440 quae
713 1406 877 1438 eratlibera,
893 1412 971 1440 popu-

189 1455 244 1482 luzn
258 1455 380 1491 genuerit
395 1455 441 1490 qui
457 1463 512 1483 non
524 1456 674 1484 secundum
694 1463 814 1488 carnem,
829 1455 877 1482 sed
899 1455 926 1481 in
941 1454 976 1481 li-

186 1503 293 1532 bertate
318 1507 429 1531 vocatus
458 1508 516 1536 est,
542 1513 595 1540 qua
622 1504 741 1531 libertate
766 1503 885 1531 liberavit
911 1511 975 1531 eum

186 1551 303 1580 Christus
313 1553 334 1578 '.
348 1552 407 1587 ipse
425 1552 497 1579 enitn
518 1552 593 1585 dixit,
613 1553 674 1587 quia
692 1552 715 1579 si
727 1560 770 1578 vos
781 1551 864 1578 Filius
877 1550 975 1578 libera-

185 1599 262 1630 verit,
279 1606 337 1626 vere
357 1598 431 1625 liberi
448 1598 521 1625 eritis
536 1598 568 1625 '°.
581 1598 652 1631 Quid
666 1605 732 1625 vero
743 1597 786 1624 bis
802 1596 876 1624 addit
891 1603 976 1631 expo-

185 1651 256 1670 nens
267 1642 422 1678 Apostolus,
438 1643 596 1671 videamus:
611 1643 663 1671 Sed
673 1644 740 1670 sicut
755 1649 824 1675 tunc,
837 1642 926 1677 inquit
941 1641 974 1674 “,

189 1692 211 1719 is
228 1691 273 1725 qui
291 1691 432 1718 secundum
454 1698 559 1717 carnem
574 1694 624 1723 est,
645 1689 848 1724 persequebatur
861 1697 920 1716 eum
931 1689 976 1724 qui

188 1737 330 1764 secundum
344 1736 477 1771 spiritum,
495 1736 534 1763 ita
551 1740 575 1763 et
596 1743 675 1763 nunc.
689 1734 756 1762 Vide
771 1734 907 1770 quomodo
927 1742 976 1762 nos

188 1783 336 1818 Apostolus
356 1784 445 1814 docet,
458 1782 520 1818 quia
538 1782 564 1809 in
579 1782 707 1810 omnibus
731 1789 796 1809 caro
815 1781 976 1808 adversatur

185 1829 313 1864 spiritui,
347 1829 403 1856 sive
435 1828 552 1863 populus
582 1827 628 1855 ille
661 1827 781 1854 carnalis
812 1826 975 1853 adversatur

187 1876 250 1903 huic
261 1875 360 1911 populo
375 1875 502 1910 spiritali,
521 1874 580 1902 sive
593 1874 676 1901 etiam
692 1873 765 1901 inter
783 1880 832 1900 nos
849 1872 934 1907 ipsos,
951 1871 974 1898 si

187 1922 247 1956 quis
271 1922 360 1949 adhuc
385 1921 504 1948 carnalis
527 1924 580 1952 est,
604 1919 774 1954 spiritalibus
798 1919 972 1945 adversatur.

187 1967 253 1994 Nam
273 1972 301 1994 et
317 1972 344 1994 tu
363 1967 385 1994 si
399 1966 545 1994 secundum
560 1973 671 1993 carnem
684 1965 763 1998 vivis,
776 1969 803 1992 et
822 1963 972 1991 secundum

185 2022 298 2041 carnem
321 2013 503 2044 conversaris,
530 2012 602 2038 [ilius
622 2019 652 2038 es
669 2011 754 2046 Agar,
776 2014 804 2037 et
828 2013 973 2044 propterea

185 2059 342 2087 adversaris
363 2058 406 2086 bis
420 2058 466 2092 qui
482 2057 633 2085 secundum
650 2057 775 2092 spiritum
792 2055 894 2082 vivunt.
914 2054 974 2081 Sic-

185 2105 310 2132 utetiam
332 2104 358 2131 in
383 2103 459 2131 nobis
484 2103 552 2138 ipsis
575 2103 598 2130 si
620 2102 802 2137 requirimus,
819 2100 973 2128 invenimus

186 2149 379 2184 concupiscere
404 2155 513 2176 carnem
533 2148 663 2175 adversm
689 2147 825 2178 spiritum,
841 2150 869 2173 et
893 2145 971 2181 spiri-

186 2200 243 2221 tum
261 2194 393 2221 adversus
413 2199 534 2224 carnem,
552 2197 579 2220 et
595 2192 653 2219 lucc
672 2192 724 2219 sibi
742 2191 857 2219 invicem
877 2191 974 2218 advcr-
990 2198 1012 2226 ο

186 2240 240 2266 sari
255 2239 288 2265 ".
302 2238 335 2266 Et
359 2238 511 2266 invenimus
527 2238 615 2273 legem
631 2238 659 2265 in
682 2237 812 2265 membris
838 2237 939 2264 nostris
951 2236 973 2252 ¹³

185 2285 241 2321 79
260 2289 452 2320 repugnantem
474 2284 526 2320 legi
548 2285 647 2312 mentis
665 2289 775 2318 nostrai,
800 2289 828 2312 et
854 2284 975 2319 captivos

187 2339 236 2358 nos
255 2330 398 2358 ducentem
426 2329 453 2357 in
474 2329 533 2365 lege
552 2330 669 2364 peccati.
684 2328 765 2356 Vides
786 2334 893 2363 quantae
910 2332 974 2356 sunt

185 2385 281 2412 pugna:
296 2376 422 2404 carnales
450 2377 579 2403 adversus
603 2375 747 2410 spiritum?
775 2375 822 2402 Est
836 2374 924 2402 adhuc
944 2378 972 2401 et

186 2423 236 2450 alia
247 2430 336 2458 pugna
349 2422 391 2450 bis
405 2429 474 2456 pene
488 2422 615 2449 omnibus
628 2421 786 2453 violentior,
805 2420 877 2455 quod
896 2420 912 2446 ii
924 2419 970 2454 qui

185 2469 270 2503 legem
292 2469 441 2496 secundum
458 2476 569 2496 carnem
595 2466 768 2502 intelligunt,
793 2467 974 2493 adversantur

186 2515 229 2542 his
247 2515 292 2550 qui
308 2514 457 2542 secundum
475 2514 602 2550 spiritum
617 2514 751 2546 sentiunt,
765 2518 791 2540 et
805 2519 973 2547 persequun-

185 2565 230 2588 tur
243 2568 301 2588 eos.
321 2560 430 2594 Quare?
454 2561 517 2595 quia
530 2560 655 2587 animalis
666 2559 742 2585 homo
755 2566 806 2585 non
820 2557 929 2592 percipit
943 2564 974 2583 ca

218 2628 338 2657 'Genes.
356 2637 411 2662 xxt,
427 2629 453 2657 9.

183 2675 211 2694 v.
226 2666 267 2692 17.
318 2665 340 2680 ¹³
357 2665 435 2692 Rom.
449 2673 497 2697 vtl,
513 2666 558 2693 23.

187 2702 208 2717 ¹⁴¹
221 2698 288 2728 ibid.
302 2700 343 2727 l7.

220 2752 231 2789 (
243 2753 296 2788 56)
322 2753 499 2781 Munitionum
509 2775 516 2787 ,
545 2754 712 2789 rogitationcs
742 2755 901 2781 deut-nentes
911 2775 917 2785 ,
948 2759 973 2782 et

184 2796 297 2820 euntem,
312 2793 365 2815 ctc.
381 2789 427 2815 Sic
450 2794 522 2815 recte
545 2789 646 2816 habent
660 2796 724 2816 mss.
750 2789 818 2816 Male
834 2797 897 2815 wro
916 2789 975 2816 libri

185 2823 260 2856 editi,
281 2824 478 2858 cogitationum,
494 2825 652 2851 drstrurntcs
665 2831 775 2857 onnmn,
790 2829 842 2851 etc.

607 2665 651 2690 ΗΙ
682 2665 744 2692 Cor.
760 2673 789 2697 ll,
807 2665 849 2691 Η.

494 2630 505 2645 ⁵
524 2627 611 2656 Galat.
630 2634 667 2660 Iv,
683 2627 715 2654 2|
739 2630 766 2653 et
792 2633 851 2660 seq.
888 2627 899 2642 ο
916 2625 1045 2659 ibid.,3l~

895 2665 915 2680 ”
932 2664 1017 2690 lialat.
1036 2672 1065 2695 ι’,
1081 2663 1124 2690 22.

384 2701 404 2716 ¹⁹
420 2700 442 2727 ll
454 2700 517 2727 Cor.
532 2709 557 2733 v,
572 2699 615 2727 l6.
653 2700 676 2716 ’°
689 2700 774 2728 Galat.
791 2708 826 2733 tv,
842 2700 886 2726 29.
925 2700 945 2715 ¹¹
964 2698 972 2726 Ι
987 2699 1048 2725 Cor.
1066 2706 1103 2730 γι,
1121 2698 1164 2724 18.

1031 908 1079 935 per
1104 902 1362 936 repromissiouem,
1384 907 1412 930 et
1437 903 1492 930 eris
1516 903 1603 930 literes
1627 904 1820 938 repromissio-

1031 955 1109 980 num.
1125 949 1273 976 secundum
1289 950 1360 984 quod
1382 951 1483 978 dictum
1497 955 1536 977 cst
1555 950 1576 966 "
1592 958 1600 977 :
1617 950 1743 978 Ha'redes
1757 953 1819 987 qui-

1029 993 1088 1021 dem
1104 993 1162 1027 Dei,
1187 995 1335 1023 coheredes
1348 1002 1436 1023 autem
1451 996 1560 1024 Christi.
1582 997 1639 1025 Non
1655 998 1712 1025 eris
1729 998 1820 1026 colue-

1031 1048 1074 1068 res
1087 1041 1158 1076 ejus,
1172 1042 1218 1077 qui
1232 1043 1381 1070 secundum
1396 1050 1506 1071 carnem
1516 1049 1595 1072 natus
1602 1049 1652 1077 est,
1669 1045 1716 1072 sed
1729 1045 1819 1072 cohat-

1031 1093 1075 1113 res
1088 1086 1202 1120 Christi,
1224 1087 1288 1122 quia
1308 1088 1357 1114 etsi
1380 1089 1547 1123 cognorimus
1570 1089 1704 1116 Christum
1725 1098 1819 1117 secun-

1031 1131 1095 1158 dum
1108 1139 1224 1164 carnem,
1242 1133 1287 1159 sed
1299 1133 1433 1168 nuncjtmt
1445 1141 1497 1160 nou
1512 1135 1630 1162 novimus
1649 1135 1682 1162 ".

1067 1177 1094 1204 5.
1113 1177 1146 1204 Et
1163 1182 1253 1205 tamen
1269 1179 1419 1206 secundum
1436 1187 1466 1206 ca
1481 1187 1542 1214 quae
1556 1180 1656 1215 scripta
1674 1185 1750 1213 sunt,
1764 1189 1818 1209 non

1030 1222 1108 1250 video
1123 1224 1187 1257 quid
1201 1225 1316 1251 moverit
1328 1225 1434 1257 Suram,
1449 1230 1477 1252 ut
1493 1225 1576 1253 lilium
1589 1226 1695 1253 ancillze
1708 1227 1819 1261 iuberet

1028 1269 1137 1304 expelli.
1152 1269 1274 1297 Ludebat
1289 1279 1351 1298 cum
1378 1271 1432 1298 lilio
1453 1280 1503 1299 suo
1516 1272 1600 1301 isaac.
1612 1273 1680 1306 Quid
1698 1273 1816 1306 Iusserat,

1029 1319 1076 1342 aut
1092 1315 1157 1350 quid
1185 1321 1327 1348 nocuerat,
1354 1317 1376 1343 si
1393 1317 1521 1345 ludebat?
1549 1318 1629 1352 Quasi
1647 1327 1699 1347 non
1724 1320 1775 1347 hoc
1791 1320 1817 1348 in

1028 1364 1111 1387 tntate
1127 1359 1171 1386 illa
1186 1360 1269 1387 etiam
1289 1365 1395 1395 gratum
1410 1369 1469 1389 esse
1484 1363 1620 1395 debuerit,
1632 1364 1704 1398 quod
1720 1364 1818 1392 luserit

1028 1405 1101 1433 illius
1115 1405 1219 1433 ancilla:
1233 1414 1293 1433 cum
1310 1407 1365 1434 lilio
1376 1407 1478 1435 liberas.
1505 1408 1574 1435 Tum
1589 1409 1685 1446 deinde
1703 1416 1730 1437 et
1745 1411 1819 1446 Apo-

1028 1451 1127 1479 stolum
1146 1453 1244 1484 miror,
1258 1453 1304 1488 qui
1320 1453 1412 1480 ludum
1431 1454 1503 1482 hunc
1522 1455 1737 1490 persecutionem
1753 1465 1818 1492 pro-

1029 1497 1173 1529 nuntiavit,
1191 1497 1318 1525 dicens"
1336 1507 1343 1525 :
1357 1498 1411 1526 Sed
1419 1501 1488 1526 sicut
1501 1505 1562 1527 tunc
1579 1501 1600 1528 is
1613 1502 1657 1536 qui
1671 1503 1818 1530 secundum

1030 1552 1137 1571 carnem
1156 1548 1234 1571 natus
1254 1543 1340 1579 fuerat
1357 1544 1447 1581 (37),
1469 1546 1672 1581 persequebatur
1690 1556 1749 1574 eum
1772 1550 1818 1582 qui

1030 1591 1175 1622 secundum
1194 1592 1328 1626 spiritum,
1353 1593 1391 1619 ita
1407 1597 1431 1619 et
1449 1601 1531 1625 nunc.
1555 1601 1617 1621 cum
1635 1591 1819 1629 utique'nulla

1029 1636 1186 1670 persecutio
1201 1637 1323 1666 lsmaelis
1334 1639 1478 1666 adversum
1494 1639 1566 1666 lsaac
1579 1645 1650 1667 mota
1665 1641 1817 1675 referatur,

1031 1681 1081 1708 nisi
1097 1681 1142 1709 hic
1154 1681 1227 1709 solus
1239 1682 1319 1710 ludus
1336 1682 1467 1710 infantiae.
1483 1684 1536 1711 Sed
1553 1685 1694 1712 videamus
1706 1687 1771 1720 quid
1788 1688 1818 1715 in

1030 1727 1083 1754 hoc
1102 1727 1167 1755 ludo
1182 1727 1346 1756 intellexerit
1364 1729 1476 1762 Paulus,
1497 1734 1524 1757 et
1545 1731 1608 1766 quid
1625 1731 1765 1766 indignata
1782 1734 1820 1761 sit

1029 1772 1108 1800 Sara.
1131 1773 1262 1809 Superius
1280 1775 1337 1809 jam
1360 1781 1528 1810 exponentes
1547 1777 1736 1812 spiritualiter,
1757 1779 1818 1806 loco

1029 1820 1137 1848 virtutis
1152 1822 1292 1854 posuimus
1304 1820 1411 1849 Suram.
1423 1821 1451 1848 Si
1470 1828 1535 1856 ergo
1553 1829 1618 1849 caro
1628 1823 1707 1857 cujus
1722 1831 1819 1858 perso-

1029 1873 1092 1893 nam
1103 1866 1298 1900 geritlsmael,
1319 1867 1366 1902 qui
1382 1867 1530 1894 secundum
1551 1875 1660 1895 carnem
1683 1869 1816 1903 nascitur,

1028 1911 1136 1946 spiritui
1152 1911 1316 1943 blandiatur,
1345 1912 1393 1947 qui
1419 1917 1460 1940 est
1484 1912 1571 1945 lsaae,
1596 1919 1623 1940 ct
1647 1913 1818 1942 illecebrosis

1028 1964 1092 1984 cum
1108 1964 1141 1984 eo
1158 1957 1365 1992 deceptionibns
1382 1963 1455 1993 agat,
1480 1959 1503 1985 si
1521 1958 1745 1987 delectationibus
1762 1960 1818 1988 ilii-

1027 2005 1093 2037 ciat,
1114 2003 1297 2038 voluptatibus
1323 2004 1439 2036 molliat,
1458 2004 1644 2037 hujuscemodi
1659 2005 1738 2032 ludus
1750 2013 1817 2034 car-

1028 2048 1070 2075 nis
1084 2055 1144 2075 cum
1168 2048 1276 2083 spiritu,
1301 2048 1397 2075 Saram
1417 2048 1545 2080 maxime,
1571 2056 1631 2083 qum
1653 2053 1694 2075 est
1715 2049 1815 2082 virtus,

1026 2093 1149 2127 ol'l'endit,
1166 2098 1193 2121 et
1207 2094 1393 2129 hujuscemodi
1408 2094 1591 2121 blandimenta
1606 2095 1816 2122 acerbissimam

1027 2140 1245 2174 persecutionem
1277 2139 1384 2173 judicat
1421 2138 1529 2166 Paulus.
1566 2139 1599 2167 Et
1625 2145 1652 2167 tu
1686 2147 1768 2172 ergo,
1799 2148 1817 2168 ο

1027 2186 1135 2214 auditor
1159 2185 1276 2217 horum,
1304 2193 1357 2212 non
1386 2185 1458 2212 illam
1483 2185 1568 2212 solam
1593 2186 1815 2221 persecutionem

1027 2236 1116 2268 putes,
1136 2231 1246 2267 quando
1268 2230 1360 2258 lurore
1381 2230 1523 2266 gentilium
1551 2231 1584 2258 ad
1616 2231 1813 2259 immolandum

1026 2278 1107 2306 idolis
1120 2278 1249 2313 cogeris:
1264 2279 1310 2304 sed
1324 2277 1347 2304 si
1365 2276 1436 2304 forte
1455 2282 1480 2304 te
1500 2277 1622 2312 voluptas
1641 2277 1733 2305 carnis
1758 2277 1814 2304 illi-

1025 2325 1090 2357 ciat,
1106 2324 1130 2351 si
1146 2323 1194 2351 tibi
1207 2323 1329 2351 libidinis
1353 2322 1456 2349 alludat
1472 2323 1610 2355 illecebra,
1634 2323 1701 2355 inec.
1717 2323 1740 2349 si
1754 2322 1814 2350 vir-

1025 2371 1091 2397 tutis
1111 2378 1141 2397 es
1164 2370 1246 2404 filius,
1272 2376 1401 2407 tanquam
1420 2369 1639 2406 persecutionem
1664 2369 1814 2400 maximam

1022 2416 1093 2452 inge.
1122 2417 1226 2445 Idcirco
1250 2418 1325 2444 enim
1348 2422 1376 2445 et
1397 2416 1545 2452 Apostolus
1565 2416 1634 2444 dicit
1648 2415 1669 2432 ²¹
1689 2425 1695 2442 :
1714 2414 1815 2450 Fugite

1023 2461 1236 2496 fornicationem.
1251 2462 1304 2490 Sed
1321 2463 1343 2490 si
1361 2462 1492 2497 injustitia
1507 2462 1670 2494 blandiatur,
1691 2466 1720 2488 ut
1748 2469 1811 2497 per-

1023 2514 1116 2534 sonam
1131 2507 1249 2541 potentis
1262 2508 1401 2541 accipiens
1415 2506 1498 2544 (38),
1511 2514 1538 2534 et
1546 2508 1633 2542 gratia
1641 2507 1700 2540 ejus
1711 2506 1812 2539 ﬂexus.

1025 2562 1077 2582 non
1092 2559 1197 2582 rectum
1210 2553 1344 2589 judicium
1357 2554 1442 2585 feras,
1460 2553 1611 2589 intelligere
1625 2554 1719 2580 debes.
1746 2555 1810 2588 quia

1376 2623 1396 2639 "
1415 2622 1507 2650 Galat.
1525 2629 1567 2654 Iv,
1590 2621 1634 2648 29.
1675 2619 1697 2636 “
1717 2620 1810 2648 Galat.

1092 2625 1113 2641 ¹⁰
1127 2624 1269 2656 Joan.vtn,
1291 2622 1336 2650 56.
1376 2623 1396 2639 "
1415 2622 1507 2650 Galat.
1525 2629 1567 2654 Iv,
1590 2622 1634 2648 29.
1675 2622 1697 2636 “
1717 2622 1807 2648 Gaiat.

1092 2663 1124 2687 te.
1173 2664 1193 2678 ιιι
1210 2663 1232 2687 tt
1247 2663 1309 2687 Cor.
1325 2669 1353 2687 κ.
1370 2661 1386 2687 3
1403 2664 1430 2687 et
1444 2667 1519 2687 sena.
1567 2660 1587 2674 "
1607 2659 1686 2686 Rom.
1702 2665 1771 2687 vtn.
1788 2656 1807 2686 9

1679 2677 1686 2685 ι
1705 2675 1751 2687 vus
1761 2677 1771 2691 ο
1788 2675 1819 2686 vo

1173 2664 1193 2678 ”
1210 2663 1232 2689 ll
1247 2663 1309 2689 Cor.
1325 2669 1353 2693 x,
1370 2661 1386 2687 3
1403 2664 1430 2687 et
1444 2667 1519 2694 seqq.

1065 2752 1142 2787 (57)
1171 2752 1255 2779 Iidem
1282 2758 1360 2782 mss..
1387 2755 1464 2777 natus
1485 2749 1582 2784 fuerat,
1605 2748 1677 2784 quod
1698 2747 1725 2776 in
1747 2747 1815 2777 libb.

1030 2788 1116 2823 editis?
1131 2787 1281 2823 omittitur.

1066 2822 1141 2857 (58)
1162 2820 1368 2856 filiquot'mss.,
1396 2820 1521 2856 accipias.
