1900 3060
104 90 148 117 201

696 85 727 111 ΙΝ
745 82 893 112 CENESIM
913 82 1053 109 lIOMlLIA
1071 81 1124 109 Vll.

1670 81 1722 111 202

105 151 150 178 sub
162 149 252 185 specie
264 149 319 176 ludi
334 148 458 175 blandam
471 148 686 182 persecutionem
703 146 736 173 ab
754 145 886 180 iniustitia
901 144 924 172 Α
937 147 1017 177 gnata
1033 148 1074 170 est
1096 143 1177 175 Sara,
1190 142 1340 170 videmnus.
1364 141 1443 176 Ejieit
1467 141 1592 178 ancillam
1617 142 1673 177 80
1695 149 1723 170 et

105 195 210 230 pateris.
232 194 334 221 Verum
362 198 390 221 et
415 201 463 227 per
484 193 605 226 singulas
630 192 741 218 malitia:
769 191 885 225 species,

105 241 204 268 etiamsi
221 240 315 267 molles
328 244 355 267 et
376 239 501 266 delicata:
520 239 574 266 sint
587 243 614 265 et
632 238 696 265 ludo
709 237 822 269 similes,
839 237 886 264 has

105 285 316 321 persecutionem
332 284 444 319 spiritus
458 285 557 316 dicito,
581 284 644 318 quia
661 283 687 310 in
703 283 744 310 his
760 283 886 311 omnibus

105 331 184 358 virtus
198 330 357 358 oﬁ'enditur.

134 377 160 404 4.
177 377 236 404 Duo
251 381 316 404 sunt
330 383 396 411 ergo
411 376 458 403 ﬁlii
474 376 609 403 Abraham
623 396 631 409 ,
650 382 719 403 unus
737 376 770 402 de
786 375 886 402 ancilla

103 427 127 450 et
139 430 205 450 unus
219 423 252 450 de
265 422 351 449 libera
367 431 375 449 :
393 427 506 456 uterque
534 426 623 449 tamen
648 421 719 449 ﬁlius
735 421 884 454 Abraham,

102 468 162 495 licet
175 475 229 495 non
245 472 362 502 uterque
381 468 416 495 de
437 467 531 494 libera.
550 468 694 502 Propterea
710 471 738 494 et
752 467 775 494 is
789 466 835 502 qui
852 468 885 494 de

102 514 195 541 ancilla
214 514 346 547 nascitur,
371 514 458 542 haeres
483 514 590 549 quidem
613 521 664 540 non
688 514 717 540 ﬁt
740 521 801 541 cum
831 513 885 540 ﬁlio

103 559 208 591 liberat,
225 559 333 594 accepit
357 563 446 586 tamen
464 559 534 586 dona
551 563 579 586 et
598 566 650 586 non
673 558 820 585 dimittitur
836 566 884 585 va-

101 613 176 633 cuus.
197 605 312 640 Accepit
338 609 366 632 et
384 605 441 640 ipse
471 600 706 638 benedictionem,
740 605 787 632 sed
815 605 885 633 ﬁlius

102 651 192 678 liberae
212 651 316 685 accepit
332 651 585 685 reprornissionem.
600 651 644 678 Fit
661 655 688 678 et
706 650 750 678 ille
770 650 838 687 (59)
857 651 883 678 in

102 701 207 732 gentem
220 704 358 732 magnam,
383 697 429 725 sed
448 697 501 724 iste
524 697 550 724 in
573 697 701 732 populum
721 697 882 731 adoptionis.

102 742 266 777 Spiritaliter
297 750 363 778 ergo
386 750 481 770 omnes
508 743 617 777 quidem
652 743 698 778 qui
729 751 777 778 per
804 743 883 770 ﬁdem

100 789 210 815 veniunt
223 789 257 815 ad
276 789 441 823 agnitionem
470 788 526 821 Dei,
555 794 668 824 possunt
695 789 742 816 ﬁlii
768 789 884 816 Abraltte

100 834 163 861 dici.
182 833 235 860 Sed
252 833 278 860 itt
297 833 340 861 his
357 834 512 868 suntaliqui
528 841 576 868 pro
591 834 725 861 cltarilate
740 835 882 861 adhaeren-

101 886 140 908 tes
165 881 230 914 Dco,
254 880 299 907 alii
327 888 375 916 pro
402 885 475 908 metu
499 886 526 908 et
550 881 647 908 timore
662 881 746 907 futuri
775 880 882 914 jndicii.

101 927 176 956 Unde
192 932 219 954 et
237 927 376 961 apostolus
391 926 509 954 Joannes
524 927 590 954 dicit
600 927 623 943 ¹¹
638 935 646 954 :
663 926 715 959 Qui
729 927 818 959 timet,
833 935 884 954 non

99 976 136 998 est
159 972 292 1005 perfectus
317 971 345 997 in
362 971 502 998 cltaritate.
526 970 648 1005 Perfecta
669 975 756 997 autent
778 970 883 998 dilectio

99 1016 169 1048 foras
192 1015 273 1042 mittit
301 1016 430 1042 timorem.
461 1015 515 1043 Iste
529 1023 595 1051 ergo
619 1017 664 1050 qui
695 1016 721 1043 in
748 1016 884 1044 charilate

99 1062 233 1096 perfectus
254 1065 305 1094 est,
333 1066 359 1088 et
386 1061 419 1089 de
449 1061 588 1089 Abraham
615 1062 746 1096 nascitur,
770 1068 797 1089 et
813 1062 884 1090 ﬁlius

98 1107 189 1134 liberte
213 1113 266 1134 est.
295 1106 346 1140 Qui
363 1115 427 1135 vero
449 1115 502 1134 non
526 1107 646 1142 perfecta
673 1108 817 1141 charitate,
836 1109 883 1136 scd

98 1153 197 1180 futurae
215 1159 304 1187 paena:
316 1158 390 1180 metu
406 1158 432 1180 et
446 1153 638 1188 suppliciorum
652 1154 882 1182 timoremandata

98 1198 230 1230 custodit,
246 1203 287 1226 est
300 1199 410 1233 quidem
427 1203 454 1226 et
470 1199 528 1233 ipse
545 1199 615 1226 ﬁlius
629 1199 747 1227 Abralue
761 1220 768 1232 ,
785 1201 884 1235 accipit

96 1249 122 1272 et
138 1244 198 1279 ipse
223 1244 308 1276 dona,
332 1245 358 1271 id
383 1249 424 1271 est
457 1245 548 1279 operis
569 1246 610 1273 sui
629 1247 792 1279 mercedem,
819 1247 882 1282 quia

96 1291 176 1319 etiam
191 1291 238 1326 qui
254 1290 362 1318 calicem
385 1299 460 1326 aqum
476 1291 583 1326 frigida:
604 1292 704 1320 dederit
729 1297 830 1320 tantum
855 1294 883 1320 in

98 1337 203 1364 nomine
219 1336 355 1371 discipuli,
370 1344 420 1363 non
437 1337 530 1371 peribit
544 1345 641 1365 merces
655 1338 712 1372 eius
726 1339 759 1365 ".
779 1338 882 1367 Tamen

97 1382 213 1410 inferior
227 1382 274 1409 illo
285 1386 325 1409 est
337 1382 384 1416 qui
400 1390 452 1409 non
470 1382 560 1410 servili
576 1383 671 1411 timore
683 1406 690 1417 ,
717 1384 764 1412 sed
779 1385 804 1412 in
822 1385 884 1413 cita-

97 1428 185 1455 ritatis
211 1428 337 1455 libertate
353 1428 490 1463 perfectus
513 1433 563 1456 est.
586 1429 651 1457 Tale
673 1430 772 1465 aliquid
800 1432 882 1459 etiam

937 189 1022 216 ﬁlium
1045 189 1114 223 ejus,
1143 189 1191 216 sed
1220 194 1310 216 tatnen
1331 188 1378 216 dat
1394 189 1418 216 ei
1439 193 1527 216 utrem
1549 195 1636 223 aqum.
1662 189 1722 217 Non

937 233 1008 261 enim
1030 234 1148 262 habebat
1159 239 1247 261 mater
1262 234 1322 269 ejus
1336 239 1445 269 puteum
1459 241 1537 269 aqua:
1556 235 1622 261 viva:
1633 254 1643 267 ,
1671 241 1724 263 nec

936 284 1043 314 poterat
1060 287 1127 314 puer
1147 280 1256 308 haurire
1272 281 1304 308 de
1318 285 1400 316 puteo
1413 288 1523 315 aquam.
1547 281 1623 309 Isaac
1638 281 1723 308 habe-

936 325 983 352 bat
998 329 1101 359 puteos,
1115 332 1163 359 pro
1179 325 1278 360 quibus
1296 332 1323 353 et
1339 326 1489 354 certamina
1504 327 1607 364 patitur
1626 327 1723 354 adver-

936 379 983 399 sus
1011 371 1189 399 Philisthinos
1213 372 1246 398 ".
1272 372 1368 399 lsmael
1385 377 1476 400 autem
1501 373 1534 400 dc
1560 377 1620 400 utre
1652 373 1723 400 bibit

936 423 1047 451 aquam,
1072 416 1119 443 sed
1134 416 1179 443 hic
1195 421 1255 444 uter
1269 417 1347 451 quasi
1364 421 1424 444 uter
1439 417 1542 450 deﬁcit,
1554 422 1581 444 et
1592 418 1652 445 ideo
1665 418 1725 445 sitit

937 462 988 499 (41
1004 462 1013 497 )
1029 467 1056 489 et
1070 470 1123 489 non
1145 462 1248 490 invenit
1262 468 1367 497 potum.
1384 463 1424 490 Tu
1448 467 1535 490 autem
1560 463 1608 498 qui
1622 470 1724 491 secun-

936 509 1000 536 dum
1023 508 1098 536 Isaac
1123 509 1344 543 repromissionis
1365 516 1396 536 es
1418 509 1501 540 ﬁlius,
1515 509 1572 536 bibe
1592 517 1675 544 aqua:
1689 509 1724 536 de

935 555 988 582 tuis
1000 555 1116 589 fontibus
1134 560 1157 581 et
1177 555 1209 581 de
1231 555 1282 581 tuis
1304 555 1408 589 puteis;
1433 563 1509 589 aqua:
1534 562 1586 581 non
1614 555 1723 591 efﬂuant

936 600 1020 635 foras,
1035 602 1080 628 sed
1098 601 1170 628 intus
1181 601 1209 628 in
1223 601 1275 628 tuis
1293 600 1387 636 plateis
1401 605 1509 628 currant
1528 606 1582 628 tua:
1595 609 1672 635 aqua:
1686 600 1722 629 ‘°.

935 647 981 675 Ille
1001 655 1065 675 vero
1077 648 1284 683 quisecuntlum
1305 655 1414 676 carnem
1438 653 1519 676 natus
1539 652 1591 681 est,
1611 648 1644 676 de
1662 653 1724 676 utre

936 699 1033 726 aquam
1050 693 1128 725 bibit,
1142 698 1169 719 et
1186 701 1254 728 aqtta
1278 694 1335 729 ipsa
1356 694 1446 721 delicit
1460 695 1495 726 ei,
1522 700 1550 722 et
1575 694 1601 721 iit
1631 695 1723 722 multis

936 738 1036 766 deﬁcit.
1053 738 1117 766 Uter
1132 738 1199 774 legis
1224 744 1266 766 est
1291 739 1391 772 littera,
1411 741 1444 767 de
1458 748 1509 775 qna
1535 740 1578 767 ille
1604 741 1723 768 carnalis

935 784 1050 819 populus
1063 785 1142 816 bibit,
1165 790 1192 812 ct
1216 785 1279 813 inde
1297 785 1461 813 intellectum
1485 787 1558 820 capit
1576 796 1583 814 :
1602 795 1662 821 qua:
1679 787 1724 815 lit-

936 836 993 858 tera
1019 830 1175 865 l'rcquenter
1203 832 1226 859 ei
1258 831 1369 864 deﬁcit.
1395 837 1423 859 et
1451 833 1589 866 explicare
1614 841 1644 861 se
1669 841 1722 861 nnn

934 882 1034 912 potest.
1049 876 1077 904 ln
1093 877 1185 905 multis
1200 877 1272 905 enim
1296 877 1433 905 defectum
1449 879 1551 913 patitur
1572 879 1723 906 historialis

935 923 1127 958 intelligentia.
1164 923 1283 951 Ecclesia
1318 929 1407 951 autem
1439 925 1473 951 tle
1502 925 1666 960 evangelicis
1695 930 1723 953 ct

936 969 1093 1004 apostolicis
1118 969 1236 996 fontibus
1260 969 1337 1001 bibit,
1355 969 1400 1004 qui
1422 977 1559 1004 nunquam
1581 970 1721 1002 deﬁciuttt,

935 1016 983 1043 sed
1000 1015 1026 1042 in
1047 1015 1143 1050 plateis
1169 1015 1227 1042 suis
1254 1018 1425 1049 percurrunt,
1450 1015 1514 1049 quia
1534 1015 1559 1042 in
1578 1015 1723 1043 latitudine

935 1061 1066 1096 spiritalis
1106 1061 1338 1095 interpretationis
1374 1059 1512 1087 abundant
1551 1068 1660 1096 semper
1694 1067 1722 1089 et

936 1106 1031 1133 linunt.
1044 1107 1117 1134 Bibit
1135 1107 1206 1134 etde
1223 1106 1321 1141 puteis,
1339 1113 1399 1133 cum
1418 1105 1592 1140 prolundiora
1608 1114 1722 1141 qna-quc

936 1152 1028 1179 haurit
1049 1156 1075 1179 ct
1090 1156 1228 1179 scrutatttr
1252 1159 1284 1179 ex
1312 1151 1380 1186 lege.
1408 1151 1459 1179 Per
1486 1152 1538 1179 hoc
1553 1173 1561 1185 ,
1592 1153 1721 1184 arbitror,

936 1199 1094 1234 mysterium
1113 1199 1193 1226 etiam
1208 1198 1337 1226 Dominus
1351 1199 1422 1234 (42)
1445 1203 1472 1226 et
1489 1199 1615 1226 Salvator
1630 1205 1723 1226 noster

935 1245 1041 1272 dicebat
1053 1245 1086 1272 ad
1099 1244 1310 1277 Samaritanam,
1324 1244 1368 1272 ubi
1386 1245 1457 1272 velut
1468 1245 1490 1272 si
1504 1252 1565 1272 cum
1579 1245 1636 1279 ipsa
1649 1245 1723 1280 Agar

936 1288 1105 1324 loqueretur,
1137 1289 1227 1316 aiebat
1249 1289 1269 1306 "
1286 1298 1292 1316 :
1309 1288 1401 1316 Omnis
1425 1291 1471 1325 qui
1495 1290 1590 1317 biberit
1618 1298 1649 1317 ex
1673 1290 1721 1317 hac

935 1343 1014 1370 aqua,
1028 1336 1097 1362 sitiet
1114 1335 1207 1362 iterum
1220 1343 1229 1368 ;
1244 1335 1287 1370 qui
1303 1340 1391 1362 autent
1408 1335 1500 1363 biberit
1514 1337 1545 1363 de
1561 1345 1629 1372 aqua
1641 1345 1720 1371 quam

934 1390 981 1416 ego
998 1381 1065 1408 dabo
1080 1381 1121 1414 ei,
1137 1389 1190 1408 non
1202 1381 1271 1407 sitiet
1287 1382 1313 1407 in
1328 1387 1466 1410 internum.
1491 1381 1523 1408 Et
1544 1382 1589 1409 illa
1606 1383 1672 1410 dicit
1686 1384 1720 1410 ad

936 1427 1106 1454 Salvatorcm
1124 1426 1146 1442 ³³
1160 1433 1168 1453 :
1183 1425 1224 1453 Da
1240 1427 1315 1459 mihi,
1334 1426 1452 1460 Domine,
1472 1428 1539 1455 hanc
1555 1437 1668 1462 aquam,
1692 1435 1721 1457 ut

95 1473 241 1508 Apostolus
256 1474 397 1506 ostendit,
412 1481 473 1502 cum
494 1475 560 1502 dicit
579 1475 601 1490 “
618 1484 624 1502 :
640 1475 766 1508 Quandiu
779 1477 881 1512 quidem
896 1482 917 1511 ο
937 1482 987 1500 non
1000 1473 1099 1506 sitiam,
1123 1481 1202 1507 neque
1223 1473 1326 1499 veniam
1353 1472 1403 1499 huc
1425 1473 1543 1500 haurire.
1568 1473 1634 1501 Post
1662 1474 1721 1502 lucc

95 1520 176 1546 Interea
200 1519 329 1554 parvulus
356 1524 406 1552 est,
438 1520 502 1546 nihil
520 1520 636 1554 differta
651 1529 724 1548 serra
737 1542 744 1553 ,
763 1531 821 1549 cum
845 1523 880 1550 sit

94 1565 217 1592 dominus
233 1565 352 1591 omnium
363 1585 370 1597 ,
385 1565 429 1592 sed
444 1565 491 1593 sub
503 1566 634 1594 tutoribus
645 1572 669 1594 et
681 1568 814 1595 actoribus
831 1574 880 1602 est,

95 1619 176 1645 usque
191 1611 226 1638 ad
236 1610 399 1645 pret/initum
413 1616 513 1645 tempus
527 1621 542 1638 a
553 1617 639 1646 patre.
664 1612 796 1641 Parvulus
817 1622 882 1650 ergo

93 1655 192 1690 estqui
207 1655 280 1682 lacte
293 1655 388 1688 alitur,
401 1660 428 1682 et
441 1663 539 1691 expers
558 1661 601 1684 est
613 1658 880 1693 scriitOIiisjustitim,

93 1708 142 1729 nec
157 1705 249 1735 potest
267 1701 360 1729 cibum
381 1701 498 1729 solidum
515 1703 638 1737 accipere
653 1705 795 1739 Sapientiw
813 1705 882 1732 divi-

94 1754 151 1779 na,
180 1751 209 1774 et
236 1746 359 1774 scientia
378 1746 457 1781 legis,
485 1747 529 1781 qui
553 1756 605 1775 non
632 1753 722 1784 potest
748 1749 880 1784 spiritalia

93 1791 262 1826 spiritalibus
285 1798 471 1826 comparare,
499 1793 544 1827 qui
577 1793 698 1821 nomium
727 1799 818 1830 potest
840 1795 882 1822 di-

92 1844 154 1865 cere
168 1837 194 1853 "
207 1846 214 1864 :
232 1837 297 1864 Cum
312 1841 400 1864 autem
415 1837 501 1871 facta:
517 1846 574 1864 sum
590 1839 640 1871 vir,
654 1847 712 1874 qua:
724 1845 799 1867 erant
820 1849 882 1875 par-

92 1884 143 1911 uuli
154 1883 266 1918 deposui
279 1882 351 1918 (40)
365 1892 372 1916 ;
390 1883 440 1911 iste
451 1892 516 1919 ergo
532 1885 598 1912 nihil
610 1886 700 1914 diliert
712 1894 727 1913 a
743 1895 834 1916 servo.
851 1888 879 1916 Si

92 1937 154 1957 vero
181 1930 342 1965 relinquens
371 1929 512 1958 initiorum
533 1931 632 1960 Christi
664 1941 819 1962 sermonem
847 1936 881 1963 ad

91 1973 288 2009 perfectionem
303 1974 418 2008 feratur,
444 1981 471 2003 et
484 1985 543 2012 qua:
557 1986 661 2005 rursum
685 1984 745 2006 sunt
765 1985 879 2014 quzerat,

91 2021 133 2047 ubi
147 2020 272 2048 Christus
285 2027 321 2049 est
333 2022 362 2048 in
376 2023 470 2051 dextra
483 2022 532 2050 Dei
546 2024 648 2058 sedens,
669 2033 720 2052 non
731 2034 790 2060 quae
803 2034 880 2061 super

92 2070 189 2093 terram
204 2068 240 2099 “,
255 2071 282 2094 ct
297 2068 493 2103 contempletur
505 2077 555 2096 uo»
570 2078 600 2096 ea
615 2079 673 2105 qua:
687 2071 817 2105 videntur,
834 2073 879 2099 sed

91 2118 147 2145 quae
170 2119 225 2138 non
248 2111 370 2139 videntur
394 2113 427 2145 ’⁷,
450 2120 538 2148 neque
559 2114 585 2141 in
608 2115 706 2142 divinis
730 2115 879 2151 Scripturis

91 2162 222 2191 sequatur
253 2158 421 2186 occidentem
447 2158 585 2193 litteram,
608 2161 655 2187 sed
691 2161 876 2189 viviﬁcantem
894 2154 918 2184 Ῑ)

91 2203 218 2237 Spiritum
234 2210 242 2229 :
258 2210 290 2230 ex
304 2203 356 2231 illis
367 2205 418 2231 erit
429 2204 490 2231 sine
505 2204 597 2238 dubio,
612 2206 657 2240 qui
676 2214 728 2233 non
743 2207 880 2242 accipiunt

91 2250 214 2283 spiritum
237 2250 370 2278 servitutis
390 2251 486 2278 iterant
505 2252 532 2278 in
552 2253 644 2279 timore
657 2273 664 2284 ,
684 2253 729 2279 sed
752 2254 876 2288 spiritum

91 2296 255 2329 adoptionis,
275 2296 303 2322 in
316 2304 367 2333 quo
383 2297 500 2325 clament
517 2307 524 2324 :
539 2297 612 2324 Abba
629 2298 710 2326 Pater
723 2299 755 2326 ’9.

123 2343 152 2369 5.
176 2342 247 2376 Quid
273 2343 381 2370 interim
397 2349 460 2378 agat
484 2344 622 2372 Abraham
646 2351 788 2380 postquam
810 2347 879 2375 indi-

125 2411 170 2438 “I
187 2411 254 2439 Joan
274 2420 313 2440 tv.
323 2412 366 2439 18.
404 2413 426 2428 ’³
439 2413 532 2441 Matth.
546 2422 573 2446 x,
585 2414 630 2441 45.

91 2447 113 2461 ’⁵
133 2447 213 2473 Rom.
233 2455 298 2479 vttt,
313 2447 357 2475 15.
410 2448 433 2464 ’θ
447 2448 544 2476 ches.
562 2457 635 2476 xxvi.

92 2481 113 2497 ”
129 2483 214 2509 Amos
233 2490 291 2515 vtu,
306 2483 348 2509 11.
387 2483 408 2498 ³⁸
426 2483 502 2512 Rom.
525 2484 620 2517 H.255.

126 2551 206 2590 (_
222 2552 304 2590 Mss”
316 2553 346 2586 [it
356 2558 382 2590 et
396 2553 438 2579 ille
450 2562 457 2585 ;
469 2554 535 2581 lihh.
549 2555 626 2586 editi,
644 2556 691 2590 ﬁat
708 2562 731 2583 et
751 2557 804 2584 ille.

126 2587 205 2623 (40)
222 2587 301 2626 μω).
318 2588 395 2618 editi,
411 2591 532 2617 evacnavi
543 2599 601 2623 qua:
613 2587 687 2618 erant
701 2593 815 2626 parvuli,
830 2593 876 2619 scd

93 2629 157 2648 mss.
176 2628 204 2648 ut
222 2625 249 2650 in
264 2628 358 2650 nostro
375 2628 458 2650 textu.

191 2658 202 2694 )
212 2657 298 2694 γΜδβ..
313 2658 386 2694 sitit;
401 2658 464 2685 libb.
485 2660 558 2692 editi,
572 2661 647 2694 petit.

149 2692 199 2731 42)
210 2693 289 2731 Libb.
308 2693 401 2731 editi_:
419 2702 465 2727 pro
482 2695 530 2721 hoc
546 2692 660 2722 arbitror
673 2697 795 2731 myxterio
807 2698 875 2731 quod

91 2727 169 2753 etiam
185 2727 324 2757 Dominus.
338 2728 385 2755 sed
402 2736 465 2755 mss.
480 2734 508 2756 ut
524 2731 551 2757 in
570 2736 663 2758 nostro
676 2727 761 2758 textu.

125 2763 194 2798 (~55)
217 2762 283 2791 Post
303 2762 359 2790 luet:
385 2763 512 2791 Dominus
523 2766 558 2791 ad
572 2773 641 2800 eam,
662 2771 715 2795 etc.
743 2766 878 2796 Memoria:

275 2806 413 2840 Pyram.
430 2810 489 2841 Gn.
514 2810 584 2842 ΧΠ.

669 2416 692 2431 ’³
706 2415 766 2442 Gal.
782 2424 819 2448 tv,
838 2417 862 2448 1,
876 2417 904 2444 2.

688 2450 710 2465 ³ο
730 2450 809 2478 l’rov.
832 2460 856 2483 γ,
873 2452 921 2484 15,

934 1520 1064 1547 Dominus
1087 1519 1119 1546 ad
1137 1527 1196 1546 eam
1218 1518 1290 1555 (45)
1307 1527 1315 1543 :
1334 1519 1386 1551 Qui
1409 1519 1502 1550 credit,
1524 1519 1611 1554 inquit
1637 1519 1671 1553 ⁸⁸,
1693 1521 1721 1546 in

933 1573 983 1596 me,
999 1565 1042 1599 ﬁet
1059 1565 1084 1591 in
1098 1573 1127 1592 eo
1143 1565 1201 1599 fons
1219 1572 1294 1600 aqua
1310 1564 1428 1592 salientis
1442 1565 1468 1591 in
1488 1565 1568 1593 vitam
1583 1570 1719 1594 a'ternam.

968 1611 995 1638 6.
1014 1610 1131 1638 Errabat
1147 1618 1212 1645 ergo
1226 1610 1300 1645 Agar
1322 1618 1369 1645 per
1383 1611 1518 1638 desertum
1541 1619 1602 1638 cum
1623 1620 1720 1647 puero,

933 1661 960 1685 et
976 1664 1042 1691 puer
1055 1655 1190 1691 plorabat,
1206 1660 1231 1683 et
1247 1657 1360 1691 proiecit
1374 1663 1435 1683 eum
1453 1657 1536 1692 Agar,
1552 1658 1662 1691 dicens,
1680 1659 1720 1687 Ne

934 1703 1043 1730 videam
1055 1706 1169 1730 mortem
1183 1702 1229 1729 ﬁlii
1243 1703 1306 1730 mei.
1331 1702 1394 1730 Post
1416 1703 1473 1730 hate
1494 1710 1554 1731 cum
1569 1703 1624 1738 jam
1639 1706 1718 1739 quasi

934 1748 1082 1775 moriturus
1105 1747 1200 1774 fuisset
1225 1747 1357 1781 abjectus,
1384 1751 1412 1775 et
1430 1747 1560 1782 ﬂevisset,
1589 1751 1668 1777 adest
1694 1751 1720 1777 ei

933 1793 1045 1828 angelus
1067 1792 1173 1820 Domini
1189 1813 1196 1824 ,
1212 1798 1240 1820 et
1255 1794 1361 1828 aperuit
1382 1794 1479 1821 oculos
1489 1794 1573 1829 Agar,
1603 1801 1631 1822 et
1653 1795 1721 1823 vidit

933 1844 1044 1873 puteum
1061 1846 1137 1873 aqua-
1149 1839 1225 1866 vivze.
1239 1838 1301 1865 “mc
1312 1839 1345 1866 ad
1359 1840 1500 1866 historiam
1515 1840 1609 1868 referri
1624 1849 1720 1875 quem-

932 1884 1077 1927 admodu‘m
1103 1885 1240 1919 possunt?
1271 1884 1321 1912 Ubi
1347 1885 1419 1912 enim
1456 1886 1611 1913 invenimus
1646 1888 1719 1921 quod

932 1931 1004 1965 Agar
1029 1930 1138 1959 clausos
1175 1931 1302 1959 babtterit
1334 1931 1440 1964 oculos,
1472 1937 1499 1959 et
1531 1933 1617 1967 aperti
1653 1940 1720 1961 sunt

933 1976 1128 2012 postmodum?
1149 1976 1243 2005 Nonne
1262 1976 1321 2004 luce
1336 1977 1435 2004 clarior
1450 1983 1491 2005 est
1511 1979 1536 2006 in
1558 1979 1599 2006 Itis
1619 1980 1719 2007 intelli-

932 2023 1021 2058 gentia
1036 2022 1168 2057 spiritalis
1181 2028 1208 2051 et
1220 2023 1347 2058 mySIica,
1364 2024 1435 2058 quod
1448 2024 1570 2059 abjectus
1582 2031 1624 2053 cst
1635 2026 1657 2053 is
1671 2028 1717 2060 qui

933 2070 1082 2097 secundum
1108 2077 1218 2097 carnem
1245 2075 1287 2098 est
1309 2071 1436 2105 populus,
1454 2076 1482 2099 et
1494 2072 1586 2100 tanditt
1604 2073 1676 2107 jacet
1692 2075 1718 2102 in

933 2116 1004 2143 fame
1017 2121 1042 2143 et
1055 2116 1112 2149 siti,
1125 2124 1177 2143 non
1194 2117 1290 2150 famem
1306 2117 1314 2153 (
1327 2117 1374 2152 M)
1386 2118 1462 2152 panis
1477 2119 1626 2154 perferens,
1639 2129 1720 2155 neque

931 2162 1003 2189 sitim
1020 2169 1109 2196 aqum,
1126 2162 1170 2189 sed
1183 2163 1254 2190 sitim
1266 2163 1337 2190 rerbi
1351 2164 1397 2191 Dei
1410 2164 1443 2197 “,
1464 2165 1550 2192 donec
1561 2166 1719 2200 aperiantur

933 2207 1004 2235 oculi
1017 2215 1164 2243 synagogte
1176 2208 1187 2235 ?
1200 2209 1256 2236 lloc
1272 2215 1313 2237 est
1329 2211 1400 2245 quod
1412 2211 1559 2245 Apostolus
1572 2212 1638 2240 dicit
1658 2220 1718 2240 esse

933 2253 1092 2288 mysterium
1118 2254 1140 2270 "
1158 2262 1165 2281 :
1180 2254 1248 2287 Quia
1272 2256 1375 2282 είιιεὶιαε
1400 2257 1507 2291 contigit
1534 2265 1566 2284 ea:
1590 2264 1664 2292 parte
1688 2258 1718 2286 in

934 2299 1030 2332 Israel,
1045 2300 1127 2327 donec
1151 2300 1286 2334 plenitudo
1308 2302 1423 2336 gentium
1446 2302 1584 2336 introiret,
1613 2308 1637 2330 et
1656 2309 1717 2331 tunc

933 2348 1018 2374 omnis
1034 2347 1120 2375 Israel
1138 2348 1228 2375 salvus
1242 2349 1327 2383 ﬁeret.
1347 2347 1400 2377 ista
1418 2354 1460 2378 est
1473 2358 1538 2384 ergo
1555 2351 1663 2379 eiecitas
1689 2352 1717 2379 in

942 2414 1171 2446 “lCor.xtt,ll.

938 2453 980 2479 16.
1031 2451 1052 2467 “
1072 2452 1151 2479 Joan.
1167 2459 1201 2484 tv,
1225 2453 1269 2480 15.

1210 2413 1391 2448 “Coloss.m,
1402 2417 1425 2442 I.
1487 2419 1535 2446 nil
1545 2420 1606 2446 Cor.
1623 2428 1659 2453 tv,
1671 2421 1715 2449 18.

1319 2453 1342 2468 ³¹
1362 2454 1427 2481 ibid.
1451 2453 1494 2482 £5.
1546 2455 1568 2470 ³³
1588 2456 1653 2484 ibid.
1671 2455 1716 2481 ib.

930 2557 1021 2591 lapsus
1043 2562 1083 2585 est
1097 2558 1123 2584 in
1145 2558 1272 2592 Origene,
1288 2565 1348 2585 nam
1366 2565 1425 2592 qua:
1441 2562 1592 2591 sequuntur
1607 2558 1714 2587 Domini

930 2593 1024 2632 verba,
1041 2601 1093 2632 t_t_t_tn
1109 2598 1200 2632 postea
1216 2611 1224 2625 ,
1238 2593 1286 2619 sed
1300 2597 1379 2619 antea
1396 2593 1469 2620 dicta
1489 2598 1563 2625 stitit,
1579 2601 1676 2628 nempe
1691 2599 1706 2632 ᾖ

930 2627 973 2658 ii,
988 2631 1015 2653 ct
1026 2627 1088 2654 aliis
1107 2629 1228 2654 vocibus.

964 2662 1040 2698 (Μ)
1072 2663 1136 2693 Siti,
1155 2671 1206 2689 non
1227 2662 1333 2698 fantem.
1357 2662 1404 2698 Sic
1432 2663 1517 2689 codex
1541 2662 1715 2692 Belvacensis

930 2697 1030 2733 melius
1040 2697 1196 2733 qttattrlibb.
1211 2697 1276 2725 editi
1289 2697 1314 2724 in
1330 2697 1430 2732 quibus
1443 2698 1541 2733 legitur
1558 2707 1565 2726 :
1580 2700 1637 2728 siti.
1651 2699 1714 2730 Non

929 2733 997 2759 enim
1016 2727 1123 2767 fantem.
1153 2727 1171 2740 '

1507 2816 1524 2844 7
