1902 3065
184 99 236 126 203

935 92 1094 121 ORlGENlS

1767 99 1816 127 Ξῡι

182 160 264 194 Agar,
289 165 349 194 qua:
370 157 518 187 secundum
535 164 644 185 carnem
664 156 757 192 genuit
774 165 780 184 :
797 163 856 192 quas
881 156 974 183 tandiu
990 157 1013 187 A
1028 156 1098 183 citus
1114 160 1156 183 est
1179 148 1220 189 ei,
1240 155 1304 191 quia
1322 156 1348 184 in
1371 156 1428 185 ﬁlio
1451 156 1497 192 qui
1523 163 1682 187 nasceretur
1697 166 1731 187 ex
1747 159 1815 189 Sara

183 206 210 233 in
229 212 260 232 ea
274 208 415 239 permanet
429 223 436 235 ,
460 203 547 230 donec
573 202 696 230 velamen
717 202 815 230 littera:
834 201 974 230 auferatur

183 259 231 286 per
243 250 418 283 Evangelimn
433 249 479 277 Dei
501 249 587 285 (ἠδ),
604 254 632 276 et
649 249 739 278 videat
757 257 856 284 aquam
871 249 970 277 vivam.

183 298 260 325 Nunc
274 297 346 324 enim
365 296 458 331 jaccnt
481 295 565 324 Juda-i
582 296 654 323 circa
674 296 762 331 ipsum
776 300 887 331 puteum
899 315 908 329 ,
924 296 972 323 sed

1026 202 1207 238 complebitur
1221 203 1274 231 ista
1293 204 1449 238 promissio.
1466 205 1635 233 Accenderat
1659 213 1727 241 ergo
1752 207 1815 234 atti-

1026 256 1099 275 mum
1118 249 1203 282 ipsius
1217 249 1244 276 in
1256 255 1378 276 amorem
1391 249 1451 282 ﬁlii,
1469 257 1522 277 non
1540 250 1626 278 solum
1641 252 1814 286 posteritatis

1024 295 1125 329 gratia,
1142 296 1189 323 sed
1201 301 1229 324 et
1243 297 1456 331 promissionum
1473 303 1531 331 spe.
1555 296 1608 324 Sed
1628 297 1700 325 hunc
1719 298 1746 325 in
1760 306 1816 332 quo

180 343 252 370 oculi
264 350 357 371 corum
371 342 455 370 clausi
469 347 533 370 sunt
548 350 555 369 :
571 347 598 370 et
622 350 675 370 non
693 347 809 378 possunt
831 342 925 370 bibere
939 342 974 369 de
1024 340 1048 367 ei
1061 341 1155 375 posita:
1167 347 1232 368 sunt
1245 342 1441 376 promissiones
1456 349 1561 376 magnae
1584 342 1643 370 istae
1656 347 1684 370 et
1699 343 1814 370 mirabi-

180 393 262 422 putco
276 388 343 422 legis
360 392 386 415 et
403 388 609 423 prophetarum.
634 387 687 416 Sed
703 392 731 416 et
745 395 794 416 nos
810 395 970 420 caveamus,

179 435 241 470 quia
261 434 417 470 frequenter
432 439 460 463 et
476 442 525 462 nos
540 435 614 462 circa
634 439 744 469 puteum
754 434 878 469 iacemus
895 442 971 469 aqua:

179 481 256 514 vivaz,
272 481 299 509 id
315 485 356 509 est
369 481 443 508 circa
458 480 616 516 Scripturas
631 480 752 513 divinas,
764 485 792 508 et
804 487 928 508 erramus
942 480 969 508 in

178 526 254 562 ipsis.
273 526 409 556 Tenemus
426 526 510 554 libros
531 531 558 554 et
577 527 711 562 legimus,
730 527 779 554 sed
799 526 968 561 spiritualcm

177 580 287 602 sensum
304 581 355 601 non
368 573 538 606 a'tingimus.
559 574 592 601 Et
610 575 670 602 ideo
692 582 760 609 opus
779 579 821 602 cst
842 574 969 610 lacrymis

178 623 207 647 ct
220 619 389 647 orationibus
404 620 621 648 indesinentibus
631 621 780 656 postulare.
794 626 823 649 ut
840 622 968 650 Dominus

178 663 284 698 aperiat
301 663 395 691 oculos
410 668 537 698 nostros;
553 665 616 700 quia
637 670 664 693 et
680 665 718 692 illi
742 666 807 693 (ιωεί
829 667 874 701 qui
888 667 966 694 sedc-

178 709 245 735 bant
261 709 287 736 in
309 707 419 736 Jericho
435 709 470 742 ³³,
487 710 539 738 nisi
566 710 731 738 clamassent
753 711 786 739 ad
810 711 966 744 Dominum,

177 761 230 781 non
247 754 362 783 fuissent
385 756 473 790 aperti
489 756 559 784 oculi
576 763 683 784 eorum.
713 756 746 784 Et
770 757 834 792 quid
856 757 928 794 dico,
938 762 967 785 ut

177 801 339 835 aperiantur
351 802 422 829 oculi
436 802 545 830 nostri?
559 803 622 837 quia
635 803 691 838 jam
705 803 791 838 aperti
804 807 877 830 sunt.
888 802 966 831 Jesus

177 847 249 873 cnim
271 847 346 875 venit
363 849 469 882 aperire
494 848 587 876 oculos
613 856 759 876 caecorum.
783 849 876 884 Aperti
900 857 964 884 ergo

177 895 241 918 sunt
255 892 327 918 oculi
347 892 444 925 nostri,
464 894 537 921 etde
555 893 643 920 littera
658 893 724 928 legis
743 893 865 921 velamen
888 893 965 921 abla-

177 939 234 962 tum
252 941 303 964 est.
321 936 374 964 Sed
389 945 487 965 vereor
510 945 542 966 ne
562 946 612 965 nos
627 939 675 973 ipsi
689 946 738 967 eos
753 947 849 967 somno
866 939 965 967 iterum

177 982 352 1017 profundiore
380 982 550 1017 claudamus,
581 984 643 1011 dum
677 992 730 1012 non
761 985 905 1020 vigilamus
938 987 964 1013 in

177 1028 316 1056 intellectu
327 1027 451 1062 spiritali,
467 1035 556 1063 neque
568 1029 674 1057 solliciti
687 1037 782 1057 sumus
794 1035 823 1057 nt
836 1038 963 1058 somnum

175 1074 352 1102 discutiamus
379 1074 413 1101 ab
439 1074 526 1102 oculis
556 1075 673 1108 nostris,
695 1080 723 1104 et
747 1077 964 1111 contemplemur

175 1127 234 1154 qua:
247 1119 380 1154 spiritalia
394 1124 469 1152 sunt,
482 1120 521 1148 uti
532 1128 566 1148 ne
579 1127 641 1148 cum
656 1122 756 1156 populo
772 1123 874 1150 carnali
889 1124 963 1151 circa

175 1167 259 1201 ipsam
272 1173 370 1200 aquam
385 1166 464 1201 positi
480 1174 614 1199 erremus,
631 1168 695 1201 quin
708 1168 798 1202 potius
809 1169 961 1203 vigilemus,

174 1216 202 1238 et
224 1219 286 1239 cum
310 1210 444 1246 Propheta
465 1211 589 1238 dicamus
606 1212 626 1227 ³⁷
644 1220 651 1238 :
670 1211 701 1239 Si
726 1212 821 1240 dedero
842 1221 962 1241 somnum

175 1256 258 1283 oculis
273 1257 349 1289 meis,
372 1261 396 1283 et
419 1257 551 1291 palpebris
577 1257 642 1284 meis
665 1257 891 1292 dormitatiouem,
916 1265 962 1287 aut

174 1303 290 1337 requiem
315 1303 475 1337 temporibus
502 1303 587 1336 meis,
610 1304 691 1332 donec
717 1304 848 1332 inveniam
877 1305 962 1332 locant

176 1349 300 1381 Domino,
321 1349 521 1376 tabernaculum
547 1349 601 1377 Deo
627 1349 722 1378 Jacob.
747 1350 801 1386 lpsi
829 1350 914 1386 gloria
936 1355 964 1379 ct

176 1395 320 1429 imperium
333 1395 359 1422 in
375 1396 472 1423 sarcula
491 1396 663 1424 steculorum.
678 1396 775 1424 Amen.

455 1439 591 1467 HOMILIA
615 1440 681 1469 Vill.

1024 386 1063 414 les
1079 409 1085 420 ,
1104 388 1187 421 hunc,
1207 388 1327 422 inquam,
1343 387 1428 415 ﬁlium
1455 387 1481 415 in
1495 395 1548 422 quo
1563 392 1688 416 vocatum
1701 394 1743 416 est
1763 397 1815 416 no—

1023 440 1084 462 men
1100 434 1159 467 ejus
1179 434 1329 467 Abraham,
1351 433 1538 462 holocaustum
1562 434 1677 462 Domino
1697 434 1815 469 jubetnr

1020 479 1119 508 oﬁcrre
1135 480 1160 508 in
1179 487 1233 507 uno
1246 487 1279 508 ex
1292 480 1440 508 montibus.
1455 480 1524 514 Quid
1538 484 1566 508 tu
1578 480 1611 508 ad
1622 481 1689 514 haec,
1699 488 1715 508 ο
1725 481 1816 509 Abra-

1020 524 1102 554 ham?
1115 524 1180 558 Qua:
1191 528 1218 553 et
1230 524 1326 559 quales
1337 524 1519 560 cogitationes
1527 529 1673 552 moventur
1690 525 1717 551 in
1730 525 1814 553 corde

1022 570 1085 598 tuo?
1102 569 1208 598 Prolata
1223 575 1266 598 est
1279 577 1330 598 vox
1344 578 1358 597 a
1374 570 1441 602 Deo,
1457 577 1518 604 qua:
1531 570 1661 598 discutiat
1674 574 1700 598 et
1713 571 1814 605 probet

1020 610 1105 645 ﬁdem
1115 621 1198 644 tuam.
1213 616 1284 650 Quid
1296 616 1329 643 ad
1342 616 1400 643 haec
1416 616 1502 645 dicis?
1516 616 1586 650 Quid
1600 616 1724 650 cogitas?
1738 616 1812 650 Quid

1021 662 1170 691 retractas?
1181 662 1301 690 Putasne
1312 662 1429 690 rcvolvis
1443 663 1470 690 in
1485 663 1569 690 corde
1583 668 1639 695 tuo,
1654 663 1731 698 quia,
1746 663 1768 691 si
1782 663 1811 691 in

1019 707 1093 736 lsaac
1104 708 1165 736 data
1177 713 1218 736 est
1236 708 1301 736 mihi
1318 709 1505 743 repromissio,
1527 709 1599 737 hunc
1616 715 1708 738 autem
1723 710 1811 740 oﬂ'ero

1021 753 1223 787 holocaustum,
1236 759 1362 790 superest
1375 759 1404 781 ut
1421 762 1474 782 non
1491 759 1616 791 speretur
1628 755 1681 783 ulla
1694 759 1812 790 promis-

1023 801 1065 828 sio
1081 800 1160 837 (46)?
1175 801 1228 828 Aut
1245 800 1330 836 magis
1349 799 1392 829 illa
1412 800 1516 836 cogitas
1537 805 1565 828 et
1581 801 1660 833 dicis,
1677 801 1740 837 quia
1757 802 1810 829 im-

1019 847 1148 882 possibile
1161 851 1203 874 est
1216 846 1325 874 mentiri
1338 853 1400 874 eum
1422 847 1468 881 qui
1488 847 1660 882 repromisit;
1676 848 1811 883 quidquid

1018 892 1083 920 illud
1096 892 1187 925 fuerit,
1198 892 1344 927 promissio
1356 893 1544 928 permanebit?
1558 894 1657 922 Verum
1670 902 1732 929 ego,
1744 895 1810 928 quia

1018 939 1146 967 minimus
1171 946 1241 972 sum,
1273 939 1339 966 tanti
1365 939 1529 974 patriarcha:
1547 940 1732 975 cogitationes
1751 949 1808 968 non

1017 984 1094 1013 valeo
1114 983 1292 1020 perscrutari,
1317 991 1370 1012 nec
1393 984 1464 1012 scire
1483 991 1608 1018 possum,
1621 992 1672 1012 vox
1686 985 1733 1012 Dei
1748 993 1810 1020 qua:

1015 1029 1048 1057 ad
1067 1029 1223 1057 tentandum
1239 1036 1300 1056 eum
1310 1034 1492 1064 processerat,
1507 1037 1576 1064 quas
1590 1031 1614 1057 ei
1627 1031 1810 1065 cogitationes

1015 1075 1141 1108 moverit,
1166 1075 1230 1110 quid
1247 1075 1330 1102 animi
1347 1075 1481 1109 attulerit,
1506 1082 1566 1102 cum
1579 1075 1722 1109 iuberetur
1747 1078 1809 1104 nni-

1015 1128 1075 1148 cum
1099 1119 1236 1155 jugulare.
1260 1118 1315 1147 Sed
1339 1119 1468 1154 quoniam
1487 1121 1596 1155 spiritus
1617 1121 1809 1154 prophetarum

1013 1166 1145 1200 prophetis
1160 1165 1293 1200 subjectus
1313 1170 1350 1192 est
1369 1165 1401 1198 “,
1417 1165 1518 1194 Paulus
1540 1167 1678 1202 apostolus
1693 1167 1739 1202 qui
1759 1175 1810 1202 per

1014 1211 1152 1246 spiritum,
1168 1209 1260 1243 credo,
1274 1209 1409 1238 didicerat
1423 1211 1488 1245 quid
1506 1211 1602 1244 animi,
1615 1211 1680 1246 quid
1698 1213 1809 1240 consilii

1014 1255 1152 1283 Abraham
1165 1255 1291 1289 gesserit,
1308 1255 1441 1283 indicavit
1467 1255 1561 1283 dicens
1572 1256 1594 1272 “
1609 1265 1616 1283 :
1635 1256 1703 1284 Fide
1717 1258 1809 1285 Abra-

1014 1303 1075 1330 ham
1088 1311 1139 1329 non
1154 1302 1294 1335 luesitauit,
1310 1311 1369 1329 cum
1389 1303 1495 1331 unicum
1513 1303 1630 1338 offerret,
1646 1304 1673 1331 in
1687 1313 1739 1339 quo
1759 1313 1810 1332 ac-

1014 1353 1117 1384 ceperat
1142 1349 1371 1382 repromissiones,
1398 1350 1517 1385 cogitans
1541 1350 1605 1384 quia
1625 1355 1649 1377 et
1663 1359 1678 1377 α
1693 1351 1810 1378 mortuis

1014 1403 1073 1423 eum
1090 1395 1218 1422 suscitare
1230 1399 1320 1429 potens
1345 1400 1383 1422 est
1400 1394 1482 1423 Deus.
1507 1395 1631 1423 Prodidit
1643 1403 1709 1430 ergo
1728 1397 1812 1425 nobis

1015 1441 1194 1476 cogitationes
1210 1440 1260 1468 \‘iri
1277 1440 1364 1469 ﬁdelis
1388 1441 1544 1475 Apostolus.
1567 1442 1638 1476 quod
1667 1443 1734 1470 ﬁdes
1763 1450 1811 1470 re.

195 1485 234 1513 De
249 1493 278 1513 eo
292 1485 362 1520 quod
377 1485 469 1513 obtulit
494 1486 629 1514 Abraham
649 1486 735 1522 ﬁlium
757 1495 834 1515 suum
855 1486 944 1516 Isaac.
977 1503 999 1533 ο
1016 1486 1196 1514 surrectionis
1214 1486 1270 1521 jam
1294 1491 1350 1514 tum
1379 1486 1474 1514 haberi
1504 1488 1620 1522 coeperit
1654 1487 1680 1515 in
1713 1488 1807 1516 Isaac.

210 1531 237 1559 ἱ.
247 1532 379 1560 Adhibete
387 1532 439 1559 huc
447 1540 538 1567 aures,
546 1534 591 1568 qui
604 1533 759 1561 accessistis
768 1533 801 1561 ad
810 1533 962 1568 Dominum,

174 1578 220 1612 qui
237 1578 330 1605 ﬁdeles
343 1585 404 1606 esse
419 1585 466 1606 vos
482 1579 602 1612 creditis,
617 1584 645 1607 ct
660 1580 833 1608 considerate
848 1581 963 1616 diligen-

176 1626 229 1652 tius
253 1625 481 1659 quemadmodum
508 1625 627 1653 ﬁdelium
645 1625 711 1653 ﬁdes
726 1626 858 1661 probatur
872 1633 904 1654 ex
920 1626 962 1654 his

175 1679 235 1704 quae
255 1670 367 1698 recitata
390 1675 453 1698 sunt
469 1671 557 1699 nobis.
587 1671 620 1698 Et
636 1672 735 1708 factum
753 1676 803 1705 est,
825 1672 911 1707 inquit
928 1673 961 1705 ³⁸,

173 1721 230 1750 post
247 1717 301 1744 lucc
316 1717 405 1750 verba,
425 1718 534 1745 tentavit
549 1717 619 1745 Deus
631 1718 776 1753 Abraham,
791 1723 814 1745 et
830 1718 897 1746 dixit
915 1719 939 1746 ei
952 1727 961 1746 :

174 1762 319 1797 Abraham,
332 1762 475 1790 Abraham.
492 1763 526 1790 Et
539 1763 584 1793 illa
601 1764 684 1791 dixit:
695 1763 762 1791 Ecce
770 1772 828 1799 ego.
841 1764 961 1792 Observa

173 1807 278 1843 singula
294 1816 354 1843 quae
369 1809 472 1843 scripta
489 1814 562 1836 sunt.
595 1809 623 1837 in
647 1810 762 1845 singulis
775 1810 847 1838 enim
863 1811 886 1839 si
900 1812 961 1846 quis

173 1855 224 1882 scit
235 1855 262 1882 in
274 1855 357 1882 altum
370 1855 474 1888 l‘odcre,
488 1855 609 1884 inveniet
623 1856 961 1890 thesaurum;etl‘ortassis

173 1903 255 1930 etiam
283 1902 327 1931 ubi
352 1910 404 1930 non
435 1902 619 1935 existimatur,
653 1902 739 1930 latent
768 1904 960 1946 mysteriorum

172 1953 292 1988 pretiosa
307 1953 428 1982 monilia.
443 1953 543 1980 Abram
557 1954 706 1981 vocabatur
727 1954 769 1981 vir
791 1954 845 1982 iste
868 1954 958 1988 prius,

172 2005 201 2029 et
225 2007 360 2035 nusquam
385 1999 501 2034 legimus
524 2000 597 2034 quod
619 1999 670 2027 hoc
689 1999 798 2027 homine
820 2000 961 2027 vocaverit

173 2054 233 2074 eum
259 2045 340 2078 Deus,
367 2050 416 2072 aut
439 2045 539 2072 dixerit
564 2045 600 2078 ei,
628 2046 741 2079 Abram,
765 2046 876 2073 Abram.
902 2046 960 2074 Non

173 2093 245 2120 enim
264 2099 279 2119 a
296 2092 350 2119 Deo
369 2091 461 2118 vocari
491 2095 599 2126 poterat
618 2092 727 2120 nomine
745 2092 861 2120 deleudo
873 2112 880 2126 ,
912 2093 959 2120 sed

174 2143 254 2166 vocat
273 2146 335 2166 eum
352 2137 404 2165 hoc
419 2137 530 2165 nomine
551 2137 624 2172 quod
644 2138 703 2171 ipse
717 2138 845 2171 donavit,
864 2143 890 2166 et
906 2147 958 2166 non

1015 1533 1153 1561 Abraham
1177 1540 1242 1568 ergo
1266 1538 1486 1561 resurrecturum
1510 1535 1638 1569 sperabat
1663 1534 1750 1567 Isaac,
1780 1540 1812 1564 et

1015 1579 1142 1607 credebat
1161 1578 1220 1615 (47)
1243 1578 1383 1612 futurum,
1405 1580 1477 1615 quod
1499 1580 1588 1608 adhuc
1606 1588 1659 1607 non
1679 1585 1741 1608 erat
1761 1580 1810 1608 fa-

1014 1628 1099 1653 ctum.
1115 1624 1257 1658 Quomodo
1266 1632 1332 1660 ergo
1345 1624 1391 1652 ﬁlii
1401 1629 1465 1653 sunt
1479 1625 1631 1658 Abraham,
1642 1627 1687 1660 qui
1699 1625 1809 1654 factum

1014 1678 1067 1698 non
1085 1671 1202 1698 credunt
1218 1670 1245 1698 in
1257 1670 1381 1703 Christo,
1397 1673 1468 1706 quod
1484 1671 1527 1699 ille
1543 1671 1664 1700 futurum
1686 1673 1810 1702 credidit

1014 1717 1040 1744 in
1064 1717 1158 1744 Isaac?
1178 1716 1244 1749 lmo,
1272 1720 1301 1744 ut
1324 1717 1444 1751 apertius
1461 1717 1571 1752 loquar,
1589 1718 1692 1746 sciebat
1716 1719 1745 1747 in
1770 1728 1806 1747 se

1013 1762 1151 1790 Abraham
1175 1761 1273 1790 futura:
1295 1762 1420 1790 veritatis
1441 1762 1586 1797 imaginem
1614 1763 1809 1798 praeformari,

1013 1808 1118 1846 sciebat
1133 1808 1166 1836 de
1183 1808 1286 1835 semine
1302 1815 1352 1835 suo
1367 1809 1537 1836 nasciturum
1551 1809 1702 1841 Christum,
1717 1809 1764 1844 qui
1778 1815 1810 1837 cs

1012 1854 1167 1882 oﬁferendus
1185 1860 1258 1882 esset
1276 1855 1358 1883 totius
1376 1855 1469 1883 mundi
1490 1855 1584 1883 verior
1599 1856 1702 1889 hostia,
1716 1860 1744 1884 et
1758 1863 1808 1883 re-

1012 1905 1188 1928 surrecturus
1206 1908 1220 1928 a
1236 1900 1363 1929 mortuis.

1046 1957 1074 1984 2.
1084 1957 1136 1984 Sed
1151 1964 1223 1984 nunc
1236 1956 1344 1984 interim
1360 1957 1486 1989 tentabat,
1498 1956 1624 1992 inquit“,
1641 1944 1710 1984 Deus
1722 1957 1810 1984 Abra-

1012 2000 1074 2031 ham
1093 2009 1116 2031 et
1131 2003 1194 2030 dicit
1207 2004 1239 2030 ad
1254 2011 1312 2030 eum
1327 2012 1337 2032 :
1357 2003 1452 2037 Accipe
1466 2003 1552 2038 ﬁlium
1577 2008 1652 2030 tuum
1678 2003 1810 2030 charissi-

1012 2057 1083 2076 mum
1106 2057 1182 2085 quem
1207 2049 1306 2084 diligis.
1336 2048 1394 2076 Non
1425 2049 1498 2075 enim
1528 2048 1674 2076 suﬁ‘ecerat
1702 2049 1808 2076 dixisse

1012 2095 1106 2129 ﬁliuni,
1126 2095 1172 2123 sed
1190 2095 1316 2129 adjicitur
1334 2099 1361 2121 et
1385 2094 1579 2121 charissimam.
1599 2094 1663 2121 Esto
1683 2099 1710 2122 et
1727 2095 1781 2121 hoc
1797 2103 1806 2122 :

1013 2142 1077 2177 quid
1092 2141 1181 2169 adhuc
1196 2140 1305 2168 additur
1316 2145 1342 2168 et
1360 2149 1437 2175 quem
1464 2140 1575 2175 diligis?
1594 2139 1646 2167 Sed
1664 2140 1726 2167 vide
1741 2144 1802 2167 ten-

173 2187 263 2215 solum
283 2191 363 2215 vocat
379 2194 440 2214 eum
459 2186 510 2214 hoc
525 2186 635 2214 nomine
647 2208 653 2217 ,
681 2187 729 2213 sed
753 2191 781 2213 et
799 2187 958 2221 ingeminat.
977 2177 1001 2206 θ
1015 2188 1126 2216 talionis
1146 2187 1262 2222 pondus.
1275 2186 1372 2214 Charis
1393 2192 1419 2213 et
1435 2186 1562 2214 dulcibus
1573 2185 1808 2221 appellationibus

173 2233 296 2268 Curaque
327 2232 372 2260 ille
402 2232 615 2265 respondisset:
639 2231 708 2258 Ecce
735 2240 792 2267 ego,
825 2233 892 2260 dicit
924 2232 959 2259 ad

173 2287 234 2307 eum
246 2279 268 2295 ³⁹
278 2288 285 2307 :
297 2279 391 2314 Accipe
403 2278 490 2313 ﬁlium
502 2284 575 2305 tuum
589 2278 773 2305 charissimam
782 2286 857 2313 quem
868 2278 958 2313 diligis

171 2324 262 2358 Isaac,
277 2331 300 2351 et
316 2325 410 2359 offeres
425 2323 489 2350 mihi
502 2331 572 2350 eunt.
597 2322 685 2357 Vade,
702 2323 802 2358 inquit,
818 2324 845 2350 in
862 2327 958 2350 (errant

171 2372 314 2405 excelsam,
334 2376 360 2399 et
378 2371 413 2398 ibi
440 2370 533 2405 σπεῖρε
558 2378 617 2397 eum
645 2370 830 2397 holocaustum
848 2370 877 2397 in
905 2378 959 2397 uno

172 2427 205 2446 ex
229 2419 371 2451 montibus,
394 2425 470 2452 quem
492 2417 629 2444 ostendero
647 2416 704 2443 tibi.
725 2415 828 2443 Nomcn
850 2416 959 2450 quidem

173 2473 221 2492 cur
239 2464 264 2492 ei
285 2464 426 2492 donaverit
443 2464 525 2497 Deus,
539 2468 566 2491 et
579 2463 719 2490 vocaverit
733 2470 795 2490 eum
808 2462 959 2495 Abraham,

173 2510 232 2544 ipse
244 2509 438 2544 interpretatus
453 2513 505 2542 est,
521 2509 584 2544 quia
600 2513 718 2542 patrem,
734 2508 823 2542 inquit
835 2507 870 2539 ⁸ο,
891 2507 961 2533 mul-

174 2558 261 2581 tarum
275 2555 391 2590 gentium
402 2555 480 2589 posui
491 2559 526 2581 te.
541 2553 618 2581 Hanc
630 2553 869 2588 repromissionem
887 2552 962 2580 dedit

1014 2235 1112 2261 iterum
1130 2241 1162 2260 ac
1177 2240 1248 2267 εωμο
1271 2232 1408 2266 repetitis,
1426 2232 1532 2266 paterni
1553 2232 1720 2259 suscitantur
1738 2231 1808 2258 alre-

1013 2285 1083 2313 ctus,
1099 2284 1128 2307 ut
1140 2278 1241 2306 amoris
1252 2278 1398 2313 evigilante
1414 2279 1543 2305 memoria
1556 2277 1590 2305 ad
1607 2277 1807 2305 immolandum

1013 2325 1098 2353 ﬁliuni
1120 2329 1231 2360 paterna
1250 2323 1363 2351 dextera
1384 2323 1572 2351 retardaretur
1585 2343 1593 2357 ,
1617 2329 1645 2350 et
1670 2323 1806 2350 adversus

1013 2371 1092 2398 ﬁdem
1108 2370 1191 2397 animi
1209 2374 1264 2397 tota
1279 2369 1372 2397 carnis
1385 2368 1479 2396 militia
1504 2373 1678 2404 repugnaret,
1692 2368 1806 2395 additur

1013 2415 1171 2444 tentationis
1200 2420 1324 2450 tempore
1344 2423 1351 2441 :
1369 2414 1475 2447 Accipe,
1505 2414 1603 2450 inquit,
1629 2421 1694 2449 ergo
1715 2413 1806 2448 ﬁlium

1012 2467 1086 2489 tuum
1106 2460 1300 2493 charissimam,
1313 2466 1388 2494 quem
1405 2459 1597 2494 diligis,lsaac.
1616 2458 1693 2490 Esto,
1709 2457 1806 2485 Domi-

1012 2514 1055 2541 ne,
1068 2507 1132 2542 quia
1145 2512 1344 2533 commemoras
1358 2505 1391 2532 de
1405 2504 1460 2531 ﬁlio
1474 2510 1589 2538 patrem,
1605 2504 1684 2531 addis
1698 2509 1727 2531 et
1737 2504 1807 2531 clla-

1012 2554 1157 2583 rissimum,
1172 2559 1253 2589 quem
1274 2551 1401 2586 praecipis
1412 2551 1542 2586 iugulari.
1555 2549 1679 2578 Sulliciat
1699 2550 1751 2577 hoc
1768 2551 1805 2578 ad

171 2599 226 2636 81
243 2600 266 2627 ei
282 2600 361 2635 Deus,
379 2608 443 2628 cum
462 2600 574 2628 haberet
595 2599 678 2627 ﬁlium
694 2599 803 2632 lsmael,
819 2599 867 2628 scd
882 2599 963 2635 polli-
1012 2600 1177 2635 supplicium
1193 2598 1291 2634 patris.
1317 2597 1405 2627 Addis
1419 2606 1540 2630 rursum,
1558 2602 1586 2625 et
1604 2606 1682 2634 quem
1697 2598 1805 2633 diligis.

209 2660 231 2676 “
250 2659 344 2687 Matth.
363 2668 411 2693 xx,
430 2660 475 2688 '50.
526 2659 548 2674 ³⁷
568 2658 641 2687 Psal.
660 2665 755 2690 cxxxi.
775 2658 845 2692 4,5.

173 2702 231 2728 xtv,
244 2694 290 2722 32.
339 2694 363 2710 δ’
381 2695 464 2722 Hebr.
482 2702 522 2728 χι,
537 2694 580 2721 Π.
628 2693 652 2710 ⁸⁸
665 2693 763 2722 Genes.
777 2701 846 2727 xxn,
865 2694 892 2727 l,
908 2693 937 2721 2.

209 2765 286 2802 (65)
316 2765 367 2792 Per
396 2765 570 2802 Euangelium
591 2765 652 2793 Dei.
675 2765 744 2793 Tres
776 2772 844 2793 mss.
869 2765 958 2794 Turo—

174 2800 283 2833 nenses,
295 2809 340 2834 per
357 2800 478 2835 angelum
495 2800 553 2827 Dei.

211 2837 267 2872 (45)
288 2836 325 2864 ita
342 2834 406 2863 mss.
423 2834 496 2863 Alias
510 2842 592 2867 vero,
605 2834 651 2862 illa
665 2835 818 2870 promissio.

884 2658 906 2674 ⁸⁸
924 2658 1024 2687 Genes.
1045 2666 1113 2693 χχιι,
1130 2658 1156 2685 l.

1195 2657 1217 2674 ³⁹
1227 2657 1293 2685 ibid.
1310 2657 1338 2684 2.
1376 2656 1398 2672 ιθ
1408 2655 1506 2685 Cenes.
1517 2663 1584 2688 xvn,
1596 2656 1622 2683 5.
1673 2656 1696 2673 δι
1709 2655 1720 2684 l
1735 2655 1805 2686 Cor.

1049 2763 1105 2799 (47)
1126 2763 1208 2795 Alias.
1233 2763 1354 2791 credidit.
1374 2763 1406 2791 Et
1426 2761 1507 2799 paulo
1536 2762 1637 2799 inlrat
1650 2762 1748 2790 sciebat
1777 2772 1806 2790 se

1013 2797 1147 2827 Abraham
1164 2799 1262 2833 futura:
1276 2799 1393 2827 veritatis
1409 2798 1549 2833 imaginem
1565 2797 1748 2832 prteformari.
