1902 3065
141 72 192 102 9.05

740 74 772 102 IN
790 73 938 102 GENESIM
957 72 1100 101 HOMILIA
1118 73 1184 101 \‘lll.

1713 69 1765 96 206

143 132 200 160 Sint
216 137 243 160 et
260 132 286 160 in
300 133 351 161 hoc
362 133 471 168 parenti
483 133 614 168 triplicata
626 133 846 168 supplicia.Quid
858 142 925 169 opus
940 136 962 165 Α
976 133 1019 161 die
1039 132 1118 161 offert
1134 132 1298 160 sacriﬁcium
1325 132 1386 163 lico,
1401 136 1429 159 et
1444 132 1470 159 in
1484 131 1527 159 die
1546 132 1623 159 tertia
1639 131 1759 166 puriﬁca-

141 183 183 205 est
198 177 286 205 adhuc
299 183 328 205 ut
344 186 541 206 commemores
553 185 580 207 et
591 179 666 207 (sane
674 179 814 215 7Nunquid
824 181 927 208 nescie-

142 223 187 250 bat
204 223 342 250 Abraham
359 224 424 258 quia
441 225 511 252 ﬁlius
525 232 590 252 suus
610 224 655 252 ille
670 225 863 258 eharissimns,
883 225 927 252 ille

142 273 221 302 quem
237 268 375 302 diligebat,
396 269 473 296 lsaac
481 269 708 298 vocaretur?.Sed
723 277 772 298 cur
786 271 838 298 hoc
852 271 928 298 addi-

144 318 185 340 tur
202 313 229 340 in
258 314 400 348 tempore?
421 314 454 342 Ut
480 315 669 342 recordaretur
698 316 836 344 Abraham
863 316 927 351 quia

143 356 252 387 dixeras
261 360 293 386 ad
302 367 362 387 eum
373 360 480 395 quodin
496 359 575 387 Isaac
584 361 720 388 vocabitur
735 362 784 388 tibi
797 370 885 389 semen
894 362 927 394 ",

142 404 253 440 etquod
268 405 293 432 in
311 405 386 432 lsaac
399 411 480 432 erttnt
499 406 546 433 tibi
573 406 810 440 repromissiones.
835 407 878 434 Fit
900 413 928 435 et

142 451 366 478 commemoratio
388 452 519 483 nominis,
539 457 568 480 nt
590 457 617 479 et
639 453 851 487 promissionum
868 460 928 490 qua:

143 495 192 522 sub
208 495 260 522 hoc
279 497 387 524 nomine
403 496 481 525 facta:
496 503 570 531 sunt,
589 499 743 534 desperatio
756 501 863 528 subeat.
872 500 927 528 Sed

144 540 200 566 haec
211 541 313 572 omnia.
328 541 389 575 quia
409 543 528 570 tentsbat
545 541 614 571 Deus
627 543 776 571 Abraham.

176 585 203 612 3.
221 586 291 619 Quid
307 592 367 622 post
379 587 454 616 haec?
474 587 559 628 Vade,
571 589 660 624 inquit
672 589 705 622 ⁸⁸,
719 590 747 616 in
762 595 859 617 terram
882 599 928 618 ea:-

143 633 239 659 celsam
252 633 279 660 in
291 642 372 660 unum
385 643 418 662 ει
432 635 575 669 montibus,
588 645 664 672 quem
680 637 728 663 tibi
742 637 887 669 ostendero,
903 642 928 664 et

143 679 179 705 ibi
193 687 251 705 eum
267 679 361 713 σπεῖρε
381 680 574 710 holocaustum.
598 682 742 710 intuemini
759 690 807 717 per
821 683 927 719 singula

144 726 278 759 quomodo
291 726 358 754 ﬁunt
370 729 529 756 tentatiottis
538 734 696 765 augmenta.
710 729 782 756 Vade
790 730 816 756 in
831 735 927 757 terram

143 770 284 798 excelsam.
299 770 423 807 Nunquid
435 780 485 800 non
495 778 618 808 potuerat
631 774 692 802 duci
703 775 779 809 prius
793 775 927 802 Abraham

143 823 204 842 cum
223 824 308 851 puero
332 818 364 845 ad
389 818 461 846 illam
485 823 585 847 terram
612 820 758 853 excelsam,
776 825 804 848 et
826 821 927 856 imponi

143 861 220 896 prius
244 861 271 889 itt
285 868 404 890 montem
423 871 612 903 quemcunque
632 865 771 899 delegerat
788 865 928 899 Dominus,

144 911 170 934 ct
186 907 220 934 ibi
239 908 273 935 ad
289 916 349 936 eum
367 909 420 937 dici
440 914 469 937 ιιι
488 910 600 938 oil'errct
617 910 720 938 ﬁlium?
739 910 791 938 Sed
816 912 892 946 prius
903 911 929 940 ei

143 952 243 981 dicitur
258 954 322 989 quia
337 955 437 984 oﬁerre
449 956 545 984 debeat
561 956 643 983 ﬁlium
661 964 750 989 suum,
765 963 794 985 et
811 957 929 991 tuncju-

143 997 222 1026 betur
238 999 278 1026 ire
294 1000 320 1027 in
335 1005 435 1028 terram
447 1002 597 1034 excelsam,
609 1006 637 1029 et
652 1002 800 1030 ascendere
812 1003 838 1030 in
852 1011 931 1030 mon~

145 1049 207 1073 tem.
223 1045 283 1078 Quo
297 1047 349 1074 hoc
371 1048 493 1083 spectat?
509 1047 544 1076 Ut
567 1048 630 1075 dum
653 1048 785 1082 ambulat,
803 1048 865 1076 dum
879 1049 931 1076 iter

143 1091 209 1125 agit.
225 1097 274 1126 per
292 1097 375 1120 totam
388 1094 460 1120 viam
478 1093 689 1129 cogitationibus
703 1093 884 1128 discerpatur,
902 1099 932 1122 ut

145 1137 209 1164 hinc
229 1143 390 1174 perurgente
408 1145 552 1175 praecepto,
577 1140 642 1168 hinc
667 1147 732 1167 vero
747 1140 819 1167 unici
832 1139 930 1168 atIectu

143 1182 300 1211 obluctaute
311 1185 459 1212 crucietur.
467 1184 613 1219 Propterea
621 1192 688 1220 ergo
697 1185 777 1212 etiam
787 1185 829 1212 via
839 1185 931 1220 injun-

143 1227 226 1262 gitnr,
240 1228 322 1256 etiam
335 1230 435 1258 montis
444 1231 576 1264 ascensio,
587 1235 616 1258 nt
631 1231 658 1258 in
671 1231 713 1259 his
727 1231 855 1259 ontttibus
871 1238 931 1265 spa-

145 1273 211 1300 tium
222 1275 380 1302 certaminis
387 1275 624 1310 accipiataﬁ'ectus
638 1281 665 1304 et
674 1276 751 1310 ﬁdes,
760 1284 837 1304 antor
847 1276 893 1304 Dei
905 1282 933 1305 et

143 1325 220 1345 amor
227 1320 330 1353 carnis,
341 1322 514 1356 prasentium
524 1323 611 1358 gratia
619 1327 646 1350 et
653 1323 819 1358 exspectatio
827 1322 932 1350 futuro-

144 1372 214 1392 rum.
226 1364 343 1394 Mittitur
354 1375 420 1403 ergo
436 1369 462 1394 in
473 1373 571 1396 terram
582 1369 827 1402 excelsam,etnon
835 1368 933 1396 suilitit

143 1412 308 1444 patriarcha)
332 1417 435 1441 tantum
451 1421 519 1450 opus
543 1415 657 1442 Domino
682 1420 829 1449 peractum
857 1419 931 1442 terra

144 1456 263 1505 excelsa,
281 1458 328 1485 sed
345 1463 372 1485 et
385 1465 503 1486 montem
520 1460 629 1494 iubetur
645 1461 811 1494 ascendere,
825 1461 930 1489 scilicet
943 1475 965 1505 ο

145 1505 173 1527 ιιι
185 1500 238 1528 ﬁde
248 1502 336 1531 elatus
350 1508 458 1532 terrena
472 1505 643 1541 derelinquat
654 1511 682 1534 et
695 1505 728 1533 ad
741 1513 858 1541 superna
869 1513 932 1534 con-

143 1548 265 1575 sccndat.

178 1593 206 1622 4.
228 1593 353 1622 Surrexit
363 1605 423 1631 ergo
436 1597 568 1625 Abraham
583 1606 670 1631 mane,
682 1604 708 1625 et
724 1600 815 1626 stravit
830 1599 933 1626 asinam

143 1647 231 1671 suam,
250 1645 275 1666 et
292 1641 405 1668 concidit
422 1641 493 1677 ligna
505 1643 540 1669 ad
556 1643 752 1671 holocaustum.
775 1644 810 1671 Et
834 1645 932 1680 accepit

143 1684 316 1719 [iliumsuum
330 1686 421 1721 Isaac,
438 1692 463 1716 et
478 1689 544 1715 duos
556 1684 663 1724 pueros,
680 1695 703 1716 et
716 1691 831 1725 peruenit
844 1692 878 1717 ad
894 1691 935 1718 lo-

144 1739 215 1764 cum,
237 1740 315 1766 quem
336 1733 438 1761 dixerat
461 1735 484 1760 ei
510 1731 578 1762 Deus
600 1735 642 1762 die
662 1736 738 1762 tertia
755 1736 788 1763 ‘°.
811 1736 934 1764 Surrexit

142 1776 281 1805 Abraham
298 1786 387 1807 tuane.
406 1779 482 1813 Quod
497 1781 601 1809 addidit
614 1790 702 1814 mane,
719 1782 862 1810 ostendere
875 1782 932 1810 for-

144 1827 217 1851 tasse
233 1823 331 1857 voluit,
345 1826 406 1859 quia
424 1826 529 1854 initium
546 1826 614 1855 lucis
630 1827 785 1863 splenderet
806 1828 832 1854 in
850 1827 934 1855 corde

144 1869 214 1904 ejus.
242 1871 348 1898 Stravit
385 1873 489 1900 asinam
515 1880 612 1907 snam,
649 1873 719 1909 ligna
752 1873 932 1909 pra‘paravit,

142 1917 295 1952 assumpsit
306 1917 399 1945 ﬁlium.
418 1918 475 1945 Non
490 1919 632 1952 deliberat,
648 1927 701 1946 non
717 1919 860 1951 detractat,
878 1926 932 1946 non

141 1964 330 1991 communicat
345 1971 404 1991 cmn
420 1964 475 1992 ullo
487 1964 597 1992 homine
613 1965 770 1998 consilium,
782 1967 829 1993 sed
841 1965 932 1992 statim

142 2013 262 2044 occupat
288 2009 351 2036 iter.
369 2008 402 2036 Et
425 2010 551 2044 pervenit,
568 2010 666 2045 inquit,
691 2011 725 2037 ad
745 2011 842 2043 locum,
857 2018 933 2045 quem

141 2056 248 2083 dixerat
260 2057 285 2083 ei
298 2056 427 2083 Dominus
441 2057 484 2084 die
495 2057 584 2083 tertia.
600 2057 702 2085 Omitto
719 2065 792 2085 nunc
807 2056 870 2092 quid
886 2063 932 2084 sa-

141 2102 278 2130 cramenti
302 2102 440 2130 contineat
454 2103 514 2130 dies
529 2103 620 2136 tertia,
639 2103 802 2138 sapientiam
825 2107 852 2129 et
867 2110 932 2130 eon-

980 184 1032 206 tur.
1049 179 1081 206 Et
1096 179 1264 206 restim-etin
1279 178 1386 205 Domini
1403 178 1482 205 tertia
1497 182 1538 205 est
1552 178 1613 207 die:
1637 182 1664 205 et
1680 178 1763 205 multa

978 224 1031 250 alia
1049 224 1120 250 intra
1135 224 1204 250 hanc
1215 223 1287 250 diem
1306 223 1434 258 mysteria
1451 223 1657 250 concluduntur.

1013 270 1039 297 5.
1054 270 1214 303 Respiciens,
1234 269 1322 303 inquit
1331 269 1365 302 ⁸⁷,
1385 269 1519 296 Abraham
1542 269 1605 296 uidit
1632 268 1718 296 locum
1734 269 1766 295 de

979 316 1065 350 longe,
1080 320 1103 342 et
1113 316 1181 342 dixit
1195 316 1230 342 ad
1244 323 1338 348 pueros
1352 323 1414 342 suos
1426 322 1435 342 :
1449 314 1541 342 Sedete
1551 315 1592 341 hic
1604 323 1662 342 cum
1677 315 1763 345 asina.

979 371 1024 397 ego
1045 368 1132 389 autent
1148 366 1170 388 et
1181 370 1245 395 puer
1256 362 1351 388 ibimus
1371 369 1451 396 usque
1465 362 1539 395 illuc,
1557 367 1581 388 ct
1599 369 1656 388 cum
1668 362 1764 387 adora-

978 409 1100 439 rerimus.
1119 413 1277 435 revertentur
1298 409 1332 434 atl
1353 416 1409 434 vos.
1436 408 1541 435 Pueros
1566 408 1688 436 dimittit.
1706 407 1763 435 Non

978 453 1050 481 cnim
1076 457 1201 487 poterant
1224 452 1373 480 ascendere
1387 453 1464 486 pueri
1491 460 1553 479 cum
1577 453 1715 479 Abraham
1731 452 1764 479 ad

979 498 1132 526 holocausti
1152 497 1241 525 locum
1256 504 1336 532 quem
1350 498 1507 524 ostenderat
1522 498 1603 525 Detts.
1621 497 1673 524 Vos
1686 505 1766 530 ergo,

979 545 1078 580 inquit.
1094 545 1198 577 sedete;
1211 552 1257 579 ego
1270 548 1357 570 autem
1369 548 1392 571 et
1410 544 1499 578 infans
1519 543 1627 576 ibimus,
1653 548 1677 571 et
1703 552 1764 570 cum

979 590 1186 622 adoraverimus,
1195 595 1353 617 revertemur
1361 590 1395 616 ad
1402 598 1459 616 vos.
1473 590 1520 616 Dic
1529 590 1605 622 inihi,
1615 590 1765 621 Abraham.

979 645 1073 665 verum
1089 637 1157 664 dicis
1172 636 1204 663 ad
1219 643 1329 670 pueros,
1343 636 1413 670 quod
1428 635 1536 667 adores,
1553 640 1581 663 et
1595 636 1688 662 redeas
1704 643 1765 662 cum

980 682 1094 715 infante,
1111 689 1144 709 an
1162 681 1255 709 fallis?
1272 681 1301 708 Si
1316 688 1411 708 verum
1429 681 1508 713 dicis,
1531 688 1596 715 ergo
1613 688 1665 708 non
1684 681 1767 708 iacies

979 736 1040 757 eum
1050 728 1250 756 holoeaustum.
1263 726 1291 754 Si
1305 726 1386 759 fallis,
1399 731 1502 754 tantum
1516 727 1700 762 patriarchaut
1713 735 1765 754 non

981 773 1057 800 decet
1072 772 1177 801 fallere.
1193 772 1263 806 Quid
1280 771 1352 799 enim
1367 772 1451 799 animi
1472 772 1498 799 itt
1515 778 1540 800 te
1561 773 1664 800 indicat
1677 780 1767 799 sermo

944 807 965 834 Β
981 820 1046 847 hic?
1069 818 1182 852 Verum,
1207 819 1306 854 inquit.
1329 819 1401 851 dico,
1423 824 1451 846 et
1475 818 1659 846 holocaustum
1683 817 1766 845 offero

980 873 1105 900 puerum.
1132 865 1234 893 idcirco
1249 865 1320 892 enim
1338 865 1409 899 ligna
1433 871 1537 891 mecum
1561 869 1649 898 porto,
1666 869 1691 891 ct
1705 871 1765 891 eum

981 912 1038 946 ipso
1055 911 1135 938 redeo
1152 911 1185 938 ad
1205 918 1264 938 vos.
1287 910 1375 938 Credo
1401 909 1473 937 enim
1494 915 1520 937 et
1541 910 1608 936 ﬁdes
1626 917 1685 937 mea
1710 909 1767 936 hzec

980 962 1032 990 est,
1055 957 1125 992 quod
1152 963 1175 984 et
1199 965 1216 984 a
1237 957 1348 984 mortuis
1373 957 1503 984 suscitare
1528 963 1585 983 eum
1610 961 1702 990 potens
1729 961 1767 982 est

980 1002 1051 1030 Deus
1065 1003 1099 1030 ⁸⁸.

1017 1049 1043 1076 ϐ.
1064 1048 1127 1076 Post
1140 1048 1195 1076 Itth
1218 1049 1328 1083 accepit,
1342 1048 1430 1083 inquit
1446 1047 1480 1080 δ’,
1495 1046 1629 1074 Abraham
1647 1047 1718 1083 ligna
1732 1048 1766 1074 ad

982 1095 1177 1127 holocaustum,
1193 1099 1219 1123 ct
1243 1095 1413 1129 superposuit
1432 1102 1463 1121 ea
1485 1093 1563 1121 Isaac
1585 1095 1640 1128 ﬁlio
1659 1103 1720 1125 suo,
1743 1099 1767 1120 ει

982 1141 1082 1175 accepit
1096 1141 1221 1176 ignamin
1234 1140 1356 1168 manibus
1367 1140 1433 1172 suis,
1453 1145 1476 1166 et
1496 1140 1626 1174 gladium.
1649 1145 1671 1166 et
1695 1140 1768 1166 abie-

982 1192 1042 1214 runt
1058 1186 1149 1213 simul.
1174 1186 1252 1219 Quod
1276 1186 1333 1221 ipse
1360 1185 1411 1212 sibi
1437 1185 1509 1219 ligna
1525 1185 1558 1211 ad
1578 1185 1766 1212 holocaustum

982 1236 1074 1267 portat
1088 1231 1173 1264 Isaac,
1194 1231 1238 1258 illa
1261 1232 1345 1267 ﬁgura
1361 1235 1412 1262 est,
1433 1229 1504 1264 quod
1520 1234 1547 1257 et
1561 1230 1685 1257 Christus
1711 1230 1768 1264 ipse

982 1278 1033 1306 sibi
1057 1277 1188 1313 bajulavit
1211 1284 1332 1308 crucem,
1353 1280 1381 1304 et
1400 1281 1487 1303 tamen
1514 1280 1624 1310 portare
1648 1275 1718 1310 ligna
1733 1277 1766 1302 ad

982 1323 1171 1351 holocaustum
1187 1322 1340 1350 sacerdotis
1354 1321 1470 1349 ottlcinm
1491 1325 1541 1348 est.
1569 1321 1611 1348 Fit
1630 1328 1695 1354 ergo
1711 1322 1768 1355 ipse

983 1369 1082 1401 hostia.
1099 1373 1126 1396 et
1139 1368 1278 1396 sacerdos.
1295 1368 1347 1395 Sed
1359 1372 1386 1395 et
1401 1367 1472 1402 quod
1481 1367 1633 1400 additnr,ct
1649 1367 1768 1393 abierunt

982 1415 1059 1443 ambo
1073 1414 1162 1446 simul,
1183 1414 1216 1441 ad
1233 1414 1285 1441 hoc
1309 1413 1436 1445 refertur.
1452 1413 1520 1440 Cum
1540 1413 1611 1439 enim
1630 1412 1768 1439 Abraham

982 1459 1266 1488 velutsacriﬁenturus
1280 1459 1368 1493 ignem
1378 1463 1499 1493 portaret
1513 1463 1540 1485 et
1553 1458 1681 1490 cultrum,
1697 1457 1769 1484 Isaac

985 1513 1040 1534 non
1058 1505 1131 1533 vadit
1143 1509 1204 1540 post
1223 1505 1322 1539 ipsum,
1346 1505 1393 1532 seti
1411 1511 1471 1531 cum
1485 1504 1554 1539 ipso,
1571 1507 1599 1530 ut
1611 1504 1769 1530 ostendatur

983 1559 1045 1579 cum
1060 1551 1118 1586 ipso
1130 1550 1235 1585 pariter
1249 1550 1324 1584 fungi
1339 1549 1505 1577 sacerdotio.
1522 1548 1591 1581 Quid
1616 1551 1676 1582 post
1692 1546 1769 1574 time?

984 1596 1068 1629 Dixit,
1094 1596 1183 1630 inquit
1198 1595 1233 1628 ιθ,
1251 1594 1330 1622 Isaac
1354 1594 1388 1620 ad
1403 1593 1536 1620 Abraham
1554 1598 1655 1626 patrem
1670 1599 1768 1619 suum:

984 1641 1075 1669 Pater.
1088 1641 1121 1668 Et
1131 1641 1188 1669 haec
1203 1647 1252 1675 pro
1267 1645 1388 1674 tempore
1401 1646 1416 1665 a
1430 1639 1486 1666 ﬁlio
1495 1638 1598 1672 prolata
1612 1637 1769 1665 tentationis

984 1691 1026 1714 est
1041 1694 1101 1714 vox.
1113 1687 1254 1720 Quomodo
1270 1685 1341 1713 enim
1360 1690 1438 1720 putas
1450 1683 1630 1711 immolandas
1642 1683 1713 1710 lilins
1723 1690 1770 1717 per

984 1733 1055 1761 hanc
1066 1740 1158 1760 vocem
1173 1733 1278 1760 viscera
1294 1735 1407 1766 paterna
1421 1730 1558 1758 concussit
1570 1729 1581 1757 2
1597 1730 1630 1757 ΕΙ.
1644 1730 1769 1764 quamvis

984 1780 1121 1808 Abraham
1134 1779 1244 1814 rigidior
1256 1782 1328 1806 esset
1339 1785 1388 1812 pro
1401 1777 1462 1808 ﬁde.
1480 1776 1567 1804 reddit
1582 1781 1671 1802 tamen
1686 1775 1769 1803 etiam

985 1826 1042 1861 ipse
1053 1825 1207 1852 aﬂ'ectionis
1222 1830 1330 1856 vocem,
1346 1827 1374 1851 et
1390 1822 1530 1857 respondit
1543 1829 1548 1845 :
1564 1821 1634 1853 Quid
1647 1824 1696 1853 est,
1710 1821 1770 1854 ﬁli?

984 1872 1017 1899 At
1032 1871 1075 1898 ille
1090 1878 1099 1898 :
1114 1873 1193 1904 Ecce,
1220 1870 1311 1905 inquit
1322 1870 1358 1903 ",
1378 1869 1445 1904 ignis
1457 1874 1480 1896 et
1494 1869 1576 1903 ligna,
1592 1868 1636 1894 ubi
1653 1867 1707 1895 ovis
1732 1872 1770 1894 est

984 1918 1018 1945 ad
1036 1916 1240 1945 holocaustum?
1258 1915 1299 1944 Ad
1312 1916 1367 1943 hac
1379 1914 1512 1948 respondit
1525 1914 1658 1941 Abraham
1671 1921 1680 1940 :
1701 1912 1769 1939 Deus

983 1964 1127 2000 providebit
1143 1963 1194 1991 sibi
1208 1971 1279 1990 orem
1295 1962 1329 1989 ad
1343 1961 1537 1994 holocaustum,
1554 1960 1604 1995 ﬁli.
1623 1960 1712 1987 Movet
1728 1966 1770 1985 mc

984 2011 1102 2039 Abrahae
1128 2010 1197 2037 satis
1215 2009 1328 2044 diligens
1344 2013 1371 2036 et
1385 2011 1463 2035 cauta
1491 2006 1644 2041 responsio.
1671 2005 1770 2033 Nescio

984 2057 1048 2092 quid
1063 2056 1171 2083 videbat
1188 2055 1214 2082 in
1234 2054 1343 2089 spiritu,
1358 2053 1423 2088 quia
1435 2060 1488 2080 non
1505 2052 1538 2080 de
1559 2051 1696 2087 prmsenti,
1723 2051 1771 2078 sed

984 2102 1017 2130 de
1030 2102 1120 2129 futuro
1137 2100 1222 2128 dicit:
1239 2099 1308 2126 Deus
1322 2098 1463 2132 [:rovidebit
1477 2097 1532 2131 ipse
1553 2097 1603 2124 sibi
1619 2104 1710 2129 ovem;
1729 2095 1771 2122 fu-

141 2147 234 2174 silium
251 2148 383 2175 tentantis
398 2148 516 2175 intueor.
533 2147 579 2176 Sic
593 2148 620 2175 in
647 2148 773 2183 proximo
794 2156 847 2176 non
872 2153 933 2176 erat
948 2145 970 2173 Β
987 2154 1048 2176 tura
1068 2146 1207 2181 respondit
1223 2145 1278 2173 ﬁlio
1293 2145 1326 2173 de
1342 2144 1521 2179 praesentibus
1539 2143 1696 2178 requirenti.
1711 2142 1772 2177 Ipso

141 2201 221 2222 mons
228 2195 337 2229 aliquis,
345 2202 406 2223 cum
414 2200 499 2222 totum
507 2198 633 2230 ageretur
641 2195 667 2222 in
675 2194 821 2227 montibus.
830 2195 877 2223 sed
885 2203 934 2230 per

142 2240 262 2268 triduum
273 2241 326 2268 iter
331 2241 483 2275 protenditu
489 2249 511 2274 r,
519 2248 548 2269 ut
558 2248 605 2276 per
616 2245 703 2268 totum
712 2240 829 2268 triduum
843 2249 935 2269 recur-

141 2286 270 2314 santibus
293 2287 378 2318 curis,
395 2291 509 2322 paterna
523 2287 625 2315 viscera
637 2288 804 2319 crucientur,
818 2292 845 2314 et
860 2287 932 2314 otnui

142 2334 194 2360 hoc
210 2333 301 2368 spatio
315 2333 372 2368 (48)
388 2338 443 2360 tam
471 2333 577 2368 prolixo
595 2333 752 2361 intueretur
776 2333 860 2360 ﬁlium
876 2333 931 2368 82

141 2384 233 2413 pater,
247 2380 339 2408 cibum
355 2387 418 2407 cum
434 2387 468 2406 oo
494 2385 626 2412 sumeret.
654 2384 692 2407 tot
716 2379 842 2407 noctibus
864 2386 932 2413 puer

142 2425 277 2459 penderet
296 2426 323 2452 in
346 2425 518 2460 amplexibus
534 2426 631 2461 patris,
651 2425 800 2452 inhorreret
816 2424 931 2460 pectori,

142 2471 279 2499 cubitat-et
301 2471 328 2498 in
338 2472 443 2507 gremio
453 2471 465 2498 ἓ
476 2470 709 2506 Videinquantum
719 2470 833 2498 tentatio
840 2477 933 2497 cumu-

143 2517 225 2545 latur.
241 2518 335 2546 Tertia
353 2523 444 2546 tamen
467 2518 524 2546 dies
540 2525 647 2552 semper
661 2521 722 2552 apta
734 2516 763 2543 lit
778 2523 934 2544 sacramen-

146 2563 190 2592 tis.
207 2563 276 2591 Nam
288 2569 316 2592 et
337 2564 454 2600 populus
470 2571 532 2591 cum
547 2564 648 2591 exisset
665 2563 698 2590 de
709 2562 836 2597 IEgypto,
852 2561 932 2588 tertia

988 2200 1105 2228 namque
1116 2192 1166 2220 sibi
1183 2191 1316 2218 Dominus
1330 2197 1408 2217 ovem
1429 2189 1590 2224 providebat
1607 2188 1634 2215 in
1648 2188 1769 2218 Christe.

987 2239 1050 2274 quia
1060 2242 1088 2265 et
1096 2237 1227 2272 sapientia
1237 2236 1292 2271 ipsa
1302 2236 1352 2262 sibi
1363 2236 1471 2262 dantuiri
1480 2234 1621 2268 trdi-[icauit
1630 2234 1665 2265 ⁸⁸,
1677 2239 1703 2260 et
1713 2234 1772 2268 ipse

986 2294 1012 2313 se
1021 2284 1165 2312 humiliavit
1178 2282 1300 2318 usquead
1309 2281 1456 2308 mortem“:
1466 2285 1493 2308 et
1503 2281 1594 2308 omnia
1604 2287 1771 2314 quaecunque

986 2331 1086 2366 legeris
1115 2332 1148 2358 de
1171 2329 1291 2362 Christo,
1320 2335 1374 2355 non
1401 2327 1575 2360 necessitate,
1601 2327 1647 2353 sed
1673 2330 1771 2361 sponte

985 2378 1058 2405 facta
1071 2375 1204 2411 reperies.

1019 2423 1047 2449 7.
1064 2420 1241 2448 Perrexerunt
1256 2427 1318 2455 ergo
1336 2419 1425 2450 ambo.
1447 2423 1470 2446 et
1490 2421 1614 2445 venerunt
1630 2416 1664 2443 ad
1683 2415 1768 2442 locum

985 2476 1061 2504 quem
1086 2467 1190 2494 dixerat
1214 2467 1238 2494 ei
1264 2465 1333 2493 Deus
1353 2465 1388 2491 ".
1406 2463 1511 2499 Moyses
1528 2469 1588 2490 cum
1602 2461 1722 2488 venisset
1737 2463 1769 2487 ad

984 2513 1074 2540 locum
1101 2518 1180 2546 quem
1205 2510 1324 2538 ostendit
1350 2509 1375 2536 ei
1409 2508 1496 2538 Deus,
1524 2513 1576 2533 non
1604 2505 1770 2540 permittitur

986 2559 1147 2588 ascendere,
1166 2557 1213 2584 sed
1228 2560 1291 2583 ante
1312 2555 1336 2582 ei
1366 2554 1466 2582 dicitur
1479 2552 1502 2568 "
1518 2560 1525 2578 :
1542 2550 1618 2579 Solve
1629 2550 1768 2585 corrigiam

195 2611 219 2627 “
233 2596 403 2644 Cenes-xxi,
415 2611 466 2640 12:
481 2611 558 2637 llam.
572 2619 609 2642 tx,
625 2610 657 2642 7;
670 2608 752 2644 llrhr.
763 2596 817 2644 ixi.
828 2608 888 2644 t8}?
906 2605 965 2644 Gal.
979 2613 1021 2644 ut,
1116 2604 1139 2644 ζ’
1152 2600 1403 2644 (ξεηεελκτξιιῇνῖἶη
1418 2597 1515 2644 “ibid.
1572 2596 1730 2644 “nlla-idid.

143 2645 166 2661 ⁸⁵
185 2646 267 2674 Hebr.
299 2655 340 2679 ιι,
369 2647 414 2674 19.

143 2680 166 2696 ⁸⁸
179 2682 275 2711 Cenes.
289 2689 361 2716 uti,
380 2681 407 2709 9.

178 2728 230 2764 (48)
250 2727 296 2756 Sic
309 2735 379 2756 mss.
396 2725 484 2757 Alias,
503 2731 530 2764 _et_
547 2734 592 2759 per
603 2724 817 2764 totunt_trit_luttm
834 2721 930 2764 Ἢκυί-

144 2756 212 2791 ειιέηι
221 2756 383 2792 [cruciantur
394 2766 423 2788 ut
439 2756 509 2788 omni
520 2756 567 2787 hdc
575 2760 668 2795 spatio.
683 2759 766 2786 Paulo
783 2762 841 2795 post
852 2756 930 2784 iident

145 2807 218 2833 ωδε,
233 2805 268 2827 to:
281 2798 409 2826 noctibus
422 2804 488 2831 pttcr
501 2793 633 2830 mrtem.
654 2794 729 2822 Alias
748 2801 811 2829 puer
825 2793 931 2824 deerat,

462 2646 484 2661 ⁵⁵
496 2646 593 2673 Geues.
611 2653 679 2676 xxn,
698 2642 724 2670 6,

448 2681 471 2697 ⁵⁸
488 2681 572 2708 Exod.
587 2688 628 2713 nt,
643 2680 670 2707 5.

798 2643 820 2659 ¹⁰
836 2643 900 2670 ibid.
916 2642 943 2668 6.

998 2630 1021 2656 ίί
1035 2630 1101 2667 ind.
1116 2639 1143 2673 τ,
1161 2639 1187 2666 s.
1243 2637 1265 2652 σε
1282 2630 1362 2664 Ρι·όν.
1378 2642 1418 2667 ιιι,
1447 2634 1474 2661 ι.
1530 2633 1553 2649 ιε
1570 2631 1667 2667 Philip.
1691 2639 1721 2664 ιι,
1741 2630 1768 2658 8.

983 2724 1010 2747 et
1026 2717 1183 2745 adverbium
1200 2713 1385 2750 semper,qnod
1403 2721 1435 2741 ex
1451 2721 1515 2741 mss.
1543 2712 1712 2750 restituimns
1741 2713 1768 2739 in

986 2753 1077 2789 phrasi
1093 2759 1154 2786 quae
1169 2751 1237 2778 intra
1251 2751 1378 2789 habetur,
1402 2749 1478 2777 tertia
1493 2754 1580 2776 tamen
1596 2749 1650 2775 dies
1669 2755 1770 2782 seraper

986 2786 1046 2824 apta
1058 2789 1087 2823 fit
1099 2786 1281 2814 sacramentis.
