1902 3065
148 110 199 138 ⁸10⁵1
891 107 899 134 ι

1022 108 1052 135 IS
1717 113 1769 141 203

148 168 319 195 micemneuti
344 167 375 194 de
390 166 498 201 pedibus
525 167 587 194 tuis.
609 166 724 194 Abralne
741 165 807 194 nihil
832 167 927 193 horutn
944 168 967 196 Α
982 166 1111 201 pricfcras
1136 167 1199 200 Deo,
1222 174 1277 195 non
1302 168 1458 202 agnoscet-is
1480 170 1542 204 quia
1559 169 1656 197 timeas
1675 170 1772 199 Deum,

148 214 259 245 dicitur,
281 217 309 240 et
325 212 411 246 Isaac,
437 213 484 240 scd
509 212 671 244 ascendunt,
687 219 735 239 nec
746 212 929 239 calceamenta
985 219 1035 239 nec
1046 212 1153 239 dicetur
1166 213 1199 240 de
1217 217 1255 247 te,
1276 213 1340 247 quin
1356 221 1428 241 ntmc
1449 214 1562 249 cognovi
1578 214 1644 248 quia
1674 214 1772 242 timeas

149 260 298 295 deponunt.
315 259 342 286 In
355 266 409 294 quo
422 259 465 286 illa
478 258 602 286 fortassis
614 263 656 286 cst
675 258 756 290 ratio,
770 257 841 291 quod
856 257 931 293 Moy-
986 262 1012 284 tu
1030 257 1124 285 Deum.
1142 257 1175 284 Et
1193 263 1281 285 tamen
1301 259 1528 286 considerandum
1543 264 1596 292 est,
1607 259 1671 294 quia
1687 266 1772 294 ange-

147 312 203 336 ses,
215 304 339 340 quamvis
355 308 427 332 esset
443 311 568 339 magnus,
585 307 675 330 tamen
692 303 725 330 de
742 302 859 338 Egypto
884 310 929 330 γοα
984 302 1025 330 lus
1044 303 1101 330 haec
1119 303 1238 330 refertur
1251 304 1285 330 ad
1306 303 1445 332 Abraham
1469 304 1589 337 locutus,
1614 309 1642 332 et
1662 304 1726 339 quia
1743 305 1771 332 ill

148 350 249 382 niebat,
265 355 292 377 et
306 355 384 377 erant
400 350 490 385 aliqua
509 349 683 377 mortalitatis
694 349 802 377 vincula
815 350 929 384 pedibus
983 349 1213 383 consequentibus
1225 348 1368 377 evidenter
1386 350 1430 377 hic
1446 350 1559 385 angelus
1574 351 1705 378 Dominus
1725 358 1771 378 os-

146 396 204 430 ejus
227 396 335 424 innexa.
358 395 496 422 Abraham
516 403 581 423 vero
599 400 627 422 et
647 395 720 422 Isaac
741 396 808 423 nihil
826 396 927 424 horum
985 394 1110 422 tenditur.
1123 394 1205 422 Unde
1223 400 1288 430 puto
1307 395 1378 430 quod
1397 395 1465 423 sicut
1481 396 1554 424 inter
1574 403 1623 424 nos
1644 396 1771 424 homines

147 443 257 475 habent,
284 442 332 469 sed
358 443 471 470 veniunt
485 442 517 469 ad
536 442 638 476 locum,
657 441 774 470 aediﬁcat
790 442 928 470 Abraham
983 440 1076 467 habitu
1094 444 1217 475 repertus
1231 445 1274 468 cst
1287 445 1315 468 ut
1337 441 1429 473 homo.
1451 441 1488 468 ita
1509 445 1537 469 et
1555 441 1633 469 inter
1658 442 1770 478 angelos

145 488 242 520 altare,
269 488 385 522 imponit
409 488 484 522 ligna
503 495 585 522 super
608 488 695 515 altare
722 488 789 524 (ω),
818 488 929 524 colligat
983 485 1077 513 habitu
1094 491 1135 513 est
1149 491 1276 521 repertus
1295 492 1325 514 ut
1349 487 1460 523 angelus
1483 487 1550 523 (50).
1573 489 1606 516 Ει
1625 489 1710 524 ipsius
1723 497 1769 517 se-

144 540 267 568 pnerum,
286 538 422 567 prmparat
443 540 473 560 se
490 533 523 560 ad
549 533 740 568 iugulandum.
763 533 839 560 Multi
861 533 928 561 estis
983 536 1098 567 quentes
1111 532 1265 567 exemplum
1282 533 1370 568 angeli
1399 534 1426 561 iu
1451 534 1521 562 cmlo
1543 534 1668 561 laetantur
1687 541 1771 568 super

143 584 235 614 patres
261 579 287 606 in
312 578 434 606 Ecclesia
451 579 514 611 Dei,
542 579 588 613 qui
615 579 672 606 lucc
697 579 821 606 audistis.
845 579 928 607 Putas
982 585 1036 605 uno
1051 582 1196 612 peccatore
1214 579 1403 612 pmnitentiam
1418 585 1515 615 agente
1532 580 1564 612 “,
1585 580 1659 608 etde
1676 579 1770 615 prdie-

143 625 242 659 aliquis
257 629 378 652 vestrum
391 631 424 651 ex
445 624 501 658 ipsa
519 623 639 651 historia:
651 625 926 652 narratione-tantum
981 622 1068 650 Ctibus
1082 623 1221 651 hominum
1236 624 1396 659 gloriantur.
1422 625 1473 660 Ipsi
1488 625 1560 652 enim
1576 626 1650 652 velut
1667 633 1768 660 procu-

143 671 315 702 constantiir,
340 674 444 697 tantum
462 669 545 697 animi
570 670 653 698 robur
666 670 803 705 acquirit,
820 674 849 697 ut
864 677 926 697 cum
981 669 1112 697 rationem
1124 670 1277 697 animarum
1293 675 1448 698 nostrarum
1465 675 1570 705 tenent,
1583 672 1690 706 quibus,
1703 672 1767 698 dum

144 717 214 744 forte
237 717 372 744 amittitur
391 717 461 744 ﬁlius
474 721 561 744 morte
575 717 725 749 communi,
748 721 775 743 et
801 716 927 744 omnibus
982 715 1069 742 adhuc
1085 715 1190 750 parvuli
1205 724 1311 751 sumus,
1327 717 1402 744 velut
1427 717 1562 745 tutoribus
1583 722 1610 744 et
1629 717 1769 745 actoribus

143 764 243 794 debita,
270 763 377 791 etiamsi
404 763 440 790 sit
465 763 573 796 unicus,
605 763 714 790 etiamsi
733 762 771 790 sit
796 763 925 795 dilectus,
980 762 1176 789 comntitlimur
1200 769 1287 797 usque
1311 763 1346 790 ad
1369 763 1531 798 praeﬁnitum
1560 769 1665 798 tempus
1685 771 1700 790 a
1718 761 1769 789 Pa-

142 809 260 836 addueat
272 808 323 836 sibi
351 809 378 836 in
394 809 548 843 exemplum
575 808 729 840 Abraham,
745 812 772 835 et
785 807 927 843 magnani-
981 813 1022 835 tre
1039 807 1120 835 “.‘Et
1137 808 1259 844 ipsiergo
1271 815 1344 836 nunc
1363 809 1395 836 de
1411 808 1533 844 proiectu
1554 808 1769 844 uniuscujusque

141 855 264 882 mitatem
281 854 339 888 ejus
354 859 417 882 ante
430 855 522 882 oculos
536 854 636 889 ponat?
647 854 680 881 Et
694 854 801 889 quidem
812 858 863 880 ate
873 861 925 880 non
942 847 964 877 Β
978 858 1101 881 nostrum
1119 854 1225 887 dicunt,
1241 856 1304 889 quia
1319 863 1390 883 nunc
1411 855 1528 890 cognovi
1552 855 1616 890 quia
1638 860 1664 882 tu
1689 855 1770 882 times

141 901 262 935 exigitur
284 901 355 928 istud
373 900 455 928 animi
474 900 677 936 magnitudinis.
705 905 734 928 ut
749 901 805 935 ipse
830 900 924 936 alliges
978 899 1075 927 Deum.
1103 898 1182 927 Verbi
1200 907 1292 934 causa,
1308 902 1475 936 propositum
1492 901 1580 928 habeo
1595 900 1767 935 martyrium,

142 947 238 978 tilium,
264 946 321 980 ipse
336 946 519 980 constringas,
538 945 595 980 ipse
617 945 735 980 gladium
752 952 840 980 pares,
868 945 928 980 ipse
979 954 1032 974 non
1046 954 1078 973 ex
1091 946 1142 974 hoc
1157 946 1249 974 dicere
1261 947 1295 974 ad
1305 955 1348 975 tne
1361 947 1473 983 angelus
1487 947 1597 982 poterit,
1615 946 1678 981 quia
1694 953 1768 973 ntmc

142 991 377 1026 unicumjugules.
393 991 454 1019 Hrcc
468 991 558 1018 omnia
574 998 589 1018 a
602 995 628 1018 tc
642 991 769 1026 mysteria
783 998 835 1017 non
851 997 926 1026 qum—
978 992 1178 1027 eognoviquod
1194 998 1222 1020 tu
1237 993 1315 1022 times
1336 994 1429 1020 Deum.
1447 993 1502 1020 Deo
1520 993 1592 1019 enim
1604 991 1656 1019 soli
1672 991 1768 1026 cogni—

141 1041 249 1064 runtur.
271 1036 414 1072 Proposito
429 1036 525 1064 saltem
541 1041 569 1064 et
590 1040 680 1064 mente
700 1041 831 1064 constans
856 1040 925 1069 esto,
980 1044 1036 1065 tum
1052 1043 1094 1066 est
1107 1039 1274 1074 propositum
1299 1039 1410 1067 mentis.
1433 1038 1463 1066 Si
1483 1046 1550 1066 vero
1566 1045 1708 1066 accessero
1731 1037 1768 1064 ad

141 1083 195 1110 ﬁde
221 1082 292 1110 ﬁxus
318 1082 395 1110 la2tus
412 1082 481 1110 oll‘er
505 1081 587 1110 ﬁlium
614 1082 679 1110 Deo.
703 1082 769 1110 Esto
798 1081 926 1109 sacerdos
978 1091 1088 1119 agones,
1106 1085 1244 1120 protulero
1262 1083 1360 1114 bonam
1377 1085 1588 1117 confessionem,
1612 1091 1672 1119 quae
1696 1083 1767 1111 infe-

140 1129 237 1156 animae
252 1129 300 1157 lilii
318 1129 368 1157 tui.
384 1128 559 1157 Sacerdotem
570 1133 660 1156 autent
675 1128 858 1156 immolantem
871 1128 926 1155 Deo
978 1135 1077 1158 runtur
1104 1135 1264 1160 constanter
1283 1136 1379 1159 cuncta
1402 1138 1557 1168 suscepero,
1586 1135 1651 1158 tunc
1672 1133 1768 1164 potest

141 1182 193 1202 non
207 1174 286 1202 decet
307 1173 383 1202 ﬁere.
403 1175 450 1202 Vis
468 1174 560 1202 videre
573 1174 635 1208 quia
649 1174 767 1209 exigitur
781 1174 832 1201 hoc
853 1181 868 1201 a
881 1173 928 1201 te?
978 1177 1069 1204 dicere
1085 1178 1208 1212 angelus,
1241 1177 1502 1212 velut_conﬁrmans
1525 1184 1568 1204 me
1590 1180 1617 1204 et
1635 1177 1767 1204 corrobo-

140 1219 168 1246 ln
186 1220 330 1255 Evangelia
341 1220 472 1247 Dominus
482 1220 548 1247 dicit
562 1220 584 1235 ³³
599 1228 606 1246 :
620 1218 651 1246 Si
670 1220 720 1254 ﬁlii
738 1219 871 1246 Abraham
885 1227 927 1245 ιιι-
978 1229 1041 1250 rans
1063 1231 1071 1249 :
1094 1210 1173 1249 Nunc
1200 1210 1402 1258 cognoui'quod
1414 1229 1442 1249 tu
1462 1223 1536 1249 times
1551 1221 1647 1249 Deum.
1665 1220 1766 1248 Verum

139 1267 212 1299 setis,
228 1275 306 1301 opera
324 1267 414 1300 utique
427 1266 541 1293 Abrahre
556 1266 694 1301 faceretis.
711 1265 781 1293 Ecce
801 1265 872 1292 istud
886 1268 927 1292 est
978 1267 1036 1295 haec
1050 1267 1124 1295 dicta
1146 1272 1210 1295 sunt
1234 1268 1267 1295 ad
1289 1268 1437 1301 Abraham,
1467 1272 1496 1294 ut
1516 1266 1705 1302 pronuntiatus
1730 1265 1769 1292 sit

138 1319 207 1347 opus
220 1311 346 1340 Abralne.
363 1311 454 1339 Facite
468 1319 550 1346 opera
563 1319 622 1346 qua:
643 1310 707 1339 fecit
719 1311 867 1344 Abraham,
879 1310 926 1338 sed
979 1313 1073 1341 timere
1085 1314 1177 1341 Deum.
1191 1314 1299 1347 Quare?
1314 1313 1379 1348 quia
1405 1321 1456 1340 non
1475 1312 1598 1348 pepercit
1630 1310 1685 1338 ﬁlio
1703 1318 1766 1338 suo.

141 1366 195 1385 non
221 1365 281 1385 cum
305 1358 435 1386 tristitia:
456 1357 582 1385 Hilarem
598 1359 666 1385 enim
692 1358 811 1385 datorem
839 1357 926 1392 diligit
978 1359 1033 1387 Nos
1047 1366 1114 1387 vero
1134 1359 1308 1387 conferamus
1324 1359 1384 1387 haec
1401 1366 1462 1386 eum
1482 1357 1603 1393 Apostoli
1617 1357 1707 1390 dictis,
1719 1356 1766 1383 ubi

142 1404 212 1432 Deus
227 1405 261 1432 ".
277 1405 354 1438 Quod
372 1406 395 1432 si
409 1410 437 1432 et
452 1413 500 1433 vos
515 1409 569 1432 tam
583 1406 698 1440 prompti
714 1404 830 1438 fueritis,
843 1412 857 1432 a
872 1404 926 1432 Deo
978 1405 1088 1433 dicitde
1102 1405 1157 1432 Deo
1167 1405 1189 1422 ⁶¹
1204 1415 1210 1433 :
1227 1404 1279 1438 Qui
1291 1405 1400 1440 proprio
1414 1403 1485 1432 Filio
1506 1411 1554 1431 suo
1573 1411 1625 1430 non
1639 1402 1766 1438 pepercit,

141 1452 249 1479 dicetur
266 1451 344 1480 vobis
360 1451 383 1468 "
404 1459 410 1475 :
429 1451 545 1479 Aseemle
558 1452 585 1478 in
600 1456 698 1478 terram
708 1450 882 1483 excelsam,“
898 1450 926 1477 in
977 1450 1023 1478 sed
1036 1458 1083 1486 pro
1106 1450 1180 1477 nobis
1196 1451 1320 1477 omnibus
1344 1450 1453 1476 tradidit
1479 1449 1565 1476 illum.
1589 1448 1657 1476 Vide
1679 1447 1766 1475 Deum

140 1502 257 1524 montem
267 1505 343 1532 quem
358 1498 495 1525 ostendero
510 1497 566 1530 tibi,
584 1502 611 1524 et
627 1497 662 1524 ibi
677 1495 744 1524 olfer
758 1496 824 1524 mihi
839 1496 925 1523 ﬁlium
941 1524 959 1532 Α
978 1497 1120 1532 magniﬁca
1148 1504 1209 1525 cum
1235 1497 1391 1524 hominibus
1417 1496 1579 1524 liberalitate
1601 1498 1766 1522 certantem.

140 1548 229 1571 tuum.
246 1543 303 1571 Non
323 1543 349 1571 in
363 1543 503 1578 profundis
520 1547 609 1577 teme,
624 1551 674 1571 nec
690 1543 716 1570 in
738 1543 864 1570 convalle
877 1542 926 1570 lle-
939 1524 961 1554 ϐ
976 1544 1115 1572 Abraham
1138 1543 1281 1571 mortalem
1299 1542 1383 1569 ﬁlium
1406 1550 1458 1570 non
1485 1541 1646 1569 moriturum
1666 1539 1768 1568 obtulit

141 1594 196 1622 tus,
213 1589 261 1617 sed
285 1589 311 1616 in
336 1589 398 1616 altis
414 1594 441 1616 et
457 1588 573 1616 excelsis
591 1589 730 1616 montibus
752 1587 820 1616 offer
841 1588 926 1615 ﬁlium
977 1589 1044 1623 Deo,
1062 1590 1133 1617 Dens
1156 1588 1338 1616 immortalem
1359 1587 1455 1616 Filium
1471 1595 1521 1622 pro
1539 1587 1667 1615 omnibus
1678 1586 1767 1613 tradi-

140 1640 229 1662 tuum.
250 1634 369 1663 Ostende
382 1635 445 1669 quia
469 1634 536 1662 ﬁdes
546 1635 578 1662 -in
595 1634 743 1662 Dominum
766 1634 863 1662 fortior
886 1638 928 1661 est
977 1635 1017 1662 dit
1028 1634 1120 1662 morti.
1134 1634 1204 1668 Quid
1216 1641 1265 1661 nos
1275 1634 1308 1662 ad
1325 1634 1384 1661 haec
1398 1633 1537 1661 dicemus?
1552 1633 1616 1667 quid
1629 1631 1767 1660 retribue-

139 1687 222 1715 quam
239 1680 331 1707 carnis
343 1679 466 1709 affectus.
492 1680 609 1708 Amabat
625 1681 710 1712 enim,
726 1680 823 1715 inquit,
840 1679 926 1707 Abra—
977 1688 1038 1708 mus
1048 1680 1162 1708 Domino
1187 1687 1236 1715 pro
1253 1679 1378 1707 omnibus
1400 1686 1460 1713 quze
1484 1677 1611 1706 retribuit
1631 1677 1710 1704 nobis
1725 1676 1769 1703 ⁸³7

140 1726 203 1753 ham
224 1725 300 1753 Isaac
316 1725 400 1753 ﬁlium
416 1733 508 1758 suum,
522 1726 570 1754 sed
590 1726 678 1753 amori
694 1725 785 1753 carnis
807 1725 926 1760 praetulit
976 1726 1048 1754 Deus
1064 1725 1145 1754 Pater
1172 1730 1283 1761 propter
1300 1733 1349 1753 nos
1375 1725 1486 1760 proprio
1506 1725 1578 1752 Filio
1596 1731 1648 1751 non
1666 1730 1765 1759 peper-

139 1779 263 1800 amorem
279 1772 337 1805 Dei,
352 1776 379 1800 et
392 1772 520 1800 inventus
533 1776 576 1800 est
592 1780 645 1800 non
664 1772 690 1800 in
707 1771 854 1799 visceribus
865 1779 927 1798 car-
976 1772 1014 1799 cit
1028 1771 1062 1799 οδ.
1075 1771 1142 1807 Quis
1157 1775 1277 1800 vestrum
1292 1776 1371 1806 putas
1387 1771 1479 1798 audiet
1499 1770 1644 1805 aliquando
1667 1777 1764 1797 vocem

139 1818 196 1850 nis,
216 1818 263 1845 sed
284 1817 311 1844 in
326 1817 477 1846 visceribus
492 1817 604 1851 Christi,
621 1817 646 1845 id
665 1822 709 1845 est
731 1818 758 1845 in
777 1817 926 1845 visceribus
975 1819 1191 1854 angelidicentis
1208 1827 1216 1846 :
1234 1818 1312 1846 Nunc
1323 1818 1435 1854 cognovi
1451 1817 1514 1852 quia
1534 1816 1613 1844 times
1627 1820 1654 1843 tu
1666 1815 1765 1848 Deum,

139 1863 215 1891 verbi
231 1863 279 1891 Dei
292 1868 320 1892 et
337 1864 462 1892 veritatis
475 1868 502 1891 et
517 1863 668 1899 sapientiae.
974 1865 1037 1900 quia
1053 1872 1105 1893 non
1119 1864 1263 1900 pepercisti
1279 1864 1334 1892 ﬁlio
1353 1868 1397 1891 tuo
1411 1863 1453 1892 vel
1470 1862 1532 1890 ﬁlia:
1547 1867 1610 1895 tua),
1630 1861 1672 1890 vel
1697 1869 1766 1889 uxo-

174 1910 201 1936 8.
215 1908 354 1942 Extendit,
371 1909 458 1944 inquit
469 1909 504 1942 ”,
515 1908 651 1936 Abraham
664 1917 772 1936 manum
789 1916 878 1941 suam,
895 1913 922 1935 ut
975 1911 1009 1943 ri,
1030 1915 1077 1938 aut
1096 1919 1152 1939 non
1171 1911 1314 1946 pepercisti
1331 1911 1463 1946 pecuniae,
1480 1910 1524 1937 vel
1544 1908 1695 1937 honoribus
1714 1915 1767 1935 sa:-

138 1955 268 1990 acciperet
279 1955 410 1990 gladium,
424 1954 690 1990 etjugutaretﬁlium
704 1962 795 1988 suum,
809 1958 833 1981 et
847 1962 924 1981 voca-
974 1956 1086 1988 culi,et
1111 1956 1305 1984 ambitionibus
1329 1955 1433 1988 mundi,
1455 1955 1502 1983 sed
1525 1954 1617 1982 omnia
1641 1958 1766 1981 contem-

137 2002 172 2028 νίι
185 2009 245 2028 eum
259 2001 367 2036 “"99!”
384 2000 490 2028 υοηιῖηί
504 2001 536 2028 de
552 2001 625 2034 ταείο,
638 2005 662 2028 ει
675 2000 744 2027 άίπὶι
757 2006 766 2026 -'
779 1999 923 2031 Abraham,
975 2002 1051 2036 psisn
1064 2005 1091 2029 et
1105 2001 1196 2029 omnia
1211 2001 1314 2029 duxisti
1332 2007 1361 2029 ut
1377 2006 1513 2033 stercora,
1530 2005 1558 2028 ut
1572 2000 1710 2028 Christum
1720 1998 1766 2026 lu-

137 2046 284 2073 Abraham.
296 2046 328 2073 At
341 2046 385 2073 ille
401 2046 466 2073 dixit
481 2053 488 2071 :
503 2045 571 2074 Ecce
591 2054 647 2081 ego.
663 2045 696 2072 Et
708 2046 780 2072 dixit
795 2053 804 2072 :
825 2044 866 2072 Na
883 2044 924 2071 ἰη-
974 2048 1131 2081 erifaceres,
1147 2047 1295 2075 vendidisti
1313 2048 1404 2075 omnia
1423 2051 1450 2075 et
1468 2046 1567 2075 dedisti
1585 2044 1764 2080 pauperibus,

135 2092 216 2127 jicias
236 2100 343 2118 ntanum
367 2097 440 2119 tuam
460 2100 540 2127 super
551 2101 672 2127 puerum,
699 2101 780 2128 neque
797 2093 882 2127 facias
899 2093 924 2119 ei
974 2098 1001 2121 et
1011 2097 1120 2121 secutus
1134 2100 1164 2121 es
1179 2092 1289 2121 verbum
1303 2092 1372 2120 Dei?
1387 2092 1453 2125 Quis
1463 2096 1595 2123 vestrum,
1608 2095 1699 2125 putas,
1715 2096 1766 2116 au-

136 2139 291 2173 quidquam.
309 2137 388 2165 Num:
402 2139 470 2166 enim
487 2139 594 2173 cognoui
610 2140 672 2174 quia
690 2144 718 2166 tu
735 2140 810 2167 times
825 2139 921 2167 Deum.
974 2140 1029 2167 diet
1040 2139 1074 2166 ab
1092 2139 1197 2174 angelis
1213 2137 1400 2172 hujuscemodi
1424 2137 1538 2165 vocem?
1560 2136 1660 2164 lterum
1676 2135 1766 2162 Abra-

137 2185 166 2212 ln
183 2185 234 2212 hoc
248 2192 313 2219 ergo
326 2192 450 2213 sermone
470 2185 540 2213 solet
555 2184 636 2219 objici
652 2185 746 2216 nobis.
763 2186 835 2221 quod
851 2186 921 2214 Deus
939 2193 960 2221 ι)
974 2183 1037 2210 ham
1050 2183 1126 2210 audit
1143 2184 1216 2210 hanc
1236 2189 1341 2215 vocem,
1358 2186 1386 2210 et
1404 2181 1504 2209 dicitur
1521 2182 1555 2209 ad
1573 2188 1634 2209 cum
1651 2181 1684 2214 “,
1700 2181 1765 2215 quia

138 2237 210 2258 nunc
236 2238 266 2258 se
290 2231 450 2266 cognovisse
476 2231 559 2266 dicat,
583 2231 648 2266 quia
672 2232 809 2259 Abraham
829 2233 922 2260 timeat
974 2237 1025 2256 non
1036 2228 1238 2264 pepercieliﬁlio
1250 2232 1295 2256 tuo
1306 2228 1400 2255 dilecto
1415 2231 1519 2262 propter
1535 2235 1585 2255 me.

137 2276 234 2310 Deum,
247 2277 324 2311 quasi
339 2277 384 2311 qui
405 2281 467 2304 ante
487 2278 662 2312 ignoraverit.
675 2277 785 2305 Sciebat
809 2278 881 2306 Deus

1010 2275 1035 2302 9.
1056 2274 1089 2301 Et
1115 2275 1266 2309 respiciens,
1293 2273 1379 2308 inquit
1397 2272 1430 2306 ⁸⁸,
1452 2273 1584 2299 Abraham
1601 2271 1684 2299 oculis
1705 2271 1761 2297 suis

136 2329 191 2350 non
215 2330 277 2350 eum
304 2322 416 2355 latebat,
442 2323 542 2358 quippe
560 2324 605 2358 qui
626 2324 702 2351 novit
725 2324 817 2351 omnia
844 2329 922 2352 anlc-
973 2321 1048 2354 vidit,
1066 2325 1090 2348 et
1102 2328 1160 2347 ecce
1171 2319 1241 2347 aries
1252 2321 1390 2348 tenebatur
1403 2318 1527 2346 cornibus
1543 2318 1570 2344 in
1582 2318 1694 2352 virgulto
1707 2316 1762 2344 Sa-

135 2375 217 2402 quam
233 2368 321 2401 ﬁant;
340 2369 386 2396 sed
402 2373 511 2404 propter
527 2373 553 2396 te
568 2369 625 2396 haec
642 2369 743 2404 scripta
762 2373 825 2396 sunt
838 2377 844 2395 :
857 2369 920 2403 quia
974 2367 1046 2394 bach.
1075 2365 1211 2399 Diximus,
1240 2370 1317 2400 pulo,
1341 2365 1369 2393 in
1390 2364 1578 2400 superioribus
1594 2363 1665 2398 quod
1685 2362 1762 2389 Isaac

136 2418 164 2440 et
181 2418 209 2440 tu
233 2413 373 2441 credidisti
393 2413 501 2448 quidem
527 2414 592 2446 Deo,
609 2414 657 2440 sed
682 2413 734 2440 nisi
755 2419 837 2447 Opera
859 2411 921 2438 fidei
976 2411 1091 2439 formam
1108 2415 1213 2446 gereret
1228 2411 1340 2444 Christi,
1357 2411 1405 2438 sed
1419 2415 1447 2438 et
1470 2409 1542 2436 aries
1559 2408 1604 2435 hic
1625 2407 1765 2434 nihilomi-

135 2459 190 2494 83
212 2459 375 2494 expleveris.
401 2460 452 2487 nisi
478 2460 504 2486 in
527 2459 652 2487 omnibus
670 2459 813 2494 praaceptis
836 2459 919 2486 etiam
974 2465 1025 2486 nus
1043 2458 1158 2485 formam
1172 2457 1274 2484 Christi
1295 2463 1390 2492 gerere
1407 2456 1525 2483 videtur.
1549 2454 1602 2482 Sed
1626 2451 1763 2488 quomodo

135 2504 331 2534 difﬁcilioribus
350 2507 485 2541 parueris,
499 2505 723 2533 nisisacriﬁcium
739 2505 880 2537 obtuleris,
893 2510 920 2533 et
974 2505 1085 2533 Christo
1103 2508 1218 2538 uterque
1237 2502 1393 2534 conveniat,
1410 2506 1438 2528 et
1454 2501 1527 2528 Isaac
1539 2499 1585 2534 qui
1599 2506 1650 2526 non
1664 2496 1762 2530 estju-

136 2551 285 2579 ostenderis
299 2552 362 2586 quia
380 2559 431 2579 nec
446 2557 562 2587 patrem,
577 2559 626 2579 nec
643 2556 769 2583 matrem,
785 2557 836 2578 nec
851 2550 922 2578 ﬁlios
976 2551 1096 2586 gulatus,
1108 2555 1135 2578 et
1151 2550 1223 2577 aries
1244 2549 1290 2585 qui
1315 2548 1454 2584 iugulatus
1470 2551 1522 2579 est,
1539 2553 1629 2581 opera:
1643 2544 1761 2579 pretium

189 2609 212 2625 “
222 2609 298 2636 Joan.
314 2617 374 2641 vui.
388 2610 432 2637 59.
471 2610 495 2626 "
506 2609 526 2637 ll
540 2609 602 2636 Cor.
616 2617 655 2640 t-x,
670 2609 697 2635 ’1.
735 2608 759 2624 ⁵⁸
778 2609 877 2637 Cenes.
892 2617 959 2642 uti,
975 2609 1002 2636 2.
1050 2610 1072 2625 "
1093 2608 1158 2636 ibid.
1175 2607 1208 2634 10
1224 2612 1251 2635 et
1264 2615 1341 2642 seqq.
1379 2607 1401 2622 °°
1417 2604 1596 2642 an.x‘v,rl_0.
1633 2604 1654 2619 ⁶¹
1670 2602 1759 2631 Galat.

135 2651 174 2677 Iv,
195 2644 223 2671 2.
260 2644 282 2660 ⁸³
294 2639 373 2672 Rom.-
387 2653 446 2677 vnt,
457 2644 502 2672 52.
541 2645 564 2660 ⁸³
579 2639 652 2672 Psal.
667 2652 729 2677 ειν,
744 2643 787 2670 12.
824 2644 846 2660 ⁸⁵
860 2645 886 2671 ιιι

838 2645 846 2660 ⁵
860 2645 938 2672 ltom.
952 2639 1010 2677 im,
1025 2644 1070 2672 52.
1108 2644 1130 2659 “
1146 2642 1247 2671 Gcnes.
1261 2639 1384 2675 “11,12.
1421 2641 1444 2656 ⁸⁵
1463 2640 1529 2668 ibid.
1543 2639 1586 2667 15.

171 2713 226 2748 (69)
245 2711 291 2739 Sic
315 2720 382 2740 mss.
399 2712 486 2747 Alias,
504 2713 637 2747 wdi/t'cant
650 2711 735 2739 altare
749 2718 759 2738 :
781 2712 917 2739 Abraham
973 2711 1045 2738 tibus
1060 2710 1179 2748 adfuisse
1198 2709 1320 2737 senserit.
1334 2707 1475 2748 Origenes,
1496 2705 1619 2748 consule
1632 2703 1760 2748 “uetiam

133 2738 302 2782 pauit—Illita.
315 2738 381 2782 "ﬁt
400 2738 419 2739 ﬁ
434 2738 486 2747 ΎἼ
505 2738 635 2747 ῃ
652 2738 664 2739 Π
692 2738 703 2739 Π
726 2738 730 2739 7
839 2738 843 2739 7
895 2781 900 2782 γ
975 2747 1131 2782 Urigertian.
1146 2744 1194 2772 lib.
1207 2752 1241 2782 gn,
1260 2748 1357 2782 qua-st.
1371 2738 1399 2775 δῖ
1418 2738 1540 2782 num.n2_.
1557 2740 1623 2780 Vide
1636 2738 1759 2782 ejusdem

169 2774 226 2818 (750)
240 2774 344 2818 "Utrum
357 2781 495 2818 Christum
509 2782 750 2818 antequamrhomo
762 2781 849 2812 ﬁeret.
862 2781 922 2809 sub-
975 2774 1151 2818 quaestionem
1169 2774 1348 2818 quintani,ubi
1368 2784 1475 2818 omnem
1493 2775 1617 2811 Origcnis
1629 2774 1661 2802 de
1678 2780 1762 2807 ange-

134 2814 301 2846 sta‘nti’aliter
321 2817 348 2845 in
362 2816 465 2851 angelis
478 2814 743 2849 homimitnsalutem
758 2824 922 2852 promovcn-
975 2814 1009 2845 lis
1025 2816 1178 2844 doctrinam
1191 2815 1250 2842 fuse
1260 2818 1287 2843 et
1302 2814 1379 2841 docte
1390 2814 1488 2846 apcrit.
