1900 3060
112 139 165 167 209

720 137 753 165 IN
773 134 923 165 CENESIM
941 134 1084 163 llOMlLlA
1101 136 1147 163 IX.

1692 131 1746 160 2l0

113 205 154 228 est
164 205 291 227 noscere.
308 198 433 226 Christus
445 197 564 225 Verbum
584 197 630 224 Dei
657 201 710 231 est,
730 197 777 225 sed
799 196 910 224 Verbum
924 199 946 228 Α
961 197 1007 224 scd
1032 197 1110 225 nobis
1131 204 1191 232 qum
1210 195 1351 224 oll'erimus
1378 196 1553 224 rcdonantur.
1578 193 1648 221 Deus
1671 192 1745 220 cnim

113 253 174 275 caro
189 245 292 279 factum
304 248 344 271 est
362 244 395 271 ⁸⁷.
413 243 502 271 Unum
515 243 598 278 igitur
617 244 642 271 in
657 243 768 271 Christo
781 244 813 271 de
826 250 907 277 supc-

113 290 233 319 rioribus
245 295 298 324 est,
313 291 429 318 alterum
451 298 485 317 ex
500 290 618 317 humana
633 294 729 316 natura
744 294 770 317 et
784 289 908 325 virginali

114 341 191 364 utero
218 341 389 371 susceptum.
420 335 527 363 Patitur
550 343 614 372 ergo
638 337 775 368 Christus,
804 336 852 363 sed
881 335 908 362 in

114 390 213 415 carne;
230 387 259 410 et
274 382 385 417 pertulit
398 387 525 415 mortem.
540 383 586 410 sed
599 389 674 414 caro.
689 382 767 416 cujus
779 382 823 409 hic
838 381 910 409 aries

115 429 204 456 forma
217 433 260 456 cst
278 437 290 456 ι.
299 428 372 456 sicut
388 432 416 455 et
428 428 548 456 Joannes
563 428 702 456 dicebat“
718 439 724 456 :
740 428 808 455 Ecce
825 424 909 463 agnus

116 475 176 507 Dei,
188 483 248 502 ecce
263 475 309 510 qui
322 475 393 502 tollit
407 481 518 510 peccata
539 476 645 503 mundi.
667 474 782 503 Verbum
798 482 866 502 vero
881 475 908 502 in

117 522 323 556 incorruptione
337 522 499 556 permansit,
517 522 590 557 quod
602 526 644 549 est
663 521 813 549 secundum
827 521 910 556 spiri—

118 572 175 594 tum
193 567 329 600 Christus,
352 567 432 602 cujus
450 567 540 603 imago
562 572 604 596 est
628 568 714 595 lsaac.
733 566 797 595 ideo
814 567 871 602 ipse
884 571 911 594 et

117 611 206 638 hostia
222 618 274 644 est,
287 617 315 638 et
330 611 450 646 pontifex
463 611 613 639 secundum
632 611 768 646 spiritum.
779 609 849 637 Nam
864 609 910 644 qui

117 655 196 683 oﬂ‘ert
211 657 329 684 hostiam
345 657 417 684 Patri
433 657 584 685 secundum
606 664 728 690 carnem,
747 657 805 691 ipse
826 656 853 683 in
872 656 912 682 al-

119 703 175 730 tari
190 703 281 730 crucis
298 703 424 736 oﬂcrtur,
439 703 501 738 quia
526 703 597 730 sicut
618 702 718 730 dictum
743 707 784 729 est
801 702 833 729 de
852 708 886 729 eo
902 711 909 729 :

121 749 189 775 Ecce
202 757 285 783 agnus
301 748 363 781 Dei,
384 757 442 776 ecce
456 749 500 784 qui
517 748 585 775 tollit
604 753 738 782 peccatum
749 748 861 780 mundi;
875 747 912 775 ita

119 795 152 821 de
168 801 202 821 co
213 794 318 822 dictum
338 799 380 822 cst
391 794 414 810 ⁵⁹
431 802 438 821 :
457 793 496 821 Tu
513 802 540 820 es
555 793 677 821 sacerdos
691 793 719 819 in
733 797 858 820 internum
869 800 912 819 se-

119 841 237 867 cundum
250 840 369 867 ordinem
386 840 586 867 Melchisedech.
604 840 723 867 Tenetur
734 846 798 873 ergo
817 839 912 866 corni-

120 886 171 913 bus
186 887 260 914 arics
276 886 303 912 in
317 885 435 920 virgulto
454 885 573 913 Sabech.

157 932 202 960 10.
225 931 258 958 Et
273 932 384 966 accepit,
402 931 492 966 inquit
509 931 543 965 7°,
564 932 681 963 arietem,
697 934 722 958 et
744 929 838 957 obtulit
852 927 910 957 eum

119 978 307 1005 holocaustum
326 986 374 1012 pro
390 977 468 1004 Isaac
484 977 541 1011 ﬁlio
561 985 618 1009 suo,
631 982 654 1003 et
667 977 764 1004 vocavit
778 976 912 1004 Abraham

120 1031 218 1051 nomen.
243 1023 295 1050 loci
318 1023 402 1055 illius,
435 1022 564 1049 Dominus
581 1023 659 1050 uidet.
683 1022 837 1051 Scientibus
855 1023 913 1050 haec

120 1068 231 1101 audire,
247 1068 435 1103 intelligentia:
448 1068 582 1103 spiritalis
595 1068 707 1095 evidens
717 1069 843 1103 panditur
858 1069 911 1095 via.

119 1113 219 1142 Omnia
239 1114 312 1141 enim
331 1122 392 1149 qua:
408 1120 484 1149 gesta
505 1119 578 1147 sunt,
600 1114 632 1141 ad
657 1114 792 1142 visionem
817 1121 913 1149 perve-

121 1159 214 1186 niunt.
234 1159 337 1186 Dicitur
351 1166 469 1194 namque
487 1160 551 1194 quia
569 1159 705 1197 pominus
731 1159 813 1186 videt.
838 1158 913 1186 Visio

120 1209 212 1232 autem
225 1212 308 1239 quam
322 1204 452 1232 Dominus
470 1205 550 1237 vidit,
569 1205 595 1231 in
611 1204 710 1239 spiritu
728 1209 779 1237 est,
795 1208 825 1231 ut
843 1209 871 1231 ct
885 1209 912 1231 tu

121 1250 181 1277 huic
202 1257 264 1284 qua:
278 1250 380 1285 scripta
401 1254 475 1283 sunt,
497 1250 524 1277 in
545 1250 643 1284 spiritu
663 1250 771 1283 rideas;
796 1255 823 1277 et
844 1251 915 1278 sicut

119 1297 147 1324 in
159 1297 278 1324 Domino
289 1304 451 1331 corporeum
466 1297 533 1324 nihil
553 1301 604 1329 est,
625 1297 664 1324 ita
683 1296 764 1325 etiam
780 1300 807 1323 tu
822 1296 849 1323 iu
871 1296 914 1324 his

118 1343 250 1371 omnibus
266 1350 428 1377 corporeum
440 1342 506 1370 nihil
521 1343 641 1375 sentias;
657 1342 705 1370 sed
717 1342 744 1368 in
761 1341 857 1376 spiritu
869 1348 914 1377 ge-

119 1395 201 1415 neres
224 1388 308 1415 etiam
327 1391 354 1415 tu
380 1387 465 1415 lilium
486 1388 572 1421 Isaac,
597 1395 658 1415 cum
682 1387 782 1414 habere
795 1387 914 1422 coeperis

120 1432 243 1460 fructum
259 1433 382 1467 spiritus,
396 1433 537 1468 gaudium,
554 1441 659 1468 pacem.
673 1434 757 1466 Quem
777 1436 866 1462 tamen
883 1434 915 1461 li-

120 1479 187 1506 lium
202 1479 239 1506 ita
257 1479 366 1506 domum
382 1480 539 1514 generabis,
555 1480 589 1513 si,
603 1484 632 1506 ut
648 1480 681 1508 de
695 1481 764 1509 Sara
780 1481 913 1516 scriptum

120 1528 163 1552 est
177 1525 212 1557 ⁷³,
227 1525 292 1559 quia
309 1525 470 1553 defecerunt
485 1525 561 1553 Sarae
577 1526 732 1561 muliebria,
748 1532 774 1555 ct
788 1532 853 1555 tunc
867 1535 914 1562 ge-

121 1571 184 1598 nuit
199 1571 286 1605 Isaac,
306 1571 342 1599 ita
358 1572 486 1600 deﬁciant
505 1577 532 1600 et
545 1573 571 1600 in
586 1574 676 1600 anima
696 1578 741 1601 tua
757 1574 913 1607 muliebria,

126 1621 156 1643 ut
180 1617 254 1644 nihil
273 1616 330 1650 jam
353 1617 485 1645 muliebre
508 1622 536 1645 et
564 1617 747 1647 cﬂ‘eminatum
770 1620 870 1648 habeas
887 1620 913 1647 in

122 1663 218 1689 anima
236 1667 291 1695 tua,
308 1663 358 1691 sed
371 1664 486 1692 viriliter
501 1671 579 1698 agas,
595 1669 622 1693 et
635 1666 751 1693 viriliter
764 1666 915 1702 praecingas

123 1709 236 1736 lumbos
259 1713 337 1742 tuos;
358 1710 381 1737 si
405 1710 440 1738 sit
464 1715 560 1745 pectus
574 1715 649 1739 tuum
669 1712 780 1740 thorace
803 1713 915 1747 justitia:

122 1753 273 1784 mtrnitum,
291 1753 313 1781 si
330 1754 406 1788 galea
426 1755 524 1784 salutis
540 1761 567 1783 et
585 1756 676 1791 gladio
691 1757 804 1791 spiritus
821 1757 914 1784 accin-

122 1799 209 1832 garis.
228 1798 255 1826 Si
271 1807 338 1835 ergo
359 1800 487 1828 deﬁciant
517 1801 660 1829 muliebria
686 1802 745 1829 tleri
768 1803 795 1830 in
823 1803 914 1830 anima

123 1849 181 1876 tua,
197 1852 313 1879 generas
330 1845 414 1873 lilium
430 1846 465 1874 dc
477 1846 593 1882 conjuge
605 1852 648 1874 tua
661 1847 759 1875 virtute
771 1852 797 1875 et
810 1849 916 1883 sapien-

122 1890 175 1923 tia,
190 1890 320 1925 gaudium
335 1898 368 1918 ac
385 1891 518 1920 laetitiam.
534 1892 656 1921 Generas
671 1897 761 1921 autem
775 1893 913 1928 gaudium,

121 1937 146 1963 si
167 1944 250 1964 omne
261 1937 390 1972 gaudium
402 1938 616 1972 existimaveris,
632 1946 693 1966 cum
706 1940 733 1966 in
750 1940 916 1968 tentationcs

121 1984 357 2012 variasincideris
374 1985 407 2016 ⁷³,
424 1990 451 2012 et
464 1985 537 2013 istud
561 1986 690 2021 gaudium
704 1979 802 2014 offeras
825 1987 851 2013 in
872 1994 914 2014 sa-

122 2029 259 2057 criﬁcium
294 2031 359 2057 Deo.
385 2031 453 2058 Cum
481 2032 555 2058 enim
594 2032 671 2059 hctus
701 2033 848 2060 accesseris
881 2033 915 2060 ad

122 2074 223 2107 Deum,
240 2075 341 2103 iterum
370 2076 417 2104 tibi
439 2077 531 2104 reddit
552 2077 625 2112 quod
646 2077 791 2110 obtuleris,
807 2082 834 2106 et
849 2079 914 2106 dicit

123 2121 173 2148 tibi
185 2120 220 2153 ⁷³,
235 2121 298 2155 quia
317 2122 411 2148 iterant
427 2122 545 2150 videbitis
557 2131 608 2155 me,
628 2128 651 2150 et
667 2124 790 2158 gaudebit
811 2133 857 2151 cor
872 2133 914 2152 ve-

122 2172 220 2198 strum,
243 2171 268 2193 et
288 2167 415 2201 gaudium
431 2173 544 2194 vestrum
572 2177 648 2196 nemo
675 2169 775 2203 auferet
794 2178 810 2196 a
831 2171 913 2197 nobis.

959 243 1059 270 nullius
1076 243 1188 277 indiget,
1204 242 1255 270 sed
1268 249 1318 270 uos
1333 242 1392 270 vult
1416 241 1515 269 divites
1535 247 1605 272 esse,
1622 244 1746 267 nostrum

958 289 1095 316 desiderat
1112 295 1160 322 per
1174 288 1280 323 singula
1303 295 1416 323 quaeque
1438 287 1600 322 profectum.
1620 285 1682 313 Haec
1698 292 1746 313 uo-

957 335 1001 362 bis
1016 335 1102 370 tigura
1119 335 1274 362 ostenditur
1288 335 1370 362 etiam
1389 334 1414 361 in
1433 334 1475 362 his
1500 341 1561 368 qua:
1586 337 1661 367 gesta
1681 335 1747 358 sunt

959 388 1022 416 erga
1031 381 1093 409 Job.
1105 381 1138 408 Et
1152 380 1199 408 ille
1209 381 1280 408 enim
1293 385 1405 416 propter
1420 380 1504 408 Deum
1524 379 1641 414 perdidit
1655 377 1746 405 omnia

959 434 1020 454 cum
1037 428 1113 455 dives
1126 431 1210 455 esset.
1224 426 1276 454 Sed
1290 427 1353 461 quia
1371 425 1485 461 pertulit
1498 426 1567 453 bene
1584 431 1684 460 agones
1697 430 1746 458 ps-

961 473 1074 505 tientiac,
1088 477 1115 500 et
1133 474 1160 500 iu
1174 473 1302 500 omnibus
1322 479 1382 507 quae.
1405 479 1502 508 passus
1525 476 1578 504 est,
1606 470 1748 506 magnani-

961 525 1022 545 mus
1034 518 1094 552 fuit,
1111 522 1138 546 et
1156 518 1258 545 dixit”
1274 526 1281 545 :
1297 517 1427 545 Dominus
1441 517 1524 549 dedit,
1542 516 1670 543 Dominus
1688 515 1748 542 abs-

961 563 1019 590 tulit
1036 571 1046 589 :
1077 568 1105 590 ut
1119 563 1230 590 Domino
1243 563 1353 598 placuit,
1366 563 1405 590 ita
1425 562 1526 596 factum
1540 566 1589 594 est,
1605 561 1639 588 sit
1655 568 1748 587 nomen

960 609 1068 636 Domini
1081 610 1244 637 benedictum
1259 617 1268 636 :
1284 609 1345 636 vide
1368 609 1400 636 ad
1428 608 1552 635 ultimum
1567 606 1633 642 quid
1660 606 1692 634 de
1716 612 1749 633 eo

961 655 1090 682 scribitur
1103 664 1110 682 ε
1125 655 1242 690 Recepit,
1257 655 1346 690 inquit
1359 655 1392 688 ",
1409 654 1497 681 omnia
1517 653 1598 688 dupla
1613 660 1671 687 qua:
1682 652 1749 679 ami-

961 705 1041 728 serat.
1060 700 1142 728 \'idcs
1157 700 1221 735 quid
1234 705 1276 728 est
1289 700 1416 727 amittere
1431 699 1534 734 aliquid
1553 707 1601 734 pro
1618 698 1682 730 Deo,
1697 698 1749 725 hoc

962 751 1003 774 est
1024 746 1200 782 multiplicata
1220 746 1342 781 recipere
1362 746 1422 774 tibi.
1448 746 1479 774 Et
1505 744 1607 780 aliquid
1633 744 1749 779 amplius

963 793 1107 829 Evangelia
1135 794 1297 829 promittunt
1315 793 1350 826 ⁷⁸,
1374 793 1530 828 centuplum
1550 792 1597 820 tibi
1623 791 1750 829 pollicen-

963 843 1016 870 tur,
1030 838 1142 873 insuper
1156 842 1185 866 ct
1197 839 1279 866 vitam
1296 843 1439 870 aeternam,
1451 838 1478 865 in
1497 838 1606 866 Christo
1619 837 1681 864 Jesu
1699 837 1749 864 Do-

927 879 949 907 Β
964 886 1038 913 ιιιὶηο
1053 891 1158 919 nostro,
1175 886 1219 914 cui
1243 891 1285 914 est
1301 885 1387 921 gloria
1403 889 1432 913 et
1448 884 1592 920 imperium
1611 884 1638 912 in
1651 883 1748 912 saecula

961 932 1133 960 saeculorum.
1146 932 1244 960 Amen.

1254 977 1396 1005 HOt‘lllLlA
1415 976 1461 1004 IX.

989 1024 1027 1052 De
1040 1024 1287 1060 repromissionibus
1299 1024 1421 1052 secundis
1432 1024 1467 1050 ad
1483 1024 1616 1051 Abraham
1631 1023 1719 1058 factis.

999 1070 1025 1098 Ι.
1046 1069 1183 1103 Quantum
1202 1070 1321 1104 legentes
1336 1069 1536 1105 progredimur,
1554 1073 1656 1096 tantum
1672 1069 1752 1097 nobis

963 1119 1194 1142 sacramentorum
1208 1113 1331 1141 cumulus
1349 1117 1472 1148 augetur.
1485 1113 1519 1140 Et
1536 1118 1565 1141 ut
1577 1113 1599 1140 si
1616 1113 1677 1148 quis
1692 1113 1751 1141 exi-

964 1167 1016 1195 guo
1036 1164 1130 1187 vectus
1158 1160 1266 1196 navigio
1285 1159 1454 1194 ingrediatur
1469 1166 1555 1192 mare,
1571 1159 1656 1186 donec
1672 1163 1752 1186 terra:

964 1207 1069 1234 vicinus
1083 1212 1134 1240 est,
1148 1206 1237 1234 minus
1250 1206 1349 1233 metuit
1367 1213 1374 1232 :
1396 1211 1456 1232 eum
1478 1212 1543 1232 vero
1565 1204 1694 1240 paulatim
1724 1205 1751 1232 in

964 1253 1049 1280 altum
1067 1253 1149 1280 fuerit
1164 1260 1334 1288 progressus,
1359 1257 1386 1279 ct
1401 1252 1481 1280 undis
1499 1251 1752 1282 iulumcsccnlibus,

963 1298 1007 1326 vel
1025 1298 1052 1326 in
1076 1299 1215 1326 excelsum
1242 1298 1329 1326 attolli
1354 1299 1478 1334 coeperit,
1496 1298 1539 1325 vel
1558 1298 1659 1325 eisdem
1674 1298 1751 1324 dehi—

965 1346 1104 1374 scentibus
1119 1346 1147 1373 in
1165 1346 1218 1373 ima
1234 1346 1351 1379 deduci;
1381 1346 1418 1374 ibi
1442 1354 1507 1374 vero
1530 1350 1647 1373 mentem
1669 1353 1753 1380 pavor

965 1393 1060 1427 ingens
1081 1396 1107 1419 et
1134 1391 1250 1419 formido
1271 1392 1398 1426 perculit,
1419 1392 1490 1426 quod
1514 1391 1640 1425 exiguam
1668 1394 1751 1417 ratem

966 1442 1021 1465 tam
1033 1437 1172 1465 immensis
1187 1437 1314 1464 ﬂuctibus
1327 1438 1445 1465 credidit
1458 1446 1465 1464 :
1482 1438 1518 1464 ita
1530 1439 1612 1465 etiam
1632 1445 1681 1464 nos
1696 1436 1751 1471 pati

966 1483 1098 1516 videmur,
1115 1483 1161 1518 qui
1172 1483 1263 1517 exigui
1280 1483 1384 1511 meritis
1400 1487 1426 1510 et
1441 1483 1550 1518 ingenio
1567 1489 1670 1514 tenues,
1683 1483 1754 1509 inire

968 1534 1022 1557 tam
1037 1534 1144 1557 vastum
1160 1529 1350 1565 mysteriorum
1365 1529 1476 1564 pelagus
1490 1529 1631 1557 audemus.
1651 1528 1703 1556 Sed
1717 1529 1751 1560 si,

966 1577 1106 1604 orantibus
1139 1575 1226 1609 vobis,
1259 1575 1389 1603 Dominus
1413 1576 1540 1611 dignetur
1568 1574 1686 1610 Spiritus
1710 1575 1753 1603 sui

966 1622 1054 1649 sancti
1068 1629 1163 1649 auram
1183 1621 1261 1649 nobis
1279 1628 1437 1656 prosperam
1452 1622 1528 1654 dare,
1543 1621 1663 1648 secundo
1678 1621 1752 1648 verbi

965 1675 1046 1695 cursu
1071 1672 1177 1703 portum
1199 1667 1294 1695 salutis
1323 1668 1494 1695 intrauimus.
1520 1666 1666 1695 Videamus
1688 1674 1754 1701 ergo

966 1721 1039 1742 nunc
1056 1722 1116 1749 quae
1131 1719 1202 1747 sunt,
1218 1722 1280 1749 qum
1298 1714 1375 1742 nobis
1396 1714 1510 1742 recitata
1531 1719 1603 1742 sunt.
1624 1713 1658 1741 Et
1678 1722 1754 1741 voca-

966 1760 1015 1792 vit,
1028 1760 1160 1795 inquit",
1174 1760 1283 1794 angelus
1304 1760 1411 1787 Domini
1435 1760 1567 1787 Abraham
1587 1761 1702 1787 secundo
1722 1760 1755 1787 de

965 1806 1041 1839 caelo,
1054 1807 1143 1834 dicens
1158 1815 1168 1834 :
1185 1806 1238 1834 Per
1258 1807 1437 1840 memetipsum
1452 1806 1553 1841 juravi,
1579 1807 1641 1833 dicit
1662 1806 1754 1833 Domi-

967 1860 1016 1879 nus
1028 1859 1038 1878 :
1057 1851 1201 1886 Propterea
1218 1853 1287 1887 quod
1307 1852 1393 1886 fecisti
1408 1853 1513 1879 verbum
1529 1853 1587 1885 ποι,
1605 1858 1628 1879 et
1644 1861 1696 1879 non
1710 1861 1756 1887 pc-

965 1898 1071 1932 percisti
1084 1897 1142 1932 ﬁlio
1154 1901 1204 1924 tuo:
1215 1897 1311 1924 dilecto
1321 1902 1429 1932 propter
1444 1905 1495 1931 me,
1512 1898 1664 1925 benedicens
1678 1898 1755 1926 bene-

965 1943 1051 1970 dioam
1067 1949 1102 1976 te,
1117 1948 1144 1970 et
1155 1943 1334 1978 multiplicans
1349 1943 1530 1978 multiplicabo
1551 1949 1587 1976 te,
1602 1949 1625 1971 et
1642 1944 1692 1971 erit
1714 1953 1754 1971 se-

966 1998 1024 2017 men
1042 1994 1117 2017 tuum
1142 1990 1208 2017 sicut
1233 1990 1317 2018 stellae
1337 1990 1395 2017 carli
1408 1990 1434 2017 in
1454 1990 1636 2023 multitudine,
1652 1995 1677 2018 et
1688 1992 1755 2018 sicut

966 2045 1048 2064 arena
1064 2038 1158 2069 maris,
1174 2045 1233 2072 qua:
1245 2045 1297 2063 non
1310 2041 1394 2072 potest
1413 2037 1587 2069 dinumerari,
1605 2043 1657 2066 etc.
1674 2038 1755 2066 Solli-

965 2083 1049 2110 citum
1068 2083 1125 2110 lucc
1140 2088 1168 2111 ct
1191 2083 1323 2111 intentum
1348 2083 1498 2110 auditorem
1521 2085 1672 2120 requirunt.
1698 2084 1754 2111 No-

966 2136 1027 2155 vum
1038 2134 1078 2156 est
1094 2129 1165 2156 enim
1178 2130 1249 2164 quati
1265 2129 1332 2157 dicit
1350 2137 1357 2157 :
1377 2129 1409 2157 Et
1425 2130 1536 2163 vocavit,
1557 2130 1654 2165 inquit,
1673 2139 1754 2166 ange-

966 2174 1007 2202 lus
1023 2175 1129 2202 Domini
1144 2175 1279 2203 Abraham
1299 2177 1414 2204 secundo
1427 2177 1460 2204 de
1480 2177 1551 2204 cmlo.
1571 2176 1753 2210 Quod'tameu

125 2211 173 2239 Sic
193 2221 259 2247 ergo
281 2220 341 2248 quae
359 2214 491 2241 obtuleris
508 2214 574 2246 Deo,
593 2215 769 2250 multiplicata
787 2217 913 2250 recipies.
931 2222 953 2249 Ι)
969 2220 1041 2248 addit
1057 2220 1124 2255 (5i),
1138 2228 1190 2249 non
1208 2226 1249 2248 est
1264 2229 1372 2249 novum.
1394 2220 1462 2249 Nam
1482 2221 1634 2248 benedicens
1647 2221 1753 2248 benedi-

125 2257 194 2285 Tale
209 2258 326 2293 aliquid,
353 2259 416 2287 licet
438 2267 487 2294 per
502 2260 581 2287 aliam
602 2261 728 2294 ﬁguram,
748 2260 865 2289 refertur
885 2263 912 2289 in

123 2304 281 2340 Evangeliis
296 2305 330 2336 “,
347 2313 407 2333 cum
423 2314 470 2340 per
484 2305 641 2341 parabolam
657 2307 757 2334 dicitur
775 2309 913 2342 accepisse

124 2350 186 2386 quis
196 2358 289 2378 mnam
302 2355 331 2377 ut
343 2351 528 2386 ncgotiaretur
537 2356 564 2378 et
574 2351 762 2386 patrifamilias
770 2354 911 2387 pecuniam

123 2401 270 2430 quaereret.
295 2396 348 2424 Sed
365 2397 387 2424 si
406 2397 530 2424 attuleris
548 2397 666 2432 quinque
682 2398 858 2432 multiplicata
885 2399 911 2426 in

122 2442 230 2475 decem,
251 2442 299 2468 tibi
322 2442 372 2476 ipsi
395 2443 540 2474 donantur,
557 2443 604 2470 tibi
623 2444 819 2471 conceduntur.
843 2445 912 2473 Audi

121 2488 194 2518 eriim
212 2487 278 2521 quid
290 2487 348 2523 84
361 2488 459 2516 dicit"
472 2498 479 2516 :
494 2488 598 2521 Tollite,
610 2489 913 2524 inquit,ltuicmnam,et

123 2533 183 2560 date
202 2533 245 2559 illi
262 2534 307 2568 qui
329 2534 406 2561 habet
427 2535 514 2561 decem
537 2543 622 2562 muas.
639 2535 685 2562 Sic
702 2543 767 2570 ergo
791 2536 915 2564 videmur

122 2580 232 2615 quidem
256 2580 371 2607 Domino
393 2581 534 2615 negotiari,
559 2581 607 2608 sed
627 2581 703 2608 nobis
718 2583 816 2609 cedunt
831 2590 913 2617 nego-

124 2625 247 2654 tiationis
267 2626 341 2653 lucra
355 2635 362 2653 :
379 2631 405 2653 et
418 2617 541 2654 videntur
559 2627 657 2654 olferre
670 2627 783 2655 Domino
799 2627 912 2662 hostias,

175 2704 198 2720 "
217 2704 300 2736 Joan,
313 2713 331 2736 ι,
343 2705 386 2732 Μ.
424 2706 447 2721 ⁸⁸
461 2706 526 2734 ibid.
540 2707 585 2734 29.
637 2707 659 2723 "
679 2707 747 2734 Psal.
762 2714 807 2737 cx.
819 2708 846 2736 ι.

118 2773 168 2801 29.
205 2775 229 2791 ⁷¹
247 2775 346 2803 Cenes.
366 2784 430 2809 un,
445 2776 477 2804 15
488 2781 514 2804 ct
527 2785 603 2812 seqq.

159 2845 217 2880 (lii)
236 2845 322 2878 Alias,
341 2845 455 2873 addidit.
472 2845 546 2880 Mss,
563 2847 646 2876 addit.

175 2709 198 2720 "
217 2709 300 2736 toan,
313 2709 386 2736 μη.
424 2709 447 2721 ⁸³⁸
462 2709 526 2734 ibid.
540 2709 585 2734 29.
637 2709 659 2723 δν
679 2709 747 2734 l‘sal.
762 2709 846 2737 cx.t.
895 2709 911 2725 7‘

120 2738 147 2754 τι
169 2737 233 2754 Im...
270 2747 312 2754 -.α
343 2741 376 2754 s1
397 2746 420 2754 ..ι
447 2741 482 2754 cm
529 2742 607 2754 qu..-
641 2750 685 2754 -..η
711 2742 741 2754 ιτ
790 2743 812 2754 τι
839 2743 893 2754 ειει

967 2717 1005 2737 2n.
1021 2718 1100 2754 χχιι..
1113 2712 1156 2740 15.

164 2737 244 2766 Joan.
270 2747 324 2769 xvt.
343 2741 376 2767 l7
395 2746 422 2768 et
447 2741 493 2769 22.
529 2742 619 2769 7*lnrc.
641 2742 754 2770 xtxJZv.
790 2743 812 2759 ⁷⁸
839 2743 902 2772 ibid.
928 2745 974 2773 ει.

967 2274 1023 2293 eam
1036 2271 1070 2300 te,
1084 2271 1112 2294 et
1127 2267 1252 2302 antejam
1270 2268 1370 2295 dictum
1387 2273 1440 2301 est;
1455 2271 1483 2295 et
1497 2267 1675 2302 multiplicans
1687 2266 1754 2293 ntul-

968 2314 1091 2348 tiplicabo
1121 2318 1156 2347 te,
1184 2318 1247 2342 ante
1270 2315 1433 2349 promisstnn
1458 2319 1515 2348 cst;
1539 2319 1566 2342 et
1594 2314 1644 2341 erit
1667 2321 1755 2341 semen

967 2364 1041 2386 tuum
1053 2361 1119 2387 sicut
1135 2360 1219 2387 stella:
1229 2361 1297 2393 caeli,
1309 2366 1333 2388 et
1348 2361 1414 2388 sicut
1429 2368 1510 2387 arena
1528 2360 1620 2392 maris,
1635 2364 1661 2386 et
1678 2358 1754 2394 prius

967 2405 1055 2432 fuerat
1071 2407 1284 2440 pronuntiatum.
1304 2407 1374 2440 Quid
1392 2415 1458 2442 ergo
1479 2413 1521 2436 est
1544 2414 1616 2434 nunc
1634 2405 1751 2440 amplius

966 2451 1035 2485 quod
1050 2454 1169 2480 secundo
1183 2453 1316 2481 clamatur
1331 2461 1347 2481 e
1362 2454 1449 2482 εωΙοῖ
1471 2454 1541 2488 Quid
1568 2453 1629 2480 novi
1651 2452 1749 2479 veteri-

965 2497 1017 2524 bus
1039 2498 1297 2529 repromissionibus
1314 2501 1446 2527 additur?
1463 2500 1532 2533 Quid
1561 2499 1620 2533 plus
1645 2499 1749 2533 prrcmii

965 2539 1084 2567 daturin
1100 2548 1132 2568 eo
1144 2543 1216 2576 quod
1231 2543 1315 2571 dicit:
1341 2543 1484 2578 Propterea
1500 2544 1570 2579 quod
1593 2543 1677 2578 fecisti
1696 2551 1753 2570 ver-

966 2583 1027 2611 bum
1046 2586 1104 2619 hoc,
1130 2587 1158 2615 id
1184 2593 1226 2615 cst
1249 2594 1392 2624 propterea
1421 2591 1492 2624 quod
1515 2590 1598 2617 lilium
1617 2589 1753 2622 obtulisti,

969 2635 1112 2665 propterea
1125 2634 1197 2668 quod
1212 2641 1264 2661 non
1279 2635 1425 2670 pepercisti
1443 2635 1523 2663 unico
1539 2635 1595 2663 lilio
1612 2634 1752 2663 tuoinihil

1213 2713 1233 2728 '”
1251 2713 1318 2741 Gen.
1332 2722 1408 2746 xvut,
1428 2714 1471 2743 Η.

1523 2715 1546 2731 ⁷³
1569 2714 1662 2742 Jacnb.
1681 2722 1703 2747 r,
1723 2715 1752 2742 ‘2.

1256 2749 1277 2764 ⁷⁷
1290 2748 1340 2778 Job
1356 2758 1420 2784 aut,
1439 2750 1480 2777 l0.

1021 2746 1042 2762 ⁷⁸
1059 2746 1110 2776 Job
1122 2755 1140 2781 ι,
1163 2747 1207 2776 2|.
1256 2749 1277 2764 ⁷⁷
1290 2748 1340 2778 Job
1356 2758 1420 2783 XLII,
1439 2750 1480 2777 l0.
1534 2750 1556 2766 ⁷⁸
1577 2750 1673 2778 Matth.
1699 2758 1754 2783 λιι,
