1900 3060
142 167 189 194 ΞΙΙ

862 168 1021 196 ORIGENIS

1716 172 1769 199 2l2

141 225 214 252 aliud
230 225 351 253 additum
367 227 455 260 video,
474 227 567 254 cadent
584 231 753 261 repetuntur,
774 234 835 261 qua:
852 227 928 262 prius
942 229 966 257 Α
980 227 1038 260 ﬁlio
1053 232 1108 254 tuo.
1123 227 1248 255 Ostendit
1261 235 1326 262 ergo
1340 228 1410 263 quod
1426 232 1537 263 propter
1548 228 1712 256 oblationem
1725 230 1766 257 vel

142 270 252 299 fuerant
271 272 443 306 repromissa.
461 271 531 306 Ergo
545 272 711 307 superﬂuum
730 273 865 300 videbitur
880 280 926 299 ea-

141 317 313 352 demstepius
329 317 493 344 retractari?
516 317 570 344 imo
598 319 782 347 necessarium
805 318 872 354 (53).
897 317 925 345 ln

141 362 320 390 sacramentis
334 361 404 388 enim
425 362 490 389 liuut
511 367 607 389 cuncta
621 369 682 396 quae
696 362 772 390 liuut.
789 363 926 390 Abraham

140 410 162 436 si
180 413 283 436 tantum
297 409 444 436 secundum
457 416 566 436 carnem
585 410 708 441 vixisset,
732 413 759 436 et
780 409 860 437 unius
880 416 929 443 po-

141 455 194 488 puli
213 462 292 489 quem
310 455 461 482 secundum
478 463 589 483 carnem
609 456 714 490 genuit,
729 460 807 490 pater
820 455 926 488 inisset,

141 507 196 528 una
210 499 345 528 sullieeret
357 501 542 535 repromissio.
558 500 634 527 Nunc
645 508 710 528 vero
727 505 754 528 ut
772 501 928 528 ostenderet

139 553 201 573 eum
217 546 306 580 primo
320 550 425 581 patrem
438 546 556 573 futurum
581 554 687 578 eorum,
712 547 757 580 qui
778 546 927 574 secundum

139 596 249 619 carnem
270 590 424 617 circumcisi
450 596 523 623 sunt,
544 591 760 619 circumeisionis
782 599 838 618 suas
859 596 928 618 tetu-

139 642 206 668 pore
237 635 316 665 datur
339 637 363 663 ei
392 637 580 671 repromissio,
600 644 659 671 quae
681 637 713 664 ad
733 637 861 672 populum
875 637 929 664 eir-

137 680 316 708 cumcisionis
339 681 478 715 pertinere
491 681 612 710 deberet.
628 681 755 708 Secundo
776 681 838 715 quia
851 685 929 715 pater

138 729 211 752 esset
222 724 329 755 futurus
343 727 425 753 etiam
444 734 537 754 eorum
562 726 608 761 qui
624 733 656 754 ex
685 726 736 754 lide
753 732 826 760 sunt,
844 731 871 754 et
882 726 929 761 qui

139 779 187 805 per
198 772 350 806 passionem
364 772 463 801 Christi
479 772 635 799 veniuntad
649 772 849 804 luereditatem,
866 777 927 799 tem—

139 825 203 852 pore
225 818 398 846 nihilominus
417 820 551 854 passionis
571 820 657 851 Isaac,
681 819 827 854 promissio
849 827 930 846 reno-

140 868 228 896 vatur,
245 871 305 898 qua:
322 865 458 899 pertinere
480 865 576 894 debeat
591 865 625 892 ad
643 873 704 892 eum
723 865 862 900 populum,
880 865 926 899 qui

977 274 1129 307 passionem
1147 273 1205 306 tilii,
1221 274 1367 308 promissio
1391 273 1468 300 llrma
1490 273 1525 301 sit
1541 283 1549 301 :
1565 275 1704 301 evidenter
1719 275 1767 302 de-

977 319 1088 352 signans
1103 319 1177 352 quod
1198 323 1309 353 propter
1333 318 1488 353 passionem
1504 318 1604 346 Christi
1618 319 1716 353 populo
1733 327 1765 346 ex

978 365 1112 398 gentibus,
1124 365 1168 399 qni
1184 371 1216 391 ex
1230 364 1281 391 llde
1291 367 1334 392 est
1348 364 1475 396 Abrahte,
1489 368 1597 391 maneat
1611 365 1688 391 llrma
1704 372 1766 398 pro-

978 409 1081 437 missio.
1109 410 1139 436 Et
1163 410 1285 444 nunquid
1307 410 1334 436 in
1362 409 1414 436 hoc
1431 409 1488 436 solo
1507 408 1627 436 secunda
1643 409 1765 437 ﬁrmiora

978 457 1041 482 sunt
1054 455 1165 490 primis?
1179 455 1206 482 lu
1232 454 1323 481 multis
1336 454 1520 489 hujuscemodi
1545 454 1705 481 adumbrata
1723 453 1764 481 in-

978 500 1070 527 venies
1082 505 1263 528 sacramenta.
1278 498 1384 526 Primas
1403 499 1507 526 tabulas
1533 499 1600 534 legis
1625 500 1652 526 in
1673 499 1765 526 littera

979 545 1113 580 confregit
1142 545 1248 581 Moyses
1269 551 1296 574 et
1323 545 1438 581 abiecit;
1466 546 1611 572 secundam
1633 545 1719 580 legem
1737 546 1764 573 in

979 590 1074 624 spiritu
1094 591 1223 624 suscepit,
1251 595 1276 618 et
1299 595 1364 618 sunt
1396 589 1516 616 lirmiora
1542 589 1661 617 secunda
1682 597 1764 624 quam

979 636 1076 670 prima.
1093 636 1197 664 Rursus
1211 636 1282 665 idem
1296 636 1354 670 ipse
1364 644 1425 664 cum
1437 644 1543 664 omnem
1554 636 1638 671 legem
1654 636 1681 663 in
1697 644 1766 671 qua-

981 685 1042 708 tuor
1093 681 1169 710 libris
1218 683 1491 717 comprehendisset,
1528 681 1763 709 Deuteronomium

979 727 1090 762 scripsit
1103 727 1172 763 (54),
1187 729 1260 761 quod
1273 729 1392 756 sectmda
1405 728 1447 756 lex
1468 729 1577 756 dicitur.
1591 727 1686 755 lsmael
1704 727 1764 762 pri-

980 781 1040 801 mus
1054 778 1106 806 cst,
1123 774 1257 801 secundus
1272 773 1359 806 isaac,
1372 779 1398 801 et
1410 773 1507 801 similis
1522 773 1548 800 in
1561 773 1679 800 secundo
1693 779 1764 806 pra):-

981 818 1093 846 lationis
1105 819 1192 846 forma
1207 823 1341 847 servatur.
1354 819 1410 847 Hoc
1421 825 1448 846 et
1462 819 1487 846 in
1506 819 1576 846 Esau
1587 823 1614 845 et
1628 818 1655 845 in
1668 817 1764 850 Jacob,

982 865 1008 891 in
1022 864 1138 900 Ephrem
1159 869 1185 892 et
1203 864 1336 898 Manasse,
1359 865 1385 892 in
1409 865 1480 893 mille
1503 864 1563 892 aliis
1579 863 1705 892 similiter
1723 864 1765 891 in-

137 910 262 944 passione
277 910 377 938 Christi
403 919 436 940 ac
457 911 655 940 resurrectione
678 912 809 938 solvatur.
827 911 861 939 Et
878 919 925 938 εί]-
943 899 962 926 Β
979 911 1071 938 venies
1084 910 1284 938 adumbratum.

137 956 198 982 dent
229 956 337 990 quidem
359 957 443 990 repeti
472 957 609 990 videntur,
637 957 685 985 sed
713 957 792 991 longe
818 957 927 984 diversa

137 1004 209 1028 sunt.
226 1001 271 1027 llla
290 1001 362 1028 enim
376 1009 435 1036 qum
449 1002 523 1037 prius
536 1002 609 1031 dicta
623 1007 696 1034 sunt,
715 1007 742 1029 et
757 1002 789 1028 ad
807 1001 924 1035 priorem

137 1046 264 1083 populum
289 1048 434 1082 pertinent,
463 1049 489 1075 in
511 1049 592 1078 terris
614 1049 688 1076 dicta
703 1052 776 1077 sunt.
794 1046 839 1075 Sic
852 1048 924 1075 enim

138 1091 202 1118 dicit
214 1091 355 1127 Scriptura
366 1094 388 1109 ⁸⁰
407 1104 412 1120 :
432 1093 464 1122 Et
478 1094 567 1122 eduxit
588 1102 647 1121 aunt
670 1094 754 1128 foras,
779 1093 812 1120 de
834 1094 926 1122 taber-

137 1138 236 1167 naculo
252 1140 367 1173 scilicet,
379 1145 403 1167 et
416 1140 482 1167 dixit
497 1141 541 1167 ei:
557 1140 666 1174 Respice
687 1140 779 1166 stellas
806 1139 876 1171 coeli,
902 1140 925 1166 si

136 1185 297 1212 dinumerari
309 1190 420 1220 possunt
436 1195 451 1215 a
468 1186 650 1213 multitudine.
671 1185 704 1213 Et
720 1186 824 1213 addidit
850 1193 857 1212 :
879 1185 925 1213 Sic

136 1231 183 1258 erit
201 1239 288 1258 semen
304 1237 388 1258 tuum.
410 1230 462 1259 Ubi
481 1236 571 1260 autem
597 1231 718 1259 secundo
735 1231 867 1265 repetitur
882 1238 925 1258 re-

137 1277 292 1311 promissio,
309 1277 430 1312 designat
446 1277 509 1311 (ιίἱιι
526 1277 631 1304 locutus
650 1281 693 1304 est
715 1277 739 1304 ei
759 1277 792 1305 de
811 1276 925 1311 coelo,et

136 1324 217 1349 Alazur
240 1322 384 1357 promissio
405 1323 438 1349 de
453 1327 525 1349 terra
540 1323 637 1358 prima,
654 1323 774 1351 secunda
795 1323 828 1351 de
844 1322 923 1350 coelo.

136 1367 232 1395 Nonne
262 1372 357 1403 aperte
383 1368 427 1395 hic
451 1368 515 1396 illud
543 1369 685 1404 designare
710 1369 826 1403 videtur,
852 1369 926 1404 quod

137 1414 281 1448 Apostolus
296 1415 362 1442 dicit
373 1415 395 1430 ⁸¹
412 1423 419 1441 :
438 1414 545 1444 Primus
560 1415 638 1443 homo
657 1416 690 1443 de
704 1420 775 1442 terra
793 1421 922 1450 terrenus,

138 1461 266 1487 mantus
283 1461 359 1487 homo
371 1460 402 1488 de
416 1461 479 1487 ctelo
500 1461 630 1489 cwlestis?
650 1461 703 1489 ista
721 1469 785 1496 ergo
807 1462 924 1497 promis-

137 1506 188 1538 sit),
209 1513 269 1540 quae
284 1506 317 1532 ad
333 1506 437 1534 lidelent
453 1504 578 1542 populum
594 1508 721 1542 pertinet,
740 1508 773 1535 de
788 1508 859 1535 cutio
872 1513 922 1541 est,

138 1550 183 1578 illa
197 1551 229 1578 de
243 1556 327 1579 terra.
340 1552 367 1578 ln
382 1551 427 1580 illa
441 1560 533 1579 sermo
545 1554 732 1581 tantumntodo
748 1552 809 1584 fuit,
824 1553 868 1580 hic
880 1553 923 1580 iu-
938 1563 959 1592 α

139 1598 290 1632 terponitur
302 1598 501 1633 jusjurandum,
516 1599 587 1633 quod
603 1599 799 1634 interpretatur
815 1599 851 1626 ad
871 1599 926 1626 lle-

138 1646 226 1674 brteos
248 1645 375 1673 scribens
399 1650 509 1672 sanctus
529 1645 671 1679 Apo~tolus
697 1646 749 1673 hoc
776 1646 856 1673 modo
884 1645 927 1673 di—

137 1699 227 1720 cens:
253 1691 359 1724 Valens,
385 1691 474 1726 inquit
489 1691 522 1724 ³⁸,
550 1691 619 1719 Deus
640 1692 777 1718 ostendere
796 1691 928 1723 pollicita-

139 1737 218 1764 tionis
233 1737 381 1764 Ituredibus
402 1737 613 1764 immobilitalem
629 1737 685 1772 (53)
701 1736 806 1763 consilii
818 1736 870 1768 sui,
887 1737 929 1762 in-

138 1783 264 1817 terposuit
278 1782 480 1818 jusjurandum.
498 1782 530 1810 Et
541 1783 638 1811 itcrnnt
654 1791 661 1810 :
677 1782 815 1814 Homines,
829 1782 927 1816 inquit,

137 1838 184 1864 per
198 1830 327 1865 majorem
341 1829 494 1864 suijurant,
510 1829 578 1859 Deut
594 1835 681 1858 autem
699 1829 827 1864 quoniam
846 1829 929 1855 nemi-

139 1883 197 1902 nem
222 1875 312 1903 habuit
336 1883 382 1910 per
396 1883 472 1910 quem
485 1875 592 1909 juraret
604 1875 744 1910 majorem,
759 1882 805 1908 per
821 1879 927 1903 mearet-

140 1923 223 1954 ipsum
236 1922 310 1956 juro,
326 1921 389 1953 dicit
406 1921 547 1950 Dominus.
572 1921 630 1948 Non
653 1921 724 1956 quod
742 1921 825 1949 Deum
846 1920 927 1955 juris-

137 1968 244 2002 juramli
258 1967 409 1995 necessitas
429 1971 548 2001 urgeret.
569 1965 636 2000 Quis
651 1967 722 1994 enim
739 1966 773 1994 ab
787 1974 819 1994 eo
833 1966 926 2001 exige-

141 2017 182 2040 ret
197 2011 418 2039 sacramentum?
437 2011 493 2043 Sed
508 2011 577 2043 sicut
594 2012 787 2047 interpretatus
804 2016 845 2041 ost
862 2019 928 2046 apo-

139 2059 227 2086 stolus
245 2057 356 2091 Paulus,
372 2064 426 2092 quo
450 2065 498 2092 per
517 2058 567 2084 hoc
583 2057 799 2085 immobilitatem
819 2058 927 2086 consilii

140 2104 182 2131 sui
195 2103 348 2131 cultoribus
366 2103 530 2138 designaret.
547 2103 592 2131 Sic
614 2108 641 2130 et
657 2103 719 2132 alibi
741 2111 789 2138 per
808 2104 928 2138 Prophe-

141 2157 194 2177 tam
212 2149 342 2178 dicitur”
355 2159 361 2176 :
375 2149 481 2176 Iuravit
498 2149 639 2183 Dominus,
651 2159 697 2178 nec
709 2151 841 2184 pwnitebit
857 2158 927 2183 eum,

141 2201 166 2224 ω
180 2204 206 2223 es
222 2197 344 2223 sacerdos
364 2197 391 2223 in
418 2202 543 2224 internum
561 2197 703 2224 secundum
725 2197 843 2227 ordinem
860 2197 927 2225 Mei-

139 2241 284 2268 cltisedech.
303 2241 358 2277 35
375 2241 451 2269 Tunc
463 2242 560 2274 deinde
572 2243 597 2269 in
611 2242 699 2276 prima
717 2242 927 2277 repromissione

141 2295 193 2315 non
208 2288 289 2316 habet
302 2288 415 2322 positam
431 2295 542 2316 causam
558 2296 607 2317 cur
632 2289 695 2316 data
724 2289 761 2317 sit
782 2290 929 2324 repromis-

140 2333 192 2366 sio,
208 2333 261 2361 nisi
277 2338 378 2361 tantum
396 2334 467 2368 quod
481 2334 574 2362 eduxit
587 2341 648 2362 eum
665 2334 749 2367 foras,
764 2340 788 2363 et
804 2335 926 2368 ostendit,

141 2380 239 2415 inquit,
257 2381 281 2407 ei
298 2380 386 2408 stellas
402 2380 471 2412 mli,
487 2385 511 2408 et
528 2381 607 2413 dicit,
619 2381 664 2409 Sic
677 2381 729 2408 erit
740 2389 826 2409 semen
840 2387 926 2408 tuum.

141 2427 218 2454 Nunc
243 2434 308 2455 vero
332 2426 408 2455 addit
429 2435 541 2455 causam
553 2431 662 2462 propter
675 2434 756 2462 quant
773 2427 927 2461 jurantento

140 2474 286 2501 conﬁrmat
312 2474 520 2509 promissionem
554 2473 659 2503 ﬁrmam
695 2473 826 2502 futuram.
858 2473 928 2500 Dicit

142 2519 232 2547 enim:
253 2520 324 2553 Quia
349 2521 437 2555 fecisti
460 2521 567 2548 verbum
585 2521 644 2553 hoc,
667 2525 691 2547 et
720 2527 772 2546 non
793 2517 931 2553 pepercisti

190 2590 213 2606 '°
228 2589 326 2618 Genrs.
344 2599 389 2624 XV,
404 2591 428 2618 5⁴
475 2591 496 2606 ⁸¹
514 2590 523 2617 1
548 2591 610 2617 Cur.
629 2598 672 2620 xv,
691 2589 734 2616 i7.

142 2624 164 2642 “
177 2625 283 2653 Coloss.
297 2634 338 2659 ut,
353 2627 379 2653 9.
417 2625 471 2653 “ll
486 2626 547 2653 Cor.
567 2633 592 2659 ν,
613 2626 655 2652 l7.
692 2625 713 2640 ⁸⁷
732 2623 820 2651 Galat.
837 2631 877 2657 Ill,
896 2623 939 2650 l0.

178 2709 233 2744 (5‘2)
254 2709 339 2740 Alias.
357 2715 498 2736 retractare
514 2715 538 2736 et
555 2711 642 2736 minus
663 2708 850 2738 necessarium,
866 2714 930 2734 mss.

143 2746 214 2771 utin
232 2749 324 2771 nostro
349 2749 434 2771 textu.
460 2745 543 2771 Paulo
571 2745 641 2772 iui-1a
663 2744 743 2771 iidem
770 2751 847 2774 mss.,
880 2751 932 2769 una

143 2780 269 2820 sagit-cret
288 2779 467 2814 repromissio.
488 2780 574 2812 Alias,
599 2788 651 2806 una
677 2779 817 2813 sujfeccrat
845 2786 933 2811 repro-

144 2823 245 2883 ’,μεθ’
255 2848 338 2879 Alias,
351 2849 551 2882 pollicitationes
567 2848 714 2875 hwredibns
735 2856 780 2881 per
794 2846 934 2883 inmobili-

145 2887 232 2918 tatam,
248 2889 273 2912 ct
287 2885 366 2918 paulo
377 2883 458 2917 inira,
472 2892 517 2919 per
532 2884 657 2919 majorem
671 2891 745 2910 suum
758 2883 863 2917 jurant.
881 2882 933 2909 Sed

798 2589 820 2604 9‘
837 2588 916 2615 llehr.
931 2595 968 2619 vI,

1011 955 1039 982 2.
1059 955 1113 983 Sed
1129 957 1271 985 redeamus
1290 964 1361 984 nunc
1377 957 1410 984 ad
1426 956 1622 991 nosmetipsos,
1635 960 1662 984 et
1675 963 1766 984 mora-

976 1001 1031 1028 lem
1040 1001 1128 1028 locum
1145 1009 1193 1036 per
1201 1002 1325 1037 singulos
1335 1009 1456 1037 quosque
1473 1006 1630 1029 tractemus.
1647 1002 1765 1036 Aposto-

976 1046 1018 1074 lus
1027 1047 1101 1078 dicit.
1111 1047 1181 1074 sicut
1189 1046 1244 1082 jam
1257 1048 1384 1082 superius
1394 1047 1604 1075 memoravimus
1612 1048 1635 1063 ³⁸
1645 1047 1765 1074 :Primus

976 1093 1051 1120 homo
1064 1094 1095 1120 de
1107 1098 1179 1122 terra
1194 1101 1323 1124 terrenus,
1339 1093 1469 1120 secundus
1480 1093 1557 1120 homo
1572 1093 1604 1120 de
1617 1093 1680 1120 coelo
1689 1094 1765 1120 ctet'e-

976 1139 1033 1166 stis.
1052 1138 1145 1171 Qualis
1160 1145 1289 1171 terrenus,
1305 1138 1370 1165 tales
1384 1143 1408 1165 et
1423 1139 1520 1165 terreni
1528 1147 1538 1171 ;
1553 1143 1577 1165 et
1589 1139 1675 1171 qualis
1686 1140 1763 1166 mle—

975 1185 1034 1217 stis,
1050 1185 1114 1212 tales
1127 1191 1150 1212 et
1161 1184 1284 1212 caelestes.
1296 1184 1369 1215 Sicut
1381 1185 1541 1219 portavimus
1553 1185 1692 1220 imaginem
1710 1189 1765 1212 ter-

976 1230 1042 1262 reui,
1051 1235 1182 1264 portemus
1196 1235 1222 1257 et
1231 1231 1368 1265 imaginem
1380 1229 1498 1257 ccclesiis.
1508 1230 1588 1258 \‘ides
1597 1231 1659 1265 quid
1671 1235 1765 1258 osten-

977 1276 1024 1309 dit,
1033 1276 1107 1311 quia,
1121 1277 1144 1304 si
1152 1277 1335 1311 permanseris
1346 1277 1413 1304 ineo
1421 1278 1493 1312 quod
1503 1278 1617 1312 primum
1625 1281 1677 1311 est,
1690 1278 1764 1312 quod

976 1321 1009 1348 de
1029 1325 1101 1348 terra
1115 1325 1168 1354 est,
1186 1321 1387 1356 reprobaberis,
1403 1323 1456 1351 nisi
1485 1328 1511 1351 te
1527 1327 1688 1356 commutes,
1709 1323 1762 1351 nisi

976 1373 1122 1395 conversus
1135 1366 1229 1400 fueris,
1240 1367 1290 1395 nisi
1299 1368 1417 1396 caelestis
1426 1369 1535 1397 ell‘cctus
1545 1370 1687 1404 imaginem
1702 1377 1763 1397 cce--

978 1411 1055 1439 lestis
1069 1413 1217 1447 acceperis.
1235 1413 1291 1442 lloc
1306 1414 1377 1441 idem
1402 1419 1454 1447 est,
1471 1415 1542 1450 quod
1559 1415 1622 1443 alibi
1638 1416 1701 1443 dicit
1712 1416 1737 1432 ‘“
1754 1427 1761 1444 :

978 1456 1111 1484 Exuenles
1124 1458 1179 1494 (55)
1191 1466 1235 1486 vos
1250 1464 1357 1487 veterem
1369 1459 1500 1487 hominem
1509 1469 1566 1487 cum
1581 1461 1681 1488 actibus
1693 1462 1762 1494 stris,

976 1507 1001 1530 et
1017 1503 1154 1531 induentes
1170 1512 1275 1538 novum,
1289 1506 1332 1540 qui
1343 1506 1486 1533 secundum
1498 1506 1582 1533 Deum
1595 1514 1699 1534 creatus
1712 1513 1762 1534 est.

976 1547 1096 1583 ldipsuut
1104 1553 1131 1576 ct
1145 1549 1200 1575 alio
1212 1548 1272 1576 loco
1286 1550 1381 1577 Scribit.
1391 1551 1415 1568 ⁸⁸
1428 1559 1435 1577 :
1455 1550 1523 1576 Ecce
1541 1556 1629 1577 vetera
1650 1555 1765 1577 transie-

979 1598 1052 1626 runt,
1074 1594 1146 1627 facta
1166 1599 1229 1621 sunt
1242 1595 1331 1621 omnia
1349 1602 1426 1622 nova.
1446 1595 1548 1623 Idcirco
1563 1604 1628 1630 ergo
1651 1597 1767 1631 promis-

979 1639 1069 1667 sioues
1088 1646 1152 1667 suas
1166 1645 1279 1667 renovat
1293 1640 1374 1673 Deus,
1389 1645 1418 1668 ut
1431 1641 1557 1668 Ostendat
1571 1641 1619 1668 tibi
1637 1642 1700 1676 quia
1714 1642 1765 1669 de-

979 1685 1026 1714 bes
1039 1689 1067 1712 et
1079 1690 1109 1713 tu
1123 1685 1258 1715 renovari.
1276 1685 1335 1714 Non
1356 1691 1500 1720 permanet
1515 1686 1559 1713 ille
1571 1686 1598 1713 in
1613 1687 1764 1718 veteribus,

980 1737 1014 1757 ne
1027 1735 1054 1758 et
1067 1735 1094 1757 tu
1108 1735 1185 1758 vetus
1197 1731 1278 1758 homo
1293 1739 1464 1766 permaneas.
1476 1732 1513 1759 De
1526 1732 1595 1760 cosio
1607 1732 1663 1759 haec
1677 1732 1766 1767 loqui-

980 1781 1032 1809 tur,
1050 1782 1079 1804 ιιι
1098 1782 1126 1804 et
1144 1782 1172 1804 tu
1188 1777 1332 1812 imaginem
1345 1778 1464 1806 emisistis
1474 1779 1599 1813 accipias.
1617 1777 1682 1804 Nam
1699 1779 1767 1813 quid

980 1822 1028 1851 tibi
1043 1823 1153 1856 prodest
1167 1823 1223 1858 (56)
1238 1823 1260 1850 si
1271 1824 1340 1851 Deus
1352 1824 1460 1852 innovat
1476 1824 1682 1859 promissiones,
1696 1829 1725 1852 et
1737 1829 1767 1852 tu

980 1875 1033 1895 non
1054 1868 1212 1896 innoveris?
1229 1869 1251 1897 si
1276 1869 1321 1897 ille
1337 1870 1373 1899 de
1396 1869 1468 1897 celo
1487 1869 1625 1904 loquatur,
1638 1875 1666 1898 et
1685 1875 1714 1897 tu
1730 1871 1765 1898 de

979 1918 1054 1942 terra
1072 1914 1184 1941 audias?
1193 1913 1261 1947 Quid
1277 1914 1327 1942 tibi
1338 1914 1447 1950 prodeat
1459 1915 1481 1942 si
1494 1915 1564 1943 Deus
1577 1915 1768 1949 sejurameuto

979 1959 1153 1994 constringit,
1174 1964 1202 1987 et
1225 1965 1253 1986 tu
1274 1959 1332 1988 hzec
1351 1962 1428 1995 quasi
1459 1969 1627 1989 communem
1650 1963 1767 1990 audiens

980 2004 1098 2034 fabulam
1112 2006 1254 2033 transeas?
1269 2006 1359 2040 Quare
1374 2015 1426 2034 non
1440 2008 1598 2036 consideras
1613 2009 1686 2044 quod
1702 2016 1767 2044 pro-

979 2055 1038 2084 pter
1051 2056 1076 2078 te
1092 2051 1161 2078 Deus
1175 2050 1257 2079 etiam
1270 2058 1300 2078 ea
1315 2058 1376 2086 qum
1386 2057 1490 2080 natura
1505 2059 1561 2079 suae
1577 2057 1638 2087 apta
1655 2053 1768 2080 minimo

978 2097 1121 2129 videntur,
1139 2096 1333 2131 amplectitur?
1350 2096 1448 2125 .lurare
1467 2097 1566 2125 dicitur
1587 2098 1668 2131 Deus,
1686 2104 1716 2125 ut
1738 2103 1767 2126 tu

980 2143 1095 2170 audiens
1109 2149 1207 2176 paveas
1221 2147 1249 2170 et
1269 2142 1453 2176 intremiscas,
1466 2148 1493 2170 et
1509 2148 1583 2170 metu
1604 2149 1767 2171 consterna-

980 2193 1025 2218 tus
1043 2188 1182 2223 inquiras,
1195 2187 1263 2222 quid
1280 2187 1344 2215 illud
1368 2191 1473 2215 tantum
1498 2193 1539 2215 est
1560 2196 1608 2222 pro
1624 2197 1678 2223 quo
1696 2189 1770 2217 Deus

942 2229 1073 2269 Djurare
1087 2234 1189 2261 dicitur
1205 2233 1273 2269 (57).
1290 2233 1370 2261 Fiunt
1385 2241 1451 2269 ergo
1471 2234 1538 2267 lucc,
1553 2239 1583 2261 ut
1600 2239 1626 2261 tu
1646 2240 1769 2263 attentus

981 2286 1010 2308 et
1027 2280 1163 2309 sollicitus
1189 2280 1248 2312 tias,
1267 2284 1295 2307 et
1318 2280 1432 2307 audiens
1453 2280 1499 2307 tibi
1526 2281 1766 2315 repromissionem

981 2327 1072 2362 parari
1093 2326 1120 2353 in
1141 2325 1228 2358 cmlis,
1244 2326 1341 2361 vigiles
1360 2331 1388 2353 et
1413 2327 1536 2360 requiras
1549 2330 1681 2360 quatenus
1695 2327 1768 2354 divi-

982 2373 1024 2400 nis
1047 2371 1273 2407 prornissionibus
1298 2371 1396 2406 dignus
1422 2372 1549 2399 exsistas.
1574 2371 1773 2400 Verumtamen

981 2420 1056 2448 hunc
1073 2419 1161 2447 locum
1184 2423 1210 2446 et
1234 2419 1380 2453 Apostolus
1405 2419 1608 2454 interpretatur,
1626 2420 1720 2446 dicens
1731 2419 1768 2452 ³⁷,

983 2466 1046 2501 quia
1057 2465 1171 2493 Abraha:
1181 2465 1301 2500 promisit
1314 2464 1396 2496 Deus,
1408 2470 1432 2491 et
1444 2465 1537 2492 semini
1548 2465 1605 2499 ejus
1616 2472 1624 2491 :
1635 2473 1686 2491 non
1700 2465 1767 2492 dixit

985 2520 1007 2540 et
1026 2512 1167 2540 sentim'bus
1181 2512 1258 2547 quasi
1275 2512 1302 2538 in
1318 2511 1417 2545 multis,
1433 2511 1614 2546 sedtonquam
1626 2511 1653 2538 in
1666 2519 1730 2545 uno,
1743 2517 1766 2538 ct

1403 2581 1427 2598 ”
1443 2581 1452 2609 ι
1467 2561 1529 2610 Cor.
1544 2589 1589 2614 xv,
1605 2581 1645 2614 l7,
1662 2581 1708 2614 ts,
1723 2581 1767 2609 ιθ.

986 2587 1028 2619 l3,
1046 2586 1086 2613 l7.
1141 2586 1163 2601 ⁸³
1178 2583 1249 2611 Psal.
1266 2591 1310 2616 cx,
1323 2583 1349 2610 .i.

982 2713 1047 2732 mss.
1059 2709 1089 2732 ut
1104 2704 1130 2731 in
1150 2708 1243 2730 nostro
1256 2706 1342 2729 textu.
1359 2700 1430 2728 lnl‘ra
1446 2699 1527 2727 iidem
1545 2705 1621 2729 mss..
1637 2699 1688 2725 nisi
1707 2704 1772 2725 tan-

983 2749 1036 2767 tunt
1051 2740 1119 2770 quod
1133 2739 1221 2766 eduxit
1238 2745 1296 2764 eum
1308 2736 1392 2770 [or-as.
1408 2736 1435 2761 ln
1451 2735 1532 2761 editis
1546 2735 1621 2761 deest
1635 2741 1687 2761 Vox
1705 2735 1770 2764 usi.

1018 2749 1036 2766 ιιι
1069 2749 1117 2766 uoa
1133 2749 1220 2766 eauxu
1238 2749 1296 2764 eum
1308 2749 1392 2770 [υιιιδ.
1408 2749 1435 2761 ιιι
1451 2749 1516 2761 cuiu

1018 2749 1074 2811 (51)
1090 2774 1175 2811 illius,
1192 2773 1292 2800 scribit.
1309 2771 1386 2811 ill-ss.”
1404 2770 1517 2811 scripsit.

1095 2809 1157 2835 Mss.
1176 2806 1412 2844 exumtes.‘A_lias,
1424 2806 1522 2844 eruite.

1019 2841 1075 2878 (56)
1093 2844 1178 2874 Alias,
1199 2842 1316 2876 nunquid
1331 2841 1377 2868 tibi
1391 2842 1506 2875 prodest.

1018 2879 1074 2915 (57)
1094 2878 1178 2912 Alias,
1195 2878 1307 2904 dicatur.
