1900 3060
145 112 200 142 '2l5

879 114 1038 143 ORZGENIS

1723 116 1778 144 216

147 174 224 201 ducit
243 173 270 201 iu
291 173 350 208 lege
370 174 471 208 peccati
484 175 513 200 "t
532 174 578 201 Sic
594 181 658 207 ergo
673 174 861 209 unusquisque
888 182 934 202 no-
950 176 974 204 Α
988 174 1096 201 auditis.
1116 175 1250 202 Abraham
1263 176 1331 202 enim
1349 176 1413 202 duos
1430 176 1499 209 ﬁlios
1524 175 1626 208 habuit,
1654 181 1681 203 et
1695 181 1779 203 ciete-

147 224 234 245 slrum
250 221 317 247 satis
336 224 410 254 agat,
425 224 455 247 ut
469 224 497 246 et
510 220 535 246 in
548 227 594 247 sua
611 219 713 252 anima,
727 224 754 247 et
768 220 794 247 in
806 229 856 248 suo
873 228 934 248 cor-

146 272 214 300 pore
230 265 321 293 vincat
334 265 457 294 Christus
471 265 643 294 adversarios
660 274 735 300 suos,
748 270 776 294 et
787 267 935 301 snbjiciens

147 319 197 339 cos
210 319 242 338 ac
258 311 427 346 triumphans
445 311 527 339 etiam
551 319 607 338 sua:
623 312 721 339 anima:
741 313 877 347 possideat
896 313 935 339 ci-

146 358 271 385 vitatem.
295 357 351 384 lloc
369 357 441 384 enim
458 357 538 384 modo
553 357 586 384 de
607 362 685 392 parte
707 357 766 391 ejus
792 357 934 390 elficiinur,

146 405 181 431 de
197 408 273 438 parte
285 402 395 429 meliore
410 409 473 437 qua:
488 407 530 430 est
546 403 618 430 sicut
637 402 723 430 stella:
739 402 801 430 caeli
817 403 842 430 in
855 403 935 430 clari-

148 452 214 480 tate,
236 452 302 474 utet
314 455 364 474 nos
380 448 595 475 benedictionem
607 447 722 476 Abrahae
736 456 832 483 capere
846 450 934 484 possi-

147 499 218 523 mus,
235 499 282 526 pcr
299 491 437 519 Christum
458 491 603 520 Dominum
625 498 759 526 nostrum,
775 494 818 521 cui
832 499 874 522 est
887 494 934 522 ho-

148 546 198 565 nor
209 542 236 565 et
255 537 341 573 gloria
358 537 414 574 (61)
428 537 455 565 in
468 538 567 565 sazcula
581 539 752 566 saeculorum.
765 539 861 567 Amen.

440 583 581 612 HOMILIA
604 585 637 612 Χ.

147 629 186 656 Dc
203 629 329 662 Rebecca,
349 638 407 657 cum
429 631 522 658 exisset
542 631 576 657 (ιιι
593 639 689 666 aquam
711 631 896 664 hauriendam,
909 636 933 659 et

334 666 490 692 occurrisset
505 667 529 693 ei
540 674 605 699 puer
617 667 741 693 Abra/ia'.

163 712 166 715 '
185 711 210 737 Ι.
225 710 601 747 lsaac,inquitScriptura”,
612 711 932 740 crcscebatctcmilorta-

147 757 238 788 batur,
266 757 291 783 id
313 761 354 784 est
374 757 503 792 gaudium
525 758 666 785 crescebat
695 757 813 785 Abrahae
845 758 933 792 respi-

147 803 233 829 cienti
249 810 303 830 non
316 804 350 830 ad
365 811 397 830 ea
415 810 475 838 qua:
488 803 623 835 videntur,
637 803 683 830 sed
699 810 759 837 quae
772 810 824 830 non
840 804 933 830 viden-

148 853 203 875 tur.
221 848 278 876 Non
294 850 366 876 enim
383 848 519 884 gaudebat
537 848 570 875 de
588 849 768 883 prmsentibus
781 848 931 882 Abraham,
950 844 971 870 Β

146 902 236 929 neque
253 895 286 922 de
302 895 404 923 divitiis
425 895 518 922 mundi
539 900 563 922 cl
579 896 686 923 actibus
704 895 806 923 saeculi.
820 895 873 922 Sed
892 896 934 923 vis

146 942 242 969 audire
255 941 393 969 Abraham
407 942 478 969 unde
490 941 637 976 gauderet?
653 941 725 968 Audi
741 941 883 970 Dominttm
899 941 932 968 ad

145 987 254 1016 Judzcos
270 988 403 1015 dicentem
415 988 435 1003 “
451 996 457 1015 :
472 988 605 1014 Abraham
618 992 692 1022 pater
706 992 787 1014 vester
798 987 933 1014 desidera-

145 1035 180 1060 ιιὶι
207 1039 234 1060 ut
251 1034 345 1061 videret
368 1034 436 1061 diem
463 1038 597 1066 meuni,el
613 1034 689 1066 vidit,
702 1039 725 1061 et
747 1034 853 1069 gavisus
882 1037 932 1060 est.

146 1080 199 1106 Per
218 1079 269 1106 hoc
292 1086 357 1114 ergo
383 1079 524 1107 crescebat
544 1079 632 1112 Isaac,
655 1087 704 1114 per
721 1080 793 1114 quod
815 1079 932 1107 Abraha:

144 1125 215 1152 visio
229 1125 273 1152 illa
297 1133 348 1160 qua
363 1125 471 1153 videbat
483 1125 584 1153 Christi
605 1125 688 1159 diem,
706 1130 734 1153 et
748 1133 810 1160 spes
824 1134 884 1160 qua:
905 1125 931 1153 in

144 1171 204 1205 ipso
219 1175 272 1204 est,
289 1171 388 1204 gaudia
403 1171 573 1199 cumulabat.
588 1172 678 1206 Atque
692 1172 797 1199 utinam
810 1171 932 1200 allicere-

145 1218 211 1245 iniui
233 1218 315 1245 etiam
340 1226 388 1246 vos
412 1218 487 1246 Isaac
509 1223 537 1246 ct
560 1219 658 1246 essetis
683 1220 810 1253 gaudium
837 1219 932 1247 matris

148 1269 249 1291 vestra:
267 1264 411 1291 Ecclesitel
436 1264 488 1291 Sed
503 1271 599 1291 vereor
618 1271 651 1291 ne
665 1264 754 1292 adhuc
771 1264 797 1291 in
823 1264 932 1292 tristitia

144 1316 171 1338 et
183 1311 283 1346 gemitu
295 1310 417 1338 Ecclesia
438 1310 508 1337 lilios
523 1309 620 1344 pariat.
638 1310 734 1337 Annon
754 1314 794 1337 est
806 1310 831 1337 ei
845 1310 931 1337 tristi-

145 1359 183 1385 tia
209 1363 238 1384 et
262 1357 389 1391 gemitus,
411 1363 473 1384 cum
496 1362 544 1382 vos
569 1362 623 1382 non
647 1355 800 1383 convenitis
815 1355 872 1391 (62)
897 1355 931 1382 ad

146 1404 312 1432 audiendum
338 1403 384 1431 Dei
410 1403 532 1433 verbum,
550 1406 579 1429 ct
603 1402 646 1428 vix
673 1401 751 1429 festis
778 1402 874 1430 diebus
897 1402 932 1430 ad

145 1450 289 1479 ecclesiam
302 1450 458 1485 proceditis,
468 1453 494 1476 et
506 1449 556 1476 hoc
569 1456 622 1476 non
636 1453 690 1475 tam
701 1448 834 1476 desiderio
846 1449 931 1483 verbi,

145 1505 227 1532 quam
240 1497 331 1524 studio
349 1485 547 1532 solemnitatis,
555 1499 582 1522 et
600 1494 716 1529 publica:
731 1495 932 1530 quodammodo

146 1543 318 1570 remissionis
339 1541 469 1569 obtentu?
490 1540 560 1574 Quid
585 1540 668 1575 igitur
689 1547 740 1575 ego
763 1540 873 1573 iaciam,
887 1541 930 1568 cui

147 1588 317 1625 dispensatio
334 1587 409 1615 verbi
428 1587 531 1615 credita
543 1585 600 1614 est?
613 1585 663 1618 Qtti
678 1585 741 1613 licet
759 1586 862 1613 inutilis
877 1594 932 1614 scr-

146 1643 196 1663 vus
220 1635 284 1668 sim,
314 1633 407 1669 accepi
431 1637 521 1661 tamen
542 1641 557 1660 a
576 1632 690 1660 Domino
717 1632 930 1660 distribuendam

146 1681 259 1710 familia:
279 1680 425 1708 Dominicis:
440 1679 523 1706 tritici
540 1685 708 1706 mensuram.
725 1677 778 1706 Sed
792 1677 853 1704 vide
866 1677 932 1712 qtiid

146 1729 220 1756 addit
245 1735 334 1756 sermo
359 1726 466 1754 Domini
483 1737 488 1754 :
504 1725 732 1757 Distribuendam,
759 1724 889 1759 inquit",
904 1725 931 1750 iu

147 1780 262 1809 tempore
279 1774 359 1801 tritici
382 1780 541 1800 mensuram.
567 1771 637 1805 Quid
662 1778 726 1806 ergo
746 1770 864 1798 faciam?
879 1769 930 1797 Ubi

145 1819 187 1846 \‘el
206 1819 314 1854 quando
333 1822 452 1846 vestrum
480 1821 587 1852 tempus
610 1815 763 1844 inveniam?
782 1814 930 1842 Plurimum

145 1873 178 1893 ex
193 1866 256 1899 hoc,
274 1865 330 1892 imo
347 1872 418 1899 pene
433 1867 519 1891 tottnn
532 1868 638 1898 tempus
652 1862 797 1890 mundanis
815 1868 932 1896 occupa-

146 1910 266 1938 tionibus
289 1910 377 1938 terilis
398 1910 424 1937 in
446 1909 516 1941 loro,
537 1909 610 1936 aliud
626 1908 652 1935 in
670 1907 857 1942 negotiatione
870 1914 932 1934 con-

145 1957 271 1990 sumitis;
296 1957 366 1984 alius
386 1964 462 1991 agro,
479 1956 549 1983 alius
569 1954 663 1983 litibus
684 1959 773 1985 vacat,
788 1957 815 1980 et
829 1953 862 1980 ad
881 1959 931 1979 au-

146 2004 275 2031 tliendttm
294 2002 339 2030 Dei
364 2002 475 2029 verbum
502 2008 595 2033 nemo,
608 2005 655 2027 aut
682 1999 761 2034 pauci
786 1999 931 2026 admodum

145 2054 256 2077 vacant.
271 2048 324 2076 Sed
341 2047 405 2082 quid
417 2055 464 2075 vos
475 2047 509 2074 de
520 2046 743 2082 occupationibus
755 2045 853 2080 culpo?
863 2044 932 2078 Quid

145 2096 180 2123 de
203 2094 361 2122 absentibus
386 2092 565 2128 conqueror?
581 2092 734 2120 Praisentes
752 2091 834 2119 etiam
859 2096 886 2118 et
905 2091 931 2118 in

147 2141 268 2168 Ecclesia
291 2139 371 2175 positi
399 2147 451 2166 non
478 2138 545 2166 estis
564 2138 679 2171 intenti,
698 2138 744 2165 sed
773 2144 932 2165 communes

987 227 1028 251 ra,
1049 220 1147 254 quibus
1161 221 1234 247 addit
1250 229 1256 246 :
1273 220 1339 253 Qua:
1351 227 1411 248 sunt
1426 222 1578 256 allegorica.
1593 221 1719 255 Nunquid
1732 230 1779 249 sa-

986 270 1123 292 cramenta
1142 265 1209 300 legis
1226 266 1266 293 eis
1280 267 1396 300 aperuit,
1413 267 1458 300 qui
1475 274 1562 301 neque
1585 267 1710 299 audiunt,
1727 273 1779 295 ne-

985 316 1039 343 que
1055 309 1146 345 legunt
1162 311 1266 345 legem?
1281 312 1333 338 Sed
1350 311 1436 347 legem
1470 312 1621 347 legentibus
1640 313 1749 341 diccbat
1766 322 1776 341 :

988 354 1079 389 Legem
1096 364 1147 382 non
1163 357 1286 384 audistis.
1304 357 1443 390 Quomodo
1460 365 1525 392 ergo
1552 364 1648 393 potero
1672 364 1778 394 myste-

986 400 1026 427 ria
1057 401 1123 436 legis
1154 407 1181 429 et
1201 402 1364 436 allegorias,
1393 411 1462 437 quas
1489 403 1524 430 ab
1539 404 1667 438 Apostolo
1684 405 1776 432 edocti

985 452 1090 480 sumus,
1107 447 1213 480 aperire
1225 451 1253 475 et
1268 448 1381 482 prodere
1398 449 1451 482 his,
1468 449 1567 483 quibus
1581 454 1608 476 et
1626 450 1730 477 auditio
1747 455 1777 477 et

984 491 1068 518 lectio
1082 491 1148 527 legis
1167 493 1305 528 incognita
1318 493 1377 520 est?
1401 494 1532 528 Asperior
1558 494 1675 523 fortasse
1696 495 1777 522 vobis

984 538 1089 571 videor,
1106 537 1153 566 sed
1169 546 1222 566 non
1239 547 1348 574 possum
1361 539 1442 567 linire
1459 541 1592 575 parietem
1610 541 1775 575 lapsantem.

985 583 1080 612 Timeo
1092 584 1163 611 enim
1180 584 1243 611 illud
1271 585 1342 619 quod
1368 586 1501 620 scriptum
1529 592 1571 614 est
1587 587 1608 603 ”
1627 595 1634 613 :
1653 586 1775 620 Populus

984 637 1068 660 metu,
1083 629 1128 664 qui
1143 630 1295 663 beatiﬁcant
1309 638 1364 661 vos.
1380 631 1509 658 reducunt
1535 639 1591 664 vos,
1624 636 1649 658 et
1664 632 1775 658 seruitus

983 674 1078 707 pedum
1094 680 1236 702 vestrorum
1254 677 1423 709 conturbant,
1457 681 1583 712 tanquam
1600 676 1671 704 ﬁlios
1697 684 1776 704 meos

984 720 1162 748 charissimos
1175 728 1283 749 moneo.
1293 721 1377 749 .‘lliror
1389 723 1410 749 si
1425 723 1543 749 nondum
1562 721 1641 749 vobis
1655 721 1776 749 innotuit

984 767 1026 793 via
1040 767 1143 794 Christi
1159 774 1166 793 :
1194 767 1216 794 si
1233 774 1266 794 ne
1293 767 1345 795 hoc
1360 768 1469 802 quidem
1482 767 1606 799 audistis.
1629 767 1701 802 quod
1718 775 1773 794 non

984 818 1026 840 est
1041 812 1093 839 lata
1109 817 1136 840 et
1157 815 1288 847 spatiosa,
1315 814 1361 841 sed
1381 819 1455 841 arcta
1471 818 1500 841 et
1514 817 1628 848 angusta
1654 813 1697 839 via
1730 818 1775 840 est

985 865 1045 893 quae
1058 858 1133 885 ducit
1146 858 1179 885 ad
1195 858 1279 886 vitam
1295 860 1326 887 ¹⁶.
1342 859 1376 887 Ει
1389 867 1437 887 vos
1449 866 1515 893 ergo
1536 859 1638 886 intrate
1652 865 1702 893 per
1723 866 1774 884 an-

984 907 1089 936 gustam
1103 907 1220 938 portam,
1235 904 1380 939 relinquite
1392 905 1570 940 pereuntibus
1585 903 1771 931 latitudinem.

985 947 1048 974 Nec:
1057 949 1200 983 prwcessit,
1231 949 1286 976 dies
1302 954 1389 976 autem
1412 949 1640 984 appropinquavit,
1677 952 1705 974 ut
1721 947 1773 982 ﬁlii

983 992 1049 1019 lucis
1066 993 1199 1020 ambulate
1214 993 1246 1020 ¹⁷.
1263 993 1375 1028 Tempus
1398 995 1472 1021 breve
1487 999 1537 1026 est,
1561 998 1678 1028 superest
1703 997 1731 1019 ut
1747 997 1773 1019 et

982 1039 1027 1073 qui
1040 1038 1136 1065 habent
1154 1047 1249 1066 uxores
1267 1038 1335 1074 (64).
1353 1044 1478 1074 tanquam
1501 1047 1553 1066 non
1568 1039 1690 1065 habente:
1706 1037 1772 1070 sint,

983 1088 1008 1110 et
1025 1084 1069 1118 qui
1084 1088 1196 1110 utuntur
1210 1085 1259 1111 hoc
1274 1087 1383 1118 mundo,
1400 1089 1525 1120 tanquam
1542 1091 1593 1110 non
1610 1088 1720 1110 utantur
1735 1082 1772 1110 ¹⁸.

984 1129 1050 1156 Sine
1065 1129 1271 1157 intermissione
1286 1130 1422 1157 orandum
1438 1130 1585 1165 Apostolus
1599 1129 1721 1164 praecipit
1737 1128 1772 1155 ".

983 1175 1038 1203 Vos
1054 1176 1100 1210 qui
1116 1176 1150 1203 ad
1165 1175 1304 1204 orationes
1317 1184 1370 1204 non
1389 1176 1554 1207 convenitis,
1569 1175 1704 1210 quomodo
1719 1175 1774 1201 im-

983 1220 1062 1255 pletis
1079 1221 1138 1248 sine
1160 1221 1372 1253 interniissione,
1395 1222 1468 1256 quod
1498 1229 1605 1257 semper
1626 1220 1774 1249 emittitis?

984 1267 1037 1294 Sed
1053 1271 1080 1293 et
1091 1266 1220 1294 Dominus
1235 1267 1358 1302 praecipit
1372 1267 1394 1283 ὀ
1409 1276 1415 1294 :
1436 1266 1549 1302 Vigilate
1561 1273 1585 1294 et
1599 1272 1673 1294 orate
1685 1274 1718 1295 ne
1729 1268 1773 1295 irt-

983 1312 1056 1339 tretis
1069 1313 1096 1339 in
1111 1313 1291 1341 tentationem.
1308 1313 1385 1346 Quod
1397 1313 1418 1340 si
1433 1313 1471 1340 illi
1489 1313 1633 1349 vigilantes
1648 1320 1675 1342 et
1687 1322 1771 1342 oran-

984 1363 1033 1390 tes,
1055 1363 1082 1386 et
1096 1365 1206 1393 semper
1223 1359 1306 1386 verbo
1321 1359 1369 1386 Dei
1398 1360 1575 1392 adhmrentes,
1593 1360 1772 1387 tentationem

984 1409 1074 1432 tamen
1092 1411 1264 1439 nequaquam
1278 1404 1443 1439 elfugerunt,
1458 1406 1522 1440 quid
1554 1404 1657 1432 faciunt
1684 1405 1710 1432 hi
1724 1406 1771 1439 qui

983 1451 1077 1479 diebus
1103 1454 1207 1478 tantum
1240 1450 1408 1479 solemnibus
1433 1452 1467 1478 ad
1496 1451 1640 1479 ecclesiam
1670 1458 1774 1478 conve—

984 1496 1081 1524 niunt?
1096 1496 1126 1523 Si
1150 1496 1242 1530 justus
1267 1497 1310 1523 uia;
1326 1497 1414 1524 saluus
1428 1497 1483 1531 ﬁet,
1499 1502 1619 1531 peccator
1634 1501 1659 1524 et
1673 1496 1771 1531 impius

958 1534 966 1545 ‘
983 1543 1027 1570 ubi
1039 1542 1165 1577 parebunt
1178 1542 1220 1569 ιιι
1232 1542 1308 1578 Piget
1320 1550 1363 1570 me
1380 1543 1470 1571 dicere
1486 1543 1586 1577 aliquid
1602 1550 1635 1569 ex
1651 1542 1692 1570 bis
1708 1549 1771 1576 qua:

981 1589 1051 1618 lecta
1066 1594 1139 1617 sunt.
1155 1588 1223 1616 Nam
1236 1593 1263 1616 et
1278 1588 1426 1624 Apostolus
1443 1588 1509 1616 dicit
1531 1589 1563 1616 de
1580 1588 1770 1622 huiuscemodi

982 1635 1167 1666 sermonibus,
1194 1633 1257 1668 quia
1278 1633 1515 1668 ininterpretabilea
1543 1637 1603 1660 sunt
1619 1633 1653 1659 ad
1673 1633 1768 1659 dit-en-

982 1682 1045 1708 dum
1057 1689 1067 1714 ;
1081 1681 1207 1717 quoniam
1220 1689 1274 1715 vos,
1289 1680 1377 1715 inquit
1393 1680 1428 1713 ",
1445 1679 1585 1706 imbecilles
1615 1679 1680 1713 [acti
1706 1680 1772 1706 eatis

981 1729 1015 1754 ad
1032 1728 1205 1755 audiendum.

1017 1775 1045 1803 ‘3.
1059 1775 1206 1802 Videamus
1221 1779 1309 1801 tamen
1321 1773 1372 1801 hoc
1385 1773 1456 1808 quod
1469 1772 1545 1800 nobis
1570 1771 1651 1799 modo
1666 1771 1770 1798 recita-

983 1826 1040 1849 tum
1056 1825 1107 1849 est.
1126 1820 1250 1853 Rebecca,
1278 1819 1367 1854 inquit
1381 1819 1414 1852 ”,
1431 1819 1548 1846 veniebat
1572 1825 1631 1844 cum
1655 1817 1766 1851 ﬁliabus

981 1867 1094 1894 civitatis
1113 1866 1221 1893 haurire
1234 1873 1331 1900 aquam
1351 1865 1383 1892 de
1393 1869 1482 1899 puteo.
1506 1863 1629 1891 Rebecca
1644 1862 1770 1898 quotidie

980 1912 1106 1940 veniebat
1121 1913 1155 1939 ad
1180 1916 1285 1947 puteos,
1311 1911 1434 1945 quotidie
1449 1909 1592 1937 hauriebat
1604 1915 1715 1943 aquam.
1738 1909 1771 1936 Et

982 1959 1044 1994 quia
1056 1959 1176 1993 quotidie
1193 1958 1307 1985 vacabat
1328 1957 1361 1984 ad
1389 1961 1498 1991 puteos,
1523 1955 1627 1983 idcirco
1650 1955 1770 1982 inveniri

982 2002 1070 2038 potuit
1083 2010 1098 2029 a
1114 2009 1198 2037 puero
1212 2002 1399 2034 Abraham,et
1412 2001 1438 2028 in
1452 2000 1655 2028 matrimonium
1669 1999 1770 2027 sociari

983 2048 1069 2076 Isaac.
1085 2048 1148 2075 Haec
1161 2048 1264 2075 fabulas
1277 2048 1378 2083 putatis
1390 2054 1460 2080 esse,
1473 2051 1500 2074 et
1512 2046 1643 2074 historias
1655 2051 1770 2072 narrare

984 2094 1010 2121 in
1034 2094 1185 2128 Scripturis
1211 2093 1343 2128 Spiritum
1368 2093 1515 2120 sanctum?
1540 2092 1701 2119 Animarum
1728 2095 1771 2118 est

983 2140 1035 2168 ista
1063 2140 1191 2173 eruditio,
1212 2145 1240 2166 et
1258 2138 1390 2174 spiritalis
1415 2138 1550 2170 doctrina,
1568 2144 1628 2171 qua:
1646 2141 1671 2163 te
1691 2136 1770 2163 insti-

147 2195 180 2214 cx
203 2194 252 2214 usu
277 2185 384 2213 fabulas
407 2184 505 2216 teritis,
523 2183 606 2211 verbo
631 2184 679 2211 Dei
702 2183 743 2210 vel
768 2183 931 2210 lectionibus
947 2189 968 2216 ι)
984 2186 1046 2219 luit,
1061 2190 1089 2213 el
1102 2185 1181 2212 ἀοι-ει
1191 2184 1314 2219 quotidie
1329 2183 1422 2210 venire
1440 2182 1473 2210 ad
1500 2187 1597 2217 puteos
1612 2181 1769 2215 Scriptura-

147 2233 246 2261 divinis
272 2237 346 2267 terga
370 2231 538 2259 convertitis.
564 2230 666 2258 Vereor
691 2237 724 2257 ne
751 2234 778 2257 et
794 2229 870 2257 vobis
887 2229 930 2256 di-

147 2284 225 2307 catur
237 2279 292 2314 87
309 2285 323 2305 a
340 2276 454 2305 Domino
471 2277 548 2310 illud,
562 2276 632 2311 quod
648 2283 696 2311 per
711 2275 870 2311 prophetam
889 2275 931 2302 di-

146 2331 220 2353 ctum
233 2332 274 2352 est
293 2325 315 2341 ¹¹
330 2333 337 2351 :
353 2324 539 2351 Converteruut
553 2323 586 2349 arl
598 2330 638 2349 me
648 2322 739 2353 dorsa,
750 2326 773 2348 et
785 2329 836 2348 non
850 2321 931 2356 facies

148 2380 222 2399 suas.
242 2371 312 2405 Quid
331 2371 414 2406 igitur
428 2376 478 2403 ego
494 2369 600 2401 faciam,
617 2368 660 2395 cui
677 2367 857 2394 ministeriutn
871 2374 930 2394 ver-

149 2418 174 2445 bi
194 2418 239 2445 Dei
255 2417 387 2444 creditum
403 2416 465 2443 est?
483 2415 548 2448 Qua:
572 2415 699 2449 leguntur
718 2415 831 2449 mystica
856 2419 931 2446 sunt,

147 2463 175 2492 in
187 2463 340 2499 allegoricis
353 2462 512 2497 exponenda
529 2467 592 2490 sunt
606 2461 794 2490 sacramentis.
804 2461 933 2488 Possum-

148 2516 183 2536 ne
201 2510 290 2537 surdis
304 2513 331 2536 et
359 2509 466 2536 aversis
495 2509 607 2535 auribus
631 2509 755 2542 iugcrcrc
771 2507 933 2542 margaritas

147 2554 222 2582 verbi
239 2555 303 2582 Dei?
319 2554 376 2581 Non
392 2555 426 2581 ita
440 2553 495 2588 egit
510 2554 566 2589 (65)
596 2553 749 2588 Apostolus.
780 2552 846 2580 Vide
862 2553 932 2580 enini

148 2599 212 2634 quid
226 2599 310 2626 dicit:
325 2600 376 2632 Qui
390 2600 481 2635 legem,
497 2599 585 2634 inquit
602 2599 634 2632 “,
648 2599 744 2634 legitis,
770 2598 851 2633 legem
883 2606 933 2625 non

202 2646 212 2661 ⁹
227 2645 303 2671 Rom.
320 2652 368 2677 vn,
380 2644 426 2671 25.

149 2686 187 2712 tv,
201 2680 246 2707 ei.
285 2679 307 2695 ¹⁵
321 2679 370 2707 lsa.
387 2687 429 2710 Ill,
443 2679 485 2706 l2.
525 2679 545 2695 ²⁵
562 2679 658 2706 Matth.
670 2686 717 2711 vn,
731 2679 773 2705 l5.

150 2720 208 2747 inv,
225 2714 268 2742 58.
309 2714 329 2730 ²¹
346 2714 354 2740 l
369 2714 444 2742 Pctr.
461 2722 498 2747 tv,
514 2714 555 2741 18.
595 2715 617 2730 ”
632 2713 712 2741 llcbr.
729 2721 756 2746 v,
779 2713 820 2741 ll.

185 2759 291 2792 (Gll'lla
309 2767 374 2786 mss.
391 2759 473 2790 Alias,
492 2759 577 2793 gloria
590 2764 613 2785 et
630 2759 777 2793 imperium.

187 2795 243 2827 (62)
258 2795 322 2821 Cum
337 2803 380 2821 ros
402 2803 452 2820 non
471 2794 623 2825 convenitis,
638 2798 691 2820 etc.
707 2794 778 2820 Cital
802 2794 873 2820 hunc
892 2794 931 2820 lo-

147 2836 209 2859 Cmn
227 2829 308 2858 Jonas
321 2830 459 2857 Aurelian.
476 2829 522 2856 lib.
537 2836 545 2855 ι
559 2828 594 2855 De
609 2829 692 2856 ὅιιδιιι.
709 2829 784 2862 (uia,
807 2837 868 2863 cap.
888 2829 927 2855 ll.

472 2644 493 2660 ¹⁰
506 2643 604 2671 Genes.
618 2651 676 2675 ut,
694 2643 720 2671 8.
756 2644 776 2659 “
791 2643 869 2670 Joan.
883 2651 942 2675 vni,
959 2643 1004 2671 56.
1041 2644 1062 2659 ¹¹
1077 2643 1141 2670 Luc.
1165 2650 1213 2676 ιιιι,
1227 2642 1271 2669 η.

472 2681 485 2705 ε.
525 2679 545 2695 ²⁵
562 2679 658 2705 Matth.
670 2686 717 2705 vn.
731 2679 773 2705 15.
813 2679 833 2694 ¹⁷
847 2678 923 2704 Rom.
936 2687 995 2705 xui.
1007 2678 1048 2705 l2.
1088 2678 1130 2704 ¹⁵Ι
1146 2677 1208 2705 Cor.
1222 2685 1270 2705 vn.

870 2685 923 2704 om.
936 2687 995 2711 xm,
1007 2685 1048 2705 tu.

985 2240 1055 2265 rum,
1068 2232 1101 2258 ad
1119 2238 1204 2266 aquas
1220 2230 1338 2265 Spiritus
1352 2229 1451 2261 sancti,
1479 2233 1505 2256 et
1524 2228 1634 2256 haurire
1662 2233 1770 2261 semper

984 2283 1016 2304 ac
1042 2276 1149 2310 plenum
1167 2283 1215 2302 vas
1231 2276 1341 2302 domum
1372 2274 1488 2305 referre,
1507 2273 1578 2300 sicut
1604 2271 1723 2299 faciebat
1742 2275 1770 2298 et

984 2327 1077 2349 sancta
1096 2321 1229 2354 Rebecca,
1244 2328 1304 2355 quin
1316 2328 1369 2348 non
1385 2319 1546 2355 alitcrjungi
1561 2318 1696 2354 potuisset
1710 2321 1768 2343 tan-

984 2371 1012 2395 to
1038 2367 1201 2402 patriarcha:
1229 2366 1316 2398 Isaac,
1344 2366 1390 2401 qui
1418 2373 1450 2393 ex
1467 2363 1676 2400 repromissione
1690 2367 1770 2389 natus

985 2419 1038 2447 est,
1055 2414 1106 2441 nisi
1125 2413 1275 2441 hauriendo
1290 2420 1392 2448 aquas;
1408 2413 1471 2439 etin
1488 2415 1592 2438 tantum
1606 2408 1768 2440 hauriendo,

987 2467 1016 2490 nt
1030 2470 1082 2489 non
1095 2461 1180 2489 solum
1193 2465 1288 2496 potare
1302 2465 1394 2496 posset
1405 2466 1451 2487 eos
1467 2459 1514 2493 qui
1534 2457 1605 2485 domi
1623 2459 1698 2488 sunt,
1721 2455 1770 2482 sed

985 2512 1012 2535 et
1028 2515 1140 2542 puerum
1152 2506 1285 2539 Abrahas;
1305 2510 1397 2533 etnon
1415 2508 1518 2531 tantum
1535 2509 1659 2537 puerum,
1677 2500 1724 2527 sed
1742 2504 1770 2526 et

985 2560 1017 2581 eo
1031 2560 1116 2588 usque
1130 2552 1282 2579 abundaret
1295 2550 1384 2585 aquis,
1410 2557 1478 2584 quas
1502 2548 1644 2576 hauriebat
1668 2546 1702 2572 de
1718 2552 1768 2579 pu-

987 2599 1047 2630 teis,
1064 2603 1093 2625 ut
1107 2602 1135 2625 ct
1153 2597 1270 2625 camelos
1285 2596 1521 2632 possetadaquare
1533 2613 1541 2626 ,
1557 2600 1690 2627 usquequo
1714 2598 1769 2617 ces-

1312 2641 1333 2657 ¹³
1348 2641 1446 2668 Jcrem.
1461 2646 1537 2669 xviii,
1550 2638 1589 2665 l7.
1645 2637 1666 2652 ”
1678 2637 1767 2663 Galat.

1088 2678 1130 2704 ¹⁵Ι
1146 2673 1322 2711 Cor.'vit,‘29.
1363 2677 1383 2691 '9
1395 2676 1402 2702 l
1416 2676 1512 2702 Thess.
1529 2682 1554 2706 v,
1571 2673 1612 2700 l7.
1651 2673 1674 2687 ¹⁰
1684 2673 1769 2699 Marc.

860 2713 882 2729 ²³
893 2712 991 2741 Genesi.
1005 2721 1079 2746 xxiv,
1097 2713 1140 2739 l5.

1021 2759 1077 2791 (63)
1094 2757 1169 2791 Mss.,
1185 2757 1252 2789 egit,
1267 2756 1334 2783 alias
1350 2757 1397 2782 ait.
1412 2791 1415 2792 ν
1481 2789 1495 2792 Α
1512 2789 1518 2792 Δ
1609 2788 1615 2792 _
1715 2787 1719 2792 '

986 2829 990 2833 Ι
1020 2788 1076 2827 (ιιι)
1096 2788 1167 2820 γυιι⁷
1183 2800 1277 2819 uxorcs
1306 2792 1381 2819 deest
1411 2791 1436 2817 in
1455 2789 1544 2822 editis,
1570 2788 1615 2816 scd
1633 2788 1768 2823 reperitur

985 2837 1011 2856 ΙΙΙ
1027 2836 1089 2855 11155.
