1900 3060
83 145 129 173 ΞΠ

688 143 721 171 ΙΝ
734 143 882 171 GENESIM
900 142 1040 170 llOMlLlA
1058 142 1091 170 Χ.

1652 141 1705 169 218

84 212 175 239 terant,
204 206 295 241 inquit
309 206 342 238 ",
359 205 483 232 bibentes.
518 204 644 240 Mysteria
675 209 738 232 sunt
767 208 866 232 cuncta
881 207 903 234 Α
919 211 988 230 mus.
1001 203 1133 231 llabetote
1144 203 1316 238 patientiam,
1340 202 1403 237 quia
1416 202 1450 229 de
1468 201 1592 229 Rebecca
1614 202 1703 234 nobis,

85 259 137 287 qua:
153 252 255 286 scripta
271 255 352 278 sunt;
369 250 425 277 vult
440 255 465 277 te
477 250 600 277 Christus
615 250 666 277 sibi
680 251 864 283 desponsare:

85 298 113 324 ad
132 302 156 324 te
167 297 241 324 ettim
258 296 379 331 loquitur
393 303 441 330 per
463 296 636 330 prophetam,
651 295 743 322 dicens
756 295 778 311 ’⁸
793 303 800 322 ε
813 294 867 322 De-

85 343 209 377 sponsabo
223 347 248 370 te
260 342 326 369 milii
340 342 367 368 in
378 346 515 373 a'ternum,
529 345 553 367 et
575 341 736 376 desponsabo
753 346 777 367 te
805 342 867 368 milii

85 388 107 415 in
121 389 172 423 [ide
187 393 211 414 et
227 388 422 419 misericordia,
435 392 458 413 et
470 395 609 422 cognosces
625 386 779 414 Dominum.
799 387 866 419 Quia

84 442 144 468 ergo
159 433 218 460 vult
234 438 262 460 et
277 438 302 460 te
318 433 369 460 sibi
386 432 511 460 Christus
524 433 692 467 despondere
703 433 771 466 (65),
785 432 811 459 id
827 437 869 459 est

84 479 257 513 desponsare,
276 478 418 513 praamittit
445 478 479 505 ad
502 482 528 505 te
544 478 624 505 istum
651 485 775 512 puerum.
797 477 869 505 Puer

85 523 132 551 istc
145 531 236 551 sermo
251 524 429 557 propheticus
452 527 503 555 est,
520 532 600 558 quem
616 523 668 551 nisi
684 523 761 558 prius
774 531 868 551 susce-

84 569 165 604 peris,
179 569 284 595 nubere
294 568 404 596 Christo
415 576 468 594 non
484 569 595 603 poteris.
610 567 686 595 Scito
700 573 787 595 tamen
805 569 867 603 quia

84 622 160 641 nemo
179 614 376 642 inexercitatus
389 614 566 648 etimperitus
583 621 735 641 sermonem
753 615 870 650 prophe-

83 660 164 686 ticum
175 659 301 694 suscipit,
312 659 360 687 sed
374 659 420 693 qui
438 660 490 686 scit
504 658 613 686 haurire
629 665 726 694 aquam
752 660 785 687 de
804 668 869 694 pro-

85 704 166 731 fundo
176 704 263 738 putei,
278 708 306 731 et
320 704 365 738 qui
378 704 403 731 in
421 708 525 730 tantum
539 704 591 731 scit
607 704 730 736 haurire,
744 705 868 732 utetiam

85 750 127 776 his
141 749 253 777 suﬂiciat
266 750 311 784 qui
325 749 525 776 irrationabiles
551 754 578 776 ct
593 749 715 784 perversi
731 750 868 782 videntur,

84 802 197 829 quorum
223 796 337 828 ﬁguram
357 799 448 822 tenent
477 795 591 822 cameli:
616 799 646 822 ιιι
668 799 695 822 ct
711 795 768 830 ipse
782 796 869 830 possit

85 840 192 872 dicere,
221 840 286 875 quia
318 839 480 875 sapientibus
505 843 529 866 et
559 840 741 874 insipientibus
766 841 869 867 debitor

83 893 139 912 sum
151 886 183 912 ’⁸.
199 885 322 920 Denique
332 886 372 912 sic
389 885 498 912 dixerat
519 885 545 912 in
561 886 642 912 corde
659 894 707 913 suo
723 894 790 920 puer
807 887 869 914 istc:
887 882 907 909 Β

86 930 126 957 Ea:
136 931 188 962 Itis,
206 931 295 966 inquit
307 931 339 963 ’⁷,
352 931 508 965 virginibus,
521 939 579 963 quat
594 932 697 966 veniunt
709 932 744 958 ad
761 941 869 967 aquam,

82 984 243 1011 quacunque
258 976 353 1003 dixerit
368 976 430 1002 mihi
446 984 455 1002 :
470 976 535 1003 Bibe
562 981 603 1009 tu,
629 983 652 1004 et
676 977 788 1004 camelos
812 983 870 1005 tuos

83 1022 232 1055 adaquaba,
252 1022 309 1055 ipsa
337 1023 387 1049 erit
401 1030 496 1057 sponsa
523 1022 624 1050 domini
652 1024 712 1049 mei.
737 1024 781 1050 Sic
807 1031 871 1058 ergo

83 1068 218 1102 Rebecca,
233 1077 292 1104 qua:
307 1071 503 1105 interpretatur
520 1071 650 1104 falientia
678 1070 745 1105 (66),
761 1075 788 1097 ιιι
803 1071 871 1098 vidit

84 1122 210 1149 puerum,
224 1120 251 1142 et
269 1115 586 1151 inspexitprophcticum
613 1116 735 1149 vet-bum,
760 1116 871 1150 deponit

83 1160 115 1186 de
132 1159 249 1186 humero
263 1159 398 1194 bydriam.
422 1160 537 1194 Depouit
557 1160 630 1187 enim
655 1160 752 1187 elatam
770 1160 871 1188 Graccrc

83 1203 216 1231 facundia:
232 1204 427 1240 arrogantiam,
444 1209 470 1231 et
483 1204 515 1231 ad
529 1208 581 1231 tam
606 1205 736 1231 humilem
764 1213 796 1232 ac
815 1210 869 1232 tam

81 1249 233 1284 simplicem
250 1257 280 1277 se
300 1250 434 1277 inclinans
448 1250 635 1284 propheticum
656 1257 807 1278 sermonem
829 1251 869 1278 di-

81 1296 117 1323 cit
133 1304 140 1322 :
156 1295 222 1322 Bibe
233 1301 274 1328 tu,
288 1301 311 1322 et
326 1295 437 1322 camelos
452 1301 511 1322 tuos
527 1295 674 1331 adaquabo.

113 1342 141 1369 3.
157 1341 211 1368 Sed
227 1341 295 1368 dicis
308 1341 431 1374 fortasse,
443 1341 471 1369 Si
485 1349 552 1376 puer
567 1341 717 1376 prophetici
733 1341 870 1369 sermonis

80 1393 155 1415 tenet
170 1387 298 1422 ﬁguram,
318 1388 455 1422 qttomodo
469 1391 577 1421 potatur
590 1395 605 1414 ει
618 1387 755 1419 Rebecca,
785 1395 867 1421 quant

78 1435 135 1469 ipse
152 1433 240 1468 magis
252 1438 349 1468 potare
364 1433 493 1460 deberet?
513 1433 581 1460 Vide
593 1440 656 1468 ergo
672 1441 704 1460 ne
717 1433 786 1460 forte
799 1433 869 1460 sicut

78 1484 106 1506 et
125 1479 260 1506 Dominus
283 1479 371 1511 Jesus,
384 1486 444 1506 cum
459 1479 517 1514 ipse
534 1480 569 1506 sit
583 1479 660 1514 panis
688 1479 761 1510 vita),
773 1484 799 1505 et
812 1479 869 1513 ipse

77 1531 174 1562 pascat
199 1526 308 1553 animas
323 1526 485 1558 esurientes,
512 1526 569 1560 ipse
595 1533 702 1553 rursum
718 1526 824 1553 esurire
839 1533 868 1552 se

77 1574 182 1602 fatetur
196 1581 260 1601 cum
273 1574 340 1601 dicit
356 1574 379 1589 ’⁸
392 1583 399 1600 :
414 1573 530 1605 Esurivi,
543 1578 566 1600 et
583 1573 693 1600 dedistis
708 1573 773 1600 mihi
790 1581 866 1600 man-

77 1619 189 1650 ducare,
205 1623 234 1646 et
251 1619 349 1646 iterum
362 1625 422 1644 ettm
437 1618 494 1652 ipse
509 1618 542 1645 sit
560 1625 627 1652 aqua
654 1618 714 1644 viva
732 1622 759 1645 et
777 1623 867 1652 potmn

78 1666 122 1692 det
133 1665 263 1692 onmibus
279 1664 445 1696 sitientibus,
465 1671 572 1690 rursum
588 1663 760 1698 ipsedicitad
774 1664 863 1691 Sama-

80 1711 198 1737 ritanam
214 1710 258 1736 ηε
274 1710 312 1737 Da
328 1711 391 1737 milii
406 1712 510 1744 bibere;
523 1712 563 1739 sic
578 1715 604 1738 et
623 1710 799 1745 propheticus
811 1718 868 1738 scr-

79 1763 134 1786 tuu,
151 1764 213 1782 cum
227 1756 285 1790 ipse
311 1762 404 1790 potum
425 1757 470 1785 det
501 1757 669 1788 sitientibus,
691 1757 868 1784 nihilominus

77 1803 136 1836 ipse
153 1804 188 1829 ab
204 1803 246 1830 his
261 1803 349 1838 palari
368 1804 483 1835 dicatur,
511 1811 572 1831 eum
589 1804 771 1831 studiosorum
787 1811 867 1831 exer-

77 1849 143 1875 citia
158 1852 186 1875 et
200 1848 371 1883 vigilantiam
385 1849 509 1884 suscipit.
531 1849 582 1876 lsta
602 1857 667 1883 ergo
688 1849 749 1876 talis
765 1849 866 1882 anima,

76 1901 137 1927 qua
152 1895 211 1928 agit
226 1899 326 1921 cuneta
342 1896 487 1929 patienter,
512 1902 571 1928 qum
602 1899 655 1922 tam
681 1900 806 1930 prompta
825 1900 868 1923 est

75 1945 102 1966 et
114 1943 194 1966 tanta
211 1939 364 1966 eruditione
379 1939 505 1972 subnixa,
521 1947 581 1974 qua:
594 1939 628 1967 de
643 1940 783 1975 profundis
797 1941 866 1967 hau-

77 1986 132 2012 rire
146 1985 269 2012 scientite
291 1984 393 2012 fluenta
410 1985 560 2017 consuevit,
573 1985 628 2020 ipsa
645 1990 734 2020 potest
746 1986 866 2021 copulari

76 2030 180 2065 nuptiis
207 2030 320 2057 Christi.
337 2030 394 2057 Nisi
410 2038 475 2065 ergo
504 2031 626 2065 quotidie
651 2032 744 2059 venias
768 2033 801 2059 ad
818 2040 867 2066 pu-

75 2081 147 2108 teos,
174 2076 227 2103 nisi
243 2075 365 2110 quotidie
377 2076 488 2104 haurias
502 2084 597 2111 aquas,
623 2085 676 2105 non
699 2077 785 2104 solum
799 2077 867 2106 alios

74 2127 172 2155 potare
191 2129 244 2148 non
260 2121 375 2155 poteris,
389 2121 437 2149 sed
455 2126 482 2149 et
506 2122 563 2157 ipse
575 2130 682 2158 quoque
699 2122 773 2149 sitim
790 2123 866 2150 verbi

75 2166 123 2194 Dei
141 2166 268 2201 patieris.
286 2166 394 2193 Audiet
411 2166 553 2194 Dominum
570 2168 705 2195 dicentem
732 2169 759 2195 in
779 2168 866 2195 Evan-

919 248 944 274 id
957 254 998 275 est
1014 249 1046 275 de
1063 248 1204 283 patientia,
1218 255 1308 275 sermo
1321 252 1373 275 est.
1397 247 1430 275 Et
1454 255 1565 275 necesse
1582 251 1624 274 est
1651 255 1702 274 nos

918 301 965 321 cos
982 294 1028 328 qui
1049 293 1192 321 collectam
1222 293 1379 328 ncgligunt,
1407 297 1434 320 et
1461 293 1556 320 audire
1568 293 1704 319 declinant

918 339 1030 366 verbum
1057 339 1116 370 Dei,
1139 338 1275 373 paululum
1305 346 1354 373 per
1382 339 1542 373 patientiam
1558 339 1704 373 castigare,

918 384 964 418 qui
986 392 1038 411 non
1054 384 1208 411 desiderant
1225 392 1320 418 panem
1336 385 1407 417 vitre.
1426 391 1476 411 nec
1491 391 1587 418 aquam
1605 384 1704 415 vivam,

920 429 964 463 qui
981 437 1033 457 non
1049 435 1148 456 exeunt
1161 429 1195 457 de
1211 430 1317 463 castris,
1334 437 1383 457 nec
1398 430 1549 464 procedunt
1565 430 1597 457 de
1616 429 1704 457 domi-

920 474 970 502 bus
982 475 1074 507 luteis,
1090 479 1117 502 ut
1130 475 1258 510 colligant
1269 476 1319 502 sibi
1335 483 1445 508 manna,
1460 475 1506 510 qui
1523 483 1575 502 non
1591 475 1707 503 veniunt

920 521 954 547 ad
973 525 1087 555 petram,
1104 525 1133 548 ut
1150 521 1245 548 bibant
1256 522 1287 548 de
1302 521 1418 556 spiritali
1430 526 1515 556 petra.
1536 520 1615 548 Petra
1631 521 1704 548 enim

920 571 962 594 est
976 566 1113 599 Christus,
1128 572 1157 593 ut
1170 567 1316 601 Apostolus
1332 567 1369 594 ait
1379 568 1412 594 ".
1430 568 1570 599 llabctote,
1584 568 1704 602 inquatn,

921 620 969 639 vos
986 613 1124 647 paululum
1142 613 1312 647 patientiam.
1330 613 1427 640 Sermo
1436 612 1509 640 enim
1525 613 1603 639 nobis
1614 616 1656 639 est
1672 612 1706 639 ad

920 658 1097 693 negligentes,
1115 663 1142 686 et
1157 666 1204 686 eos
1219 659 1263 694 qui
1281 659 1352 686 male
1365 659 1474 686 habent.
1492 658 1556 685 Sani
1568 658 1640 684 enim
1656 666 1707 684 non

920 704 1036 739 indigent
1051 706 1163 738 medico,
1175 706 1220 732 sed
1244 705 1312 732 male
1326 705 1450 732 [tabentes
1466 706 1498 731 ³³.
1527 704 1616 732 Dicite
1641 705 1707 731 mihi

920 758 968 778 vos
983 752 1038 786 (68)
1055 752 1098 786 qui
1114 752 1300 779 tantummodo
1315 751 1391 778 festis
1409 752 1504 779 dielnts
1520 752 1552 778 ad
1565 751 1707 778 ecclesiam

920 797 1082 830 eanvcnitis,
1100 797 1189 824 cieteri
1206 797 1262 824 dies
1277 805 1328 824 non
1342 802 1404 824 sunt
1418 796 1495 824 festi?
1508 804 1560 824 non
1577 801 1637 823 sunt
1651 796 1709 823 dies

922 843 1050 870 Domini?
1065 842 1221 870 .ludaaorum
1236 847 1288 876 est,
1303 843 1361 871 dies
1375 848 1463 870 certos
1477 848 1503 870 et
1518 850 1594 869 raros
1608 842 1708 869 obser-

924 897 987 916 vare
1005 889 1151 916 solemnes.
1177 888 1208 915 Et
1234 889 1294 916 ideo
1314 889 1347 916 ad
1366 897 1412 916 eos
1426 888 1491 915 dicit
1514 889 1583 915 Deus
1596 888 1628 920 ³⁸,
1644 887 1706 922 quia

923 936 1074 962 neontenfas
1092 940 1202 968 vestras,
1214 940 1237 962 et
1253 935 1375 967 sabbata,
1388 940 1411 961 et
1423 935 1491 961 diem
1511 942 1633 968 magnum
1655 942 1707 960 non

923 980 1051 1006 sustineo.
1066 980 1217 1014 .Iejunium,
1233 985 1255 1006 et
1273 979 1364 1013 ferias,
1384 985 1407 1006 et
1431 981 1486 1006 dies
1502 979 1582 1014 festos
1610 982 1708 1005 uestras

922 1025 978 1052 odit
993 1025 1082 1051 animo
1097 1033 1164 1052 mea.
1181 1025 1316 1059 Oditcrgo
1333 1025 1402 1053 Dens
1414 1033 1460 1052 eos
1476 1026 1520 1060 qui
1537 1034 1619 1052 unum
1637 1025 1707 1052 dictu

922 1075 1021 1106 putant
1036 1070 1133 1098 festum
1146 1070 1216 1097 diem
1232 1078 1291 1097 esse
1317 1071 1436 1097 Domini.
1469 1070 1616 1097 Christiani
1633 1069 1707 1096 oumi

923 1118 967 1144 die
979 1124 1076 1144 carnes
1092 1117 1155 1150 agni
1174 1117 1331 1149 comedunt,
1351 1117 1429 1144 idest
1452 1123 1549 1143 carnes
1566 1115 1639 1142 verbi
1661 1114 1707 1141 Dei

922 1163 1044 1198 quotidie
1062 1166 1182 1189 sumunt.
1206 1161 1309 1188 Pascha
1333 1162 1401 1188 enim
1421 1167 1538 1188 nostrum
1556 1160 1708 1187 immolatus

921 1214 957 1236 est
970 1207 1089 1235 Clu-istas
1104 1208 1137 1235 ³⁵.
1153 1207 1185 1234 Ει
1199 1208 1261 1242 quia
1279 1207 1319 1234 lex
1345 1207 1456 1234 Pascha:
1486 1207 1547 1234 talis
1561 1212 1614 1239 est,
1634 1211 1663 1233 ut
1680 1207 1707 1234 in

922 1261 1037 1288 vespera
1050 1254 1221 1285 comedatur,
1247 1261 1387 1288 propterea
1422 1253 1447 1279 iu
1475 1260 1587 1287 vespera
1615 1253 1707 1279 nntndi

921 1308 1018 1335 passus
1041 1305 1083 1327 est
1110 1299 1250 1331 Dominus,
1274 1304 1302 1326 ut
1329 1305 1356 1325 ιιι
1382 1306 1489 1332 semper
1514 1298 1660 1325 Inanduces
1676 1298 1708 1325 de

921 1346 1052 1373 carnibus
1065 1345 1162 1377 Verbi,
1175 1346 1237 1379 quia
1252 1352 1360 1378 semper
1379 1344 1405 1370 in
1426 1351 1537 1378 vespera
1554 1351 1594 1375 es,
1607 1351 1707 1378 usque-

920 1397 974 1424 quo
987 1389 1180 1416 veniatmanc.
1197 1390 1228 1416 Et
1244 1390 1266 1416 si
1282 1390 1306 1416 in
1323 1390 1371 1416 hac
1384 1396 1493 1423 vespera
1507 1389 1639 1416 sollicitus
1650 1389 1708 1415 fut:-

921 1435 969 1467 τίς,
984 1435 1050 1462 etin
1068 1435 1129 1462 ﬂetu
1148 1443 1180 1462 ac
1195 1435 1317 1470 jcjttniis,
1332 1441 1414 1469 atque
1430 1435 1502 1461 outni
1525 1434 1618 1462 labore
1631 1435 1709 1469 justi-

922 1481 965 1507 tia:
981 1481 1061 1507 vitam
1078 1481 1200 1513 duxeris,
1218 1481 1319 1516 poteris
1337 1485 1363 1508 et
1388 1486 1415 1507 ιιι
1436 1481 1527 1508 dicere
1550 1481 1573 1496 ³⁸
1588 1489 1594 1507 :
1611 1480 1652 1507 Αιι
1666 1489 1708 1508 ινσ-

920 1535 1023 1562 spcram
1035 1527 1215 1553 demorabitur
1229 1527 1317 1561 ﬂetus,
1334 1522 1408 1554 ἄρα
1422 1528 1582 1554 matutinum
1601 1527 1704 1554 Iustitia.

919 1574 1068 1602 Lmtaberis
1078 1574 1151 1601 enim
1166 1581 1257 1606 mane,
1271 1574 1296 1601 id
1312 1579 1353 1601 est
1369 1575 1394 1601 in
1411 1574 1508 1601 sacculo
1522 1573 1624 1606 futuro,
1639 1574 1660 1601 si
1680 1574 1707 1601 in

920 1622 972 1649 ltoc
986 1621 1086 1648 sa-culo
1099 1621 1214 1648 fruetutn
1226 1619 1338 1654 justitiae
1356 1620 1382 1647 iu
1400 1620 1461 1647 iletu
1476 1624 1502 1647 et
1519 1620 1611 1646 labore
1624 1620 1707 1647 collo-

919 1669 1001 1703 geris.
1019 1669 1113 1695 Venite
1127 1676 1191 1704 ergo
1209 1674 1236 1696 et
1249 1676 1295 1695 vos
1309 1668 1370 1695 dum
1393 1672 1498 1702 tempus
1514 1672 1565 1699 est,
1582 1668 1708 1693 bibamus

919 1716 952 1742 de
977 1719 1058 1748 puteo
1084 1714 1196 1741 visionis
1227 1714 1272 1742 ubi
1293 1714 1367 1741 Isaae
1382 1713 1584 1745 deambulalmt,
1616 1717 1643 1739 et
1660 1712 1705 1738 ubi

919 1761 1041 1794 procedit
1058 1760 1090 1786 ad
1109 1759 1279 1786 exercitium.
1309 1759 1430 1786 Observa
1449 1763 1549 1794 quanta
1574 1763 1705 1793 geruntur

919 1806 952 1832 ad
963 1812 1055 1840 aquas.
1072 1805 1104 1832 Et
1120 1809 1146 1831 tu
1166 1804 1290 1831 invitaris
1316 1805 1436 1839 quotidie
1464 1804 1556 1830 venire
1570 1804 1602 1830 ad
1620 1810 1705 1837 aquas

919 1852 995 1877 verbi
1018 1851 1075 1883 Dei,
1107 1854 1134 1877 et
1148 1850 1279 1878 assistere
1298 1850 1386 1884 puteis
1409 1849 1476 1883 ejus,
1502 1849 1572 1875 sicut
1591 1847 1705 1875 faciebat

920 1897 1052 1930 Rebecca,
1067 1897 1098 1924 de
1111 1904 1163 1930 qua
1183 1896 1280 1923 dicitur
1297 1895 1318 1910 "
1334 1904 1340 1921 :
1368 1894 1446 1929 Virgo
1465 1899 1520 1921 erat
1536 1894 1631 1920 decora
1649 1896 1703 1920 vat-4

918 1943 951 1969 de
964 1948 987 1969 et
1000 1945 1037 1969 uir
1049 1950 1100 1968 non
1114 1945 1269 1976 cognoverat
1294 1948 1362 1967 eam.
1381 1939 1414 1967 Et
1428 1939 1494 1972 ltwc,
1525 1940 1626 1974 inquit,
1641 1939 1706 1965 exiit

919 1996 976 2015 sero
990 1987 1097 2013 haurire
1113 1994 1219 2021 aquam.

953 2032 981 2059 4.
998 2031 1052 2058 Nec
1068 2031 1120 2058 hoc
1135 2031 1235 2058 frustra
1249 2030 1378 2064 scriptum
1396 2033 1437 2056 est
1455 2028 1488 2056 de
1502 2036 1544 2056 ea.
1562 2028 1706 2056 Verumta-

918 2084 980 2104 men
996 2081 1086 2104 movet
1099 2083 1152 2108 me,
1165 2075 1230 2110 quid
1243 2080 1285 2103 est
1299 2075 1371 2110 quod
1387 2074 1486 2102 dicitur
1505 2082 1512 2102 :
1530 2073 1608 2110 Virgo
1635 2079 1704 2107 erat,

918 2123 957 2150 vir
972 2131 1022 2149 non
1035 2127 1188 2157 cognoverat
1213 2129 1290 2153 eam;
1305 2121 1381 2154 quasi
1409 2128 1473 2147 vero
1490 2120 1562 2147 aliud
1576 2121 1611 2148 sit
1627 2121 1705 2155 virgo

918 2169 969 2196 nisi
982 2175 1062 2202 quam
1079 2167 1120 2194 vir
1131 2174 1184 2194 non
1197 2166 1311 2201 contigit
1326 2165 1391 2200 (69).
1406 2165 1437 2192 Ει
1457 2165 1521 2200 quid
1534 2165 1584 2192 sibi
1598 2165 1705 2192 videtur

73 2212 154 2246 geliis
169 2212 213 2238 '°:
237 2212 290 2244 Qui
303 2213 373 2245 sitit,
389 2213 487 2245 veniat,
518 2219 543 2240 et
566 2213 647 2240 bibat.
662 2213 714 2240 Sed
728 2218 766 2246 tu,
782 2218 811 2240 ut.
824 2213 858 2240 vi-
883 2212 904 2240 D
920 2214 1134 2241 additamentum
1147 2213 1173 2238 in
1189 2211 1334 2246 virginem,
1353 2215 1382 2238 ut
1393 2211 1499 2238 dicatur
1512 2211 1575 2245 quia
1596 2210 1638 2237 vir
1650 2218 1702 2237 non

73 2260 137 2291 deo,
151 2266 205 2286 nec
220 2258 322 2289 esuris,
337 2265 386 2285 nec
401 2259 460 2286 sitis
472 2258 617 2292 justitiam,
629 2264 656 2286 et
667 2259 866 2294 quomodoss

73 2304 179 2339 poteris
191 2304 284 2332 dicere
296 2304 318 2320 ³¹
332 2314 339 2332 ;
365 2304 440 2332 Sicut
454 2314 543 2332 cervus
569 2305 700 2332 desiderat
716 2306 751 2332 ad
782 2306 865 2340 fontes

73 2359 217 2386 aquarum,
231 2351 271 2377 ita
284 2351 415 2377 desiderat
428 2351 517 2377 anima
531 2359 587 2378 mea
606 2352 641 2378 ad
655 2357 689 2384 te,
708 2351 788 2380 Deus.
803 2351 866 2379 Siti-

73 2395 111 2421 rit
122 2395 214 2421 anima
234 2403 292 2421 mea
306 2395 340 2421 ad
353 2395 434 2422 Deum
445 2396 529 2422 vivum
547 2396 604 2431 (67)
618 2403 624 2420 :
642 2397 747 2431 quando
763 2397 865 2423 veniam

72 2446 97 2466 et
109 2441 208 2474 parebo
227 2446 289 2468 ante
321 2446 486 2475 conspectum
505 2442 583 2475 ejus?
609 2442 729 2470 Obsecro
752 2449 799 2469 vos
820 2443 865 2476 qui

74 2487 215 2514 auditorio
229 2487 306 2514 verbi
319 2494 428 2520 semper
440 2487 579 2518 assistitis.
591 2488 724 2522 patienter
738 2487 863 2522 accipite.

75 2532 164 2560 donec
182 2533 322 2568 paululum
339 2534 507 2571 negligentes
527 2539 551 2562 et
568 2534 674 2561 desides
694 2541 865 2561 commonea-

109 2577 143 2614 ’ζ
152 2578 224 2606 Gen.
242 2587 318 2614 xxiv,
333 2580 374 2607 19.
424 2581 446 2596 ’⁵
460 2581 523 2608 Ose.
542 2587 574 2614 ιι,
592 2580 692 2612 19,20.

75 2612 155 2648 ινλἹ.
194 2613 217 2629 ³⁸
236 2613 316 2641 Joatt.
331 2623 378 2648 vn,
395 2615 438 2643 37.
478 2616 498 2632 "
514 2612 585 2642 Psal.
604 2623 669 2645 XLII.
682 2616 708 2645 1.
721 2615 746 2641 2.

74 2654 101 2677 ν,
120 2647 147 2676 7.
187 2648 211 2664 ³⁸
221 2648 295 2676 Psal.
310 2657 384 2682 xxix,
401 2651 427 2678 5.
465 2651 487 2670 ³⁷
506 2651 574 2679 Gen.
597 2658 660 2682 xxv,
675 2650 718 2676 16.

109 2691 167 2724 (65)
182 2691 230 2728 Sic
248 2701 313 2720 mss.
334 2693 416 2725 Alias,
429 2695 483 2720 vult
499 2700 524 2721 te
537 2695 588 2721 sibi
601 2695 769 2728 desponsam.

108 2728 166 2761 (66)
186 2727 302 2754 Rebecca
311 2737 369 2763 qum
381 2729 567 2764 interpretatur
577 2730 718 2763 patientia,
728 2737 742 2755 (ι
751 2736 789 2759 3'1
797 2735 864 2756 mar-

73 2763 128 2786 tum
141 2768 165 2788 ei
179 2767 233 2793 tn;
246 2764 413 2796 exspectavit.

108 2796 164 2831 (67)
180 2798 266 2830 Alias,
299 2799 334 2824 ad
364 2799 444 2826 Deum
471 2799 566 2834 fontem
582 2801 676 2826 vivunt.
691 2799 743 2827 Sed
758 2800 784 2827 in
796 2807 861 2827 mss.

72 2830 144 2858 deest
156 2830 213 2859 'vox
230 2835 339 2868 fratem.

739 2580 760 2595 ’⁸
781 2579 857 2606 lion].
873 2588 890 2613 t,
902 2580 943 2607 Μ.
982 2580 1004 2596 ’⁷
1018 2580 1085 2607 Gen.
1101 2587 1176 2608 xxtv.
1189 2579 1232 2605 Η.

740 2633 746 2641 .
787 2615 901 2643 ³¹Ιῦοι·.
922 2614 1008 2649 Iv,10.
1047 2615 1070 2630 ³³
1081 2614 1145 2642 Luc.
1160 2622 1186 2648 v,
1201 2614 1246 2641 5i.

920 2262 1086 2294 cegnoverat
1105 2257 1183 2284 eam?
1197 2257 1244 2283 Est
1254 2256 1325 2282 enim
1344 2255 1432 2289 aliqua
1448 2256 1524 2290 virgo
1540 2262 1620 2289 quam
1636 2262 1702 2282 eon-

923 2304 1014 2338 tigerit
1029 2303 1087 2330 vir?
1104 2302 1180 2337 Saepe
1191 2302 1248 2337 jam
1261 2302 1316 2329 dixi
1332 2301 1405 2336 quod
1420 2301 1445 2327 in
1461 2301 1503 2328 his
1515 2308 1568 2327 non
1581 2301 1704 2327 historia:

920 2354 1078 2381 narrantur,
1097 2349 1143 2376 sed
1159 2349 1289 2383 mysteria
1306 2351 1500 2375 contexuntur.
1517 2346 1583 2373 Tale
1596 2353 1660 2380 ergo
1677 2347 1702 2372 in

921 2396 972 2423 hoc
998 2395 1098 2429 aliquid
1127 2394 1240 2422 indicari
1259 2399 1334 2428 puto.
1352 2392 1428 2420 Sicut
1456 2392 1580 2419 Christus
1606 2391 1704 2418 aninmo

920 2442 962 2469 vir
975 2442 1083 2472 dicitur,
1110 2441 1154 2468 cui
1171 2441 1248 2468 nubit
1264 2441 1352 2467 anima
1368 2447 1429 2467 cum
1455 2438 1530 2465 venit
1551 2437 1584 2464 ad
1602 2437 1679 2464 iidem
1694 2445 1702 2464 :

918 2487 955 2514 ita
971 2491 997 2513 et
1013 2487 1077 2514 huic
1101 2486 1255 2513 contrarius
1272 2485 1313 2512 vir
1332 2485 1377 2512 ille
1394 2489 1446 2516 est,
1463 2484 1505 2511 cui
1521 2482 1597 2510 nubit
1611 2482 1703 2509 anitua

919 2541 979 2561 cum
993 2533 1111 2560 declinat
1122 2533 1154 2559 ad
1167 2532 1317 2566 perﬁdiam.
1332 2531 1447 2575 lpseille
1460 2531 1505 2564 qui
1526 2534 1553 2556 ct
1576 2529 1703 2555 inimicus

982 2580 1004 2596 "’
1018 2580 1085 2607 Gen.
1101 2577 1232 2608 κυνέη.
1271 2579 1294 2594 ’κ
1309 2578 1401 2604 Matth.
1423 2585 1485 2608 xxv,
1507 2575 1552 2604 53.
1589 2575 1611 2592 "
1623 2574 1703 2602 Joan.

1283 2614 1306 2629 ³⁵
1324 2613 1375 2640 lsa.
1392 2620 1411 2646 ι,
1429 2612 1472 2645 15,
1489 2611 1532 2639 14.
1571 2610 1592 2626 ³⁵
1612 2611 1622 2637 l
1638 2609 1704 2637 Cor.

954 2694 1009 2730 (68)
1026 2694 1111 2721 Dicite
1127 2693 1190 2720 mihi
1205 2702 1259 2730 vos,
1274 2698 1328 2720 etc.
1342 2692 1419 2730 Chal»
1433 2692 1506 2719 lmue
1519 2692 1605 2730 locum
1621 2690 1703 2720 lenas

918 2727 1123 2757 Aurelianensis
1143 2729 1189 2755 lib.
1209 2737 1216 2756 ι
1234 2728 1270 2755 De
1285 2728 1369 2754 instit.
1384 2727 1458 2759 Μία,
1472 2736 1531 2762 cap.
1547 2728 1588 2754 fl.

954 2765 1010 2800 (69)
1024 2764 1106 2795 Alias,
1138 2764 1226 2798 aliqua
1252 2764 1285 2789 sit
1303 2764 1375 2797 virga
1400 2771 1477 2798 quant
1500 2763 1539 2790 rir
1552 2761 1701 2797 contigerit.

919 2800 981 2828 Sed.
999 2807 1063 2828 tnss.
1080 2804 1108 2827 ut
1127 2800 1153 2827 in
1170 2803 1262 2827 nostro
1281 2803 1363 2826 textu.
1536 2811 1539 2814 -
