1900 3060
181 129 234 157 219

925 127 1086 157 ORIGENIS

1758 129 1815 157 εει)

184 189 264 216 1ιοιιιο
279 187 390 220 dicitur,
407 195 468 216 cum
482 187 575 215 lolium
587 185 738 221 superserit
750 185 842 213 tritico
861 185 895 212 ³⁸.
912 185 970 212 Νοιι
986 187 1008 214 Α
1024 186 1126 222 Raguel
1153 187 1186 215 ".
1211 185 1334 213 Nondum
1364 185 1482 213 moveris
1494 205 1502 218 ,
1530 189 1559 212 ut
1574 176 1577 177 ν
1590 185 1647 213 ba-c
1673 185 1812 221 intelligas

184 240 250 268 ergo
266 232 364 260 suilicit
376 234 473 259 animae
496 237 525 259 ut
552 235 627 258 casta
648 231 684 258 sit
702 238 828 265 corpore,
845 237 912 265 opus
927 234 971 257 est

185 284 214 306 nt
229 284 256 306 et
272 280 315 306 vir
332 280 376 307 hic
393 280 526 314 pessimus
543 286 595 305 non
614 278 773 313 cognoverit
789 285 859 305 eam.
879 277 971 304 Potest

184 326 256 352 enim
275 325 331 352 iieri
348 331 375 352 ut
402 325 500 352 habeat
520 326 581 357 quis
595 324 622 351 in
643 331 759 358 corpore
773 323 970 358 virginitatem,

184 376 210 398 et
235 378 404 406 cognoscens
436 371 516 397 istum
540 371 627 397 virum
660 370 806 404 pessimum
832 369 969 396 diabolum

184 421 264 450 atque
277 417 311 443 ab
331 424 363 443 eo
378 416 608 450 concupiscentia:
628 416 716 450 jacula
746 416 771 442 in
786 416 867 443 corde
883 415 971 442 susci-

183 462 270 495 piens,
291 462 388 488 anima:
405 461 552 496 perdiderit
570 462 735 488 castitatem.
756 461 822 494 Quia
835 468 899 494 ergo
917 460 969 486 Rc-

183 507 263 534 becca
281 507 357 541 virgo
371 512 429 534 erat
445 511 540 534 sancta
552 514 667 541 oorpore
683 511 710 534 ct
736 507 844 541 spiritu,
870 506 971 533 idcirco

182 552 241 587 ejus
253 552 370 587 duplicat
391 552 495 579 laudem
513 557 538 579 et
551 553 616 580 dicit
629 561 636 579 :
654 552 732 588 Virgo
746 558 812 584 erat,
828 557 852 578 et
869 552 907 578 vir
920 560 970 578 non

182 602 338 632 cognoverat
364 606 433 625 eam.
461 597 579 633 Vespere
603 606 667 633 ergo
681 599 755 625 venit
770 598 802 625 ad
827 605 920 632 aqnas.
936 597 972 624 De

183 650 295 677 vespera
307 643 362 677 jam
376 651 458 678 supra
470 644 600 672 diximus.
616 644 681 671 Vide
695 648 784 670 autem
798 643 970 677 prudentiam

183 689 269 722 pueri,
295 696 346 716 non
377 689 434 715 vult
460 697 600 717 assotnere
632 697 757 724 spensam
784 689 894 717 domino
921 696 972 716 suo

185 733 269 767 lsaac,
286 735 337 761 nisi
349 741 431 769 quam
443 735 577 762 invenerit
592 736 717 763 decoram
735 740 761 762 et
775 735 914 769 pulchram
929 734 965 761 fa-

184 779 225 806 cie
248 779 393 814 virginem,
420 784 446 807 et
465 787 517 807 non
547 780 634 807 solum
657 780 801 814 virginem,
818 780 867 807 sed
889 787 970 814 quam

184 832 236 852 non
259 826 403 860 contigerit
428 826 480 858 vir,
514 831 540 853 et
566 827 618 853 nisi
632 834 712 860 qualn
739 826 872 861 repererit
888 833 971 860 aquas

183 870 363 903 haurientem,
376 879 430 898 non
445 871 502 898 vult
513 871 594 898 aliam
609 871 778 905 despondere
787 872 896 900 domino
910 880 969 905 suo,
986 860 1008 888 Β

183 924 236 944 ιιοιι
251 917 274 944 ei
292 917 337 943 dat
351 921 520 950 ornamenta,
536 918 585 944 nisi
601 918 660 945 talis
680 918 723 944 sit.
743 917 799 944 Non
820 917 866 944 dat
893 918 972 944 inau-

184 969 238 993 res,
256 970 308 989 non
324 962 499 989 braccnialia.
517 962 604 990 Manet
620 963 810 997 incomposita,
823 962 970 997 incrudita,

182 1007 328 1042 incompta.
355 1007 485 1034 Putamus
504 1007 567 1042 quia
592 1013 671 1042 pater
699 1008 828 1035 Rebecca:
841 1008 882 1034 vir
896 1009 972 1036 dives

182 1061 234 1081 non
249 1053 366 1080 habebat
389 1053 553 1080 bracchialia
578 1059 604 1080 et
634 1055 752 1087 inaures,
768 1061 835 1088 quas
848 1055 971 1088 importe-

181 1106 223 1128 ret
237 1101 299 1128 lilia:
309 1100 382 1128 sum?
395 1100 480 1127 Tanta
498 1101 556 1135 ejus
569 1101 734 1136 negligentia
747 1106 820 1134 erat,
837 1105 883 1128 aut
905 1109 970 1128 ava-

182 1146 252 1178 ritia,
268 1151 297 1173 ut
313 1146 374 1172 lilia.-
399 1151 558 1172 ornamenta
576 1154 629 1173 nnn
657 1146 754 1174 daret?
777 1145 830 1173 Sed
848 1147 970 1173 Rebecca

181 1199 233 1219 non
251 1192 306 1218 vult
321 1193 353 1219 de
367 1199 434 1219 auro
451 1192 590 1219 Bathuelis
603 1192 709 1219 ornari.
722 1191 780 1220 Non
791 1197 853 1219 sunt
869 1192 894 1219 ei
907 1200 971 1219 conv

180 1238 260 1272 digna
288 1244 448 1265 ornamenta
476 1237 594 1264 hominis
608 1237 717 1264 barbari
734 1243 761 1264 et
786 1237 914 1272 imperiti.
935 1239 972 1267 De

180 1282 261 1310 domo
285 1283 401 1310 Abrahze
417 1284 532 1318 requirit
559 1283 680 1317 monilia,
708 1284 771 1318 quia
791 1284 920 1317 patientia
937 1285 972 1312 de

181 1327 260 1353 domo
273 1328 405 1361 sapientis
418 1335 541 1356 ornatur.
569 1328 626 1356 Non
647 1332 793 1363 potuerunt
812 1336 877 1364 ergo
890 1337 971 1357 aures

183 1373 310 1400 Rebecca:
324 1373 444 1407 recipere
457 1374 583 1401 decorem
596 1381 677 1402 suum
687 1393 695 1406 ,
713 1374 765 1401 nisi
784 1375 889 1401 veniret
903 1382 973 1409 puer

181 1418 308 1449 Abrahae,
327 1422 352 1446 et
380 1419 438 1453 ipse
457 1426 504 1446 eas
523 1425 646 1446 ornaret.
666 1418 722 1446 Nec
739 1427 834 1446 tnanus
856 1421 914 1455 ejus
930 1427 974 1447 or-

181 1469 308 1492 namenta
336 1465 500 1499 suscipiunt,
529 1466 579 1493 nisi
607 1473 668 1500 quae
681 1467 788 1494 miserit
804 1466 888 1494 lsaac.
909 1466 972 1493 Vult

1022 231 1183 266 spiritaliter
1194 231 1266 258 dici?
1280 231 1332 257 Aut
1348 235 1427 265 putas
1442 238 1549 265 semper
1558 237 1621 257 casu
1638 230 1812 266 centingere,

1023 281 1052 303 ut
1079 277 1243 310 patriarcha:
1265 276 1298 302 ad
1314 281 1409 311 puteos
1427 276 1538 302 veniant
1557 281 1583 303 et
1600 276 1632 302 ad
1646 283 1730 310 aquas
1745 284 1812 304 con-

1019 321 1092 356 jugia
1103 321 1272 349 sortiantur?
1289 321 1339 354 Qui
1354 324 1409 349 hac
1426 321 1462 349 ita
1479 325 1573 356 putat,
1589 321 1714 348 animalis
1730 321 1814 348 homo
1831 326 1834 329 '

1021 372 1073 398 est,
1089 372 1115 394 et
1136 375 1188 394 non
1198 368 1307 402 percipit
1323 376 1381 403 qua:
1396 367 1447 394 sint
1463 367 1569 401 spiritus
1586 365 1632 393 Dei
1647 366 1681 392 “.
1698 365 1753 393 Sed
1765 367 1813 400 qui

1022 413 1078 439 vult
1095 417 1202 440 maneat
1217 413 1242 440 in
1256 414 1309 446 his,
1326 417 1434 440 maneat
1447 412 1573 440 animalis
1590 413 1661 448 (7i):
1677 419 1728 446 ego
1742 411 1814 438 Pau-

1022 457 1076 485 lum
1095 459 1246 492 apostolum
1265 466 1381 494 sequens
1393 478 1401 490 ,
1419 458 1480 485 dico
1497 458 1554 484 inec
1569 465 1629 485 esse
1644 457 1793 492 allegorica
1804 477 1811 490 ,

1021 509 1048 531 et
1067 509 1227 532 sanctorum
1245 505 1352 538 nuptias
1367 504 1587 539 conjunctionem
1600 505 1661 531 dico
1679 512 1739 532 esse
1753 504 1815 531 ani-

1023 558 1072 577 mm
1094 559 1154 578 cum
1170 551 1252 578 verbo
1275 551 1333 578 Dei.
1359 550 1412 583 Qui
1431 550 1504 578 enim
1526 550 1616 586 jungit
1634 559 1661 577 se
1677 550 1792 577 Domino
1805 569 1814 582 ,

1023 605 1090 623 unus
1112 598 1220 631 spiritus
1247 603 1285 624 est
1312 597 1344 624 ".
1375 597 1450 624 Hanc
1475 602 1565 624 autem
1590 596 1814 629 conjunctionem

1023 642 1119 669 attilllzl-i
1133 651 1193 669 cum
1211 644 1303 675 verbo,
1315 648 1417 670 certum
1431 648 1473 670 est
1484 650 1536 670 non
1551 643 1630 670 aliter
1646 643 1705 671 ﬁeri
1719 650 1815 677 posse,

1023 687 1073 714 nisi
1106 695 1154 722 per
1180 688 1388 716 instructionem
1416 689 1570 718 divinorum
1592 689 1743 720 librorum,
1765 689 1814 723 qui

1024 733 1172 768 ﬁguraliter
1194 735 1265 768 putei
1290 734 1470 768 appellantur.
1490 735 1531 762 Ad
1554 742 1622 769 quos
1648 734 1670 762 si
1686 735 1747 768 quis
1768 742 1816 760 ve-

1024 779 1090 811 niat,
1105 785 1132 806 et
1149 780 1258 806 hauriat
1277 788 1311 807 ex
1325 780 1368 807 his
1391 788 1487 815 aquas,
1503 781 1530 807 id
1551 785 1593 808 est
1609 779 1767 807 meditando
1787 779 1815 806 in

1024 825 1080 857 his,
1099 832 1208 852 sensum
1227 830 1255 852 et
1273 825 1439 854 intellectum
1454 826 1587 861 percipiat
1601 826 1747 858 altiorem,
1772 825 1817 852 in-

1024 872 1112 898 veniet
1125 871 1234 906 nuptias
1249 871 1307 898 Deo
1315 872 1423 906 dignas.
1439 871 1620 906 Coniungitur
1636 871 1709 898 enitn
1723 871 1817 898 anima

1022 917 1080 952 ejus
1096 925 1156 944 cum
1178 918 1241 945 Deo.
1260 918 1354 945 Desilit
1370 919 1452 945 etiam
1467 918 1505 945 de
1515 917 1626 945 camelis
1638 938 1645 950 ,
1661 918 1686 945 id
1702 922 1747 944 est
1758 917 1816 945 dis-

1022 964 1093 991 cedit
1119 971 1132 990 a
1157 963 1247 996 vitiis,
1264 964 1357 997 abjicit
1371 963 1426 999 (72)
1442 963 1642 991 irrationabiles
1660 971 1771 995 sensus,
1788 967 1817 991 et

1021 1008 1195 1043 coniungitur
1219 1008 1305 1036 Isaac.
1333 1008 1446 1043 Dignum
1470 1015 1586 1043 namque
1609 1013 1650 1035 est
1683 1013 1712 1035 ut
1739 1008 1816 1035 Isaac

1022 1059 1141 1082 transeat
1168 1055 1201 1082 de
1218 1055 1317 1082 virtute
1336 1054 1371 1082 ad
1388 1054 1527 1082 virtutem.
1545 1054 1596 1087 Qui
1613 1054 1723 1081 virtutis
1743 1055 1816 1081 titius

1022 1105 1064 1126 est
1081 1099 1156 1127 Sara?
1167 1119 1174 1132 ,
1192 1107 1264 1127 nunc
1284 1099 1457 1134 conjungitur
1471 1104 1498 1127 et
1514 1100 1635 1128 sociatur
1654 1100 1816 1134 patientiae,

1022 1153 1082 1180 qum
1095 1151 1137 1174 est
1152 1146 1285 1174 Rebecca.
1308 1146 1341 1174 Et
1357 1147 1409 1174 hoc
1424 1151 1466 1174 est
1483 1147 1600 1174 transire
1614 1147 1648 1174 de
1663 1146 1765 1174 virtute
1781 1147 1816 1173 ad

1023 1191 1163 1224 virtutem,
1177 1197 1204 1219 ct
1219 1199 1252 1219 ex
1268 1191 1319 1219 fide
1336 1192 1370 1220 ad
1387 1192 1480 1220 ﬁdem.
1500 1191 1554 1219 Sed
1568 1196 1596 1218 et
1611 1191 1644 1219 ad
1665 1191 1815 1227 Evangelia

1023 1238 1164 1265 veniamus
1178 1237 1211 1265 ⁸⁵.
1224 1237 1284 1272 ipse
1303 1238 1434 1266 Dominus
1447 1245 1510 1266 cum
1523 1246 1557 1265 ex
1572 1238 1668 1265 itinere
1683 1237 1816 1273 fatigatus

1023 1283 1128 1316 inisset,
1140 1284 1280 1312 videamus
1294 1284 1339 1311 ubi
1353 1284 1473 1319 requiem
1485 1284 1594 1319 quaerit.
1610 1283 1700 1316 Venit,
1713 1284 1818 1318 inquit,

1023 1330 1055 1356 ad
1073 1334 1196 1364 puteum,
1211 1334 1239 1357 et
1249 1330 1363 1357 sedebat
1376 1337 1458 1364 super
1468 1338 1540 1357 eum.
1554 1329 1635 1357 Vides
1650 1329 1751 1364 ubique
1762 1330 1816 1357 sibi

1023 1375 1191 1403 concordare
1202 1376 1346 1410 mysteria,
1360 1375 1435 1402 vides
1450 1374 1518 1402 Novi
1546 1379 1574 1402 et
1594 1375 1699 1402 Veteris
1716 1374 1817 1402 Testa-

1022 1421 1109 1449 menti
1124 1429 1261 1449 consonus
1278 1421 1392 1448 formas.
1418 1420 1455 1448 lbi
1468 1421 1501 1447 ad
1517 1424 1616 1455 puteos
1634 1425 1662 1447 et
1676 1419 1709 1446 ad
1728 1427 1816 1454 aquas

1022 1467 1150 1500 venitur,
1175 1471 1204 1494 ut
1230 1467 1405 1494 inveniantur
1430 1473 1537 1501 sponsae
1556 1466 1624 1501 (75),
1641 1469 1668 1492 et
1691 1464 1819 1492 Ecclesia

180 1512 252 1538 enim
269 1519 350 1538 aurea
366 1511 422 1546 (70)
442 1512 466 1539 in
485 1512 596 1540 auribus
611 1512 752 1547 suscipere
767 1512 860 1545 verba,
877 1518 903 1540 et
920 1521 970 1540 au-
983 1523 1006 1552 α
1023 1513 1132 1541 Christo
1149 1513 1174 1540 in
1192 1513 1304 1541 lavacro
1321 1519 1400 1547 aqua;
1418 1511 1601 1547 conjungitur.
1624 1510 1706 1538 Vides
1727 1518 1819 1546 quan-

181 1565 244 1585 rcus
255 1562 333 1584 actus
348 1559 374 1584 in
391 1558 516 1585 manibus
535 1558 646 1585 habere.
663 1558 716 1585 Sed
732 1558 789 1586 haec
805 1559 881 1594 prius
895 1559 970 1586 acci-

181 1610 246 1637 pere
264 1612 315 1630 non
339 1603 437 1638 potuit,
456 1610 505 1630 nec
532 1604 643 1636 mereri,
668 1604 719 1630 nisi
739 1604 857 1632 venisset
873 1605 906 1631 ad
922 1613 971 1639 pu-

182 1655 240 1676 tcos
250 1649 358 1676 haurire
370 1656 465 1684 aquas.
481 1649 519 1676 Tu
531 1649 577 1684 qui
592 1657 645 1677 non
660 1650 702 1676 vis
717 1650 810 1677 venire
825 1651 858 1677 ad
875 1658 970 1685 aquas,

181 1695 227 1729 qui
245 1703 297 1721 non
314 1694 354 1721 vis
367 1694 394 1721 in
409 1695 522 1722 auribus
535 1694 588 1722 tuis
598 1702 681 1722 aurea
701 1695 895 1730 prophetarum
909 1703 970 1722 ver-

182 1741 215 1768 ba
227 1741 378 1775 suscipere,
401 1740 537 1775 quomodo
552 1741 655 1775 poteris
679 1745 794 1768 ornatus
807 1748 867 1768 esse
879 1741 906 1768 in
922 1741 971 1769 do-

181 1787 280 1820 ctrina,
294 1791 405 1814 ornatus
421 1786 447 1813 in
460 1786 577 1820 actibus,
592 1790 707 1813 ornatus
719 1786 746 1813 in
761 1786 900 1813 moribus?

215 1832 243 1859 5.
256 1832 318 1864 Sed,
337 1837 366 1859 ut
381 1832 541 1859 omittamus
561 1832 688 1867 plurima,
705 1839 791 1867 neque
811 1832 881 1859 enim
897 1839 971 1859 eom-

181 1878 318 1905 mentandi
334 1886 404 1905 utuic
428 1883 534 1913 tempus
560 1882 613 1910 est,
630 1879 676 1905 sed
699 1877 851 1905 aediﬁcandi
876 1877 971 1905 Eccle-

181 1922 249 1949 siam
265 1921 322 1955 Dei,
346 1927 374 1950 et
389 1923 522 1958 pigriores
548 1930 579 1951 ac
594 1923 700 1950 desides
723 1923 859 1951 auditores
875 1931 970 1950 exem-

181 1969 232 2004 plis
246 1973 400 1997 sanctorum
424 1974 452 1996 et
471 1969 594 2004 mysticis
610 1969 848 2004 evplanationibus
873 1977 972 2004 provo-

180 2015 260 2042 candi
274 2023 281 2042 :
295 2021 388 2042 secuta
401 2022 514 2050 puerum
529 2015 664 2051 Rebecca,
676 2015 751 2042 venit
764 2015 797 2042 ad
812 2014 898 2042 Isaac.
922 2014 972 2042 Se-

181 2065 242 2087 cuta
254 2060 324 2087 enim
338 2067 489 2087 sermonem
507 2060 694 2094 propheticum
707 2058 830 2086 Ecclesia
846 2059 919 2085 venit
938 2058 970 2085 ad

181 2105 332 2132 Christum.
357 2105 391 2132 Et
416 2104 461 2133 ubi
485 2111 547 2132 eum
572 2104 694 2131 invenit?
722 2103 762 2131 Ad
784 2108 903 2137 puteum,
931 2103 972 2130 iu-

183 2149 241 2184 quit
262 2149 295 2182 ³⁸,
322 2149 467 2184 juramenti
499 2148 722 2176 deamoulantem.
756 2147 895 2182 Nusquam
930 2155 972 2175 rc-

181 2195 286 2222 ceditur
318 2202 333 2221 a
362 2194 462 2226 puteis,
493 2200 633 2228 nunquam
659 2193 800 2221 desistitur
824 2192 858 2220 ab
879 2194 966 2227 aquis.
984 2191 1007 2221 D

182 2240 305 2268 Rebecca
331 2241 468 2268 invenitur
493 2240 527 2268 ad
555 2244 677 2274 puteum.
709 2238 828 2267 Rursum
863 2239 970 2267 Rebec-

181 2294 211 2315 ca
238 2287 272 2314 ad
312 2292 421 2321 puteum
446 2286 549 2314 invenit
581 2285 667 2314 Isaac.
693 2285 731 2313 lbi
771 2286 874 2321 primos
912 2286 970 2321 ejus

181 2333 381 2368 contemplatur
409 2337 553 2367 aspectus,
592 2332 628 2360 ibi
657 2331 748 2359 desilit
777 2332 810 2359 de
827 2332 969 2365 -camelis,

179 2379 237 2414 89
253 2379 288 2406 ibi
303 2387 317 2406 a
338 2386 422 2414 puero
441 2379 490 2406 sibi
505 2380 721 2406 demonstratum
731 2379 799 2406 vidit
809 2379 892 2406 Isaac.
907 2379 971 2406 llmc

181 2431 261 2458 putas
290 2425 348 2453 sola
373 2425 472 2453 referri
500 2425 536 2453 de
557 2425 667 2461 puteis?
693 2430 722 2453 et
747 2425 834 2454 Jacob
860 2427 893 2452 ad
919 2433 968 2460 pu-

181 2475 252 2499 teum
277 2473 372 2505 venit,
397 2478 424 2500 et
459 2472 495 2499 ibi
526 2471 628 2499 invenit
654 2471 774 2504 Rachel,
795 2476 822 2499 et
849 2471 886 2499 ibi
926 2472 968 2498 in-

183 2519 296 2546 notescit
313 2519 337 2546 ei
356 2518 455 2546 Rachel
468 2519 537 2547 bona
554 2518 640 2546 oculis
657 2522 683 2545 et
697 2518 794 2545 decora
809 2522 920 2552 aspectu
935 2518 969 2546 ‘°.

182 2564 234 2591 Sed
253 2568 280 2592 et
299 2564 403 2600 Moyses
420 2565 453 2592 ad
472 2569 583 2599 puteum
607 2563 710 2591 invenit
731 2563 862 2591 Seiforani
887 2563 970 2591 tiliam

235 2611 258 2629 "
270 2612 364 2639 Matth.
380 2620 439 2640 xm.
479 2612 500 2628 "
515 2612 613 2640 Genes.
632 2619 712 2644 xxtv,
724 2610 767 2638 62.

183 2646 206 2662 “
219 2646 297 2674 Joan.
315 2655 352 2679 IV,
371 2648 397 2675 6.
435 2647 457 2663 "
472 2647 551 2674 Rom.
567 2655 604 2679 tv,
622 2646 665 2674 l9.

218 2693 274 2728 (70)
291 2693 352 2720 Vult
363 2695 430 2720 enim
443 2703 534 2727 aurea,
548 2699 601 2722 etc.
617 2693 693 2721 llunc
704 2693 792 2721 locum
803 2694 890 2729 carpit
905 2701 969 2722 san-

184 2734 244 2764 ctus
259 2728 419 2756 Eustathius
436 2730 462 2756 in
481 2734 596 2756 tractatu
616 2729 653 2755 De
668 2729 830 2764 pytltoniua.

220 2763 277 2798 (7|)
293 2764 365 2790 Alias
379 2764 489 2797 animal,
505 2765 551 2791 sed
570 2771 634 2792 mss.
651 2765 785 2791 animalis.
802 2764 886 2791 Paul!)
899 2764 969 2792 infra

185 2806 260 2831 mss.,
278 2807 345 2825 unus
361 2799 469 2833 spiritus
484 2805 532 2826 est.
551 2799 632 2832 Editi,
651 2807 719 2826 unus
732 2804 768 2826 est
789 2799 896 2835 spiritus
910 2807 971 2827 cum

183 2842 222 2860 σο.

806 2611 828 2627 ⁸ο
843 2610 941 2640 Genes.
959 2620 1036 2641 uix.

1023 1564 1066 1587 tus
1085 1567 1136 1587 nos
1157 1564 1391 1586 ειιειιιιιιθιιιοηιηι
1405 1558 1530 1586 cumulus
1550 1561 1696 1593 perurget,
1712 1561 1816 1592 quanta

1022 1610 1085 1633 sunt
1093 1613 1154 1640 qua:
1162 1610 1323 1637 occurrunt,
1335 1604 1438 1639 explica
1444 1612 1472 1631 re
1482 1611 1535 1631 non
1548 1611 1706 1639 possumus,
1717 1603 1815 1631 saltem

1022 1651 1079 1678 haec
1099 1650 1213 1678 incitare
1228 1655 1255 1676 te
1275 1650 1375 1677 debent
1392 1650 1426 1677 ad
1449 1650 1632 1682 audiendum,
1654 1650 1689 1676 ad
1713 1658 1814 1678 conve-

1023 1697 1163 1729 niendum,
1180 1700 1208 1723 ut
1223 1696 1335 1723 etiamsi
1347 1703 1396 1723 nos
1410 1695 1499 1730 aliqua
1514 1702 1563 1730 pro
1577 1695 1710 1723 brevitate
1725 1701 1817 1724 trans-

1022 1742 1156 1769 currimus
1168 1762 1176 1775 ,
1197 1746 1224 1768 tu
1246 1749 1307 1769 cum
1335 1741 1433 1776 retegis
1452 1745 1479 1768 et
1497 1741 1635 1775 requiris,
1660 1742 1744 1768 etiam
1758 1742 1816 1777 ipse

1023 1787 1153 1815 discutias
1173 1791 1201 1814 et
1218 1786 1358 1820 invenias,
1376 1791 1451 1814 certe
1475 1786 1517 1813 vel
1541 1787 1567 1814 in
1585 1787 1684 1814 horum
1701 1787 1816 1822 inquisi—

1024 1832 1097 1860 tione
1111 1839 1291 1867 permaneas,
1309 1836 1338 1860 ut
1353 1837 1380 1859 et
1395 1836 1420 1859 te
1434 1831 1546 1862 verbum
1564 1831 1610 1859 Dei
1625 1832 1768 1860 inveniens
1781 1834 1815 1859 ad

1023 1887 1121 1914 aquam
1136 1884 1270 1912 assumat,
1283 1882 1309 1906 et
1321 1878 1471 1914 conjungat
1490 1878 1553 1911 sibi,
1569 1882 1598 1905 ut
1609 1878 1738 1905 eﬂiciaris
1754 1886 1814 1905 (ιιιιι

1022 1932 1056 1953 eo
1081 1933 1152 1952 unus
1175 1925 1289 1960 spiritus
1319 1924 1345 1951 in
1371 1923 1481 1951 Christo
1496 1922 1560 1950 .lcsu
1583 1922 1698 1950 Domino
1720 1927 1815 1950 nostro

1022 1971 1065 1998 cui
1081 1975 1124 1998 est
1147 1969 1231 2005 gloria
1257 1974 1286 1998 et
1306 1969 1449 2004 imperium
1468 1968 1496 1996 in
1518 1968 1616 1996 srecula
1637 1968 1813 1996 surculorum.

1022 2017 1122 2045 Amen.

1313 2082 1454 2111 llOullLlA
1474 2082 1520 2110 XI.

1025 2151 1062 2179 De
1076 2159 1106 2179 eo
1122 2151 1192 2186 quod
1208 2151 1343 2178 Abraham
1363 2150 1506 2178 Cethuram
1522 2149 1623 2186 accepit
1639 2156 1749 2186 uxorem
1759 2168 1770 2182 ι
1787 2152 1812 2177 α

1100 2184 1171 2221 quod
1186 2185 1264 2213 laaac
1278 2186 1407 2213 habitavit
1425 2186 1460 2213 ad
1474 2189 1582 2220 puteum
1596 2184 1717 2212 visionis.

1060 2244 1085 2271 l.
1109 2243 1223 2278 Semper
1239 2243 1318 2271 nobis
1332 2248 1444 2270 sanctus
1462 2242 1563 2270 Paulus
1578 2241 1718 2278 apostolus
1733 2249 1814 2269 occa-

1022 2289 1113 2316 siones
1124 2288 1227 2322 prtebet
1240 2287 1426 2323 intelligentia:
1440 2287 1581 2322 spiritalis,
1597 2292 1624 2314 et
1641 2294 1727 2322 pauca
1740 2287 1812 2318 licet.

1024 2340 1115 2362 tamen
1137 2335 1292 2362 necessaria
1312 2334 1442 2362 studiosis
1457 2334 1576 2361 ostendit
1591 2333 1701 2366 imlicia,
1714 2334 1814 2368 quibus

1022 2381 1094 2416 quod
1115 2380 1157 2407 lex
1171 2379 1303 2415 spiritalis
1317 2380 1362 2412 sit,
1377 2379 1404 2406 in
1420 2380 1547 2406 omnibus
1563 2383 1739 2414 agnoscatur.
1754 2378 1814 2412 Ipse

1024 2426 1108 2462 igitur
1127 2426 1160 2453 de
1171 2425 1312 2453 Abraham
1331 2430 1358 2452 et
1376 2423 1444 2452 Sara
1459 2425 1602 2459 disputans
1617 2424 1734 2458 quodam
1753 2423 1813 2451 loco

1023 2472 1063 2499 ait
1071 2471 1110 2499 "t
1126 2470 1199 2504 Non,
1211 2470 1468 2506 inqttit,t'n/I'rmatus
1483 2469 1535 2504 ﬁde
1548 2469 1723 2496 consideravit
1735 2477 1813 2496 suum

1023 2525 1118 2552 corpus
1134 2521 1288 2548 emortuum,
1298 2524 1358 2542 cum
1372 2515 1428 2550 fere
1452 2519 1555 2542 centum
1575 2522 1705 2541 annorum
1725 2519 1812 2545 esset,

1024 2570 1047 2592 et
1061 2569 1207 2592 emortuam
1220 2563 1322 2590 vulvam
1331 2561 1418 2590 Sarw.
1427 2560 1502 2588 Hune
1511 2567 1576 2595 ergo
1591 2568 1671 2596 quem
1689 2559 1735 2588 ille
1747 2560 1815 2588 dicit

1074 2612 1096 2628 ἠ
1113 2611 1198 2639 Exod.
1217 2618 1250 2638 ιι.
1288 2608 1335 2636 ⁸¹1
1354 2609 1417 2637 Cor.
1436 2616 1468 2642 tt,
1483 2608 1526 2635 M.
1564 2608 1587 2624 "
1607 2607 1616 2635 1
1633 2607 1697 2634 Cor.
1713 2613 1757 2641 vt,
1767 2607 1814 2636 1⁵1.

1060 2694 1117 2729 (72)
1132 2692 1204 2729 Alias
1214 2710 1222 2723 ,
1238 2690 1353 2726 objiciet.
1363 2710 1370 2716 .
1381 2711 1388 2718 .
1399 2709 1407 2717 .
1425 2695 1449 2718 ει
1467 2690 1641 2725 conjungetur
1653 2688 1745 2717 Isaac.
1760 2689 1815 2719 Sed

1024 2728 1092 2758 mss.
1108 2728 1137 2755 nt
1152 2728 1177 2754 in
1194 2731 1288 2753 nostro
1312 2731 1396 2753 textu.

1060 2765 1117 2800 (13)
1133 2762 1179 2800 Sic
1195 2768 1273 2793 mss.,
1289 2761 1355 2788 cditi
1369 2768 1432 2790 vero
1439 2764 1612 2789 consonanter
1627 2759 1742 2794 formas.
1753 2778 1762 2788 ι
1786 2779 1814 2790 ..

1026 2806 1052 2827 ut
1069 2799 1214 2827 inueniatur
1233 2804 1342 2830 sponsa.
