1902 3065
49 156 92 185 Bt

670 151 704 179 ΙΝ
720 149 870 179 GENESIM
888 148 1030 178 llOMlLlA
1045 147 1096 176 ΧΙ-

1631 143 1684 170 2η

50 211 158 242 mortui
182 211 316 247 corporis
342 212 370 239 in
393 210 552 239 centenario
572 217 706 238 annorum
732 215 845 237 numero
859 207 882 236 Α
897 210 1004 234 calores
1026 203 1118 239 porcis
1137 204 1344 236 comparantur,
1365 199 1411 234 qui
1430 198 1456 226 in
1477 198 1596 233 peccatis
1610 199 1684 226 velut

50 260 144 287 tum.
160 263 188 286 et
204 258 287 285 Isaac
313 257 404 292 magis
422 255 599 283 virtute‘ﬁdei
621 264 703 291 quam
722 254 847 289 corporis

50 304 216 333 fecunditate
237 303 371 338 genuisse
385 323 393 335 ,
408 302 550 336 Scriptura
577 309 649 329 nunc
667 301 751 328 refert
767 308 846 328 acce-

50 351 121 386 pisse
135 357 253 377 uxorem
267 349 422 376 Cethuram
440 348 558 379 nomine,
575 353 603 374 et
616 347 684 374 ﬁlios
696 354 729 374 ex
745 353 776 373 ea
791 345 850 380 plu«

49 396 133 423 ﬁmus
144 394 286 429 genuisse,
300 401 364 421 cum
378 392 436 420 fere
453 397 562 420 centum
576 392 685 427 triginta
703 395 731 418 et
742 396 845 426 septem

53 441 190 468 videretur
206 447 357 467 annorum.
375 439 444 466 Nam
462 438 530 467 Sara
546 446 614 465 uxor
628 437 686 472 ejus
701 438 797 465 decem
813 436 847 463 ab

53 494 84 514 eo
98 486 181 513 annis
194 485 292 519 iunior
311 484 442 512 scribitur
453 504 461 518 ,
479 492 540 519 quae
555 483 705 511 centesimo
718 482 850 510 vicesimo

53 535 78 557 et
90 529 211 564 septimo
232 535 306 556 anno
322 527 449 555 defuncta
464 546 472 558 .
493 527 595 555 indicat
611 527 750 554 Abraham
768 531 850 559 super

55 581 163 602 rentum
177 574 292 609 triginta
302 578 404 609 septem
418 580 550 600 annorum
563 573 659 605 fuisse,
673 579 733 600 cum
745 571 846 599 Cetlm-

55 628 113 647 ratu
126 620 236 655 accepit
250 627 376 647 uxorem.
398 618 468 652 Quid
482 618 569 654 ergo?
586 624 713 654 putamus
727 617 798 652 quod
820 617 847 644 in

57 671 128 694 tanto
143 665 302 699 patriarcha
317 671 367 698 per
382 664 452 692 idem
476 669 581 698 tempus
595 664 769 690 incitamenta
784 669 847 689 car-

54 712 93 738 nis
115 710 281 746 viguerint?
310 710 344 737 Et
367 710 413 744 qui
438 709 501 737 olim
531 709 700 736 naturalibus
729 708 847 735 motibus

52 760 198 783 emortuus
211 755 324 787 dicitur,
343 762 413 782 nunc
432 755 465 782 ad
482 754 622 782 libidinem
638 753 694 789 (Ἠ)
712 753 848 781 redivivus

52 800 213 835 potabitur?
227 800 280 833 An,
296 804 325 828 ut
335 807 407 835 stupe
418 800 474 834 jam
484 800 614 832 diximus,
631 801 846 834 patriarcharum

52 847 178 882 coniugia
195 847 342 881 mysticum
357 846 467 881 aliquod
486 846 609 874 indicant
626 845 848 873 sacramentum?

53 893 130 920 Sicut
140 897 169 920 et
184 892 245 924 ille.
268 893 314 927 qui
329 893 437 920 dicebat
451 893 484 920 de
497 892 634 927 sapientia
650 893 689 919 “:
708 892 786 919 Hanc
800 900 846 926 ego

54 939 166 973 rogitavi
181 946 292 965 uxorem
306 938 439 965 adducere
458 939 534 965 milii.
554 937 691 966 Fortassis
707 945 775 972 ergo
791 937 847 972 jam

55 992 117 1013 tunc
132 991 160 1014 et
173 986 314 1013 Abraham
329 986 419 1013 simile
433 985 535 1020 aliquid
552 986 691 1021 cogitarit,
707 989 734 1012 et
751 992 847 1019 quant-

54 1033 94 1059 vis
105 1038 181 1059 esset
197 1032 318 1065 sapiens,
339 1031 394 1059 hoc
407 1032 464 1066 ipso
480 1036 568 1058 tamen
584 1031 696 1063 sciebat,
715 1030 789 1066 quod
804 1037 848 1057 sa-

55 1078 162 1112 pienti:
171 1078 264 1105 nullus
276 1082 317 1105 est
328 1077 402 1110 linis,
418 1085 466 1105 nec
482 1075 602 1105 discendi
617 1076 761 1104 terminum
775 1083 850 1103 sene.

55 1128 113 1150 ctus
133 1122 262 1157 imponit.
280 1122 332 1155 Qui
355 1122 429 1150 enim
445 1122 588 1149 consuevit
606 1129 638 1149 eo
660 1121 741 1148 modo
757 1119 848 1148 sortiri

55 1168 276 1199 matrimonium,
289 1175 343 1203 quo
355 1168 389 1194 de
405 1168 462 1202 ipso
476 1168 602 1202 superius
617 1166 808 1199 indicavimus,
823 1165 848 1193 id

58 1218 99 1241 est
120 1213 169 1248 qui
187 1213 320 1240 virtutem
338 1212 439 1240 habere
456 1214 483 1239 in
498 1212 626 1247 conjugio
645 1212 727 1244 solet,
741 1211 849 1246 quando

57 1265 143 1294 potest
156 1259 193 1286 ab
205 1258 396 1294 hujuscemodi
410 1265 517 1286 cessare
531 1257 677 1293 coniugio?
692 1258 766 1285 Sane
777 1264 850 1284 nam-

56 1311 107 1339 que
120 1305 261 1338 dormitio,
277 1305 387 1332 virtutis
400 1308 442 1332 est
455 1304 626 1339 tntelligenda
638 1303 848 1331 consummatio.

57 1351 105 1384 Qui
138 1358 205 1378 vero
227 1354 424 1378 consummata:
445 1356 473 1378 et
501 1349 626 1384 perlecta:
652 1349 762 1376 virtutis
787 1353 849 1382 est,

58 1403 164 1431 semper
177 1403 291 1424 necesse
304 1401 346 1423 est
361 1401 390 1423 ut
406 1396 434 1422 in
450 1395 539 1430 aliqua
551 1396 702 1423 eruditione
715 1401 848 1423 versetur.

59 1440 143 1473 Quam
169 1440 354 1469 eruditionem
384 1438 524 1473 coniugem
552 1439 612 1474 ejus
628 1446 720 1466 sermo
741 1439 850 1466 divinis

59 1485 185 1520 appellat.
198 1485 354 1514 Secundum
369 1485 420 1512 hoc
434 1489 499 1519 puto
513 1485 585 1519 quod
600 1490 628 1512 et
640 1485 665 1512 in
677 1485 736 1520 lege
752 1485 850 1512 calebo

57 1537 84 1558 et
99 1532 202 1559 sterilis
216 1531 360 1559 maledicto
378 1530 515 1564 subiacet.
532 1531 602 1558 Dicit
618 1532 709 1558 enim:
737 1531 852 1559 Maledi-

59 1583 114 1605 tttts
126 1578 171 1613 qui
187 1586 240 1606 non
254 1577 388 1613 reliquerit
402 1585 489 1605 tamen
503 1577 530 1604 in
548 1576 645 1605 Israel.
661 1577 739 1611 Quod
753 1578 775 1605 si
791 1579 848 1605 haec

59 1624 92 1652 de
108 1623 215 1651 carnali
237 1624 342 1651 semine
359 1623 412 1650 dici
433 1627 582 1657 putentur,
605 1631 700 1650 (mines
719 1622 848 1650 Ecclesia:

60 1670 179 1704 virgines
195 1670 250 1697 sub
272 1669 417 1697 maledicto
435 1669 529 1704 posita:
544 1669 720 1697 videbuntur.
736 1670 769 1696 Et
783 1669 848 1704 quid

61 1715 93 1743 de
103 1716 234 1744 Ecclesiae
249 1714 399 1750 virginibus
412 1715 489 1743 dico?
504 1714 564 1750 Ipse
577 1715 706 1749 Joannes,
721 1723 775 1750 quo
790 1723 850 1742 ma-

59 1760 100 1794 jor
112 1761 186 1789 inter
204 1765 285 1788 natos
299 1760 443 1788 mulierum
459 1768 539 1789 nemo
555 1761 606 1788 fuit
620 1761 658 1793 ⁸⁷,
677 1765 705 1788 et
720 1760 766 1788 alii
786 1768 850 1788 san-

61 1811 164 1835 ctorum
179 1806 290 1841 plurimi
302 1827 312 1838 ,
324 1813 417 1834 semen
427 1808 574 1836 secundum
588 1814 697 1835 carnem
717 1815 768 1834 non
785 1807 849 1834 reli-

64 1857 192 1886 querunt,
204 1852 304 1887 quippe
319 1851 364 1885 qui
383 1859 434 1880 nee
449 1852 543 1880 iniisse
554 1852 662 1887 quidem
676 1852 849 1880 matrimonia

64 1898 230 1926 refcrunlul'.
248 1897 302 1926 Sed
319 1901 348 1926 et
365 1902 470 1925 certum
487 1903 528 1927 est
546 1898 607 1926 illos
622 1898 744 1932 spiritale
758 1905 850 1925 semen

63 1949 85 1970 et
95 1943 236 1980 spiritales
250 1943 321 1971 ﬁlios
331 1943 485 1977 reliquisse,
493 1949 520 1971 et
533 1943 660 1973 habuisse
672 1951 851 1978 unumquem-

61 1996 110 2022 que
136 1989 285 2024 conjugem
311 1989 492 2024 sapientiam,
523 1989 593 2018 sicut
620 1995 648 2018 et
675 1991 775 2020 Paulus
802 2000 852 2028 per

61 2033 237 2069 Evangelium
256 2034 326 2062 ﬁlios
345 2034 491 2070 generabat
504 2034 537 2061 η.
557 2035 668 2070 Accepit
686 2044 750 2072 ergo
768 2045 850 2067 senex

61 2081 172 2109 emortui
194 2081 253 2116 jam
276 2081 399 2116 corporis
413 2081 549 2109 Abraham
566 2081 712 2109 Cethuram
728 2091 851 2112 uxorem.

67 2124 116 2160 Ego
130 2130 202 2160 puto
218 2125 368 2157 secundum
384 2126 465 2160 hanc,
482 2134 563 2162 quam
577 2134 658 2162 supra
678 2128 853 2161 exposuimus

67 2172 209 2203 rationem,
222 2172 296 2206 quod
311 2171 408 2199 melius
421 2177 484 2200 tunc
502 2181 570 2200 uxor
581 2173 728 2207 accipitur,
744 2173 853 2207 quando

66 2221 221 2246 emortuum
252 2225 354 2252 corpus
380 2222 441 2251 est,
471 2219 580 2253 quando
602 2218 768 2246 mortificata
791 2224 853 2245 sum

68 2265 195 2291 membra.
209 2263 295 2298 llajor
306 2263 379 2291 enim
391 2265 425 2291 ad
438 2264 600 2298 sapientiam
614 2263 741 2291 sensibus
754 2263 855 2291 nostris

67 2310 200 2343 capacius
213 2309 367 2345 90incst,
377 2310 486 2345 quando
497 2310 672 2337 mortilicatio
683 2309 785 2336 Christi
800 2310 855 2337 eir-

68 2355 216 2383 cumfertur
240 2356 269 2382 in
286 2363 402 2390 corpore
426 2360 521 2383 nostro
543 2355 652 2383 mortali
677 2355 711 2383 ⁴⁹.
734 2356 855 2390 Denique

67 2400 185 2429 Cethura
197 2408 281 2436 quam
298 2409 370 2428 nunc
383 2408 466 2429 senex
475 2401 613 2429 Abraham
628 2401 741 2429 sortitur
753 2401 779 2428 in
796 2409 854 2428 Ina-

70 2446 220 2474 trimouium
230 2465 240 2480 ,
255 2447 403 2482 thymiama
429 2446 624 2481 interpretatur
640 2446 712 2482 ('15),
727 2447 800 2481 quod
813 2450 856 2473 est

70 2491 205 2520 incensum
222 2512 231 2524 ,
248 2493 291 2519 vel
316 2492 404 2520 bonus
417 2492 494 2520 odor.
515 2493 549 2519 Et
571 2493 629 2527 ipse
653 2492 725 2520 enim
749 2491 855 2519 dicebat

30 2547 33 2549 τ
71 2538 134 2566 sicut
149 2539 253 2566 Paulus
264 2538 334 2567 dixit
347 2538 381 2571 “,
394 2539 457 2573 quia
472 2538 571 2566 Christi
583 2539 666 2566 bonus
677 2539 743 2566 odor
754 2545 857 2566 sumus.

70 2585 205 2618 Quomodo
225 2590 318 2612 autem
343 2585 405 2620 quis
426 2585 528 2612 Christi
542 2585 629 2616 bonus
650 2585 719 2612 odor
733 2584 858 2616 elﬁcitur,

71 2630 213 2658 videamus.
237 2631 386 2658 Peccatum
412 2638 456 2658 res
475 2633 517 2657 est
541 2629 632 2658 fetida.
661 2630 781 2665 Denique
797 2637 859 2665 pec-

102 2687 122 2702 “
136 2687 199 2722 Sap.
217 2696 279 2720 ml,
294 2687 320 2715 9.
361 2687 384 2703 ⁸⁷
393 2687 489 2714 Matth.
505 2695 544 2720 xl,
561 2687 604 2715 η.
642 2687 664 2703 ⁸³
679 2686 688 2713 l
701 2687 764 2713 Cor.
780 2694 814 2718 ιν,
835 2687 844 2713 1

905 2685 920 2702 ν’
932 2684 952 2712 ll
968 2685 1030 2712 Cor.
1052 2691 1087 2717 tv,
1106 2682 1149 2710 10.
1187 2682 1211 2699 ⁸⁸
1225 2681 1245 2708 ll
1258 2680 1321 2708 Cor.
1337 2688 1366 2713 tr,
1380 2680 1423 2707 15.

897 252 923 278 in
938 255 1059 278 stercore
1084 247 1169 276 fetido
1184 246 1352 274 volutantur.
1374 245 1407 271 Et
1423 244 1505 271 David
1520 251 1551 270 ex
1570 251 1682 278 persona

897 295 1051 332 peccatoris
1073 293 1234 330 pmuitentis
1257 291 1322 320 dicit
1345 291 1367 307 "
1383 299 1390 317 :
1409 289 1631 324 Computrueruut
1658 295 1682 316 et

896 349 980 370 aesar
993 345 1053 368 sunt
1068 340 1202 367 cicatrices
1223 346 1297 365 mete.

931 388 959 415 2.
975 387 1002 414 Si
1016 387 1078 422 quis
1089 393 1154 421 ergo
1171 389 1292 411 vestrum
1311 387 1352 410 est
1363 403 1371 414 .
1390 383 1416 409 ln
1428 388 1481 417 quo
1497 381 1565 408 odor
1579 379 1684 416 peccati

893 434 951 469 iam
967 433 1057 460 nullus
1072 436 1131 464 est,
1148 431 1193 458 sed
1210 431 1278 456 odor
1288 428 1400 463 justitite
1411 448 1418 460 ,
1435 427 1555 455 suavitas
1573 426 1684 453 miseri-

898 479 1006 511 cordite,
1022 477 1121 512 si'quis
1133 477 1192 504 sine
1211 474 1412 503 intermissione
1427 474 1530 501 orando
1543 472 1620 500 oden
1637 472 1685 499 Do-

898 525 972 553 mino
990 531 1098 559 semper
1113 523 1266 553 incensum,
1280 523 1307 547 et
1323 519 1390 546 dicit
1400 520 1424 535 ⁵¹
1437 528 1444 545 :
1464 518 1604 553 Dirigatur
1617 525 1680 543 ora-

898 572 934 598 tio
952 578 1010 597 mea
1033 569 1100 597 sicut
1126 569 1259 595 incensum
1275 567 1302 593 in
1328 568 1469 599 conspectu
1487 569 1532 591 tuo
1545 584 1552 596 ,
1577 562 1684 590 elaratio

898 623 1025 642 manuum
1048 621 1167 641 mearum
1180 612 1342 646 sacriﬁcium
1361 610 1533 645 vespertinum
1545 628 1552 641 ,
1574 608 1619 635 hic
1633 606 1686 634 Ce-

899 662 1008 688 thuram
1023 659 1100 688 duxit
1115 666 1238 686 uxorem.
1259 658 1306 686 Sic
1318 664 1384 692 ergo
1406 663 1499 683 senum
1525 654 1632 688 nuptias
1648 652 1688 679 in-

899 706 1042 742 terpretari
1065 705 1173 740 dignius
1190 708 1275 739 pulo,
1294 704 1334 731 sic
1358 702 1471 738 pulchre
1488 700 1554 728 inita
1571 697 1688 734 patriar-

898 754 1012 781 charum
1029 752 1056 780 in
1071 752 1165 779 ultima
1179 751 1232 786 iam
1246 754 1274 778 et
1288 749 1391 777 defecta
1403 752 1482 775 mtate
1495 745 1629 781 coniugia,
1646 744 1687 771 sic

898 798 1067 825 necessarias
1083 797 1199 824 liliormn
1221 794 1425 830 procreationes
1445 791 1572 819 existimo
1588 797 1686 817 nume-

900 844 1007 871 randas.
1023 843 1063 870 Ad
1081 842 1148 869 tales
1161 842 1234 869 enim
1248 841 1355 875 nuptias
1368 844 1394 867 et
1408 836 1594 872 hujuscemodi
1611 835 1687 862 sobo-

863 878 884 905 Β
900 891 952 918 lem
966 911 974 924 ,
1000 897 1053 917 non
1073 889 1109 916 ita
1127 888 1241 922 juvenes
1258 892 1287 914 ut
1306 893 1386 914 senes
1401 885 1457 920 apti
1482 888 1556 911 sunt.
1580 882 1687 914 Quanto

899 937 972 966 enim
989 936 1052 971 quis
1074 942 1159 962 carne
1175 933 1234 969 plus
1254 932 1340 960 fessus
1364 935 1420 961 est,
1439 933 1514 956 tanto
1536 927 1589 956 erit
1603 926 1686 954 animi

900 985 999 1011 virtute
1018 981 1158 1008 robustior
1171 1000 1179 1012 ,
1192 985 1221 1006 et
1235 978 1373 1013 sapientia:
1387 974 1570 1010 complexibus
1589 973 1687 1007 aptior.

901 1029 947 1057 Sic
968 1033 994 1056 et
1006 1028 1050 1055 ille
1071 1027 1097 1054 iu
1120 1025 1270 1060 Scriptnris
1286 1025 1308 1040 "
1325 1024 1366 1050 vir
1377 1024 1466 1058 justus
1486 1021 1604 1048 Elcliana
1620 1019 1689 1046 duas

900 1076 981 1104 simul
1005 1075 1125 1103 refertur
1138 1071 1267 1100 habuisse
1290 1077 1406 1102 uxores,
1429 1075 1542 1103 quarum
1568 1074 1618 1094 una
1638 1066 1690 1093 Fc-

900 1129 1010 1155 ncuna,
1035 1119 1086 1147 alia
1120 1118 1197 1145 Anna
1231 1115 1393 1145 dicebatur,
1421 1114 1447 1140 id
1473 1116 1516 1140 est
1546 1111 1689 1139 conversio

901 1173 929 1196 et
957 1166 1043 1202 gratia
1068 1164 1137 1201 (76).
1157 1163 1191 1190 Et
1212 1162 1299 1196 primo
1319 1160 1428 1195 quidem
1457 1158 1556 1185 dicitur
1580 1157 1612 1184 de
1638 1155 1690 1183 Fc-

902 1220 990 1241 nenna
1013 1211 1083 1239 ﬁlios
1109 1208 1273 1242 suscepisse,
1296 1206 1323 1233 id
1343 1210 1385 1233 est
1405 1205 1438 1233 dc
1457 1203 1644 1234 conversione,
1660 1205 1688 1228 et

901 1258 1072 1296 postmodum
1103 1257 1135 1284 de
1156 1256 1251 1286 Anna.
1279 1260 1338 1288 qua:
1361 1257 1403 1280 est
1428 1250 1525 1286 gratia.
1547 1248 1689 1276 Proiectus

900 1305 1000 1334 etenim
1022 1307 1180 1330 sanctorum
1202 1301 1342 1334 Scriptura
1377 1296 1526 1332 ﬁguraliter
1555 1301 1603 1329 per
1624 1300 1690 1320 con-

898 1351 972 1387 jugia
995 1349 1128 1384 designat.
1150 1346 1229 1376 Unde
1249 1350 1275 1373 et
1295 1350 1321 1372 tu
1337 1348 1424 1379 potes,
1442 1343 1464 1370 si
1485 1343 1537 1374 vis,
1558 1341 1690 1387 hujusce-

901 1397 974 1426 modi
990 1395 1148 1430 nuptiarum
1166 1392 1279 1419 maritus
1292 1390 1436 1421 exsistere,
1457 1392 1494 1420 et,
1507 1386 1582 1413 verbi
1596 1392 1689 1417 causa,

901 1445 923 1472 si
949 1441 1160 1476 hospitalitatem
1182 1438 1297 1464 libenter
1314 1441 1436 1466 exerces,
1462 1434 1531 1460 hanc
1554 1431 1601 1458 tibi
1626 1437 1692 1456 cou-

898 1473 1151 1524 jugem-videberis
1182 1481 1374 1516 assumpsisse.
1407 1478 1474 1505 lluic
1503 1477 1525 1504 si
1554 1473 1691 1502 addideris

897 1521 1045 1572 pauperum
1076 1537 1167 1558 curam
1190 1548 1199 1560 ,
1228 1526 1374 1555 secundam
1407 1523 1545 1552 videberis
1578 1521 1692 1548 sortitus

862 1567 883 1595 ο
900 1567 1025 1609 uxorem.
1040 1576 1118 1610 Quod
1131 1575 1154 1602 si
1175 1579 1203 1601 et
1223 1572 1380 1608 patientiam
1395 1570 1444 1598 tibi
1456 1569 1555 1604 jnngas
1573 1572 1600 1595 et
1616 1575 1693 1594 man-

902 1625 1084 1655 suetudinem,
1108 1625 1275 1654 cmlerasque
1297 1618 1421 1648 virtutes,
1444 1621 1483 1644 tot
1497 1614 1631 1643 videberis
1647 1621 1693 1640 ac-

902 1672 1008 1707 cepisse
1030 1674 1141 1698 uxores,
1165 1669 1232 1700 quot
1253 1663 1401 1690 virtutibus
1421 1661 1532 1696 gaudes.
1547 1660 1610 1687 Inde
1628 1666 1693 1694 ergo

901 1705 944 1746 est
970 1716 1041 1751 quod
1067 1711 1211 1741 nonnullos
1238 1709 1458 1745 patriarcharum
1490 1706 1570 1733 simul
1601 1705 1694 1739 plures

903 1763 1030 1792 habuisse
1051 1759 1190 1794 coniuges,
1214 1757 1282 1784 alios
1304 1754 1440 1783 defunctis
1462 1752 1600 1788 prioribus
1615 1759 1694 1778 acce-

902 1811 975 1846 pisse
1013 1807 1102 1839 alias,
1139 1803 1280 1839 Scriptura
1316 1804 1512 1829 commemorat
1539 1808 1546 1826 :
1573 1803 1602 1825 ut
1629 1797 1694 1824 illud

904 1843 1053 1891 liguraliter
1068 1852 1214 1882 indicetur,
1229 1848 1300 1883 quod
1313 1847 1421 1882 quidam
1440 1846 1530 1880 plures
1542 1843 1620 1871 simul
1633 1849 1693 1877 pos-

905 1890 968 1930 sunt
991 1904 1122 1927 exercere
1154 1896 1290 1925 virtutes,
1317 1891 1362 1919 alii
1387 1898 1439 1918 non
1468 1890 1542 1924 prius
1570 1896 1629 1923 qua:
1650 1895 1693 1915 se-

903 1950 1024 1983 quuntur
1050 1943 1170 1977 incipere
1187 1959 1195 1972 ,
1225 1946 1305 1974 quam
1338 1937 1428 1972 priora
1459 1934 1637 1970 perduxerint
1659 1933 1693 1959 ad

904 1979 1068 2027 perfectum.
1082 1988 1146 2016 Inde
1162 1985 1279 2020 denique
1299 1983 1427 2011 Salomon
1448 1981 1538 2016 plures
1551 1979 1632 2007 simul
1646 1979 1687 2005 ha-

906 2024 996 2066 buisse
1020 2035 1138 2064 refertur
1159 2039 1257 2059 uxores
1274 2050 1282 2063 ,
1305 2030 1347 2057 cui
1369 2028 1477 2056 dixerat
1499 2025 1629 2053 Dominus
1648 2024 1693 2050 ἰτ

907 2081 1017 2116 Sapiens
1035 2083 1094 2105 ante
1115 2083 1138 2104 te
1160 2084 1211 2102 nan
1235 2075 1284 2109 fuit
1306 2073 1386 2105 talis,
1399 2077 1423 2099 et
1445 2076 1501 2106 post
1524 2077 1549 2097 te
1570 2078 1620 2097 non
1633 2069 1693 2096 erit.

907 2125 975 2158 Quia
995 2131 1060 2159 ergo
1081 2123 1194 2150 dederat
1221 2121 1245 2147 ei
1267 2119 1396 2147 Dominus
1416 2117 1613 2144 multitudinem
1631 2123 1696 2150 pru-

907 2172 1027 2203 dentiae,
1046 2170 1118 2197 sicut
1141 2175 1224 2196 arena
1247 2173 1289 2194 est
1312 2166 1396 2193 maris
1409 2185 1417 2198 ,
1444 2169 1473 2191 ut
1493 2163 1627 2198 judicarct
1647 2170 1696 2197 pu-

909 2219 999 2254 pulum
1021 2225 1097 2246 suum
1121 2216 1148 2245 in
1171 2214 1323 2249 sapientia,
1348 2213 1410 2240 ideo
1431 2211 1522 2247 plures
1543 2210 1625 2237 simul
1649 2217 1696 2245 ρος

908 2269 979 2293 terat
1001 2270 1129 2293 exercere
1159 2261 1284 2288 virtutes.
1317 2260 1389 2287 Sane
1411 2264 1511 2294 praeter
1531 2257 1600 2289 hcc,
1624 2255 1697 2290 quod

907 2318 941 2338 ex
959 2310 1019 2345 lege
1035 2309 1082 2336 Dei
1104 2309 1268 2339 educentur,
1292 2307 1316 2334 si
1336 2306 1419 2333 ctiam
1441 2313 1474 2333 ex
1496 2303 1538 2331 his
1562 2302 1696 2330 eruditio-

908 2356 1004 2387 nibus,
1026 2361 1087 2389 quia
1108 2353 1280 2380 extrinsecus
1301 2351 1430 2378 videntur
1450 2357 1510 2377 esse
1534 2349 1560 2376 iu
1585 2347 1695 2378 smculo,

887 2394 893 2400 ’
908 2401 1015 2435 aliquas
1033 2399 1218 2434 contigimus;
1244 2397 1319 2425 verbi
1339 2403 1434 2428 causa,
1460 2400 1489 2423 ut
1512 2399 1554 2422 est
1578 2394 1701 2420 ermlitio

908 2447 1072 2476 litterarum,
1085 2446 1126 2472 vel
1143 2444 1210 2472 artis
1219 2443 1420 2479 grammaticas,
1434 2445 1463 2468 ut
1474 2445 1516 2468 est
1532 2440 1696 2473 geometrica

909 2494 1046 2526 doctrina,
1069 2492 1110 2519 vel
1133 2491 1204 2518 ratio
1230 2497 1417 2522 numerorum,
1440 2487 1484 2515 vel
1504 2487 1586 2514 etiam
1610 2485 1697 2512 diale-

909 2542 978 2566 ctica
999 2537 1163 2572 disciplina;
1189 2540 1217 2563 et
1238 2536 1294 2563 haec
1317 2535 1409 2562 omnia
1433 2532 1603 2560 extrinsecus
1623 2537 1698 2563 quae-

910 2585 982 2616 sita,
1010 2583 1043 2610 ad
1073 2587 1167 2609 nostra
1196 2581 1320 2608 instituta
1345 2578 1538 2614 perducimus,
1564 2580 1646 2610 atque
1669 2575 1699 2601 in

911 2629 1090 2658 assertionem
1116 2631 1217 2655 nostra:
1242 2626 1309 2661 legis
1334 2624 1517 2655 asciseimns,
1538 2627 1602 2649 tunc
1622 2621 1698 2648 vide-

1473 2679 1494 2695 “
1509 2678 1579 2706 Psal.
1593 2684 1696 2710 xxxvii,

70 2721 94 2748 6.
128 2723 150 2739 "
164 2723 231 2750 Psal.
246 2731 319 2755 ειμι,
337 2723 365 2749 2.
405 2723 429 2738 ⁸³
445 2723 454 2749 l
470 2723 534 2758 lit-g.
553 2731 572 2750 ι.
609 2722 632 2738 ⁵⁸
647 2722 678 2749 111
694 2722 810 2756 Paralip.
826 2729 844 2754 I,
859 2721 902 2748 l2.

103 2770 154 2805 (Ἰι)
169 2770 207 2797 lta
225 2779 292 2798 mss.
309 2771 388 2801 editi,
416 2779 432 2796 (ι
447 2770 567 2797 libidine.
591 2769 675 2797 Paulo
692 2774 751 2803 post
766 2769 831 2796 editi
846 2788 854 2801 ,

74 2806 198 2838 mysticum
211 2806 314 2841 aliquid
329 2805 453 2833 iudicatu
469 2810 493 2832 et
513 2811 658 2832 sacratum.
677 2805 729 2832 Sed
747 2813 812 2832 mss.
827 2809 856 2831 ul.

75 2847 98 2865 ιιι
115 2846 200 2868 nostro
217 2846 258 2868 lex
265 2846 303 2868 ιιι.

103 2874 155 2910 £75)
179 2876 297 2904 Ccthura
328 2875 477 2911 thymiama
500 2875 696 2910 interpretatur
726 2882 740 2901 a
766 2874 857 2902 radice

908 2767 1039 2795 llebraica
1048 2770 1124 2797 113D,
1139 2763 1265 2794 adolevit,
1275 2762 1379 2797 stt/ﬁuit.

945 2802 1001 2836 (Ἱιίὶ
1025 2796 1151 2828 Fcne'nna
1176 2799 1274 2836 dicitur
1297 2796 1409 2836 ιιι-ἱερηί
1429 2797 1560 2836 conversio
1575 2802 1590 2822 a
1612 2796 1697 2836 verbo

912 2831 975 2867 nz's.
997 2836 1109 2868 aspexit,
1132 2833 1269 2864 convertit,
1289 2833 1366 2859 Anna
1388 2839 1452 2858 vero
1469 2832 1590 2868 gratius
1607 2831 1695 2859 radice

913 2866 1103 2914 :1n,grutium
1118 2869 1198 2904 fecit,
1214 2868 1370 2903 misericors,
1384 2867 1514 2901 gratiosus
1529 2866 1590 2901 fuit.
