  <div class='ocr_page' id='page_1' title='image "/cluster/home/n/w/nwhite01/storage/ocr_20150623/12/njp.32101077772422/139.png"; bbox 0 0 1900 3060; ppageno 0'>
   <div class='ocr_carea' id='block_1_1' title="bbox 191 113 246 142">
    <p class='ocr_par' dir='ltr' id='par_1_1' title="bbox 191 113 246 142">
     <span class='ocr_line' id='line_1_1' title="bbox 191 113 246 142; baseline 0 0"><span class='ocrx_word' id='word_1_1' title='bbox 191 113 246 142; x_wconf 70' lang='lat'><strong>925</strong></span> 
     </span>
    </p>
   </div>
   <div class='ocr_carea' id='block_1_2' title="bbox 939 121 1105 150">
    <p class='ocr_par' dir='ltr' id='par_1_2' title="bbox 939 121 1105 150">
     <span class='ocr_line' id='line_1_2' title="bbox 939 121 1105 150; baseline 0 -2"><span class='ocrx_word' id='word_1_2' title='bbox 939 121 1105 150; x_wconf 76' lang='lat' dir='ltr'><strong>ORIGENlS-</strong></span> 
     </span>
    </p>
   </div>
   <div class='ocr_carea' id='block_1_3' title="bbox 1767 126 1819 157">
    <p class='ocr_par' dir='ltr' id='par_1_3' title="bbox 1767 126 1819 157">
     <span class='ocr_line' id='line_1_3' title="bbox 1767 126 1819 157; baseline 0.058 -3"><span class='ocrx_word' id='word_1_3' title='bbox 1767 126 1819 157; x_wconf 66' lang='lat'><strong>2‘25</strong></span> 
     </span>
    </p>
   </div>
   <div class='ocr_carea' id='block_1_4' title="bbox 194 178 1816 215">
    <p class='ocr_par' dir='ltr' id='par_1_4' title="bbox 194 178 1816 215">
     <span class='ocr_line' id='line_1_4' title="bbox 194 178 1816 215; baseline 0.001 -9"><span class='ocrx_word' id='word_1_4' title='bbox 194 180 285 206; x_wconf 82' lang='lat' dir='ltr'><strong>bimur</strong></span> <span class='ocrx_word' id='word_1_5' title='bbox 304 178 346 206; x_wconf 87' lang='lat' dir='ltr'><strong>vel</strong></span> <span class='ocrx_word' id='word_1_6' title='bbox 362 179 528 214; x_wconf 80' lang='lat' dir='ltr'><strong>alienigenas</strong></span> <span class='ocrx_word' id='word_1_7' title='bbox 547 180 571 206; x_wconf 92' lang='lat' dir='ltr'><strong>in</strong></span> <span class='ocrx_word' id='word_1_8' title='bbox 596 179 800 207; x_wconf 71' lang='lat' dir='ltr'><strong>matrimonium</strong></span> <span class='ocrx_word' id='word_1_9' title='bbox 823 181 982 215; x_wconf 85' lang='lat' dir='ltr'><strong>sumpsisse,</strong></span> <span class='ocrx_word' id='word_1_10' title='bbox 998 183 1021 211; x_wconf 74' lang='grc' dir='ltr'><strong>Α</strong></span> <span class='ocrx_word' id='word_1_11' title='bbox 1037 180 1120 206; x_wconf 88' lang='lat' dir='ltr'><strong>donet</strong></span> <span class='ocrx_word' id='word_1_12' title='bbox 1134 178 1204 206; x_wconf 85' lang='lat' dir='ltr'><strong>hanc</strong></span> <span class='ocrx_word' id='word_1_13' title='bbox 1219 178 1448 211; x_wconf 74' lang='lat' dir='ltr'><strong>benedictionem,</strong></span> <span class='ocrx_word' id='word_1_14' title='bbox 1473 184 1502 205; x_wconf 92' lang='lat' dir='ltr'><strong>ut</strong></span> <span class='ocrx_word' id='word_1_15' title='bbox 1518 178 1640 207; x_wconf 86' lang='lat' dir='ltr'><strong>habitare</strong></span> <span class='ocrx_word' id='word_1_16' title='bbox 1659 187 1766 208; x_wconf 86' lang='lat' dir='ltr'><strong>merear</strong></span> <span class='ocrx_word' id='word_1_17' title='bbox 1782 185 1816 211; x_wconf 78' lang='lat' dir='ltr'><strong>ad</strong></span> 
     </span>
    </p>
   </div>
   <div class='ocr_carea' id='block_1_5' title="bbox 194 225 981 261">
    <p class='ocr_par' dir='ltr' id='par_1_5' title="bbox 194 225 981 261">
     <span class='ocr_line' id='line_1_5' title="bbox 194 225 981 261; baseline 0.001 -9"><span class='ocrx_word' id='word_1_18' title='bbox 194 225 237 253; x_wconf 91' lang='lat' dir='ltr'><strong>vel</strong></span> <span class='ocrx_word' id='word_1_19' title='bbox 256 225 342 252; x_wconf 86' lang='lat' dir='ltr'><strong>etiam</strong></span> <span class='ocrx_word' id='word_1_20' title='bbox 361 226 541 253; x_wconf 81' lang='lat' dir='ltr'><strong>concubinas.</strong></span> <span class='ocrx_word' id='word_1_21' title='bbox 568 226 599 252; x_wconf 86' lang='lat' dir='ltr'><strong>Et</strong></span> <span class='ocrx_word' id='word_1_22' title='bbox 620 227 641 253; x_wconf 89' lang='lat' dir='ltr'><strong>si</strong></span> <span class='ocrx_word' id='word_1_23' title='bbox 662 227 695 254; x_wconf 88' lang='lat' dir='ltr'><strong>de</strong></span> <span class='ocrx_word' id='word_1_24' title='bbox 720 226 902 261; x_wconf 82' lang='lat' dir='ltr'><strong>hujuscemodi</strong></span> <span class='ocrx_word' id='word_1_25' title='bbox 917 234 981 254; x_wconf 87' lang='lat' dir='ltr'><strong>con-</strong></span> 
     </span>
    </p>
   </div>
   <div class='ocr_carea' id='block_1_6' title="bbox 193 271 981 308">
    <p class='ocr_par' dir='ltr' id='par_1_6' title="bbox 193 271 981 308">
     <span class='ocr_line' id='line_1_6' title="bbox 193 271 981 308; baseline 0.004 -10"><span class='ocrx_word' id='word_1_26' title='bbox 193 271 277 306; x_wconf 79' lang='lat' dir='ltr'><strong>jugiis</strong></span> <span class='ocrx_word' id='word_1_27' title='bbox 295 272 473 306; x_wconf 86' lang='lat' dir='ltr'><strong>disputando,</strong></span> <span class='ocrx_word' id='word_1_28' title='bbox 494 271 649 299; x_wconf 87' lang='lat' dir='ltr'><strong>disserendo</strong></span> <span class='ocrx_word' id='word_1_29' title='bbox 672 273 739 308; x_wconf 78' lang='grc' dir='ltr'><strong>(Π),</strong></span> <span class='ocrx_word' id='word_1_30' title='bbox 761 274 981 301; x_wconf 76' lang='lat' dir='ltr'><strong>contradicontes</strong></span> 
     </span>
    </p>
   </div>
   <div class='ocr_carea' id='block_1_7' title="bbox 195 317 981 353">
    <p class='ocr_par' dir='ltr' id='par_1_7' title="bbox 195 317 981 353">
     <span class='ocr_line' id='line_1_7' title="bbox 195 317 981 353; baseline 0.005 -11"><span class='ocrx_word' id='word_1_31' title='bbox 195 317 399 351; x_wconf 81' lang='lat' dir='ltr'><strong>redarguendo,</strong></span> <span class='ocrx_word' id='word_1_32' title='bbox 431 322 590 345; x_wconf 86' lang='lat' dir='ltr'><strong>convertere</strong></span> <span class='ocrx_word' id='word_1_33' title='bbox 624 318 729 353; x_wconf 84' lang='lat' dir='ltr'><strong>aliquos</strong></span> <span class='ocrx_word' id='word_1_34' title='bbox 765 320 914 353; x_wconf 91' lang='lat' dir='ltr'><strong>poterimus</strong></span> <span class='ocrx_word' id='word_1_35' title='bbox 947 319 981 346; x_wconf 89' lang='lat' dir='ltr'><strong>ad</strong></span> 
     </span>
    </p>
   </div>
   <div class='ocr_carea' id='block_1_8' title="bbox 197 362 981 399">
    <p class='ocr_par' dir='ltr' id='par_1_8' title="bbox 197 362 981 399">
     <span class='ocr_line' id='line_1_8' title="bbox 197 362 981 399; baseline 0.005 -12"><span class='ocrx_word' id='word_1_36' title='bbox 197 362 286 394; x_wconf 87' lang='lat' dir='ltr'><strong>ﬁdem,</strong></span> <span class='ocrx_word' id='word_1_37' title='bbox 306 366 334 389; x_wconf 89' lang='lat' dir='ltr'><strong>et</strong></span> <span class='ocrx_word' id='word_1_38' title='bbox 357 362 379 388; x_wconf 85' lang='lat' dir='ltr'><strong>si</strong></span> <span class='ocrx_word' id='word_1_39' title='bbox 402 363 459 389; x_wconf 82' lang='lat' dir='ltr'><strong>suis</strong></span> <span class='ocrx_word' id='word_1_40' title='bbox 482 370 528 390; x_wconf 88' lang='lat' dir='ltr'><strong>eos</strong></span> <span class='ocrx_word' id='word_1_41' title='bbox 548 363 700 391; x_wconf 81' lang='lat' dir='ltr'><strong>rationibus</strong></span> <span class='ocrx_word' id='word_1_42' title='bbox 720 368 747 390; x_wconf 90' lang='lat' dir='ltr'><strong>et</strong></span> <span class='ocrx_word' id='word_1_43' title='bbox 771 364 875 391; x_wconf 88' lang='lat' dir='ltr'><strong>artibus</strong></span> <span class='ocrx_word' id='word_1_44' title='bbox 899 371 981 399; x_wconf 85' lang='lat' dir='ltr'><strong>supe-</strong></span> 
     </span>
    </p>
   </div>
   <div class='ocr_carea' id='block_1_9' title="bbox 196 408 982 445">
    <p class='ocr_par' dir='ltr' id='par_1_9' title="bbox 196 408 982 445">
     <span class='ocr_line' id='line_1_9' title="bbox 196 408 982 445; baseline 0.006 -12"><span class='ocrx_word' id='word_1_45' title='bbox 196 411 304 440; x_wconf 86' lang='lat' dir='ltr'><strong>rantes,</strong></span> <span class='ocrx_word' id='word_1_46' title='bbox 321 415 412 434; x_wconf 82' lang='lat' dir='ltr'><strong>veram</strong></span> <span class='ocrx_word' id='word_1_47' title='bbox 430 408 630 443; x_wconf 80' lang='lat' dir='ltr'><strong>philosophiam</strong></span> <span class='ocrx_word' id='word_1_48' title='bbox 653 409 753 437; x_wconf 84' lang='lat' dir='ltr'><strong>Christi</strong></span> <span class='ocrx_word' id='word_1_49' title='bbox 775 415 906 438; x_wconf 83' lang='lat' dir='ltr'><strong>etveram</strong></span> <span class='ocrx_word' id='word_1_50' title='bbox 924 411 982 445; x_wconf 90' lang='lat' dir='ltr'><strong>pie-</strong></span> 
     </span>
    </p>
   </div>
   <div class='ocr_carea' id='block_1_10' title="bbox 197 453 980 488">
    <p class='ocr_par' dir='ltr' id='par_1_10' title="bbox 197 453 980 488">
     <span class='ocr_line' id='line_1_10' title="bbox 197 453 980 488; baseline 0.008 -9"><span class='ocrx_word' id='word_1_51' title='bbox 197 457 276 479; x_wconf 88' lang='lat' dir='ltr'><strong>tatem</strong></span> <span class='ocrx_word' id='word_1_52' title='bbox 291 453 336 480; x_wconf 97' lang='lat' dir='ltr'><strong>Dei</strong></span> <span class='ocrx_word' id='word_1_53' title='bbox 353 454 493 488; x_wconf 86' lang='lat' dir='ltr'><strong>suscipere</strong></span> <span class='ocrx_word' id='word_1_54' title='bbox 507 455 689 482; x_wconf 87' lang='lat' dir='ltr'><strong>suaserimus:</strong></span> <span class='ocrx_word' id='word_1_55' title='bbox 714 461 777 484; x_wconf 89' lang='lat' dir='ltr'><strong>tunc</strong></span> <span class='ocrx_word' id='word_1_56' title='bbox 788 465 820 484; x_wconf 76' lang='lat' dir='ltr'><strong>ev</strong></span> <span class='ocrx_word' id='word_1_57' title='bbox 838 458 980 485; x_wconf 87' lang='lat' dir='ltr'><strong>dialectica</strong></span> 
     </span>
    </p>
   </div>
   <div class='ocr_carea' id='block_1_11' title="bbox 195 497 982 538">
    <p class='ocr_par' dir='ltr' id='par_1_11' title="bbox 195 497 982 538">
     <span class='ocr_line' id='line_1_11' title="bbox 195 497 982 538; baseline 0.009 -14"><span class='ocrx_word' id='word_1_58' title='bbox 195 497 237 524; x_wconf 94' lang='lat' dir='ltr'><strong>vel</strong></span> <span class='ocrx_word' id='word_1_59' title='bbox 260 499 396 526; x_wconf 85' lang='lat' dir='ltr'><strong>rhetorica</strong></span> <span class='ocrx_word' id='word_1_60' title='bbox 420 500 574 527; x_wconf 82' lang='lat' dir='ltr'><strong>videbimur</strong></span> <span class='ocrx_word' id='word_1_61' title='bbox 596 502 673 535; x_wconf 89' lang='lat' dir='ltr'><strong>quasi</strong></span> <span class='ocrx_word' id='word_1_62' title='bbox 693 509 726 529; x_wconf 83' lang='lat' dir='ltr'><strong>ex</strong></span> <span class='ocrx_word' id='word_1_63' title='bbox 750 503 900 538; x_wconf 83' lang='lat' dir='ltr'><strong>alienigena</strong></span> <span class='ocrx_word' id='word_1_64' title='bbox 918 511 982 538; x_wconf 91' lang='lat' dir='ltr'><strong>qua-</strong></span> 
     </span>
    </p>
   </div>
   <div class='ocr_carea' id='block_1_12' title="bbox 195 543 981 584">
    <p class='ocr_par' dir='ltr' id='par_1_12' title="bbox 195 543 981 584">
     <span class='ocr_line' id='line_1_12' title="bbox 195 543 981 584; baseline 0.009 -14"><span class='ocrx_word' id='word_1_65' title='bbox 195 543 277 576; x_wconf 83' lang='lat' dir='ltr'><strong>dam,</strong></span> <span class='ocrx_word' id='word_1_66' title='bbox 308 545 350 572; x_wconf 90' lang='lat' dir='ltr'><strong>vel</strong></span> <span class='ocrx_word' id='word_1_67' title='bbox 371 546 544 579; x_wconf 80' lang='lat' dir='ltr'><strong>concubina,</strong></span> <span class='ocrx_word' id='word_1_68' title='bbox 573 546 643 574; x_wconf 83' lang='lat' dir='ltr'><strong>ﬁlios</strong></span> <span class='ocrx_word' id='word_1_69' title='bbox 670 548 808 583; x_wconf 80' lang='lat' dir='ltr'><strong>genuisse.</strong></span> <span class='ocrx_word' id='word_1_70' title='bbox 833 549 919 584; x_wconf 80' lang='lat' dir='ltr'><strong>Igitur</strong></span> <span class='ocrx_word' id='word_1_71' title='bbox 948 550 981 576; x_wconf 90' lang='lat' dir='ltr'><strong>ad</strong></span> 
     </span>
    </p>
   </div>
   <div class='ocr_carea' id='block_1_13' title="bbox 196 590 981 630">
    <p class='ocr_par' dir='ltr' id='par_1_13' title="bbox 196 590 981 630">
     <span class='ocr_line' id='line_1_13' title="bbox 196 590 981 630; baseline 0.009 -14"><span class='ocrx_word' id='word_1_72' title='bbox 196 590 263 617; x_wconf 83' lang='lat' dir='ltr'><strong>tales</strong></span> <span class='ocrx_word' id='word_1_73' title='bbox 287 592 395 626; x_wconf 82' lang='lat' dir='ltr'><strong>nuptias</strong></span> <span class='ocrx_word' id='word_1_74' title='bbox 409 612 417 625; x_wconf 90' lang='lat'><strong>,</strong></span> <span class='ocrx_word' id='word_1_75' title='bbox 440 592 480 619; x_wconf 87' lang='lat' dir='ltr'><strong>vel</strong></span> <span class='ocrx_word' id='word_1_76' title='bbox 508 593 541 619; x_wconf 87' lang='lat' dir='ltr'><strong>ad</strong></span> <span class='ocrx_word' id='word_1_77' title='bbox 564 593 752 627; x_wconf 84' lang='lat' dir='ltr'><strong>hujuscemodi</strong></span> <span class='ocrx_word' id='word_1_78' title='bbox 779 595 849 623; x_wconf 81' lang='lat' dir='ltr'><strong>ﬁlios</strong></span> <span class='ocrx_word' id='word_1_79' title='bbox 870 603 981 630; x_wconf 85' lang='lat' dir='ltr'><strong>procre-</strong></span> 
     </span>
    </p>
   </div>
   <div class='ocr_carea' id='block_1_14' title="bbox 195 636 980 675">
    <p class='ocr_par' dir='ltr' id='par_1_14' title="bbox 195 636 980 675">
     <span class='ocr_line' id='line_1_14' title="bbox 195 636 980 675; baseline 0.011 -14"><span class='ocrx_word' id='word_1_80' title='bbox 195 636 298 668; x_wconf 84' lang='lat' dir='ltr'><strong>audos,</strong></span> <span class='ocrx_word' id='word_1_81' title='bbox 319 644 366 671; x_wconf 87' lang='lat' dir='ltr'><strong>per</strong></span> <span class='ocrx_word' id='word_1_82' title='bbox 388 643 526 666; x_wconf 81' lang='lat' dir='ltr'><strong>senectam</strong></span> <span class='ocrx_word' id='word_1_83' title='bbox 554 639 642 667; x_wconf 92' lang='lat' dir='ltr'><strong>nullus</strong></span> <span class='ocrx_word' id='word_1_84' title='bbox 666 640 832 672; x_wconf 80' lang='lat' dir='ltr'><strong>excluditur,</strong></span> <span class='ocrx_word' id='word_1_85' title='bbox 857 641 910 669; x_wconf 92' lang='lat' dir='ltr'><strong>imo</strong></span> <span class='ocrx_word' id='word_1_86' title='bbox 932 649 980 675; x_wconf 89' lang='lat' dir='ltr'><strong>po-</strong></span> 
     </span>
    </p>
   </div>
   <div class='ocr_carea' id='block_1_15' title="bbox 198 681 981 722">
    <p class='ocr_par' dir='ltr' id='par_1_15' title="bbox 198 681 981 722">
     <span class='ocr_line' id='line_1_15' title="bbox 198 681 981 722; baseline 0.009 -15"><span class='ocrx_word' id='word_1_87' title='bbox 198 681 249 708; x_wconf 90' lang='lat' dir='ltr'><strong>tius</strong></span> <span class='ocrx_word' id='word_1_88' title='bbox 271 682 327 709; x_wconf 80' lang='lat' dir='ltr'><strong>hzec</strong></span> <span class='ocrx_word' id='word_1_89' title='bbox 342 690 416 710; x_wconf 88' lang='lat' dir='ltr'><strong>casta</strong></span> <span class='ocrx_word' id='word_1_90' title='bbox 441 686 582 720; x_wconf 78' lang='lat' dir='ltr'><strong>progenies</strong></span> <span class='ocrx_word' id='word_1_91' title='bbox 606 691 719 713; x_wconf 75' lang='lat' dir='ltr'><strong>matura:</strong></span> <span class='ocrx_word' id='word_1_92' title='bbox 739 687 811 714; x_wconf 63' lang='lat' dir='ltr'><strong>aetati</strong></span> <span class='ocrx_word' id='word_1_93' title='bbox 835 687 894 722; x_wconf 86' lang='lat' dir='ltr'><strong>plus</strong></span> <span class='ocrx_word' id='word_1_94' title='bbox 915 695 981 714; x_wconf 93' lang='lat' dir='ltr'><strong>con-</strong></span> 
     </span>
    </p>
   </div>
   <div class='ocr_carea' id='block_1_16' title="bbox 195 727 980 766">
    <p class='ocr_par' dir='ltr' id='par_1_16' title="bbox 195 727 980 766">
     <span class='ocr_line' id='line_1_16' title="bbox 195 727 980 766; baseline 0.01 -14"><span class='ocrx_word' id='word_1_95' title='bbox 195 727 277 754; x_wconf 82' lang='lat' dir='ltr'><strong>venit.</strong></span> <span class='ocrx_word' id='word_1_96' title='bbox 298 728 372 756; x_wconf 88' lang='lat' dir='ltr'><strong>Sicut</strong></span> <span class='ocrx_word' id='word_1_97' title='bbox 394 735 423 756; x_wconf 89' lang='lat' dir='ltr'><strong>et</strong></span> <span class='ocrx_word' id='word_1_98' title='bbox 443 738 513 758; x_wconf 88' lang='lat' dir='ltr'><strong>nunc</strong></span> <span class='ocrx_word' id='word_1_99' title='bbox 531 732 666 759; x_wconf 77' lang='lat' dir='ltr'><strong>Abraham</strong></span> <span class='ocrx_word' id='word_1_100' title='bbox 688 733 850 766; x_wconf 64' lang='lat' dir='ltr'><strong>grandaevus</strong></span> <span class='ocrx_word' id='word_1_101' title='bbox 865 753 872 765; x_wconf 95' lang='lat'><strong>,</strong></span> <span class='ocrx_word' id='word_1_102' title='bbox 897 737 936 765; x_wconf 88' lang='lat' dir='ltr'><strong>et,</strong></span> <span class='ocrx_word' id='word_1_103' title='bbox 952 738 980 761; x_wconf 96' lang='grc' dir='ltr'><strong>ιιι</strong></span> 
     </span>
    </p>
   </div>
   <div class='ocr_carea' id='block_1_17' title="bbox 196 772 980 812">
    <p class='ocr_par' dir='ltr' id='par_1_17' title="bbox 196 772 980 812">
     <span class='ocr_line' id='line_1_17' title="bbox 196 772 980 812; baseline 0.01 -13"><span class='ocrx_word' id='word_1_104' title='bbox 196 772 336 808; x_wconf 89' lang='lat' dir='ltr'><strong>Scriptura</strong></span> <span class='ocrx_word' id='word_1_105' title='bbox 354 775 453 802; x_wconf 81' lang='lat' dir='ltr'><strong>dicit&quot;</strong></span> <span class='ocrx_word' id='word_1_106' title='bbox 467 785 563 808; x_wconf 76' lang='lat' dir='ltr'><strong>,scuea:</strong></span> <span class='ocrx_word' id='word_1_107' title='bbox 573 778 698 812; x_wconf 77' lang='lat' dir='ltr'><strong>etplenus</strong></span> <span class='ocrx_word' id='word_1_108' title='bbox 715 779 818 806; x_wconf 76' lang='lat' dir='ltr'><strong>dierum</strong></span> <span class='ocrx_word' id='word_1_109' title='bbox 833 779 980 807; x_wconf 84' lang='lat' dir='ltr'><strong>Cethuram</strong></span> 
     </span>
    </p>
   </div>
   <div class='ocr_carea' id='block_1_18' title="bbox 196 820 981 858">
    <p class='ocr_par' dir='ltr' id='par_1_18' title="bbox 196 820 981 858">
     <span class='ocr_line' id='line_1_18' title="bbox 196 820 981 858; baseline 0.01 -13"><span class='ocrx_word' id='word_1_110' title='bbox 196 820 270 847; x_wconf 91' lang='lat' dir='ltr'><strong>ducit</strong></span> <span class='ocrx_word' id='word_1_111' title='bbox 287 828 411 848; x_wconf 79' lang='lat' dir='ltr'><strong>uxorem.</strong></span> <span class='ocrx_word' id='word_1_112' title='bbox 429 822 481 849; x_wconf 90' lang='lat' dir='ltr'><strong>Sed</strong></span> <span class='ocrx_word' id='word_1_113' title='bbox 507 831 540 850; x_wconf 91' lang='lat' dir='ltr'><strong>ne</strong></span> <span class='ocrx_word' id='word_1_114' title='bbox 558 824 608 851; x_wconf 91' lang='lat' dir='ltr'><strong>hoc</strong></span> <span class='ocrx_word' id='word_1_115' title='bbox 625 825 732 858; x_wconf 87' lang='lat' dir='ltr'><strong>quidem</strong></span> <span class='ocrx_word' id='word_1_116' title='bbox 753 825 838 853; x_wconf 89' lang='lat' dir='ltr'><strong>latere</strong></span> <span class='ocrx_word' id='word_1_117' title='bbox 862 833 912 853; x_wconf 91' lang='lat' dir='ltr'><strong>nos</strong></span> <span class='ocrx_word' id='word_1_118' title='bbox 934 825 981 853; x_wconf 91' lang='lat' dir='ltr'><strong>de-</strong></span> 
     </span>
    </p>
   </div>
   <div class='ocr_carea' id='block_1_19' title="bbox 196 865 982 905">
    <p class='ocr_par' dir='ltr' id='par_1_19' title="bbox 196 865 982 905">
     <span class='ocr_line' id='line_1_19' title="bbox 196 865 982 905; baseline 0.009 -14"><span class='ocrx_word' id='word_1_119' title='bbox 196 865 242 892; x_wconf 88' lang='lat' dir='ltr'><strong>bet</strong></span> <span class='ocrx_word' id='word_1_120' title='bbox 264 874 295 892; x_wconf 87' lang='lat' dir='ltr'><strong>ex</strong></span> <span class='ocrx_word' id='word_1_121' title='bbox 312 866 353 894; x_wconf 90' lang='lat' dir='ltr'><strong>bis</strong></span> <span class='ocrx_word' id='word_1_122' title='bbox 371 875 430 901; x_wconf 81' lang='lat' dir='ltr'><strong>qme</strong></span> <span class='ocrx_word' id='word_1_123' title='bbox 447 875 495 902; x_wconf 89' lang='lat' dir='ltr'><strong>per</strong></span> <span class='ocrx_word' id='word_1_124' title='bbox 513 868 655 896; x_wconf 79' lang='lat' dir='ltr'><strong>historiam</strong></span> <span class='ocrx_word' id='word_1_125' title='bbox 683 870 859 902; x_wconf 76' lang='lat' dir='ltr'><strong>referuntur,</strong></span> <span class='ocrx_word' id='word_1_126' title='bbox 876 878 936 905; x_wconf 67' lang='lat' dir='ltr'><strong>qua:</strong></span> <span class='ocrx_word' id='word_1_127' title='bbox 954 876 982 898; x_wconf 89' lang='lat' dir='ltr'><strong>et</strong></span> 
     </span>
    </p>
   </div>
   <div class='ocr_carea' id='block_1_20' title="bbox 196 911 980 952">
    <p class='ocr_par' dir='ltr' id='par_1_20' title="bbox 196 911 980 952">
     <span class='ocr_line' id='line_1_20' title="bbox 196 911 980 952; baseline 0.01 -16"><span class='ocrx_word' id='word_1_128' title='bbox 196 911 291 944; x_wconf 89' lang='lat' dir='ltr'><strong>quales</strong></span> <span class='ocrx_word' id='word_1_129' title='bbox 306 912 360 938; x_wconf 91' lang='lat' dir='ltr'><strong>sint</strong></span> <span class='ocrx_word' id='word_1_130' title='bbox 373 914 562 947; x_wconf 75' lang='lat' dir='ltr'><strong>generationes</strong></span> <span class='ocrx_word' id='word_1_131' title='bbox 572 936 579 947; x_wconf 93' lang='lat'><strong>,</strong></span> <span class='ocrx_word' id='word_1_132' title='bbox 593 923 654 950; x_wconf 58' lang='lat' dir='ltr'><strong>quae</strong></span> <span class='ocrx_word' id='word_1_133' title='bbox 670 923 700 942; x_wconf 85' lang='lat' dir='ltr'><strong>ex</strong></span> <span class='ocrx_word' id='word_1_134' title='bbox 717 916 774 950; x_wconf 88' lang='lat' dir='ltr'><strong>ipsa</strong></span> <span class='ocrx_word' id='word_1_135' title='bbox 788 922 980 952; x_wconf 80' lang='lat' dir='ltr'><strong>propagantnr.</strong></span> 
     </span>
    </p>
   </div>
   <div class='ocr_carea' id='block_1_21' title="bbox 198 955 982 994">
    <p class='ocr_par' dir='ltr' id='par_1_21' title="bbox 198 955 982 994">
     <span class='ocr_line' id='line_1_21' title="bbox 198 955 982 994; baseline 0.009 -11"><span class='ocrx_word' id='word_1_136' title='bbox 198 955 226 983; x_wconf 86' lang='lat' dir='ltr'><strong>Si</strong></span> <span class='ocrx_word' id='word_1_137' title='bbox 242 958 313 984; x_wconf 93' lang='lat' dir='ltr'><strong>enim</strong></span> <span class='ocrx_word' id='word_1_138' title='bbox 332 958 428 985; x_wconf 88' lang='lat' dir='ltr'><strong>horum</strong></span> <span class='ocrx_word' id='word_1_139' title='bbox 450 960 654 989; x_wconf 84' lang='lat' dir='ltr'><strong>meminerimus</strong></span> <span class='ocrx_word' id='word_1_140' title='bbox 667 982 674 994; x_wconf 91' lang='lat'><strong>,</strong></span> <span class='ocrx_word' id='word_1_141' title='bbox 695 962 801 989; x_wconf 77' lang='lat' dir='ltr'><strong>facilius</strong></span> <span class='ocrx_word' id='word_1_142' title='bbox 820 963 853 990; x_wconf 91' lang='lat' dir='ltr'><strong>de</strong></span> <span class='ocrx_word' id='word_1_143' title='bbox 870 963 982 991; x_wconf 84' lang='lat' dir='ltr'><strong>diversis</strong></span> 
     </span>
    </p>
   </div>
   <div class='ocr_carea' id='block_1_22' title="bbox 197 1002 983 1042">
    <p class='ocr_par' dir='ltr' id='par_1_22' title="bbox 197 1002 983 1042">
     <span class='ocr_line' id='line_1_22' title="bbox 197 1002 983 1042; baseline 0.01 -15"><span class='ocrx_word' id='word_1_144' title='bbox 197 1002 324 1036; x_wconf 75' lang='lat' dir='ltr'><strong>gentibus</strong></span> <span class='ocrx_word' id='word_1_145' title='bbox 349 1011 408 1037; x_wconf 71' lang='lat' dir='ltr'><strong>quae</strong></span> <span class='ocrx_word' id='word_1_146' title='bbox 435 1004 461 1031; x_wconf 85' lang='lat' dir='ltr'><strong>in</strong></span> <span class='ocrx_word' id='word_1_147' title='bbox 486 1004 636 1039; x_wconf 81' lang='lat' dir='ltr'><strong>Scriptnris</strong></span> <span class='ocrx_word' id='word_1_148' title='bbox 659 1006 807 1040; x_wconf 88' lang='lat' dir='ltr'><strong>dicuntur,</strong></span> <span class='ocrx_word' id='word_1_149' title='bbox 833 1009 983 1042; x_wconf 81' lang='lat' dir='ltr'><strong>poterimus</strong></span> 
     </span>
    </p>
   </div>
   <div class='ocr_carea' id='block_1_23' title="bbox 197 1050 983 1091">
    <p class='ocr_par' dir='ltr' id='par_1_23' title="bbox 197 1050 983 1091">
     <span class='ocr_line' id='line_1_23' title="bbox 197 1050 983 1091; baseline 0.009 -17"><span class='ocrx_word' id='word_1_150' title='bbox 197 1055 366 1082; x_wconf 85' lang='lat' dir='ltr'><strong>agnoscere:</strong></span> <span class='ocrx_word' id='word_1_151' title='bbox 385 1050 460 1076; x_wconf 86' lang='lat' dir='ltr'><strong>verbi</strong></span> <span class='ocrx_word' id='word_1_152' title='bbox 473 1058 564 1083; x_wconf 88' lang='lat' dir='ltr'><strong>causa,</strong></span> <span class='ocrx_word' id='word_1_153' title='bbox 583 1056 612 1078; x_wconf 93' lang='lat' dir='ltr'><strong>ut</strong></span> <span class='ocrx_word' id='word_1_154' title='bbox 627 1059 688 1079; x_wconf 88' lang='lat' dir='ltr'><strong>cum</strong></span> <span class='ocrx_word' id='word_1_155' title='bbox 706 1053 804 1080; x_wconf 91' lang='lat' dir='ltr'><strong>dicitur</strong></span> <span class='ocrx_word' id='word_1_156' title='bbox 819 1055 890 1088; x_wconf 85' lang='lat' dir='ltr'><strong>quod</strong></span> <span class='ocrx_word' id='word_1_157' title='bbox 910 1054 983 1091; x_wconf 82' lang='lat' dir='ltr'><strong>Moy-</strong></span> 
     </span>
    </p>
   </div>
   <div class='ocr_carea' id='block_1_24' title="bbox 196 1095 981 1134">
    <p class='ocr_par' dir='ltr' id='par_1_24' title="bbox 196 1095 981 1134">
     <span class='ocr_line' id='line_1_24' title="bbox 196 1095 981 1134; baseline 0.008 -13"><span class='ocrx_word' id='word_1_158' title='bbox 196 1102 240 1122; x_wconf 87' lang='lat' dir='ltr'><strong>ses</strong></span> <span class='ocrx_word' id='word_1_159' title='bbox 252 1095 356 1129; x_wconf 83' lang='lat' dir='ltr'><strong>acccpit</strong></span> <span class='ocrx_word' id='word_1_160' title='bbox 371 1103 482 1124; x_wconf 87' lang='lat' dir='ltr'><strong>uxorem</strong></span> <span class='ocrx_word' id='word_1_161' title='bbox 497 1097 578 1123; x_wconf 79' lang='lat' dir='ltr'><strong>tiliam</strong></span> <span class='ocrx_word' id='word_1_162' title='bbox 594 1096 689 1125; x_wconf 81' lang='lat' dir='ltr'><strong>Jethro</strong></span> <span class='ocrx_word' id='word_1_163' title='bbox 703 1099 850 1127; x_wconf 77' lang='lat' dir='ltr'><strong>sacerdotis</strong></span> <span class='ocrx_word' id='word_1_164' title='bbox 866 1099 981 1134; x_wconf 84' lang='lat' dir='ltr'><strong>Madian,</strong></span> 
     </span>
    </p>
   </div>
   <div class='ocr_carea' id='block_1_25' title="bbox 197 1139 983 1173">
    <p class='ocr_par' dir='ltr' id='par_1_25' title="bbox 197 1139 983 1173">
     <span class='ocr_line' id='line_1_25' title="bbox 197 1139 983 1173; baseline 0.009 -8"><span class='ocrx_word' id='word_1_165' title='bbox 197 1140 241 1173; x_wconf 90' lang='lat' dir='ltr'><strong>qui</strong></span> <span class='ocrx_word' id='word_1_166' title='bbox 258 1139 364 1167; x_wconf 81' lang='lat' dir='ltr'><strong>Madian</strong></span> <span class='ocrx_word' id='word_1_167' title='bbox 379 1141 515 1169; x_wconf 86' lang='lat' dir='ltr'><strong>invenitur</strong></span> <span class='ocrx_word' id='word_1_168' title='bbox 530 1142 603 1170; x_wconf 82' lang='lat' dir='ltr'><strong>ﬁlius</strong></span> <span class='ocrx_word' id='word_1_169' title='bbox 618 1143 702 1170; x_wconf 80' lang='lat' dir='ltr'><strong>fuisse</strong></span> <span class='ocrx_word' id='word_1_170' title='bbox 715 1143 840 1171; x_wconf 65' lang='lat' dir='ltr'><strong>Cethurte</strong></span> <span class='ocrx_word' id='word_1_171' title='bbox 855 1149 883 1172; x_wconf 89' lang='lat' dir='ltr'><strong>et</strong></span> <span class='ocrx_word' id='word_1_172' title='bbox 897 1145 983 1172; x_wconf 79' lang='lat' dir='ltr'><strong>Abra-</strong></span> 
     </span>
    </p>
   </div>
   <div class='ocr_carea' id='block_1_26' title="bbox 197 1184 984 1224">
    <p class='ocr_par' dir='ltr' id='par_1_26' title="bbox 197 1184 984 1224">
     <span class='ocr_line' id='line_1_26' title="bbox 197 1184 984 1224; baseline 0.008 -13"><span class='ocrx_word' id='word_1_173' title='bbox 197 1184 259 1211; x_wconf 86' lang='lat' dir='ltr'><strong>ham</strong></span> <span class='ocrx_word' id='word_1_174' title='bbox 274 1185 307 1212; x_wconf 81' lang='lat'><strong>&quot;.</strong></span> <span class='ocrx_word' id='word_1_175' title='bbox 324 1185 503 1220; x_wconf 82' lang='lat' dir='ltr'><strong>Agnoseimus</strong></span> <span class='ocrx_word' id='word_1_176' title='bbox 519 1194 596 1221; x_wconf 79' lang='lat' dir='ltr'><strong>ergo,</strong></span> <span class='ocrx_word' id='word_1_177' title='bbox 617 1189 689 1222; x_wconf 92' lang='lat' dir='ltr'><strong>quod</strong></span> <span class='ocrx_word' id='word_1_178' title='bbox 706 1196 776 1215; x_wconf 80' lang='lat' dir='ltr'><strong>uxor</strong></span> <span class='ocrx_word' id='word_1_179' title='bbox 793 1189 878 1224; x_wconf 83' lang='lat' dir='ltr'><strong>Moysi</strong></span> <span class='ocrx_word' id='word_1_180' title='bbox 892 1197 924 1216; x_wconf 79' lang='lat' dir='ltr'><strong>ex</strong></span> <span class='ocrx_word' id='word_1_181' title='bbox 941 1198 984 1218; x_wconf 87' lang='lat' dir='ltr'><strong>se-</strong></span> 
     </span>
    </p>
   </div>
   <div class='ocr_carea' id='block_1_27' title="bbox 199 1231 984 1267">
    <p class='ocr_par' dir='ltr' id='par_1_27' title="bbox 199 1231 984 1267">
     <span class='ocr_line' id='line_1_27' title="bbox 199 1231 984 1267; baseline 0.01 -12"><span class='ocrx_word' id='word_1_182' title='bbox 199 1231 273 1257; x_wconf 87' lang='lat' dir='ltr'><strong>mine</strong></span> <span class='ocrx_word' id='word_1_183' title='bbox 287 1231 424 1258; x_wconf 84' lang='lat' dir='ltr'><strong>Abraham</strong></span> <span class='ocrx_word' id='word_1_184' title='bbox 441 1232 486 1264; x_wconf 89' lang='lat' dir='ltr'><strong>sit,</strong></span> <span class='ocrx_word' id='word_1_185' title='bbox 502 1237 526 1259; x_wconf 92' lang='lat' dir='ltr'><strong>et</strong></span> <span class='ocrx_word' id='word_1_186' title='bbox 545 1240 598 1259; x_wconf 93' lang='lat' dir='ltr'><strong>non</strong></span> <span class='ocrx_word' id='word_1_187' title='bbox 615 1233 697 1260; x_wconf 81' lang='lat' dir='ltr'><strong>fuerit</strong></span> <span class='ocrx_word' id='word_1_188' title='bbox 713 1234 873 1267; x_wconf 80' lang='lat' dir='ltr'><strong>alienigena.</strong></span> <span class='ocrx_word' id='word_1_189' title='bbox 889 1236 941 1263; x_wconf 87' lang='lat' dir='ltr'><strong>Sed</strong></span> <span class='ocrx_word' id='word_1_190' title='bbox 956 1241 984 1263; x_wconf 91' lang='lat' dir='ltr'><strong>et</strong></span> 
     </span>
    </p>
   </div>
   <div class='ocr_carea' id='block_1_28' title="bbox 197 1277 984 1313">
    <p class='ocr_par' dir='ltr' id='par_1_28' title="bbox 197 1277 984 1313">
     <span class='ocr_line' id='line_1_28' title="bbox 197 1277 984 1313; baseline 0.01 -12"><span class='ocrx_word' id='word_1_191' title='bbox 197 1283 260 1302; x_wconf 88' lang='lat' dir='ltr'><strong>cum</strong></span> <span class='ocrx_word' id='word_1_192' title='bbox 278 1277 409 1304; x_wconf 87' lang='lat' dir='ltr'><strong>scribitur</strong></span> <span class='ocrx_word' id='word_1_193' title='bbox 425 1279 518 1313; x_wconf 85' lang='lat' dir='ltr'><strong>regina</strong></span> <span class='ocrx_word' id='word_1_194' title='bbox 537 1280 635 1312; x_wconf 85' lang='lat' dir='ltr'><strong>Cedar,</strong></span> <span class='ocrx_word' id='word_1_195' title='bbox 653 1281 793 1308; x_wconf 88' lang='lat' dir='ltr'><strong>sciendum</strong></span> <span class='ocrx_word' id='word_1_196' title='bbox 810 1282 984 1310; x_wconf 89' lang='lat' dir='ltr'><strong>nihilominus</strong></span> 
     </span>
    </p>
   </div>
   <div class='ocr_carea' id='block_1_29' title="bbox 199 1324 985 1361">
    <p class='ocr_par' dir='ltr' id='par_1_29' title="bbox 199 1324 985 1361">
     <span class='ocr_line' id='line_1_29' title="bbox 199 1324 985 1361; baseline 0.009 -13"><span class='ocrx_word' id='word_1_197' title='bbox 199 1326 253 1352; x_wconf 85' lang='lat' dir='ltr'><strong>est,</strong></span> <span class='ocrx_word' id='word_1_198' title='bbox 271 1324 342 1356; x_wconf 88' lang='lat' dir='ltr'><strong>quod</strong></span> <span class='ocrx_word' id='word_1_199' title='bbox 358 1327 384 1350; x_wconf 88' lang='lat' dir='ltr'><strong>ct</strong></span> <span class='ocrx_word' id='word_1_200' title='bbox 398 1324 486 1351; x_wconf 82' lang='lat' dir='ltr'><strong>Ccdar</strong></span> <span class='ocrx_word' id='word_1_201' title='bbox 500 1332 532 1352; x_wconf 82' lang='lat' dir='ltr'><strong>ex</strong></span> <span class='ocrx_word' id='word_1_202' title='bbox 550 1326 607 1360; x_wconf 89' lang='lat' dir='ltr'><strong>ipso</strong></span> <span class='ocrx_word' id='word_1_203' title='bbox 621 1334 718 1361; x_wconf 88' lang='lat' dir='ltr'><strong>genere</strong></span> <span class='ocrx_word' id='word_1_204' title='bbox 731 1327 857 1355; x_wconf 74' lang='lat' dir='ltr'><strong>Cethurre</strong></span> <span class='ocrx_word' id='word_1_205' title='bbox 872 1329 985 1355; x_wconf 89' lang='lat' dir='ltr'><strong>descen-</strong></span> 
     </span>
    </p>
   </div>
   <div class='ocr_carea' id='block_1_30' title="bbox 199 1369 984 1408">
    <p class='ocr_par' dir='ltr' id='par_1_30' title="bbox 199 1369 984 1408">
     <span class='ocr_line' id='line_1_30' title="bbox 199 1369 984 1408; baseline 0.011 -14"><span class='ocrx_word' id='word_1_206' title='bbox 199 1369 245 1395; x_wconf 91' lang='lat' dir='ltr'><strong>dat</strong></span> <span class='ocrx_word' id='word_1_207' title='bbox 268 1373 296 1396; x_wconf 85' lang='lat' dir='ltr'><strong>et</strong></span> <span class='ocrx_word' id='word_1_208' title='bbox 320 1370 467 1398; x_wconf 82' lang='lat' dir='ltr'><strong>Abraham.</strong></span> <span class='ocrx_word' id='word_1_209' title='bbox 486 1372 538 1398; x_wconf 86' lang='lat' dir='ltr'><strong>Sed</strong></span> <span class='ocrx_word' id='word_1_210' title='bbox 555 1377 581 1399; x_wconf 91' lang='lat' dir='ltr'><strong>et</strong></span> <span class='ocrx_word' id='word_1_211' title='bbox 604 1373 630 1399; x_wconf 91' lang='lat' dir='ltr'><strong>in</strong></span> <span class='ocrx_word' id='word_1_212' title='bbox 651 1374 871 1408; x_wconf 83' lang='lat' dir='ltr'><strong>generationibus</strong></span> <span class='ocrx_word' id='word_1_213' title='bbox 888 1375 984 1403; x_wconf 88' lang='lat' dir='ltr'><strong>lsmael</strong></span> 
     </span>
    </p>
   </div>
   <div class='ocr_carea' id='block_1_31' title="bbox 198 1414 985 1455">
    <p class='ocr_par' dir='ltr' id='par_1_31' title="bbox 198 1414 985 1455">
     <span class='ocr_line' id='line_1_31' title="bbox 198 1414 985 1455; baseline 0.011 -16"><span class='ocrx_word' id='word_1_214' title='bbox 198 1414 294 1440; x_wconf 85' lang='lat' dir='ltr'><strong>similia</strong></span> <span class='ocrx_word' id='word_1_215' title='bbox 316 1415 448 1443; x_wconf 81' lang='lat' dir='ltr'><strong>invenies.</strong></span> <span class='ocrx_word' id='word_1_216' title='bbox 466 1417 539 1450; x_wconf 80' lang='lat' dir='ltr'><strong>Quas</strong></span> <span class='ocrx_word' id='word_1_217' title='bbox 556 1418 578 1444; x_wconf 89' lang='lat' dir='ltr'><strong>si</strong></span> <span class='ocrx_word' id='word_1_218' title='bbox 597 1418 739 1453; x_wconf 83' lang='lat' dir='ltr'><strong>diligenter</strong></span> <span class='ocrx_word' id='word_1_219' title='bbox 755 1419 904 1453; x_wconf 86' lang='lat' dir='ltr'><strong>intuearis,</strong></span> <span class='ocrx_word' id='word_1_220' title='bbox 925 1421 985 1455; x_wconf 90' lang='lat' dir='ltr'><strong>plu-</strong></span> 
     </span>
    </p>
   </div>
   <div class='ocr_carea' id='block_1_32' title="bbox 199 1460 984 1500">
    <p class='ocr_par' dir='ltr' id='par_1_32' title="bbox 199 1460 984 1500">
     <span class='ocr_line' id='line_1_32' title="bbox 199 1460 984 1500; baseline 0.011 -15"><span class='ocrx_word' id='word_1_221' title='bbox 199 1460 283 1487; x_wconf 88' lang='lat' dir='ltr'><strong>rimas</strong></span> <span class='ocrx_word' id='word_1_222' title='bbox 302 1460 327 1488; x_wconf 90' lang='lat' dir='ltr'><strong>in</strong></span> <span class='ocrx_word' id='word_1_223' title='bbox 346 1462 388 1488; x_wconf 90' lang='lat' dir='ltr'><strong>his</strong></span> <span class='ocrx_word' id='word_1_224' title='bbox 407 1470 466 1496; x_wconf 72' lang='lat' dir='ltr'><strong>qua:</strong></span> <span class='ocrx_word' id='word_1_225' title='bbox 487 1468 599 1490; x_wconf 73' lang='lat' dir='ltr'><strong>emteros</strong></span> <span class='ocrx_word' id='word_1_226' title='bbox 623 1463 709 1491; x_wconf 90' lang='lat' dir='ltr'><strong>latent</strong></span> <span class='ocrx_word' id='word_1_227' title='bbox 736 1465 862 1492; x_wconf 85' lang='lat' dir='ltr'><strong>historias</strong></span> <span class='ocrx_word' id='word_1_228' title='bbox 889 1466 984 1500; x_wconf 88' lang='lat' dir='ltr'><strong>deprc-</strong></span> 
     </span>
    </p>
   </div>
   <div class='ocr_carea' id='block_1_33' title="bbox 1031 222 1819 260">
    <p class='ocr_par' dir='ltr' id='par_1_33' title="bbox 1031 222 1819 260">
     <span class='ocr_line' id='line_1_33' title="bbox 1031 222 1819 260; baseline 0.006 -12"><span class='ocrx_word' id='word_1_229' title='bbox 1031 227 1142 257; x_wconf 89' lang='lat' dir='ltr'><strong>puteum</strong></span> <span class='ocrx_word' id='word_1_230' title='bbox 1166 222 1292 249; x_wconf 87' lang='lat' dir='ltr'><strong>visionis!</strong></span> <span class='ocrx_word' id='word_1_231' title='bbox 1313 222 1379 255; x_wconf 83' lang='lat' dir='ltr'><strong>Quis</strong></span> <span class='ocrx_word' id='word_1_232' title='bbox 1407 227 1495 257; x_wconf 82' lang='lat' dir='ltr'><strong>potest</strong></span> <span class='ocrx_word' id='word_1_233' title='bbox 1524 224 1595 251; x_wconf 86' lang='lat' dir='ltr'><strong>scire</strong></span> <span class='ocrx_word' id='word_1_234' title='bbox 1618 229 1645 251; x_wconf 87' lang='lat' dir='ltr'><strong>et</strong></span> <span class='ocrx_word' id='word_1_235' title='bbox 1670 224 1819 260; x_wconf 80' lang='lat' dir='ltr'><strong>intelligere</strong></span> 
     </span>
    </p>
   </div>
   <div class='ocr_carea' id='block_1_34' title="bbox 1032 268 1821 304">
    <p class='ocr_par' dir='ltr' id='par_1_34' title="bbox 1032 268 1821 304">
     <span class='ocr_line' id='line_1_34' title="bbox 1032 268 1821 304; baseline 0.006 -10"><span class='ocrx_word' id='word_1_236' title='bbox 1032 276 1092 303; x_wconf 63' lang='lat' dir='ltr'><strong>qum</strong></span> <span class='ocrx_word' id='word_1_237' title='bbox 1110 273 1151 296; x_wconf 88' lang='lat' dir='ltr'><strong>est</strong></span> <span class='ocrx_word' id='word_1_238' title='bbox 1167 268 1246 302; x_wconf 81' lang='lat' dir='ltr'><strong>visio,</strong></span> <span class='ocrx_word' id='word_1_239' title='bbox 1262 275 1342 303; x_wconf 88' lang='lat' dir='ltr'><strong>quam</strong></span> <span class='ocrx_word' id='word_1_240' title='bbox 1359 268 1426 295; x_wconf 87' lang='lat' dir='ltr'><strong>vidit</strong></span> <span class='ocrx_word' id='word_1_241' title='bbox 1439 268 1520 296; x_wconf 89' lang='lat' dir='ltr'><strong>Isaias</strong></span> <span class='ocrx_word' id='word_1_242' title='bbox 1538 270 1609 297; x_wconf 79' lang='lat' dir='ltr'><strong>[ilius</strong></span> <span class='ocrx_word' id='word_1_243' title='bbox 1625 270 1708 298; x_wconf 78' lang='lat' dir='ltr'><strong>Amos</strong></span> <span class='ocrx_word' id='word_1_244' title='bbox 1719 271 1732 298; x_wconf 71' lang='grc' dir='ltr'>ἲ</span> <span class='ocrx_word' id='word_1_245' title='bbox 1752 271 1821 304; x_wconf 87' lang='lat' dir='ltr'><strong>Quis</strong></span> 
     </span>
    </p>
   </div>
   <div class='ocr_carea' id='block_1_35' title="bbox 1032 314 1820 350">
    <p class='ocr_par' dir='ltr' id='par_1_35' title="bbox 1032 314 1820 350">
     <span class='ocr_line' id='line_1_35' title="bbox 1032 314 1820 350; baseline 0.003 -9"><span class='ocrx_word' id='word_1_246' title='bbox 1032 318 1121 349; x_wconf 87' lang='lat' dir='ltr'><strong>potest</strong></span> <span class='ocrx_word' id='word_1_247' title='bbox 1130 315 1202 341; x_wconf 87' lang='lat' dir='ltr'><strong>scire</strong></span> <span class='ocrx_word' id='word_1_248' title='bbox 1215 323 1275 350; x_wconf 85' lang='lat' dir='ltr'><strong>qua:</strong></span> <span class='ocrx_word' id='word_1_249' title='bbox 1293 319 1334 341; x_wconf 88' lang='lat' dir='ltr'><strong>est</strong></span> <span class='ocrx_word' id='word_1_250' title='bbox 1347 314 1414 342; x_wconf 88' lang='lat' dir='ltr'><strong>visio</strong></span> <span class='ocrx_word' id='word_1_251' title='bbox 1435 314 1539 342; x_wconf 88' lang='lat' dir='ltr'><strong>Naum?</strong></span> <span class='ocrx_word' id='word_1_252' title='bbox 1550 315 1617 349; x_wconf 83' lang='lat' dir='ltr'><strong>Quis</strong></span> <span class='ocrx_word' id='word_1_253' title='bbox 1632 321 1720 350; x_wconf 74' lang='lat' dir='ltr'><strong>potost</strong></span> <span class='ocrx_word' id='word_1_254' title='bbox 1736 317 1820 343; x_wconf 87' lang='lat' dir='ltr'><strong>iutel--</strong></span> 
     </span>
    </p>
   </div>
   <div class='ocr_carea' id='block_1_36' title="bbox 1032 359 1820 395">
    <p class='ocr_par' dir='ltr' id='par_1_36' title="bbox 1032 359 1820 395">
     <span class='ocr_line' id='line_1_36' title="bbox 1032 359 1820 395; baseline 0.001 -8"><span class='ocrx_word' id='word_1_255' title='bbox 1032 360 1116 395; x_wconf 77' lang='lat' dir='ltr'><strong>ligere</strong></span> <span class='ocrx_word' id='word_1_256' title='bbox 1133 361 1197 394; x_wconf 86' lang='lat' dir='ltr'><strong>quid</strong></span> <span class='ocrx_word' id='word_1_257' title='bbox 1210 360 1347 387; x_wconf 90' lang='lat' dir='ltr'><strong>contineat</strong></span> <span class='ocrx_word' id='word_1_258' title='bbox 1364 359 1407 386; x_wconf 88' lang='lat' dir='ltr'><strong>illa</strong></span> <span class='ocrx_word' id='word_1_259' title='bbox 1427 360 1495 388; x_wconf 86' lang='lat' dir='ltr'><strong>visio</strong></span> <span class='ocrx_word' id='word_1_260' title='bbox 1511 368 1590 395; x_wconf 86' lang='lat' dir='ltr'><strong>quam</strong></span> <span class='ocrx_word' id='word_1_261' title='bbox 1607 361 1673 388; x_wconf 87' lang='lat' dir='ltr'><strong>vidit</strong></span> <span class='ocrx_word' id='word_1_262' title='bbox 1687 360 1773 388; x_wconf 74' lang='lat' dir='ltr'><strong>Jacob</strong></span> <span class='ocrx_word' id='word_1_263' title='bbox 1793 362 1820 388; x_wconf 93' lang='lat' dir='ltr'><strong>in</strong></span> 
     </span>
    </p>
   </div>
   <div class='ocr_carea' id='block_1_37' title="bbox 1032 408 1820 442">
    <p class='ocr_par' dir='ltr' id='par_1_37' title="bbox 1032 408 1820 442">
     <span class='ocr_line' id='line_1_37' title="bbox 1032 408 1820 442; baseline 0.001 -7"><span class='ocrx_word' id='word_1_264' title='bbox 1032 408 1138 440; x_wconf 86' lang='lat' dir='ltr'><strong>Betbel,</strong></span> <span class='ocrx_word' id='word_1_265' title='bbox 1150 416 1211 435; x_wconf 91' lang='lat' dir='ltr'><strong>cum</strong></span> <span class='ocrx_word' id='word_1_266' title='bbox 1227 408 1314 435; x_wconf 86' lang='lat' dir='ltr'><strong>abiret</strong></span> <span class='ocrx_word' id='word_1_267' title='bbox 1328 408 1355 435; x_wconf 92' lang='lat' dir='ltr'><strong>in</strong></span> <span class='ocrx_word' id='word_1_268' title='bbox 1367 408 1602 442; x_wconf 75' lang='lat' dir='ltr'><strong>Mesopotamiam,</strong></span> <span class='ocrx_word' id='word_1_269' title='bbox 1625 409 1669 436; x_wconf 91' lang='lat' dir='ltr'><strong>ubi</strong></span> <span class='ocrx_word' id='word_1_270' title='bbox 1685 410 1753 436; x_wconf 82' lang='lat' dir='ltr'><strong>dixit</strong></span> <span class='ocrx_word' id='word_1_271' title='bbox 1773 410 1796 425; x_wconf 81' lang='grc'><strong><em>⁵⁸</em></strong></span> <span class='ocrx_word' id='word_1_272' title='bbox 1811 418 1820 436; x_wconf 84' lang='lat'><strong>:</strong></span> 
     </span>
    </p>
   </div>
   <div class='ocr_carea' id='block_1_38' title="bbox 1033 453 1821 490">
    <p class='ocr_par' dir='ltr' id='par_1_38' title="bbox 1033 453 1821 490">
     <span class='ocr_line' id='line_1_38' title="bbox 1033 453 1821 490; baseline 0.003 -10"><span class='ocrx_word' id='word_1_273' title='bbox 1033 453 1098 480; x_wconf 81' lang='lat' dir='ltr'><strong>Ila&#39;c</strong></span> <span class='ocrx_word' id='word_1_274' title='bbox 1113 459 1149 480; x_wconf 76' lang='lat' dir='ltr'><strong>est</strong></span> <span class='ocrx_word' id='word_1_275' title='bbox 1161 453 1255 480; x_wconf 73' lang='lat' dir='ltr'><strong>domu:</strong></span> <span class='ocrx_word' id='word_1_276' title='bbox 1271 453 1329 485; x_wconf 83' lang='lat' dir='ltr'><strong>Dei,</strong></span> <span class='ocrx_word' id='word_1_277' title='bbox 1346 458 1370 480; x_wconf 72' lang='lat' dir='ltr'><strong>et</strong></span> <span class='ocrx_word' id='word_1_278' title='bbox 1384 458 1460 488; x_wconf 84' lang='lat' dir='ltr'><strong>porta</strong></span> <span class='ocrx_word' id='word_1_279' title='bbox 1475 454 1553 481; x_wconf 78' lang='lat' dir='ltr'><strong>cwli?</strong></span> <span class='ocrx_word' id='word_1_280' title='bbox 1566 455 1598 481; x_wconf 85' lang='lat' dir='ltr'><strong>Et</strong></span> <span class='ocrx_word' id='word_1_281' title='bbox 1613 455 1635 482; x_wconf 93' lang='lat' dir='ltr'><strong>si</strong></span> <span class='ocrx_word' id='word_1_282' title='bbox 1655 455 1716 490; x_wconf 85' lang='lat' dir='ltr'><strong>quis</strong></span> <span class='ocrx_word' id='word_1_283' title='bbox 1730 460 1821 490; x_wconf 82' lang='lat' dir='ltr'><strong>potest</strong></span> 
     </span>
    </p>
   </div>
   <div class='ocr_carea' id='block_1_39' title="bbox 1032 500 1819 536">
    <p class='ocr_par' dir='ltr' id='par_1_39' title="bbox 1032 500 1819 536">
     <span class='ocr_line' id='line_1_39' title="bbox 1032 500 1819 536; baseline 0.003 -9"><span class='ocrx_word' id='word_1_284' title='bbox 1032 500 1150 534; x_wconf 88' lang='lat' dir='ltr'><strong>singulas</strong></span> <span class='ocrx_word' id='word_1_285' title='bbox 1166 507 1289 534; x_wconf 88' lang='lat' dir='ltr'><strong>quasque</strong></span> <span class='ocrx_word' id='word_1_286' title='bbox 1307 500 1436 534; x_wconf 85' lang='lat' dir='ltr'><strong>visiones,</strong></span> <span class='ocrx_word' id='word_1_287' title='bbox 1464 501 1507 528; x_wconf 88' lang='lat' dir='ltr'><strong>vel</strong></span> <span class='ocrx_word' id='word_1_288' title='bbox 1531 509 1591 535; x_wconf 80' lang='lat' dir='ltr'><strong>qua:</strong></span> <span class='ocrx_word' id='word_1_289' title='bbox 1610 502 1637 528; x_wconf 94' lang='lat' dir='ltr'><strong>in</strong></span> <span class='ocrx_word' id='word_1_290' title='bbox 1662 502 1721 536; x_wconf 81' lang='lat' dir='ltr'><strong>lege</strong></span> <span class='ocrx_word' id='word_1_291' title='bbox 1741 507 1819 534; x_wconf 84' lang='lat' dir='ltr'><strong>sunt,</strong></span> 
     </span>
    </p>
   </div>
   <div class='ocr_carea' id='block_1_40' title="bbox 1032 545 1821 581">
    <p class='ocr_par' dir='ltr' id='par_1_40' title="bbox 1032 545 1821 581">
     <span class='ocr_line' id='line_1_40' title="bbox 1032 545 1821 581; baseline 0.003 -9"><span class='ocrx_word' id='word_1_292' title='bbox 1032 545 1074 572; x_wconf 90' lang='lat' dir='ltr'><strong>vel</strong></span> <span class='ocrx_word' id='word_1_293' title='bbox 1090 553 1150 580; x_wconf 81' lang='lat' dir='ltr'><strong>quae</strong></span> <span class='ocrx_word' id='word_1_294' title='bbox 1166 545 1192 572; x_wconf 87' lang='lat' dir='ltr'><strong>in</strong></span> <span class='ocrx_word' id='word_1_295' title='bbox 1206 546 1353 580; x_wconf 84' lang='lat' dir='ltr'><strong>prophetis,</strong></span> <span class='ocrx_word' id='word_1_296' title='bbox 1370 546 1442 573; x_wconf 88' lang='lat' dir='ltr'><strong>scire</strong></span> <span class='ocrx_word' id='word_1_297' title='bbox 1452 551 1479 573; x_wconf 90' lang='lat' dir='ltr'><strong>et</strong></span> <span class='ocrx_word' id='word_1_298' title='bbox 1497 547 1648 581; x_wconf 81' lang='lat' dir='ltr'><strong>intelligere</strong></span> <span class='ocrx_word' id='word_1_299' title='bbox 1659 568 1666 580; x_wconf 92' lang='lat'><strong>,</strong></span> <span class='ocrx_word' id='word_1_300' title='bbox 1684 547 1727 575; x_wconf 92' lang='lat' dir='ltr'><strong>ille</strong></span> <span class='ocrx_word' id='word_1_301' title='bbox 1740 547 1821 575; x_wconf 89' lang='lat' dir='ltr'><strong>habi-</strong></span> 
     </span>
    </p>
   </div>
   <div class='ocr_carea' id='block_1_41' title="bbox 1032 592 1820 627">
    <p class='ocr_par' dir='ltr' id='par_1_41' title="bbox 1032 592 1820 627">
     <span class='ocr_line' id='line_1_41' title="bbox 1032 592 1820 627; baseline 0.004 -10"><span class='ocrx_word' id='word_1_302' title='bbox 1032 595 1072 618; x_wconf 88' lang='lat' dir='ltr'><strong>tat</strong></span> <span class='ocrx_word' id='word_1_303' title='bbox 1098 592 1131 618; x_wconf 87' lang='lat' dir='ltr'><strong>ad</strong></span> <span class='ocrx_word' id='word_1_304' title='bbox 1160 597 1270 626; x_wconf 89' lang='lat' dir='ltr'><strong>puteum</strong></span> <span class='ocrx_word' id='word_1_305' title='bbox 1299 592 1422 619; x_wconf 87' lang='lat' dir='ltr'><strong>visionis.</strong></span> <span class='ocrx_word' id='word_1_306' title='bbox 1453 592 1506 620; x_wconf 88' lang='lat' dir='ltr'><strong>Sed</strong></span> <span class='ocrx_word' id='word_1_307' title='bbox 1529 597 1556 620; x_wconf 89' lang='lat' dir='ltr'><strong>et</strong></span> <span class='ocrx_word' id='word_1_308' title='bbox 1582 593 1633 620; x_wconf 90' lang='lat' dir='ltr'><strong>hoc</strong></span> <span class='ocrx_word' id='word_1_309' title='bbox 1662 593 1820 627; x_wconf 81' lang='lat' dir='ltr'><strong>diligentius</strong></span> 
     </span>
    </p>
   </div>
   <div class='ocr_carea' id='block_1_42' title="bbox 1032 637 1820 672">
    <p class='ocr_par' dir='ltr' id='par_1_42' title="bbox 1032 637 1820 672">
     <span class='ocr_line' id='line_1_42' title="bbox 1032 637 1820 672; baseline 0.005 -10"><span class='ocrx_word' id='word_1_310' title='bbox 1032 637 1168 671; x_wconf 87' lang='lat' dir='ltr'><strong>perspice,</strong></span> <span class='ocrx_word' id='word_1_311' title='bbox 1181 637 1251 671; x_wconf 89' lang='lat' dir='ltr'><strong>quod</strong></span> <span class='ocrx_word' id='word_1_312' title='bbox 1267 637 1303 664; x_wconf 88' lang='lat' dir='ltr'><strong>ita</strong></span> <span class='ocrx_word' id='word_1_313' title='bbox 1320 644 1444 672; x_wconf 85' lang='lat' dir='ltr'><strong>magnam</strong></span> <span class='ocrx_word' id='word_1_314' title='bbox 1455 637 1674 665; x_wconf 85' lang='lat' dir='ltr'><strong>benedictionem</strong></span> <span class='ocrx_word' id='word_1_315' title='bbox 1692 638 1820 672; x_wconf 83' lang='lat' dir='ltr'><strong>accipere</strong></span> 
     </span>
    </p>
   </div>
   <div class='ocr_carea' id='block_1_43' title="bbox 1033 682 1820 717">
    <p class='ocr_par' dir='ltr' id='par_1_43' title="bbox 1033 682 1820 717">
     <span class='ocr_line' id='line_1_43' title="bbox 1033 682 1820 717; baseline 0.001 -8"><span class='ocrx_word' id='word_1_316' title='bbox 1033 682 1176 709; x_wconf 69' lang='lat' dir='ltr'><strong>aliomiuo</strong></span> <span class='ocrx_word' id='word_1_317' title='bbox 1192 682 1291 709; x_wconf 90' lang='lat' dir='ltr'><strong>meruit</strong></span> <span class='ocrx_word' id='word_1_318' title='bbox 1311 682 1403 714; x_wconf 79' lang='lat' dir='ltr'><strong>lsaae,</strong></span> <span class='ocrx_word' id='word_1_319' title='bbox 1431 687 1461 710; x_wconf 89' lang='lat' dir='ltr'><strong>ut</strong></span> <span class='ocrx_word' id='word_1_320' title='bbox 1488 683 1624 710; x_wconf 84' lang='lat' dir='ltr'><strong>habitaret</strong></span> <span class='ocrx_word' id='word_1_321' title='bbox 1650 683 1683 710; x_wconf 78' lang='lat' dir='ltr'><strong>ad</strong></span> <span class='ocrx_word' id='word_1_322' title='bbox 1707 686 1820 717; x_wconf 83' lang='lat' dir='ltr'><strong>puteum</strong></span> 
     </span>
    </p>
   </div>
   <div class='ocr_carea' id='block_1_44' title="bbox 1032 727 1825 763">
    <p class='ocr_par' dir='ltr' id='par_1_44' title="bbox 1032 727 1825 763">
     <span class='ocr_line' id='line_1_44' title="bbox 1032 727 1825 763; baseline 0.001 -9"><span class='ocrx_word' id='word_1_323' title='bbox 1032 728 1155 755; x_wconf 84' lang='lat' dir='ltr'><strong>visionis.</strong></span> <span class='ocrx_word' id='word_1_324' title='bbox 1172 727 1226 755; x_wconf 76' lang='lat' dir='ltr'><strong>Nos</strong></span> <span class='ocrx_word' id='word_1_325' title='bbox 1242 735 1308 755; x_wconf 91' lang='lat' dir='ltr'><strong>vero</strong></span> <span class='ocrx_word' id='word_1_326' title='bbox 1332 728 1441 762; x_wconf 85' lang='lat' dir='ltr'><strong>quando</strong></span> <span class='ocrx_word' id='word_1_327' title='bbox 1462 729 1529 755; x_wconf 86' lang='lat' dir='ltr'><strong>satis</strong></span> <span class='ocrx_word' id='word_1_328' title='bbox 1547 729 1646 756; x_wconf 89' lang='lat' dir='ltr'><strong>mereri</strong></span> <span class='ocrx_word' id='word_1_329' title='bbox 1669 728 1825 763; x_wconf 86' lang='lat' dir='ltr'><strong>poterimus</strong></span> 
     </span>
    </p>
   </div>
   <div class='ocr_carea' id='block_1_45' title="bbox 1032 773 1825 809">
    <p class='ocr_par' dir='ltr' id='par_1_45' title="bbox 1032 773 1825 809">
     <span class='ocr_line' id='line_1_45' title="bbox 1032 773 1825 809; baseline 0 -8"><span class='ocrx_word' id='word_1_330' title='bbox 1032 774 1054 801; x_wconf 90' lang='lat' dir='ltr'><strong>si</strong></span> <span class='ocrx_word' id='word_1_331' title='bbox 1080 773 1151 801; x_wconf 80' lang='lat' dir='ltr'><strong>forte</strong></span> <span class='ocrx_word' id='word_1_332' title='bbox 1177 773 1320 800; x_wconf 87' lang='lat' dir='ltr'><strong>transitum</strong></span> <span class='ocrx_word' id='word_1_333' title='bbox 1353 773 1453 801; x_wconf 88' lang='lat' dir='ltr'><strong>habere</strong></span> <span class='ocrx_word' id='word_1_334' title='bbox 1479 774 1614 808; x_wconf 88' lang='lat' dir='ltr'><strong>possimus</strong></span> <span class='ocrx_word' id='word_1_335' title='bbox 1637 781 1685 809; x_wconf 89' lang='lat' dir='ltr'><strong>per</strong></span> <span class='ocrx_word' id='word_1_336' title='bbox 1708 779 1825 808; x_wconf 88' lang='lat' dir='ltr'><strong>puteum</strong></span> 
     </span>
    </p>
   </div>
   <div class='ocr_carea' id='block_1_46' title="bbox 1032 819 1824 854">
    <p class='ocr_par' dir='ltr' id='par_1_46' title="bbox 1032 819 1824 854">
     <span class='ocr_line' id='line_1_46' title="bbox 1032 819 1824 854; baseline 0.003 -8"><span class='ocrx_word' id='word_1_337' title='bbox 1032 820 1154 847; x_wconf 78' lang='lat' dir='ltr'><strong>visionis.</strong></span> <span class='ocrx_word' id='word_1_338' title='bbox 1178 819 1224 848; x_wconf 89' lang='lat' dir='ltr'><strong>llle</strong></span> <span class='ocrx_word' id='word_1_339' title='bbox 1239 823 1329 846; x_wconf 85' lang='lat' dir='ltr'><strong>tamen</strong></span> <span class='ocrx_word' id='word_1_340' title='bbox 1346 826 1506 854; x_wconf 88' lang='lat' dir='ltr'><strong>pertnanere</strong></span> <span class='ocrx_word' id='word_1_341' title='bbox 1519 820 1616 847; x_wconf 87' lang='lat' dir='ltr'><strong>meruit</strong></span> <span class='ocrx_word' id='word_1_342' title='bbox 1633 821 1658 847; x_wconf 93' lang='lat' dir='ltr'><strong>in</strong></span> <span class='ocrx_word' id='word_1_343' title='bbox 1672 820 1778 848; x_wconf 87' lang='lat' dir='ltr'><strong>visione</strong></span> <span class='ocrx_word' id='word_1_344' title='bbox 1793 824 1824 848; x_wconf 85' lang='lat' dir='ltr'><strong>et</strong></span> 
     </span>
    </p>
   </div>
   <div class='ocr_carea' id='block_1_47' title="bbox 1033 864 1822 899">
    <p class='ocr_par' dir='ltr' id='par_1_47' title="bbox 1033 864 1822 899">
     <span class='ocr_line' id='line_1_47' title="bbox 1033 864 1822 899; baseline 0.001 -9"><span class='ocrx_word' id='word_1_345' title='bbox 1033 864 1166 897; x_wconf 77' lang='lat' dir='ltr'><strong>habitare,</strong></span> <span class='ocrx_word' id='word_1_346' title='bbox 1184 871 1233 892; x_wconf 92' lang='lat' dir='ltr'><strong>nos</strong></span> <span class='ocrx_word' id='word_1_347' title='bbox 1247 871 1341 899; x_wconf 91' lang='lat' dir='ltr'><strong>parum</strong></span> <span class='ocrx_word' id='word_1_348' title='bbox 1354 864 1418 898; x_wconf 90' lang='lat' dir='ltr'><strong>quid</strong></span> <span class='ocrx_word' id='word_1_349' title='bbox 1432 864 1574 891; x_wconf 86' lang='lat' dir='ltr'><strong>illumiuati</strong></span> <span class='ocrx_word' id='word_1_350' title='bbox 1588 872 1635 898; x_wconf 90' lang='lat' dir='ltr'><strong>per</strong></span> <span class='ocrx_word' id='word_1_351' title='bbox 1650 864 1697 892; x_wconf 88' lang='lat' dir='ltr'><strong>Dei</strong></span> <span class='ocrx_word' id='word_1_352' title='bbox 1712 864 1822 892; x_wconf 84' lang='lat' dir='ltr'><strong>miseri-</strong></span> 
     </span>
    </p>
   </div>
   <div class='ocr_carea' id='block_1_48' title="bbox 1033 910 1822 946">
    <p class='ocr_par' dir='ltr' id='par_1_48' title="bbox 1033 910 1822 946">
     <span class='ocr_line' id='line_1_48' title="bbox 1033 910 1822 946; baseline 0 -8"><span class='ocrx_word' id='word_1_353' title='bbox 1033 910 1153 938; x_wconf 89' lang='lat' dir='ltr'><strong>cordiam</strong></span> <span class='ocrx_word' id='word_1_354' title='bbox 1165 910 1277 944; x_wconf 89' lang='lat' dir='ltr'><strong>sentire,</strong></span> <span class='ocrx_word' id='word_1_355' title='bbox 1292 910 1332 938; x_wconf 90' lang='lat' dir='ltr'><strong>vel</strong></span> <span class='ocrx_word' id='word_1_356' title='bbox 1344 910 1476 945; x_wconf 82' lang='lat' dir='ltr'><strong>suspicari</strong></span> <span class='ocrx_word' id='word_1_357' title='bbox 1490 912 1523 937; x_wconf 94' lang='lat' dir='ltr'><strong>de</strong></span> <span class='ocrx_word' id='word_1_358' title='bbox 1535 918 1699 946; x_wconf 82' lang='lat' dir='ltr'><strong>unaquaque</strong></span> <span class='ocrx_word' id='word_1_359' title='bbox 1713 910 1822 938; x_wconf 83' lang='lat' dir='ltr'><strong>visione</strong></span> 
     </span>
    </p>
   </div>
   <div class='ocr_carea' id='block_1_49' title="bbox 1032 955 1823 992">
    <p class='ocr_par' dir='ltr' id='par_1_49' title="bbox 1032 955 1823 992">
     <span class='ocr_line' id='line_1_49' title="bbox 1032 955 1823 992; baseline 0.003 -10"><span class='ocrx_word' id='word_1_360' title='bbox 1032 955 1077 982; x_wconf 85' lang='lat' dir='ltr'><strong>vix</strong></span> <span class='ocrx_word' id='word_1_361' title='bbox 1099 962 1251 990; x_wconf 87' lang='lat' dir='ltr'><strong>possumus.</strong></span> <span class='ocrx_word' id='word_1_362' title='bbox 1286 955 1315 983; x_wconf 92' lang='lat' dir='ltr'><strong>Si</strong></span> <span class='ocrx_word' id='word_1_363' title='bbox 1341 961 1430 983; x_wconf 88' lang='lat' dir='ltr'><strong>tamen</strong></span> <span class='ocrx_word' id='word_1_364' title='bbox 1455 962 1568 991; x_wconf 86' lang='lat' dir='ltr'><strong>potuero</strong></span> <span class='ocrx_word' id='word_1_365' title='bbox 1592 964 1673 983; x_wconf 92' lang='lat' dir='ltr'><strong>unum</strong></span> <span class='ocrx_word' id='word_1_366' title='bbox 1700 957 1823 992; x_wconf 86' lang='lat' dir='ltr'><strong>aliquem</strong></span> 
     </span>
    </p>
   </div>
   <div class='ocr_carea' id='block_1_50' title="bbox 1034 1001 1829 1034">
    <p class='ocr_par' dir='ltr' id='par_1_50' title="bbox 1034 1001 1829 1034">
     <span class='ocr_line' id='line_1_50' title="bbox 1034 1001 1829 1034; baseline 0.001 -6"><span class='ocrx_word' id='word_1_367' title='bbox 1034 1001 1200 1028; x_wconf 92' lang='lat' dir='ltr'><strong>intellectum</strong></span> <span class='ocrx_word' id='word_1_368' title='bbox 1221 1001 1322 1029; x_wconf 85' lang='lat' dir='ltr'><strong>sentire</strong></span> <span class='ocrx_word' id='word_1_369' title='bbox 1343 1001 1377 1028; x_wconf 84' lang='lat' dir='ltr'><strong>de</strong></span> <span class='ocrx_word' id='word_1_370' title='bbox 1401 1001 1552 1029; x_wconf 83' lang='lat' dir='ltr'><strong>visionibus</strong></span> <span class='ocrx_word' id='word_1_371' title='bbox 1567 1001 1626 1034; x_wconf 89' lang='lat' dir='ltr'><strong>Dei,</strong></span> <span class='ocrx_word' id='word_1_372' title='bbox 1645 1009 1727 1029; x_wconf 92' lang='lat' dir='ltr'><strong>unam</strong></span> <span class='ocrx_word' id='word_1_373' title='bbox 1748 1002 1829 1029; x_wconf 79' lang='lat' dir='ltr'><strong>diem</strong></span> 
     </span>
    </p>
   </div>
   <div class='ocr_carea' id='block_1_51' title="bbox 1032 1046 1823 1080">
    <p class='ocr_par' dir='ltr' id='par_1_51' title="bbox 1032 1046 1823 1080">
     <span class='ocr_line' id='line_1_51' title="bbox 1032 1046 1823 1080; baseline 0.003 -7"><span class='ocrx_word' id='word_1_374' title='bbox 1032 1047 1146 1074; x_wconf 82' lang='lat' dir='ltr'><strong>videbor</strong></span> <span class='ocrx_word' id='word_1_375' title='bbox 1164 1046 1262 1074; x_wconf 79' lang='lat' dir='ltr'><strong>fecisse</strong></span> <span class='ocrx_word' id='word_1_376' title='bbox 1288 1047 1321 1073; x_wconf 90' lang='lat' dir='ltr'><strong>ad</strong></span> <span class='ocrx_word' id='word_1_377' title='bbox 1344 1051 1453 1080; x_wconf 81' lang='lat' dir='ltr'><strong>puteum</strong></span> <span class='ocrx_word' id='word_1_378' title='bbox 1474 1047 1597 1074; x_wconf 88' lang='lat' dir='ltr'><strong>visionis.</strong></span> <span class='ocrx_word' id='word_1_379' title='bbox 1626 1047 1653 1074; x_wconf 90' lang='lat' dir='ltr'><strong>Si</strong></span> <span class='ocrx_word' id='word_1_380' title='bbox 1680 1055 1746 1075; x_wconf 88' lang='lat' dir='ltr'><strong>vero</strong></span> <span class='ocrx_word' id='word_1_381' title='bbox 1767 1055 1823 1075; x_wconf 91' lang='lat' dir='ltr'><strong>non</strong></span> 
     </span>
    </p>
   </div>
   <div class='ocr_carea' id='block_1_52' title="bbox 1033 1092 1822 1127">
    <p class='ocr_par' dir='ltr' id='par_1_52' title="bbox 1033 1092 1822 1127">
     <span class='ocr_line' id='line_1_52' title="bbox 1033 1092 1822 1127; baseline 0.003 -9"><span class='ocrx_word' id='word_1_382' title='bbox 1033 1092 1120 1119; x_wconf 88' lang='lat' dir='ltr'><strong>solum</strong></span> <span class='ocrx_word' id='word_1_383' title='bbox 1134 1092 1282 1120; x_wconf 89' lang='lat' dir='ltr'><strong>secundum</strong></span> <span class='ocrx_word' id='word_1_384' title='bbox 1298 1093 1433 1127; x_wconf 82' lang='lat' dir='ltr'><strong>litteram,</strong></span> <span class='ocrx_word' id='word_1_385' title='bbox 1450 1095 1495 1120; x_wconf 89' lang='lat' dir='ltr'><strong>sed</strong></span> <span class='ocrx_word' id='word_1_386' title='bbox 1512 1093 1614 1127; x_wconf 85' lang='lat' dir='ltr'><strong>aliquid</strong></span> <span class='ocrx_word' id='word_1_387' title='bbox 1627 1097 1653 1121; x_wconf 88' lang='lat' dir='ltr'><strong>et</strong></span> <span class='ocrx_word' id='word_1_388' title='bbox 1669 1094 1822 1121; x_wconf 89' lang='lat' dir='ltr'><strong>secundum</strong></span> 
     </span>
    </p>
   </div>
   <div class='ocr_carea' id='block_1_53' title="bbox 1033 1137 1830 1174">
    <p class='ocr_par' dir='ltr' id='par_1_53' title="bbox 1033 1137 1830 1174">
     <span class='ocr_line' id='line_1_53' title="bbox 1033 1137 1830 1174; baseline 0.003 -10"><span class='ocrx_word' id='word_1_389' title='bbox 1033 1137 1158 1171; x_wconf 89' lang='lat' dir='ltr'><strong>spiritum</strong></span> <span class='ocrx_word' id='word_1_390' title='bbox 1181 1139 1329 1173; x_wconf 82' lang='lat' dir='ltr'><strong>attingere,</strong></span> <span class='ocrx_word' id='word_1_391' title='bbox 1360 1139 1469 1166; x_wconf 86' lang='lat' dir='ltr'><strong>biduum</strong></span> <span class='ocrx_word' id='word_1_392' title='bbox 1490 1139 1602 1166; x_wconf 86' lang='lat' dir='ltr'><strong>videbor</strong></span> <span class='ocrx_word' id='word_1_393' title='bbox 1630 1139 1728 1167; x_wconf 80' lang='lat' dir='ltr'><strong>fecisse</strong></span> <span class='ocrx_word' id='word_1_394' title='bbox 1752 1141 1830 1174; x_wconf 74' lang='lat' dir='ltr'><strong>apud</strong></span> 
     </span>
    </p>
   </div>
   <div class='ocr_carea' id='block_1_54' title="bbox 1033 1185 1826 1219">
    <p class='ocr_par' dir='ltr' id='par_1_54' title="bbox 1033 1185 1826 1219">
     <span class='ocr_line' id='line_1_54' title="bbox 1033 1185 1826 1219; baseline 0.001 -8"><span class='ocrx_word' id='word_1_395' title='bbox 1033 1189 1145 1219; x_wconf 87' lang='lat' dir='ltr'><strong>puteum</strong></span> <span class='ocrx_word' id='word_1_396' title='bbox 1161 1185 1282 1213; x_wconf 86' lang='lat' dir='ltr'><strong>visionis.</strong></span> <span class='ocrx_word' id='word_1_397' title='bbox 1299 1185 1376 1218; x_wconf 86' lang='lat' dir='ltr'><strong>Quod</strong></span> <span class='ocrx_word' id='word_1_398' title='bbox 1398 1189 1425 1212; x_wconf 84' lang='lat' dir='ltr'><strong>et</strong></span> <span class='ocrx_word' id='word_1_399' title='bbox 1446 1185 1468 1212; x_wconf 86' lang='lat' dir='ltr'><strong>si</strong></span> <span class='ocrx_word' id='word_1_400' title='bbox 1485 1185 1615 1213; x_wconf 87' lang='lat' dir='ltr'><strong>moralem</strong></span> <span class='ocrx_word' id='word_1_401' title='bbox 1627 1185 1716 1212; x_wconf 86' lang='lat' dir='ltr'><strong>locum</strong></span> <span class='ocrx_word' id='word_1_402' title='bbox 1730 1185 1826 1212; x_wconf 60' lang='lat' dir='ltr'><strong>conti-</strong></span> 
     </span>
    </p>
   </div>
   <div class='ocr_carea' id='block_1_55' title="bbox 1034 1230 1825 1266">
    <p class='ocr_par' dir='ltr' id='par_1_55' title="bbox 1034 1230 1825 1266">
     <span class='ocr_line' id='line_1_55' title="bbox 1034 1230 1825 1266; baseline 0.003 -9"><span class='ocrx_word' id='word_1_403' title='bbox 1034 1237 1118 1266; x_wconf 80' lang='lat' dir='ltr'><strong>gero,</strong></span> <span class='ocrx_word' id='word_1_404' title='bbox 1147 1230 1257 1258; x_wconf 81' lang='lat' dir='ltr'><strong>fecerim</strong></span> <span class='ocrx_word' id='word_1_405' title='bbox 1276 1231 1410 1264; x_wconf 86' lang='lat' dir='ltr'><strong>triduum,</strong></span> <span class='ocrx_word' id='word_1_406' title='bbox 1442 1231 1484 1258; x_wconf 84' lang='lat' dir='ltr'><strong>vel</strong></span> <span class='ocrx_word' id='word_1_407' title='bbox 1510 1235 1585 1259; x_wconf 84' lang='lat' dir='ltr'><strong>certe</strong></span> <span class='ocrx_word' id='word_1_408' title='bbox 1607 1231 1687 1258; x_wconf 90' lang='lat' dir='ltr'><strong>etiam</strong></span> <span class='ocrx_word' id='word_1_409' title='bbox 1714 1232 1737 1259; x_wconf 91' lang='lat' dir='ltr'><strong>si</strong></span> <span class='ocrx_word' id='word_1_410' title='bbox 1768 1239 1825 1259; x_wconf 88' lang='lat' dir='ltr'><strong>non</strong></span> 
     </span>
    </p>
   </div>
   <div class='ocr_carea' id='block_1_56' title="bbox 1034 1276 1827 1312">
    <p class='ocr_par' dir='ltr' id='par_1_56' title="bbox 1034 1276 1827 1312">
     <span class='ocr_line' id='line_1_56' title="bbox 1034 1276 1827 1312; baseline 0.003 -10"><span class='ocrx_word' id='word_1_411' title='bbox 1034 1282 1149 1310; x_wconf 89' lang='lat' dir='ltr'><strong>potuero</strong></span> <span class='ocrx_word' id='word_1_412' title='bbox 1162 1277 1254 1304; x_wconf 90' lang='lat' dir='ltr'><strong>omnia</strong></span> <span class='ocrx_word' id='word_1_413' title='bbox 1277 1277 1430 1312; x_wconf 77' lang='lat' dir='ltr'><strong>intelligere</strong></span> <span class='ocrx_word' id='word_1_414' title='bbox 1441 1298 1449 1309; x_wconf 96' lang='lat'><strong>,</strong></span> <span class='ocrx_word' id='word_1_415' title='bbox 1465 1276 1572 1305; x_wconf 86' lang='lat' dir='ltr'><strong>assideo</strong></span> <span class='ocrx_word' id='word_1_416' title='bbox 1590 1281 1678 1304; x_wconf 88' lang='lat' dir='ltr'><strong>tamen</strong></span> <span class='ocrx_word' id='word_1_417' title='bbox 1697 1276 1827 1312; x_wconf 89' lang='lat' dir='ltr'><strong>Scriptu-</strong></span> 
     </span>
    </p>
   </div>
   <div class='ocr_carea' id='block_1_57' title="bbox 1035 1322 1827 1359">
    <p class='ocr_par' dir='ltr' id='par_1_57' title="bbox 1035 1322 1827 1359">
     <span class='ocr_line' id='line_1_57' title="bbox 1035 1322 1827 1359; baseline 0.003 -9"><span class='ocrx_word' id='word_1_418' title='bbox 1035 1323 1072 1350; x_wconf 88' lang='lat' dir='ltr'><strong>ris</strong></span> <span class='ocrx_word' id='word_1_419' title='bbox 1092 1322 1163 1358; x_wconf 85' lang='lat'><strong>(79)</strong></span> <span class='ocrx_word' id='word_1_420' title='bbox 1180 1323 1291 1356; x_wconf 87' lang='lat' dir='ltr'><strong>divinis,</strong></span> <span class='ocrx_word' id='word_1_421' title='bbox 1317 1324 1386 1351; x_wconf 87' lang='lat' dir='ltr'><strong>etin</strong></span> <span class='ocrx_word' id='word_1_422' title='bbox 1411 1324 1470 1359; x_wconf 89' lang='lat' dir='ltr'><strong>lege</strong></span> <span class='ocrx_word' id='word_1_423' title='bbox 1496 1324 1542 1351; x_wconf 88' lang='lat' dir='ltr'><strong>Dei</strong></span> <span class='ocrx_word' id='word_1_424' title='bbox 1571 1323 1686 1351; x_wconf 90' lang='lat' dir='ltr'><strong>meditor</strong></span> <span class='ocrx_word' id='word_1_425' title='bbox 1715 1324 1760 1351; x_wconf 89' lang='lat' dir='ltr'><strong>die</strong></span> <span class='ocrx_word' id='word_1_426' title='bbox 1791 1331 1827 1352; x_wconf 85' lang='lat' dir='ltr'><strong>ac</strong></span> 
     </span>
    </p>
   </div>
   <div class='ocr_carea' id='block_1_58' title="bbox 1035 1370 1826 1406">
    <p class='ocr_par' dir='ltr' id='par_1_58' title="bbox 1035 1370 1826 1406">
     <span class='ocr_line' id='line_1_58' title="bbox 1035 1370 1826 1406; baseline 0 -9"><span class='ocrx_word' id='word_1_427' title='bbox 1035 1375 1126 1404; x_wconf 88' lang='lat' dir='ltr'><strong>nocte,</strong></span> <span class='ocrx_word' id='word_1_428' title='bbox 1154 1375 1182 1398; x_wconf 89' lang='lat' dir='ltr'><strong>et</strong></span> <span class='ocrx_word' id='word_1_429' title='bbox 1208 1371 1318 1398; x_wconf 90' lang='lat' dir='ltr'><strong>omnino</strong></span> <span class='ocrx_word' id='word_1_430' title='bbox 1346 1379 1483 1406; x_wconf 87' lang='lat' dir='ltr'><strong>nunquam</strong></span> <span class='ocrx_word' id='word_1_431' title='bbox 1511 1371 1624 1403; x_wconf 92' lang='lat' dir='ltr'><strong>desino,</strong></span> <span class='ocrx_word' id='word_1_432' title='bbox 1648 1370 1826 1405; x_wconf 84' lang='lat' dir='ltr'><strong>inquirendo,</strong></span> 
     </span>
    </p>
   </div>
   <div class='ocr_carea' id='block_1_59' title="bbox 1036 1417 1825 1451">
    <p class='ocr_par' dir='ltr' id='par_1_59' title="bbox 1036 1417 1825 1451">
     <span class='ocr_line' id='line_1_59' title="bbox 1036 1417 1825 1451; baseline 0 -7"><span class='ocrx_word' id='word_1_433' title='bbox 1036 1417 1215 1449; x_wconf 87' lang='lat' dir='ltr'><strong>discutiendo,</strong></span> <span class='ocrx_word' id='word_1_434' title='bbox 1239 1417 1390 1450; x_wconf 88' lang='lat' dir='ltr'><strong>tractando,</strong></span> <span class='ocrx_word' id='word_1_435' title='bbox 1419 1421 1446 1444; x_wconf 87' lang='lat' dir='ltr'><strong>et</strong></span> <span class='ocrx_word' id='word_1_436' title='bbox 1463 1421 1548 1450; x_wconf 85' lang='lat' dir='ltr'><strong>certe,</strong></span> <span class='ocrx_word' id='word_1_437' title='bbox 1576 1417 1647 1451; x_wconf 83' lang='lat' dir='ltr'><strong>quod</strong></span> <span class='ocrx_word' id='word_1_438' title='bbox 1673 1418 1825 1445; x_wconf 81' lang='lat' dir='ltr'><strong>maximum</strong></span> 
     </span>
    </p>
   </div>
   <div class='ocr_carea' id='block_1_60' title="bbox 1035 1462 1822 1497">
    <p class='ocr_par' dir='ltr' id='par_1_60' title="bbox 1035 1462 1822 1497">
     <span class='ocr_line' id='line_1_60' title="bbox 1035 1462 1822 1497; baseline 0.001 -8"><span class='ocrx_word' id='word_1_439' title='bbox 1035 1467 1088 1495; x_wconf 88' lang='lat' dir='ltr'><strong>est,</strong></span> <span class='ocrx_word' id='word_1_440' title='bbox 1100 1462 1204 1490; x_wconf 91' lang='lat' dir='ltr'><strong>orando</strong></span> <span class='ocrx_word' id='word_1_441' title='bbox 1219 1463 1314 1496; x_wconf 87' lang='lat' dir='ltr'><strong>Deum,</strong></span> <span class='ocrx_word' id='word_1_442' title='bbox 1328 1467 1355 1489; x_wconf 91' lang='lat' dir='ltr'><strong>et</strong></span> <span class='ocrx_word' id='word_1_443' title='bbox 1369 1463 1401 1489; x_wconf 89' lang='lat' dir='ltr'><strong>ab</strong></span> <span class='ocrx_word' id='word_1_444' title='bbox 1415 1462 1474 1497; x_wconf 86' lang='lat' dir='ltr'><strong>ipso</strong></span> <span class='ocrx_word' id='word_1_445' title='bbox 1486 1462 1822 1497; x_wconf 82' lang='lat' dir='ltr'><strong>poscendointellcctum,</strong></span> 
     </span>
    </p>
   </div>
   <div class='ocr_carea' id='block_1_61' title="bbox 199 1506 984 1547">
    <p class='ocr_par' dir='ltr' id='par_1_61' title="bbox 199 1506 984 1547">
     <span class='ocr_line' id='line_1_61' title="bbox 199 1506 984 1547; baseline 0.01 -16"><span class='ocrx_word' id='word_1_446' title='bbox 199 1506 310 1533; x_wconf 80' lang='lat' dir='ltr'><strong>hendcs.</strong></span> <span class='ocrx_word' id='word_1_447' title='bbox 337 1507 388 1534; x_wconf 82' lang='lat' dir='ltr'><strong>Sed</strong></span> <span class='ocrx_word' id='word_1_448' title='bbox 410 1511 438 1534; x_wconf 91' lang='lat' dir='ltr'><strong>et</strong></span> <span class='ocrx_word' id='word_1_449' title='bbox 461 1516 510 1535; x_wconf 90' lang='lat' dir='ltr'><strong>nos</strong></span> <span class='ocrx_word' id='word_1_450' title='bbox 528 1509 634 1536; x_wconf 89' lang='lat' dir='ltr'><strong>interim</strong></span> <span class='ocrx_word' id='word_1_451' title='bbox 659 1509 717 1537; x_wconf 67' lang='lat' dir='ltr'><strong>haec</strong></span> <span class='ocrx_word' id='word_1_452' title='bbox 741 1510 767 1538; x_wconf 92' lang='lat' dir='ltr'><strong>in</strong></span> <span class='ocrx_word' id='word_1_453' title='bbox 787 1511 857 1538; x_wconf 87' lang='lat' dir='ltr'><strong>aliud</strong></span> <span class='ocrx_word' id='word_1_454' title='bbox 881 1516 984 1547; x_wconf 88' lang='lat' dir='ltr'><strong>tempus</strong></span> 
     </span>
    </p>
   </div>
   <div class='ocr_carea' id='block_1_62' title="bbox 1041 1506 1828 1547">
    <p class='ocr_par' dir='ltr' id='par_1_62' title="bbox 1041 1508 1828 1544">
     <span class='ocr_line' id='line_1_62' title="bbox 1041 1508 1828 1544; baseline -0.001 -8"><span class='ocrx_word' id='word_1_455' title='bbox 1041 1509 1084 1544; x_wconf 83' lang='lat' dir='ltr'><strong>qui</strong></span> <span class='ocrx_word' id='word_1_456' title='bbox 1103 1509 1181 1536; x_wconf 89' lang='lat' dir='ltr'><strong>docet</strong></span> <span class='ocrx_word' id='word_1_457' title='bbox 1203 1508 1338 1535; x_wconf 80' lang='lat' dir='ltr'><strong>hominem</strong></span> <span class='ocrx_word' id='word_1_458' title='bbox 1361 1508 1516 1541; x_wconf 87' lang='lat' dir='ltr'><strong>scientiam,</strong></span> <span class='ocrx_word' id='word_1_459' title='bbox 1536 1508 1646 1535; x_wconf 84' lang='lat' dir='ltr'><strong>videbor</strong></span> <span class='ocrx_word' id='word_1_460' title='bbox 1666 1508 1748 1535; x_wconf 87' lang='lat' dir='ltr'><strong>etiam</strong></span> <span class='ocrx_word' id='word_1_461' title='bbox 1774 1515 1828 1543; x_wconf 77' lang='lat' dir='ltr'><strong>ego</strong></span> 
     </span>
    </p>
   </div>
   <div class='ocr_carea' id='block_1_63' title="bbox 200 1552 984 1593">
    <p class='ocr_par' dir='ltr' id='par_1_63' title="bbox 200 1552 984 1593">
     <span class='ocr_line' id='line_1_63' title="bbox 200 1552 984 1593; baseline 0.013 -16"><span class='ocrx_word' id='word_1_462' title='bbox 200 1552 368 1581; x_wconf 79' lang='lat' dir='ltr'><strong>remittentes</strong></span> <span class='ocrx_word' id='word_1_463' title='bbox 383 1553 456 1590; x_wconf 79' lang='lat'><strong>(78),</strong></span> <span class='ocrx_word' id='word_1_464' title='bbox 474 1556 506 1582; x_wconf 89' lang='lat' dir='ltr'><strong>ad</strong></span> <span class='ocrx_word' id='word_1_465' title='bbox 521 1562 551 1582; x_wconf 88' lang='lat' dir='ltr'><strong>ea</strong></span> <span class='ocrx_word' id='word_1_466' title='bbox 570 1563 629 1591; x_wconf 72' lang='lat' dir='ltr'><strong>qua:</strong></span> <span class='ocrx_word' id='word_1_467' title='bbox 644 1556 670 1583; x_wconf 91' lang='lat' dir='ltr'><strong>in</strong></span> <span class='ocrx_word' id='word_1_468' title='bbox 691 1558 920 1593; x_wconf 79' lang='lat' dir='ltr'><strong>consequentibus</strong></span> <span class='ocrx_word' id='word_1_469' title='bbox 940 1567 984 1587; x_wconf 87' lang='lat' dir='ltr'><strong>rc-</strong></span> 
     </span>
    </p>
   </div>
   <div class='ocr_carea' id='block_1_64' title="bbox 199 1597 562 1633">
    <p class='ocr_par' dir='ltr' id='par_1_64' title="bbox 199 1597 562 1633">
     <span class='ocr_line' id='line_1_64' title="bbox 199 1597 562 1633; baseline 0.014 -11"><span class='ocrx_word' id='word_1_470' title='bbox 199 1597 281 1624; x_wconf 87' lang='lat' dir='ltr'><strong>eitata</strong></span> <span class='ocrx_word' id='word_1_471' title='bbox 296 1603 358 1624; x_wconf 89' lang='lat' dir='ltr'><strong>sunt</strong></span> <span class='ocrx_word' id='word_1_472' title='bbox 376 1606 562 1633; x_wconf 85' lang='lat' dir='ltr'><strong>properemus.</strong></span> 
     </span>
    </p>
   </div>
   <div class='ocr_carea' id='block_1_65' title="bbox 233 1643 985 1682">
    <p class='ocr_par' dir='ltr' id='par_1_65' title="bbox 233 1643 985 1682">
     <span class='ocr_line' id='line_1_65' title="bbox 233 1643 985 1682; baseline 0.013 -14"><span class='ocrx_word' id='word_1_473' title='bbox 233 1643 261 1670; x_wconf 75' lang='lat'><strong>5.</strong></span> <span class='ocrx_word' id='word_1_474' title='bbox 278 1643 311 1669; x_wconf 82' lang='lat' dir='ltr'><strong>Et</strong></span> <span class='ocrx_word' id='word_1_475' title='bbox 329 1643 428 1677; x_wconf 77' lang='lat' dir='ltr'><strong>factum</strong></span> <span class='ocrx_word' id='word_1_476' title='bbox 443 1651 491 1678; x_wconf 75' lang='lat' dir='ltr'><strong>est,</strong></span> <span class='ocrx_word' id='word_1_477' title='bbox 509 1645 596 1680; x_wconf 89' lang='lat' dir='ltr'><strong>inquit</strong></span> <span class='ocrx_word' id='word_1_478' title='bbox 608 1647 642 1679; x_wconf 80' lang='grc'><strong>⁸⁷,</strong></span> <span class='ocrx_word' id='word_1_479' title='bbox 658 1652 794 1682; x_wconf 80' lang='lat' dir='ltr'><strong>postquam</strong></span> <span class='ocrx_word' id='word_1_480' title='bbox 811 1654 930 1678; x_wconf 72' lang='lat' dir='ltr'><strong>mortuus</strong></span> <span class='ocrx_word' id='word_1_481' title='bbox 948 1656 985 1678; x_wconf 72' lang='lat' dir='ltr'><strong>est</strong></span> 
     </span>
    </p>
   </div>
   <div class='ocr_carea' id='block_1_66' title="bbox 200 1688 985 1729">
    <p class='ocr_par' dir='ltr' id='par_1_66' title="bbox 200 1688 985 1729">
     <span class='ocr_line' id='line_1_66' title="bbox 200 1688 985 1729; baseline 0.013 -16"><span class='ocrx_word' id='word_1_482' title='bbox 200 1688 330 1715; x_wconf 81' lang='lat' dir='ltr'><strong>Abraham</strong></span> <span class='ocrx_word' id='word_1_483' title='bbox 346 1708 354 1721; x_wconf 96' lang='lat'><strong>,</strong></span> <span class='ocrx_word' id='word_1_484' title='bbox 375 1690 503 1716; x_wconf 66' lang='lat' dir='ltr'><strong>benedixit</strong></span> <span class='ocrx_word' id='word_1_485' title='bbox 525 1691 653 1718; x_wconf 74' lang='lat' dir='ltr'><strong>Dominus</strong></span> <span class='ocrx_word' id='word_1_486' title='bbox 669 1691 748 1719; x_wconf 72' lang='lat' dir='ltr'><strong>Isaac</strong></span> <span class='ocrx_word' id='word_1_487' title='bbox 761 1694 846 1727; x_wconf 81' lang='lat' dir='ltr'><strong>ﬁlium</strong></span> <span class='ocrx_word' id='word_1_488' title='bbox 862 1695 918 1729; x_wconf 72' lang='lat' dir='ltr'><strong>ejus</strong></span> <span class='ocrx_word' id='word_1_489' title='bbox 934 1716 940 1728; x_wconf 94' lang='lat'><strong>,</strong></span> <span class='ocrx_word' id='word_1_490' title='bbox 960 1701 985 1724; x_wconf 78' lang='lat' dir='ltr'><strong>et</strong></span> 
     </span>
    </p>
   </div>
   <div class='ocr_carea' id='block_1_67' title="bbox 199 1734 985 1770">
    <p class='ocr_par' dir='ltr' id='par_1_67' title="bbox 199 1734 985 1770">
     <span class='ocr_line' id='line_1_67' title="bbox 199 1734 985 1770; baseline 0.014 -11"><span class='ocrx_word' id='word_1_491' title='bbox 199 1734 324 1761; x_wconf 79' lang='lat' dir='ltr'><strong>habitavit</strong></span> <span class='ocrx_word' id='word_1_492' title='bbox 342 1735 376 1761; x_wconf 84' lang='lat' dir='ltr'><strong>ad</strong></span> <span class='ocrx_word' id='word_1_493' title='bbox 401 1740 507 1770; x_wconf 81' lang='lat' dir='ltr'><strong>puteum</strong></span> <span class='ocrx_word' id='word_1_494' title='bbox 532 1737 649 1765; x_wconf 76' lang='lat' dir='ltr'><strong>visionis.</strong></span> <span class='ocrx_word' id='word_1_495' title='bbox 676 1738 713 1766; x_wconf 87' lang='lat' dir='ltr'><strong>De</strong></span> <span class='ocrx_word' id='word_1_496' title='bbox 738 1745 825 1767; x_wconf 85' lang='lat' dir='ltr'><strong>morte</strong></span> <span class='ocrx_word' id='word_1_497' title='bbox 849 1741 985 1770; x_wconf 82' lang='lat' dir='ltr'><strong>Abraham</strong></span> 
     </span>
    </p>
   </div>
   <div class='ocr_carea' id='block_1_68' title="bbox 199 1779 987 1818">
    <p class='ocr_par' dir='ltr' id='par_1_68' title="bbox 199 1779 987 1818">
     <span class='ocr_line' id='line_1_68' title="bbox 199 1779 987 1818; baseline 0.011 -13"><span class='ocrx_word' id='word_1_498' title='bbox 199 1779 263 1813; x_wconf 91' lang='lat' dir='ltr'><strong>quid</strong></span> <span class='ocrx_word' id='word_1_499' title='bbox 280 1780 357 1807; x_wconf 92' lang='lat' dir='ltr'><strong>nobis</strong></span> <span class='ocrx_word' id='word_1_500' title='bbox 375 1780 490 1815; x_wconf 88' lang='lat' dir='ltr'><strong>amplius</strong></span> <span class='ocrx_word' id='word_1_501' title='bbox 501 1781 642 1810; x_wconf 88' lang='lat' dir='ltr'><strong>dicemlum</strong></span> <span class='ocrx_word' id='word_1_502' title='bbox 659 1789 717 1817; x_wconf 90' lang='lat' dir='ltr'><strong>est,</strong></span> <span class='ocrx_word' id='word_1_503' title='bbox 735 1792 813 1818; x_wconf 86' lang='lat' dir='ltr'><strong>quam</strong></span> <span class='ocrx_word' id='word_1_504' title='bbox 830 1793 919 1813; x_wconf 85' lang='lat' dir='ltr'><strong>sermo</strong></span> <span class='ocrx_word' id='word_1_505' title='bbox 936 1788 987 1815; x_wconf 85' lang='lat' dir='ltr'><strong>Do-</strong></span> 
     </span>
    </p>
   </div>
   <div class='ocr_carea' id='block_1_69' title="bbox 200 1824 986 1860">
    <p class='ocr_par' dir='ltr' id='par_1_69' title="bbox 200 1824 986 1860">
     <span class='ocr_line' id='line_1_69' title="bbox 200 1824 986 1860; baseline 0.01 -10"><span class='ocrx_word' id='word_1_506' title='bbox 200 1824 265 1851; x_wconf 86' lang='lat' dir='ltr'><strong>mini</strong></span> <span class='ocrx_word' id='word_1_507' title='bbox 281 1825 306 1851; x_wconf 92' lang='lat' dir='ltr'><strong>in</strong></span> <span class='ocrx_word' id='word_1_508' title='bbox 323 1825 474 1860; x_wconf 84' lang='lat' dir='ltr'><strong>Evangeliis</strong></span> <span class='ocrx_word' id='word_1_509' title='bbox 492 1827 624 1860; x_wconf 87' lang='lat' dir='ltr'><strong>continet,</strong></span> <span class='ocrx_word' id='word_1_510' title='bbox 641 1828 735 1856; x_wconf 81' lang='lat' dir='ltr'><strong>dicens</strong></span> <span class='ocrx_word' id='word_1_511' title='bbox 750 1830 793 1856; x_wconf 67' lang='grc' dir='ltr'><strong>ἐς</strong></span> <span class='ocrx_word' id='word_1_512' title='bbox 811 1830 848 1857; x_wconf 84' lang='lat' dir='ltr'><strong>De</strong></span> <span class='ocrx_word' id='word_1_513' title='bbox 871 1839 986 1858; x_wconf 78' lang='lat' dir='ltr'><strong>resurre-</strong></span> 
     </span>
    </p>
   </div>
   <div class='ocr_carea' id='block_1_70' title="bbox 199 1871 986 1911">
    <p class='ocr_par' dir='ltr' id='par_1_70' title="bbox 199 1871 986 1911">
     <span class='ocr_line' id='line_1_70' title="bbox 199 1871 986 1911; baseline 0.011 -15"><span class='ocrx_word' id='word_1_514' title='bbox 199 1871 286 1897; x_wconf 78' lang='lat' dir='ltr'><strong>ctione</strong></span> <span class='ocrx_word' id='word_1_515' title='bbox 305 1876 391 1898; x_wconf 84' lang='lat' dir='ltr'><strong>autent</strong></span> <span class='ocrx_word' id='word_1_516' title='bbox 405 1876 568 1900; x_wconf 83' lang='lat' dir='ltr'><strong>morluorum</strong></span> <span class='ocrx_word' id='word_1_517' title='bbox 584 1882 634 1900; x_wconf 86' lang='lat' dir='ltr'><strong>non</strong></span> <span class='ocrx_word' id='word_1_518' title='bbox 658 1874 759 1910; x_wconf 70' lang='lat' dir='ltr'><strong>legistis</strong></span> <span class='ocrx_word' id='word_1_519' title='bbox 774 1878 905 1911; x_wconf 77' lang='lat' dir='ltr'><strong>quomodo</strong></span> <span class='ocrx_word' id='word_1_520' title='bbox 922 1879 986 1905; x_wconf 67' lang='lat' dir='ltr'><strong>dicit</strong></span> 
     </span>
    </p>
   </div>
   <div class='ocr_carea' id='block_1_71' title="bbox 200 1917 987 1955">
    <p class='ocr_par' dir='ltr' id='par_1_71' title="bbox 200 1917 987 1955">
     <span class='ocr_line' id='line_1_71' title="bbox 200 1917 987 1955; baseline 0.01 -13"><span class='ocrx_word' id='word_1_521' title='bbox 200 1917 228 1943; x_wconf 80' lang='lat' dir='ltr'><strong>in</strong></span> <span class='ocrx_word' id='word_1_522' title='bbox 249 1917 322 1950; x_wconf 82' lang='lat' dir='ltr'><strong>rubo,</strong></span> <span class='ocrx_word' id='word_1_523' title='bbox 339 1917 408 1944; x_wconf 74' lang='lat' dir='ltr'><strong>Deus</strong></span> <span class='ocrx_word' id='word_1_524' title='bbox 425 1917 569 1953; x_wconf 81' lang='lat' dir='ltr'><strong>Abraham,</strong></span> <span class='ocrx_word' id='word_1_525' title='bbox 585 1925 609 1947; x_wconf 87' lang='lat' dir='ltr'><strong>et</strong></span> <span class='ocrx_word' id='word_1_526' title='bbox 626 1920 695 1947; x_wconf 79' lang='lat' dir='ltr'><strong>Deus</strong></span> <span class='ocrx_word' id='word_1_527' title='bbox 711 1921 801 1955; x_wconf 76' lang='lat' dir='ltr'><strong>Isaac,</strong></span> <span class='ocrx_word' id='word_1_528' title='bbox 814 1927 837 1948; x_wconf 82' lang='lat' dir='ltr'><strong>et</strong></span> <span class='ocrx_word' id='word_1_529' title='bbox 857 1922 926 1950; x_wconf 77' lang='lat' dir='ltr'><strong>Deus</strong></span> <span class='ocrx_word' id='word_1_530' title='bbox 938 1923 987 1950; x_wconf 86' lang='lat' dir='ltr'><strong>Ja-</strong></span> 
     </span>
    </p>
   </div>
   <div class='ocr_carea' id='block_1_72' title="bbox 201 1963 985 1999">
    <p class='ocr_par' dir='ltr' id='par_1_72' title="bbox 201 1963 985 1999">
     <span class='ocr_line' id='line_1_72' title="bbox 201 1963 985 1999; baseline 0.01 -10"><span class='ocrx_word' id='word_1_531' title='bbox 201 1965 247 1989; x_wconf 74' lang='grc' dir='ltr'><strong>τοὺ</strong></span> <span class='ocrx_word' id='word_1_532' title='bbox 261 1963 273 1990; x_wconf 71' lang='lat'><strong>.9</strong></span> <span class='ocrx_word' id='word_1_533' title='bbox 288 1963 356 1991; x_wconf 84' lang='lat' dir='ltr'><strong>Deus</strong></span> <span class='ocrx_word' id='word_1_534' title='bbox 374 1969 461 1991; x_wconf 86' lang='lat' dir='ltr'><strong>autent</strong></span> <span class='ocrx_word' id='word_1_535' title='bbox 478 1973 528 1992; x_wconf 83' lang='lat' dir='ltr'><strong>non</strong></span> <span class='ocrx_word' id='word_1_536' title='bbox 548 1970 585 1993; x_wconf 74' lang='lat' dir='ltr'><strong>est</strong></span> <span class='ocrx_word' id='word_1_537' title='bbox 604 1972 782 1999; x_wconf 85' lang='lat' dir='ltr'><strong>mortuorum,</strong></span> <span class='ocrx_word' id='word_1_538' title='bbox 798 1969 843 1995; x_wconf 70' lang='lat' dir='ltr'><strong>sed</strong></span> <span class='ocrx_word' id='word_1_539' title='bbox 857 1969 985 1997; x_wconf 75' lang='lat' dir='ltr'><strong>rivorum.</strong></span> 
     </span>
    </p>
   </div>
   <div class='ocr_carea' id='block_1_73' title="bbox 202 2007 983 2049">
    <p class='ocr_par' dir='ltr' id='par_1_73' title="bbox 202 2007 983 2049">
     <span class='ocr_line' id='line_1_73' title="bbox 202 2007 983 2049; baseline 0.008 -14"><span class='ocrx_word' id='word_1_540' title='bbox 202 2007 297 2035; x_wconf 77' lang='lat' dir='ltr'><strong>Omnes</strong></span> <span class='ocrx_word' id='word_1_541' title='bbox 312 2010 378 2036; x_wconf 81' lang='lat' dir='ltr'><strong>enim</strong></span> <span class='ocrx_word' id='word_1_542' title='bbox 394 2009 432 2036; x_wconf 82' lang='lat' dir='ltr'><strong>illi</strong></span> <span class='ocrx_word' id='word_1_543' title='bbox 448 2010 535 2037; x_wconf 79' lang='lat' dir='ltr'><strong>vivunt</strong></span> <span class='ocrx_word' id='word_1_544' title='bbox 545 2011 558 2037; x_wconf 85' lang='lat'><strong><em>?</em></strong></span> <span class='ocrx_word' id='word_1_545' title='bbox 568 2011 696 2046; x_wconf 85' lang='lat' dir='ltr'><strong>Optemus</strong></span> <span class='ocrx_word' id='word_1_546' title='bbox 705 2020 769 2047; x_wconf 90' lang='lat' dir='ltr'><strong>ergo</strong></span> <span class='ocrx_word' id='word_1_547' title='bbox 784 2017 812 2040; x_wconf 90' lang='lat' dir='ltr'><strong>et</strong></span> <span class='ocrx_word' id='word_1_548' title='bbox 827 2021 875 2041; x_wconf 85' lang='lat' dir='ltr'><strong>nos</strong></span> <span class='ocrx_word' id='word_1_549' title='bbox 891 2015 983 2049; x_wconf 89' lang='lat' dir='ltr'><strong>hujus-</strong></span> 
     </span>
    </p>
   </div>
   <div class='ocr_carea' id='block_1_74' title="bbox 203 2054 988 2092">
    <p class='ocr_par' dir='ltr' id='par_1_74' title="bbox 203 2054 988 2092">
     <span class='ocr_line' id='line_1_74' title="bbox 203 2054 988 2092; baseline 0.009 -12"><span class='ocrx_word' id='word_1_550' title='bbox 203 2054 276 2081; x_wconf 83' lang='grc' dir='ltr'>ιιιοιΙί</span> <span class='ocrx_word' id='word_1_551' title='bbox 306 2059 419 2082; x_wconf 85' lang='lat' dir='ltr'><strong>mortem</strong></span> <span class='ocrx_word' id='word_1_552' title='bbox 432 2075 440 2088; x_wconf 91' lang='lat'><strong>,</strong></span> <span class='ocrx_word' id='word_1_553' title='bbox 463 2057 533 2084; x_wconf 89' lang='lat' dir='ltr'><strong>sicut</strong></span> <span class='ocrx_word' id='word_1_554' title='bbox 549 2062 576 2084; x_wconf 89' lang='lat' dir='ltr'><strong>et</strong></span> <span class='ocrx_word' id='word_1_555' title='bbox 590 2058 735 2092; x_wconf 80' lang='lat' dir='ltr'><strong>Apostolus</strong></span> <span class='ocrx_word' id='word_1_556' title='bbox 749 2059 815 2086; x_wconf 90' lang='lat' dir='ltr'><strong>dicit</strong></span> <span class='ocrx_word' id='word_1_557' title='bbox 830 2060 853 2076; x_wconf 69' lang='grc'>⁸³</span> <span class='ocrx_word' id='word_1_558' title='bbox 865 2080 872 2092; x_wconf 89' lang='grc'><strong>,</strong></span> <span class='ocrx_word' id='word_1_559' title='bbox 888 2065 917 2087; x_wconf 85' lang='grc' dir='ltr'><strong>ιιι</strong></span> <span class='ocrx_word' id='word_1_560' title='bbox 931 2069 988 2088; x_wconf 88' lang='lat' dir='ltr'><strong>Ino-</strong></span> 
     </span>
    </p>
   </div>
   <div class='ocr_carea' id='block_1_75' title="bbox 203 2101 988 2142">
    <p class='ocr_par' dir='ltr' id='par_1_75' title="bbox 203 2101 988 2142">
     <span class='ocr_line' id='line_1_75' title="bbox 203 2101 988 2142; baseline 0.011 -16"><span class='ocrx_word' id='word_1_561' title='bbox 203 2101 309 2127; x_wconf 87' lang='lat' dir='ltr'><strong>rianmr</strong></span> <span class='ocrx_word' id='word_1_562' title='bbox 323 2106 443 2135; x_wconf 81' lang='lat' dir='ltr'><strong>peccato,</strong></span> <span class='ocrx_word' id='word_1_563' title='bbox 458 2103 580 2130; x_wconf 82' lang='lat' dir='ltr'><strong>vivamus</strong></span> <span class='ocrx_word' id='word_1_564' title='bbox 594 2109 684 2132; x_wconf 89' lang='lat' dir='ltr'><strong>autem</strong></span> <span class='ocrx_word' id='word_1_565' title='bbox 701 2105 765 2133; x_wconf 91' lang='lat' dir='ltr'><strong>Deo.</strong></span> <span class='ocrx_word' id='word_1_566' title='bbox 785 2106 857 2134; x_wconf 88' lang='lat' dir='ltr'><strong>Talis</strong></span> <span class='ocrx_word' id='word_1_567' title='bbox 871 2115 988 2142; x_wconf 90' lang='lat' dir='ltr'><strong>namque</strong></span> 
     </span>
    </p>
   </div>
   <div class='ocr_carea' id='block_1_76' title="bbox 203 2146 987 2185">
    <p class='ocr_par' dir='ltr' id='par_1_76' title="bbox 203 2146 987 2185">
     <span class='ocr_line' id='line_1_76' title="bbox 203 2146 987 2185; baseline 0.011 -14"><span class='ocrx_word' id='word_1_568' title='bbox 203 2146 319 2173; x_wconf 71' lang='lat' dir='ltr'><strong>Abrahte</strong></span> <span class='ocrx_word' id='word_1_569' title='bbox 331 2155 403 2174; x_wconf 87' lang='lat' dir='ltr'><strong>mors</strong></span> <span class='ocrx_word' id='word_1_570' title='bbox 419 2147 588 2183; x_wconf 77' lang='lat' dir='ltr'><strong>intelligenda</strong></span> <span class='ocrx_word' id='word_1_571' title='bbox 604 2155 663 2182; x_wconf 85' lang='lat' dir='ltr'><strong>est,</strong></span> <span class='ocrx_word' id='word_1_572' title='bbox 680 2159 739 2185; x_wconf 80' lang='lat' dir='ltr'><strong>qute</strong></span> <span class='ocrx_word' id='word_1_573' title='bbox 755 2152 781 2178; x_wconf 89' lang='lat' dir='ltr'><strong>in</strong></span> <span class='ocrx_word' id='word_1_574' title='bbox 801 2157 903 2179; x_wconf 88' lang='lat' dir='ltr'><strong>tanttun</strong></span> <span class='ocrx_word' id='word_1_575' title='bbox 920 2153 987 2180; x_wconf 75' lang='lat' dir='ltr'><strong>dila-</strong></span> 
     </span>
    </p>
   </div>
   <div class='ocr_carea' id='block_1_77' title="bbox 205 2192 988 2233">
    <p class='ocr_par' dir='ltr' id='par_1_77' title="bbox 205 2192 988 2233">
     <span class='ocr_line' id='line_1_77' title="bbox 205 2192 988 2233; baseline 0.01 -16"><span class='ocrx_word' id='word_1_576' title='bbox 205 2192 301 2218; x_wconf 90' lang='lat' dir='ltr'><strong>taverit</strong></span> <span class='ocrx_word' id='word_1_577' title='bbox 319 2193 396 2219; x_wconf 85' lang='lat' dir='ltr'><strong>SlllllS</strong></span> <span class='ocrx_word' id='word_1_578' title='bbox 416 2193 483 2226; x_wconf 80' lang='lat' dir='ltr'><strong>ejus,</strong></span> <span class='ocrx_word' id='word_1_579' title='bbox 504 2199 533 2221; x_wconf 93' lang='lat' dir='ltr'><strong>ut</strong></span> <span class='ocrx_word' id='word_1_580' title='bbox 550 2203 643 2223; x_wconf 89' lang='lat' dir='ltr'><strong>omnes</strong></span> <span class='ocrx_word' id='word_1_581' title='bbox 658 2197 744 2224; x_wconf 88' lang='lat' dir='ltr'><strong>sancti</strong></span> <span class='ocrx_word' id='word_1_582' title='bbox 762 2197 806 2232; x_wconf 90' lang='lat' dir='ltr'><strong>qui</strong></span> <span class='ocrx_word' id='word_1_583' title='bbox 822 2198 854 2225; x_wconf 87' lang='lat' dir='ltr'><strong>de</strong></span> <span class='ocrx_word' id='word_1_584' title='bbox 868 2203 988 2233; x_wconf 84' lang='lat' dir='ltr'><strong>quatuor</strong></span> 
     </span>
    </p>
   </div>
   <div class='ocr_carea' id='block_1_78' title="bbox 204 2239 986 2279">
    <p class='ocr_par' dir='ltr' id='par_1_78' title="bbox 204 2239 986 2279">
     <span class='ocr_line' id='line_1_78' title="bbox 204 2239 986 2279; baseline 0.01 -14"><span class='ocrx_word' id='word_1_585' title='bbox 204 2239 339 2273; x_wconf 65' lang='lat' dir='ltr'><strong>slterrte</strong></span> <span class='ocrx_word' id='word_1_586' title='bbox 349 2240 471 2274; x_wconf 87' lang='lat' dir='ltr'><strong>partibus</strong></span> <span class='ocrx_word' id='word_1_587' title='bbox 482 2242 603 2274; x_wconf 81' lang='lat' dir='ltr'><strong>veniunt,</strong></span> <span class='ocrx_word' id='word_1_588' title='bbox 617 2243 642 2270; x_wconf 88' lang='lat' dir='ltr'><strong>in</strong></span> <span class='ocrx_word' id='word_1_589' title='bbox 653 2244 741 2271; x_wconf 86' lang='lat' dir='ltr'><strong>sinum</strong></span> <span class='ocrx_word' id='word_1_590' title='bbox 752 2244 866 2272; x_wconf 72' lang='lat' dir='ltr'><strong>Abrahm</strong></span> <span class='ocrx_word' id='word_1_591' title='bbox 877 2251 986 2279; x_wconf 84' lang='lat' dir='ltr'><strong>porten-</strong></span> 
     </span>
    </p>
   </div>
   <div class='ocr_carea' id='block_1_79' title="bbox 205 2286 987 2326">
    <p class='ocr_par' dir='ltr' id='par_1_79' title="bbox 205 2286 987 2326">
     <span class='ocr_line' id='line_1_79' title="bbox 205 2286 987 2326; baseline 0.009 -15"><span class='ocrx_word' id='word_1_592' title='bbox 205 2290 249 2312; x_wconf 87' lang='lat' dir='ltr'><strong>tur</strong></span> <span class='ocrx_word' id='word_1_593' title='bbox 261 2286 294 2312; x_wconf 92' lang='lat' dir='ltr'><strong>ab</strong></span> <span class='ocrx_word' id='word_1_594' title='bbox 306 2287 416 2322; x_wconf 80' lang='lat' dir='ltr'><strong>angelis.</strong></span> <span class='ocrx_word' id='word_1_595' title='bbox 426 2288 477 2314; x_wconf 88' lang='lat' dir='ltr'><strong>Sed</strong></span> <span class='ocrx_word' id='word_1_596' title='bbox 488 2288 686 2323; x_wconf 84' lang='lat' dir='ltr'><strong>videatuusjam</strong></span> <span class='ocrx_word' id='word_1_597' title='bbox 700 2292 834 2324; x_wconf 88' lang='lat' dir='ltr'><strong>quomodo</strong></span> <span class='ocrx_word' id='word_1_598' title='bbox 847 2297 906 2326; x_wconf 92' lang='lat' dir='ltr'><strong>post</strong></span> <span class='ocrx_word' id='word_1_599' title='bbox 915 2300 987 2318; x_wconf 90' lang='lat' dir='ltr'><strong>mor-</strong></span> 
     </span>
    </p>
   </div>
   <div class='ocr_carea' id='block_1_80' title="bbox 205 2332 988 2370">
    <p class='ocr_par' dir='ltr' id='par_1_80' title="bbox 205 2332 988 2370">
     <span class='ocr_line' id='line_1_80' title="bbox 205 2332 988 2370; baseline 0.006 -12"><span class='ocrx_word' id='word_1_600' title='bbox 205 2335 258 2358; x_wconf 87' lang='lat' dir='ltr'><strong>tem</strong></span> <span class='ocrx_word' id='word_1_601' title='bbox 272 2332 331 2366; x_wconf 86' lang='lat' dir='ltr'><strong>ejus</strong></span> <span class='ocrx_word' id='word_1_602' title='bbox 353 2333 518 2360; x_wconf 76' lang='lat' dir='ltr'><strong>bcncdixerit</strong></span> <span class='ocrx_word' id='word_1_603' title='bbox 531 2335 660 2362; x_wconf 85' lang='lat' dir='ltr'><strong>Dominus</strong></span> <span class='ocrx_word' id='word_1_604' title='bbox 677 2335 752 2362; x_wconf 86' lang='lat' dir='ltr'><strong>Isaac</strong></span> <span class='ocrx_word' id='word_1_605' title='bbox 770 2335 864 2362; x_wconf 57' lang='lat' dir='ltr'><strong>lilium»</strong></span> <span class='ocrx_word' id='word_1_606' title='bbox 875 2335 944 2370; x_wconf 86' lang='lat' dir='ltr'><strong>ejus,</strong></span> <span class='ocrx_word' id='word_1_607' title='bbox 960 2341 988 2363; x_wconf 89' lang='lat' dir='ltr'><strong>et</strong></span> 
     </span>
    </p>
   </div>
   <div class='ocr_carea' id='block_1_81' title="bbox 205 2378 988 2416">
    <p class='ocr_par' dir='ltr' id='par_1_81' title="bbox 205 2378 988 2416">
     <span class='ocr_line' id='line_1_81' title="bbox 205 2378 988 2416; baseline 0.006 -13"><span class='ocrx_word' id='word_1_608' title='bbox 205 2385 264 2412; x_wconf 77' lang='lat' dir='ltr'><strong>qua:</strong></span> <span class='ocrx_word' id='word_1_609' title='bbox 281 2383 323 2405; x_wconf 80' lang='lat' dir='ltr'><strong>est</strong></span> <span class='ocrx_word' id='word_1_610' title='bbox 335 2378 384 2405; x_wconf 90' lang='lat' dir='ltr'><strong>ista</strong></span> <span class='ocrx_word' id='word_1_611' title='bbox 401 2379 563 2407; x_wconf 85' lang='lat' dir='ltr'><strong>benedictio.</strong></span> <span class='ocrx_word' id='word_1_612' title='bbox 582 2381 731 2414; x_wconf 76' lang='lat' dir='ltr'><strong>Bencdixit,</strong></span> <span class='ocrx_word' id='word_1_613' title='bbox 747 2381 843 2416; x_wconf 87' lang='lat' dir='ltr'><strong>inquit,</strong></span> <span class='ocrx_word' id='word_1_614' title='bbox 860 2381 988 2409; x_wconf 74' lang='lat' dir='ltr'><strong>Dominus</strong></span> 
     </span>
    </p>
   </div>
   <div class='ocr_carea' id='block_1_82' title="bbox 205 2422 988 2460">
    <p class='ocr_par' dir='ltr' id='par_1_82' title="bbox 205 2422 988 2460">
     <span class='ocr_line' id='line_1_82' title="bbox 205 2422 988 2460; baseline 0.008 -11"><span class='ocrx_word' id='word_1_615' title='bbox 205 2422 295 2456; x_wconf 73' lang='lat' dir='ltr'><strong>hanc,</strong></span> <span class='ocrx_word' id='word_1_616' title='bbox 307 2429 329 2451; x_wconf 85' lang='lat' dir='ltr'><strong>et</strong></span> <span class='ocrx_word' id='word_1_617' title='bbox 344 2424 469 2452; x_wconf 75' lang='lat' dir='ltr'><strong>habitavit</strong></span> <span class='ocrx_word' id='word_1_618' title='bbox 485 2427 519 2453; x_wconf 85' lang='lat' dir='ltr'><strong>ad</strong></span> <span class='ocrx_word' id='word_1_619' title='bbox 533 2432 638 2460; x_wconf 79' lang='lat' dir='ltr'><strong>puteum</strong></span> <span class='ocrx_word' id='word_1_620' title='bbox 652 2428 768 2454; x_wconf 71' lang='lat' dir='ltr'><strong>visionis.</strong></span> <span class='ocrx_word' id='word_1_621' title='bbox 790 2428 851 2455; x_wconf 75' lang='lat' dir='ltr'><strong>llzec</strong></span> <span class='ocrx_word' id='word_1_622' title='bbox 864 2432 905 2455; x_wconf 79' lang='lat' dir='ltr'><strong>est</strong></span> <span class='ocrx_word' id='word_1_623' title='bbox 916 2429 988 2456; x_wconf 90' lang='lat' dir='ltr'><strong>enim</strong></span> 
     </span>
    </p>
   </div>
   <div class='ocr_carea' id='block_1_83' title="bbox 205 2468 990 2506">
    <p class='ocr_par' dir='ltr' id='par_1_83' title="bbox 205 2468 990 2506">
     <span class='ocr_line' id='line_1_83' title="bbox 205 2468 990 2506; baseline 0.008 -12"><span class='ocrx_word' id='word_1_624' title='bbox 205 2468 294 2495; x_wconf 86' lang='lat' dir='ltr'><strong>omnis</strong></span> <span class='ocrx_word' id='word_1_625' title='bbox 309 2469 468 2503; x_wconf 77' lang='lat' dir='ltr'><strong>benedictio,</strong></span> <span class='ocrx_word' id='word_1_626' title='bbox 487 2479 536 2506; x_wconf 82' lang='lat' dir='ltr'><strong>qlia</strong></span> <span class='ocrx_word' id='word_1_627' title='bbox 552 2472 690 2499; x_wconf 78' lang='lat' dir='ltr'><strong>benedixit</strong></span> <span class='ocrx_word' id='word_1_628' title='bbox 714 2473 842 2500; x_wconf 87' lang='lat' dir='ltr'><strong>Dominus</strong></span> <span class='ocrx_word' id='word_1_629' title='bbox 862 2473 946 2505; x_wconf 87' lang='lat' dir='ltr'><strong>Isaac,</strong></span> <span class='ocrx_word' id='word_1_630' title='bbox 961 2479 990 2501; x_wconf 88' lang='lat' dir='ltr'><strong>ut</strong></span> 
     </span>
    </p>
   </div>
   <div class='ocr_carea' id='block_1_84' title="bbox 210 2514 989 2554">
    <p class='ocr_par' dir='ltr' id='par_1_84' title="bbox 210 2514 989 2554">
     <span class='ocr_line' id='line_1_84' title="bbox 210 2514 989 2554; baseline 0.008 -14"><span class='ocrx_word' id='word_1_631' title='bbox 210 2514 343 2542; x_wconf 78' lang='lat' dir='ltr'><strong>habitaret</strong></span> <span class='ocrx_word' id='word_1_632' title='bbox 359 2516 392 2542; x_wconf 87' lang='lat' dir='ltr'><strong>ad</strong></span> <span class='ocrx_word' id='word_1_633' title='bbox 406 2522 514 2550; x_wconf 84' lang='lat' dir='ltr'><strong>puteum</strong></span> <span class='ocrx_word' id='word_1_634' title='bbox 533 2517 653 2545; x_wconf 88' lang='lat' dir='ltr'><strong>visionis.</strong></span> <span class='ocrx_word' id='word_1_635' title='bbox 677 2518 889 2553; x_wconf 83' lang='lat' dir='ltr'><strong>lntelligentibus</strong></span> <span class='ocrx_word' id='word_1_636' title='bbox 905 2527 989 2554; x_wconf 77' lang='lat' dir='ltr'><strong>gran-</strong></span> 
     </span>
    </p>
   </div>
   <div class='ocr_carea' id='block_1_85' title="bbox 208 2559 990 2592">
    <p class='ocr_par' dir='ltr' id='par_1_85' title="bbox 208 2559 990 2592">
     <span class='ocr_line' id='line_1_85' title="bbox 208 2559 990 2592; baseline 0.008 -6"><span class='ocrx_word' id='word_1_637' title='bbox 208 2559 249 2586; x_wconf 87' lang='lat' dir='ltr'><strong>dis</strong></span> <span class='ocrx_word' id='word_1_638' title='bbox 269 2567 311 2588; x_wconf 89' lang='lat' dir='ltr'><strong>est</strong></span> <span class='ocrx_word' id='word_1_639' title='bbox 334 2561 384 2589; x_wconf 87' lang='lat' dir='ltr'><strong>ista</strong></span> <span class='ocrx_word' id='word_1_640' title='bbox 408 2563 572 2590; x_wconf 87' lang='lat' dir='ltr'><strong>benedictio.</strong></span> <span class='ocrx_word' id='word_1_641' title='bbox 589 2563 696 2591; x_wconf 84' lang='lat' dir='ltr'><strong>Utinam</strong></span> <span class='ocrx_word' id='word_1_642' title='bbox 716 2569 744 2591; x_wconf 90' lang='lat' dir='ltr'><strong>et</strong></span> <span class='ocrx_word' id='word_1_643' title='bbox 768 2565 897 2592; x_wconf 91' lang='lat' dir='ltr'><strong>Dominus</strong></span> <span class='ocrx_word' id='word_1_644' title='bbox 924 2565 990 2592; x_wconf 92' lang='lat' dir='ltr'><strong>mihi</strong></span> 
     </span>
    </p>
   </div>
   <div class='ocr_carea' id='block_1_86' title="bbox 244 2618 737 2652">
    <p class='ocr_par' dir='ltr' id='par_1_86' title="bbox 244 2618 737 2652">
     <span class='ocr_line' id='line_1_86' title="bbox 244 2618 737 2652; baseline 0.008 -7"><span class='ocrx_word' id='word_1_645' title='bbox 244 2618 268 2634; x_wconf 84' lang='lat'><strong>&quot;</strong></span> <span class='ocrx_word' id='word_1_646' title='bbox 282 2620 381 2649; x_wconf 81' lang='lat' dir='ltr'><strong>Cenes.</strong></span> <span class='ocrx_word' id='word_1_647' title='bbox 394 2629 468 2652; x_wconf 77' lang='lat' dir='ltr'><strong>xxiv,</strong></span> <span class='ocrx_word' id='word_1_648' title='bbox 485 2621 530 2650; x_wconf 79' lang='grc'><strong>45.</strong></span> <span class='ocrx_word' id='word_1_649' title='bbox 568 2623 591 2638; x_wconf 82' lang='grc'><strong>⁶⁶</strong></span> <span class='ocrx_word' id='word_1_650' title='bbox 606 2622 690 2648; x_wconf 81' lang='lat' dir='ltr'><strong>Exod.</strong></span> <span class='ocrx_word' id='word_1_651' title='bbox 708 2630 737 2649; x_wconf 86' lang='grc' dir='ltr'>ιι.</span> 
     </span>
    </p>
   </div>
   <div class='ocr_carea' id='block_1_87' title="bbox 776 2623 911 2650">
    <p class='ocr_par' dir='ltr' id='par_1_87' title="bbox 776 2623 911 2650">
     <span class='ocr_line' id='line_1_87' title="bbox 776 2623 911 2650; baseline -0.007 0"><span class='ocrx_word' id='word_1_652' title='bbox 776 2623 798 2640; x_wconf 92' lang='grc'><strong>¹⁷</strong></span> <span class='ocrx_word' id='word_1_653' title='bbox 814 2623 911 2650; x_wconf 77' lang='lat' dir='ltr'><strong>Cenes.</strong></span> 
     </span>
    </p>
   </div>
   <div class='ocr_carea' id='block_1_88' title="bbox 209 2651 615 2688">
    <p class='ocr_par' dir='ltr' id='par_1_88' title="bbox 209 2651 615 2688">
     <span class='ocr_line' id='line_1_88' title="bbox 209 2651 615 2688; baseline 0.017 -11"><span class='ocrx_word' id='word_1_654' title='bbox 209 2651 254 2679; x_wconf 68' lang='grc' dir='ltr'>ιιι.</span> <span class='ocrx_word' id='word_1_655' title='bbox 311 2654 333 2670; x_wconf 77' lang='grc'><strong><em>⁵⁸</em></strong></span> <span class='ocrx_word' id='word_1_656' title='bbox 352 2654 449 2683; x_wconf 82' lang='lat' dir='ltr'><strong>Cenes.</strong></span> <span class='ocrx_word' id='word_1_657' title='bbox 463 2651 558 2688; x_wconf 59' lang='lat' dir='ltr'><strong>aunt,</strong></span> <span class='ocrx_word' id='word_1_658' title='bbox 572 2657 615 2684; x_wconf 86' lang='lat' dir='ltr'><strong>l7.</strong></span> 
     </span>
    </p>
   </div>
   <div class='ocr_carea' id='block_1_89' title="bbox 654 2657 881 2691">
    <p class='ocr_par' dir='ltr' id='par_1_89' title="bbox 654 2657 881 2691">
     <span class='ocr_line' id='line_1_89' title="bbox 654 2657 881 2691; baseline 0.009 -7"><span class='ocrx_word' id='word_1_659' title='bbox 654 2658 674 2673; x_wconf 81' lang='grc'><strong>⁶¹</strong></span> <span class='ocrx_word' id='word_1_660' title='bbox 694 2657 772 2685; x_wconf 84' lang='lat' dir='ltr'><strong>Joan.</strong></span> <span class='ocrx_word' id='word_1_661' title='bbox 786 2666 822 2691; x_wconf 88' lang='lat' dir='ltr'><strong>tv,</strong></span> <span class='ocrx_word' id='word_1_662' title='bbox 838 2658 881 2687; x_wconf 79' lang='grc' dir='ltr'><strong>Μ.</strong></span> 
     </span>
    </p>
   </div>
   <div class='ocr_carea' id='block_1_90' title="bbox 247 2721 990 2760">
    <p class='ocr_par' dir='ltr' id='par_1_90' title="bbox 247 2721 990 2760">
     <span class='ocr_line' id='line_1_90' title="bbox 247 2721 990 2760; baseline 0.007 -13"><span class='ocrx_word' id='word_1_663' title='bbox 247 2721 302 2760; x_wconf 80' lang='grc'><strong>(77)</strong></span> <span class='ocrx_word' id='word_1_664' title='bbox 325 2722 490 2760; x_wconf 66' lang='grc' dir='ltr'><strong>υἱιδιινςηάο,</strong></span> <span class='ocrx_word' id='word_1_665' title='bbox 507 2724 582 2751; x_wconf 84' lang='lat' dir='ltr'><strong>deest</strong></span> <span class='ocrx_word' id='word_1_666' title='bbox 596 2725 622 2751; x_wconf 92' lang='lat' dir='ltr'><strong>in</strong></span> <span class='ocrx_word' id='word_1_667' title='bbox 639 2731 716 2752; x_wconf 88' lang='lat' dir='ltr'><strong>antea</strong></span> <span class='ocrx_word' id='word_1_668' title='bbox 741 2725 831 2759; x_wconf 80' lang='lat' dir='ltr'><strong>editis,</strong></span> <span class='ocrx_word' id='word_1_669' title='bbox 848 2726 894 2752; x_wconf 84' lang='lat' dir='ltr'><strong>sed</strong></span> <span class='ocrx_word' id='word_1_670' title='bbox 913 2733 990 2760; x_wconf 78' lang='lat' dir='ltr'><strong>repe-</strong></span> 
     </span>
    </p>
   </div>
   <div class='ocr_carea' id='block_1_91' title="bbox 210 2756 992 2794">
    <p class='ocr_par' dir='ltr' id='par_1_91' title="bbox 210 2756 992 2794">
     <span class='ocr_line' id='line_1_91' title="bbox 210 2756 992 2794; baseline 0.005 -13"><span class='ocrx_word' id='word_1_671' title='bbox 210 2756 281 2794; x_wconf 76' lang='lat' dir='ltr'><strong>ritur</strong></span> <span class='ocrx_word' id='word_1_672' title='bbox 295 2757 320 2783; x_wconf 88' lang='lat' dir='ltr'><strong>iu</strong></span> <span class='ocrx_word' id='word_1_673' title='bbox 336 2766 401 2794; x_wconf 81' lang='lat' dir='ltr'><strong>mss.</strong></span> <span class='ocrx_word' id='word_1_674' title='bbox 418 2758 501 2785; x_wconf 78' lang='lat' dir='ltr'><strong>l’auiu</strong></span> <span class='ocrx_word' id='word_1_675' title='bbox 518 2765 575 2793; x_wconf 80' lang='lat' dir='ltr'><strong>post</strong></span> <span class='ocrx_word' id='word_1_676' title='bbox 589 2761 663 2791; x_wconf 84' lang='lat' dir='ltr'><strong>editi,</strong></span> <span class='ocrx_word' id='word_1_677' title='bbox 685 2756 846 2794; x_wconf 70' lang='lat' dir='ltr'><strong>supr-rantes,</strong></span> <span class='ocrx_word' id='word_1_678' title='bbox 860 2761 893 2786; x_wconf 82' lang='lat' dir='ltr'><strong>ad</strong></span> <span class='ocrx_word' id='word_1_679' title='bbox 907 2756 992 2787; x_wconf 50' lang='lat' dir='ltr'><strong>uenam</strong></span> 
     </span>
    </p>
   </div>
   <div class='ocr_carea' id='block_1_92' title="bbox 211 2791 992 2827">
    <p class='ocr_par' dir='ltr' id='par_1_92' title="bbox 211 2791 992 2827">
     <span class='ocr_line' id='line_1_92' title="bbox 211 2791 992 2827; baseline 0.005 -12"><span class='ocrx_word' id='word_1_680' title='bbox 211 2791 402 2826; x_wconf 76' lang='lat' dir='ltr'><strong>philosophiam</strong></span> <span class='ocrx_word' id='word_1_681' title='bbox 425 2791 537 2826; x_wconf 74' lang='lat' dir='ltr'><strong>Christi,</strong></span> <span class='ocrx_word' id='word_1_682' title='bbox 562 2799 585 2820; x_wconf 72' lang='lat' dir='ltr'><strong>et</strong></span> <span class='ocrx_word' id='word_1_683' title='bbox 606 2803 691 2821; x_wconf 72' lang='lat' dir='ltr'><strong>rerum</strong></span> <span class='ocrx_word' id='word_1_684' title='bbox 717 2791 866 2821; x_wconf 58' lang='lat' dir='ltr'><strong>societatem</strong></span> <span class='ocrx_word' id='word_1_685' title='bbox 884 2796 992 2827; x_wconf 74' lang='lat' dir='ltr'><strong>Chtiali,</strong></span> 
     </span>
    </p>
   </div>
   <div class='ocr_carea' id='block_1_93' title="bbox 215 2828 866 2862">
    <p class='ocr_par' dir='ltr' id='par_1_93' title="bbox 215 2828 866 2862">
     <span class='ocr_line' id='line_1_93' title="bbox 215 2828 866 2862; baseline 0.006 -10"><span class='ocrx_word' id='word_1_686' title='bbox 215 2828 337 2858; x_wconf 68' lang='lat' dir='ltr'><strong>pietatem</strong></span> <span class='ocrx_word' id='word_1_687' title='bbox 362 2828 422 2862; x_wconf 70' lang='lat' dir='ltr'><strong>Dei,-</strong></span> <span class='ocrx_word' id='word_1_688' title='bbox 446 2835 472 2856; x_wconf 84' lang='lat' dir='ltr'><strong>at</strong></span> <span class='ocrx_word' id='word_1_689' title='bbox 499 2837 563 2856; x_wconf 77' lang='lat' dir='ltr'><strong>mss.</strong></span> <span class='ocrx_word' id='word_1_690' title='bbox 587 2834 613 2855; x_wconf 94' lang='lat' dir='ltr'><strong>ut</strong></span> <span class='ocrx_word' id='word_1_691' title='bbox 631 2831 656 2856; x_wconf 92' lang='lat' dir='ltr'><strong>in</strong></span> <span class='ocrx_word' id='word_1_692' title='bbox 675 2834 766 2856; x_wconf 80' lang='lat' dir='ltr'><strong>nostro</strong></span> <span class='ocrx_word' id='word_1_693' title='bbox 783 2834 866 2856; x_wconf 66' lang='lat' dir='ltr'><strong>textu.</strong></span> 
     </span>
    </p>
   </div>
   <div class='ocr_carea' id='block_1_94' title="bbox 949 2619 1609 2654">
    <p class='ocr_par' dir='ltr' id='par_1_94' title="bbox 949 2619 1609 2654">
     <span class='ocr_line' id='line_1_94' title="bbox 949 2619 1609 2654; baseline -0.006 -5"><span class='ocrx_word' id='word_1_694' title='bbox 949 2631 1012 2652; x_wconf 70' lang='lat' dir='ltr'><strong>xxv.</strong></span> <span class='ocrx_word' id='word_1_695' title='bbox 1035 2623 1077 2650; x_wconf 86' lang='lat' dir='ltr'><strong>ll.</strong></span> <span class='ocrx_word' id='word_1_696' title='bbox 1110 2621 1134 2638; x_wconf 75' lang='grc'><strong>⁸⁸</strong></span> <span class='ocrx_word' id='word_1_697' title='bbox 1151 2621 1234 2648; x_wconf 83' lang='lat' dir='ltr'><strong>Marc.</strong></span> <span class='ocrx_word' id='word_1_698' title='bbox 1251 2628 1300 2654; x_wconf 78' lang='lat' dir='ltr'><strong>xu,</strong></span> <span class='ocrx_word' id='word_1_699' title='bbox 1313 2619 1396 2652; x_wconf 75' lang='lat' dir='ltr'><strong>‘26,ct</strong></span> <span class='ocrx_word' id='word_1_700' title='bbox 1413 2619 1479 2647; x_wconf 89' lang='lat' dir='ltr'><strong>Luc.</strong></span> <span class='ocrx_word' id='word_1_701' title='bbox 1500 2627 1545 2651; x_wconf 77' lang='lat' dir='ltr'><strong>xx,</strong></span> <span class='ocrx_word' id='word_1_702' title='bbox 1564 2619 1609 2646; x_wconf 78' lang='lat'><strong>57.</strong></span> 
     </span>
    </p>
   </div>
   <div class='ocr_carea' id='block_1_95' title="bbox 917 2656 1166 2689">
    <p class='ocr_par' dir='ltr' id='par_1_95' title="bbox 917 2656 1166 2689">
     <span class='ocr_line' id='line_1_95' title="bbox 917 2656 1166 2689; baseline 0.004 -5"><span class='ocrx_word' id='word_1_703' title='bbox 917 2659 938 2674; x_wconf 76' lang='grc'><strong>⁵³</strong></span> <span class='ocrx_word' id='word_1_704' title='bbox 958 2658 1055 2686; x_wconf 89' lang='lat' dir='ltr'><strong>llCor.</strong></span> <span class='ocrx_word' id='word_1_705' title='bbox 1069 2656 1166 2689; x_wconf 70' lang='lat'><strong>&quot;1,18.</strong></span> 
     </span>
    </p>
   </div>
   <div class='ocr_carea' id='block_1_96' title="bbox 1039 1554 1828 1590">
    <p class='ocr_par' dir='ltr' id='par_1_96' title="bbox 1039 1554 1828 1590">
     <span class='ocr_line' id='line_1_96' title="bbox 1039 1554 1828 1590; baseline -0.003 -8"><span class='ocrx_word' id='word_1_706' title='bbox 1039 1556 1162 1583; x_wconf 89' lang='lat' dir='ltr'><strong>habitare</strong></span> <span class='ocrx_word' id='word_1_707' title='bbox 1184 1556 1217 1582; x_wconf 90' lang='lat' dir='ltr'><strong>ad</strong></span> <span class='ocrx_word' id='word_1_708' title='bbox 1239 1560 1347 1590; x_wconf 89' lang='lat' dir='ltr'><strong>puteum</strong></span> <span class='ocrx_word' id='word_1_709' title='bbox 1373 1554 1497 1581; x_wconf 86' lang='lat' dir='ltr'><strong>visionis.</strong></span> <span class='ocrx_word' id='word_1_710' title='bbox 1532 1554 1580 1581; x_wconf 93' lang='lat' dir='ltr'><strong>Sin</strong></span> <span class='ocrx_word' id='word_1_711' title='bbox 1606 1561 1671 1581; x_wconf 88' lang='lat' dir='ltr'><strong>vero</strong></span> <span class='ocrx_word' id='word_1_712' title='bbox 1688 1554 1828 1589; x_wconf 79' lang='lat' dir='ltr'><strong>negligam</strong></span> 
     </span>
    </p>
   </div>
   <div class='ocr_carea' id='block_1_97' title="bbox 1005 1598 1830 1637">
    <p class='ocr_par' dir='ltr' id='par_1_97' title="bbox 1005 1598 1830 1637">
     <span class='ocr_line' id='line_1_97' title="bbox 1005 1598 1830 1637; baseline -0.004 -8"><span class='ocrx_word' id='word_1_713' title='bbox 1005 1604 1011 1612; x_wconf 81' lang='lat'><strong>&#39;</strong></span> <span class='ocrx_word' id='word_1_714' title='bbox 1039 1609 1127 1637; x_wconf 85' lang='lat' dir='ltr'><strong>neque</strong></span> <span class='ocrx_word' id='word_1_715' title='bbox 1143 1602 1214 1629; x_wconf 89' lang='lat' dir='ltr'><strong>domi</strong></span> <span class='ocrx_word' id='word_1_716' title='bbox 1229 1608 1358 1629; x_wconf 85' lang='lat' dir='ltr'><strong>exercear</strong></span> <span class='ocrx_word' id='word_1_717' title='bbox 1377 1601 1404 1627; x_wconf 93' lang='lat' dir='ltr'><strong>in</strong></span> <span class='ocrx_word' id='word_1_718' title='bbox 1426 1600 1509 1627; x_wconf 84' lang='lat' dir='ltr'><strong>verbo</strong></span> <span class='ocrx_word' id='word_1_719' title='bbox 1538 1599 1597 1630; x_wconf 87' lang='lat' dir='ltr'><strong>Dei,</strong></span> <span class='ocrx_word' id='word_1_720' title='bbox 1623 1606 1712 1633; x_wconf 74' lang='lat' dir='ltr'><strong>neque</strong></span> <span class='ocrx_word' id='word_1_721' title='bbox 1733 1598 1830 1626; x_wconf 86' lang='lat' dir='ltr'><strong>eccle-</strong></span> 
     </span>
    </p>
   </div>
   <div class='ocr_carea' id='block_1_98' title="bbox 1039 1645 1828 1680">
    <p class='ocr_par' dir='ltr' id='par_1_98' title="bbox 1039 1645 1828 1680">
     <span class='ocr_line' id='line_1_98' title="bbox 1039 1645 1828 1680; baseline -0.005 -4"><span class='ocrx_word' id='word_1_722' title='bbox 1039 1649 1105 1676; x_wconf 88' lang='lat' dir='ltr'><strong>siam</strong></span> <span class='ocrx_word' id='word_1_723' title='bbox 1121 1649 1152 1676; x_wconf 88' lang='lat' dir='ltr'><strong>ad</strong></span> <span class='ocrx_word' id='word_1_724' title='bbox 1169 1648 1330 1676; x_wconf 89' lang='lat' dir='ltr'><strong>audiendum</strong></span> <span class='ocrx_word' id='word_1_725' title='bbox 1352 1648 1465 1675; x_wconf 84' lang='lat' dir='ltr'><strong>verbum</strong></span> <span class='ocrx_word' id='word_1_726' title='bbox 1481 1646 1527 1673; x_wconf 90' lang='lat' dir='ltr'><strong>Dei</strong></span> <span class='ocrx_word' id='word_1_727' title='bbox 1553 1645 1709 1680; x_wconf 79' lang='lat' dir='ltr'><strong>frequenter</strong></span> <span class='ocrx_word' id='word_1_728' title='bbox 1730 1645 1828 1679; x_wconf 81' lang='lat' dir='ltr'><strong>ingre-</strong></span> 
     </span>
    </p>
   </div>
   <div class='ocr_carea' id='block_1_99' title="bbox 1039 1691 1831 1727">
    <p class='ocr_par' dir='ltr' id='par_1_99' title="bbox 1039 1691 1831 1727">
     <span class='ocr_line' id='line_1_99' title="bbox 1039 1691 1831 1727; baseline -0.004 -5"><span class='ocrx_word' id='word_1_729' title='bbox 1039 1696 1108 1727; x_wconf 84' lang='lat' dir='ltr'><strong>diar,</strong></span> <span class='ocrx_word' id='word_1_730' title='bbox 1133 1695 1204 1722; x_wconf 88' lang='lat' dir='ltr'><strong>sicut</strong></span> <span class='ocrx_word' id='word_1_731' title='bbox 1226 1694 1368 1722; x_wconf 84' lang='lat' dir='ltr'><strong>nonnullos</strong></span> <span class='ocrx_word' id='word_1_732' title='bbox 1399 1694 1425 1720; x_wconf 90' lang='lat' dir='ltr'><strong>in</strong></span> <span class='ocrx_word' id='word_1_733' title='bbox 1451 1693 1528 1720; x_wconf 90' lang='lat' dir='ltr'><strong>vobis</strong></span> <span class='ocrx_word' id='word_1_734' title='bbox 1551 1692 1639 1725; x_wconf 87' lang='lat' dir='ltr'><strong>video,</strong></span> <span class='ocrx_word' id='word_1_735' title='bbox 1659 1691 1703 1726; x_wconf 88' lang='lat' dir='ltr'><strong>qui</strong></span> <span class='ocrx_word' id='word_1_736' title='bbox 1729 1691 1831 1719; x_wconf 84' lang='lat' dir='ltr'><strong>diebus</strong></span> 
     </span>
    </p>
   </div>
   <div class='ocr_carea' id='block_1_100' title="bbox 1040 1737 1832 1771">
    <p class='ocr_par' dir='ltr' id='par_1_100' title="bbox 1040 1737 1832 1771">
     <span class='ocr_line' id='line_1_100' title="bbox 1040 1737 1832 1771; baseline -0.008 -3"><span class='ocrx_word' id='word_1_737' title='bbox 1040 1741 1227 1768; x_wconf 82' lang='lat' dir='ltr'><strong>tantummodo</strong></span> <span class='ocrx_word' id='word_1_738' title='bbox 1242 1739 1411 1768; x_wconf 85' lang='lat' dir='ltr'><strong>solemnibus</strong></span> <span class='ocrx_word' id='word_1_739' title='bbox 1427 1740 1460 1765; x_wconf 85' lang='lat' dir='ltr'><strong>ad</strong></span> <span class='ocrx_word' id='word_1_740' title='bbox 1475 1737 1616 1765; x_wconf 81' lang='lat' dir='ltr'><strong>ecclesiam</strong></span> <span class='ocrx_word' id='word_1_741' title='bbox 1633 1737 1763 1769; x_wconf 90' lang='lat' dir='ltr'><strong>veniunt,</strong></span> <span class='ocrx_word' id='word_1_742' title='bbox 1780 1737 1832 1771; x_wconf 83' lang='lat' dir='ltr'><strong>qui</strong></span> 
     </span>
    </p>
   </div>
   <div class='ocr_carea' id='block_1_101' title="bbox 1040 1782 1828 1821">
    <p class='ocr_par' dir='ltr' id='par_1_101' title="bbox 1040 1782 1828 1821">
     <span class='ocr_line' id='line_1_101' title="bbox 1040 1782 1828 1821; baseline -0.008 -7"><span class='ocrx_word' id='word_1_743' title='bbox 1040 1786 1227 1821; x_wconf 87' lang='lat' dir='ltr'><strong>hujuscemodi</strong></span> <span class='ocrx_word' id='word_1_744' title='bbox 1261 1790 1349 1818; x_wconf 89' lang='lat' dir='ltr'><strong>sunt,</strong></span> <span class='ocrx_word' id='word_1_745' title='bbox 1385 1793 1438 1812; x_wconf 90' lang='lat' dir='ltr'><strong>non</strong></span> <span class='ocrx_word' id='word_1_746' title='bbox 1471 1784 1595 1814; x_wconf 78' lang='lat' dir='ltr'><strong>habitant</strong></span> <span class='ocrx_word' id='word_1_747' title='bbox 1618 1782 1687 1817; x_wconf 85' lang='lat' dir='ltr'><strong>apud</strong></span> <span class='ocrx_word' id='word_1_748' title='bbox 1714 1787 1828 1816; x_wconf 88' lang='lat' dir='ltr'><strong>puteum</strong></span> 
     </span>
    </p>
   </div>
   <div class='ocr_carea' id='block_1_102' title="bbox 1039 1829 1828 1867">
    <p class='ocr_par' dir='ltr' id='par_1_102' title="bbox 1039 1829 1828 1867">
     <span class='ocr_line' id='line_1_102' title="bbox 1039 1829 1828 1867; baseline -0.006 -7"><span class='ocrx_word' id='word_1_749' title='bbox 1039 1833 1163 1861; x_wconf 88' lang='lat' dir='ltr'><strong>visionis.</strong></span> <span class='ocrx_word' id='word_1_750' title='bbox 1176 1833 1233 1867; x_wconf 87' lang='lat' dir='ltr'><strong>Ego</strong></span> <span class='ocrx_word' id='word_1_751' title='bbox 1253 1837 1343 1859; x_wconf 89' lang='lat' dir='ltr'><strong>autem</strong></span> <span class='ocrx_word' id='word_1_752' title='bbox 1356 1839 1452 1859; x_wconf 91' lang='lat' dir='ltr'><strong>vereor</strong></span> <span class='ocrx_word' id='word_1_753' title='bbox 1471 1838 1504 1857; x_wconf 90' lang='lat' dir='ltr'><strong>ne</strong></span> <span class='ocrx_word' id='word_1_754' title='bbox 1518 1829 1589 1857; x_wconf 83' lang='lat' dir='ltr'><strong>forte</strong></span> <span class='ocrx_word' id='word_1_755' title='bbox 1610 1829 1655 1863; x_wconf 89' lang='lat' dir='ltr'><strong>qui</strong></span> <span class='ocrx_word' id='word_1_756' title='bbox 1683 1829 1719 1855; x_wconf 88' lang='lat' dir='ltr'><strong>ita</strong></span> <span class='ocrx_word' id='word_1_757' title='bbox 1738 1829 1828 1863; x_wconf 79' lang='lat' dir='ltr'><strong>negli-</strong></span> 
     </span>
    </p>
   </div>
   <div class='ocr_carea' id='block_1_103' title="bbox 1040 1875 1828 1914">
    <p class='ocr_par' dir='ltr' id='par_1_103' title="bbox 1040 1875 1828 1914">
     <span class='ocr_line' id='line_1_103' title="bbox 1040 1875 1828 1914; baseline -0.009 -7"><span class='ocrx_word' id='word_1_758' title='bbox 1040 1884 1135 1914; x_wconf 83' lang='lat' dir='ltr'><strong>gentes</strong></span> <span class='ocrx_word' id='word_1_759' title='bbox 1150 1882 1222 1911; x_wconf 87' lang='lat' dir='ltr'><strong>sunt,</strong></span> <span class='ocrx_word' id='word_1_760' title='bbox 1236 1878 1316 1905; x_wconf 90' lang='lat' dir='ltr'><strong>etiam</strong></span> <span class='ocrx_word' id='word_1_761' title='bbox 1333 1885 1394 1905; x_wconf 92' lang='lat' dir='ltr'><strong>cum</strong></span> <span class='ocrx_word' id='word_1_762' title='bbox 1411 1877 1443 1904; x_wconf 85' lang='lat' dir='ltr'><strong>ad</strong></span> <span class='ocrx_word' id='word_1_763' title='bbox 1463 1876 1608 1905; x_wconf 87' lang='lat' dir='ltr'><strong>ecclesiam</strong></span> <span class='ocrx_word' id='word_1_764' title='bbox 1631 1875 1757 1906; x_wconf 89' lang='lat' dir='ltr'><strong>veniunt,</strong></span> <span class='ocrx_word' id='word_1_765' title='bbox 1773 1881 1828 1901; x_wconf 92' lang='lat' dir='ltr'><strong>non</strong></span> 
     </span>
    </p>
   </div>
   <div class='ocr_carea' id='block_1_104' title="bbox 1040 1921 1830 1959">
    <p class='ocr_par' dir='ltr' id='par_1_104' title="bbox 1040 1921 1830 1959">
     <span class='ocr_line' id='line_1_104' title="bbox 1040 1921 1830 1959; baseline -0.008 -7"><span class='ocrx_word' id='word_1_766' title='bbox 1040 1926 1133 1952; x_wconf 90' lang='lat' dir='ltr'><strong>bibant</strong></span> <span class='ocrx_word' id='word_1_767' title='bbox 1146 1925 1179 1952; x_wconf 89' lang='lat' dir='ltr'><strong>de</strong></span> <span class='ocrx_word' id='word_1_768' title='bbox 1195 1930 1276 1959; x_wconf 87' lang='lat' dir='ltr'><strong>puteo</strong></span> <span class='ocrx_word' id='word_1_769' title='bbox 1295 1924 1367 1956; x_wconf 62' lang='lat' dir='ltr'><strong>vitaz,</strong></span> <span class='ocrx_word' id='word_1_770' title='bbox 1389 1931 1438 1950; x_wconf 90' lang='lat' dir='ltr'><strong>nec</strong></span> <span class='ocrx_word' id='word_1_771' title='bbox 1459 1921 1624 1953; x_wconf 81' lang='lat' dir='ltr'><strong>reﬁciantur,</strong></span> <span class='ocrx_word' id='word_1_772' title='bbox 1647 1921 1694 1948; x_wconf 91' lang='lat' dir='ltr'><strong>sed</strong></span> <span class='ocrx_word' id='word_1_773' title='bbox 1708 1927 1830 1954; x_wconf 83' lang='lat' dir='ltr'><strong>occupa-</strong></span> 
     </span>
    </p>
   </div>
   <div class='ocr_carea' id='block_1_105' title="bbox 1041 1966 1831 2003">
    <p class='ocr_par' dir='ltr' id='par_1_105' title="bbox 1041 1966 1831 2003">
     <span class='ocr_line' id='line_1_105' title="bbox 1041 1966 1831 2003; baseline -0.006 -5"><span class='ocrx_word' id='word_1_774' title='bbox 1041 1971 1159 1998; x_wconf 88' lang='lat' dir='ltr'><strong>tionibus</strong></span> <span class='ocrx_word' id='word_1_775' title='bbox 1184 1974 1280 1998; x_wconf 85' lang='lat' dir='ltr'><strong>vacent</strong></span> <span class='ocrx_word' id='word_1_776' title='bbox 1303 1969 1393 1997; x_wconf 89' lang='lat' dir='ltr'><strong>cordis</strong></span> <span class='ocrx_word' id='word_1_777' title='bbox 1413 1969 1454 1996; x_wconf 86' lang='lat' dir='ltr'><strong>sui</strong></span> <span class='ocrx_word' id='word_1_778' title='bbox 1479 1973 1507 1996; x_wconf 88' lang='lat' dir='ltr'><strong>et</strong></span> <span class='ocrx_word' id='word_1_779' title='bbox 1529 1966 1742 2003; x_wconf 82' lang='lat' dir='ltr'><strong>cogitationibus</strong></span> <span class='ocrx_word' id='word_1_780' title='bbox 1757 1972 1831 1999; x_wconf 86' lang='lat' dir='ltr'><strong>quas</strong></span> 
     </span>
    </p>
   </div>
   <div class='ocr_carea' id='block_1_106' title="bbox 1040 2013 1831 2050">
    <p class='ocr_par' dir='ltr' id='par_1_106' title="bbox 1040 2013 1831 2050">
     <span class='ocr_line' id='line_1_106' title="bbox 1040 2013 1831 2050; baseline -0.006 -5"><span class='ocrx_word' id='word_1_781' title='bbox 1040 2026 1131 2046; x_wconf 87' lang='lat' dir='ltr'><strong>secum</strong></span> <span class='ocrx_word' id='word_1_782' title='bbox 1148 2018 1283 2050; x_wconf 81' lang='lat' dir='ltr'><strong>deferunt,</strong></span> <span class='ocrx_word' id='word_1_783' title='bbox 1304 2022 1333 2044; x_wconf 84' lang='lat' dir='ltr'><strong>et</strong></span> <span class='ocrx_word' id='word_1_784' title='bbox 1353 2017 1494 2044; x_wconf 88' lang='lat' dir='ltr'><strong>discedant</strong></span> <span class='ocrx_word' id='word_1_785' title='bbox 1508 2015 1685 2043; x_wconf 91' lang='lat' dir='ltr'><strong>nihilominus</strong></span> <span class='ocrx_word' id='word_1_786' title='bbox 1700 2015 1734 2041; x_wconf 88' lang='lat' dir='ltr'><strong>ab</strong></span> <span class='ocrx_word' id='word_1_787' title='bbox 1749 2013 1831 2041; x_wconf 91' lang='lat' dir='ltr'><strong>Scri-</strong></span> 
     </span>
    </p>
   </div>
   <div class='ocr_carea' id='block_1_107' title="bbox 1043 2061 1832 2099">
    <p class='ocr_par' dir='ltr' id='par_1_107' title="bbox 1043 2061 1832 2099">
     <span class='ocr_line' id='line_1_107' title="bbox 1043 2061 1832 2099; baseline -0.006 -9"><span class='ocrx_word' id='word_1_788' title='bbox 1043 2069 1187 2099; x_wconf 86' lang='lat' dir='ltr'><strong>pturarum</strong></span> <span class='ocrx_word' id='word_1_789' title='bbox 1210 2064 1300 2096; x_wconf 87' lang='lat' dir='ltr'><strong>puteis</strong></span> <span class='ocrx_word' id='word_1_790' title='bbox 1317 2063 1453 2091; x_wconf 87' lang='lat' dir='ltr'><strong>sitientes.</strong></span> <span class='ocrx_word' id='word_1_791' title='bbox 1475 2061 1614 2089; x_wconf 81' lang='lat' dir='ltr'><strong>Festinate</strong></span> <span class='ocrx_word' id='word_1_792' title='bbox 1639 2067 1704 2095; x_wconf 85' lang='lat' dir='ltr'><strong>ergo</strong></span> <span class='ocrx_word' id='word_1_793' title='bbox 1727 2066 1789 2092; x_wconf 90' lang='lat' dir='ltr'><strong>vos,</strong></span> <span class='ocrx_word' id='word_1_794' title='bbox 1803 2063 1832 2086; x_wconf 90' lang='lat' dir='ltr'><strong>ct</strong></span> 
     </span>
    </p>
   </div>
   <div class='ocr_carea' id='block_1_108' title="bbox 1041 2104 1832 2143">
    <p class='ocr_par' dir='ltr' id='par_1_108' title="bbox 1041 2104 1832 2143">
     <span class='ocr_line' id='line_1_108' title="bbox 1041 2104 1832 2143; baseline -0.006 -8"><span class='ocrx_word' id='word_1_795' title='bbox 1041 2109 1108 2136; x_wconf 79' lang='lat' dir='ltr'><strong>satis</strong></span> <span class='ocrx_word' id='word_1_796' title='bbox 1136 2109 1231 2143; x_wconf 79' lang='lat' dir='ltr'><strong>agite,</strong></span> <span class='ocrx_word' id='word_1_797' title='bbox 1263 2112 1290 2134; x_wconf 89' lang='lat' dir='ltr'><strong>ut</strong></span> <span class='ocrx_word' id='word_1_798' title='bbox 1320 2108 1373 2135; x_wconf 88' lang='lat' dir='ltr'><strong>ista</strong></span> <span class='ocrx_word' id='word_1_799' title='bbox 1398 2107 1431 2134; x_wconf 90' lang='lat' dir='ltr'><strong>ad</strong></span> <span class='ocrx_word' id='word_1_800' title='bbox 1456 2114 1506 2134; x_wconf 92' lang='lat' dir='ltr'><strong>vos</strong></span> <span class='ocrx_word' id='word_1_801' title='bbox 1537 2105 1642 2133; x_wconf 89' lang='lat' dir='ltr'><strong>Domini</strong></span> <span class='ocrx_word' id='word_1_802' title='bbox 1671 2104 1832 2132; x_wconf 85' lang='lat' dir='ltr'><strong>benedictio</strong></span> 
     </span>
    </p>
   </div>
   <div class='ocr_carea' id='block_1_109' title="bbox 1044 2148 1830 2187">
    <p class='ocr_par' dir='ltr' id='par_1_109' title="bbox 1044 2148 1830 2187">
     <span class='ocr_line' id='line_1_109' title="bbox 1044 2148 1830 2187; baseline -0.005 -9"><span class='ocrx_word' id='word_1_803' title='bbox 1044 2154 1144 2185; x_wconf 85' lang='lat' dir='ltr'><strong>veniat,</strong></span> <span class='ocrx_word' id='word_1_804' title='bbox 1157 2160 1208 2186; x_wconf 85' lang='lat' dir='ltr'><strong>qua</strong></span> <span class='ocrx_word' id='word_1_805' title='bbox 1224 2152 1294 2186; x_wconf 89' lang='lat' dir='ltr'><strong>apud</strong></span> <span class='ocrx_word' id='word_1_806' title='bbox 1307 2157 1416 2187; x_wconf 90' lang='lat' dir='ltr'><strong>puteum</strong></span> <span class='ocrx_word' id='word_1_807' title='bbox 1428 2151 1542 2178; x_wconf 88' lang='lat' dir='ltr'><strong>visionis</strong></span> <span class='ocrx_word' id='word_1_808' title='bbox 1560 2150 1684 2177; x_wconf 87' lang='lat' dir='ltr'><strong>habitare</strong></span> <span class='ocrx_word' id='word_1_809' title='bbox 1703 2148 1830 2183; x_wconf 88' lang='lat' dir='ltr'><strong>possitis,</strong></span> 
     </span>
    </p>
   </div>
   <div class='ocr_carea' id='block_1_110' title="bbox 1041 2194 1833 2234">
    <p class='ocr_par' dir='ltr' id='par_1_110' title="bbox 1041 2194 1833 2234">
     <span class='ocr_line' id='line_1_110' title="bbox 1041 2194 1833 2234; baseline -0.008 -8"><span class='ocrx_word' id='word_1_810' title='bbox 1041 2203 1070 2226; x_wconf 88' lang='lat' dir='ltr'><strong>ut</strong></span> <span class='ocrx_word' id='word_1_811' title='bbox 1104 2199 1209 2234; x_wconf 74' lang='lat' dir='ltr'><strong>aperiat</strong></span> <span class='ocrx_word' id='word_1_812' title='bbox 1233 2198 1361 2225; x_wconf 87' lang='lat' dir='ltr'><strong>Dominus</strong></span> <span class='ocrx_word' id='word_1_813' title='bbox 1389 2197 1484 2224; x_wconf 86' lang='lat' dir='ltr'><strong>oculos</strong></span> <span class='ocrx_word' id='word_1_814' title='bbox 1511 2200 1636 2227; x_wconf 88' lang='lat' dir='ltr'><strong>vestros,</strong></span> <span class='ocrx_word' id='word_1_815' title='bbox 1662 2199 1689 2222; x_wconf 88' lang='lat' dir='ltr'><strong>et</strong></span> <span class='ocrx_word' id='word_1_816' title='bbox 1713 2194 1833 2221; x_wconf 82' lang='lat' dir='ltr'><strong>videatis</strong></span> 
     </span>
    </p>
   </div>
   <div class='ocr_carea' id='block_1_111' title="bbox 1041 2239 1831 2280">
    <p class='ocr_par' dir='ltr' id='par_1_111' title="bbox 1041 2239 1831 2280">
     <span class='ocr_line' id='line_1_111' title="bbox 1041 2239 1831 2280; baseline -0.006 -10"><span class='ocrx_word' id='word_1_817' title='bbox 1041 2249 1149 2280; x_wconf 88' lang='lat' dir='ltr'><strong>puteum</strong></span> <span class='ocrx_word' id='word_1_818' title='bbox 1163 2244 1286 2276; x_wconf 84' lang='lat' dir='ltr'><strong>visionis,</strong></span> <span class='ocrx_word' id='word_1_819' title='bbox 1304 2247 1331 2270; x_wconf 90' lang='lat' dir='ltr'><strong>et</strong></span> <span class='ocrx_word' id='word_1_820' title='bbox 1347 2242 1503 2278; x_wconf 86' lang='lat' dir='ltr'><strong>percipiatis</strong></span> <span class='ocrx_word' id='word_1_821' title='bbox 1513 2249 1546 2269; x_wconf 82' lang='lat' dir='ltr'><strong>ex</strong></span> <span class='ocrx_word' id='word_1_822' title='bbox 1567 2248 1599 2268; x_wconf 94' lang='lat' dir='ltr'><strong>co</strong></span> <span class='ocrx_word' id='word_1_823' title='bbox 1616 2247 1712 2274; x_wconf 85' lang='lat' dir='ltr'><strong>aquam</strong></span> <span class='ocrx_word' id='word_1_824' title='bbox 1726 2239 1831 2271; x_wconf 89' lang='lat' dir='ltr'><strong>vivam,</strong></span> 
     </span>
    </p>
   </div>
   <div class='ocr_carea' id='block_1_112' title="bbox 1041 2286 1833 2325">
    <p class='ocr_par' dir='ltr' id='par_1_112' title="bbox 1041 2286 1833 2325">
     <span class='ocr_line' id='line_1_112' title="bbox 1041 2286 1833 2325; baseline -0.008 -8"><span class='ocrx_word' id='word_1_825' title='bbox 1041 2298 1102 2325; x_wconf 76' lang='lat' dir='ltr'><strong>quze</strong></span> <span class='ocrx_word' id='word_1_826' title='bbox 1116 2290 1162 2317; x_wconf 85' lang='lat' dir='ltr'><strong>iiat</strong></span> <span class='ocrx_word' id='word_1_827' title='bbox 1176 2290 1201 2317; x_wconf 90' lang='lat' dir='ltr'><strong>in</strong></span> <span class='ocrx_word' id='word_1_828' title='bbox 1215 2289 1290 2316; x_wconf 90' lang='lat' dir='ltr'><strong>vobis</strong></span> <span class='ocrx_word' id='word_1_829' title='bbox 1302 2289 1361 2316; x_wconf 88' lang='lat' dir='ltr'><strong>l&#39;uns</strong></span> <span class='ocrx_word' id='word_1_830' title='bbox 1375 2296 1452 2323; x_wconf 83' lang='lat' dir='ltr'><strong>aqua:</strong></span> <span class='ocrx_word' id='word_1_831' title='bbox 1473 2287 1594 2315; x_wconf 85' lang='lat' dir='ltr'><strong>salientis</strong></span> <span class='ocrx_word' id='word_1_832' title='bbox 1609 2287 1635 2314; x_wconf 95' lang='lat' dir='ltr'><strong>in</strong></span> <span class='ocrx_word' id='word_1_833' title='bbox 1653 2286 1735 2313; x_wconf 89' lang='lat' dir='ltr'><strong>vitam</strong></span> <span class='ocrx_word' id='word_1_834' title='bbox 1748 2291 1833 2312; x_wconf 72' lang='lat' dir='ltr'><strong>teter-</strong></span> 
     </span>
    </p>
   </div>
   <div class='ocr_carea' id='block_1_113' title="bbox 1042 2332 1833 2369">
    <p class='ocr_par' dir='ltr' id='par_1_113' title="bbox 1042 2332 1833 2369">
     <span class='ocr_line' id='line_1_113' title="bbox 1042 2332 1833 2369; baseline -0.006 -7"><span class='ocrx_word' id='word_1_835' title='bbox 1042 2344 1105 2362; x_wconf 87' lang='lat' dir='ltr'><strong>nam</strong></span> <span class='ocrx_word' id='word_1_836' title='bbox 1122 2336 1156 2361; x_wconf 70' lang='grc' dir='ltr'><strong>δι.</strong></span> <span class='ocrx_word' id='word_1_837' title='bbox 1181 2335 1282 2369; x_wconf 88' lang='lat' dir='ltr'><strong>Siquis</strong></span> <span class='ocrx_word' id='word_1_838' title='bbox 1309 2339 1399 2361; x_wconf 86' lang='lat' dir='ltr'><strong>autem</strong></span> <span class='ocrx_word' id='word_1_839' title='bbox 1418 2341 1480 2360; x_wconf 87' lang='lat' dir='ltr'><strong>raro</strong></span> <span class='ocrx_word' id='word_1_840' title='bbox 1509 2333 1542 2360; x_wconf 86' lang='lat' dir='ltr'><strong>ad</strong></span> <span class='ocrx_word' id='word_1_841' title='bbox 1564 2333 1707 2360; x_wconf 88' lang='lat' dir='ltr'><strong>ecclesiam</strong></span> <span class='ocrx_word' id='word_1_842' title='bbox 1728 2332 1833 2367; x_wconf 66' lang='lat' dir='ltr'><strong>veniat,</strong></span> 
     </span>
    </p>
   </div>
   <div class='ocr_carea' id='block_1_114' title="bbox 1043 2379 1834 2415">
    <p class='ocr_par' dir='ltr' id='par_1_114' title="bbox 1043 2379 1834 2415">
     <span class='ocr_line' id='line_1_114' title="bbox 1043 2379 1834 2415; baseline -0.004 -8"><span class='ocrx_word' id='word_1_843' title='bbox 1043 2388 1106 2407; x_wconf 90' lang='lat' dir='ltr'><strong>raro</strong></span> <span class='ocrx_word' id='word_1_844' title='bbox 1128 2380 1161 2408; x_wconf 90' lang='lat' dir='ltr'><strong>de</strong></span> <span class='ocrx_word' id='word_1_845' title='bbox 1182 2380 1386 2415; x_wconf 87' lang='lat' dir='ltr'><strong>Scripturarum</strong></span> <span class='ocrx_word' id='word_1_846' title='bbox 1415 2379 1536 2406; x_wconf 81' lang='lat' dir='ltr'><strong>fontibus</strong></span> <span class='ocrx_word' id='word_1_847' title='bbox 1557 2379 1664 2406; x_wconf 85' lang='lat' dir='ltr'><strong>hauriat</strong></span> <span class='ocrx_word' id='word_1_848' title='bbox 1678 2398 1685 2410; x_wconf 97' lang='lat'><strong>,</strong></span> <span class='ocrx_word' id='word_1_849' title='bbox 1719 2383 1746 2405; x_wconf 85' lang='lat' dir='ltr'><strong>et</strong></span> <span class='ocrx_word' id='word_1_850' title='bbox 1771 2385 1834 2412; x_wconf 71' lang='lat' dir='ltr'><strong>qua:</strong></span> 
     </span>
    </p>
   </div>
   <div class='ocr_carea' id='block_1_115' title="bbox 1042 2423 1834 2459">
    <p class='ocr_par' dir='ltr' id='par_1_115' title="bbox 1042 2423 1834 2459">
     <span class='ocr_line' id='line_1_115' title="bbox 1042 2423 1834 2459; baseline -0.005 -6"><span class='ocrx_word' id='word_1_851' title='bbox 1042 2427 1128 2459; x_wconf 90' lang='lat' dir='ltr'><strong>audit,</strong></span> <span class='ocrx_word' id='word_1_852' title='bbox 1143 2427 1273 2454; x_wconf 92' lang='lat' dir='ltr'><strong>continuo</strong></span> <span class='ocrx_word' id='word_1_853' title='bbox 1285 2426 1430 2453; x_wconf 87' lang='lat' dir='ltr'><strong>discedens</strong></span> <span class='ocrx_word' id='word_1_854' title='bbox 1440 2445 1448 2457; x_wconf 97' lang='lat'><strong>,</strong></span> <span class='ocrx_word' id='word_1_855' title='bbox 1468 2429 1495 2452; x_wconf 92' lang='lat' dir='ltr'><strong>et</strong></span> <span class='ocrx_word' id='word_1_856' title='bbox 1509 2424 1569 2451; x_wconf 88' lang='lat' dir='ltr'><strong>aliis</strong></span> <span class='ocrx_word' id='word_1_857' title='bbox 1584 2423 1700 2459; x_wconf 84' lang='lat' dir='ltr'><strong>negotiis</strong></span> <span class='ocrx_word' id='word_1_858' title='bbox 1713 2430 1834 2458; x_wconf 86' lang='lat' dir='ltr'><strong>occupa-</strong></span> 
     </span>
    </p>
   </div>
   <div class='ocr_carea' id='block_1_116' title="bbox 1043 2469 1832 2506">
    <p class='ocr_par' dir='ltr' id='par_1_116' title="bbox 1043 2469 1832 2506">
     <span class='ocr_line' id='line_1_116' title="bbox 1043 2469 1832 2506; baseline -0.006 -6"><span class='ocrx_word' id='word_1_859' title='bbox 1043 2477 1084 2500; x_wconf 83' lang='lat' dir='ltr'><strong>tus</strong></span> <span class='ocrx_word' id='word_1_860' title='bbox 1099 2473 1218 2506; x_wconf 87' lang='lat' dir='ltr'><strong>omittat,</strong></span> <span class='ocrx_word' id='word_1_861' title='bbox 1233 2472 1276 2500; x_wconf 94' lang='lat' dir='ltr'><strong>hie</strong></span> <span class='ocrx_word' id='word_1_862' title='bbox 1300 2479 1353 2499; x_wconf 89' lang='lat' dir='ltr'><strong>non</strong></span> <span class='ocrx_word' id='word_1_863' title='bbox 1372 2471 1480 2499; x_wconf 92' lang='lat' dir='ltr'><strong>habitat</strong></span> <span class='ocrx_word' id='word_1_864' title='bbox 1496 2471 1566 2505; x_wconf 88' lang='lat' dir='ltr'><strong>apud</strong></span> <span class='ocrx_word' id='word_1_865' title='bbox 1581 2474 1691 2504; x_wconf 86' lang='lat' dir='ltr'><strong>puteum</strong></span> <span class='ocrx_word' id='word_1_866' title='bbox 1707 2469 1832 2496; x_wconf 88' lang='lat' dir='ltr'><strong>visionis.</strong></span> 
     </span>
    </p>
   </div>
   <div class='ocr_carea' id='block_1_117' title="bbox 1043 2515 1832 2551">
    <p class='ocr_par' dir='ltr' id='par_1_117' title="bbox 1043 2515 1832 2551">
     <span class='ocr_line' id='line_1_117' title="bbox 1043 2515 1832 2551; baseline -0.008 -5"><span class='ocrx_word' id='word_1_867' title='bbox 1043 2517 1089 2546; x_wconf 87' lang='lat' dir='ltr'><strong>Vis</strong></span> <span class='ocrx_word' id='word_1_868' title='bbox 1102 2519 1149 2545; x_wconf 89' lang='lat' dir='ltr'><strong>tibi</strong></span> <span class='ocrx_word' id='word_1_869' title='bbox 1163 2517 1302 2545; x_wconf 87' lang='lat' dir='ltr'><strong>ostendant</strong></span> <span class='ocrx_word' id='word_1_870' title='bbox 1319 2517 1380 2551; x_wconf 89' lang='lat' dir='ltr'><strong>quis</strong></span> <span class='ocrx_word' id='word_1_871' title='bbox 1395 2522 1445 2548; x_wconf 86' lang='lat' dir='ltr'><strong>est,</strong></span> <span class='ocrx_word' id='word_1_872' title='bbox 1469 2516 1516 2551; x_wconf 93' lang='lat' dir='ltr'><strong>qui</strong></span> <span class='ocrx_word' id='word_1_873' title='bbox 1537 2523 1674 2551; x_wconf 90' lang='lat' dir='ltr'><strong>nunquam</strong></span> <span class='ocrx_word' id='word_1_874' title='bbox 1698 2515 1801 2541; x_wconf 86' lang='lat' dir='ltr'><strong>recedit</strong></span> <span class='ocrx_word' id='word_1_875' title='bbox 1818 2521 1832 2540; x_wconf 91' lang='lat' dir='ltr'><strong>a</strong></span> 
     </span>
    </p>
   </div>
   <div class='ocr_carea' id='block_1_118' title="bbox 1042 2559 1834 2599">
    <p class='ocr_par' dir='ltr' id='par_1_118' title="bbox 1042 2559 1834 2599">
     <span class='ocr_line' id='line_1_118' title="bbox 1042 2559 1834 2599; baseline -0.009 -8"><span class='ocrx_word' id='word_1_876' title='bbox 1042 2569 1124 2599; x_wconf 90' lang='lat' dir='ltr'><strong>puteo</strong></span> <span class='ocrx_word' id='word_1_877' title='bbox 1139 2563 1275 2590; x_wconf 84' lang='lat' dir='ltr'><strong>visionis?</strong></span> <span class='ocrx_word' id='word_1_878' title='bbox 1295 2561 1442 2597; x_wconf 85' lang='lat' dir='ltr'><strong>Apostolus</strong></span> <span class='ocrx_word' id='word_1_879' title='bbox 1463 2561 1575 2594; x_wconf 88' lang='lat' dir='ltr'><strong>Paulus,</strong></span> <span class='ocrx_word' id='word_1_880' title='bbox 1599 2560 1644 2595; x_wconf 90' lang='lat' dir='ltr'><strong>qui</strong></span> <span class='ocrx_word' id='word_1_881' title='bbox 1663 2559 1772 2586; x_wconf 87' lang='lat' dir='ltr'><strong>dicebat</strong></span> <span class='ocrx_word' id='word_1_882' title='bbox 1788 2559 1811 2574; x_wconf 81' lang='lat'><strong><em>“</em></strong></span> <span class='ocrx_word' id='word_1_883' title='bbox 1827 2566 1834 2584; x_wconf 87' lang='lat'><strong>:</strong></span> 
     </span>
    </p>
   </div>
   <div class='ocr_carea' id='block_1_119' title="bbox 1646 2615 1835 2650">
    <p class='ocr_par' dir='ltr' id='par_1_119' title="bbox 1646 2615 1835 2650">
     <span class='ocr_line' id='line_1_119' title="bbox 1646 2615 1835 2650; baseline -0.005 -6"><span class='ocrx_word' id='word_1_884' title='bbox 1646 2617 1669 2633; x_wconf 83' lang='lat'><strong>&quot;</strong></span> <span class='ocrx_word' id='word_1_885' title='bbox 1684 2615 1835 2650; x_wconf 82' lang='lat' dir='ltr'><strong>lPetr.&#39;tt,</strong></span> 
     </span>
    </p>
   </div>
   <div class='ocr_carea' id='block_1_120' title="bbox 1081 2717 1835 2759">
    <p class='ocr_par' dir='ltr' id='par_1_120' title="bbox 1081 2717 1835 2759">
     <span class='ocr_line' id='line_1_120' title="bbox 1081 2717 1835 2759; baseline -0.008 -10"><span class='ocrx_word' id='word_1_886' title='bbox 1081 2723 1137 2759; x_wconf 72' lang='lat'><strong>(&#39;18)</strong></span> <span class='ocrx_word' id='word_1_887' title='bbox 1169 2723 1214 2750; x_wconf 85' lang='lat' dir='ltr'><strong>Sic</strong></span> <span class='ocrx_word' id='word_1_888' title='bbox 1244 2730 1309 2759; x_wconf 79' lang='lat' dir='ltr'><strong>mss.</strong></span> <span class='ocrx_word' id='word_1_889' title='bbox 1331 2721 1415 2749; x_wconf 81' lang='lat' dir='ltr'><strong>Alias.</strong></span> <span class='ocrx_word' id='word_1_890' title='bbox 1446 2717 1732 2755; x_wconf 74' lang='lat' dir='ltr'><strong>depreltcndas....t&#39;n</strong></span> <span class='ocrx_word' id='word_1_891' title='bbox 1760 2717 1835 2744; x_wconf 73' lang='lat' dir='ltr'><strong>aliud</strong></span> 
     </span>
    </p>
   </div>
   <div class='ocr_carea' id='block_1_121' title="bbox 1047 2758 1800 2793">
    <p class='ocr_par' dir='ltr' id='par_1_121' title="bbox 1047 2758 1800 2793">
     <span class='ocr_line' id='line_1_121' title="bbox 1047 2758 1800 2793; baseline 0 -9"><span class='ocrx_word' id='word_1_892' title='bbox 1047 2764 1146 2788; x_wconf 66' lang='lat' dir='ltr'><strong>tempus</strong></span> <span class='ocrx_word' id='word_1_893' title='bbox 1171 2758 1406 2793; x_wconf 72' lang='lat' dir='ltr'><strong>prwtei&#39;ntittcntes.</strong></span> <span class='ocrx_word' id='word_1_894' title='bbox 1552 2790 1557 2793; x_wconf 96' lang='lat'>_</span> <span class='ocrx_word' id='word_1_895' title='bbox 1606 2791 1620 2793; x_wconf 79' lang='lat'><em>_</em></span> <span class='ocrx_word' id='word_1_896' title='bbox 1654 2788 1659 2793; x_wconf 87' lang='lat'><strong>_</strong></span> <span class='ocrx_word' id='word_1_897' title='bbox 1725 2789 1731 2793; x_wconf 93' lang='lat'><em>_</em></span> <span class='ocrx_word' id='word_1_898' title='bbox 1784 2787 1800 2793; x_wconf 56' lang='grc' dir='ltr'>η</span> 
     </span>
    </p>
   </div>
   <div class='ocr_carea' id='block_1_122' title="bbox 1083 2785 1835 2827">
    <p class='ocr_par' dir='ltr' id='par_1_122' title="bbox 1083 2785 1835 2827">
     <span class='ocr_line' id='line_1_122' title="bbox 1083 2785 1835 2827; baseline -0.009 -7"><span class='ocrx_word' id='word_1_899' title='bbox 1083 2785 1154 2827; x_wconf 65' lang='grc' dir='ltr'><strong>(Ἧι)</strong></span> <span class='ocrx_word' id='word_1_900' title='bbox 1171 2785 1270 2822; x_wconf 68' lang='grc' dir='ltr'><strong>ἈΙίςιδ,</strong></span> <span class='ocrx_word' id='word_1_901' title='bbox 1299 2791 1402 2818; x_wconf 81' lang='lat' dir='ltr'><strong>assideo</strong></span> <span class='ocrx_word' id='word_1_902' title='bbox 1436 2795 1521 2818; x_wconf 80' lang='lat' dir='ltr'><strong>tamen</strong></span> <span class='ocrx_word' id='word_1_903' title='bbox 1550 2790 1576 2817; x_wconf 88' lang='lat' dir='ltr'><strong>in</strong></span> <span class='ocrx_word' id='word_1_904' title='bbox 1602 2788 1755 2823; x_wconf 72' lang='lat' dir='ltr'><strong>Scripturia.</strong></span> <span class='ocrx_word' id='word_1_905' title='bbox 1784 2785 1835 2814; x_wconf 79' lang='lat' dir='ltr'><strong>Sed</strong></span> 
     </span>
    </p>
   </div>
   <div class='ocr_carea' id='block_1_123' title="bbox 1051 2827 1412 2856">
    <p class='ocr_par' dir='ltr' id='par_1_123' title="bbox 1051 2827 1412 2856">
     <span class='ocr_line' id='line_1_123' title="bbox 1051 2827 1412 2856; baseline -0.006 -1"><span class='ocrx_word' id='word_1_906' title='bbox 1051 2837 1115 2856; x_wconf 73' lang='lat' dir='ltr'><strong>lllSS.</strong></span> <span class='ocrx_word' id='word_1_907' title='bbox 1134 2835 1162 2854; x_wconf 90' lang='grc' dir='ltr'><strong>ιιι</strong></span> <span class='ocrx_word' id='word_1_908' title='bbox 1178 2827 1203 2853; x_wconf 87' lang='lat' dir='ltr'><strong>lll</strong></span> <span class='ocrx_word' id='word_1_909' title='bbox 1220 2831 1313 2854; x_wconf 74' lang='lat' dir='ltr'><strong>&quot;Obll‘O</strong></span> <span class='ocrx_word' id='word_1_910' title='bbox 1330 2831 1412 2853; x_wconf 74' lang='grc' dir='ltr'>ιυιιιιι.</span> 
     </span>
    </p>
   </div>
  </div>
