1900 3060
59 93 100 121 925
660 94 691 121 IN
710 94 859 122 CENESIM
879 93 1020 121 IIOMILIA
1042 93 1097 120 XII.

1621 96 1674 122 9‘26

59 151 105 178 Nos
128 157 217 178 autent
242 159 335 179 omnes
361 151 474 179 relevata
499 152 567 186 facie
593 152 705 187 gloriam
730 153 834 180 Domim
850 158 873 186 Α
890 153 960 179 Abiit
981 152 1272 186 Rebeccainterrogarc
1285 152 1319 178 ad
1341 151 1493 178 Dominum.
1510 151 1592 178 Abiit.
1616 152 1676 185 Quo

57 196 219 230 maculantur.
259 197 294 223 Et
322 202 349 224 tu
372 203 437 231 ergo
471 197 494 223 si
518 204 628 231 semper
652 197 835 232 pcrscruteris

56 241 219 276 propheticas
237 242 369 274 visiones.
397 242 421 269 si
442 249 549 275 semper
572 242 712 276 inquiras,
728 249 836 276 semper

56 288 149 314 discere
168 288 278 322 cupias,
292 288 351 315 haec
380 288 537 320 mediteris,
559 288 586 315 in
609 288 642 316 iis
663 296 834 323 permaneas,

55 333 160 368 percipis
176 339 204 360 et
226 338 253 360 tu
270 333 491 362 benedictionem
512 341 526 361 a
542 334 665 366 Domino,
682 338 708 360 et
724 333 834 361 habitas

54 380 115 412 apud
126 385 237 413 puteum
250 380 372 407 visionis.
389 380 422 407 Et
435 379 483 407 tibi
498 380 569 407 enim
585 380 728 415 apparebit
745 380 835 406 Domi-

54 433 96 452 nus
108 424 185 452 Jesus
201 426 227 452 in
243 425 286 452 via
301 446 309 458 ,
325 430 353 453 et
364 426 469 461 aperiet
481 426 527 453 tibi
545 426 712 460 Scripturas,
742 426 779 453 ita
805 431 835 453 ut

53 472 120 498 dicas
143 471 165 486 ⁸³
181 479 187 497 :
203 471 300 498 Nonne
320 480 366 498 cor
380 478 500 499 nostrum
519 473 613 499 ardens
636 477 692 499 erat
707 472 733 498 in
749 473 833 506 nobis,

52 526 103 544 tum
116 518 229 551 aperiret
246 519 320 545 nobis
338 519 515 553 Scripturas?
529 519 645 554 Apparet
671 523 761 546 autem
779 519 832 552 his,

51 564 91 598 qui
107 564 139 590 de
153 564 213 597 ipso
225 565 365 598 cogitant,
381 569 409 591 et
424 565 450 591 in
467 565 526 600 ipso
550 565 728 596 meditantur,
751 568 833 598 atque

51 610 72 635 in
88 610 144 644 lege
160 610 219 644 ejus
248 611 293 638 die
310 618 341 637 ac
361 616 440 638 nocte
450 615 608 638 versantur.
628 610 681 645 Ipsi
705 610 790 645 gloria
806 614 834 638 et

50 656 187 690 imperiuttt
203 656 229 684 in
246 657 346 684 sarcula
360 656 534 684 smculorum.
548 657 644 684 Amen.

330 724 468 752 HOMILIA
489 725 547 753 XII.

202 782 240 809 De
255 787 380 816 conceptu
401 781 522 810 Rebecca!
543 787 568 809 et
582 787 672 817 partu.

886 199 972 226 abiit?
985 198 1023 225 Ex
1039 206 1071 226 eo
1091 199 1150 226 loco
1175 197 1201 224 iu
1221 206 1274 232 quo
1297 206 1349 225 non
1366 202 1425 224 erat
1442 198 1571 225 Dominus
1584 218 1591 230 ,
1609 198 1674 225 abiit

885 246 918 271 ad
936 253 997 271 entu
1014 246 1101 271 locum
1117 245 1142 270 in
1157 252 1212 279 quo
1227 245 1306 271 erat?
1320 245 1376 271 Iloc
1391 244 1462 271 enim
1482 244 1589 271 videtur
1604 244 1675 270 indi—

885 297 948 317 care
972 298 1032 317 cum
1062 290 1163 318 dicitur
1193 299 1199 317 :
1234 291 1303 317 Abiit
1334 291 1496 324 interrogare
1523 289 1675 317 Dominum.

885 335 980 362 Nonne
1009 335 1108 370 ubique
1139 341 1181 363 est
1213 336 1307 364 Deus?
1337 336 1430 363 Nonne
1459 335 1515 370 ipse
1536 335 1606 362 dixit
1627 334 1676 362 ‘°:

885 381 985 408 Cwlum
1007 386 1031 408 et
1054 387 1152 408 terram
1167 383 1254 416 repleo
1265 402 1271 414 ,
1289 382 1351 408 dicit
1367 382 1492 408 Dominus
1505 381 1518 408 .9
1536 380 1594 414 Quo
1610 387 1676 415 ergo

885 427 952 454 abiit
965 427 1108 454 Rebecca?
1122 427 1178 462 Ego
1193 431 1257 462 puto
1271 429 1341 462 quod
1354 435 1406 454 nou
1424 427 1457 454 de
1470 427 1529 454 loco
1541 428 1574 454 ad
1586 426 1675 453 locum

885 471 993 503 abierit,
1010 471 1056 498 sed
1075 472 1107 498 de
1119 472 1174 498 vita
1188 472 1220 498 ad
1238 473 1332 505 vitam,
1355 472 1389 499 de
1404 478 1465 498 actu
1481 471 1515 499 ad
1528 475 1628 504 actttm,
1643 471 1677 499 de

885 517 964 545 bonis
981 518 1013 544 ad
1036 518 1148 544 meliora
1167 518 1315 548 transierit,
1341 517 1374 544 de
1389 517 1500 544 utilibus
1515 517 1547 544 ad
1567 518 1676 545 utiliora

885 564 1048 598 porrexerit,
1075 564 1108 590 de
1132 564 1236 591 sanctis
1259 565 1292 591 ad
1314 565 1453 591 sanctiora
1475 563 1675 598 properaverit.

884 609 1039 635 Absurdum
1068 616 1186 643 namque
1206 614 1251 636 est
1266 609 1288 635 si
1310 609 1348 635 ita
1373 613 1499 643 putemus
1523 608 1676 643 imperitam

884 654 966 681 fuisse
976 654 1130 681 Rebeccatu
1143 659 1169 682 et
1182 655 1331 686 indoctam,
1343 662 1404 689 qua:
1415 655 1442 681 in
1455 655 1535 682 domo
1546 656 1677 690 sapientis

883 700 1001 727 Abrahae
1015 702 1065 728 sub
1075 701 1135 728 viro
1147 701 1334 730 eruditissimo
1347 700 1421 728 Isaae
1435 702 1524 728 fuerat
1537 701 1676 735 instituta,

885 752 914 773 ut
932 747 1003 774 intra
1025 747 1143 782 aliquem
1168 747 1256 774 locutn
1286 747 1429 774 Dominum
1453 748 1591 782 putaverit
1616 755 1676 775 esse

886 793 1054 825 conclusum,
1070 798 1097 819 ct
1114 793 1178 820 illuc
1193 793 1245 820 iret
1266 793 1447 828 interrogare,
1470 793 1534 828 quid
1548 793 1675 828 parvulo-

80 838 104 865 I.
126 837 179 866 Per
204 839 325 874 singulas
351 847 474 874 quasque
494 839 626 867 lectiones
645 848 705 867 cum
736 840 835 874 legitur
851 841 872 868 Β
888 846 945 866 r-um
959 839 1031 866 intra
1048 843 1154 866 uterum
1170 839 1316 866 exsultatio
1335 839 1500 874 designaret.
1519 837 1565 866 Vis
1584 844 1674 865 autctn

46 884 157 920 Moyses,
173 886 296 912 orandus
306 890 348 912 est
366 885 445 914 nobis
463 885 547 912 Pater
565 885 658 917 Verbi,
673 891 703 913 ut
722 886 834 920 impleat

45 932 122 957 etiam
152 932 178 958 in
210 931 289 958 nobis
320 931 394 964 illud,
420 932 491 966 quod
518 931 545 958 in
572 931 677 967 psalmo
700 932 832 966 scriptum

43 983 82 1005 cst
96 977 118 993 ⁵⁸
137 986 144 1005 :
164 977 259 1005 Revela
274 978 364 1005 oculos
377 986 457 1009 nteos,
473 983 497 1005 et
512 979 684 1005 considerabo
698 978 832 1005 mirabilia

43 1026 72 1051 de
87 1025 140 1060 lege
156 1030 216 1051 tua.
233 1024 290 1052 Nisi
303 1025 375 1052 enim
395 1025 452 1060 ipse
469 1025 575 1060 aperiat
597 1025 691 1053 oculos
713 1030 830 1057 nostros,

43 1071 176 1104 quomodo
193 1069 289 1096 videre
304 1070 455 1104 poterimus
477 1074 551 1098 tanta
567 1070 642 1104 haec,
669 1078 729 1105 quae
743 1071 769 1098 in
784 1078 833 1105 pa-

44 1115 167 1142 triarchis
178 1119 350 1142 sacramenta
363 1114 523 1147 formantur,
537 1124 596 1151 qua:
611 1124 682 1143 uuue
693 1117 718 1143 iu
732 1117 830 1151 puteis,

42 1168 110 1188 nunc
139 1160 168 1187 in
200 1160 314 1194 nuptiis,
342 1168 413 1188 nunc
440 1161 467 1188 in
496 1162 735 1196 parturitionibus,
761 1170 831 1189 nunc

41 1206 119 1233 etiam
145 1206 173 1233 in
191 1206 388 1234 sterilitatibus
408 1207 571 1242 ﬁgurantur.
592 1207 685 1235 Refert
714 1215 831 1242 namque

42 1260 164 1286 pra-setis
186 1252 271 1280 lectio
297 1252 330 1284 ⁸⁸,
345 1253 416 1287 quod
442 1253 522 1280 Isaac
552 1254 651 1287 rogavit
673 1252 755 1280 Deum
781 1261 829 1287 pro

40 1296 153 1325 Rebecca
178 1306 338 1337 uxoresua,
364 1299 426 1334 quia
447 1299 546 1326 sterilis
562 1303 634 1333 erat,
652 1306 676 1327 et
697 1301 829 1327 exaudivit

40 1344 108 1370 illum
122 1343 208 1374 Deus,
223 1349 248 1371 et
262 1345 392 1379 concepit,
405 1349 429 1371 et
444 1345 623 1378 exsultabant,
640 1345 739 1380 inquit,
756 1346 830 1381 pueri

39 1391 62 1416 in
73 1396 147 1417 utero
163 1391 233 1422 eius.
249 1389 341 1417 Primo
356 1390 476 1417 omnium
490 1391 607 1423 intuere,
621 1391 685 1426 quid
701 1392 772 1418 istud
787 1396 829 1419 est

39 1436 105 1469 quod
130 1435 260 1470 plurima:
279 1441 436 1464 sanctarum
463 1437 607 1464 mulierum
627 1438 654 1464 in
679 1437 828 1472 Seripturis

37 1481 142 1509 steriles
160 1481 247 1508 fuisse
264 1482 430 1513 referuntur,
455 1483 526 1509 sicut
547 1482 604 1518 ipsa
621 1482 700 1515 Sara,
717 1490 780 1510 ecce
801 1487 828 1510 et

37 1535 106 1555 nunc
120 1528 260 1555 Rebecca.
275 1527 328 1555 Sed
344 1532 371 1554 et
390 1527 491 1555 Rachel
513 1527 610 1555 dilecta
631 1518 712 1556 rsrael
725 1528 829 1556 sterilis

36 1574 92 1601 luit.
110 1574 190 1601 Anna
203 1581 313 1608 quoque
330 1579 418 1601 mater
440 1574 577 1601 Samuelis
588 1595 596 1606 ,
611 1575 712 1602 sterilis
729 1575 829 1602 scribi-

37 1624 87 1646 tur.
107 1620 164 1648 Sed
184 1620 252 1647 etiu
270 1619 423 1654 Evangeliis
450 1620 590 1648 Elisabeth
619 1620 720 1648 sterilis
744 1619 829 1649 fuisse

38 1671 218 1693 memoratur.
234 1665 263 1692 In
277 1665 405 1698 omnibus
417 1670 508 1692 autem
521 1666 580 1693 istis
591 1673 659 1692 unus
673 1665 718 1692 hic
735 1665 828 1694 titulus

37 1713 202 1748 designatur,
217 1712 288 1746 quod
309 1716 369 1746 post
388 1711 564 1739 sterilitatem
587 1716 711 1738 sanctum
732 1719 828 1739 omnes

36 1758 171 1785 ediderint
188 1762 308 1792 partum.
337 1757 385 1785 Sic
408 1764 474 1793 ergo
495 1761 522 1784 et
540 1758 596 1785 lucc
617 1764 689 1784 nunc
702 1757 827 1786 Rebecca

34 1803 135 1830 sterilis
159 1802 247 1830 fuisse
261 1802 364 1830 dicitur
381 1811 388 1829 :
403 1803 450 1830 sed
474 1803 570 1834 oravit,
601 1803 701 1837 inquit,
728 1803 826 1837 Isaac,

34 1857 79 1883 pro
92 1856 124 1876 ea
142 1848 308 1882 Dominum,
324 1854 348 1876 et
362 1848 496 1876 exaudivit
515 1849 590 1876 illum
610 1855 633 1876 et
647 1850 776 1884 concepit,
800 1854 825 1877 et

34 1896 201 1923 exsultabant
213 1897 289 1929 pueri
314 1896 343 1923 in
363 1901 437 1923 utero
459 1896 526 1931 ejus.
558 1895 666 1924 Stcrilis
690 1897 748 1924 hate
762 1904 827 1925 ecec

34 1942 92 1974 quid
118 1941 260 1975 concepit.
284 1941 346 1968 Filii
364 1941 466 1969 sterilis
495 1945 641 1976 antequam
667 1948 825 1976 nascantur,

33 1986 182 2018 exsultant,
196 1991 225 2013 et
243 1993 304 2020 qua:
319 1986 512 2020 desperaverat
535 1986 669 2019 sobolem,
688 1992 784 2022 gentes
798 1992 826 2015 et

34 2032 146 2065 populos
170 2035 261 2066 gestat
291 2031 318 2057 itt
353 2035 438 2058 utero.
469 2031 515 2059 Sic
542 2031 614 2059 enim
639 2032 824 2065 dicitztibiit,

34 2076 117 2110 inquit
135 2076 171 2107 “,
191 2075 306 2103 Rebecca
319 2077 486 2111 interrogare
505 2077 663 2111 Dominum,
675 2083 700 2105 et
720 2079 784 2105 dixit
801 2079 825 2106 ei

31 2121 162 2149 Dominus
179 2130 189 2148 :
207 2121 272 2148 Duo:
295 2127 382 2156 gentes
404 2123 433 2149 in
458 2128 533 2150 utero
552 2127 598 2150 tuo
627 2129 701 2156 sunt,
722 2129 745 2150 et
771 2126 824 2151 duo

31 2167 116 2198 populi
136 2167 170 2193 de
188 2171 276 2194 ventre
291 2172 336 2194 tuo
358 2169 561 2201 separabantur.
592 2169 715 2205 Longum
738 2175 779 2198 est
801 2171 822 2198 si

31 2213 146 2240 velimus
165 2221 240 2240 nunc
265 2213 474 2241 exsultationem
501 2222 646 2250 puerorum
682 2217 770 2244 adhuc
796 2217 822 2244 in

30 2257 78 2292 92
102 2264 185 2286 utero
211 2259 392 2287 habitantium
410 2261 588 2295 perscrutari.
608 2261 729 2297 Longum
745 2267 785 2290 est
801 2262 822 2289 si

31 2303 59 2330 de
83 2304 128 2331 IIIS
148 2304 393 2338 interpretationes
420 2311 448 2332 ct
470 2305 613 2340 aenigmata
640 2314 701 2341 qua:
726 2307 823 2335 scribit

31 2350 175 2384 Apostolus
201 2349 371 2385 proferamus
383 2370 390 2383 ,
405 2351 469 2385 quid
487 2353 629 2387 mysterii,
653 2353 718 2388 qttid
733 2361 823 2381 causa:

31 2396 202 2428 contineant,
229 2404 298 2429 cur,
320 2401 466 2431 antequam
489 2404 638 2425 nascantur
662 2399 750 2433 ptteri,
776 2404 823 2426 aut

29 2440 129 2476 aliquid
146 2442 174 2469 in
201 2441 253 2469 hoc
266 2443 365 2469 stcculo
383 2448 464 2478 agant
481 2443 543 2470 boui
563 2443 605 2470 vel
622 2444 704 2477 mali,
721 2445 822 2471 dicitur

29 2487 58 2514 de
72 2488 116 2515 his
127 2488 162 2521 ",
182 2488 248 2522 quia
261 2489 375 2522 populus
388 2489 513 2523 populum
532 2490 676 2523 superabit,
690 2495 715 2516 et
735 2490 821 2524 major

29 2535 119 2562 territt
135 2534 252 2566 minori;
270 2543 336 2568 cur,
350 2541 496 2570 antequam
509 2535 542 2562 de
563 2536 656 2563 matris
670 2541 746 2563 utero
758 2544 821 2570 pro-

29 2580 169 2611 cederent,
200 2580 303 2607 dicitur
329 2588 376 2614 per
401 2581 560 2615 prophetam
576 2581 608 2614 ⁸⁵,
641 2581 703 2615 quia
733 2580 819 2607 Iacob

27 2625 119 2658 dilui,
141 2625 219 2652 Esau
231 2630 319 2652 autem
334 2626 393 2652 odio
408 2626 498 2653 habui.
517 2626 579 2654 Ilaec
592 2634 674 2662 supra
695 2631 818 2654 nostram

28 2668 147 2704 linguam
160 2675 238 2702 sunt,
253 2675 281 2698 ct
293 2678 374 2705 supra
394 2671 517 2699 auditum
534 2677 666 2700 vestrum.

60 2715 87 2743 2.
105 2715 186 2744 Νυηο
199 2717 310 2744 interim
326 2717 466 2746 videantus
480 2718 544 2754 quid
561 2723 602 2746 est
617 2718 688 2754 quod
703 2719 820 2747 dicitur:

61 2775 83 2814 ξ’
107 2777 179 2814 Luc.
201 2786 279 2814 xx_tv,
311 2778 357 2805 52.
409 2778 432 2794 ⁸⁵
452 2778 523 2806 Psal.
549 2787 648 2814 cxvm,
674 2780 718 2807 IS.

32 2811 88 2846 1.2,
105 2813 133 2840 5.
165 2814 198 2856 ’⁸⁸
227 2812 283 2842 Jer.
315 2821 395 2848 xxtu,
421 2814 466 2841 25.
505 2815 528 2832 '°
555 2811 698 2848 ExodItn,
723 2816 750 2844 3.

775 2780 798 2796 "
817 2780 917 2808 Genes.
942 2788 1018 2813 xxv,_
1032 2780 1078 2807 21.

791 2816 813 2832 “
830 2815 938 2853 gGencs.
962 2823 1028 2850 xxv,
1050 2816 1096 2843 23.

888 883 990 914 videre.
1012 884 1075 918 quia
1097 891 1129 911 ex
1153 891 1228 911 more
1247 884 1321 911 venit
1339 884 1390 911 hoc
1407 884 1530 917 sanctis,
1554 888 1594 917 ut,
1612 892 1674 911 cum

888 930 990 965 aliquid
1006 938 1019 958 a
1039 930 1093 958 Deo
1106 930 1210 957 ostendi
1234 931 1285 957 sibi
1301 931 1436 964 viderint,
1458 930 1501 957 vel
1520 930 1596 957 abire
1608 951 1616 964 ,
1633 930 1676 958 vel

888 976 1005 1003 transire
1026 984 1056 1004 se
1083 976 1195 1003 dicant?
1224 976 1330 1011 Moyses
1351 983 1413 1004 cum
1443 977 1555 1004 vidisset
1577 977 1675 1004 rubum

887 1022 985 1050 ardere
1006 1027 1033 1050 et
1055 1030 1109 1050 non
1137 1023 1226 1054 exuri,
1254 1023 1406 1050 adtuiratns
1432 1023 1519 1049 visum
1548 1023 1614 1051 dixit
1627 1024 1674 1052 "z

888 1067 1041 1100 Transeam,
1060 1073 1083 1094 et
1100 1068 1190 1094 ridebo
1206 1069 1289 1094 visum
1300 1068 1361 1094 Itoc.
1380 1067 1438 1094 Non
1460 1068 1554 1102 utique
1572 1073 1599 1095 et
1616 1068 1675 1104 ipse

886 1114 1057 1149 significabat
1077 1121 1107 1141 se
1128 1114 1237 1149 aliquod
1256 1118 1335 1140 terra:
1351 1114 1468 1148 spatium
1484 1114 1673 1148 transiturum,

886 1168 940 1187 non
969 1166 1075 1188 montes
1103 1160 1309 1192 conscendere,
1330 1167 1381 1187 nec
1404 1160 1508 1195 digredi
1535 1166 1674 1196 pra:rupta

885 1206 1061 1233 convallium.
1086 1206 1175 1241 Prope
1194 1206 1280 1241 ipstttn
1300 1211 1359 1233 erat
1373 1205 1442 1233 visio
1456 1225 1463 1238 ,
1491 1206 1517 1233 itt
1534 1213 1582 1234 ore
1602 1211 1628 1234 et
1648 1208 1673 1233 itt

884 1251 971 1278 oculis
995 1251 1064 1285 eius.
1097 1251 1151 1279 Sed
1176 1252 1252 1284 dicit,
1278 1257 1422 1284 transeam,
1449 1257 1478 1278 ut
1496 1253 1623 1279 ostendat
1645 1259 1674 1279 se

884 1298 1080 1324 commouitum
1096 1297 1201 1325 visione
1219 1296 1325 1324 cmlesti
1347 1296 1380 1323 ad
1403 1297 1572 1331 superiorem
1590 1297 1672 1322 vitam

885 1342 987 1370 debere
1007 1343 1193 1370 conscendere
1208 1364 1215 1375 ,
1237 1343 1271 1369 ab
1302 1342 1345 1369 his
1367 1342 1394 1369 in
1419 1341 1518 1377 quibus
1546 1345 1617 1373 erat,
1639 1341 1674 1369 ad

884 1388 996 1415 meliora
1024 1389 1154 1416 transire.
1190 1387 1238 1415 Sic
1260 1396 1326 1420 ergo
1348 1392 1376 1415 et
1400 1395 1471 1416 nunc
1498 1388 1615 1415 refertur
1641 1388 1674 1416 de

883 1433 1007 1462 Rebecca
1018 1455 1025 1467 ,
1048 1435 1120 1469 quod
1136 1434 1203 1461 abiit
1224 1434 1394 1469 interrogare
1417 1433 1559 1460 Dominum
1576 1441 1584 1460 :
1601 1441 1672 1468 quas,

884 1485 913 1507 ut
927 1480 1056 1511 diximus,
1071 1479 1173 1507 abiisse
1189 1488 1241 1506 non
1255 1480 1381 1514 passibus
1399 1480 1511 1514 pedum,
1531 1480 1578 1507 sed
1594 1487 1673 1507 men-

882 1526 915 1552 tis
930 1525 1099 1560 profectibns
1119 1525 1303 1552 existimanda
1319 1531 1371 1554 est.
1388 1525 1420 1552 Et
1440 1530 1467 1552 tu
1482 1532 1558 1560 ergo,
1576 1525 1599 1552 si
1615 1531 1673 1553 cte-

880 1571 956 1606 peris
980 1571 1082 1598 intueri
1107 1579 1161 1598 non
1176 1579 1206 1598 ea
1224 1579 1284 1606 qua:
1301 1571 1439 1604 videntur,
1466 1572 1514 1598 sed
1540 1579 1600 1606 quae
1616 1579 1668 1598 non

881 1618 1017 1650 videntur,
1041 1617 1068 1645 id
1085 1622 1128 1645 est
1154 1626 1206 1645 non
1230 1617 1349 1645 carnalia
1362 1638 1369 1651 ,
1391 1617 1438 1644 sed
1453 1617 1601 1651 spiritalia,
1618 1625 1671 1645 non

880 1665 1036 1697 prtesentia,
1061 1665 1110 1691 sed
1136 1663 1239 1696 futura,
1255 1663 1358 1691 abiisse
1385 1663 1484 1690 diceris
1500 1663 1672 1698 interrogare

879 1709 1036 1738 Dominum.
1060 1709 1088 1737 Si
1106 1717 1189 1738 eruas
1207 1715 1232 1738 te
1249 1711 1282 1737 de
1297 1710 1507 1738 conversatione
1524 1710 1619 1741 veteri,
1643 1714 1670 1737 et

879 1764 894 1783 a
911 1757 1049 1784 consortio
1070 1764 1165 1784 eorum
1182 1764 1243 1784 cum
1263 1756 1364 1791 quibus
1381 1757 1496 1791 turpiter
1517 1761 1545 1784 et
1566 1757 1672 1784 notabi-

878 1801 940 1829 liter
962 1803 1082 1836 vixeras,
1110 1802 1234 1829 honestis
1249 1809 1314 1829 vero
1329 1806 1354 1829 te
1368 1810 1400 1829 ac
1415 1801 1551 1836 religiosis
1563 1801 1672 1829 actibus

878 1847 985 1880 seeics;
1010 1855 1071 1874 cttm
1094 1847 1245 1882 requisitos
1265 1847 1352 1874 fueris
1375 1847 1446 1874 inter
1462 1847 1569 1875 sodales
1585 1848 1671 1883 turpi-

879 1891 991 1925 tudinis,
1015 1896 1042 1918 et
1061 1891 1088 1918 itt
1102 1891 1222 1918 catervis
1238 1891 1382 1918 noxiorum
1398 1899 1571 1926 nequaquam
1587 1892 1671 1921 lucris

878 1942 1013 1972 repertus,
1039 1937 1146 1964 dicetur
1160 1942 1189 1964 et
1205 1937 1238 1964 de
1264 1941 1289 1964 te
1315 1937 1378 1971 quia
1405 1937 1475 1964 abiit
1499 1938 1670 1973 interrogare

877 1983 1031 2012 Dotninum.
1051 1983 1098 2011 Sic
1112 1983 1196 2019 igitur
1209 1984 1296 2010 sancti
1316 1991 1367 2011 non
1388 1984 1421 2011 tle
1443 1984 1502 2011 loco
1517 1984 1550 2011 ad
1568 1983 1668 2017 locant,

876 2030 924 2057 sed
939 2030 971 2057 de
985 2030 1042 2057 vita
1055 2029 1088 2056 ad
1101 2030 1194 2060 vitam.
1213 2029 1246 2057 de
1261 2029 1394 2058 institutis
1407 2030 1504 2065 primis
1518 2031 1620 2058 abeunt
1634 2032 1668 2058 ad

877 2074 1000 2101 instituta
1014 2075 1133 2109 potiora.

911 2120 939 2147 5.
962 2121 1034 2147 Dixit
1045 2127 1111 2155 ergo
1126 2122 1150 2148 ei
1169 2121 1299 2148 Dominus
1310 2120 1332 2136 ⁷¹
1351 2129 1358 2148 :
1371 2120 1438 2148 Duo:
1452 2126 1539 2156 gentes
1551 2122 1578 2149 in
1593 2127 1667 2150 utero

876 2171 921 2193 tuo
935 2173 1004 2200 sunt,
1023 2172 1046 2194 et
1067 2168 1120 2195 duo
1132 2167 1223 2202 populi
1239 2167 1272 2194 de
1288 2172 1376 2194 ventre
1388 2172 1434 2195 tuo
1447 2169 1665 2203 segregabuntur.

877 2212 910 2239 Ιιί
935 2213 1048 2247 populus
1073 2214 1201 2249 populant
1227 2214 1379 2248 superabit,
1411 2219 1435 2241 et
1462 2215 1550 2249 major
1575 2216 1665 2243 serviet

874 2259 979 2298 minori.
1007 2258 1146 2292 Quomodo
1166 2260 1280 2294 populus
1291 2259 1425 2294 populum
1441 2263 1621 2296 superaverit.
1639 2262 1666 2289 id

874 2308 916 2331 est
936 2303 1057 2332 Ecclesia
1080 2304 1262 2340 Synagogam,
1275 2311 1302 2332 et
1315 2307 1450 2340 quomodo
1465 2307 1550 2341 major
1565 2308 1667 2335 serviat

875 2350 992 2382 tninori,
1018 2351 1101 2378 etiam
1117 2351 1182 2386 ipsis
1203 2350 1304 2378 ludatis
1326 2351 1390 2378 licet
1415 2359 1467 2378 non
1491 2353 1665 2380 credentibus

875 2402 969 2425 notmu
992 2403 1044 2424 est.
1070 2397 1107 2424 De
1128 2397 1170 2424 his
1192 2405 1257 2432 ergo
1275 2405 1335 2432 quae
1352 2397 1440 2432 palam
1463 2403 1524 2426 sunt
1540 2403 1568 2425 et
1587 2399 1665 2426 valde

873 2444 1000 2470 omnibus
1018 2443 1097 2475 trita,
1123 2443 1215 2470 dicere
1239 2443 1408 2478 superﬂuum
1433 2450 1510 2479 pttto.
1526 2444 1611 2478 Illud,
1639 2448 1661 2474 si

874 2489 990 2524 placeat,
1015 2489 1156 2522 addamus,
1187 2489 1260 2524 quod
1284 2497 1504 2524 unumquemque
1528 2495 1662 2522 nostrum,

873 2535 919 2569 qui
940 2535 997 2562 hate
1016 2536 1110 2568 audit,
1130 2536 1268 2563 aediﬁcare
1292 2541 1319 2563 et
1337 2537 1473 2563 instruere
1494 2541 1584 2571 queat.
1607 2536 1663 2572 Ego

872 2586 938 2615 puto
957 2582 1029 2615 quod
1047 2586 1075 2608 et
1087 2581 1120 2608 de
1136 2582 1250 2616 singulis
1264 2582 1344 2609 nobis
1361 2583 1411 2609 hoe
1422 2581 1476 2609 dici
1489 2587 1588 2616 pote5t,
1599 2584 1662 2617 quia

873 2626 933 2654 duae
958 2632 1053 2662 gentes
1067 2633 1095 2654 et
1117 2628 1171 2655 duo
1192 2628 1283 2662 populi
1302 2628 1371 2654 intra
1390 2635 1440 2655 nos
1457 2633 1529 2656 sunt.
1546 2628 1614 2656 Nam
1635 2634 1661 2657 et

872 2671 1005 2699 virtutum
1020 2673 1135 2708 populus
1153 2673 1222 2700 intra
1241 2679 1290 2699 nos
1307 2676 1361 2704 est,
1374 2677 1402 2699 et
1416 2672 1543 2699 vitiorum
1561 2672 1662 2701 nihilo-

875 2720 965 2746 minus
986 2719 1100 2754 populus
1117 2719 1190 2745 intra
1204 2725 1253 2745 nos
1269 2724 1319 2745 est.
1336 2717 1375 2745 De
1388 2719 1466 2745 corde
1481 2719 1549 2746 enim
1567 2723 1662 2747 nostro

1128 2780 1150 2797 ⁵⁸
1177 2780 1241 2809 ibid.
1263 2780 1308 2809 25.
1360 2780 1383 2797 ⁸⁷
1409 2780 1475 2810 ibid.
1529 2781 1551 2798 "
1564 2780 1658 2811 Mal-ac.
