1900 3060
219 83 271 110 9.27

958 82 1038 111 ORlG
1044 82 1119 111 ENIS

1789 87 1844 115 238

219 143 362 177 procedunt
387 143 559 177 cogitationes
572 142 659 174 maliv,
675 143 820 175 adulteria,
837 143 921 178 furta,
932 143 1001 178 falsa
1017 145 1041 173 Α
1056 143 1113 170 nias
1129 143 1344 177 commovebunt,
1360 149 1388 171 et
1407 143 1535 179 incipient
1553 143 1656 179 replere
1669 149 1741 172 terra
1756 151 1846 173 suaet

222 189 418 221 testimonia",
434 189 498 221 doli,
519 189 722 220 contentiones,
735 189 864 222 hzcreses,
884 189 1002 221 invidiae,

219 235 439 267 comessationes.
454 240 481 262 et
497 235 538 261 his
554 234 665 262 similia.
691 234 772 262 Vides
786 239 906 270 quantus
920 234 1005 262 main-

219 288 278 308 rum
294 280 406 314 populus
420 280 488 307 intra
500 287 549 306 nos
564 280 627 307 est?
640 279 668 306 Si
685 288 748 307 vero
765 288 918 307 mereamur
931 279 1004 307 illam

217 332 310 352 vocem
340 325 430 351 dicere
458 329 552 351 sancto
580 324 693 358 Spiritui
716 324 739 340 ⁷³
756 333 763 351 :
779 325 799 351 A
825 325 918 351 timore
946 329 1003 357 tuo,

217 371 339 401 Domine,
352 371 379 397 in
392 373 465 396 utero
477 371 653 403 concepimus,
669 375 693 396 et
708 370 866 405 peperimus,
881 369 1003 403 spiritum

217 417 310 443 salutis
323 422 373 443 tum
385 416 495 450 fecimus
516 423 593 449 super
612 421 721 448 terram;
739 421 800 442 tunc
812 421 839 443 et
852 416 921 443 alius
933 415 1003 442 intra

216 469 266 488 nos
280 462 393 495 populus
410 462 550 489 invenitur
564 463 589 489 in
601 462 697 492 spiritu
712 467 868 496 generatus.
888 459 1004 488 Fructus

216 507 289 533 cuitu
305 507 413 540 spiritus
429 512 465 533 est
481 507 613 540 cltarilas,
629 507 774 542 gaudium,
788 515 852 542 pax,
865 507 1004 541 patientia,

215 552 363 583 humilitas.
384 553 570 585 mansuetudo,
596 553 769 583 continentia.
793 553 902 579 castitas
917 552 952 586 π,
976 556 1004 579 et

215 598 258 625 his
276 598 388 625 similia.
418 598 499 626 Vides
520 603 546 625 ct
572 598 652 625 alium
680 597 808 634 populum
838 597 883 631 qui
901 602 929 625 et
947 597 1004 631 ipse

216 644 285 670 intra
301 650 349 670 nos
361 648 402 671 est
420 653 426 670 :
441 645 488 670 sed
503 643 555 670 iste
568 644 657 672 minor
670 650 722 676 est,
746 644 792 671 ille
813 643 908 677 major.
926 643 1004 670 Sem-

215 697 263 723 per
289 690 362 717 enim
388 689 479 724 plures
505 693 569 717 sunt
597 690 659 717 mali
684 697 765 725 quam
786 689 870 722 boni,
893 693 921 717 et
937 689 1002 715 vitia

216 737 402 764 numerosiora
421 737 579 765 virtutibus.
604 738 657 764 Sed
673 738 695 764 si
714 737 783 764 tales
802 737 899 770 simus,
913 735 1001 770 qualis

215 783 337 810 nehccca
348 802 356 815 ,
369 787 395 810 et
410 790 564 811 mereamur
579 782 611 810 de
625 784 720 815 Isaac,
748 782 774 809 id
797 787 838 809 cst
865 782 898 809 de
921 782 1002 808 verbo

215 828 260 855 Dei
287 827 387 854 habere
413 831 590 861 conceptum,
619 828 702 854 etiam
729 827 755 854 in
786 827 864 854 nobis
890 826 1003 861 populus

214 874 340 909 populum
356 873 504 907 superabit.
520 877 548 900 et
560 873 647 907 major
658 873 760 900 serviet
772 871 869 899 minori
883 881 889 899 :
903 872 1001 899 serviet

213 920 315 946 etenim
336 927 400 946 caro
419 919 538 954 spiritui,
553 924 580 946 et
597 919 660 946 vitia
681 918 827 945 virtutibus
839 917 945 946 cedent.
967 916 1002 944 Et

214 965 313 999 impleti
328 969 400 998 sunt,
418 965 547 998 inquit",
563 965 618 991 dies
634 964 690 995 eius
706 969 733 990 ut
753 968 870 998 pareret,
888 968 911 990 et
926 969 1001 990 erant

212 1012 309 1045 gemini
333 1012 361 1038 in
382 1017 467 1038 ventre
487 1011 553 1045 ejus.
585 1010 635 1037 ilic
663 1017 765 1043 Sermo,
799 1010 824 1036 id
842 1014 882 1038 est
903 1009 1001 1044 impleti

212 1063 272 1085 sunt
294 1059 350 1084 dies
371 1058 428 1092 ejus
455 1062 482 1084 ut
496 1063 610 1092 pareret,
628 1065 769 1091 nunquam
800 1056 857 1085 fere
889 1057 939 1084 nisi
968 1058 1001 1084 de

211 1104 314 1132 sanctis
333 1103 492 1130 mulieribus
516 1102 655 1130 scribitur.
683 1102 720 1130 De
736 1102 787 1130 hac
803 1109 920 1136 namque
945 1101 1001 1129 Re-

211 1149 293 1177 becca
309 1149 408 1177 dictum
421 1153 464 1176 est
483 1149 534 1175 hoc
545 1167 552 1180 ,
568 1152 594 1175 et
608 1148 641 1175 de
654 1147 795 1175 Elisabeth
811 1151 897 1175 matre
917 1145 1002 1174 Joan-

212 1196 266 1227 nis,
288 1199 315 1222 el
338 1195 421 1222 Maria
445 1199 534 1221 matre
555 1193 661 1220 Domini
691 1194 776 1220 nostri
800 1192 863 1220 Jesu
887 1192 998 1220 Christi.

215 1241 289 1268 Unde
301 1240 365 1267 mihi
383 1234 627 1267 videtureximium
647 1238 748 1273 aliquid
762 1258 769 1271 ,
785 1243 812 1265 et
829 1244 926 1273 praeter
946 1246 1000 1266 cte-

213 1290 286 1313 leros
308 1285 435 1312 homines
457 1283 648 1319 hujuscemodi
674 1288 767 1318 partus
789 1284 945 1318 ostendere,
973 1288 1000 1311 et

211 1330 325 1365 repletio
344 1331 448 1357 dierum
470 1334 561 1357 ortum
586 1328 715 1364 perfecta:
739 1329 842 1356 sobolis
869 1329 998 1357 indicare.

246 1377 274 1403 4.
291 1375 362 1402 Exiit
372 1381 456 1402 autem
469 1376 552 1410 ﬁlius,
566 1375 657 1409 inquit
669 1375 701 1406 ⁷³,
715 1376 875 1410 primitivus,
890 1377 997 1409 rubens,

211 1427 235 1448 el
267 1426 338 1448 totus
369 1426 493 1455 tanquam
525 1420 599 1455 pellis
636 1420 764 1447 hirsutus.
798 1419 998 1455 Cognominavit

210 1473 298 1494 autem
324 1475 415 1494 nomen
437 1467 510 1493 illius
539 1466 622 1493 Esau.
655 1466 689 1494 Et
715 1471 806 1500 postea
826 1467 891 1494 exiit
915 1467 999 1501 frater

210 1514 279 1548 ejus,
304 1518 327 1540 et
348 1521 441 1540 manus
461 1514 517 1546 ejus
542 1513 656 1546 implexa
679 1517 735 1539 erat
758 1512 884 1540 calcaneo
910 1511 995 1546 Esau,

209 1566 232 1586 et
249 1559 385 1594 appellavit
405 1567 497 1585 nomen
515 1557 587 1585 illius
607 1557 702 1585 Jacob.
720 1557 815 1586 Refert
833 1558 866 1585 de
888 1559 929 1586 his
944 1559 996 1586 alia

210 1605 356 1639 scriptura,
381 1603 451 1638 quod
473 1603 559 1631 .lacob
579 1604 765 1638 supplantavit
785 1605 812 1632 in
829 1611 925 1633 ventre
941 1604 996 1632 fra-

211 1655 280 1678 trem
318 1657 417 1682 snum,
453 1654 481 1676 et
505 1650 584 1684 hujus
614 1649 652 1677 rei
690 1650 820 1677 indicium
850 1651 897 1683 sit,
926 1651 997 1685 quod

211 1702 307 1722 manus
322 1695 380 1730 ejus
398 1695 513 1729 implexa
529 1699 587 1721 erat
603 1695 734 1722 calcaneo
750 1694 844 1722 fratris
858 1694 898 1722 sui
917 1695 997 1722 Esau.

211 1741 263 1775 Qui
286 1741 358 1769 Esau
376 1741 409 1768 de
424 1745 501 1768 utero
523 1741 620 1768 matris
640 1749 695 1768 sua:
719 1740 855 1775 processit
875 1740 998 1768 hirsutus

211 1791 286 1815 totus
304 1793 430 1822 tanquam
447 1787 535 1822 pellis,
564 1785 649 1814 Jacob
676 1791 764 1813 autem
788 1786 856 1813 levis
882 1790 909 1813 et
933 1786 1000 1814 sim-

211 1835 284 1870 ples.
312 1833 389 1862 Unde
418 1838 446 1860 cl.
466 1832 552 1861 Jacob
577 1840 592 1860 a
613 1831 741 1860 luctando
757 1839 855 1859 nomen
894 1831 999 1867 accepit

211 1881 293 1918 (80).
323 1880 394 1908 Esau
417 1887 502 1912 vero,
528 1883 559 1905 ut
584 1878 660 1905 aiunt
683 1877 729 1912 qui
752 1876 862 1904 ilebrma
889 1876 998 1904 nomina

211 1926 433 1961 interpretantur,
469 1923 512 1952 vel
548 1931 563 1951 a
603 1923 724 1956 rubore,
760 1922 804 1950 vel
843 1930 858 1950 a
901 1929 997 1955 terra,

207 1972 262 2008 93
275 1972 301 1999 id
324 1976 366 2000 est
379 1971 486 2004 rubrus,
504 1970 545 1997 vel
568 1974 704 2001 terrenus,
721 1968 775 2002 vel,
791 1973 821 1996 ιιι
835 1968 895 1996 aliis
912 1969 998 1996 visum

209 2023 251 2045 est
264 2038 271 2050 ,
288 2017 392 2045 factura
410 2017 498 2044 dictus
513 2017 629 2043 videtur.
645 2016 746 2043 Verum
768 2022 829 2049 qua:
843 2015 896 2042 sint
921 2015 1000 2042 istius

209 2063 359 2090 nativitatis
375 2062 527 2098 privilegia,
540 2069 588 2089 cur
609 2066 699 2089 autem
722 2060 766 2088 ille
783 2060 1001 2095 supplantaverit

208 2109 330 2143 fratrem,
347 2113 373 2136 et
388 2109 456 2136 levis
479 2115 511 2135 ac
525 2107 639 2142 simplex
655 2111 732 2134 natus
746 2107 792 2140 sit,
813 2114 874 2134 cum
895 2107 999 2142 utique,

1055 190 1111 216 luto
1127 196 1222 224 puteos
1236 198 1321 219 meos.
1340 190 1407 218 Nam
1422 191 1515 226 utique
1534 191 1557 219 si
1584 191 1775 226 permitterent
1798 191 1842 217 isti

1053 234 1218 268 Philisthini,
1239 240 1266 262 et
1286 243 1336 270 ego
1357 236 1480 263 volebam
1498 236 1628 263 accedere
1648 235 1681 262 ad
1696 233 1841 261 Dominum

1055 281 1375 316 meumpatientissimum
1388 281 1491 314 .Iesum,
1503 281 1548 316 qui
1558 280 1732 315 dicit",quia
1745 288 1792 315 ego
1804 288 1834 307 ae

1053 328 1166 354 mentem
1176 328 1210 354 ad
1220 335 1323 354 menon
1339 327 1435 361 repello
1443 335 1452 354 :
1460 326 1583 354 volebam
1595 327 1738 358 accedere,
1750 332 1778 352 et
1788 325 1843 352 sie-

1054 377 1084 400 ut
1094 373 1221 401 dixerunt
1234 373 1259 400 ei
1271 372 1425 407 discipuli"
1440 372 1575 404 :Domine,
1592 372 1651 407 quis
1666 371 1843 406 peccavitJiic

1054 427 1088 446 an
1101 424 1221 453 parentes
1234 419 1303 454 ejus,
1314 423 1341 445 ut
1357 426 1441 446 caicus
1467 423 1619 445 nasceretur
1630 419 1643 446 ?
1658 417 1691 444 Et
1700 425 1750 453 ego
1769 417 1843 444 vole-

1054 462 1116 490 bam
1136 464 1306 498 interrogare
1322 471 1384 490 eum
1395 467 1422 490 el
1437 463 1528 491 dicere
1544 471 1551 490 :
1568 463 1692 495 Domine,
1710 462 1772 496 quis
1781 470 1846 495 pec-

1053 510 1134 543 cavit,
1148 510 1192 538 hic
1207 510 1329 544 Esau,an
1345 514 1471 544 parentes
1484 509 1591 544 ejus,ut
1606 509 1642 536 sit
1657 513 1728 536 totus
1748 509 1844 536 hirsu-

1055 558 1107 587 tus,
1116 560 1143 583 et
1150 556 1277 583 horridus
1284 559 1451 587 nasceretur,
1460 558 1486 582 ut
1498 555 1525 582 iu
1534 559 1611 582 utero
1622 554 1845 590 supplantaretur

1053 609 1067 628 a
1082 602 1189 629 fratre?
1203 601 1255 629 Sed
1272 602 1294 630 si
1309 601 1421 630 votuero
1437 600 1606 636 interrogare
1620 600 1653 627 de
1675 599 1718 627 his
1728 600 1842 627 verbum

1054 647 1149 680 Dei,ct
1162 647 1311 682 inquirere,
1326 648 1417 674 statim
1431 647 1496 674 mihi
1512 646 1572 675 lites
1587 645 1743 673 Philisthini
1753 651 1780 673 et
1795 653 1842 672 ca-

1053 693 1170 722 lumnias
1188 699 1305 721 movent.
1315 694 1347 720 Et
1365 694 1425 721 ideo
1434 700 1486 720 nos
1502 693 1686 728 relinquentes
1703 692 1776 720 hunc
1792 699 1843 726 pu-

1054 745 1125 768 teum
1139 745 1166 767 et
1182 744 1311 767 vocantes
1322 746 1384 766 eum
1397 737 1571 771 inimicitias.
1588 738 1670 764 alium
1692 737 1840 765 fodiamus.

1089 785 1116 814 5.
1140 785 1202 812 Post
1224 785 1291 817 lateo.
1311 784 1397 819 inquit
1409 783 1442 817 '°,
1460 783 1595 812 seminavit
1608 784 1687 810 Isaac
1701 783 1841 815 hordeum,

1053 837 1077 859 et
1092 832 1187 859 invenit
1197 830 1356 866 centuplum.
1365 830 1501 857 Benedizit
1513 835 1602 856 autem
1611 828 1685 856 illum
1699 828 1842 861 Dominus,

1053 881 1078 903 et
1093 875 1276 910 magniﬁcatus
1291 879 1328 902 est
1354 874 1430 901 homo
1453 879 1478 901 et
1500 881 1623 908 processu
1648 873 1735 908 major
1747 873 1842 907 ﬁebat,

1051 921 1221 957 quoadusque
1238 928 1348 955 ntagnus
1364 919 1450 954 [actus
1473 923 1511 947 est
1529 919 1615 946 valde.
1627 919 1695 953 Quid
1708 923 1747 946 est
1769 919 1841 953 quod

1051 966 1127 994 Isaac
1142 967 1273 994 hordeum
1283 964 1437 997 seminavit,
1452 970 1479 992 et
1496 971 1550 992 non
1565 963 1741 996 frumentum,
1758 964 1842 990 ethe-

1051 1012 1186 1040 ncdicitur
1198 1012 1224 1039 in
1238 1019 1271 1039 eo
1289 1011 1362 1046 quod
1376 1011 1506 1038 hordeum
1523 1010 1650 1042 seminat,
1669 1015 1696 1037 et
1715 1009 1842 1044 niaguiti-

1051 1062 1128 1086 catur
1149 1065 1290 1093 quousque
1312 1064 1425 1092 magnus
1449 1055 1518 1084 fiat?
1539 1057 1658 1091 Apparet
1674 1063 1756 1089 ergo,
1776 1055 1840 1090 quia

1051 1104 1172 1131 nondum
1196 1111 1311 1139 magnus
1334 1107 1394 1130 erat.
1408 1111 1415 1136 ;
1429 1101 1476 1130 sed
1491 1107 1667 1137 posteaquam
1694 1101 1842 1128 seminavit

1051 1149 1182 1177 hordeum
1199 1154 1227 1177 et
1242 1149 1351 1183 collegit
1362 1147 1527 1182 centuplum,
1547 1153 1612 1175 tunc
1626 1149 1712 1175 factus
1724 1151 1766 1175 est
1780 1155 1842 1174 ma-

1050 1203 1120 1230 gnus
1139 1194 1230 1222 valde.
1262 1194 1398 1222 Iiordeum
1419 1194 1602 1228 iumentorum
1627 1194 1745 1221 maxime
1764 1193 1843 1221 cibus

1050 1245 1101 1273 εει,
1124 1244 1172 1267 aut
1200 1247 1343 1268 servorum
1370 1239 1545 1267 rusticorum.
1575 1238 1622 1266 Est
1645 1239 1717 1266 enim
1735 1240 1844 1274 species

1051 1285 1183 1320 asperior,
1220 1288 1247 1312 et
1281 1291 1341 1320 qua:
1372 1283 1445 1312 velut
1480 1284 1650 1311 acuminibus
1677 1283 1841 1318 quibusdam

1049 1330 1254 1365 contingentem
1292 1329 1435 1357 Stimulare
1472 1329 1606 1357 videatur.
1639 1327 1716 1356 Isaac
1749 1335 1844 1356 sermo

1050 1375 1097 1402 Dei
1116 1380 1169 1408 est,
1203 1375 1249 1409 qui
1278 1382 1368 1402 sermo
1401 1375 1427 1402 in
1461 1374 1520 1410 iege
1548 1375 1679 1402 hordeum
1709 1375 1843 1408 seminat,

1050 1426 1078 1450 ct
1099 1422 1125 1450 in
1145 1420 1300 1457 Evangeliis
1319 1421 1450 1449 triticum.
1465 1420 1542 1448 Illum
1564 1421 1635 1448 enim
1658 1420 1749 1448 cibum
1777 1428 1845 1455 pcr-

1013 1479 1035 1511 ρ
1052 1466 1209 1496 rectioribus
1232 1472 1259 1495 et
1276 1466 1442 1502 spiritalibus
1454 1487 1462 1499 ,
1481 1466 1554 1494 hunc
1582 1465 1798 1500 imperitioribus
1815 1471 1845 1492 ct

1052 1514 1213 1542 animalibus
1230 1518 1327 1549 parat:
1344 1512 1405 1548 quia
1422 1513 1552 1547 Scriptum
1567 1517 1607 1540 est
1617 1513 1638 1528 ⁸¹
1652 1512 1799 1540 :Homines
1819 1519 1844 1539 et

1047 1560 1170 1594 jumeuta
1190 1558 1276 1585 salvos
1299 1558 1392 1592 facies,
1414 1556 1538 1585 Domine.
1568 1557 1644 1585 Isaac
1666 1565 1758 1585 sermo
1773 1558 1845 1592 legis

1052 1604 1183 1631 hordeum
1198 1603 1324 1635 seminat,
1334 1606 1361 1630 et
1380 1605 1471 1630 tamen
1487 1602 1514 1629 in
1533 1602 1590 1638 ipso
1610 1602 1713 1630 hordeo
1737 1603 1846 1630 invenit

1052 1651 1230 1678 centesimum
1246 1649 1374 1676 fructum.
1392 1648 1501 1676 invenis
1523 1649 1595 1676 enim
1606 1653 1633 1676 et
1649 1649 1675 1676 in
1691 1649 1750 1683 lege
1767 1657 1847 1676 mar-

1053 1701 1136 1733 tyrcs,
1148 1704 1263 1731 quorum
1276 1700 1319 1723 est
1330 1695 1494 1723 centesimus
1509 1695 1625 1724 fructus.
1636 1695 1688 1723 Sed
1705 1700 1733 1723 et
1746 1696 1836 1723 Domi-

1053 1749 1106 1769 nus
1117 1747 1209 1769 noster
1227 1741 1253 1768 in
1270 1741 1424 1776 Evangeliis
1447 1739 1533 1773 lsaac,
1550 1741 1712 1775 perfectiora
1725 1748 1847 1776 quisque

1053 1787 1194 1822 apostolis,
1207 1787 1293 1814 turbis
1309 1791 1398 1814 autem
1414 1786 1519 1822 plebeia
1534 1790 1560 1813 et
1575 1787 1730 1813 communia
1745 1787 1846 1822 loque-

1053 1834 1144 1862 batur.
1157 1832 1206 1860 Vis
1224 1837 1314 1860 autem
1332 1832 1435 1864 videre,
1447 1831 1519 1866 quod
1537 1831 1618 1858 etiam
1641 1831 1725 1866 ipsius
1746 1833 1845 1860 hordei

1053 1879 1129 1908 cibos
1144 1878 1334 1913 incipientibus
1345 1877 1490 1905 exhibuit?
1501 1876 1638 1913 Scriptum
1654 1882 1696 1905 est
1713 1878 1740 1905 in
1753 1878 1846 1906 Evan-

1053 1925 1157 1961 geliis“
1167 1946 1174 1957 ,
1183 1923 1255 1959 quod
1267 1923 1387 1951 secundo
1401 1923 1507 1958 paverit
1519 1922 1622 1950 turbas.
1636 1922 1689 1950 Sed
1702 1923 1763 1951 illos
1775 1932 1847 1958 quos

1053 1971 1142 2006 primo
1164 1970 1261 2005 pascit,
1278 1969 1304 1996 id
1326 1973 1368 1996 est
1387 1967 1547 2003 incipientes
1560 1988 1567 2001 ,
1581 1968 1741 1996 hordeaceis
1765 1971 1848 2004 pani—

1054 2016 1103 2043 bus
1130 2015 1228 2050 pascit.
1247 2014 1342 2041 l’ostea
1364 2019 1440 2045 vero,
1454 2019 1516 2040 cum
1539 2013 1596 2048 jam
1621 2013 1804 2048 profecissent
1818 2016 1846 2042 in

1054 2058 1137 2086 verbo
1153 2063 1180 2085 et
1194 2057 1328 2088 doctrina,
1352 2055 1472 2083 triticeos
1486 2056 1526 2084 eis
1546 2057 1692 2084 exhibebat
1714 2058 1845 2090 panes".

1055 2104 1108 2133 Sed
1122 2108 1184 2139 post
1203 2104 1255 2131 hoc
1272 2103 1414 2135 Dominus,
1439 2102 1538 2137 inquit,
1554 2102 1692 2129 benedixit
1708 2102 1798 2136 Isaac,
1817 2108 1849 2130 et

208 2155 280 2182 sicut
305 2155 371 2182 dicit
395 2153 539 2189 Apostolus
553 2154 588 2186 ⁷⁷,
608 2161 640 2180 ex
659 2160 713 2180 uno
729 2152 808 2179 fuerit
825 2151 899 2180 Isaac
921 2157 998 2188 patre
1016 2158 1038 2185 ι)
1055 2158 1170 2186 magnus
1183 2150 1270 2178 factus
1285 2154 1326 2177 est
1342 2149 1428 2176 valde.
1443 2147 1546 2175 Parvus
1559 2152 1618 2176 erat
1635 2148 1710 2175 lsaac
1726 2149 1753 2176 in
1773 2148 1846 2184 lege,

192 2199 301 2227 ‘nostro
329 2199 471 2234 utriusque
495 2198 540 2225 lilii
565 2202 726 2233 conceptus,
741 2197 784 2224 vel
804 2205 852 2225 cur
870 2197 914 2224 ille
927 2201 999 2226 lotus

209 2244 330 2272 hirsutus
343 2249 371 2271 et
398 2242 535 2274 horridus,
557 2246 595 2275 et,
618 2247 647 2270 ut
665 2243 701 2269 ita
721 2243 820 2276 dicam,
845 2242 949 2277 peccati
973 2245 999 2269 et

210 2290 336 2324 nequitiae
353 2289 479 2324 squalore
494 2288 676 2316 circumdatus
690 2308 697 2320 ,
714 2295 767 2315 n0n
783 2292 825 2315 est
838 2295 927 2315 meatu
943 2288 998 2316 dis-

208 2340 310 2362 cutere.
334 2334 363 2362 Si
393 2335 465 2362 enim
486 2333 598 2361 voluero
614 2334 639 2360 in
659 2334 741 2360 altum
760 2333 860 2366 fodere,
877 2337 905 2361 et
919 2341 997 2368 aqua:

207 2381 276 2409 viva:
288 2381 401 2409 latentes
419 2387 502 2408 venas
518 2381 624 2415 aperire
639 2380 767 2407 continuo
781 2379 897 2406 aderunt
911 2379 997 2406 Phili-

207 2427 307 2460 sthiui,
325 2433 351 2455 et
367 2427 509 2461 litigabunt
521 2434 637 2460 mecum,
648 2431 675 2453 et
686 2427 760 2454 rixas
776 2425 841 2453 mihi
855 2430 882 2453 et
894 2425 997 2453 calum-

265 2497 288 2514 ⁷³
313 2496 409 2524 Matth.
435 2503 482 2529 xv,
503 2496 553 2527 i9;
582 2495 641 2523 Gal.
666 2503 695 2528 ν,
719 2494 765 2522 20.

207 2532 230 2547 ⁷⁵
251 2532 316 2559 ibid.
333 2532 368 2559 25
380 2537 407 2558 et
422 2531 468 2558 26.
506 2532 528 2547 ⁷⁷
541 2532 619 2558 Rom.
644 2538 683 2558 ts.
732 2531 754 2546 ⁷⁸
775 2529 854 2557 Joan.
869 2530 963 2562 \'t,57.

206 2566 230 2582 “
248 2567 344 2594 Matth.
357 2575 410 2594 xw.
448 2566 470 2582 ⁸³
484 2566 578 2594 Matth.
598 2573 642 2592 xv.

245 2647 340 2686 (80iA
362 2649 446 2686 verbo
467 2653 533 2686 app,
554 2647 705 2686 mli-oneum
730 2645 997 2686 apprelieiul‘ithca‘l-

208 2680 295 2716 cauea,
313 2685 446 2719 supposito
474 2680 609 2710 litctatorie
642 2684 726 2709 instar
741 2681 943 2719 pessumdedit,
968 2680 998 2719 lit.

209 2715 306 2746 nomen
329 2715 424 2751 Iacob,
450 2719 521 2753 quod
546 2719 571 2745 in
599 2722 676 2751 partu
707 2717 810 2753 calcem
833 2715 926 2753 fratris
954 2716 996 2742 sui

210 2755 306 2786 tenuit,
324 2754 402 2789 quasi
423 2751 509 2788 ipsum
531 2753 557 2780 in
580 2752 794 2789 primogenitum
819 2751 997 2785 supplantare

209 2789 312 2816 Volens.
333 2785 402 2815 "Non
431 2785 500 2816 male
519 2785 587 2823 ergo
610 2785 709 2815 asserit
731 2785 865 2820 Origenes
889 2793 952 2813 eum
981 2792 996 2811 a

821 2495 844 2511 "
873 2493 925 2522 lsa.
949 2503 1024 2526 xm,
1053 2496 1095 2523 i8.

1007 2525 1029 2546 ’θ
1040 2531 1120 2559 Joan.
1147 2538 1186 2564 Ix,
1202 2529 1229 2556 2.
1267 2529 1290 2545 ⁸⁸
1304 2527 1403 2556 Geues.
1416 2535 1490 2559 snt,
1503 2525 1546 2553 i2.

1051 2198 1099 2225 sed
1120 2204 1248 2232 processu
1262 2196 1391 2230 temporis
1409 2195 1438 2222 lit
1457 2201 1583 2228 magnus.
1597 2193 1641 2221 Fit
1651 2201 1766 2229 magnus
1779 2202 1847 2229 ρι-ο-

1050 2251 1129 2271 cessu
1144 2243 1273 2277 temporis
1288 2242 1314 2269 in
1331 2241 1480 2276 prophetis.
1497 2240 1563 2267 Nam
1579 2240 1604 2267 in
1625 2240 1681 2268 sola
1701 2240 1759 2275 lege
1773 2248 1844 2268 non-

1050 2291 1114 2319 dum
1133 2297 1246 2325 magnus
1261 2293 1312 2320 est,
1327 2289 1425 2323 quippe
1442 2295 1501 2322 qum
1515 2291 1542 2314 et
1554 2286 1687 2313 velamine
1700 2290 1771 2313 tecta
1788 2291 1846 2313 est.

1049 2336 1154 2365 Crescit
1167 2334 1296 2370 ergojam
1309 2334 1334 2360 in
1351 2333 1501 2368 prophetis.
1513 2331 1582 2359 Cum
1600 2338 1664 2358 vero
1685 2332 1848 2365 pervenerit

1053 2382 1086 2408 ad
1099 2381 1151 2408 hoc
1168 2387 1262 2414 usque,
1279 2384 1309 2406 ut
1323 2383 1351 2406 et
1364 2378 1484 2405 velamen
1499 2376 1620 2410 abjiciat,
1633 2381 1697 2403 tunc
1711 2375 1765 2403 erit
1785 2384 1850 2402 ma-

1053 2434 1121 2462 gnus
1145 2426 1232 2453 valde.
1247 2425 1314 2452 Cum
1333 2424 1450 2459 coeperit
1474 2422 1564 2450 littera
1583 2422 1649 2457 legis
1668 2421 1743 2449 velut
1763 2422 1849 2457 palea

1153 2495 1176 2511 ⁷⁸
1201 2494 1290 2522 Galat.
1313 2501 1340 2524 v,
1364 2491 1414 2523 22,
1434 2492 1481 2520 25.
1538 2491 1561 2506 ⁷³
1579 2489 1678 2518 ches.
1710 2497 1775 2521 xxv,
1796 2489 1850 2516 2i.

1586 2525 1607 2540 ⁸¹
1618 2524 1692 2552 l’sal.
1710 2533 1724 2551 ι
1731 2533 1795 2557 xxv,
1819 2525 1849 2551 8.

1053 2645 1181 2674 luctando
1196 2650 1294 2671 nomen
1310 2641 1461 2676 accepisse,
1480 2641 1527 2669 sed
1549 2641 1646 2668 miscet
1659 2640 1850 2676 etymologiae

1053 2682 1123 2708 Esau
1140 2685 1168 2708 et
1190 2679 1285 2706 Edom.
1305 2675 1384 2705 Esau
1395 2677 1467 2705 enim
1487 2685 1500 2703 a
1527 2677 1617 2704 radice
1629 2680 1706 2707 num,
1722 2675 1848 2709 factum,

1052 2717 1103 2743 dici
1121 2719 1220 2749 potest,
1235 2713 1319 2740 Edom
1332 2720 1396 2740 vero
1419 2712 1453 2738 ab
1476 2716 1537 2742 om,
1561 2712 1648 2744 ruber,
1662 2711 1845 2744 rubicundus,

1052 2751 1163 2784 dicitur,
1183 2753 1228 2777 aut
1247 2749 1326 2776 homo
1343 2754 1357 2774 e
1377 2753 1448 2774 terra
1461 2752 1580 2774 creatus.
