1902 3065
80 104 126 132 2‘29

658 96 691 124 ΙΝ
709 95 858 124 GENESIM
879 93 1023 123 llOMlLlA
1043 92 1113 121 Xlll.

1643 91 1705 121 9.Ἰο

79 160 165 190 hordei
181 159 241 194 eius
264 158 393 191 secerni,
413 162 441 185 et
459 155 616 191 apparuerit
635 156 707 190 quod
730 154 863 190 spiritalis
878 156 900 184 Α
915 153 1038 180 venimus
1066 150 1211 179 exercitia.
1240 149 1310 178 Ecec
1335 150 1420 184 enim,
1451 150 1534 178 refert
1551 150 1701 184 Scriptura.

79 212 116 234 est
131 206 183 238 les”.
202 210 265 232 tunc
287 204 366 232 Isaac
393 201 621 238 magnilicabitur,
637 207 665 229 et
681 201 726 229 ﬁet.
749 208 863 236 magnus

79 253 160 280 vslde.
180 251 250 279 Vide
262 251 336 278 enim
352 250 415 285 quia
431 255 458 276 et
471 248 602 276 Dominus
622 249 648 274 in
669 247 825 281 Evangeliis
840 246 863 262 ⁸⁵

80 304 171 332 paucos
184 303 271 330 panes
290 295 403 329 frangit,
422 293 533 328 etquod
550 292 632 320 millia
650 292 737 319 reﬁcit
752 290 863 326 populo-

80 352 142 376 nnn,
159 348 186 370 et
198 342 295 378 quanti
309 342 418 376 cophini
438 340 612 375 reliquiarum
637 344 792 374 supersunt.
810 338 863 365 Do-

80 396 124 416 nec
140 387 240 422 integri
255 392 319 414 sunt
334 393 427 421 panes,
444 392 526 412 nemo
539 388 687 414 saturatur,
704 390 783 410 nemo
800 381 862 408 rell—

80 434 155 466 citur,
173 440 225 460 nec
251 432 303 467 ipsi
329 438 413 466 panes
435 431 562 457 videntur
587 429 691 464 augeri.
715 427 862 456 Considera

79 487 231 514 crgonunc,
257 477 394 513 quomodo
418 484 519 511 paucos
544 483 628 511 panes
652 473 863 509 fraugimns;de

80 526 223 560 Scripturis
235 524 337 552 divinis
347 530 448 558 paucos
459 529 600 549 sermones
615 521 788 552 assumimus,
799 524 865 554 quot

80 571 155 599 millia
168 570 310 598 hominum
321 573 490 596 saturantur.
514 567 565 594 Sed
585 567 637 594 nisi
665 566 741 594 fracti
764 565 866 592 iuerint

81 619 119 645 isti
133 624 225 652 panes,
250 615 304 642 nisi
331 615 357 641 in
382 620 474 648 partes
496 612 654 640 comminuti
671 619 686 639 a
712 611 863 645 discipulis,

81 663 127 690 hoc
139 666 190 694 est,
207 661 260 688 nisi
287 659 440 687 minutatim
464 659 554 686 littera
584 656 667 684 luerit
692 657 815 683 discussa
839 660 865 683 et

81 709 170 741 fracta,
185 714 286 736 sensus
296 706 356 741 ejus
372 706 405 733 ad
421 712 515 733 omnes
526 711 579 732 noa
600 707 688 738 potest
710 702 864 738 pervenire.

80 754 142 781 Cum
154 757 243 780 autent
261 754 431 787 pertractare
449 750 614 785 cmperimus
628 752 656 776 et
675 747 780 783 singula
794 755 866 781 quaa-

81 809 129 836 que
141 802 290 833 discutere,
307 803 373 826 tunc
398 798 483 826 turbas
504 797 613 832 quidem
634 801 765 830 quantum
793 799 867 828 pote-

914 198 985 232 quod
1003 197 1087 229 Isaac,
1110 201 1251 231 postquam
1273 196 1415 224 benedixit
1429 196 1504 224 illum
1530 197 1659 224 Dominus
1675 202 1704 225 et

915 243 1105 278 magniﬁcatus
1119 247 1159 269 est
1172 242 1259 273 valde,
1274 249 1417 276 aggressus
1431 246 1472 270 est
1487 250 1554 276 opus
1566 249 1702 278 magnum.

914 287 948 314 Et
958 287 1050 322 cmpit,
1067 287 1164 322 inquit,
1180 286 1275 315 fodere
1299 291 1404 321 puteos,
1422 292 1517 322 puteos
1535 295 1602 322 quos
1628 286 1705 314 fode-

916 339 976 360 rant
990 334 1066 369 pueri
1080 333 1139 367 eius
1153 334 1178 359 in
1200 338 1320 367 tempore
1340 335 1425 368 patris
1439 335 1497 368 ejus
1517 334 1654 361 Abraham
1666 333 1704 364 θ’,

915 379 962 407 sed
977 379 1165 413 oppilaverant
1176 386 1224 406 eos
1237 379 1393 406 Philisthini
1403 399 1410 412 ,
1425 385 1451 407 et
1466 379 1643 413 impleverant
1655 384 1707 406 ter-

915 433 943 452 ra
958 424 1025 460 (8|).
1043 424 1134 452 Primo
1159 432 1224 460 ergo
1241 425 1373 452 habitavit
1396 426 1466 460 apud
1485 430 1596 459 puteum
1621 425 1705 451 visio-

914 471 969 503 nis,
984 475 1010 497 et
1025 470 1194 498 illuminatus
1209 477 1224 496 a
1244 475 1326 504 puteo
1341 471 1451 498 visionis
1465 471 1622 505 aggreditur
1638 470 1705 497 alios

914 520 1010 551 puteos
1027 515 1146 549 aperire.
1167 515 1199 542 Et
1219 523 1272 542 non
1289 515 1407 550 primum
1432 524 1516 544 novos
1532 522 1639 551 puteos,
1657 517 1705 544 sed

915 569 984 597 quos
997 561 1103 588 foderet
1118 565 1198 596 pater
1224 561 1281 595 ejus
1296 562 1445 589 Abraham.
1464 562 1497 590 Et
1519 570 1579 590 cum
1594 563 1706 590 fudisset

915 608 1032 642 primum
1044 611 1165 641 puteum,
1181 607 1258 633 zelati
1269 613 1339 637 sunt,
1351 607 1450 642 inquit,
1464 616 1522 634 eum
1535 607 1701 634 Philisthiru’.

914 652 951 680 At
971 652 1014 679 ille
1024 652 1083 679 zelo
1097 659 1191 679 eorum
1204 659 1259 678 non
1275 656 1317 678 est
1336 652 1494 684 deterritus,
1508 659 1558 679 nec
1571 653 1654 679 cessit
1666 653 1707 678 in-

915 697 995 724 vidia
1011 697 1078 724 :sed
1097 697 1202 729 iterant,
1221 697 1358 731 inquit",
1375 697 1442 731 [odit
1464 703 1565 730 puteos,
1581 705 1647 732 quas
1666 697 1708 731 fo-

916 743 1010 769 derant
1030 743 1105 776 pueri
1129 742 1262 769 Abraham
1288 743 1374 776 patris
1393 743 1461 777 ejus,
1476 747 1500 770 et
1525 743 1706 776 oppilaverant

915 797 959 816 eos
974 788 1127 816 P/tilistltiui
1140 794 1198 823 post
1220 794 1329 816 mortem
1348 790 1460 816 Alam/tte
1475 790 1558 823 patris
1582 793 1638 824 ejus
1652 797 1662 822 ;
1681 793 1706 816 et

83 831 139 874 runt
150 850 269 872 sumant.
284 831 366 877 AQuod
379 849 470 870 autem
484 831 537 868 non
565 841 714 875 potuerint,
736 838 868 873 colligen~
883 831 904 861 Β
918 836 1003 869 potuit
1022 834 1074 861 illis
1088 835 1208 867 nomina,
1223 835 1366 862 secundum
1383 835 1492 861 nomina
1506 843 1566 870 qua:
1583 840 1705 869 posuerat

83 892 140 919 dum
154 895 196 918 est
208 893 235 918 et
246 889 456 920 reservandum,
471 894 505 914 ne
522 886 588 921 quid
602 889 706 920 pereat.
719 884 865 912 Servatnus

83 942 140 971 ergo
148 940 174 963 et
188 942 249 967 nos,
268 934 292 962 si
315 933 382 968 quid
400 933 485 960 turbat
498 939 596 966 capere
621 938 674 958 non
701 934 825 965 possunt,
838 933 866 956 ct

83 981 224 1016 colligimus
236 980 266 1007 in
278 978 402 1014 cophiuis
414 982 441 1005 et
453 977 563 1012 sportis.
578 976 700 1010 Denique
711 983 771 1002 cum
784 974 865 1010 paulo

83 1032 138 1054 ante
154 1026 337 1061 lregissemus
357 1030 453 1059 panem
470 1023 504 1050 de
519 1022 603 1050 Jacob
617 1026 644 1049 et
660 1021 742 1053 Esau,
762 1025 864 1055 quanta

83 1075 112 1101 de
125 1073 168 1100 illo
182 1078 253 1106 pane
276 1070 431 1105 fragmenta
454 1073 651 1103 superaverunt
666 1074 726 1102 qua:
742 1074 791 1094 nos
806 1066 865 1094 dili-

84 1123 166 1154 genter
189 1116 385 1150 recollegimus
412 1122 446 1142 ne
471 1114 603 1149 perirent,
616 1118 643 1141 et
668 1120 808 1141 servamus
836 1112 863 1139 in

84 1166 173 1200 sportis
196 1164 240 1192 vel
261 1163 400 1197 cophinis,
422 1167 562 1196 usquequo
586 1159 715 1187 θοιιλίιιυε
739 1160 772 1187 de
798 1159 864 1194 ipsis

84 1211 138 1246 quid
149 1210 226 1237 etiam
240 1209 301 1237 tieri
310 1207 419 1242 jubeat,
427 1207 577 1235 videamus.
592 1204 667 1233 Nunc
680 1210 769 1232 autem
781 1212 865 1239 quan-

85 1262 133 1283 tum
148 1255 277 1290 possibile
298 1258 351 1287 est,
368 1253 409 1281 vel
424 1253 457 1280 de
478 1253 594 1288 panibus
611 1252 803 1284 comedamus,
821 1249 864 1278 vel

83 1302 112 1327 de
122 1301 205 1336 puteis
221 1299 397 1327 hauriemus.
422 1297 568 1324 Tentemus
587 1298 676 1324 facere
688 1296 768 1323 etiam
786 1295 862 1327 illud,

84 1347 145 1381 quod
159 1345 295 1381 sapientia
307 1347 470 1377 commonet,
482 1343 576 1371 dicens
589 1342 612 1358 "
625 1351 632 1369 :
652 1341 714 1368 Bibe
734 1349 815 1377 aquas
831 1342 863 1368 ds

85 1392 260 1426 taisfuntibus,
287 1396 310 1419 et
326 1391 358 1417 de
380 1390 434 1418 tuis
454 1389 553 1424 puteis,
575 1394 597 1416 et
611 1389 645 1415 sit
668 1389 714 1415 tibi
730 1388 788 1423 fons
802 1392 861 1415 tuus

84 1439 200 1472 proprius.
218 1437 308 1465 Teuta
323 1443 388 1470 ergo
404 1440 430 1463 et
444 1439 482 1468 tu,
496 1442 513 1462 ο
537 1434 655 1467 auditor,
680 1433 780 1461 habere
798 1440 862 1468 pro-

84 1485 159 1517 prium
175 1489 300 1518 puteum,
316 1486 341 1509 et
357 1482 497 1517 proprium
521 1480 643 1513 fontem;
662 1484 690 1507 ut
707 1484 734 1507 et
749 1484 787 1511 tu,
801 1487 860 1507 cum

85 1530 287 1564 apprehenaleris
304 1528 402 1555 librum
418 1527 632 1561 Scripturarum,
651 1525 766 1559 incipias
781 1525 862 1553 etiam

85 1582 112 1600 es
124 1575 228 1609 proprio
249 1581 336 1602 sensu
361 1573 484 1607 proferre
507 1571 624 1606 aliquem
645 1571 820 1603 intellectum,
837 1573 864 1598 et

85 1621 218 1647 secundum
240 1627 273 1647 ea
303 1626 365 1653 qua:
379 1619 406 1645 in
422 1617 540 1645 Ecclesia
556 1617 686 1649 didicisti,
698 1621 771 1644 tenta
792 1621 819 1644 et
835 1621 862 1643 tu

86 1665 166 1693 bibere
188 1665 221 1693 de
238 1666 318 1692 fonte
340 1663 442 1699 ingenii
470 1664 518 1690 tui.
540 1662 588 1690 Est
617 1663 688 1689 intra
715 1666 740 1689 te
766 1666 862 1689 natura

87 1718 151 1745 aqua
165 1711 239 1744 vivae,
251 1715 320 1738 sunt
336 1717 411 1737 venae
430 1716 574 1744 perennes,
589 1712 617 1736 et
641 1708 744 1742 irrigua
763 1706 862 1735 ﬂuenta

87 1756 240 1784 rationabilis
254 1761 366 1786 sensus,
379 1754 402 1782 si
421 1754 499 1781 modo
511 1761 564 1781 non
581 1753 637 1780 sint
655 1757 726 1779 terra
743 1756 770 1778 et
782 1752 863 1780 rude-

88 1803 151 1830 ribus
165 1803 279 1837 nppleta.
301 1801 357 1828 Sed
373 1801 440 1828 satis
453 1807 502 1835 age
522 1800 614 1828 fodere
627 1805 727 1826 terram
739 1804 825 1832 tuam,
835 1802 863 1825 et

88 1855 190 1882 purgare
212 1848 330 1880 sordes,
349 1849 377 1882 id
394 1852 437 1875 est
455 1847 555 1881 ingenii
577 1846 615 1873 tui
643 1851 768 1873 amovere
789 1844 862 1872 desi-

87 1894 157 1925 diam,
172 1899 199 1922 et
211 1899 352 1930 torporem
365 1893 456 1922 cordis
466 1896 606 1920 excutere.
620 1891 690 1918 Audi
712 1891 784 1918 enim
797 1890 862 1924 quid

87 1940 142 1968 dicit
159 1941 299 1976 Scriptura
314 1941 356 1967 ’δε
374 1939 466 1975 Punge
485 1940 590 1967 oculum
600 1959 607 1972 ,
621 1946 644 1967 et
658 1939 756 1973 profert
776 1938 863 1973 lacry-

87 1994 165 2020 ium;
179 1995 264 2022 punge
276 1995 337 2019 cor,
350 1991 375 2013 et
399 1985 496 2020 profert
514 1993 631 2012 sensum.
655 1985 743 2020 Purga
757 1992 821 2019 ergo
835 1988 863 2011 et

87 2037 109 2059 ιιι
124 2034 255 2068 ingenium
270 2039 363 2065 tuum,
381 2037 411 2059 ut
423 2031 568 2066 aliquando
581 2032 663 2058 etiam
680 2030 714 2057 dc
733 2031 787 2058 tuis
802 2030 862 2057 lon-

87 2077 147 2106 tibus
159 2079 243 2111 bibas,
256 2083 285 2107 et
301 2078 337 2105 de
354 2077 406 2104 tuis
420 2076 509 2112 puteis
524 2076 635 2103 haurias
651 2083 748 2110 aquam
760 2075 860 2102 vivam.

86 2122 109 2149 Si
118 2124 184 2150 enim
200 2123 348 2156 suscepisti
361 2122 388 2149 in
405 2126 430 2149 te
442 2121 554 2148 verbum
572 2121 630 2154 Dei,
645 2120 668 2147 si
684 2120 811 2154 accepisti
828 2119 863 2147 ab

918 885 994 915 pater
1009 880 1077 914 ejus.
1093 879 1172 907 Fodit
1182 887 1247 915 ergo
1266 880 1326 907 illos
1341 885 1446 914 puteos.
1464 887 1533 915 quos
1551 885 1627 914 pater
1642 887 1707 906 Stltls

919 924 1036 957 foderat,
1055 930 1082 952 ct
1107 925 1152 958 qui
1173 932 1222 960 per
1239 925 1366 952 malitiam
1387 924 1615 952 Philislhinorum
1635 928 1707 952 terra

919 971 1025 998 fuerant
1040 971 1144 1005 repleti.
1158 971 1236 998 Fodit
1250 976 1276 997 et
1291 970 1358 998 alios
1378 978 1462 998 novos
1485 971 1511 997 in
1531 971 1600 997 valle
1619 970 1706 998 Gera-

920 1024 1010 1043 rarum
1033 1015 1100 1051 (82),
1126 1024 1178 1043 non
1212 1016 1321 1050 quidem
1343 1016 1410 1050 ipse,
1432 1016 1478 1042 sed
1499 1015 1575 1049 pueri
1588 1015 1646 1050 ejus
1661 1025 1667 1042 :
1682 1019 1707 1041 et

915 1062 1014 1088 intersit
1025 1082 1032 1094 ,
1047 1062 1135 1096 inquit
1147 1062 1181 1093 ",
1197 1061 1234 1088 ibi
1247 1066 1354 1096 puteum
1369 1069 1443 1095 aqua
1469 1064 1541 1088 eive.
1558 1059 1610 1088 Sed
1625 1061 1707 1087 rizati

917 1112 979 1134 sunt
993 1113 1110 1141 pastores
1135 1106 1295 1134 Cerararum
1320 1114 1379 1133 eum
1395 1107 1544 1141 pastoribus
1561 1106 1648 1137 Isaac.
1663 1107 1705 1133 di-

917 1155 1002 1177 centes
1015 1159 1090 1178 suam
1101 1159 1155 1178 esse
1166 1159 1271 1186 aquam,
1281 1156 1305 1177 et
1315 1151 1452 1185 appellavit
1464 1159 1556 1177 nomen
1568 1152 1638 1185 putei
1650 1150 1708 1178 lni-

917 1197 1015 1231 quitas.
1030 1196 1123 1231 Inique
1136 1198 1204 1223 enim
1220 1202 1353 1231 gesserunt
1367 1204 1426 1223 cum
1444 1205 1483 1223 eo.
1506 1196 1558 1224 Sed
1576 1197 1649 1224 Isaac
1665 1205 1707 1225 re-

917 1241 988 1270 cedit
1005 1250 1019 1268 a
1035 1242 1134 1269 malitia
1149 1249 1255 1274 eorum,
1277 1247 1300 1269 et
1317 1242 1385 1276 [odit
1400 1242 1496 1268 iterant
1521 1242 1631 1268 alterunt
1658 1251 1708 1276 pu-

917 1293 998 1318 teum,
1014 1292 1038 1314 et
1051 1295 1097 1322 pro
1109 1288 1165 1320 ipso
1182 1287 1364 1319 nihilominus,
1381 1287 1480 1321 inquit,
1497 1287 1704 1318 altercabantur,

916 1338 940 1360 et
954 1333 1094 1368 appellavit
1106 1340 1198 1359 nomen
1210 1332 1265 1366 ejus
1281 1331 1508 1359 luimicitiam.Et
1518 1333 1622 1359 recessit
1633 1333 1704 1364 inde,

915 1384 939 1406 et
953 1379 1018 1414 fodit
1032 1379 1127 1405 iterum
1139 1383 1244 1412 puteum
1258 1379 1384 1411 alium,“
1396 1387 1446 1405 mm
1460 1385 1519 1405 sunt
1531 1379 1653 1406 rizatia'e
1663 1387 1704 1405 eo.

916 1425 981 1453 Ideo
1000 1430 1024 1452 et
1043 1424 1183 1459 appellavit
1211 1432 1302 1451 nonieu
1316 1425 1375 1459 ejus
1404 1425 1573 1458 Amplitudo,
1602 1426 1703 1457 dicens.

915 1471 976 1506 quia
990 1479 1059 1497 nunc
1073 1469 1192 1496 dilatavit
1207 1478 1253 1496 nos
1269 1469 1350 1502 Deus,
1362 1475 1385 1496 et
1402 1470 1476 1497 auxit
1491 1478 1540 1497 nos
1554 1478 1632 1504 super
1649 1475 1704 1497 ter-

916 1526 982 1544 ram.
996 1518 1102 1545 Benein
1119 1517 1237 1552 quodam
1257 1517 1317 1544 loco
1341 1520 1451 1544 sanctus
1469 1518 1622 1552 Apostolus,
1638 1525 1704 1546 con-

915 1565 1038 1592 siderans
1064 1564 1255 1599 mysteriorum
1278 1564 1504 1598 magnitudinem,
1529 1564 1650 1592 dicit":
1669 1564 1702 1591 Et

914 1611 948 1638 ad
963 1611 1018 1638 hau:
1030 1611 1087 1644 quis
1103 1611 1211 1637 idoneus
1225 1611 1237 1637 ε)
1250 1609 1338 1637 Simili
1352 1609 1444 1642 modo,
1459 1609 1514 1636 imo
1533 1610 1611 1644 longe
1624 1611 1698 1639 dissi-

915 1656 982 1688 mili,
995 1659 1096 1690 quanto
1112 1655 1157 1682 illo
1172 1655 1252 1689 longe
1266 1654 1410 1682 inferiores
1431 1662 1536 1686 sumus,
1554 1656 1636 1681 etiaut
1654 1662 1704 1682 nos

914 1703 1037 1730 videntes
1055 1706 1156 1728 tantam
1183 1701 1210 1728 in
1227 1701 1366 1736 mysteriis
1387 1700 1557 1728 altitudinem
1583 1700 1638 1735 (85)
1654 1707 1703 1734 pu-

915 1752 1030 1779 teorum,
1054 1747 1170 1774 dicimus
1188 1753 1195 1772 :
1212 1745 1247 1772 Et
1265 1747 1299 1772 ad
1322 1746 1377 1772 haec
1392 1745 1450 1779 quis
1476 1745 1612 1773 idoneus?
1638 1744 1705 1776 Quis

914 1793 985 1820 enim
1004 1793 1085 1826 digne
1107 1790 1195 1818 valeat
1217 1790 1372 1825 explicare,
1389 1790 1432 1818 vel
1453 1795 1594 1825 puteorum
1612 1797 1704 1817 saera-

913 1843 1003 1866 menta
1029 1841 1179 1868 tantorum,
1196 1835 1237 1863 vel
1262 1843 1354 1863 eorum
1372 1842 1432 1870 quze
1456 1839 1531 1869 gesta
1549 1841 1599 1868 pro
1612 1834 1700 1868 puteis

913 1884 1078 1915 referuntur,
1099 1881 1150 1909 nisi
1166 1881 1326 1908 invocemus
1348 1880 1459 1907 Patrem
1474 1879 1555 1906 Verbi
1576 1879 1702 1910 viventis,

912 1935 938 1958 et
959 1930 1016 1963 ipse
1028 1928 1055 1954 in
1068 1934 1116 1954 ore
1133 1931 1228 1953 nostro
1247 1925 1362 1952 verbum
1385 1925 1449 1951 dare
1465 1925 1602 1958 dignetur,
1621 1928 1651 1950 ut
1665 1923 1701 1950 si-

915 1976 1042 2004 tientibus
1057 1975 1135 2003 vobis
1157 1979 1294 2009 possunus
1321 1969 1517 2004 aliquantulum
1533 1975 1610 2003 aqum
1634 1968 1702 1995 vivte

913 2023 1023 2052 haurire
1039 2030 1072 2050 ex
1088 2021 1132 2049 his
1145 2024 1198 2047 tam
1210 2018 1327 2052 copiosis
1340 2021 1367 2044 et
1379 2015 1572 2049 multiplicibus
1588 2015 1676 2048 puteis
1689 2015 1702 2041 τ

945 2068 973 2094 ﬁ.
995 2067 1067 2094 Sunt
1084 2072 1150 2099 ergo
1170 2062 1256 2098 putei,
1272 2069 1341 2096 quos
1367 2059 1494 2086 [oderunt
1518 2058 1592 2093 pueri
1613 2057 1702 2084 Abra—

912 2115 987 2144 bam,
1000 2113 1046 2140 sed
1060 2112 1108 2138 hos
1119 2108 1275 2137 Philisthini
1291 2106 1461 2141 repleverunt
1474 2108 1555 2132 terra.
1567 2104 1621 2130 llos
1635 2109 1702 2137 ergo

85 2167 138 2195 Jcsu
153 2150 359 2204 aquamrv'ivam
379 2172 407 2194 et
431 2165 547 2194 ﬁdeliter
563 2150 703 2200 accepisti,
721 2150 765 2192 lict
780 2165 806 2192 in
834 2169 860 2192 te
876 2175 901 2203 ο
913 2160 1028 2195 primum
1043 2164 1159 2193 purgare
1170 2154 1325 2204 aggreditur
1338 2152 1424 2180 Isaac.
1443 2150 1598 2204 Philisthini
1614 2157 1700 2204 aquas

86 2215 138 2242 loris
151 2223 224 2250 aquae
238 2214 368 2243 salientis
383 2213 409 2239 in
422 2212 504 2239 vitam
517 2217 658 2242 aternam,
677 2210 705 2237 in
724 2211 782 2244 ipso
796 2208 858 2237 Jesu

85 2260 181 2289 Christo
197 2261 314 2288 Domino
335 2262 439 2290 nostro,
452 2258 493 2284 cui
512 2262 554 2284 est
572 2255 657 2291 gloria
672 2260 698 2283 et
716 2256 858 2291 imperium

87 2305 108 2332 in
123 2306 213 2334 smnia
229 2305 406 2334 saeculorum.
423 2303 520 2330 Amen.

318 2359 376 2396 94
394 2357 535 2386 HOMILIA
549 2356 618 2385 xm.

115 2408 149 2436 De
160 2409 242 2443 puteis
265 2416 336 2443 quos
355 2405 540 2443 Ῑοίιὶιῌ-Ιιᾳᾳς,
561 2409 586 2431 et
608 2403 700 2438 repleti
724 2407 784 2430 sunt
809 2409 825 2429 a

379 2440 555 2467 Pltilistltiuis.

115 2490 136 2518 Ι.
155 2490 235 2518 Solita
247 2496 314 2525 erga
339 2491 435 2523 puteos
456 2493 564 2522 semper
579 2485 795 2521 patriarcharum
818 2484 862 2510 in-

127 2537 147 2553 “
161 2537 254 2564 Matth.
270 2543 332 2564 xlv.

87 2579 132 2607 seq.
165 2573 188 2588 ”
201 2571 221 2600 ll
239 2572 305 2599 Cor.
320 2579 350 2603 ιι,
367 2569 411 2597 l6.

115 2620 163 2655 (8|)
181 2620 262 2651 Editi,
273 2619 435 2654 foderunt...
450 2616 664 2651 oppllaverunt...
673 2613 857 2648 impleverunt,

86 2656 123 2680 sed
139 2663 198 2682 mss.
215 2660 245 2682 ut
260 2655 286 2681 in
300 2657 397 2680 nostro
414 2657 498 2678 textu.

114 2681 293 2724 (δειλιιᾴυοι
306 2695 387 2720 mss.,
399 2683 628 2720 Gerarigquoties
646 2683 672 2710 in
692 2682 773 2710 editis
794 2681 859 2715 legi-

87 2728 121 2749 tur
132 2723 299 2752 Gerararum.

86 2797 93 2817 ι
110 2758 162 2817 3&5)
182 2750 227 2787 Sic
244 2750 326 2793 mss,
341 2757 410 2788 editi
434 2763 509 2790 vero,
528 2758 630 2782 tantum
653 2751 772 2788 mysterii
794 2750 857 2778 alti-

96 2802 107 2817 Μ
126 2802 195 2817 Ιιιηιι.

96 2797 195 2820 udinem.

371 2535 398 2551 ’δ
408 2534 488 2562 Prov.
501 2540 528 2567 ν,
540 2533 583 2567 l5,
594 2532 638 2560 18.
677 2532 700 2548 ⁸⁸
711 2531 801 2560 Eccle.
815 2538 884 2563 xm,
893 2529 938 2558 19.

911 2206 1039 2236 oderunt,
1053 2208 1151 2230 terram
1168 2201 1295 2235 diligunt.
1309 2198 1384 2226 Isaac
1394 2204 1479 2230 aquas
1494 2196 1590 2231 diligit,
1604 2199 1699 2229 puteos

912 2257 1020 2285 semper
1036 2248 1144 2283 quaerit,
1155 2251 1260 2273 veteres
1271 2247 1380 2279 purgat,
1389 2249 1474 2270 novos
1488 2240 1699 2276 aperit.lntuere

912 2302 1034 2326 nostrum
1062 2294 1150 2325 Isaac,
1169 2292 1215 2326 qui
1241 2298 1290 2326 pro
1308 2289 1387 2316 nobis
1402 2287 1511 2316 oblatus
1538 2291 1578 2313 est
1595 2286 1696 2316 hostia,

912 2342 1065 2371 venientem
1091 2340 1119 2366 in
1144 2338 1240 2365 vallem
1260 2336 1436 2365 Gerararum,
1459 2340 1539 2367 quam
1567 2332 1701 2365 interpre-

913 2392 1007 2415 tantur
1035 2383 1176 2412 maceriam
1196 2382 1263 2418 (84),
1285 2381 1341 2407 sive
1359 2385 1460 2413 sepem;
1481 2376 1644 2408 venientem,
1661 2377 1700 2401 in-

913 2442 1005 2470 quam,
1019 2438 1048 2461 ut
1069 2432 1186 2460 medium
1204 2429 1334 2465 parietem
1350 2425 1458 2460 sepiens
1474 2423 1562 2450 solvat
1578 2422 1697 2448 inimici-

915 2465 966 2509 tias
980 2465 1008 2508 in
1032 2485 1114 2506 carne
1139 2484 1197 2508 sua,
1215 2474 1369 2502 venientem
1392 2469 1488 2497 tollere
1501 2466 1658 2496 maceriam,
1672 2465 1696 2492 id

988 2528 1009 2544 ⁸⁷
1026 2526 1126 2555 Cenes.
1137 2531 1214 2556 xxvr,
1229 2521 1271 2549 l5.
1320 2519 1343 2535 ⁸⁸
1360 2517 1426 2545 ibid.
1437 2515 1480 2543 l8.
1512 2515 1536 2531 θ’
1547 2513 1612 2541 ibid.
1628 2512 1659 2540 t9
1671 2517 1697 2538 et

948 2609 1003 2644 (ει)
1024 2608 1111 2644 Lucus
1128 2605 1154 2632 in
1177 2602 1256 2630 editis
1275 2596 1696 2644 corruptus,‘uliLlepitpr-ﬂr:

910 2631 1206 2674 chEi’m—siiélepm.
1224 2631 1367 2674 venientem
1379 2634 1527 2674 iuaqsrun,
1539 2637 1566 2658 ut
1579 2631 1696 2657 medium

911 2668 1044 2714 ἱνὶὶῖιέῐέὴί
1062 2668 1142 2710 lepis.
1158 2668 1252 2714 soluat,
1272 2676 1295 2697 et
1314 2669 1467 2714 inimicitias
1483 2668 1509 2693 in
1523 2674 1609 2714 lcarne
1634 2674 1696 2705 sua,

911 2705 1056 2741 itenientcm
1067 2705 1156 2737 tollere
1173 2707 1342 2734 mae/ueram,
1355 2705 1379 2741 itl
1393 2708 1429 2729 est
1443 2707 1577 2734 peccatum
1590 2707 1696 2741 quoin-

1150 2749 1173 2780 et
1190 2742 1285 2772 Deum,
1297 2739 1454 2780 maclta'ram
1469 2745 1526 2780 qua:
1540 2741 1577 2762 est
1596 2735 1696 2774 media,

912 2788 965 2812 etc.
979 2783 1013 2809 At
1028 2776 1093 2809 mss.
1120 2779 1188 2806 utin
1208 2782 1299 2804 nostro
1323 2779 1408 2806 textu,
1423 2777 1450 2800 et
1472 2776 1544 2799 recte
1566 2777 1696 2801 omnino;
