1902 3065
189 80 236 111 251

186 147 228 171 est
242 145 398 178 peccatmn,
414 141 486 176 quod
498 140 569 167 inter
585 145 634 165 nos
647 139 793 173 separatet
810 139 903 170 Deum,
918 145 975 164 ma-
990 144 1013 168 Α

186 188 300 219 eeriatn,
318 193 379 222 quae
392 191 434 213 est
449 187 535 213 media
553 186 622 213 inter
637 192 686 212 nos
709 190 736 212 et
749 185 873 211 ccelestes
889 185 972 211 virtu-

187 237 238 264 tes,
254 237 284 259 ut
306 232 392 260 faciat
404 236 519 266 utraque
533 239 625 263 unum,
641 235 668 258 et
689 238 766 257 ovem
783 237 843 265 qua:
861 237 972 257 errave-

187 282 240 311 rat,
261 277 381 304 humeris
395 276 452 303 suis
473 280 592 310 reportet
609 275 642 302 ad
659 280 776 308 montes,
798 280 825 303 et
848 276 975 303 restituat

187 324 221 350 ad
238 323 305 351 alias
322 323 466 356 nonaginta
484 329 591 355 novent,
606 328 666 356 qua:
678 330 730 349 non
741 326 911 349 erraverunt.
925 321 974 348 llic

187 375 252 403 ergo
265 369 339 395 Isaac
357 367 483 394 Salvator
502 372 606 399 noster,
631 375 693 394 cum
718 367 835 394 venisset
853 367 878 394 in
894 367 973 394 istam

188 413 283 440 vallem
297 413 473 444 Gerararnm,
487 412 603 446 primum
617 413 736 439 omnium
751 413 810 439 illos
820 417 916 447 puteos
934 413 975 440 fo-

183 454 251 485 dere
275 458 372 490 voluit,
387 465 455 493 quos
482 458 607 484 foderant
632 458 708 491 pueri
727 457 817 484 Patris
835 458 890 491 sui;
909 458 975 493 legis

185 504 289 532 scilicet
305 509 333 532 et
347 505 542 539 prophetarum
555 503 640 530 voluit.
655 509 750 537 puteos
761 503 891 531 innovare
905 504 974 539 (85),

185 557 254 584 quos
266 549 422 577 Philisthini
440 554 512 577 terra
524 550 704 584 repleverant.
717 549 768 582 Qui
784 554 846 576 sunt
860 549 916 582 isti,
928 549 974 584 qui

187 601 259 623 terra
272 602 369 631 puteos
387 597 560 632 replent‘illli
576 598 634 624 sine
652 597 734 624 dubio
745 597 791 632 qui
810 597 835 624 in
848 597 907 632 lege
920 603 975 624 ter-

186 649 279 668 renam
294 646 321 669 et
337 642 474 669 carnalem
496 642 700 677 intelligentiam
717 647 829 676 ponunt,
842 647 870 669 et
893 643 975 676 spiri-

187 687 266 714 talem
286 695 316 714 ac
339 688 479 722 mysticam
495 687 636 720 claudunt,
654 692 684 714 ut
702 695 788 722 neque
802 687 853 722 ipsi
869 688 973 719 bibant,

186 739 274 767 neque
293 732 359 759 alios
376 733 468 759 bibere
486 733 655 766 permittant.
676 733 746 759 Audi
776 732 863 764 Isaac,
882 733 974 759 Domi-

185 786 251 804 num
270 783 392 805 nostrum
417 779 509 806 Jesum
532 778 671 806 Christum
693 779 749 813 (86)
768 778 793 804 in
822 777 975 813 Evangeliis

186 824 367 851 dicentem“:
382 823 428 851 Va:
445 825 525 856 vobis,
543 824 643 852 Scribw
663 829 687 851 et
702 823 835 851 l’ltarfsa'i
855 824 974 859 ltypocri-
992 817 1013 844 Β

186 870 472 903 tw,quoniamtulistis
485 871 582 897 clavem
597 870 722 902 scientia,
732 875 756 896 et
780 877 861 904 neque
876 869 925 904 ipsi
941 870 980 896 in-

186 914 286 941 troisti:
298 934 306 947 ,
323 922 405 948 neque
418 914 518 941 intrare
532 914 645 941 volentes
662 914 829 948 permisistis.
846 914 894 941 Isti
917 919 979 941 sunt

186 966 262 993 ergo,
286 959 331 993 qui
349 964 456 994 puteos,
476 966 544 994 quos
573 952 700 986 foderant
725 959 802 994 pueri
827 959 977 992 Abraham,

188 1009 260 1032 terra
277 1005 463 1039 repleverunt,
481 1005 527 1039 qui
549 1004 634 1037 legem
656 1004 804 1031 carnaliter
827 1005 936 1037 docent,
950 1010 979 1032 et

187 1058 272 1085 aquas
285 1051 371 1077 sancti
387 1050 506 1085 Spiritus
524 1050 671 1077 maculant.
685 1049 737 1083 Qui
765 1054 861 1085 puteos
881 1052 913 1078 ad
926 1051 978 1079 hoc

187 1096 298 1128 habent,
311 1103 363 1123 non
378 1100 407 1123 ut
426 1103 523 1130 aquam
538 1095 688 1130 proferant,
705 1096 752 1123 sed
770 1100 800 1123 ut
819 1101 919 1124 terram
935 1104 979 1131 po-

186 1145 263 1168 nant.
279 1140 334 1168 Hos
358 1148 422 1176 ergo
437 1144 531 1175 puteos
547 1141 705 1176 aggreditur
726 1141 817 1168 fodere
842 1142 924 1170 lsaac.
946 1142 978 1169 Et

187 1187 326 1226 videamus
342 1186 476 1220 quomodo
495 1193 542 1213 eos
561 1186 638 1213 fodit.
649 1186 718 1213 Cum
733 1187 808 1221 pueri
823 1188 898 1215 lsaac
910 1208 918 1221 ,
932 1189 977 1224 qui

186 1237 250 1259 sunt
266 1232 381 1267 apostoli
405 1232 509 1259 Domini
528 1232 613 1259 nostri
629 1232 788 1265 transirent,
809 1233 907 1268 inquit,
931 1241 979 1268 per

187 1281 292 1312 segetes
314 1276 433 1304 Sabbato
459 1277 594 1305 vellebaut
620 1278 720 1312 spicas,
741 1283 769 1305 et
796 1278 979 1307 confricantes

189 1323 312 1350 manibus
324 1323 531 1350 manducabant.
540 1322 616 1350 Tunc
625 1331 688 1358 ergo
699 1324 823 1351 dicebant
832 1325 856 1352 ei
870 1325 925 1358 isti,
933 1326 979 1360 qui

190 1374 261 1395 terra
273 1368 446 1403 repleverant
457 1375 552 1403 puteos
564 1369 654 1396 Patris
667 1369 727 1404 ejus
738 1370 772 1396 “z
783 1369 850 1397 Ecce
858 1371 979 1405 discipuli

188 1415 226 1440 tui
240 1414 341 1448 faciunt
356 1413 479 1441 Sabbatis
494 1415 563 1450 quod
577 1423 628 1441 non
642 1415 714 1442 licet.
736 1415 782 1443 llle
799 1420 828 1443 ut
843 1421 979 1444 terrenum

188 1467 283 1486 eorum
312 1459 418 1487 foderet
447 1460 614 1488 intellectum
629 1481 636 1494 ,
654 1461 721 1489 dicit
742 1462 775 1488 ad
794 1469 841 1490 eos
854 1462 877 1478 ⁹³
893 1471 899 1489 :
916 1462 978 1490 Non

188 1504 289 1539 legistis
308 1505 370 1540 quid
390 1505 451 1540 fecit
474 1505 571 1540 David,
588 1515 647 1533 cum
667 1508 777 1534 esuriret
799 1508 865 1542 ipse,
887 1513 910 1535 et
932 1509 977 1544 qui

188 1557 247 1576 cum
261 1550 317 1584 ipso
332 1555 417 1582 erant,
428 1551 558 1585 quomodo
574 1552 681 1578 intravit
696 1553 730 1579 ad
743 1553 870 1580 Abiatltar
888 1562 978 1580 sacer-

188 1597 287 1626 dotem,
309 1600 333 1621 et
359 1603 439 1629 panes
465 1592 653 1631 propositionis
679 1597 848 1625 manducavit
872 1599 927 1634 ipse
953 1605 977 1626 et

189 1640 264 1674 pueri
277 1640 329 1672 sui,
345 1648 409 1674 quos
427 1649 478 1668 non
493 1641 588 1668 licebat
603 1643 764 1670 manducare
791 1644 841 1670 nisi
858 1644 921 1671 solis
935 1653 979 1671 sa-

190 1684 338 1711 cerdotibus
352 1685 365 1711 ?
378 1684 410 1711 Et
427 1685 469 1713 bis
485 1686 588 1714 addidit
604 1695 610 1713 :
627 1687 658 1714 Si
678 1688 779 1715 sciretis
791 1689 856 1722 quid
870 1696 919 1723 est,
930 1691 979 1716 mi-

190 1730 364 1757 sericordiam
382 1731 451 1765 volo,
466 1737 490 1758 et
511 1740 564 1759 non
584 1733 757 1767 sacri/icium,
777 1743 910 1770 nunquam
925 1737 978 1762 uti-

189 1784 238 1811 que
254 1777 473 1805 condcmnauetis
492 1778 655 1808 innocentes.
666 1779 719 1808 Sed
737 1780 773 1808 illi
790 1782 824 1808 ad
843 1782 900 1809 hinc
914 1783 978 1816 quid

191 1821 332 1849 referunt?
343 1823 434 1850 liixati
453 1828 589 1850 suntcum
606 1824 697 1858 pueris
716 1824 786 1858 ejus,
801 1829 829 1852 et
844 1825 976 1853 dicunt“:

192 1865 255 1893 Non
270 1871 307 1893 est
321 1867 362 1894 hic
373 1868 450 1895 ltomo
462 1877 477 1894 a
488 1868 606 1903 Deo,qui
622 1867 767 1896 Sabbatum
786 1878 837 1897 non
852 1871 977 1897 custodit.

192 1911 248 1938 lloc
258 1912 383 1947 95ergo
395 1913 474 1941 modo
484 1913 552 1941 fodit
564 1919 659 1948 puteos
668 1914 753 1948 lsaac,
770 1923 838 1950 quos
855 1916 978 1944 foderant

191 1957 266 1990 pueri
282 1959 367 1991 patris
393 1959 445 1986 sui.
472 1959 544 1986 Puer
559 1960 645 1993 patris
659 1961 700 1987 sui
722 1966 782 1988 erat
799 1961 915 1996 Moyses,
932 1963 978 1997 qui

191 2001 298 2030 foderat
309 2008 420 2038 puteum
439 2004 514 2040 legis.
542 2005 621 2032 Pueri
642 2007 727 2040 patris
741 2007 783 2034 sui
798 2012 878 2034 erant
896 2009 978 2037 David

192 2052 221 2075 et
242 2048 380 2082 Salomon,
395 2055 422 2078 et
441 2051 590 2086 prophetas,
609 2053 674 2080 etsi
689 2054 735 2088 qui
758 2053 803 2081 alii
828 2059 904 2086 sunt,
930 2056 977 2089 qui

193 2092 278 2121 libros
291 2095 459 2130 scripserant
470 2096 576 2125 Veteris
589 2098 768 2132 Tcstamenti,
785 2107 852 2134 quos
868 2105 976 2128 terrena

192 2144 221 2166 et
234 2140 341 2167 sordida
355 2141 505 2175 repleverat
520 2143 695 2178 intelligentia
707 2145 874 2173 Judzcorum.
889 2147 974 2180 Quam

193 2192 255 2212 cum
269 2185 347 2212 vellet
357 2195 472 2222 purgare
484 2189 569 2221 Isaac,
584 2195 611 2216 et
622 2192 765 2218 ostendere
775 2193 837 2226 quia
849 2200 978 2227 quascun-

192 2237 246 2264 que
263 2230 305 2257 lex
329 2237 356 2258 ct
374 2233 513 2267 prophetae
529 2234 667 2267 dixerunt,
696 2235 730 2263 de
756 2237 814 2270 ipso
840 2238 977 2270 dixerunt,

195 2275 275 2301 rixati
293 2280 355 2302 sunt
369 2284 429 2304 cum
443 2285 476 2305 eo
490 2278 656 2306 Philisthini.
676 2279 727 2307 Sed
743 2281 858 2309 discedit
877 2282 910 2309 ab
928 2283 978 2310 eis.

193 2320 253 2348 Non
270 2322 341 2348 enim
357 2327 446 2357 potest
466 2331 527 2351 esse
537 2331 596 2351 cum
611 2325 664 2357 eis,
677 2327 723 2360 qui
739 2327 763 2353 in
782 2328 870 2362 puteis
886 2329 981 2356 nolunt

195 2373 292 2400 aquam
316 2368 429 2401 habere,
447 2371 493 2397 sed
514 2375 627 2397 terram.
643 2371 676 2398 Et
702 2373 766 2400 dicit
794 2374 834 2401 eis
848 2375 870 2390 ν’
888 2383 895 2400 :
913 2373 981 2401 Ecce

195 2412 357 2447 relinquetur
377 2415 448 2442 vobis
464 2417 557 2444 domus
580 2424 665 2445 vestra
683 2419 796 2446 deserta.
815 2419 894 2447 Fodit
916 2427 982 2455 ergo

996 2167 1018 2195 D

230 2488 253 2530 ’ξ
265 2491 329 2521 Luc.
347 2502 384 2526 XI,
401 2495 446 2522 5‘2.
484 2498 507 2517 θ’
526 2497 618 2524 Matth.
631 2506 679 2530 xu,
700 2499 727 2526 2.
765 2500 787 2515 ’³³
801 2500 865 2528 ibid.

198 2571 260 2595 Im,
275 2563 319 2590 5‘2.

197 2634 250 2660 uisi
266 2633 334 2666 quod
350 2631 534 2666 yuﬁcrara,
548 2641 599 2659 non
615 2634 749 2667 significet
765 2635 918 2666 maceriam,
936 2636 982 2662 sed

198 2669 430 2701 peregrinationem
448 2676 461 2694 a
477 2671 534 2703 ‘11:,
549 2670 731 2703 peregrinari,
753 2670 795 2696 vel
817 2669 982 2701 conflictum,

198 2711 212 2729 a
227 2708 291 2732 m1.
307 2703 441 2737 conﬂixit;
457 2703 497 2731 vel
509 2704 661 2736 sectionem,
677 2710 759 2736 a'm,
772 2706 922 2735 secuitn't:
935 2713 983 2731 au-

199 2742 252 2763 tem
267 2738 400 2771 s.gniticat
422 2738 572 2767 maceriam.
597 2739 733 2775 Origenes
759 2739 848 2774 itaque
876 2740 983 2774 legebat

196 2776 240 2802 tu
254 2778 361 2806 ναι-τη

932 75 1087 106 OltlUENIS

230 2499 252 2509 ‘”
266 2499 329 2521 Luc.
347 2502 384 2526 xu,
401 2499 446 2522 52.
484 2499 507 2517 θ’
526 2499 618 2524 Matth.
631 2506 679 2530 xu,
700 2499 727 2526 2.
765 2500 787 2515 ’³³
801 2500 865 2528 ibid.
923 2501 946 2517 νδ
957 2500 977 2528 ,Ιι

196 2529 219 2544 ⁸⁷
236 2528 332 2569 (leues.
344 2538 418 2564 nvi,
431 2532 475 2558 2'2.
511 2533 534 2548 ⁸⁸
550 2532 619 2559 l’sal.
634 2541 713 2568 Lxxv,
728 2534 751 2561 l.
791 2535 814 2550 ⁹⁹
834 2534 905 2562 Psal.
923 2544 977 2563 xvu

1036 2522 1037 2526 η
1062 2508 1100 2532 IX,
1117 2499 1160 2526 l6.
1232 2499 1254 2514 "
1278 2499 1373 2526 Matth.
1389 2505 1468 2528 ut",
1482 2499 1530 2532 δι
1583 2499 1605 2512 νδ
1622 2499 1641 2522 Α

1036 2556 1039 2563 .
1079 2536 1086 2550 ¹
1102 2535 1198 2562 Matth.
1216 2541 1313 2565 xxviii,
1331 2534 1372 2560 l9.
1411 2533 1421 2547 '
1433 2532 1505 2559 l’sal.
1521 2539 1601 2564 mu,
1616 2531 1641 2558 1.

1766 79 1827 108 2'»!

1028 137 1104 164 Isaac
1129 141 1156 163 et
1182 143 1266 164 novos
1283 141 1388 171 puteos,
1415 136 1469 163 imo
1498 135 1574 171 pueri
1598 134 1673 163 Isaae
1693 134 1828 163 fodiunt.

1028 183 1107 210 Pueri
1135 187 1197 210 sunt
1228 182 1312 213 Isaac,
1343 182 1499 214 Matthteus,
1525 181 1642 213 Marcus,
1668 180 1766 207 Lucas
1799 185 1830 207 et

1027 227 1245 256 Joannes.Pueri
1262 228 1321 263 ejus
1331 233 1395 255 sunt
1418 227 1527 259 Petrus,
1542 226 1658 254 Jaeohus
1672 230 1698 252 et
1711 225 1828 256 Judas;

1028 281 1094 307 puer
1112 273 1170 306 ejus
1181 277 1223 300 est
1240 278 1267 300 et
1280 273 1417 307 apostolus
1437 272 1547 304 Paulus,
1567 272 1612 306 qui
1634 278 1734 298 omnes
1749 270 1823 297 Novi

1028 319 1198 348 Testamenti
1207 325 1301 354 puteos
1308 319 1423 346 fodiunt.
1432 318 1485 345 Sed
1498 323 1524 345 et
1534 325 1582 352 pro
1595 317 1639 344 his
1648 316 1830 343 altercamur

1028 366 1066 394 illi
1083 367 1127 400 qui
1145 371 1253 394 terrena
1270 366 1389 400 sapiunt,
1408 373 1457 392 nec
1479 372 1548 392 nova
1568 364 1648 392 condi
1665 364 1828 398 patiuntur,

1028 421 1079 441 nec
1093 418 1186 441 vetera
1202 413 1324 448 purgari.
1334 411 1503 446 Evangelicis
1516 411 1603 446 puteis
1613 410 1827 440 contradicunt,

1029 459 1182 493 apostolicis
1193 459 1381 486 adversantur.
1398 457 1429 484 Et
1437 457 1565 492 quoniam
1575 457 1602 483 in
1612 455 1744 483 erunibus
1756 462 1829 481 con-

1028 505 1175 536 tradicunt,
1193 504 1219 530 in
1241 503 1367 530 omnibus
1386 503 1504 537 litigant,
1532 502 1631 529 dicitur
1647 501 1681 528 ad
1702 507 1757 527 eos
1771 500 1796 515 ’⁵
1819 509 1826 525 :

1030 550 1161 582 Quoniam
1176 551 1300 585 indignos
1315 558 1360 576 vos
1375 549 1473 583 fecistis
1485 549 1574 584 gratia
1590 548 1649 581 Dei,
1661 546 1755 574 exhoc
1763 546 1828 580 jura

1028 597 1063 624 ad
1074 602 1161 632 gentes
1176 597 1282 623 ibimus.

1064 644 1090 670 5.
1110 643 1172 670 Post
1190 643 1247 670 hrec
1265 649 1332 676 ergo
1354 641 1421 668 fodit
1439 641 1547 668 tertitun
1563 644 1675 674 puteum
1691 639 1785 669 lsaac.
1801 643 1826 664 et

1029 687 1168 721 appellavit
1193 695 1286 713 nomen
1310 686 1361 712 loci
1380 686 1452 712 illitis
1467 685 1631 719 Amplitudo,
1650 685 1743 711 dicens
1761 684 1825 718 quia

1029 742 1098 760 nunc
1110 733 1232 760 dilatavit
1248 741 1294 759 nos
1310 731 1447 763 Dominus,
1458 736 1482 757 et
1502 730 1575 757 auxit
1597 737 1644 756 nos
1667 737 1752 763 super
1773 734 1828 755 ler-

1029 788 1085 806 ram
1097 779 1131 806 9’.
1151 779 1220 806 Vere
1235 779 1307 805 enim
1321 778 1448 805 dilatatus
1461 781 1503 804 est
1517 775 1603 809 Isaac,
1617 780 1644 802 et
1656 781 1770 803 auctum
1783 779 1827 802 est

1028 831 1128 851 nomen
1144 822 1203 857 ejus
1219 829 1301 857 super
1316 827 1427 853 terram,
1454 828 1514 848 cum
1530 819 1689 854 adimplevit
1701 820 1729 846 in
1744 819 1826 846 nobis

1029 871 1170 898 scientiam
1188 869 1346 896 Trinitatis.
1367 867 1445 895 'l‘unc
1463 867 1535 894 enim
1558 870 1662 893 tantum
1677 866 1704 892 in
1727 865 1824 893 Judzna

1031 920 1111 943 notus
1123 919 1184 942 erat.
1210 915 1293 946 Deus,
1308 919 1335 941 et
1350 915 1376 941 in
1395 912 1476 941 Israel
1494 919 1620 946 magnum
1642 919 1743 939 nomen
1763 911 1824 945 ejus

1028 962 1221 989 nominabatur
1239 961 1274 994 9';
1292 967 1364 987 nunc
1380 964 1469 986 autem
1486 959 1622 985 inomnem
1631 963 1730 984 terram
1742 957 1822 983 exivit

1029 1016 1109 1035 sonus
1120 1015 1222 1040 eorum,
1239 1012 1261 1033 et
1277 1007 1303 1033 in
1326 1006 1390 1040 fines
1406 1005 1476 1032 orbis
1492 1010 1570 1031 terrm
1582 1004 1660 1030 verba
1675 1011 1771 1030 eorum
1788 1003 1822 1028 ⁸³.

1029 1053 1131 1080 Euntes
1144 1053 1216 1080 cuitu
1229 1052 1306 1087 pueri
1322 1052 1396 1078 Isaac
1406 1058 1454 1086 per
1468 1050 1622 1078 universum
1631 1049 1728 1076 orbem
1742 1053 1822 1075 terra!

1030 1099 1158 1127 foderunt
1173 1102 1278 1132 puteos,
1295 1102 1322 1124 et
1335 1104 1432 1132 aquam
1449 1096 1538 1123 vivam
1550 1095 1677 1123 omnibus
1690 1093 1823 1121 ostende-

1030 1149 1104 1176 runt,
1118 1144 1281 1178 baptiznntcs
1295 1151 1384 1170 omnes
1403 1147 1490 1177 gentes
1510 1143 1539 1168 in
1558 1141 1662 1168 nomine
1678 1139 1784 1171 Patris,
1797 1144 1821 1165 et

1031 1189 1107 1223 Filii,
1124 1194 1149 1216 et
1165 1189 1280 1224 Spiritus
1299 1189 1383 1216 sancti
1400 1188 1419 1215 ‘.
1438 1187 1544 1215 Domini
1559 1187 1630 1215 enim
1646 1191 1685 1213 est
1697 1191 1783 1218 terra,
1797 1188 1821 1210 ct

1029 1236 1165 1271 plenitudo
1180 1235 1237 1270 ejus
1251 1235 1271 1262 '.
1290 1234 1342 1262 Sed
1361 1239 1388 1261 et
1401 1233 1586 1268 unusquisque
1611 1236 1748 1263 nOstrum,
1774 1230 1820 1264 qui

1031 1283 1142 1309 verbum
1159 1282 1207 1308 Dei
1223 1281 1373 1313 ministrat,
1391 1284 1502 1315 puteum
1523 1279 1600 1311 fodit,
1621 1282 1646 1306 et
1665 1285 1767 1313 aquam
1784 1276 1822 1302 vi-

1031 1334 1092 1354 vam
1107 1327 1214 1361 qumrit,
1232 1334 1264 1354 ex
1280 1333 1333 1361 qua
1349 1326 1453 1353 relieiat
1464 1325 1613 1353 auditores.
1626 1324 1654 1351 Si
1667 1331 1735 1358 ergo
1752 1323 1820 1349 inci-

1031 1372 1103 1407 piam
1111 1376 1192 1407 etego
1204 1377 1325 1399 veterani
1337 1371 1407 1399 dicta
1420 1372 1567 1403 discutere,
1579 1375 1605 1397 et
1616 1377 1727 1397 sensum
1741 1368 1769 1395 in
1782 1367 1820 1395 eis

1032 1425 1157 1452 quwrere
1171 1417 1333 1452 spiritalem,
1350 1417 1373 1444 si
1393 1420 1508 1444 conatus
1524 1415 1601 1443 fuero
1615 1415 1739 1442 velamen
1754 1413 1820 1447 legis

1034 1470 1169 1494 amovere,
1195 1467 1222 1489 et
1242 1461 1387 1489 ostendere
1404 1461 1546 1494 allegorica
1564 1467 1624 1488 esse
1645 1466 1706 1494 qua:
1719 1458 1820 1492 scripta

1031 1513 1105 1542 sunt,
1114 1508 1186 1536 fodio
1193 1508 1302 1543 quidem
1310 1512 1417 1542 puteos,
1429 1507 1475 1534 sed
1487 1506 1577 1533 statim
1592 1505 1658 1532 mihi
1673 1504 1820 1531 movebunt

1032 1554 1184 1582 calumnias
1201 1554 1281 1580 amici
1296 1553 1404 1586 litterae,
1416 1557 1444 1580 et
1460 1552 1663 1579 insidiabuntur
1675 1550 1756 1582 mihi,
1769 1548 1820 1575 iui-

1032 1600 1149 1628 micitias
1165 1599 1293 1627 continuo
1309 1603 1337 1626 et
1359 1597 1561 1633 persecutiones
1578 1596 1725 1631 parabunt,
1749 1594 1818 1622 veri-

1033 1651 1115 1673 tatem
1134 1649 1265 1680 negantes
1283 1649 1358 1672 stare
1371 1651 1450 1678 posse
1467 1643 1521 1671 nisi
1535 1650 1616 1677 super
1627 1647 1742 1668 terram.
1765 1640 1818 1667 Sed

1032 1699 1082 1720 nos
1098 1692 1121 1719 si
1136 1692 1211 1718 Isaac
1226 1690 1303 1724 pucri
1316 1697 1419 1722 sumus,
1433 1693 1529 1724 puteos
1543 1695 1619 1723 aquae
1637 1688 1705 1714 vivae
1725 1686 1819 1720 diliga.

1033 1744 1092 1764 n.us
1108 1741 1136 1763 et
1156 1736 1254 1767 fontes,
1268 1742 1282 1761 a
1298 1734 1424 1769 litigiosis
1445 1739 1472 1761 ct
1489 1733 1731 1760 calumniatoribus
1745 1738 1819 1758 rece-

1032 1782 1139 1813 damus,
1152 1785 1179 1808 et
1192 1780 1377 1814 relinquamus
1396 1786 1442 1806 eos
1457 1779 1484 1806 in
1505 1783 1577 1806 terra
1594 1785 1674 1812 quant
1693 1777 1817 1811 diligunt.

1032 1826 1086 1855 Nos
1103 1834 1167 1854 vero
1183 1832 1321 1860 nunquam
1336 1832 1473 1852 cessemus
1490 1829 1587 1858 puteos
1603 1831 1681 1858 aqua:
1695 1824 1765 1850 viva:
1777 1821 1817 1848 fo-

1033 1873 1133 1900 diendo
1147 1881 1154 1899 :
1168 1877 1278 1900 etnunc
1293 1871 1403 1906 quidem
1422 1875 1525 1902 vetera,
1550 1877 1620 1898 nunc
1643 1870 1727 1897 etiam
1751 1875 1817 1895 nova

1031 1917 1210 1950 discutiendo,
1220 1916 1367 1944 efﬁciamur
1378 1914 1481 1943 similes'
1493 1916 1530 1943 illi
1538 1915 1694 1950 evangelica
1714 1914 1817 1945 scriba'.

1032 1963 1065 1990 de
1079 1970 1131 1998 quo
1144 1963 1273 1990 Dominus
1285 1961 1354 1988 dixit
1366 1961 1387 1994 ³,
1400 1961 1463 1996 quia
1476 1960 1575 1996 profert
1588 1961 1619 1988 de
1631 1960 1756 1988 thesauro
1771 1966 1817 1986 sua

1032 2018 1096 2036 nova
1113 2014 1137 2035 et
1152 2013 1247 2035 vetera.
1264 2006 1317 2034 Sed
1335 2012 1363 2033 et
1377 2007 1399 2033 si
1412 2006 1473 2040 quis
1483 2014 1576 2034 eorum
1590 2014 1633 2034 tne
1643 2014 1718 2033 nunc
1731 2005 1818 2033 audiat

1032 2056 1224 2089 disputantem.
1233 2053 1278 2088 qui
1286 2052 1429 2080 saeculares
1436 2052 1541 2079 litteras
1549 2052 1634 2084 novit,
1645 2052 1713 2079 dicit
1722 2052 1817 2078 fortas-

1033 2108 1073 2134 se,
1082 2100 1179 2128 Nostra
1189 2105 1252 2127 sunt
1260 2100 1308 2126 ista
1317 2106 1376 2133 quae
1387 2098 1465 2130 dicis,
1474 2103 1501 2125 et
1513 2102 1612 2124 nostra:
1626 2098 1693 2125 artis
1701 2095 1816 2124 eruditio

1033 2152 1084 2179 esl;
1096 2147 1152 2173 haec
1161 2146 1217 2180 ipsa
1226 2152 1285 2179 qua:
1293 2145 1414 2179 disputas
1422 2148 1449 2171 et
1460 2144 1552 2176 doces,
1564 2148 1656 2170 nostra
1667 2141 1816 2177 eloquentia

1032 2196 1082 2218 est.
1100 2191 1133 2217 Et
1148 2195 1236 2216 movet
1260 2188 1324 2216 mihi
1345 2189 1405 2216 lites
1420 2188 1493 2215 velut
1508 2188 1685 2215 Philisthinus
1698 2187 1814 2222 quidam.

1034 2237 1136 2268 dicens,
1147 2236 1210 2270 quia
1223 2235 1249 2262 in
1267 2242 1328 2262 meo
1340 2234 1397 2262 Solo
1412 2233 1505 2261 fodiin
1521 2238 1676 2268 puteum.et
1688 2231 1816 2260 videbitur

1035 2283 1086 2311 sibi
1102 2282 1200 2309 merito
1218 2281 1371 2313 vindicare,
1391 2287 1449 2314 qua:
1462 2279 1579 2314 propriae
1592 2284 1671 2307 terra:
1680 2283 1753 2306 sunt.
1769 2276 1816 2302 Ve-

1036 2336 1097 2356 rum
1118 2328 1151 2354 ad
1175 2328 1233 2354 lucc
1251 2334 1301 2362 ego
1324 2326 1512 2361 respondebo,
1538 2325 1602 2360 quia
1628 2325 1708 2352 habet
1734 2321 1816 2350 annuis

1036 2379 1107 2402 terra
1132 2381 1234 2407 aquas,
1260 2372 1306 2400 sed
1324 2373 1369 2407 qui
1395 2372 1576 2399 Philisthinus
1591 2375 1644 2403 est,
1661 2375 1688 2398 et
1716 2373 1814 2397 terrena

1035 2419 1115 2453 sapit,
1134 2418 1223 2446 nescit
1238 2417 1265 2444 in
1285 2417 1360 2444 Ortini
1377 2421 1450 2444 terra
1465 2416 1589 2443 invenire
1604 2422 1715 2450 aquam,
1734 2412 1815 2441 nescit

1583 2496 1605 2512 να
1622 2496 1683 2523 Act.
1701 2504 1757 2526 λιιι,
1773 2493 1813 2521 Δῧ.

1232 2499 1254 2514 ⁸⁸
1278 2497 1373 2526 Matth.
1389 2505 1468 2528 ut",
1482 2497 1530 2532 δι
1583 2497 1605 2512 νδ
1622 2497 1683 2523 Act.
1701 2504 1757 2526 aut,
1773 2497 1812 2521 46.

1236 2541 1313 2558 xvut.
1331 2534 1372 2558 l9.
1411 2533 1421 2547 ¹
1433 2532 1505 2558 l’sal.
1521 2539 1601 2558 XXIII.
1616 2531 1641 2558 1.
1699 2532 1709 2547 ³
1724 2530 1812 2558 Matth.

1074 2635 1129 2670 (85)
1146 2635 1232 2666 Alias,
1246 2635 1299 2662 rult
1312 2644 1378 2670 quos
1400 2635 1612 2669 foderant...vnlt
1636 2640 1727 2668 puteos
1743 2633 1813 2660 initae

1036 2679 1108 2697 vare.
1128 2670 1181 2697 Sed
1199 2678 1265 2696 mss.
1281 2676 1311 2696 ut
1326 2671 1351 2697 in
1369 2675 1462 2696 nostro
1479 2676 1565 2697 textu.

1073 2705 1129 2740 (86)
1153 2703 1206 2740 \lox
1221 2704 1356 2740 Christum
1372 2705 1446 2731 deest
1463 2705 1488 2730 in
1512 2711 1591 2732 antea
1604 2704 1696 2736 editis,
1704 2703 1763 2740 sed
1774 2711 1812 2729 rc-

1035 2738 1139 2773 peritur
1151 2739 1182 2765 in
1201 2747 1266 2766 mss.
1280 2738 1352 2766 Infra
1368 2746 1445 2772 mss.,
1463 2745 1486 2765 et
1499 2748 1581 2774 aquas
1595 2741 1681 2768 sandi
1695 2738 1810 2774 Spiritui.

1034 2774 1120 2806 Alias,
1137 2778 1159 2800 cl
1174 2782 1268 2808 aquam
1284 2774 1365 2802 sancti
1381 2774 1507 2808 Spiritus.
