1900 3060
59 107 102 135 255

642 103 674 131 ΙΝ
689 103 837 131 GENESIM
860 102 1001 130 IIOMILIA
1020 102 1089 130 XIII.

1621 105 1672 132 251

62 167 86 192 in
95 163 157 191 omni
166 163 261 191 anima
274 163 392 191 inveniri
404 162 595 190 rationabilem
610 169 723 190 sensum
732 162 838 189 etima-
851 165 874 192 Α
889 160 979 195 imago
999 160 1046 187 Dei
1062 160 1159 192 latens,
1173 164 1199 186 rt
1220 159 1292 186 hunc
1307 164 1416 194 puteum
1432 159 1576 191 Philistini,
1595 162 1619 187 id
1633 170 1673 189 est

61 210 137 246 ginem
153 209 197 237 Dei
220 209 290 244 (8'1),
307 209 394 237 nescit
407 209 499 240 tidem,
518 208 658 242 pietatem,
676 207 835 242 religionem

61 260 130 289 posse
144 254 167 282 in
180 255 310 282 omnibus
327 253 454 281 inveniri.
469 252 537 286 Quid
554 253 600 280 tibi
613 253 722 287 prodest
736 252 837 280 habere

61 299 240 332 eruditionem,
256 304 284 326 et
301 300 410 327 nescire
422 307 453 326 ea
462 299 547 331 uti,et
562 298 662 326 habere
673 304 836 330 sermonem,

60 351 87 375 et
96 346 192 374 nescire
203 346 294 380 loqui‘i
311 345 467 381 Istudropus
477 345 588 379 proprie
600 351 746 378 puerorum
763 343 838 372 Isaac

62 397 107 425 est,
121 392 162 427 qui
177 392 203 419 in
225 391 300 419 omni
326 396 399 419 terra
417 390 524 418 fodiunt
550 396 647 424 puteos
667 397 743 425 aqua:
758 391 837 423 vivae,

63 437 86 465 id
100 441 144 469 est,
159 437 232 464 omni
243 437 342 464 animae
354 435 467 463 verbum
482 434 529 462 Dei
544 434 703 469 loquuntur,
718 439 746 462 et
759 435 837 462 inve—

63 483 131 511 niunt
140 482 266 510 lruetum.
278 482 400 517 Denique
413 481 453 509 vis
466 481 572 513 videre,
585 488 656 508 unus
670 487 738 515 puer
752 481 837 514 Isaac,

62 534 168 565 quantos
179 533 280 564 puteos
297 529 324 556 in
337 534 409 555 terra
425 528 636 561 alienigenarum
646 526 763 554 foderit?
773 526 840 554 Vide

63 576 176 608 Paulum,
196 575 242 609 qui
268 575 301 601 ab
319 574 489 602 Ilierusalem
510 574 535 600 in
560 573 675 601 circuitu
693 580 779 606 usque
805 572 839 599 ad

63 621 186 656 Illyricum
207 620 324 655 replevit
338 619 512 655 Evangelium
527 619 574 647 Dei
587 618 608 646 ‘.
623 618 676 646 Sed
688 626 736 653 per
747 618 839 653 singu-

64 668 99 695 lns
117 668 179 695 istos
190 672 288 702 puteos
298 667 503 702 persecutiones
519 673 615 701 passus
627 670 667 694 est
681 665 840 692 Philistino-

63 722 127 742 rum.
142 714 210 741 Audi
229 714 316 749 ipsum
334 714 470 741 dicentem
483 713 516 741 δι
537 713 643 746 Quanla
662 712 840 739 miliiaccide-

64 765 120 786 runt
147 759 244 792 Iconii,
268 758 386 794 Lystris,
403 763 503 793 quanta
532 758 559 785 in
583 757 707 792 Epheso!
731 757 841 790 Quoties

62 813 142 832 caesus
151 810 178 833 et
191 806 300 841 quoties
316 805 449 840 lapidatus
462 804 524 832 est?
537 804 645 839 quoties
662 804 792 838 pugnavit
806 803 840 830 ad

888 210 1037 240 potestates
1049 207 1179 238 adversae,
1194 205 1365 240 repleverunt
1382 209 1463 232 terra.
1488 206 1565 238 Quali
1582 212 1653 234 terra
1666 208 1675 234 2

888 251 1052 278 Carnalibus
1068 252 1204 284 sensibus,
1225 255 1252 278 et
1280 251 1394 278 terrenis
1411 251 1634 285 cogitationibus,
1649 257 1677 279 et

888 302 1029 332 propterea
1043 297 1213 332 portavimus
1230 297 1375 333 imaginem
1396 297 1506 324 terreni.
1524 297 1600 325 Tune
1611 305 1677 332 ergo

888 351 951 371 cum
967 348 1138 379 portarenius
1150 343 1294 377 imaginem
1309 343 1421 376 terreni,
1436 343 1571 371 Philistiui
1589 345 1678 380 replum

888 394 986 417 verunt
1004 394 1077 417 terra
1093 394 1189 425 puteos
1203 395 1321 416 nostros.
1337 389 1389 417 Sed
1406 398 1477 417 nunt:
1490 392 1617 425 quoniam
1633 400 1677 418 ve-

890 436 931 463 nit
957 440 1053 463 noster
1069 436 1155 468 Isaac,
1181 436 1361 470 suscipiamus
1386 435 1443 469 ejus
1467 437 1624 469 adventum,
1645 443 1678 465 'et

890 482 1025 510 fodiamus
1039 487 1136 517 puteos
1157 486 1277 514 nostros,
1293 485 1320 508 et
1342 481 1502 515 abjieiamus
1517 483 1550 510 al)
1566 484 1605 511 eis
1619 489 1676 511 ter-

890 536 948 556 ram
960 536 967 561 ;
981 535 1128 563 purgemus
1139 535 1188 555 eos
1204 529 1239 555 ab
1251 527 1378 555 omnibus
1393 528 1529 560 sordibus,
1543 533 1570 556 et
1583 537 1597 556 a
1611 538 1678 557 eun-

890 574 943 601 etis
955 574 1167 610 cogitationibus
1181 574 1263 601 luteis
1278 578 1306 601 et
1321 575 1446 607 terrenis,
1463 579 1490 602 et
1508 575 1679 603 inveniemus

892 621 918 647 in
932 620 972 647 eis
985 627 1083 655 aquam
1097 620 1198 653 vivam,
1218 619 1302 653 illam,
1318 619 1352 647 de
1365 627 1418 654 qua
1431 620 1497 647 dicit
1514 621 1570 656 (88)
1584 621 1678 648 Domi-

891 666 984 693 nus“:
994 666 1045 699 Qui
1059 666 1140 693 credit
1153 666 1181 693 in
1195 674 1247 698 me,
1262 666 1373 700 ﬂumina
1384 666 1416 692 de
1427 671 1514 693 ventre
1528 667 1585 701 ejus
1598 668 1679 702 ﬂuent

891 719 967 746 aqum
981 711 1057 738 vim.
1071 711 1139 738 \‘ide
1154 715 1255 745 quanta
1277 710 1312 737 sit
1326 711 1474 738 liberalitas
1494 712 1610 739 Domini.
1627 712 1681 740 Pu-

893 761 950 784 teos
965 757 1137 792 repleverunt
1151 757 1300 789 Philistini,
1315 761 1342 783 et
1356 764 1439 784 venas
1459 758 1538 785 nobis
1547 766 1679 793 aquarum

894 803 978 830 exiles
991 808 1017 830 et
1035 808 1129 830 tenues
1151 803 1318 836 inviderunt,
1331 808 1359 831 et
1372 811 1420 838 pro
1441 803 1483 831 his
1499 804 1577 832 nobis
1593 804 1681 832 fontes

64 852 176 879 bestias?
193 838 240 879 sed
258 838 409 887 permansit
428 838 569 887 usquequo
592 851 680 878 exiret
697 851 729 878 ad
749 850 841 878 latitu-
856 838 878 865 Β
899 849 1048 875 redduntur
1066 853 1093 874 et
1106 847 1226 875 flumina.

63 898 158 930 dinem,
175 898 202 925 id
226 902 269 925 est
288 905 428 933 usquequo
450 899 476 925 in
493 898 574 926 totius
597 898 673 926 orbis
689 902 768 924 terrae
783 896 843 923 lati-

63 945 149 972 tudine
171 944 308 972 Ecclesias
330 944 486 972 collocaret.
513 943 558 971 Sic
574 951 639 979 ergo
669 943 752 977 putei,
774 949 843 977 quos

62 989 312 1022 foditAbraham,id
325 994 376 1021 est,
390 989 539 1024 Scripturae
548 989 654 1016 Veteris
665 987 840 1019 Testamenti,

61 1037 148 1072 repleti
173 1042 237 1063 sunt
253 1040 325 1067 terra
340 1043 355 1062 a
372 1035 537 1066 Philistinis,
554 1034 613 1061 sive
624 1041 638 1060 a
655 1033 733 1060 malis
748 1033 842 1060 docto-

61 1083 139 1114 ribus,
156 1081 262 1109 Scribis
277 1086 303 1108 et
320 1081 476 1113 Pharisaeis,
503 1080 561 1107 sive
579 1080 661 1107 etiam
678 1078 844 1106 adversariis

58 1128 234 1162 potestatibus
251 1136 258 1154 :
271 1131 299 1154 et
312 1126 446 1154 obturatas
458 1131 523 1153 sunt
538 1133 633 1152 eorum
650 1132 736 1157 venae,
750 1131 783 1151 ne
797 1131 844 1158 po-

58 1179 111 1200 tum
125 1173 268 1208 praebeant
283 1173 325 1200 his
339 1173 386 1207 qui
399 1180 433 1200 ex
451 1173 589 1200 Abraham
605 1175 678 1198 sunt.
698 1170 756 1197 Non
770 1170 843 1197 enim

56 1218 172 1254 populus
196 1217 242 1245 ille
262 1217 356 1245 bibere
375 1221 463 1252 potest
477 1216 510 1244 de
523 1216 683 1250 Scripturis,
703 1215 750 1242 sed
771 1214 843 1242 sitim

56 1265 157 1299 patitur
170 1264 249 1292 verbi
266 1263 315 1291 Dei
329 1263 416 1291 donec
431 1263 520 1290 veniat
545 1261 620 1289 Isaac
636 1266 663 1288 et
676 1262 782 1296 aperiat
796 1268 844 1288 eas

57 1316 83 1336 ut
96 1311 194 1338 bibant
213 1310 290 1344 pueri
308 1309 361 1337 sui.
381 1308 475 1336 Gratia
490 1316 555 1343 ergo
568 1308 623 1335 lilio
635 1308 752 1335 Abrahae
763 1308 844 1336 Chri-

54 1361 106 1388 sto,
119 1356 154 1384 de
170 1363 226 1390 quo
241 1355 373 1389 scriptum
391 1359 435 1382 est
449 1355 459 1370 °
474 1362 481 1381 :
498 1354 577 1381 Liber
590 1355 766 1390 generationis
780 1353 844 1382 Iesu

54 1402 162 1435 Christi,
171 1401 222 1436 ﬁlii
232 1401 328 1433 David,
341 1401 392 1435 ﬁlii
400 1400 545 1433 Abraham,
560 1401 605 1435 qui
615 1401 688 1428 venit
701 1408 728 1428 et
740 1401 847 1436 aperuit

55 1448 132 1474 nobis
154 1452 262 1481 puteos.
276 1446 354 1482 Ipsos
372 1446 444 1473 enim
463 1446 604 1481 aperiebat
627 1446 692 1480 illis,
709 1447 755 1481 qui
769 1447 846 1474 dice-

54 1493 132 1520 bant"
147 1504 153 1520 :
174 1492 271 1519 Nonne
281 1501 327 1520 cor
338 1496 458 1519 nostrum
471 1493 567 1520 ardens
580 1497 636 1519 erat
645 1493 673 1519 in
686 1493 770 1525 nobis,
785 1501 845 1520 cum

53 1539 166 1572 aperiret
185 1538 260 1565 nobis
274 1537 449 1572 Scripturas?
460 1537 573 1572 Aperuit
591 1545 655 1572 ergo
671 1538 721 1565 hos
738 1543 842 1573 puteos,

54 1589 77 1610 et
90 1583 191 1611 vocavit
210 1591 267 1615 eos,
280 1583 402 1618 inquit“,
417 1583 484 1610 sicut
501 1588 636 1610 vocaverat
649 1591 692 1610 eos
709 1583 844 1610 Abraham

53 1634 126 1662 pater
135 1637 212 1656 suus.
225 1627 283 1655 Non
296 1627 367 1655 enim
379 1627 672 1655 immutavitvocabula
687 1632 842 1662 puteorum.

54 1674 85 1702 Et
95 1680 138 1702 est
156 1675 256 1702 mirum
271 1674 342 1709 quod
366 1673 473 1708 Moyses
488 1673 570 1700 etiam
586 1673 658 1707 apud
677 1681 726 1701 nos
740 1673 845 1709 Moyses

53 1720 218 1754 appellatur,
244 1723 274 1747 et
301 1720 441 1754 propheta:
458 1718 645 1753 unusquisque
661 1727 710 1746 suo
735 1719 845 1747 nomine

53 1766 236 1800 appellantur.
255 1764 315 1792 Non
331 1765 405 1792 enim
421 1764 547 1792 Christus
563 1765 588 1792 in
603 1765 644 1793 eis
658 1765 780 1799 nomina,
796 1766 843 1793 sed

54 1810 262 1845 intelligentiam
277 1809 465 1837 commutavit.
492 1808 679 1835 Commutavit
704 1812 793 1835 autem
816 1809 843 1836 in

52 1864 93 1888 eo,
107 1861 139 1883 ut
160 1856 218 1891 jam
236 1855 308 1882 ultra
324 1862 378 1882 non
398 1854 572 1882 attendamus
585 1853 706 1881 Judaieis
732 1853 842 1886 fabulis,

51 1908 77 1929 et
96 1901 269 1938 genealogiis
282 1901 406 1934 inﬁnitis,
428 1901 492 1936 quia
515 1909 532 1927 a
554 1901 663 1928 veritate
679 1900 783 1936 quidem
795 1908 845 1927 au-

50 1950 135 1975 dilum
155 1952 289 1980 avertunt,
316 1947 350 1974 ad
380 1947 485 1982 fabulas
509 1952 596 1974 autem
622 1947 842 1974 convertuntur’.

49 1995 167 2029 Aperuit
183 2003 249 2030 ergo
264 1999 371 2030 puteos,
398 1999 426 2022 et
450 1993 544 2022 docuit
562 2001 622 2026 nos,
636 1997 665 2020 ut
683 2001 735 2021 non
753 1993 844 2028 aliquo

48 2041 106 2069 loco
136 2049 298 2076 quaeramus
321 2040 418 2073 Deum,
436 2041 482 2068 sed
507 2040 627 2067 sciamus
639 2040 710 2074 quod
730 2039 756 2066 in
770 2040 844 2066 onmi

48 2092 120 2113 terra
136 2087 253 2114 otl'ertur
262 2085 426 2113 sacriﬁcium
437 2086 540 2113 nomini
560 2085 618 2121 ejus
632 2085 664 2110 ιο.
678 2084 756 2113 Nunc
772 2085 844 2112 enim

47 2133 112 2160 illud
132 2138 174 2160 est
194 2139 303 2166 teuipus
320 2132 430 2167 quando
454 2133 511 2160 veri
540 2132 698 2159 adoratores
727 2131 846 2159 adorant

45 2178 180 2209 Patrem,
209 2185 298 2212 neque
328 2178 353 2204 in
380 2177 596 2213 llierosolyntis,’
616 2185 703 2212 neque
732 2177 759 2204 in
789 2177 884 2222 960

48 2230 146 2252 monte
168 2224 305 2256 Garizim,
323 2223 368 2250 sed
391 2224 417 2250 in
445 2223 541 2257 spiritu
559 2223 713 2249 etveritate
727 2223 758 2249 ".
784 2223 842 2250 Non

46 2277 112 2305 ergo
130 2271 159 2297 in
189 2271 260 2302 loeo,
286 2276 375 2304 neque
400 2269 425 2295 in
444 2273 516 2296 terra
535 2268 641 2295 habitat
660 2268 741 2300 Dens,
757 2268 803 2296 sed
817 2268 843 2294 in

46 2317 131 2343 corde
147 2316 265 2343 habitat.
282 2314 316 2341 Et
330 2315 352 2342 si
369 2315 457 2342 locum
485 2314 530 2342 Dei
549 2314 676 2349 requiris,
691 2322 740 2342 cor
763 2322 843 2342 mun-

48 2362 111 2389 dum
127 2368 172 2390 est
188 2362 265 2389 locus
289 2361 358 2396 ejus.
375 2361 404 2388 In
423 2361 475 2389 hoc
490 2368 607 2395 namque
630 2361 689 2387 loco
707 2360 845 2388 habitatu—

48 2416 106 2435 rum
121 2416 154 2436 se
171 2409 252 2439 dicit,
269 2415 331 2435 cum
349 2415 398 2441 per
416 2408 579 2441 prophetam
597 2407 636 2433 ait
649 2406 670 2422 ¹²
688 2415 696 2434 :
711 2405 844 2433 Habitabo

47 2454 72 2481 in
82 2457 136 2488 eis,
153 2460 179 2482 et
199 2454 371 2481 inambulabo
383 2463 392 2486 ;
406 2459 429 2480 el
444 2454 496 2487 ipsi
514 2458 591 2480 erunt
607 2453 670 2480 mihi
684 2454 806 2487 populus,
820 2457 844 2479 et

46 2509 89 2535 ego
110 2509 160 2528 ero
176 2501 235 2528 illis
262 2500 343 2534 Deus,
361 2501 422 2526 dicit
447 2499 588 2534 Dominus.
614 2498 682 2525 Vide
702 2506 766 2532 ergo
782 2499 845 2533 quia

46 2545 116 2574 forte
131 2548 261 2574 etiamin
272 2546 484 2580 uniuscujusque
495 2550 621 2572 nostrum
635 2544 726 2571 anima
742 2549 784 2571 est
796 2553 843 2579 pu-

46 2596 104 2619 teus
127 2600 213 2628 aqua:
230 2593 310 2623 virm,
325 2597 367 2619 est
392 2592 502 2625 quidam
528 2590 651 2617 coalestis
676 2597 791 2622 sensus,
817 2593 844 2616 et

78 2654 89 2668 ⁵
103 2653 191 2680 Rom.
209 2660 259 2683 sv,
272 2652 314 2679 I9.
353 2652 364 2667 ⁵
381 2651 400 2677 ιι
412 2650 481 2678 Tim.
497 2659 537 2682 In,
555 2652 601 2678 Η.
641 2651 652 2666 θ
665 2650 760 2677 Matth.
775 2658 795 2681 ι,

46 2689 66 2705 ¹⁶
81 2689 204 2716 Malach.
221 2695 240 2719 I,
260 2688 303 2714 il.

78 2748 137 2780 (87)
158 2747 249 2778 Alias,
263 2746 380 2773 invenire
395 2747 579 2773 rationabile»:
602 2754 706 2773 sensum
727 2745 762 2772 ad
775 2746 843 2772 ima-

49 2783 130 2813 ginem
144 2783 207 2810 Dei.
224 2783 260 2809 At
277 2789 344 2808 mss.
361 2787 390 2807 ut
407 2783 433 2807 in
451 2787 546 2809 nostro
562 2786 648 2809 textu.
830 2786 832 2788 ’

79 2819 137 2854 ωε)
156 2818 245 2848 Alias,
268 2817 344 2844 illam
365 2824 444 2850 quam
463 2817 543 2849 dicit;
566 2824 640 2850 mss.,
659 2816 730 2843 illam
749 2815 779 2843 tle
792 2824 844 2850 qua

210 2865 349 2894 I’ATROL.
375 2863 434 2893 Gn.
459 2862 528 2893 XII.

842 2650 852 2666 "
871 2649 936 2677 Luc.
952 2658 1026 2681 xxtv,
1043 2650 1088 2677 52.

339 2687 360 2702 ¹¹
376 2685 456 2713 Joan.
469 2694 504 2720 Iv,
519 2687 564 2718 21,
575 2687 619 2714 25.
658 2686 768 2712 "Levit.
782 2693 856 2717 xxvl,
870 2685 914 2712 12.

928 893 954 919 4.
979 893 1008 920 Si
1031 901 1095 928 ergo
1119 898 1146 921 et
1158 901 1206 921 vos
1228 895 1308 922 hodie
1329 896 1387 924 liter.
1403 897 1545 925 audientes
1566 898 1683 925 ﬁdeliter

893 939 1054 973 percipiatis
1081 940 1218 972 auditum,
1235 947 1369 975 operatur
1385 947 1412 970 et
1441 943 1466 970 in
1491 944 1568 972 vobis
1596 944 1682 977 Isaae,

893 989 990 1020 purgat
1005 985 1087 1012 corda
1103 990 1194 1013 vestra
1207 994 1222 1013 a
1239 988 1355 1015 terrenis
1370 989 1506 1022 sensibus,
1520 994 1547 1017 et
1560 990 1684 1018 videntes

894 1031 952 1058 haec
968 1035 1043 1058 tanta
1060 1032 1186 1066 mysteria
1201 1033 1228 1059 in
1245 1032 1395 1066 Scripturis
1409 1034 1510 1062 divinis
1524 1043 1584 1064 esse
1598 1036 1684 1064 laten-

895 1076 942 1108 tia,
953 1076 1100 1110 prolicietis
1114 1076 1141 1103 in
1153 1076 1290 1104 intellectu
1305 1077 1374 1114 (89),
1387 1084 1414 1106 et
1425 1080 1574 1114 proﬁcietis
1588 1081 1614 1108 in
1629 1082 1684 1116 spi-

895 1121 1020 1149 ritalibus
1037 1121 1174 1149 sensibus.
1190 1121 1332 1157 Incipietis
1342 1125 1424 1151 etiam
1443 1125 1492 1159 ipsi
1513 1133 1574 1152 esse
1589 1126 1684 1154 docto-

896 1174 950 1200 res,
977 1171 1005 1194 et
1030 1167 1180 1202 precedent
1204 1175 1237 1195 ex
1267 1169 1345 1196 vobis
1362 1170 1471 1197 ﬂumina
1499 1178 1576 1205 aqua:
1605 1173 1683 1200 vivm.

894 1212 979 1240 Adest
996 1213 1068 1241 enim
1084 1213 1203 1241 Verbum
1218 1214 1277 1246 Dei,
1291 1220 1319 1242 et
1333 1216 1389 1243 haec
1410 1224 1480 1244 nunc
1493 1217 1551 1252 ejus
1568 1223 1609 1246 est
1621 1227 1685 1253 ope-

896 1258 976 1292 ratio,
991 1265 1020 1286 ut
1036 1259 1069 1286 de
1078 1259 1168 1286 anima
1182 1260 1395 1296 uniuscujusque
1409 1267 1531 1290 nostrum
1547 1269 1685 1291 removeat

898 1309 1006 1338 terram,
1020 1310 1047 1332 et
1059 1306 1162 1340 aperiat
1175 1305 1276 1334 fontem
1291 1307 1392 1334 vivum.
1405 1307 1476 1334 Intra
1496 1313 1523 1336 te
1537 1310 1608 1337 enim
1626 1318 1664 1337 est
1675 1331 1684 1344 ,

896 1355 923 1378 et
937 1358 989 1377 non
1004 1351 1177 1379 extrinsecus
1193 1353 1276 1383 venit,
1293 1353 1365 1379 sicut
1379 1358 1405 1380 et
1419 1361 1534 1389 regnum
1553 1356 1600 1383 Dei
1613 1356 1684 1385 intra

897 1402 923 1425 te
937 1401 990 1424 est.
1003 1396 1036 1424 Et
1049 1397 1145 1424 mulier
1167 1397 1211 1424 illa
1229 1397 1261 1431 ⁸⁸,
1278 1406 1338 1432 quae
1348 1399 1503 1433 perdiderat
1514 1402 1686 1438 drachmam,

897 1449 949 1469 non
967 1442 1039 1469 illam
1057 1442 1162 1470 invenit
1189 1444 1372 1478 extrinsecus,
1399 1446 1446 1472 sed
1474 1447 1500 1473 in
1527 1447 1607 1476 domo
1624 1458 1685 1481 sua,

897 1493 1073 1522 posteaquam
1084 1489 1208 1517 accendit
1219 1489 1368 1524 lucernam,
1384 1495 1409 1518 et
1423 1493 1563 1519 mandavit
1577 1494 1685 1522 domum

899 1535 1026 1562 sordibus
1038 1541 1065 1562 et
1078 1535 1272 1568 immunditiis,
1284 1544 1353 1571 quas
1373 1537 1596 1574 longi’tcmporis
1609 1541 1685 1575 igna-

899 1580 944 1607 via
957 1585 985 1608 et
1001 1581 1136 1609 hebetudo
1152 1587 1339 1616 congesserat,
1356 1587 1383 1610 et
1402 1583 1437 1610 ibi
1465 1584 1568 1612 invertit
1586 1587 1686 1614 drach-

898 1634 982 1656 mam.
1001 1627 1033 1654 Et
1043 1633 1070 1655 tu
1086 1636 1151 1663 ergo
1163 1629 1185 1656 si
1198 1629 1332 1656 aceendas
1348 1629 1499 1663 lucernam,
1514 1631 1536 1658 si
1556 1633 1687 1662 adhibeas

900 1673 947 1700 tibi
965 1673 1194 1701 illuminationem
1211 1673 1329 1709 Spiritus
1344 1675 1441 1708 sancti,
1471 1680 1499 1703 ct
1529 1677 1556 1704 in
1586 1677 1688 1707 lumine

898 1717 958 1751 ejus
974 1717 1067 1745 videas
1080 1718 1189 1750 lumen.
1216 1718 1342 1746 invenies
1368 1719 1439 1746 intra
1465 1725 1490 1747 te
1515 1721 1686 1754 drachmam.

898 1764 971 1790 Intra
992 1768 1017 1791 te
1028 1771 1147 1799 namque
1161 1769 1203 1791 est
1218 1764 1350 1792 collocata
1367 1765 1456 1799 imago
1470 1767 1543 1802 regis
1556 1769 1686 1798 cmlcstis.

899 1810 967 1838 Cum
981 1811 1054 1837 enim
1069 1810 1172 1837 faceret
1188 1810 1327 1838 hominem
1339 1818 1372 1837 ex
1384 1811 1463 1838 initio
1475 1812 1554 1845 Deus,
1573 1815 1606 1841 ad
1619 1815 1671 1842 ima
1681 1831 1687 1838 -

897 1857 988 1891 ginem
1011 1861 1038 1884 et
1051 1857 1262 1883 similitudinem
1287 1864 1365 1884 suam
1387 1857 1449 1884 fecit
1468 1865 1548 1891 eum;
1572 1865 1599 1887 et
1617 1862 1686 1889 hanc

899 1903 1044 1937 imaginem
1060 1910 1115 1930 non
1133 1902 1318 1934 extrinsecus,
1339 1903 1387 1930 sed
1403 1902 1473 1930 intra
1488 1912 1550 1932 eum
1565 1907 1682 1934 colloca-

898 1949 946 1975 vit.
967 1949 1029 1976 Hme
1041 1949 1067 1976 in
1083 1954 1108 1976 te
1122 1949 1207 1976 videri
1220 1958 1272 1978 non
1290 1955 1407 1985 poterat,
1430 1951 1516 1980 donec
1532 1953 1627 1981 domus
1642 1959 1688 1982 tua

898 1996 1007 2023 sordida
1021 2000 1091 2026 erat,
1105 1995 1285 2024 immunditiis
1300 2003 1327 2024 et
1345 1998 1488 2026 ruderibus
1506 1999 1620 2034 repleta.
1633 1999 1688 2028 Isle

899 2041 959 2069 fons
975 2040 1097 2068 scientias
1112 2041 1182 2067 intra
1213 2046 1239 2068 te
1260 2046 1319 2069 erat
1334 2043 1414 2078 situs,
1435 2045 1481 2072 sed
1504 2052 1556 2072 non
1580 2050 1688 2080 poterat

898 2086 991 2117 ﬂuere,
1007 2087 1070 2121 quia
1088 2086 1224 2113 Philistiui
1239 2087 1410 2122 repleverant
1426 2097 1486 2116 eum
1502 2095 1585 2124 terra,
1605 2097 1632 2119 et
1649 2092 1688 2120 fe-

898 2138 992 2161 cerant
1008 2134 1034 2160 in
1052 2138 1076 2159 te
1092 2133 1236 2166 imaginem
1262 2135 1373 2162 terreni.
1389 2135 1443 2164 Sed
1462 2142 1489 2163 tu
1501 2139 1612 2172 portasti
1626 2140 1685 2174 qui-

898 2179 958 2206 dem
974 2183 1037 2206 tuuc
1055 2177 1200 2212 imaginem
1227 2182 1340 2214 terreni,
1361 2189 1432 2209 nunc
1450 2191 1515 2211 vero
1531 2184 1574 2211 his
1587 2186 1687 2214 auditis

898 2225 932 2251 ab
946 2224 991 2251 illa
1009 2226 1082 2252 omni
1110 2227 1180 2253 mole
1197 2231 1223 2253 et
1241 2227 1418 2261 oppressione
1441 2232 1547 2255 terrena
1561 2237 1610 2263 per
1624 2229 1689 2258 Ver-

898 2270 961 2297 hum
976 2270 1021 2297 Dei
1041 2277 1186 2306 purgatus,
1204 2271 1352 2307 imaginem
1375 2273 1496 2300 cwlestis
1516 2274 1541 2300 in
1557 2279 1583 2301 te
1598 2275 1688 2309 splen-

899 2316 1010 2343 descere
1027 2317 1119 2343 facito.
1140 2317 1202 2344 lla'e
1217 2324 1284 2351 ergo
1303 2317 1393 2352 imago
1409 2323 1450 2345 est
1463 2320 1495 2345 dc
1508 2326 1559 2353 qua
1580 2320 1688 2348 dicebat

898 2361 979 2388 Pater
989 2362 1020 2388 ad
1034 2361 1129 2389 Filium
1146 2362 1166 2378 ”
1181 2372 1187 2389 :
1203 2362 1346 2390 Faciamus
1355 2364 1488 2391 hominem
1500 2365 1535 2391 ad
1548 2365 1687 2400 imaginem

898 2411 921 2433 et
938 2406 1138 2434 similitudinem
1152 2412 1279 2434 nostram.
1295 2407 1378 2435 Filius
1392 2409 1438 2435 Dei
1453 2413 1495 2436 est
1506 2410 1594 2443 pictor
1607 2411 1688 2445 hujus

899 2452 1035 2487 imaginis.
1053 2452 1083 2479 Et
1095 2453 1158 2487 quia
1178 2453 1238 2480 talis
1256 2461 1287 2481 ac
1304 2457 1396 2482 tantus
1413 2459 1455 2481 est
1476 2455 1580 2488 pictor.
1599 2456 1687 2492 imago
1703 2453 1706 2456 ’

899 2498 957 2532 ejus
972 2498 1110 2525 obscurari
1128 2506 1175 2532 per
1192 2498 1327 2525 incuriam
1343 2503 1449 2533 potest,
1466 2499 1550 2527 deleri
1565 2507 1612 2534 per
1626 2510 1685 2527 ma-

899 2544 985 2571 litiam
999 2552 1052 2571 non
1069 2549 1170 2579 potest.
1187 2544 1277 2571 Manet
1293 2545 1365 2572 enim
1379 2553 1486 2580 semper
1499 2546 1588 2582 imago
1598 2547 1643 2574 Dei
1656 2547 1685 2575 in

899 2594 935 2622 te,
951 2590 1015 2617 licet
1032 2596 1059 2617 tu
1079 2591 1126 2617 tibi
1145 2591 1202 2624 ipse
1217 2591 1385 2625 superducas
1410 2592 1554 2625 imaginem
1574 2596 1684 2625 terreni.

1465 2653 1475 2668 ³
1488 2653 1507 2680 ΙΙ
1523 2654 1591 2680 Tim.
1607 2662 1643 2687 ιν,
1657 2656 1684 2682 4.

1460 2687 1481 2703 ’⁸
1491 2688 1588 2716 Genes.
1605 2697 1627 2724 ι,
1638 2692 1684 2719 26.

1136 2650 1147 2666 ⁸
1162 2649 1259 2676 Cenes.
1277 2658 1353 2681 xsvl,
1369 2651 1411 2678 18.

955 2686 1061 2712 "Joau.
1072 2693 1118 2715 vn,
1132 2685 1176 2712 58.
1217 2685 1238 2700 ¹⁵
1252 2685 1316 2712 Luc.
1335 2693 1378 2717 xv,
1393 2687 1419 2713 8.

896 2745 988 2815 ώᾍίέι)
1006 2780 1092 2812 Alias,
1107 2779 1234 2814 proﬁcilir
1246 2779 1412 2816 iuintellectn
1424 2786 1446 2807 et
1457 2781 1597 2815 proﬁci/is,
1607 2792 1685 2816 nise...

897 2816 1041 2850 proﬁcietis
1054 2816 1080 2841 in
1095 2816 1225 2842 intellectu
1240 2820 1262 2842 et
1273 2815 1425 2850 proﬁciens.

1491 2865 1511 2906 8
