1900 3060
244 108 297 134 253i

976 113 1138 141 ORIGENIS

1801 123 1845 150 256

243 171 322 198 istaut
341 171 472 205 picturam
493 177 518 198 tu
536 173 581 200 tibi
608 173 664 207 ipse
679 173 811 207 depingis,
827 181 886 200 cum
904 174 974 200 enim
996 179 1021 200 te
1037 175 1058 202 A
1075 175 1152 202 nobis
1175 176 1286 205 iltmciztl
1313 180 1424 206 scientia
1447 179 1662 221 Scripturarum,
1678 181 1727 208 sed
1741 186 1769 208 et
1788 182 1846 210 alios

243 216 326 243 libido
340 216 495 247 fuscaverit,
512 218 639 244 ittduxisri
656 219 862 245 ununtcoloretn
877 223 1023 247 terrenum.

243 264 270 290 Si
289 270 352 290 vero
363 269 390 290 et
404 263 518 290 avaritia
536 268 636 290 mstuas
650 263 715 299 (90),
733 264 866 291 miscuisti
882 269 910 291 et
929 265 1023 292 alium.

241 310 294 337 Sed
311 314 411 336 etcum
427 314 451 335 te
464 310 502 335 ira
518 310 694 344 sanguineum
710 310 784 343 facit,
794 311 871 338 addis
887 311 1024 338 nihilomi-

241 364 291 383 nus
307 361 333 383 et
350 356 458 383 tertiunt
472 356 601 383 colorem.
617 357 755 391 Superbia:
769 365 876 393 quoque
889 359 958 386 alius
974 359 1023 386 ad-

238 401 312 427 ditur
326 400 413 432 fucus,
430 405 456 427 et
474 401 621 435 impietatis
640 401 716 429 alius.
733 402 764 430 Et
779 402 818 429 sic
836 409 883 436 per
901 402 1022 437 singulas

237 453 361 480 quasque
380 447 491 474 malitiae
508 447 620 480 species,
645 447 719 474 velut
742 448 857 475 diversis
883 448 1022 476 coloribus

237 494 422 528 congregatis,
434 494 504 520 hanc
522 494 665 528 imaginem
689 495 800 527 terreni,
812 502 892 529 quam
908 495 977 521 Deus
993 495 1019 521 in

237 544 263 566 te
277 547 332 566 non
351 540 426 571 fecit,
442 546 468 566 tu
487 540 534 566 tibi
557 540 613 573 ipse
629 540 763 574 dcpingis.
785 540 931 574 Propterea
954 548 1019 575 ergo

236 585 424 619 deprecandus
439 590 480 612 est
497 585 573 612 nobis
599 585 660 616 ille,
679 586 724 619 qui
746 585 811 611 dicit
836 593 882 619 per
899 586 1019 619 prophe-

237 635 292 658 tam
306 631 327 646 ”
339 640 345 657 :
358 630 425 657 Ecce
435 638 480 664 ego
495 629 567 656 deleo
580 631 646 656 sicut
663 630 756 656 nubent
772 630 925 664 iniquitates
947 635 1018 662 tuas,

235 682 258 703 ct
273 677 338 703 sicut
351 676 488 711 caliginem
502 682 609 707 peccata
624 682 680 702 tua.
702 676 734 703 Et
745 684 805 703 cum
818 676 947 703 delevetit
958 684 1018 704 0m-

235 729 283 750 nes
300 722 365 749 istos
381 722 407 748 in
427 726 453 750 te
468 721 583 753 colores,
601 722 645 756 qui
664 729 696 748 ex
714 721 784 748 fucis
798 721 907 749 malitia:
918 722 1017 755 sumpti

233 773 306 800 sunt,
322 773 384 796 tunc
405 767 588 802 resplcndcbit
604 768 629 794 in
648 773 673 794 te
691 768 779 802 imago
796 768 840 794 illa
851 775 911 802 qua:
931 776 944 793 a
964 767 1017 794 Deo

232 820 322 843 creata
342 819 393 842 est.
416 815 497 841 Vides
518 821 584 847 ergo
597 814 731 848 quomodo
755 814 854 840 divinae
869 814 1016 847 Scriptura;

232 861 333 888 formas
349 860 480 888 inducunt
499 865 526 887 et
543 859 643 895 ﬁguras
657 879 664 891 ,
682 859 780 894 quibus
803 859 835 885 ad
852 859 1015 894 agnitionem

232 907 274 934 vel
291 905 478 940 purgationem
493 905 533 931 sui
547 904 638 931 anima
657 904 796 931 doceatur.
816 903 862 931 Vis
888 904 978 932 adhuc
990 910 1017 932 et

231 953 311 979 aliam
327 952 419 978 videre
431 950 545 977 formam
559 949 639 983 hujus
655 949 801 983 imaginis?
814 948 1014 984 Suntqumdam

231 998 327 1024 littera:
343 1004 411 1032 quas
427 996 495 1022 Deus
509 995 614 1027 scribit,
631 995 752 1029 (praedam
767 994 863 1022 litterae
885 1003 953 1030 quas
966 1004 1015 1024 nos

230 1044 384 1071 scribimus.
412 1043 520 1070 Peccati
548 1042 656 1070 litteras
685 1048 733 1068 nos
760 1041 915 1069 scribimus.
943 1042 1013 1069 Audi

229 1090 384 1124 Apostolum
396 1089 530 1116 dicentem
543 1096 550 1114 :
571 1088 676 1121 Delens,
691 1087 780 1122 inquit
797 1087 828 1118 ".
842 1089 912 1122 quod
922 1088 1015 1116 adver-

228 1144 285 1162 tum
309 1143 354 1161 nos
373 1138 428 1161 erat
452 1133 657 1168 chirographum
680 1133 706 1159 in
722 1133 850 1164 decretis.
872 1133 941 1168 quod
957 1140 1012 1161 erat

228 1181 390 1207 contrarium
406 1180 490 1210 nobis,
517 1179 577 1205 tulit
593 1178 660 1204 illud
675 1179 706 1205 de
718 1179 814 1210 medio,
827 1179 931 1214 a/ﬁgeus
946 1179 1012 1206 illud

227 1227 299 1252 cruci
314 1233 380 1252 siue.
402 1225 474 1251 Istud
497 1224 605 1258 quidem
623 1224 694 1258 quod
708 1223 773 1252 dicit
788 1225 1012 1260 chirographum,

228 1277 399 1306 peccatorum
426 1273 581 1298 nostrorum
612 1270 702 1297 cautio
727 1269 788 1296 fuit.
819 1270 1012 1305 Unusquisque

227 1318 327 1345 etenim
343 1321 474 1348 nostrum,
493 1316 519 1342 in
533 1316 575 1342 Itis
589 1323 648 1350 quae
661 1315 792 1350 delinquit
805 1315 921 1344 elIicitur
934 1318 1010 1345 debi-

228 1369 280 1396 tor,
300 1368 326 1390 et
341 1363 444 1398 peccati
458 1362 498 1389 sui
511 1362 615 1390 litteras
630 1362 734 1389 scribit.
751 1363 817 1396 Quia
831 1367 860 1397 et
875 1363 900 1390 in
910 1363 1010 1398 judicio

228 1410 285 1440 Dei,
300 1409 370 1443 quod
386 1408 479 1435 Daniel
494 1407 793 1435 consedisse‘descrihit
807 1408 838 1440 ",
851 1409 933 1437 libros
945 1410 1010 1437 dicit

225 1459 344 1488 apertos,
364 1454 422 1481 sine
436 1454 517 1480 dubio
535 1454 579 1487 qui
596 1458 706 1487 peccata
729 1454 869 1481 hominum
886 1455 1009 1484 contine-

225 1506 292 1527 rent.
318 1499 372 1527 llos
391 1507 455 1534 ergo
468 1499 516 1534 ipsi
534 1499 610 1527 nobis
622 1499 768 1530 scribimus
780 1507 827 1534 per
839 1508 871 1527 ea
883 1509 943 1535 quae
960 1502 1007 1529 de-
1022 1511 1044 1540 ε

225 1544 381 1580 linquimus.
395 1544 479 1578 Hujus
491 1544 563 1570 enim
583 1545 621 1571 rei
638 1548 665 1570 et
681 1544 726 1571 illa
741 1545 827 1579 imago
839 1550 891 1577 est,
905 1553 965 1580 quae
980 1546 1005 1572 in

225 1591 367 1626 Evangelia
381 1591 479 1618 dicitur
490 1591 522 1618 de
534 1591 624 1617 villico
633 1591 795 1625 iniquitatis,
805 1591 849 1625 qui
861 1592 893 1618 ad
908 1599 1006 1618 unum-

223 1644 357 1671 quemque
370 1636 519 1663 debitorem
531 1636 596 1663 dicit
611 1636 632 1652 "
650 1644 659 1669 ;
677 1636 770 1670 Accipe
783 1636 884 1664 litteras
898 1643 967 1669 tuas,
982 1643 1005 1665 et

223 1684 313 1710 sedens
329 1683 414 1709 scribe
433 1682 577 1716 octoginta.
599 1687 626 1708 et
641 1686 737 1709 caetera
757 1690 817 1717 qua:
843 1683 1004 1711 referuntur.

226 1729 304 1756 Vides
323 1736 400 1762 ergo,
414 1728 475 1762 quia
501 1729 648 1763 unicuique
663 1729 771 1760 dicitur,
793 1730 880 1763 accipe
905 1731 1005 1758 litteras

222 1779 292 1800 tuas.
312 1772 386 1799 Unde
404 1776 513 1799 constat
528 1777 635 1799 nostras
652 1772 756 1800 litteras
768 1779 890 1807 peccato,
904 1775 1006 1802 litteras

221 1824 310 1846 autem
326 1819 372 1846 Dei
385 1818 491 1852 iustitia
502 1818 582 1846 scribi
596 1817 662 1852 (91).
692 1819 732 1845 Ita
743 1819 813 1846 cnim
822 1820 1005 1855 dieitAposto-

222 1865 308 1891 lus“:
325 1863 375 1890 Vos
389 1865 456 1890 enim
471 1865 531 1890 estis
541 1863 653 1898 epistola
662 1865 760 1898 scripto
780 1873 829 1892 nou
845 1871 1003 1899 atramento,

219 1911 265 1937 earl
278 1910 380 1944 Spiritu
394 1909 438 1936 Dei
453 1909 513 1940 vivi,
527 1909 614 1936 nonin
627 1910 722 1936 tabulis
735 1911 855 1944 lapideis,
868 1913 911 1938 sed
924 1914 950 1939 iu
962 1919 1001 1940 ta-

221 1956 288 1983 bulis
301 1956 386 1982 cordis
395 1954 556 1982 carnalibus.
570 1955 658 1982 Habes
676 1963 739 1990 ergo
755 1957 780 1983 in
795 1962 819 1983 te
834 1957 936 1984 litteras
946 1959 1002 1992 Dei,

220 2002 273 2036 97
287 2007 312 2028 et
322 2001 429 2028 litteras
437 2001 555 2035 Spiritus
567 2002 768 2029 sancti.Sivcro
779 2003 933 2038 delinquas,
947 2006 1003 2039 ipse

221 2048 268 2073 tibi
294 2046 442 2073 conseribis
466 2046 569 2080 peccati
600 2047 824 2081 chirographum.
863 2049 916 2075 Sed
944 2049 1003 2079 vide

221 2092 281 2126 quia
298 2099 358 2118 cum
377 2091 462 2118 sctncl
480 2092 619 2119 accessisti
636 2093 669 2118 ad
687 2101 797 2120 crucem
810 2094 910 2121 Christi
926 2099 953 2121 et
968 2095 1002 2122 ad

219 2140 335 2174 gratiam
346 2138 484 2173 baptismi,
494 2139 702 2173 chirographum
715 2144 788 2166 tuum
800 2141 873 2168 cruci
883 2141 1000 2174 aliixum,

1078 219 1233 252 doceamus,
1249 228 1275 248 et
1288 223 1355 250 alios
1376 224 1551 256 instruamus,
1569 229 1598 252 ut
1612 219 1710 252 bibant
1722 225 1845 261 homines,

1076 263 1169 292 bibant
1188 272 1215 292 et
1233 275 1341 301 pecora.
1358 269 1474 296 Audiant
1489 270 1650 304 prudentes,
1672 271 1784 298 audiant
1794 274 1847 299 sint-

1075 309 1159 344 plices
1176 313 1275 346 quique
1289 323 1294 340 :
1312 315 1481 349 sapientibus
1504 320 1531 342 et
1547 316 1738 350 insipientibus
1751 318 1845 346 debitor

1074 359 1115 381 est
1131 355 1224 382 doctor
1245 357 1382 392 Ecclesiae,
1399 365 1494 393 potare
1517 360 1655 393 homines,
1668 366 1763 396 potare
1779 362 1848 390 debet

1074 406 1100 426 et
1118 409 1215 435 pecora
1231 411 1237 426 :
1253 404 1314 437 quia
1337 409 1364 431 et
1388 404 1521 440 Propheta
1549 406 1649 432 dixit“
1664 415 1669 433 :
1684 407 1805 434 Homines
1826 414 1847 435 et

1068 445 1188 479 jumenta
1206 448 1289 475 salvos
1311 450 1402 483 facies,
1431 451 1552 484 Domine,
1567 451 1738 479 illuminante
1756 461 1810 485 nos,
1824 459 1848 480 et

1073 497 1208 526 purgante
1234 495 1314 520 corda
1338 500 1430 522 nostra
1452 497 1510 530 ipso
1535 497 1648 523 Domino
1669 497 1731 524 Jesu
1747 498 1849 526 Christo

1072 537 1215 568 Salvatore
1236 545 1340 571 nostro,
1367 540 1411 567 cui
1435 545 1474 567 est
1499 541 1584 581 gloria
1608 547 1636 569 et
1661 543 1801 578 imperium
1824 545 1848 571 in

1071 583 1168 610 strcula
1183 585 1354 612 smcnlorum.
1370 586 1466 612 Amen.

1347 640 1486 668 llOMlLlA
1507 642 1576 669 XIV.

1069 685 1106 712 De
1120 694 1149 712 eo
1160 686 1229 724 quod
1242 688 1364 724 apparuit
1381 687 1505 714 Dominus
1517 687 1596 714 Isaac
1605 690 1640 714 ad
1650 694 1756 722 puteum
1770 690 1847 724 jura-

1093 722 1182 752 mcuti,
1199 727 1221 747 et
1233 721 1265 747 de
1276 727 1351 755 pacto
1364 725 1431 756 quod
1444 723 1587 756 composuit
1601 732 1659 749 cum
1676 721 1831 751 Abimelech.

1104 766 1129 792 l.
1147 766 1286 799 Scriptum
1301 771 1342 793 est
1363 767 1388 793 in
1410 768 1540 802 proplteta
1561 775 1593 795 ex
1616 777 1730 802 persona
1746 769 1847 797 Domini

1069 811 1185 838 dicentis
1195 810 1235 836 ¹³ε
1251 810 1283 837 Et
1296 811 1322 838 in
1346 812 1465 838 tironibus
1484 812 1672 847 prophetarum
1688 816 1848 842 tissimi/atus

1068 865 1136 884 sum.
1163 857 1212 890 Qui
1241 866 1330 885 sermo
1350 859 1413 885 illud
1443 859 1554 892 indicat,
1571 861 1642 894 quod
1653 869 1714 888 cum
1731 870 1798 889 unus
1815 864 1849 890 sit

1068 903 1198 930 Dominus
1229 908 1320 930 noster
1345 902 1424 931 Jesus
1445 904 1572 932 Christus
1594 913 1643 940 per
1669 908 1848 934 substantiam

1067 955 1155 978 suam,
1170 952 1196 973 et
1209 947 1274 974 nihil
1291 948 1362 975 aliud
1383 956 1463 982 quatit
1488 948 1571 977 Filius
1588 950 1635 977 Dei
1648 949 1694 983 sit,
1711 951 1738 978 in
1758 953 1850 986 liguris

1068 994 1155 1017 tamen
1174 995 1200 1017 et
1214 989 1309 1017 formis
1331 991 1546 1027 Scripturarum,
1564 994 1657 1021 varius
1673 1003 1704 1022 ac
1727 995 1850 1023 diversus

1065 1037 1230 1065 ostenditur.
1248 1036 1326 1065 Verbi
1350 1039 1527 1073 gratia,sicut
1551 1040 1578 1067 in
1596 1042 1787 1074 superioribus
1801 1051 1850 1070 ex-

1065 1083 1187 1117 posuisse
1217 1090 1266 1109 nos
1295 1084 1415 1116 memini,
1444 1085 1516 1118 quod
1545 1085 1602 1120 ipse
1627 1085 1763 1114 fuissetin
1788 1093 1850 1122 typo

1065 1129 1151 1162 lsaac,
1166 1137 1228 1157 cum
1255 1129 1401 1156 oll'erretur
1426 1131 1459 1157 ad
1493 1131 1691 1164 holocaustum,
1711 1133 1794 1168 ipsius
1811 1140 1851 1160 ta-

1065 1182 1125 1202 men
1150 1180 1177 1202 et
1201 1176 1272 1203 aries
1291 1175 1405 1202 formam
1425 1180 1539 1204 teneret.
1563 1177 1619 1212 Ego
1648 1179 1765 1212 amplius
1784 1179 1850 1205 dico

1064 1221 1134 1256 quod
1150 1222 1177 1248 in
1191 1222 1286 1256 angelo
1298 1223 1343 1256 qui
1363 1222 1469 1249 locutus
1481 1227 1522 1249 est
1537 1223 1570 1250 ad
1583 1223 1732 1256 Abraham,
1742 1229 1768 1251 et
1782 1225 1854 1252 dicit

1063 1269 1087 1295 ei
1098 1268 1121 1284 “
1133 1278 1140 1295 :
1153 1268 1193 1295 Ne
1202 1269 1305 1302 injicias
1318 1277 1424 1296 manum
1435 1274 1507 1295 tuam
1518 1270 1544 1296 in
1556 1278 1678 1304 puerum,
1689 1271 1746 1304 ipse
1757 1276 1855 1298 osten-

1063 1314 1147 1346 ditur,
1163 1314 1208 1349 qui
1226 1314 1322 1341 iterum
1336 1315 1401 1341 dicit
1419 1314 1452 1341 ad
1468 1322 1528 1342 eum
1545 1323 1551 1341 :
1568 1314 1712 1349 Propterea
1724 1317 1795 1350 quod
1813 1317 1855 1350 fe-

1062 1361 1122 1387 cisti
1136 1359 1240 1387 verbum
1255 1361 1313 1393 hoc,
1329 1361 1479 1387 benedicens
1499 1361 1651 1387 benedicam
1666 1367 1700 1388 te.
1715 1361 1794 1395 Ovis,
1809 1371 1832 1388 γι
1847 1364 1854 1390 l

1061 1413 1147 1440 agnus
1169 1406 1214 1440 qui
1242 1405 1398 1432 immolatur
1426 1406 1452 1432 itt
1473 1405 1663 1440 Pasclta,ripsc
1690 1407 1804 1439 dicitur,
1826 1414 1856 1435 et

1061 1452 1152 1478 ovium
1170 1457 1264 1486 pastor
1284 1451 1341 1485 ipse
1359 1451 1498 1486 signatur;
1519 1455 1546 1478 et
1561 1451 1693 1486 pontifex,
1711 1453 1755 1486 qui
1769 1452 1858 1480 otIert

1061 1497 1245 1528 sacriﬁcium,
1271 1497 1447 1523 nihilominus
1476 1497 1533 1531 ipse
1558 1497 1732 1524 describitur.
1759 1498 1857 1532 Spon—

1061 1550 1106 1569 sus
1130 1547 1258 1577 tanquam
1283 1541 1400 1569 Verbum
1417 1542 1462 1569 Dei
1481 1543 1537 1577 ipse
1561 1542 1721 1577 appellatur,
1738 1549 1766 1570 et
1786 1549 1857 1571 latt-

1060 1597 1140 1623 quam
1155 1589 1289 1623 sapientia
1304 1589 1361 1624 ipse
1380 1597 1472 1616 rursus
1484 1596 1583 1623 sponsa
1600 1590 1756 1616 nominatur
1771 1599 1778 1616 :
1797 1591 1860 1617 sic-

1062 1639 1089 1661 ut
1108 1640 1134 1661 et
1149 1636 1276 1669 propheta
1298 1635 1363 1668 dicit
1378 1642 1411 1661 ex
1431 1642 1547 1669 persona
1562 1634 1646 1669 ipsius
1656 1635 1696 1661 "z
1710 1633 1859 1668 Tanquam

1059 1689 1153 1714 sponso
1166 1681 1253 1715 posuit
1267 1680 1330 1706 mihi
1352 1681 1469 1712 mitram,
1488 1685 1613 1714 tanquam
1632 1682 1752 1714 sponsam
1772 1684 1861 1708 ador-

1060 1727 1129 1753 narit
1146 1735 1184 1753 me
1205 1731 1374 1758 ornamenta;
1391 1731 1417 1753 et
1431 1726 1514 1753 multa
1535 1727 1599 1758 alia,
1612 1734 1671 1761 quae
1685 1735 1758 1753 nunc
1778 1728 1861 1755 inte-

1059 1773 1108 1798 rim
1129 1773 1253 1806 persequi
1270 1773 1378 1807 longum
1396 1778 1447 1800 est.
1466 1773 1542 1800 Sicut
1556 1781 1621 1808 ergo
1640 1774 1698 1807 ipse
1713 1773 1862 1807 Dominus

1058 1830 1105 1856 pro
1121 1822 1179 1848 loco
1194 1825 1219 1847 et
1237 1825 1369 1854 tempore,
1385 1819 1501 1845 formam
1529 1819 1568 1845 sui
1592 1818 1707 1852 singulis
1727 1820 1862 1853 quibus-

1058 1867 1309 1902 qneaccomn‘todat
1326 1866 1430 1897 causis;
1450 1865 1485 1891 ita
1503 1865 1585 1891 etiam
1601 1864 1699 1895 salicti,
1719 1865 1769 1898 qui
1789 1866 1862 1898 ejus

1058 1918 1147 1947 typum
1165 1904 1306 1947 gerebant,
1321 1918 1370 1944 pro
1389 1910 1456 1937 locis
1469 1914 1495 1936 et
1514 1909 1681 1944 temporibus
1702 1915 1728 1936 et
1741 1912 1862 1944 causis.

1057 1957 1247 1992 mysteriorum
1268 1956 1369 1990 ﬁguras
1383 1955 1470 1989 egisse
1484 1954 1611 1981 credendi
1624 1960 1689 1981 sunt
1705 1964 1711 1981 :
1728 1955 1806 1982 sicut
1830 1963 1866 1983 et

1057 2011 1126 2029 mine
1143 2003 1198 2029 ﬁeri
1215 2003 1240 2029 in
1259 2002 1336 2028 Isaac
1357 2002 1492 2033 videmus,
1507 2001 1540 2026 de
1561 2008 1615 2035 quo
1635 2001 1787 2028 recitatum
1810 2009 1866 2029 est

1056 2049 1133 2075 nobis
1145 2048 1335 2078 ":Ascendit,
1363 2047 1460 2080 inquit,
1483 2047 1543 2072 inde
1571 2047 1605 2072 ad
1626 2052 1731 2079 puteum
1766 2046 1868 2074 λιιι-ας

1055 2096 1146 2126 menti,
1162 2099 1185 2121 et
1205 2095 1327 2128 apparuit
1352 2095 1374 2120 ei
1401 2092 1528 2120 Dominus
1543 2099 1616 2120 nocte
1640 2093 1699 2132 illa,
1717 2095 1742 2119 et
1755 2094 1840 2120 dixit
1855 2104 1867 2121 :

1056 2141 1112 2174 Ego
1128 2149 1186 2167 sum
1200 2140 1268 2166 Deus
1280 2139 1411 2165 Abraham
1424 2140 1508 2173 patris
1524 2140 1576 2171 tui,
1597 2139 1652 2165 noli
1665 2139 1773 2167 timere.
1796 2141 1866 2167 Te-

219 2190 245 2212 et
267 2185 293 2211 in
319 2184 394 2212 fonte
423 2185 549 2218 baptismi
571 2185 687 2212 deletum
710 2191 762 2213 est.
785 2185 840 2213 Non
864 2187 1000 2215 rescribas
1016 2193 1038 2221 ῃ
1055 2195 1112 2213 cum
1128 2186 1196 2212 enim
1220 2193 1288 2216 sum,
1308 2189 1331 2211 et
1350 2184 1498 2210 benedicam
1515 2189 1549 2214 te,
1564 2188 1588 2210 ct
1603 2185 1792 2218 multiplicabo
1814 2195 1867 2213 se-

219 2231 289 2257 ultra
313 2239 372 2265 qurc
395 2231 483 2257 deleta
509 2235 581 2262 sunt,
605 2239 655 2257 nec
677 2238 787 2264 repares
816 2239 876 2266 quae
899 2233 1000 2260 abolita
1054 2241 1111 2260 men
1133 2238 1217 2265 tuum,
1247 2236 1352 2266 propter
1366 2231 1499 2257 Abraham
1522 2235 1621 2264 patrem
1646 2235 1732 2257 tuum.
1761 2231 1875 2265 Hujus

219 2280 290 2306 sunt.
303 2276 374 2302 solas
397 2277 422 2302 in
445 2280 471 2302 lc
496 2283 574 2302 serva
590 2275 694 2303 litteras
710 2276 766 2306 Dei.
785 2277 842 2304 sola
858 2278 884 2304 in
900 2283 926 2305 te
938 2286 999 2312 per-
1053 2272 1126 2306 Isaac
1148 2279 1214 2305 duas
1243 2277 1320 2304 nobis
1343 2277 1445 2311 ﬁguras
1465 2276 1591 2310 exposuit
1615 2277 1758 2310 apostolus
1775 2277 1877 2305 Pau-

219 2326 324 2348 Inaneat
343 2321 484 2356 Scriptura
508 2321 627 2355 Spiritus
652 2322 751 2348 sancti.
778 2322 830 2349 Sed
859 2323 1002 2351 redeamus
1054 2326 1094 2352 lus
1105 2325 1125 2341 ’θ
1141 2348 1146 2352 .
1164 2332 1243 2350 unam
1266 2331 1318 2357 qua
1337 2323 1413 2353 dixit,
1428 2322 1500 2356 quod
1519 2322 1613 2349 lsmael
1635 2323 1745 2356 quidem
1772 2323 1875 2352 [ilius

217 2369 248 2393 ait
267 2366 352 2398 Isaac,
369 2371 396 2392 et
409 2366 544 2393 fodiantus
560 2373 620 2392 cum
634 2366 691 2400 ipso
711 2374 806 2400 puteos
820 2375 897 2401 aqua:
911 2369 998 2397 vivae:
1052 2372 1135 2407 Agar,
1151 2370 1241 2406 populi
1260 2370 1409 2396 secundum
1426 2376 1552 2402 carnem,
1568 2369 1644 2395 Isaac
1662 2376 1727 2396 vero
1747 2371 1871 2403 pnpttli

216 2413 323 2440 etiamsi
345 2413 482 2439 obsistunt
506 2411 656 2443 Pitilistini,
673 2413 780 2439 etiamsi
800 2414 934 2447 rixantur,
951 2421 1000 2442 nos
1055 2416 1100 2449 qui
1113 2423 1146 2442 cx
1165 2415 1216 2442 ﬁde
1237 2419 1289 2446 est,
1301 2414 1415 2440 formant
1434 2417 1521 2445 tenet;
1536 2419 1561 2439 et
1576 2413 1657 2440 aliam
1674 2420 1730 2447 qua
1744 2415 1790 2441 ail
1806 2416 1841 2431 ³⁸
1863 2426 1875 2443 ;

217 2464 305 2486 tamen
323 2466 527 2492 perseveremus
544 2466 604 2484 cunt
627 2459 683 2492 ipso
699 2463 795 2492 puteos
818 2459 958 2492 fodiendo,
970 2465 1000 2487 ut
1057 2461 1118 2488 Non
1134 2460 1202 2486 dixit
1220 2464 1243 2486 et
1260 2459 1411 2489 seminibus,
1428 2459 1504 2492 quasi
1526 2458 1553 2484 in
1570 2458 1672 2489 multis,
1688 2458 1734 2484 sed
1749 2462 1882 2488 semini

215 2510 241 2531 et
257 2504 333 2531 nobis
350 2504 456 2530 dicatur
466 2503 508 2529 ":
524 2502 590 2529 Bibe
603 2511 699 2537 aquam
713 2504 744 2530 de
757 2505 809 2531 tuis
833 2505 961 2539 fontibus,
974 2512 998 2533 et
1054 2512 1098 2533 tuo
1109 2505 1267 2540 tauquamin
1277 2512 1338 2535 uno,
1351 2504 1439 2538 quiest
1454 2503 1584 2530 Christus.
1595 2503 1680 2530 'l‘cnet
1690 2511 1755 2537 ergo
1768 2503 1885 2535 [sane

216 2551 246 2581 «te
259 2551 311 2576 tuis
322 2550 419 2584 puteis,
431 2554 458 2576 et
472 2549 499 2575 itt
510 2553 613 2576 tantum
626 2548 771 2582 fodiamns,
788 2555 817 2576 ut
832 2552 999 2585 superabun-
1053 2552 1142 2586 populi
1155 2551 1311 2585 ﬁgurant,et
1326 2549 1438 2576 Christi.
1453 2549 1590 2575 Christum
1603 2554 1693 2575 autem
1710 2554 1840 2584 tanqua
1850 2562 1885 2580 η]

215 2596 281 2623 dent.
299 2603 375 2629 aqua:
395 2595 467 2630 putei
490 2595 515 2621 in
538 2595 634 2629 plateis
659 2595 769 2626 nostris,
790 2600 818 2622 ut
841 2604 896 2623 nort
911 2597 996 2625 solum
1055 2598 1169 2624 \‘erhum
1183 2595 1240 2625 Dei.
1254 2602 1306 2620 non
1320 2593 1406 2620 solum
1418 2595 1442 2620 in
1457 2594 1609 2628 Evangeliis
1621 2595 1767 2629 loqui,scd
1791 2605 1831 2625 et
1849 2600 1888 2627 ἰιι

253 2643 274 2658 ¹⁶
288 2643 339 2668 Isa.
355 2650 425 2674 thv,
438 2643 483 2670 :2.
524 2642 543 2658 "
561 2642 664 2670 Coloss.
678 2650 706 2672 tt.
720 2643 762 2669 lt.
809 2644 829 2659 ’⁸
845 2644 910 2671 Dan.
929 2653 976 2672 vn.

1072 2645 1134 2671 an.
1152 2651 1207 2673 xvr,
1220 2642 1246 2668 7.
1284 2642 1306 2657 ‘°
1320 2641 1338 2668 Il
1353 2641 1415 2677 Cor.
1431 2650 1471 2674 ιιι,
1485 2642 1512 2671 2,
1526 2642 1552 2668 5.
1610 2643 1631 2658 ²¹
1651 2644 1730 2670 l'rov.
1749 2651 1793 2677 τ,
1827 2645 1888 2677 15,

216 2679 237 2694 η
254 2677 323 2705 Psal.
343 2685 423 2710 “xv,
441 2677 467 2704 8.
506 2677 528 2693 “
541 2677 620 2710 Osee,
637 2685 684 2710 xtl,
697 2677 729 2704 i0
776 2678 906 2707 “Cenes.
921 2687 987 2712 xxrt,
1000 2681 1042 2708 l2.
1083 2678 1290 2709 "lsa.t.xt,10.
1327 2677 1348 2692 ³⁸
1360 2676 1458 2704 Cenes.
1473 2684 1547 2709 xxvr,
1564 2677 1609 2710 ‘15,
1627 2677 1672 2704 ib.
1712 2678 1734 2693 "
1749 2676 1889 2710 Graius;

217 2721 252 2740 tv.
304 2713 327 2728 ’⁸
342 2713 430 2739 Galat.
447 2720 490 2744 ιιι,
504 2713 547 2739 l6.

253 2761 308 2795 (90)
322 2761 367 2787 Sic
384 2768 462 2791 tnss.,
480 2760 556 2791 alias,
572 2761 690 2787 avaritia’
704 2760 817 2786 studeas.
832 2759 901 2786 Infra
920 2767 996 2793 mss.,

217 2804 260 2829 per
271 2795 387 2829 singulas
402 2803 518 2829 quasque
534 2795 641 2822 mulitit‘c
665 2802 782 2829 spectes;
795 2795 870 2828 editi,
885 2803 929 2829 per
942 2796 997 2822 ain-

217 2835 290 2865 guttis
307 2837 422 2864 quasque
435 2829 561 2856 malitias.

1089 2760 1144 2795 (9l)
1168 2759 1252 2791 Alias,
1271 2765 1374 2795 nostra:
1388 2768 1443 2786 esse
1467 2759 1568 2786 litteras
1589 2761 1711 2794 peccati;
1734 2761 1895 2795 litteras

1052 2801 1138 2821 mitem
1161 2796 1275 2830 justitiu-
1294 2794 1363 2821 Deus
1385 2796 1484 2822 scribit.
1502 2796 1534 2821 At
1557 2803 1621 2822 ntss.
1644 2801 1673 2822 ut
1698 2797 1724 2822 in
1743 2805 1897 2832 uoulro

1053 2835 1136 2857 textu.
