1900 3060
54 140 102 166 257

660 138 692 165 ιΝ
711 139 859 166 GENESIM
881 136 1020 166 HOMILIA
1038 140 1108 167 XIV.

1640 145 1693 172 258

53 196 111 231 lege
123 186 229 226 certum
247 201 288 224 est
303 179 488 231 etprophetis.
502 196 601 224 Verum
617 197 641 223 in
652 197 710 233 lnge
720 198 848 232 incipien-
866 200 888 228 Α
904 199 1051 231 creaverit,
1071 198 1204 226 scribunt.
1229 199 1259 227 ln
1279 199 1330 226 hoc
1354 201 1529 228 consentiunt
1555 202 1606 238 legi
1634 202 1692 230 Dei.

55 242 305 277 tes,inEvangt-liis
323 241 457 276 perfectos
471 242 559 269 docet.
578 241 609 269 Et
629 242 702 269 Isaac.
718 250 782 277 ergo
797 242 851 270 I‘or-

53 295 123 315 mam
138 296 208 315 nttnc
218 287 314 318 Vcrhi.
323 287 394 322 qttod
409 288 434 314 in
443 287 502 323 lege
512 287 553 314 vel
563 289 757 324 prophetiscst.
767 293 850 316 tenet.

86 333 114 360 2.
130 333 256 359 Ascendit
290 333 373 367 igitur
386 332 464 359 Isaac
477 334 512 359 ad
525 339 630 367 puteum
646 332 809 365 Juramenti,
824 339 848 361 et

52 379 173 413 apparuit
200 379 241 405 illi
264 379 402 406 Dominus.
431 379 629 406 Ascensionem
653 379 720 414 legis
739 384 765 407 et
786 386 849 407 ante

50 424 104 458 jam
131 425 249 452 diximus
276 430 404 451 ornatum
428 425 521 459 templi
541 432 613 458 esse,
630 430 766 452 eteorum
788 434 848 460 quze

52 471 116 498 inibi
130 471 222 498 divina
235 471 405 506 gerebantur
420 472 564 505 obsequia.
577 471 670 499 Potest
682 477 848 508 etangmen-

51 520 106 544 tum
125 517 322 551 prophetarum
343 510 411 552 legis
426 519 552 545 ascensio
568 519 703 546 nominari
719 528 725 544 :
741 523 768 545 et
784 526 848 553 pro-

51 568 144 597 pterea
164 563 236 590 forte
255 563 288 590 ad
311 567 424 598 puteum
434 562 586 590 Jnramenti
603 565 765 591 ascendisse
777 565 846 591 dici-

49 614 103 641 tur,
132 613 159 635 et
183 608 219 635 ibi
248 609 408 643 apparuisse
425 609 448 636 ei
469 609 610 636 Dominus.
628 609 697 637 Nam
716 617 763 645 per
783 617 843 644 pro-

51 655 146 689 phetas
166 655 268 689 jnravit
290 655 421 683 Dominus
433 655 466 687 '9,
484 661 511 682 et
525 664 578 683 non
596 657 750 691 paenitebit,
770 657 842 691 quod

46 703 103 736 ipse
126 702 162 728 sit
188 702 318 729 sacerdos
339 703 365 729 in
389 707 522 730 aeternum
539 703 689 730 secundum
716 704 842 731 ordinem

49 747 262 775 Melchisedech.
276 747 316 774 Ad
333 752 445 782 puteum
459 756 524 783 ergo
538 748 701 782 Jun-menti,
716 750 790 777 visus
801 755 843 777 est

46 793 70 819 ci
85 793 169 825 Dens,
186 792 278 820 futura
296 792 323 819 in
339 800 373 820 eo
388 794 519 828 promissa
535 795 712 822 conlirmans.
732 794 765 821 Et
778 795 843 822 trdi-

45 838 135 871 ﬁcarit
150 839 187 865 ibi
202 839 289 866 altare
307 838 396 872 Isaac,
412 845 436 866 et
453 840 584 867 invocavit
599 849 696 868 nomen
723 841 841 875 Domini,

45 893 67 913 et
81 887 139 920 ﬁxit
151 887 188 913 ibi
205 887 405 913 tabernaculum
434 896 522 914 suum.
541 887 678 916 Foderunt
699 895 787 916 autem
804 890 839 916 ibi

44 934 117 967 pueri
132 935 215 960 Isaac
227 939 334 967 puteum
350 934 384 961 '°.
399 933 528 962 IEdiﬁcat
544 935 653 969 quidem
670 936 745 964 Isaac
757 937 838 964 etiam

44 979 130 1006 altare
143 980 172 1005 in
186 980 259 1014 lege,
270 984 297 1006 et
311 980 368 1014 ligit
384 980 591 1008 tabernaculum
604 989 692 1009 suum.
706 982 733 1009 In
751 983 840 1010 Evan-

43 1026 120 1059 geliis
144 1033 224 1058 vero,
251 1034 305 1053 non
331 1026 539 1054 tabernaculum
562 1027 630 1062 ﬁgit,
658 1029 706 1056 scd
729 1028 838 1056 domum

41 1072 182 1103 mdiﬁcat.
218 1077 245 1099 et
273 1072 477 1100 fundamentum
501 1073 630 1101 collocat.
659 1074 727 1102 Audi
766 1075 838 1102 enim

39 1119 180 1146 dicentem
203 1117 372 1153 Sapientiam
400 1119 434 1146 de
461 1119 584 1147 Ecclesia
600 1120 774 1155 :Sapientia,
796 1121 838 1148 in-

39 1164 144 1197 quit",
163 1164 308 1198 a’diﬁcavit
333 1165 384 1191 sibi
399 1165 553 1197 domum,et
581 1168 716 1200 supposuit
742 1172 838 1200 septem

39 1210 192 1236 columnas.
211 1210 280 1237 Audi
295 1210 328 1237 de
340 1210 393 1238 hoc
412 1211 495 1238 etiam
514 1211 629 1240 Paulum
648 1214 782 1241 dicentem
794 1215 816 1232 "
830 1224 838 1242 :

41 1254 261 1282 Fundamentum
276 1256 347 1282 enim
375 1264 450 1283 nemo
472 1262 558 1291 potest
575 1267 680 1292 ponere,
699 1266 796 1294 prwter
811 1261 839 1287 id

38 1303 108 1335 quod
130 1302 249 1336 positum
265 1307 315 1334 est,
331 1302 402 1336 quod
417 1308 455 1329 est
471 1303 550 1331 Jesus
560 1305 690 1332 Christus.
704 1305 752 1333 Ubi
774 1314 839 1342 ergo

41 1347 254 1375 tabernaculum
278 1353 332 1380 est,
350 1349 456 1377 etiamsi
484 1350 594 1385 ﬁgatur,
619 1352 678 1379 sine
697 1353 778 1381 dubio
796 1362 838 1381 re~

39 1393 206 1420 solvendum
221 1399 263 1422 est
280 1401 287 1419 :
304 1394 350 1421 ubi
360 1402 424 1422 vero
433 1394 607 1423 fundamenta
627 1402 700 1429 sunt.
718 1403 745 1426 et
758 1407 837 1435 supra

38 1440 148 1469 petram
171 1435 326 1462 azdiﬁcatur
339 1436 447 1468 domus,
463 1445 601 1472 nunquam
623 1439 769 1467 resolvitur
788 1442 837 1468 do—

38 1490 100 1509 mns
116 1482 177 1509 illa.
195 1481 321 1508 Fundata
334 1483 407 1509 enitn
422 1488 464 1510 est
477 1492 556 1518 supra
572 1489 688 1519 petram.
705 1485 784 1513 Fodit
797 1491 839 1514 ta-

38 1535 101 1554 men
120 1532 150 1555 et
178 1528 215 1554 ibi
241 1532 351 1562 puteum
366 1527 455 1561 Isaac,
474 1537 524 1557 nec
546 1538 667 1565 unquatn
686 1537 774 1559 cessat
789 1541 837 1567 pu-
850 1557 872 1588 C

38 1577 97 1588 ιρι-ε
116 1572 250 1588 annumin
278 1573 364 1588 ..Ληηη
382 1574 487 1588 Δάαι...-
505 1574 559 1588 mm
577 1575 635 1588 ἢ»..-
654 1583 730 1588 --ην
754 1578 820 1588 _.-.._

38 1577 99 1599 teos
116 1572 263 1604 fodiendo,
278 1573 364 1600 donec
382 1574 487 1610 oriatur
504 1574 560 1610 (92)
577 1575 637 1603 fons
653 1583 732 1611 aqua:
754 1578 833 1611 vim,

37 1624 64 1645 et
78 1618 203 1645 ﬂuminis
224 1619 339 1653 impetus
353 1619 471 1647 lattiﬁcet
485 1620 624 1648 civitatem
644 1621 691 1649 Dei
699 1622 732 1648 ³³.

72 1664 101 1691 3.
123 1664 179 1692 Sed
200 1669 225 1692 el
240 1665 411 1697 Abimelech,
432 1665 478 1692 ille
503 1666 549 1700 qui
568 1666 668 1693 dudum
686 1668 836 1696 honorare-

36 1713 83 1736 rat
107 1709 264 1740 Abraham.
283 1710 356 1737 venit
377 1718 450 1737 nunc
467 1718 529 1738 cum
545 1711 641 1738 amicis
655 1711 711 1746 98
728 1713 785 1740 suis
803 1713 835 1740 de

36 1754 153 1783 Geraris
168 1756 202 1782 ad
224 1755 300 1782 Isaac
309 1755 333 1770 ³⁵
345 1764 352 1782 :
366 1755 400 1782 Et
425 1756 489 1783 dicit
513 1756 566 1783 illis
590 1756 670 1784 Isaac
681 1765 691 1783 :
705 1757 776 1790 Quid
790 1767 832 1786 ve-

37 1802 114 1828 nistis
132 1801 169 1828 ad
185 1802 248 1828 me?
274 1800 327 1828 Vos
345 1802 413 1828 enim
426 1803 518 1829 odistis
533 1810 583 1834 me,
600 1807 624 1829 et
637 1803 751 1837 ejecistis
763 1813 803 1831 me
817 1813 833 1831 (ι

36 1848 122 1874 uobis.
141 1848 183 1874 Ad
200 1847 257 1874 lucc
282 1847 322 1874 illi
345 1848 523 1882 respondent:
543 1846 678 1880 Videntes,
696 1849 831 1884 inquiunt,

36 1895 152 1920 vidimus
163 1895 226 1928 quia
244 1898 282 1920 est
304 1892 433 1920 Dominus
457 1899 553 1926 tecum,
572 1900 596 1921 et
618 1895 755 1924 diximus:
771 1895 832 1923 Fiat

34 1939 190 1973 tonjuratio
203 1939 270 1965 inter
283 1947 330 1965 nos
343 1944 366 1965 et
380 1944 415 1970 te,
427 1944 450 1966 et
472 1940 666 1967 constituamus
687 1945 770 1967 tecum
785 1950 833 1976 pa—

34 1990 119 2016 ctum,
134 1992 167 2011 ne
188 1984 274 2019 facias
297 1984 432 2011 nobiscum
447 1985 559 2018 malum,
575 1990 629 2013 etc.
655 1985 708 2013 Iste
721 1985 832 2014 Abime-

34 2030 108 2064 lecb,
124 2035 156 2058 ut
173 2031 266 2063 video,
284 2038 337 2057 non
349 2037 457 2065 semper
466 2038 560 2065 pacem
576 2031 732 2060 habetcum
745 2033 831 2066 Isaac,

33 2078 83 2104 sed
102 2076 257 2111 aliquando
273 2076 399 2107 dissidet,
414 2077 562 2111 aliquando
591 2085 686 2112 pacem
705 2080 830 2113 requirit.

32 2122 63 2150 Si
85 2122 256 2150 meministis
270 2123 405 2157 quomodo
421 2123 448 2149 in
464 2123 653 2158 superioribus
668 2124 785 2153 diximus
798 2126 832 2152 de

34 2169 211 2201 Ahitnelech,
227 2168 300 2203 quod
320 2176 465 2203 personam
483 2173 575 2197 teneat
591 2170 778 2198 studiosorum
802 2176 830 2198 et

902 243 1041 278 Aliquanti
1057 244 1139 272 etiam
1157 245 1207 272 hoc
1225 245 1399 278 addiderunt,
1414 247 1486 280 quod
1505 247 1577 275 Dens
1594 255 1692 277 cuncta

902 297 951 324 per
963 289 1080 318 Verbum
1104 298 1184 318 suum
1207 296 1234 319 et
1255 291 1363 324 iecerit,
1380 297 1406 320 et
1429 298 1514 328 regat,
1531 298 1559 322 et
1575 294 1692 323 Verbum

902 336 948 364 Dei
964 337 1011 369 sit,
1027 344 1080 372 quo
1102 342 1198 364 cuneta
1214 339 1400 366 moderentur.
1415 339 1443 367 ln
1462 341 1514 369 hoc
1531 349 1584 369 non
1604 341 1692 370 solum

901 382 964 417 legi,
980 383 1026 410 sed
1040 383 1124 410 etiam
1140 383 1294 418 Evangeliis
1314 391 1434 413 consona
1447 386 1584 414 scribunt.
1597 386 1692 415 Mora—

900 427 934 455 lis
952 436 1017 456 vero
1033 433 1061 456 et
1082 429 1207 465 physica,
1222 437 1282 464 qum
1309 431 1408 458 dicitur
1423 433 1607 468 philosophia,
1622 442 1691 468 pene

899 474 991 501 omnia
1006 482 1067 509 qua:
1084 481 1177 503 nostra
1198 482 1258 504 sunt
1286 477 1415 505 sentiunt.
1440 478 1577 506 Dissident
1596 487 1661 508 vero
1676 488 1690 506 a
1707 478 1710 479 ⁷

900 519 989 552 nobis,
1008 528 1069 547 cttm
1086 521 1141 548 Deo
1161 521 1256 549 dicunt
1270 530 1331 550 esse
1352 525 1494 551 materiam
1510 530 1688 555 coaeternam.

898 564 1046 598 1-.-sident,
1062 574 1124 594 cum
1140 573 1239 603 negant
1253 568 1336 596 Deum
1365 577 1462 597 curare
1487 571 1624 604 mortalia,
1641 574 1690 601 sed

898 611 1095 645 providentiam
1119 613 1179 648 ejus
1198 622 1279 649 supra
1296 615 1400 643 lunaris
1416 617 1487 652 globi
1506 619 1592 651 spatia
1612 620 1690 647 cohi-

896 657 964 685 beri.
985 657 1121 686 Dissident
1146 668 1160 686 a
1190 660 1279 692 nobis,
1295 669 1356 689 cum
1379 663 1450 690 vitas
1471 665 1638 692 nascentium
1653 673 1688 694 ex

895 704 1038 731 stellarum
1052 705 1178 733 cursibus
1198 707 1331 741 pendunt.
1346 708 1497 741 Dissident,
1511 719 1573 737 cum
1585 712 1687 746 sempi-

896 753 1001 776 ternum
1021 750 1116 777 dicunt
1139 751 1211 778 hunc
1229 753 1372 786 mttndum,
1393 759 1420 782 et
1443 755 1515 782 nullo
1537 757 1589 784 ﬁne
1612 758 1689 785 clau-

894 794 1024 822 dendum.
1044 795 1097 822 Sed
1111 801 1138 824 et
1157 797 1209 824 alia
1233 797 1350 832 plurima
1380 805 1452 833 sttnt,
1476 802 1501 828 itt
1516 803 1615 837 quibus
1643 812 1689 831 no-

894 840 998 867 biscum
1013 841 1055 868 vel
1071 841 1217 875 dissident,
1232 843 1274 871 vel
1292 845 1474 873 concordant.
1492 847 1524 873 Et
1547 848 1607 875 ideo
1627 850 1689 875 Abi-

859 877 879 906 Β
895 885 1012 919 melech,
1029 886 1178 913 secundum
1193 887 1264 915 hanc
1279 888 1404 924 ﬁguram,
1418 890 1565 925 aliquando
1581 893 1605 919 in
1622 901 1688 928 pace

892 936 953 957 esse
965 938 1026 957 cum
1042 930 1281 966 lsaac,aliquando
1292 933 1424 961 dissidere
1441 936 1615 965 describitur.
1633 939 1688 966 Sed

891 977 985 1004 ethoc
1010 985 1062 1004 non
1087 982 1154 1012 puto
1173 978 1244 1012 quod
1264 979 1352 1007 otiose
1367 980 1481 1016 Spiritui
1506 989 1616 1015 sancto.
1639 989 1685 1021 qui

892 1023 950 1050 htec
968 1023 1075 1056 scribit,
1088 1032 1161 1051 curae
1180 1024 1263 1052 fuerit
1278 1028 1522 1061 comprehendere,
1542 1033 1615 1065 quod
1632 1034 1686 1060 duo

891 1069 936 1096 alii
954 1077 1016 1096 cttm
1036 1069 1195 1098 Ahimelech
1211 1072 1350 1105 venerint,
1363 1073 1390 1100 id
1413 1079 1457 1101 est
1483 1075 1623 1104 Ocltozath
1643 1087 1687 1113 ge-

891 1123 940 1142 ner
954 1116 1023 1150 ejus,
1039 1121 1066 1143 et
1084 1115 1177 1144 Plticol
1197 1117 1250 1144 dux
1268 1119 1406 1147 exercitus
1431 1120 1498 1154 ejus.
1519 1122 1686 1158 interpreta-

892 1166 935 1188 tur
952 1169 1041 1189 autent
1058 1162 1199 1191 Ochoznth
1216 1164 1283 1200 (93),
1297 1170 1398 1198 tenens,
1417 1173 1444 1195 et
1459 1168 1551 1196 Phicol
1573 1178 1601 1197 os
1626 1179 1685 1198 om-

891 1208 976 1236 nium.
1006 1208 1064 1243 Ipse
1090 1214 1182 1237 autem
1199 1209 1368 1243 Abitnelech,
1379 1218 1456 1246 pater
1468 1222 1541 1242 meus
1559 1224 1615 1243 rex.
1631 1216 1683 1249 Qui

891 1257 959 1286 tres,
981 1259 1011 1280 ut
1029 1261 1080 1288 ego
1101 1255 1230 1287 arbitror,
1244 1255 1388 1291 imaginem
1410 1259 1492 1287 latius
1507 1261 1684 1297 philosophia:

893 1304 993 1331 tenent,
1013 1308 1074 1335 qnte
1086 1301 1155 1335 apud
1171 1309 1218 1329 eos
1236 1302 1261 1329 in
1275 1308 1330 1330 tres
1348 1309 1440 1338 partes
1458 1305 1600 1342 dividitur,
1617 1309 1684 1345 logi-

891 1352 961 1378 cam,
974 1346 1128 1381 physicam,
1142 1347 1270 1380 ethicam,
1288 1348 1314 1375 id
1341 1354 1384 1377 est
1409 1352 1579 1385 rationalem,
1599 1360 1682 1382 natu-

891 1391 988 1424 ralem,
1000 1392 1143 1421 moralem.
1158 1393 1309 1422 Ralionalis
1320 1400 1363 1422 est
1381 1396 1438 1429 illa,
1453 1406 1514 1432 qua:
1533 1399 1617 1427 Dentn
1634 1409 1682 1436 pa-

891 1441 959 1463 trem
981 1438 1102 1465 omnium
1122 1439 1281 1473 conﬁtetur,
1304 1446 1333 1468 lll
1348 1447 1391 1469 est
1407 1443 1576 1472 Ahimelech.
1596 1446 1681 1474 Natu-

891 1482 957 1509 ralis
970 1483 1013 1509 illa
1026 1487 1078 1516 est,
1090 1492 1151 1518 quae
1167 1485 1220 1512 ﬁxa
1232 1491 1285 1520 est,
1299 1491 1326 1514 et
1339 1493 1413 1515 tenet
1425 1490 1528 1523 omnia,
1549 1492 1622 1519 velut
1633 1501 1680 1520 na-

892 1533 960 1556 tura:
981 1529 1066 1563 ipsius
1091 1530 1195 1559 viribus
1211 1532 1314 1566 nitens,
1331 1541 1413 1569 quam
1427 1536 1572 1570 proﬁtetur
1588 1539 1680 1567 Ocho-

888 1576 966 1608 zath,
982 1577 1028 1611 qui
1053 1576 1153 1605 dicitur
1180 1582 1282 1607 tenens.
1312 1579 1419 1609 Moralis
1438 1588 1489 1615 est,
1515 1591 1575 1618 qua:
1588 1586 1614 1613 in
1630 1594 1679 1614 ore

888 1625 929 1648 est
947 1622 1081 1654 omnium,
1100 1628 1128 1650 et
1143 1624 1177 1651 ad
1199 1632 1294 1653 omnes
1308 1628 1436 1661 pertinet,
1452 1633 1480 1657 et
1492 1638 1541 1664 pro
1557 1639 1679 1660 commu-

889 1666 913 1692 ni
926 1666 1103 1695 similitudine
1116 1673 1361 1705 praaeeptorumJn
1373 1676 1493 1702 omnium
1513 1685 1562 1704 ore
1580 1685 1674 1706 versa-

887 1716 941 1744 tur,
959 1720 1040 1747 qnam
1060 1714 1188 1749 designat
1211 1716 1261 1744 iste
1287 1717 1392 1762 Phi.co|,
1420 1720 1467 1755 qui
1496 1730 1525 1748 os
1559 1724 1677 1751 omnium

887 1756 1094 1792 interpretatur.
1118 1760 1148 1787 Hi
1164 1769 1230 1796 ergo
1251 1756 1346 1791 omnes
1362 1764 1388 1791 in
1411 1766 1596 1801 hujuscemodi
1613 1777 1676 1797 eru—

886 1802 1033 1832 ditionibus
1053 1806 1180 1838 instituti,
1198 1809 1309 1836 veniunt
1331 1811 1364 1837 ad
1388 1811 1474 1846 legem
1495 1813 1553 1846 Dei,
1585 1820 1615 1849 1et
1635 1816 1677 1842 di-

886 1856 977 1878 cunt:
1001 1851 1122 1880 Vitleutes
1147 1855 1260 1881 vidimus
1280 1856 1343 1890 quia
1369 1862 1405 1884 est
1431 1857 1559 1886 Dominus
1577 1866 1674 1895 tecum,

885 1903 909 1924 et
927 1899 1141 1927 diximus:Fiat
1166 1902 1317 1936 conjuratio
1343 1903 1413 1930 inter
1437 1913 1485 1932 uos
1508 1911 1532 1932 et
1558 1907 1626 1934 inter
1638 1913 1675 1941 te,

885 1949 908 1970 et
932 1945 1125 1972 constituamus
1148 1951 1234 1973 tecum
1257 1954 1375 1982 pactum,
1392 1958 1423 1976 ne
1437 1950 1522 1984 facias
1538 1953 1672 1981 nobiscum

885 1989 967 2021 mala,
979 1990 1024 2017 sed
1035 1992 1256 2026 quemadmodum
1268 2001 1315 2020 nos
1331 2000 1355 2021 te
1369 2003 1420 2022 non
1435 2004 1525 2025 sumus
1536 2001 1675 2033 exsecrati,

885 2036 922 2062 ita
943 2040 966 2062 et
995 2041 1021 2062 tu
1040 2037 1189 2064 benedictus
1212 2038 1334 2066 Domino.
1353 2039 1469 2069 Possunt
1492 2044 1601 2077 quidem
1631 2046 1676 2074 isti

886 2085 954 2113 tres,
970 2082 1015 2116 qui
1040 2089 1135 2117 pacem
1154 2084 1300 2118 requirunt
1313 2093 1327 2112 a
1342 2085 1432 2114 Verbo
1453 2087 1513 2121 Dei,
1526 2093 1552 2116 et
1570 2097 1675 2124 praeve-

885 2127 945 2155 nire
960 2129 1073 2163 cupiunt
1088 2134 1168 2164 pacto
1187 2131 1347 2158 societatem
1370 2132 1440 2166 ejus,
1457 2133 1570 2167 ﬁguram
1584 2141 1677 2165 tenere

887 2181 1040 2208 magorum,
1058 2175 1103 2210 qui
1120 2184 1154 2203 ex
1169 2176 1288 2205 Orientis
1309 2179 1431 2212 partibus
1447 2181 1558 2208 veniunt
1574 2183 1675 2211 eruditi

32 2207 202 2249 sapientium
235 2213 339 2245 seculi,
354 2215 401 2248 qui
431 2222 480 2249 per
509 2215 692 2242 eruditionem
710 2216 831 2250 philoso-
847 2228 870 2255 ι)
885 2207 1008 2254 paternis
1036 2207 1126 2252 libris.
1142 2229 1170 2250 et
1187 2224 1403 2253 institutionibus
1428 2226 1572 2261 majorum,
1593 2235 1620 2257 et
1633 2230 1675 2257 di-

33 2261 106 2296 phia:
135 2261 222 2288 multa
243 2261 328 2288 etiam
348 2267 381 2287 ex
397 2260 514 2287 veritate
539 2261 827 2294 comprehenderunt;

33 2307 191 2342 intelligere
211 2306 326 2341 potestis
350 2307 486 2340 quomodo
514 2306 560 2333 hic
588 2314 649 2334 cum
679 2307 828 2343 lsaac,qni

33 2352 116 2380 Verbi
137 2353 197 2384 Dei,
218 2352 291 2386 quod
310 2353 336 2379 in
358 2352 416 2387 lege
434 2356 485 2384 est,
501 2356 575 2380 tenet
599 2352 726 2388 ﬁguram,
742 2361 830 2388 neque

32 2398 60 2423 in
73 2397 248 2425 dissensione
263 2404 372 2432 semper
386 2401 476 2431 potest
493 2404 564 2430 esse,
579 2405 668 2432 neque
681 2405 790 2433 semper
802 2399 829 2426 in

32 2450 111 2478 pace.
131 2443 310 2477 Philosophia
325 2443 399 2470 enim
423 2450 512 2477 neque
524 2443 550 2470 in
566 2443 694 2471 omnibus
708 2444 761 2479 legi
781 2445 828 2473 Dei

33 2491 174 2518 contraria
200 2496 252 2522 est,
277 2497 366 2524 neque
388 2490 415 2517 in
437 2490 565 2518 omnibus
594 2498 725 2519 consona.
750 2491 829 2519 Multi

30 2535 105 2562 enim
119 2535 348 2571 philosophorum
365 2542 449 2562 unum
472 2542 533 2563 esse
555 2535 654 2568 Deum,
667 2538 715 2570 qtti
729 2542 828 2565 cuncta

70 2593 173 2619 “Psal.
192 2600 236 2623 cx,
251 2593 279 2619 4.
320 2592 341 2607 ³⁰
356 2591 454 2618 Genes.
469 2599 544 2623 ttva,
556 2591 602 2620 25'.
644 2593 664 2608 ἰ
678 2591 758 2620 Prov.
775 2601 815 2622 ιι.
838 2595 860 2622 9.

28 2628 79 2660 ΣΠ,
95 2629 138 2661 28,
150 2628 199 2655 ‘39.
239 2627 262 2642 ³⁸
274 2626 368 2653 Matth.
385 2627 452 2659 “,2.

69 2685 126 2720 (92)
144 2685 226 2715 διες..
242 2685 360 2716 oriatur,-
375 2684 451 2715 editi,
469 2684 597 2718 fodiatur.
611 2682 685 2710 Infra
700 2691 779 2718 mss.,
793 2685 831 2712 υἱ-

30 2723 134 2751 dentes.
158 2720 298 2755 inquiunt,
323 2720 455 2751 uidimus;
477 2720 547 2755 editi
565 2727 614 2753 pro
632 2719 767 2753 inquiunt,
784 2720 831 2746 Ita-

32 2758 101 2781 hrut
112 2756 209 2789 inquit.
225 2759 253 2781 et
268 2762 316 2789 pro
333 2755 467 2781 nobiscum
494 2754 606 2784 malum.
621 2755 753 2782 exhibent
780 2763 831 2781 no-

30 2792 132 2830 biscum
144 2791 227 2830 ninia.
285 2825 291 2830 _
328 2825 334 2830 _
711 2825 718 2830 _
787 2826 792 2830 _

68 2827 127 2860 (93)
159 2825 301 2853 Ochozath
328 2825 522 2859 interpretatur
551 2831 649 2857 tenens,
678 2825 719 2852 vel
740 2826 829 2860 potius

32 2862 172 2893 possessio.
192 2861 281 2887 Radix
299 2860 433 2887 llebraica
449 2865 489 2887 est
505 2865 558 2891 'mn
573 2861 650 2895 sopit,
675 2861 828 2894 prs/tendit,

890 2267 1091 2300 cunt“:Quia
1119 2269 1244 2298 videntes
1270 2272 1387 2300 vidimus
1410 2278 1502 2300 natum
1523 2282 1625 2311 regem.
1651 2282 1678 2302 et

884 2312 1003 2340 vidimus
1019 2314 1081 2348 quia
1096 2315 1167 2343 Deus
1178 2322 1219 2344 est
1231 2325 1292 2345 cum
1305 2318 1373 2353 ipso,
1385 2323 1413 2346 et
1422 2321 1546 2348 venimus
1559 2322 1679 2350 adorare

885 2363 958 2384 eum.
978 2357 1033 2385 Sed
1049 2363 1077 2386 et
1087 2361 1108 2386 si
1122 2362 1183 2395 quis
1200 2362 1245 2389 ille
1260 2367 1301 2390 est
1320 2363 1364 2398 qlti
1384 2364 1568 2398 hujuscemodi
1583 2369 1678 2394 crudi-

887 2401 1006 2431 tionibus
1019 2404 1167 2438 institutus,
1180 2407 1276 2435 videns
1287 2408 1351 2443 quia
1364 2409 1434 2437 Deus
1445 2410 1535 2437 eratin
1551 2411 1672 2444 Christo,

884 2449 1014 2476 mundum
1024 2452 1202 2480 reconcilians
1215 2453 1276 2484 sibi.
1289 2459 1316 2482 et
1335 2455 1486 2483 admiratus
1494 2463 1605 2490 operum
1615 2458 1673 2490 ejus

885 2495 1066 2530 majestatem,
1076 2498 1150 2526 dicat
1165 2511 1170 2527 :
1192 2499 1313 2528 Videntes
1328 2501 1442 2528 vidimus
1454 2503 1517 2536 quia
1533 2508 1569 2529 est
1582 2503 1674 2530 Domi-

884 2550 934 2569 nus
954 2547 1050 2574 tecum,
1071 2550 1095 2571 et
1114 2545 1253 2573 diximus:
1268 2546 1331 2574 Fiat
1355 2547 1505 2582 conjuratiu
1530 2548 1599 2575 inter
1614 2557 1673 2577 nos.

900 2596 922 2612 ³¹
936 2598 944 2624 l
960 2598 1022 2626 Cor.
1036 2608 1077 2631 ιιι,
1091 2602 1134 2628 Η.
1173 2602 1195 2617 ³³
1210 2603 1283 2630 Psal.
1300 2611 1361 2636 χιι,
1380 2604 1406 2630 5.
1445 2604 1468 2619 ³³
1481 2604 1578 2632 Genes.
1593 2613 1671 2638 xxvi,

888 2691 984 2727 lenuit,
996 2698 1010 2718 a
1023 2700 1076 2726 qua
1093 2693 1122 2720 tit
1136 2698 1209 2723 nim:
1226 2694 1367 2727 possessio.
1382 2694 1490 2722 Constr.
1502 2700 1584 2726 nimi.
1607 2696 1672 2723 ΡΙιὶ-

887 2725 928 2752 cul
950 2725 1066 2754 vertitur
1081 2737 1109 2755 os
1126 2725 1260 2761 omnium;
1273 2734 1313 2759 ΠΣ]
1329 2729 1401 2756 enitn
1420 2735 1607 2758 constructum
1630 2737 1673 2760 est

890 2774 921 2801 Ὠ
938 2780 977 2804 us,
997 2774 1060 2801 oris.
1086 2774 1128 2800 ctti
1147 2773 1169 2801 si
1188 2775 1270 2801 addas
1293 2767 1325 2804 ἢ)
1348 2776 1442 2807 omnis.
1468 2785 1556 2808 omne.
1570 2786 1672 2810 omnes,

885 2818 982 2848 omnia,
1000 2817 1110 2845 habebis
1121 2811 1184 2848 53‘!)
1201 2818 1291 2847 Phicnl
1311 2829 1340 2848 aa
1352 2821 1478 2848 omnium.
