1902 3065
219 131 273 160 9.59

957 124 1036 152 ORIG
1041 123 1118 151 LNIS

1799 118 1853 144 940

222 193 362 221 Accedens
377 192 432 229 (94)
444 192 514 219 enim
525 191 557 218 ad
571 190 653 225 legem
667 189 712 216 Dei
727 187 884 216 necessario
897 187 1009 215 dicit“:
1026 191 1048 218 Α
1065 185 1162 213 fuscati
1179 194 1185 211 :
1201 185 1247 212 sed
1264 184 1290 210 in
1318 180 1490 215 simplicitate
1502 183 1528 206 et
1547 179 1666 229 puritate
1679 178 1775 229 cordis
1795 186 1854 204 am-

219 238 317 266 Juravi
327 243 351 265 et
368 238 448 265 statui
462 241 489 263 ut
501 235 649 262 custodiam
663 233 792 260 maiidatu
809 237 865 260 tua.

256 284 283 310 4.
299 283 352 311 Sed
377 283 439 317 quid
467 279 580 316 petunt?
604 279 645 306 Ne
658 279 743 314 facias
767 278 852 311 nobis,
875 278 1008 312 inquiunt,

220 330 312 363 mala;
331 330 377 357 sed
396 329 463 356 sicut
475 336 522 355 nos
537 333 563 355 te
577 325 704 355 exsecrati
717 334 769 352 non
784 333 884 357 sumus,
897 325 935 351 ita
947 329 970 351 et
981 329 1008 350 tu

221 376 371 403 benedictus
393 374 516 402 Domino.
540 373 738 401 Remissionem
763 376 936 406 peccatorum
961 377 1009 404 per

222 424 277 450 hrcc
304 423 448 457 deposcere
472 421 538 448 mihi
561 421 700 451 vitientur,
714 428 749 447 ne
774 418 909 453 recipiam
925 417 1008 444 mala.

221 468 441 496 ltenedictionem
461 468 610 502 postulant,
626 474 678 494 non
697 465 911 493 retributionem.
929 463 1008 491 Deni-

219 519 272 546 que
289 512 349 538 vide
359 511 423 546 quid
440 511 574 545 sequitur.
589 510 624 537 Et
636 511 696 545 fecit
711 510 776 543 illis,
799 509 886 544 inqttit
896 510 930 542 ⁸⁷,
943 517 1008 536 con-

220 558 317 584 vivium
332 565 457 592 magnum
479 556 566 590 Isaae,
583 561 607 584 et
634 557 873 588 manducaverunt,
891 561 915 583 et
937 555 1008 583 bibe-

221 608 293 629 runt.
312 603 421 630 Certum
435 607 474 630 est
484 602 568 634 enim,
585 602 648 636 quia
664 603 710 636 qui
731 602 870 629 ministrat
885 603 1009 633 verbum,

222 649 389 683 sapientibus
416 653 443 675 et
462 648 654 682 insipientibus
669 648 776 675 debitor
789 652 840 675 est.
860 648 928 681 Quia
944 655 1010 682 ergo

222 695 376 723 convivium
408 694 577 726 sapientibus
608 695 736 728 exhibet,
766 695 869 722 idcirco
898 695 1006 726 dicitur,

222 740 285 776 quia
309 748 361 767 non
394 747 528 775 parvum,
560 740 606 767 sed
636 747 763 775 magnum
787 739 943 767 convivium
971 739 1010 767 l‘e—

222 787 269 814 cit.
283 786 316 813 Et
333 791 371 818 tu,
392 785 414 813 si
436 793 489 812 non
512 785 551 813 sis
575 785 663 812 adhuc
687 784 814 820 parvulus
825 790 852 812 et
866 785 938 813 lacte
956 793 1008 812 non

222 831 355 866 indigeas.
371 830 417 858 sed
441 831 605 857 exercitatos
623 830 729 857 deferas
744 838 853 863 sensus,
867 836 894 858 et
916 830 1009 858 erudi-

224 877 297 904 tione
323 876 438 911 plurima
465 876 619 910 prmmissa,
639 875 672 902 ad
700 875 908 911 intelligentiam
932 874 1008 902 verbi

224 923 270 950 Dei
295 922 420 957 capacior
443 922 546 954 venias,
572 921 607 956 iit.
616 921 699 948 etiam
718 921 765 949 tibi
782 921 937 949 convivium
953 929 1010 948 ma-

223 968 383 1004 gmnn.Non
401 968 448 995 tibi
466 968 538 995 olera
553 967 739 1002 languidorum
752 968 895 1002 parabitur
919 969 1007 1000 eibus,

223 1022 273 1042 nec
299 1015 370 1043 lacte
394 1014 536 1046 nutrieris,
552 1021 606 1048 quo
615 1013 721 1048 parvuli
735 1013 893 1041 nutriuntur
908 1015 955 1042 sed
972 1015 1010 1041 ia-

221 1059 275 1086 ciet
297 1059 345 1086 tibi
368 1059 491 1086 tninister
513 1058 587 1086 verbi
615 1058 769 1085 convivium
794 1066 933 1093 magnum.
959 1059 1012 1087 Lo-

219 1112 319 1141 quetur
339 1105 386 1133 tibi
404 1105 577 1140 sapientiam,
593 1112 653 1139 qum
672 1105 742 1132 inter
755 1104 893 1139 perfectos
905 1105 1010 1140 profer—

221 1155 274 1183 tur,
296 1150 458 1185 sapientiam
478 1149 524 1177 Dei
541 1150 568 1176 in
593 1150 724 1185 mysterio
742 1149 932 1177 absconditam
945 1158 1011 1185 pro-

221 1196 289 1223 feret
305 1196 455 1230 t—ibi,quam
475 1203 554 1223 netno
570 1195 724 1230 principum
742 1195 821 1230 hujus
842 1196 934 1223 saeculi
963 1204 1011 1224 co-

221 1242 325 1276 gnovit.
339 1241 482 1269 Bevelahit
495 1240 687 1268 tibiChristum
700 1240 848 1268 secundum
863 1241 925 1275 hoc,
940 1242 1011 1276 quod

222 1289 249 1315 in
263 1295 296 1315 co
310 1294 405 1314 omnes
423 1287 542 1315 thesauri
560 1288 700 1322 sapientia:
715 1292 743 1315 et
756 1288 880 1316 scientize
895 1288 1011 1316 abscon-

222 1334 270 1361 diti
284 1339 357 1362 sunt.
384 1334 477 1362 Faciet
502 1342 567 1369 ergo
585 1334 632 1362 tibi
659 1336 814 1363 convivium
830 1343 969 1371 magnum,
985 1340 1012 1363 et

223 1381 281 1416 ipse
298 1386 387 1408 tecum
406 1381 570 1416 epulabitur,
588 1382 610 1409 si
625 1386 650 1409 te
668 1389 721 1409 non
741 1382 863 1410 inveniat
879 1381 971 1416 talem,
983 1386 1012 1409 ut

223 1428 295 1456 dicat
304 1428 362 1460 tibi,
371 1428 432 1462 quia
443 1436 494 1455 non
504 1429 579 1463 potui
590 1429 828 1464 vobis-loquiquasi
836 1428 1010 1463 spiritalibus,

223 1475 268 1502 sed
280 1475 357 1509 quasi
370 1474 540 1506 carnalibus;
554 1479 678 1509 tanquam
688 1475 804 1510 parvulis
816 1475 841 1502 in
857 1473 1011 1502 Christolac

1025 862 1046 889 B

1062 232 1213 267 plectamur
1229 229 1352 256 verbum.
1368 233 1395 254 et
1410 226 1510 253 divina:
1520 225 1660 259 sapientia:
1677 224 1855 258 lanmlemnr,

1061 277 1106 311 qui
1124 281 1168 304 est
1181 275 1306 303 Christus
1320 273 1398 300 Jesus
1416 271 1546 298 Dominus
1560 275 1663 302 noster,
1679 270 1722 296 cui
1740 273 1781 296 est
1794 269 1855 304 glo-

1061 323 1101 350 ria
1118 327 1145 350 et
1161 320 1303 355 imperium
1317 319 1343 346 in
1359 317 1457 346 saecula
1473 316 1647 344 sa~eulornm.
1663 316 1762 343 Amen.

1351 363 1489 392 llOMlLlA
1508 361 1567 389 XV.

1064 413 1100 440 De
1113 422 1141 441 eo
1162 413 1232 448 quod
1248 413 1373 445 scriptum
1397 409 1481 448 est_”‘
1500 417 1506 435 :
1527 417 1536 433 ι
1569 407 1858 448 Etnascenderuntes

1098 442 1224 483 Egypto.
1252 452 1277 474 et
1301 442 1424 474 uenerunt
1441 446 1468 470 in
1483 451 1582 483 terram
1600 442 1740 483 Cltnnnan,
1756 445 1791 470 ad
1805 444 1859 483 Ja-

1096 479 1256 518 colip'atrem
1273 490 1362 518 suum,
1377 479 1600 518 etnuntiaverunt
1616 479 1640 518 et:
1652 480 1778 518 dicentes,
1790 481 1857 518 quin

1096 513 1167 554 ﬁlius
1187 524 1246 544 tuus
1268 517 1366 554 Jo_seph
1384 516 1457 554 pivit,
1475 518 1498 540 rt
1528 514 1582 547 ipse
1597 513 1777 547 principatum
1798 515 1859 548 agit

1097 551 1179 580 totius
1191 558 1267 580 terra:
1278 551 1399 586 .zEgypti.
1417 560 1426 576 I

1097 603 1123 630 1.
1140 600 1346 630 Observandum
1362 603 1403 626 est
1417 597 1664 632 nobis-Scripturas
1687 602 1799 624 sanctas
1813 596 1857 623 lc-

1060 648 1207 683 gentibus,
1239 645 1373 681 quomodo
1403 645 1427 671 in
1460 643 1574 678 singulis
1601 643 1758 678 quibusque
1786 643 1859 670 locis

1061 693 1210 724 ascem...e
1224 697 1341 728 ponatur
1356 691 1411 727 (95)
1424 695 1451 718 et
1467 691 1642 718 deseendere.
1660 691 1689 717 Si
1702 691 1776 717 enim
1792 690 1861 717 dili-

1061 741 1167 775 gentius
1181 739 1396 769 consideremus,
1424 736 1596 764 inveniemus
1618 736 1681 771 quia
1708 743 1856 771 nunquam

1061 785 1117 813 fere
1134 785 1161 813 in
1184 789 1308 813 sanctum
1333 783 1396 818 quis
1412 781 1501 810 locum
1534 781 1637 808 dicitur
1664 782 1859 814 descendiSSe,

1061 839 1149 867 neque
1163 832 1197 858 ad
1224 829 1431 865 vituperabilem
1447 828 1640 855 conscendisse
1671 833 1859 855 memoratur.

1062 877 1127 911 Qua:
1141 877 1347 907 observationes
1370 873 1518 902 ostendunt
1545 874 1714 908 Scripturam
1732 874 1860 901 divinam

1063 932 1128 957 non,
1144 929 1173 951 ut
1188 923 1313 959 plurimis
1338 922 1457 954 videtur,
1483 920 1621 948 inerudito
1641 924 1670 946 et
1683 919 1785 953 agresti
1799 927 1862 946 ser-

1063 977 1143 999 mone
1169 968 1357 1004 compositam,
1382 966 1430 994 sed
1456 965 1606 994 secundum
1624 965 1800 1000 disciplinam
1819 965 1865 992 di-

1062 1017 1131 1044 vinae
1146 1016 1308 1043 eruditionis
1333 1018 1466 1049 aptatam,
1486 1020 1574 1048 neque
1588 1017 1692 1039 tantum
1714 1012 1866 1039 historic-is

1063 1062 1277 1094 narrationibus,
1293 1065 1425 1096 quantum
1448 1061 1531 1088 rebus
1548 1064 1575 1086 et
1587 1060 1715 1086 sensibus
1734 1060 1864 1094 mysticis

1062 1108 1237 1137 servientem.
1251 1107 1374 1134 invenies
1390 1113 1455 1141 ergo
1472 1105 1602 1140 scriptum
1617 1112 1663 1132 eos
1676 1104 1746 1139 (96),
1759 1104 1806 1137 qui
1827 1111 1864 1130 ex

1063 1154 1168 1182 semine
1182 1153 1321 1180 Abraham
1349 1156 1509 1184 nascuntur,
1538 1149 1712 1178 descendisse
1727 1150 1753 1176 in
1771 1149 1864 1184 {Egy-

1062 1206 1152 1236 ptum,
1169 1204 1196 1227 et
1218 1206 1325 1226 rursum
1341 1198 1410 1225 ﬁlios
1429 1196 1511 1224 Israel
1541 1196 1697 1223 ascendisse
1712 1196 1745 1222 de
1769 1195 1864 1230 [Egy-

1063 1251 1118 1280 pto.
1148 1245 1270 1280 Denique
1294 1250 1319 1272 et
1341 1244 1375 1272 de
1391 1244 1449 1279 ipso
1477 1243 1614 1269 Abraham
1635 1242 1674 1269 sic
1689 1242 1793 1269 dicitur
1813 1242 1840 1258 ⁵ο
1855 1250 1864 1268 :

1063 1292 1187 1319 Ascendit
1208 1296 1295 1318 autem
1308 1290 1441 1317 Abraham
1456 1290 1487 1315 de
1503 1288 1630 1323 Egi/pla.
1655 1288 1710 1322 ipse
1735 1293 1760 1314 ει
1791 1296 1869 1315 uxor

1063 1340 1131 1375 ejus,
1141 1343 1166 1366 et
1180 1338 1268 1365 omnia
1281 1345 1338 1372 qua:
1353 1336 1410 1370 ejus
1423 1339 1510 1366 erant,
1529 1341 1552 1361 ct
1579 1334 1646 1360 Loth
1673 1342 1732 1360 cum
1758 1335 1820 1363 ipsa
1840 1337 1869 1362 in

1063 1387 1207 1414 desertum.
1237 1384 1305 1410 Tum
1332 1381 1429 1410 deinde
1442 1386 1469 1408 et
1493 1381 1526 1407 de
1541 1380 1615 1407 Isaac
1630 1380 1731 1407 dicitur
1746 1380 1781 1412 δ’,
1797 1383 1868 1415 quia

1062 1431 1184 1466 apparuit
1199 1430 1223 1457 ei
1237 1428 1377 1459 Dominus,
1390 1431 1414 1454 et
1429 1427 1494 1454 dixit
1507 1427 1530 1453 ei
1554 1434 1564 1453 .'
1590 1425 1631 1453 Ne
1655 1427 1805 1453 descendas
1840 1428 1871 1453 in

1064 1476 1219 1511 iEgypmm.
1239 1471 1333 1502 Sed'et
1348 1472 1502 1503 lsmaelitze,
1526 1479 1571 1505 qut
1588 1471 1734 1505 portabant
1759 1471 1873 1499 θυμιά-

223 1519 295 1546 vobis
315 1523 404 1554 potum
418 1519 489 1551 dedi,
504 1528 555 1546 non
571 1528 657 1547 escam
665 1520 696 1547 ³⁸.
716 1520 865 1548 Corinthiis
877 1523 927 1550 hoc
936 1522 1012 1556 dicit,
1026 1538 1049 1569 ρ
1066 1531 1149 1559 ματα,
1172 1524 1201 1548 et
1215 1520 1345 1551 resinam,
1372 1522 1399 1546 et
1432 1521 1547 1552 guttam,
1582 1522 1608 1544 et
1625 1517 1675 1550 ipsi
1691 1523 1724 1543 ex
1753 1518 1874 1544 semine

223 1564 359 1599 quibuset
369 1565 445 1591 addit
458 1573 464 1592 :
475 1565 540 1592 Cum
553 1566 624 1592 enim
637 1566 688 1593 sint
702 1567 771 1594 inter
781 1577 824 1595 vos
835 1570 1013 1598 contentiones

224 1616 247 1637 et
261 1611 447 1643 dissensiones,
464 1619 550 1638 nonne
562 1611 682 1639 carnales
702 1613 764 1640 estis
777 1619 800 1640 et
812 1615 954 1642 secundum
963 1616 1012 1643 lto—

225 1656 318 1682 minem
333 1654 562 1683 ambulatisﬂstis
574 1663 626 1683 non
636 1655 701 1684 fecit
720 1665 847 1692 magnum
859 1660 1012 1688 convivium

224 1701 335 1734 Paulus,
346 1701 372 1728 in
386 1705 502 1734 tantum,
519 1707 549 1743 ut
565 1709 626 1729 cum
641 1707 713 1730 esset
726 1704 796 1738 apud
804 1712 860 1737 eos,
873 1711 901 1733 et
910 1711 1012 1741 egeret,

226 1747 291 1775 nulli
314 1747 392 1775 oneri
411 1751 495 1780 esset,
505 1755 554 1775 nec
570 1755 667 1782 panem
679 1750 765 1784 gratis
783 1751 817 1778 ab
832 1751 922 1786 aliquo
934 1759 1013 1779 utan-

227 1797 355 1827 ducaret;
371 1793 417 1820 sed
430 1793 481 1820 sibi
498 1793 554 1828 99
567 1799 593 1821 et
607 1795 733 1822 omnibus
751 1796 795 1830 qui
818 1804 911 1824 secum
924 1803 1013 1832 erant,

224 1844 304 1867 nocte
321 1844 349 1865 et
367 1837 410 1865 die
435 1837 590 1866 laborantes
613 1847 708 1866 manus
737 1847 793 1868 suae
817 1841 1012 1871 ministrarent.

225 1885 291 1913 Tam
305 1893 372 1920 ergo
388 1884 467 1920 longe
483 1886 597 1913 aberant
615 1886 757 1919 Corinthii,
772 1887 871 1922 quibus
886 1895 1012 1923 magnum

223 1932 377 1960 convivium
387 1932 472 1965 ﬁeret,
483 1937 510 1959 ut
521 1940 554 1960 ne
563 1933 702 1960 minimum
709 1934 827 1968 quidem,
837 1934 879 1961 vel
887 1934 1013 1970 exiguum

225 1978 294 2013 apud
303 1985 350 2005 eos
363 1978 522 2012 praalicator
531 1979 604 2006 verbi
615 1978 661 2006 Dei
673 1980 793 2015 potuerit
805 1981 906 2008 habere
919 1982 1013 2009 convi-

226 2025 310 2052 vium.
324 2023 374 2056 Qui
389 2031 453 2051 vero
466 2024 554 2051 sciunt
570 2025 667 2052 audire
682 2026 841 2060 perfectius,
856 2029 901 2062 qui
918 2030 1011 2057 erudi-

227 2075 270 2097 tos
282 2074 308 2097 et
323 2071 487 2098 exercitatos
505 2071 537 2098 ad
554 2064 719 2099 audiendum
738 2074 850 2101 verbum
871 2075 916 2102 Del
938 2076 1014 2104 defe-

227 2122 291 2144 runt
306 2123 411 2147 sensus,
428 2116 486 2143 istis
499 2116 528 2143 iit
544 2124 669 2152 magnum
688 2119 859 2151 convivium:
878 2128 938 2148 cum
954 2121 1014 2150 istis

226 2163 350 2197 epulatur
363 2162 449 2195 lsaac,
464 2169 491 2190 et
505 2171 557 2191 non
573 2165 660 2192 solum
679 2166 813 2201 epulatur,
839 2169 887 2196 sed
903 2173 929 2196 et
947 2177 1012 2197 sur-

1068 1569 1204 1598 Abraham
1220 1571 1307 1598 erant,
1339 1566 1365 1592 in
1381 1564 1526 1600 [Egyptqu
1553 1564 1719 1590 descendere
1736 1564 1874 1591 referunt-

1068 1619 1121 1646 tur,
1137 1621 1199 1641 cum
1211 1613 1310 1647 quibus
1325 1610 1425 1645 Joseph
1441 1609 1616 1637 descendisse
1630 1609 1656 1636 in
1673 1609 1806 1644 Egytum
1826 1611 1875 1637 tli—

1066 1660 1138 1688 eitur
1150 1661 1183 1686 ".
1201 1658 1254 1686 Sed
1270 1662 1298 1686 et
1324 1661 1384 1692 post
1399 1657 1456 1683 haec
1471 1663 1479 1681 :
1501 1655 1609 1687 Videas,
1622 1655 1709 1690 inquit
1722 1655 1756 1687 ⁸⁸,
1774 1655 1876 1684 Jacob

1066 1709 1127 1743 quia
1142 1712 1180 1734 est
1201 1704 1384 1733 commercium
1399 1702 1523 1737 frumenti
1541 1702 1568 1728 in
1581 1701 1710 1736 {Egyptm
1737 1703 1812 1730 dixit
1832 1705 1877 1731 ad

1067 1753 1137 1788 filios
1149 1760 1211 1779 suos
1227 1760 1236 1778 :
1254 1750 1356 1786 thuid
1386 1750 1489 1776 desides
1502 1749 1585 1776 estis!
1611 1749 1679 1775 Ecce
1697 1750 1781 1776 audio
1798 1752 1878 1785 quia

1067 1804 1104 1826 est
1121 1798 1280 1832 frumentum
1298 1797 1324 1823 in
1339 1795 1467 1830 Αῖθμμιο,
1482 1795 1631 1821 descendite
1644 1794 1717 1827 illuc,
1744 1800 1770 1821 et
1784 1797 1879 1824 emite

1069 1844 1141 1872 nobis
1153 1852 1236 1876 escas,
1251 1847 1279 1869 ut
1292 1843 1420 1872 vivamus,
1446 1844 1471 1867 et
1494 1848 1546 1867 non
1559 1840 1716 1866 moriantur.
1729 1840 1765 1867 Et
1779 1841 1879 1875 paulo

1068 1896 1128 1927 post
1141 1900 1149 1919 :
1163 1889 1370 1920 Descenderam,
1388 1887 1487 1922 inquit,
1499 1886 1595 1921 fratres
1611 1885 1713 1920 Ioseph
1725 1886 1755 1913 in
1769 1887 1878 1923 ,Ερμ-

1067 1943 1140 1973 ptum
1161 1943 1313 1971 comparare
1336 1934 1510 1966 frumentum.
1536 1932 1609 1959 Sane
1635 1939 1697 1959 cum
1727 1932 1877 1961 detentus

1065 1984 1164 2012 fuiSset
1191 1982 1301 2010 Simeon
1327 1982 1352 2009 in
1375 1980 1505 2016 IEgypw.
1519 1983 1547 2006 et
1569 1986 1666 2006 novem
1681 1978 1787 2007 fratres
1805 1979 1882 2014 eius:

1067 2029 1172 2056 dimissi
1187 2031 1389 2056 reverterentur
1403 2027 1436 2053 ad
1451 2030 1566 2059 patrem,
1595 2031 1647 2052 non
1668 2029 1712 2052 est
1725 2025 1879 2059 scriptum

1067 2075 1131 2110 quia
1144 2075 1324 2102 ascemlerunt
1338 2081 1372 2100 ex
1392 2072 1522 2107 Egypto,
1551 2069 1597 2096 sed
1618 2070 1802 2104 impatientes,
1828 2071 1885 2098 in—

1068 2121 1127 2156 quit
1141 2121 1176 2153 “,
1190 2121 1350 2155 frumentum
1361 2127 1440 2153 super
1453 2119 1542 2146 asinos
1557 2125 1619 2144 suos
1645 2117 1782 2144 abierunt.
1813 2117 1884 2146 Ne.—

1067 2175 1119 2203 que
1133 2168 1205 2195 enim
1221 2167 1299 2202 digne
1311 2166 1468 2193 dicerentur
1483 2164 1632 2192 ascendere
1642 2182 1651 2195 ,
1673 2170 1795 2198 quorum
1816 2164 1884 2191 fra-

225 2215 293 2243 gens
306 2215 367 2235 cum
379 2208 536 2242 iuramento
550 2210 590 2238 eis
606 2218 699 2246 pacem
714 2213 747 2240 de
759 2213 856 2242 futuris
870 2216 1013 2250 promittit.
1031 2218 1053 2244 D
1069 2219 1109 2242 ter
1122 2213 1228 2240 vinctus
1244 2212 1386 2240 tenebatur
1402 2211 1428 2238 in
1450 2209 1579 2244 (Egypto,
1609 2215 1670 2235 cum
1688 2215 1744 2242 quo
1770 2213 1797 2235 et
1815 2209 1885 2244 ipsi

225 2256 342 2284 Oremus
357 2263 421 2290 ergo
433 2260 462 2283 et
475 2264 524 2284 nos
548 2257 595 2284 tali
627 2264 728 2292 mente,
748 2260 793 2287 tali
817 2261 869 2288 tide
885 2262 1016 2290 accedere

223 2304 258 2331 ad
279 2302 441 2330 audiendum
460 2304 572 2330 verbum
587 2303 646 2338 Dei,
673 2310 702 2332 ttt
716 2305 806 2334 facere
827 2308 906 2334 nobis
921 2308 1016 2342 digne-

225 2354 269 2375 tur
286 2348 439 2376 cornvivium
458 2356 595 2382 magnum.
623 2349 762 2384 Sapientia
789 2352 861 2378 enim
881 2352 1016 2387 jugulavit

221 2394 327 2421 hostias
343 2402 416 2426 suas,
430 2394 534 2420 miscuit
549 2396 577 2421 in
592 2400 693 2423 cratere
707 2398 793 2423 vinum
819 2406 908 2430 suum,
925 2403 949 2425 et
965 2399 1016 2425 nti-

222 2441 255 2467 sit
271 2448 357 2467 seruos
373 2447 433 2466 suos
450 2439 482 2473 ",
508 2440 553 2474 qui
568 2448 663 2468 omnes
686 2446 820 2476 quotquot
849 2443 1015 2476 invenerint,

223 2487 376 2521 perducant
389 2487 421 2513 ad
436 2486 588 2513 convivium
617 2494 706 2514 suum.
724 2487 840 2515 Tantum
866 2494 918 2522 est,
943 2495 972 2516 ut
987 2496 1014 2518 et

225 2542 274 2560 uos
291 2533 404 2569 ingressi
419 2533 573 2560 convivium
598 2533 744 2566 Sapientim
767 2543 820 2562 non
847 2544 952 2564 rursum
967 2545 1016 2564 no-

226 2579 330 2606 bisenm
344 2579 499 2606 indumenta
515 2579 677 2614 insipientia;
694 2579 860 2613 deferamus,
887 2590 938 2610 non
953 2583 1014 2611 inii-

226 2625 345 2652 (lelitatis
359 2630 432 2652 veste
443 2625 615 2657 circumdati,
643 2633 695 2652 non
709 2632 884 2659 peccatorum
902 2630 1015 2657 maculis

263 2671 285 2685 ³⁸
297 2670 366 2698 Psal.
380 2670 544 2702 cvvttt,l06.
583 2670 603 2686 ³⁷
616 2671 713 2699 Cenes.
733 2680 805 2703 xxvi,
825 2673 869 2701 50.

226 2705 251 2721 ⁴⁰
265 2705 333 2732 ῦιιιι.
348 2715 408 2735 xm.
424 2707 447 2733 l.
485 2706 506 2721 “
522 2706 620 2734 Genes.
636 2714 708 2740 xxvr,
725 2707 752 2735 Ξ.

227 2748 284 2768 nos
307 2749 367 2773 XLV,
380 2741 424 2768 ‘25.
470 2741 492 2757 ⁸⁸
507 2742 584 2772 ibid,
598 2742 643 2769 ‘26.

265 2787 320 2817 494)
335 2787 418 2820 Alias,
437 2789 591 2818 ascendens,
607 2788 652 2814 sed
671 2795 750 2819 mss,
768 2779 905 2815 dormiens.

265 2822 320 2857 (93$)
337 2822 412 2853 Mss”
432 2828 562 2856 portatur;
577 2822 640 2848 ediIi
656 2829 886 2849 εοηιυιιηηοιτιιην.

267 2859 321 2892 (93,3)
339 2858 383 2884 Sic
413 2866 490 2889 "155.,
520 2857 596 2888 alias,
628 2864 777 2884 arrvten'cnt
795 2859 916 2884 int-enica.
941 2857 1012 2893 Ergo

909 2675 930 2691 ⁸⁸
943 2675 950 2702 Ι
962 2676 1026 2703 Cor.

791 2708 917 2737 “Geues.
937 2718 1040 2743 xxxvii,
1056 2711 1100 2738 ‘28.

1068 2263 1157 2285 mente
1171 2262 1199 2284 et
1216 2257 1308 2284 anitno
1323 2256 1446 2288 solliciti,
1465 2255 1540 2282 velut
1554 2253 1720 2289 quibusdam
1735 2254 1886 2281 Charita—

1070 2305 1105 2332 tis
1120 2303 1235 2331 vinculis
1248 2303 1445 2330 cruciabantur
1473 2300 1588 2329 astricti.
1618 2299 1685 2327 Cum
1703 2304 1796 2326 autem
1811 2301 1887 2326 ‘re-

1068 2355 1145 2385 cepto
1163 2350 1246 2377 fratre
1259 2355 1286 2377 et
1304 2349 1395 2384 agnito
1407 2347 1516 2382 Joseph,
1532 2346 1580 2374 sed
1593 2350 1620 2373 et
1632 2345 1780 2380 Beniamin
1794 2352 1888 2373 ocu-

1069 2397 1102 2424 lis
1114 2397 1173 2430 ejus
1188 2395 1291 2428 oblato,
1308 2403 1368 2423 cum
1386 2394 1478 2421 laetitia
1493 2396 1680 2426 revertuntur,
1702 2395 1769 2418 tunc
1796 2392 1891 2419 dici-

1073 2448 1115 2470 lnr
1132 2442 1154 2458 ⁸³
1171 2442 1233 2476 quia
1254 2441 1427 2468 ascenderunt
1445 2445 1478 2464 ea:
1496 2436 1618 2473 Αῖθῃριο,
1640 2442 1664 2464 et
1692 2442 1825 2464 venerunt
1846 2438 1891 2467 in

1071 2499 1167 2521 terram
1179 2493 1306 2520 Chanaan
1318 2493 1352 2518 ad
1366 2490 1449 2518 Iacob
1461 2495 1562 2524 patrem
1574 2496 1662 2515 suum.
1674 2487 1753 2515 Tunc
1765 2487 1870 2515 etiam
1880 2509 1891 2521 ,

1069 2540 1177 2573 quando
1191 2538 1286 2566 dicunt
1297 2538 1330 2564 ad
1345 2542 1449 2572 patrem
1462 2536 1496 2569 ⁸⁸,
1517 2535 1582 2570 quia
1595 2534 1692 2568 Joseplt
1709 2533 1783 2567 ﬁlius
1804 2539 1891 2563 (una

1069 2586 1140 2617 vivit,
1155 2590 1179 2611 et
1202 2585 1257 2618 ipse
1279 2584 1454 2618 principatum
1489 2581 1545 2615 agit
1569 2580 1649 2606 totius
1674 2584 1754 2606 terre
1776 2578 1891 2614 E99-

1068 2632 1107 2665 pti
1120 2630 1185 2666 (97).
1200 2629 1359 2656 Necessario
1385 2628 1457 2654 enim
1474 2627 1507 2654 ab
1534 2625 1635 2652 inlimis
1653 2630 1681 2652 et
1711 2623 1891 2655 humiliban

1047 2675 1217 2708 111,Ι,⁴2,5.
1255 2675 1278 2690 η
1294 2674 1373 2701 Prov.
1391 2673 1506 2704 mea.
1545 2671 1660 2708 atticen.
1676 2669 1891 2708 {1,525,326.

1139 2704 1270 2737 “'Genes.
1286 2717 1351 2741 XLII,
1365 2711 1389 2740 1,
1404 2709 1432 2740 2,
1447 2708 1473 2740 5,
1489 2709 1514 2734 4.
1560 2706 1671 2739 “ibid.,
1688 2706 1734 2732 26.
1773 2704 1798 2721 ⁸⁸
1810 2704 1891 2734 Ge-

1067 2790 1193 2822 scriptum
1212 2793 1248 2814 est
1266 2796 1320 2815 eos.

1103 2825 1157 2857 (97)
1173 2823 1258 2854 Alias.
1280 2823 1456 2857 principatum
1479 2827 1548 2850 tenet
1572 2826 1596 2849 et
1611 2823 1676 2857 agit.
1697 2821 1763 2850 Mss.
1787 2828 1817 2850 ut
1841 2823 1891 2855 in

1069 2865 1161 2886 nostro
1175 2863 1259 2886 textu.
