1900 3060
72 120 124 147 2H

675 120 707 148 IN
726 121 875 149 GENESIM
894 121 1036 150 IIOMILIA
1047 123 1106 150 XV.

1643 122 1696 149 iii

73 177 205 204 dicuntur
219 176 254 204 ad
269 177 355 205 ardua
371 181 398 205 et
421 177 528 206 excelsa
544 179 737 212 conscendere,
754 181 802 214 qui
818 180 863 207 Jo-
879 183 899 211 Λ
915 181 1030 215 gratiam
1044 181 1218 209 merebantur
1230 181 1365 216 accipere,
1376 185 1402 209 et
1418 181 1607 209 dicentem":
1633 180 1697 216 Spi-

73 224 141 256 seph
155 223 249 250 vivere
277 223 413 255 nuntiant,
432 229 459 251 et
476 224 659 259 principatum
677 225 758 252 totius
777 225 860 261 Egy»

74 269 113 302 pti
129 276 234 304 gerere.
252 268 316 296 Haec
342 269 450 296 interim
464 270 496 296 ad
522 278 642 304 praesens
667 271 746 298 nobis
769 279 864 298 occur-

75 321 137 341 rere
157 315 191 341 de
206 314 367 342 ascensione
392 320 419 341 et
441 315 621 342 descensione
639 321 806 350 potuerunt:
829 325 862 345 ex

72 359 174 392 quibus
189 359 304 386 studiosi
325 360 425 394 quique
451 360 610 387 occasiones
622 360 723 388 habere
738 366 862 395 possunt,

72 404 152 436 plura
168 405 202 431 de
231 404 383 439 Scripturis
396 406 500 433 sanctis
521 414 571 440 pro
591 407 744 442 hujusmodi
769 416 862 436 asser-

73 449 148 475 tione
161 450 344 483 prohamenta
357 450 497 485 colligere.

106 495 136 522 2.
152 494 298 523 Videamus
315 504 382 524 sane
409 497 543 532 quomodo
558 499 653 526 audire
669 500 815 527 debeamus
828 500 862 527 de

69 548 104 566 eo
120 541 192 575 quod
209 542 340 575 scriptum
364 547 416 576 cst,
429 544 492 577 quia
507 543 606 578 Ioseph
631 545 702 578 ﬁlius
717 550 777 572 tuus
789 546 859 573 vivit.

71 585 129 619 Ego
144 587 202 612 haec
218 594 270 613 non
285 588 467 615 communiter
481 589 552 616 dicta
576 591 707 625 suspicio.
732 591 759 619 Si
777 593 859 627 enim,

70 631 147 658 verbi
158 639 393 666 eausa,ponamus
404 635 465 669 quia
479 637 610 669 potuisset
622 637 691 664 vinci
708 645 722 664 a
735 638 858 672 libidine,

68 681 96 702 et
116 682 257 710 peccasset
268 685 330 705 cum
345 687 429 706 uxore
442 681 543 707 domini
560 682 614 714 sui,
642 689 695 709 non
709 687 772 717 puto
787 684 859 718 quod

68 720 122 748 hoc
135 729 151 748 a
165 723 329 755 patriarchis
342 724 375 750 de
390 733 422 752 eo
438 727 588 754 nuntiatum
604 727 701 755 fuisset
714 729 783 762 patri
801 730 859 763 ejus

67 764 167 797 Jacob,
188 767 251 800 quia
266 767 408 801 ﬁliustuus
419 768 517 803 Joseplt
531 772 601 798 vivit.
619 771 675 799 lloc
692 773 761 799 enim
778 773 800 800 si
818 773 857 801 fe-

66 811 162 843 cisset,
182 813 242 840 sine
256 813 337 841 dubio
353 822 404 841 non
419 815 521 843 viveret
533 817 601 851 (98).
614 817 709 845 Anima
722 819 789 845 enim
798 827 857 854 quia

916 226 994 251 ritum
1010 226 1089 252 nolite
1102 226 1278 261 exstinguere.
1293 225 1431 261 Tanquatn
1447 233 1511 261 ergo
1527 225 1579 253 tale
1597 226 1701 260 aliquid

915 279 1012 305 passus
1024 271 1207 304 fueritJacob,
1223 271 1301 306 quale
1313 272 1413 300 Paulus
1429 273 1557 307 przecepit
1572 272 1628 299 ﬁeri
1644 280 1696 298 non

913 316 1024 348 (ἔνιοι-ε,
1049 322 1077 344 et
1100 318 1270 351 rcparaverit
1282 325 1312 345 se
1327 325 1374 352 per
1391 326 1431 350 ea,
1459 326 1518 352 quzc
1533 318 1557 344 ei
1575 318 1697 353 nuntiata

913 362 1022 389 fuerant
1036 362 1068 389 de
1083 362 1137 390 vita
1151 362 1260 398 Ioseph,
1292 364 1390 390 dicitur
1406 364 1437 391 dc
1455 371 1487 391 eo
1503 363 1526 379 “
1542 372 1549 390 :
1573 363 1606 390 Et
1625 371 1698 390 reac-

913 407 997 434 cendit
1008 408 1128 441 spiritum
1141 416 1216 434 sttunt
1228 407 1321 441 Iacob,
1335 414 1358 435 et
1368 408 1433 435 dixit
1448 407 1532 435 Israel
1545 416 1554 434 :
1568 407 1696 442 Magnum

915 452 978 478 mihi
988 453 1068 484 εει.ιὶ
1077 453 1162 479 adhuc
1173 453 1243 487 ﬁlius
1256 461 1327 480 meus
1338 453 1433 488 Ioseph
1446 454 1515 480 vivit.
1529 453 1582 480 Sed
1592 453 1642 480 hoc
1649 453 1697 479 ob-

912 498 1075 525 servandum
1089 503 1140 532 est,
1152 499 1216 533 quia
1234 499 1279 533 qui
1298 498 1589 532 reaecenditspiritum
1607 506 1695 529 suum,

911 551 972 570 eum
989 544 1091 571 scilicet
1105 545 1150 579 qui
1167 551 1235 580 pene
1262 544 1403 571 videbatur
1433 547 1594 575 exstinctus,
1610 544 1696 571 Jacob

911 588 1027 622 dicitur;
1043 589 1088 617 ille
1103 594 1192 617 autent
1203 590 1250 624 qui
1265 589 1350 616 dicit:
1377 589 1503 625 Magnum
1523 590 1586 616 mihi
1600 595 1649 621 est,
1673 590 1696 616 si

909 635 982 669 ﬁlius
995 643 1067 662 meus
1079 635 1177 670 Ioseph
1198 637 1268 669 vivit,
1284 637 1359 671 quasi
1385 636 1538 671 intelligens
1560 641 1587 664 et
1601 637 1695 664 videns

910 687 1035 715 magnam
1048 687 1108 708 esse
1122 681 1203 708 vitam
1215 689 1274 715 qua:
1285 681 1365 708 estin
1377 681 1486 716 loscph,
1499 681 1630 716 spiritalis
1644 682 1696 709 iste

910 725 1141 760 nonjatnlacob,
1168 726 1214 754 sed
1238 726 1321 754 Israel
1337 727 1473 759 scribitur,
1501 732 1627 762 tanquam
1648 725 1694 761 qui

909 777 999 799 mente
1023 772 1113 799 videat
1140 780 1232 800 veram
1258 773 1351 805 vitatu,
1375 781 1434 808 qua:
1458 778 1500 801 est
1525 781 1606 800 verus
1623 773 1693 800 Dcus

908 816 1043 846 Christus.
1058 818 1114 845 Non
1128 818 1216 845 solum
1232 823 1321 845 autem
1337 819 1370 845 de
1388 819 1438 846 hoc
1453 823 1541 846 motus
1554 823 1605 851 est,
1621 819 1694 853 quod

67 863 170 890 peccat,
187 859 245 893 ipsa
262 859 389 886 morietur
403 860 435 887 ".
451 860 503 888 Sed
517 866 544 888 et
557 861 681 890 Susanna
698 864 793 891 eadem
803 853 856 892 Vdo-
873 853 894 882 Β
908 863 1021 895 audivit,
1033 865 1095 899 quia
1109 864 1205 899 Ioseph
1217 865 1288 899 ﬁlius
1301 870 1361 892 tuus
1373 865 1431 892 vivit
1446 865 1485 898 ἐς
1503 865 1549 892 sed
1563 865 1632 892 etde
1648 865 1694 892 illo

67 908 122 935 cet,
136 912 199 931 etim
215 906 282 932 dicit
295 906 317 921 “'
332 915 339 933 :
357 906 491 941 Anguslite
512 908 577 936 mihi
597 914 656 936 sunt
680 910 805 945 undique.
825 911 856 938 Si

65 949 136 975 enim
152 949 202 977 hoc
216 950 311 984 fecero,
326 951 352 979 id
365 957 406 980 est
419 954 441 980 si
455 961 614 988 peccavero,
635 963 704 982 mors
720 956 784 983 mihi
798 961 855 989 est;

64 999 89 1020 et
101 995 124 1021 si
139 1003 192 1022 non
206 996 304 1030 fecero,
318 1006 370 1024 non
379 999 501 1033 e/fugiam
524 1008 618 1028 manus
644 1006 754 1029 vestras.
773 1002 855 1031 Vides

64 1047 130 1074 ergo
145 1045 176 1067 et
197 1041 285 1076 ipsam
312 1050 425 1072 mortem
439 1046 465 1073 in
488 1051 598 1081 peccato
611 1048 743 1082 posuisse.
762 1049 814 1076 Sed
827 1055 855 1077 et

64 1083 98 1110 ad
113 1085 234 1118 primum
251 1087 388 1116 hominem
405 1097 419 1116 a
436 1091 491 1118 Deo
507 1091 612 1125 prolata
638 1094 785 1127 sententia,
807 1102 854 1122 ea-

63 1129 123 1156 dem
138 1132 274 1166 continet,
288 1140 349 1160 cum
362 1135 426 1163 dicit
438 1135 461 1152 “
476 1144 482 1164 :
497 1136 554 1169 Qua
568 1138 610 1164 die
632 1139 852 1168 monducaveritis

62 1181 95 1200 α
107 1183 149 1207 eo,
168 1180 254 1203 morte
268 1178 425 1206 moriemini.
441 1179 538 1207 Statim
553 1187 668 1215 namque
683 1187 712 1209 ut
724 1183 854 1216 praevari-

62 1226 139 1247 catus
160 1227 202 1249 est
217 1223 384 1257 mandatum,
402 1230 523 1253 mortuus
534 1231 586 1253 est.
608 1226 710 1254 Mortua
727 1233 768 1255 est
778 1229 851 1256 enim

63 1267 154 1293 anima
168 1276 231 1302 quae
244 1271 378 1303 peccavit,
397 1276 423 1298 et
440 1272 565 1305 arguitur
581 1281 692 1307 serpens
711 1274 848 1309 fefellisse,

61 1313 105 1346 qui
121 1312 192 1339 dixit
209 1314 234 1330 ⁸⁸
261 1322 269 1340 :
292 1314 354 1342 Non
374 1322 457 1343 "torte
479 1318 635 1346 moriemini.
655 1320 687 1346 Et
701 1320 758 1347 ltmc
773 1321 806 1349 de
817 1329 850 1349 eo

61 1361 131 1391 quod
148 1360 255 1386 dictum
270 1365 313 1388 est
328 1369 341 1387 a
355 1362 415 1390 filiis
431 1362 511 1390 Israel
531 1365 564 1391 ad
582 1365 660 1400 100
677 1365 772 1399 Jacob,
787 1369 849 1402 quia

60 1402 159 1436 Ioseph
170 1403 244 1436 ﬁlius
262 1410 322 1432 tuus
338 1407 407 1433 vivit.
433 1408 534 1440 Quibus
550 1409 647 1436 similia
664 1411 746 1437 etiam
761 1411 788 1438 in
803 1420 850 1447 po—

61 1449 223 1475 sterioribus
242 1449 406 1483 referuntur,
435 1459 494 1479 cum
517 1453 616 1480 dicitur
629 1454 649 1470 “
667 1463 674 1481 :
693 1455 725 1482 Et
739 1457 849 1484 resusci-

60 1497 131 1519 tatus
146 1499 183 1520 est
196 1499 305 1527 spiritus
318 1495 402 1523 Jacnb
413 1497 496 1530 patris
505 1505 593 1524 eorunt
612 1505 620 1524 :
632 1505 655 1525 et
665 1500 729 1527 dixit
742 1501 828 1529 Israel
837 1509 847 1528 .'

61 1537 190 1571 Magnum
204 1540 268 1565 milii
278 1546 327 1572 est,
341 1541 365 1567 si
377 1542 462 1567 atl/tuc
476 1541 572 1577 Joseph
593 1544 664 1578 ﬁlius
690 1554 762 1573 meus
776 1547 847 1575 vivit.

60 1584 137 1615 Quod
156 1584 182 1610 in
197 1584 294 1612 Latino
318 1586 438 1614 dicitur:
456 1589 634 1616 resuscitatus
666 1595 708 1617 est
737 1592 848 1625 spiritus

58 1633 128 1664 ejus,
145 1631 171 1658 in
186 1631 281 1659 Graeco
309 1631 517 1668 ἀνεζωπύρησεν
532 1634 663 1668 scriptum
692 1642 743 1663 est.
771 1637 847 1669 Quod

60 1685 113 1703 non
129 1683 184 1703 tant
202 1678 370 1709 rcsuscitari,
386 1686 466 1712 quam
482 1680 633 1713 reacceudi,
649 1685 679 1707 ut.
693 1683 729 1708 ita
745 1683 845 1718 dicam,

59 1723 206 1756 significat,
231 1728 257 1750 ct
288 1724 396 1758 reigniri
413 1724 481 1759 (99).
510 1725 586 1758 Quod
612 1726 665 1753 dici
692 1728 770 1759 solet.
785 1736 845 1757 cum

59 1767 128 1795 forte
153 1769 180 1796 in
200 1768 291 1803 aliqua
314 1769 427 1796 materia
454 1769 524 1803 ignis
538 1778 570 1797 eo
589 1778 674 1805 usque
699 1773 800 1806 deficit,
817 1779 847 1802 ut

58 1813 195 1848 exstingui
210 1814 344 1846 videatur,
356 1819 381 1841 et
397 1815 418 1841 si
436 1814 505 1842 forte
517 1815 646 1844 fomentis
657 1817 787 1846 adhibitis
803 1827 845 1846 rc-

60 1854 185 1893 pare'tur,
200 1866 365 1886 reaccensus
379 1860 488 1887 dicitur.
519 1861 573 1889 Aut
585 1863 606 1889 si
622 1862 738 1892 lucerna:
755 1866 843 1894 lumen

57 1913 90 1932 eo
106 1912 193 1940 usque
210 1907 360 1940 perveniat,
380 1912 409 1933 ut
426 1912 535 1941 putetur
556 1910 702 1945 exstingui,
728 1913 751 1939 si
773 1913 844 1942 forte

57 1951 149 1978 infuso
162 1951 222 1978 oleo
234 1952 421 1985 resuscitetur,
440 1954 505 1982 licet
530 1955 618 1982 minus
635 1957 718 1991 polito
737 1966 844 1987 sermo-

57 2003 103 2028 ne,
121 2004 269 2024 reaccensa
286 1998 395 2026 lucerna
414 1999 521 2028 dicitur.
549 2000 681 2029 Similiter
693 2004 764 2032 etde
778 2005 843 2033 lant-

55 2042 133 2076 pade,
152 2042 194 2069 vel
205 2043 266 2070 aliis
280 2043 464 2078 hujuscemodi
478 2045 625 2074 luminibus
643 2049 835 2083 appellabitur.

55 2087 119 2114 Tale
135 2095 200 2122 ergo
212 2088 314 2123 aliquid
328 2093 355 2116 et
371 2089 398 2116 in
410 2089 493 2118 Jacob
512 2091 632 2120 indicare
649 2093 786 2121 videbitur
796 2095 841 2123 hic

53 2141 156 2166 sermo,
170 2136 245 2170 quod
261 2136 347 2164 donec
362 2136 440 2172 longe
451 2138 502 2166 fuit
516 2141 549 2166 ab
561 2138 660 2174 Joseph
675 2144 702 2167 et
728 2150 783 2169 non
799 2148 841 2170 est

909 908 1039 939 maxime,
1051 910 1122 943 qttod
1135 910 1322 937 annttutiatum
1337 915 1377 937 est
1390 910 1426 942 ei,
1441 911 1503 945 quia
1527 910 1583 944 ipse
1598 910 1633 937 sit
1645 912 1692 944 qui

908 954 1089 988 principatum
1105 960 1197 982 teneat
1225 956 1304 983 totius
1326 955 1446 991 Egypti.
1472 955 1527 982 lluc
1540 956 1610 983 enim
1629 964 1693 982 vere

908 1008 1034 1035 magnum
1062 1006 1103 1028 est
1126 1001 1162 1034 ei,
1185 1003 1255 1036 quod
1278 1002 1304 1029 in
1331 1002 1461 1029 ditionem
1488 1009 1563 1029 suam
1589 1002 1691 1036 redegit

906 1045 1062 1081 Egyptum.
1090 1045 1202 1074 Calcare
1228 1047 1300 1074 enim
1326 1047 1475 1080 libidinem,
1499 1047 1593 1083 fugere
1614 1047 1691 1074 luxu-

906 1092 987 1124 riam,
1011 1099 1158 1126 omnesque
1187 1093 1337 1128 voluptates
1365 1094 1486 1129 corporis
1516 1102 1637 1130 premere
1656 1102 1690 1123 ac

906 1137 1025 1172 frenare,
1042 1138 1094 1166 hoc
1108 1144 1150 1166 est
1163 1140 1344 1174 principatum
1360 1147 1457 1175 gerere
1470 1142 1552 1169 totius
1566 1141 1689 1176 Egypti.

906 1184 939 1212 Et
956 1185 1006 1213 hoc
1018 1190 1060 1213 est
1078 1187 1147 1221 quod
1159 1187 1228 1222 apud
1245 1186 1326 1214 Israel
1341 1195 1468 1223 maguum
1483 1188 1604 1221 ducitur,
1617 1194 1643 1215 et
1662 1189 1688 1216 in

904 1232 1084 1260 admiratione
1099 1233 1221 1260 habetur.
1252 1234 1280 1261 Si
1295 1235 1354 1268 quis
1370 1242 1433 1262 vero
1453 1239 1505 1268 est,
1526 1235 1570 1269 qui
1598 1235 1688 1270 aliqua

904 1277 1012 1312 quidem
1028 1278 1092 1305 vitia
1120 1279 1244 1313 corporis
1257 1279 1391 1314 subjuget,
1407 1280 1469 1307 aliis
1483 1288 1546 1308 vero
1570 1281 1646 1307 cedat
1662 1285 1689 1307 et

903 1323 1051 1358 subjaceat,
1063 1325 1096 1352 de
1115 1325 1167 1353 isto
1184 1334 1237 1354 non
1256 1326 1359 1361 integre
1376 1326 1474 1354 dicitur
1506 1327 1568 1361 quia
1586 1328 1688 1362 princi-

903 1375 995 1404 patum
1007 1372 1062 1406 agit
1078 1371 1159 1399 totius
1176 1377 1254 1400 terra:
1281 1372 1402 1408 Egypti.
1419 1374 1476 1405 sed,
1496 1374 1567 1401 verbi
1594 1382 1689 1406 causa,

903 1417 981 1443 unius
993 1417 1072 1449 forte,
1093 1423 1139 1445 aut
1153 1419 1277 1450 duarum,
1293 1419 1333 1446 vel
1347 1420 1429 1446 trium
1454 1419 1593 1446 civitatum
1614 1420 1689 1447 vide<

901 1460 975 1487 bitur
1003 1469 1098 1496 gerere
1122 1463 1316 1497 principatum.
1341 1464 1440 1499 JoSt-plt
1459 1473 1532 1498 vero,
1553 1465 1596 1492 cui
1613 1465 1686 1491 nulla

902 1506 1023 1540 corporis
1047 1507 1129 1534 libido
1151 1509 1290 1535 dominata
1316 1514 1368 1542 est,
1391 1510 1474 1537 totius
1488 1509 1595 1545 Egypti
1609 1509 1685 1544 prin-

900 1558 962 1585 ceps
976 1555 1003 1578 et
1028 1551 1154 1580 dominus
1180 1553 1241 1580 fuit.
1267 1553 1335 1581 Dicit
1359 1562 1426 1590 ergo
1452 1562 1504 1582 non
1519 1554 1574 1588 jam
1591 1553 1684 1585 Iacob,

899 1599 945 1625 sed
970 1597 1051 1625 Israel
1073 1607 1220 1627 reacceaso
1235 1600 1331 1635 spiritu
1347 1609 1353 1627 :
1373 1601 1499 1636 Magnum
1516 1600 1579 1627 milii
1595 1605 1644 1632 est,
1663 1602 1684 1627 si

898 1643 984 1670 adhuc
994 1643 1090 1678 Joseph
1103 1644 1175 1678 ﬁlius
1187 1653 1258 1673 meus
1271 1646 1339 1679 vivit,
1361 1647 1402 1673 ibo
1418 1651 1440 1673 ct
1454 1646 1544 1674 videbo
1566 1654 1624 1673 eum
1636 1655 1684 1673 an:

898 1692 1002 1724 tequam
1025 1691 1136 1718 moriar.
1160 1691 1213 1719 Sed
1242 1700 1276 1720 ne
1293 1692 1344 1720 hoc
1360 1693 1468 1727 quidem
1485 1693 1572 1720 otiose
1600 1692 1684 1719 relin-

897 1735 1030 1768 quendum
1048 1741 1099 1769 est,
1115 1737 1188 1772 quod
1203 1745 1255 1765 non
1266 1739 1394 1771 animam,
1408 1739 1456 1765 sed
1472 1738 1608 1773 spiritum,
1623 1743 1683 1765 tan-

897 1787 975 1814 quam
992 1781 1132 1809 meliorem
1148 1783 1190 1810 sui
1216 1788 1334 1818 partem,
1362 1783 1566 1816 resuscitatutn,
1581 1783 1623 1810 vel
1638 1792 1681 1810 re-

897 1832 1041 1853 accensum
1056 1828 1131 1855 dicit.
1147 1828 1282 1863 Splendor
1298 1829 1399 1856 etenim
1423 1829 1503 1866 lucis,
1520 1830 1566 1864 qui
1581 1834 1639 1856 erat
1653 1830 1680 1856 in

896 1878 938 1903 eo,
951 1872 1032 1898 etiam
1046 1873 1068 1899 si
1086 1874 1237 1901 exstinctus
1251 1874 1277 1900 in
1293 1882 1326 1901 eo
1343 1875 1451 1908 penitus
1468 1882 1522 1901 non
1538 1879 1599 1907 est,
1617 1880 1681 1902 tunc

895 1924 956 1944 cum
969 1918 1125 1946 obtulerunt
1140 1919 1185 1946 filii
1202 1921 1260 1954 ejus
1277 1920 1397 1948 tunicam
1410 1921 1519 1956 Joscph,
1532 1921 1603 1948 haedi
1617 1929 1680 1948 san-

894 1962 975 1996 guine
992 1964 1164 1997 maculatam,
1188 1965 1234 1992 sed
1258 1965 1398 1994 mendacio
1419 1974 1512 1993 eorum
1528 1967 1614 2001 decipi
1632 1974 1680 2001 po-

895 2008 955 2039 tuit,
972 2008 1008 2034 ita
1037 2013 1065 2035 ut
1090 2010 1226 2037 scinderet
1250 2011 1411 2039 vestimenta
1434 2019 1493 2046 sua,
1518 2017 1544 2039 ct
1564 2017 1680 2047 poneret

893 2059 1000 2079 saccum
1013 2061 1095 2088 super
1107 2055 1225 2083 lumbum
1238 2062 1363 2090 suum,ct
1373 2057 1477 2092 lugeret
1488 2057 1573 2084 lilium
1587 2066 1679 2091 suum,

892 2105 941 2125 nec
956 2099 1038 2126 vellet
1052 2101 1162 2127 omnino
1178 2103 1324 2135 consolari,
1351 2103 1398 2130 sed
1419 2103 1538 2136 diceret,
1556 2103 1619 2138 quia
1632 2104 1679 2131 de-

891 2145 984 2170 scendo
1001 2146 1035 2171 ad
1050 2146 1132 2180 ﬁlium
1148 2155 1232 2174 meum
1254 2148 1344 2183 lugens
1365 2149 1391 2175 in
1412 2149 1543 2183 infernum
1557 2149 1594 2182 “;
1613 2154 1677 2177 tunc

53 2182 76 2208 ei
88 2182 279 2209 amiunliatum
294 2183 327 2210 de
350 2184 402 2211 vita
426 2184 494 2218 ejus.
513 2186 595 2213 veluti
614 2186 748 2214 defecerat
762 2188 788 2215 in
807 2195 839 2216 eo
856 2196 877 2223 υ
891 2189 971 2215 etiam
987 2190 1020 2222 si,
1044 2195 1073 2217 ut
1087 2191 1216 2225 diximus,
1234 2182 1289 2219 non
1303 2197 1361 2219 erat
1382 2182 1491 2227 penitus
1512 2193 1675 2220 exstinctum

52 2227 165 2259 spiritus
177 2227 249 2260 ejus,
265 2232 292 2255 et
305 2228 393 2256 lumen
411 2231 481 2264 quod
496 2231 521 2257 in
547 2231 605 2266 ipso
621 2232 685 2264 fuit,
710 2233 838 2262 fomentis

53 2272 244 2300 deficientibus
254 2273 308 2307 jam
324 2274 413 2302 fuerat
437 2275 621 2304 obscuratum.
641 2277 690 2305 Ubi
706 2286 771 2306 vero
791 2287 837 2306 ve-

53 2323 159 2351 nerunt,
175 2319 221 2352 qui
235 2319 258 2346 ei
274 2321 466 2348 annuntiarent
479 2321 511 2348 de
522 2322 575 2349 vita
591 2323 660 2356 ejus,
683 2323 708 2350 id
724 2329 765 2351 est
789 2327 836 2359 qui

53 2363 184 2396 dicerent,
203 2365 267 2398 quia
280 2365 333 2392 vita
346 2370 400 2392 erat
414 2366 460 2392 tua:
470 2367 605 2395 hominum
617 2369 652 2400 “,
682 2371 836 2398 reacceudit

52 2408 76 2434 in
88 2417 118 2436 se
133 2410 261 2444 spiritum
277 2419 367 2444 suum,
380 2417 408 2439 et
429 2418 570 2448 reparatus
582 2418 623 2441 est
638 2414 663 2441 in
689 2421 721 2442 eo
747 2414 836 2451 fulgor

52 2453 158 2483 luminis
176 2456 244 2484 veri.

83 2501 108 2528 5.
130 2502 209 2536 Quod
241 2508 332 2532 autem
358 2506 443 2540 possit
471 2506 607 2534 interdum
631 2507 739 2536 divinus
763 2509 834 2544 ignis

51 2547 182 2582 exstingui
195 2549 279 2576 etiam
297 2550 323 2576 in
339 2553 440 2578 sanctis
451 2556 478 2578 et
493 2552 628 2584 fidelibus,
649 2554 710 2580 audi
727 2559 834 2588 aposto-

51 2589 99 2618 lum
110 2593 226 2621 Paulum
241 2596 439 2630 prmeipientem
452 2598 505 2630 his,
520 2598 566 2632 qui
589 2600 658 2626 dona
673 2600 789 2635 Spiritus
807 2605 834 2629 et

891 2234 918 2260 in
936 2242 968 2261 eo
981 2234 1081 2266 lmnen,
1095 2237 1214 2263 maxima
1231 2242 1320 2265 tamen
1338 2245 1370 2265 ex
1384 2243 1461 2273 parte
1475 2238 1565 2266 fuerat
1576 2238 1675 2267 obscu-

890 2283 991 2312 ratum,
1010 2282 1080 2314 quod
1107 2282 1191 2316 decipi
1211 2284 1307 2317 potuit,
1332 2285 1404 2318 quod
1419 2284 1580 2311 vestimenta
1602 2284 1674 2312 scin-

891 2326 964 2357 dere,
981 2327 1050 2360 quod
1077 2327 1145 2354 falso
1169 2328 1271 2362 lugere,
1300 2330 1371 2363 quod
1392 2330 1536 2365 implorare
1546 2335 1674 2363 mortem,

890 2371 962 2404 quod
974 2371 999 2398 in
1018 2372 1152 2399 infernum
1169 2379 1280 2408 cuperet
1292 2375 1407 2409 lugendo
1418 2375 1593 2403 descendere.
1604 2375 1673 2402 Pro-

889 2420 950 2450 pter
964 2417 1019 2443 lucc
1035 2425 1100 2451 ergo
1115 2426 1185 2445 nunc
1203 2420 1346 2447 resuscitat
1372 2424 1399 2447 et
1418 2420 1572 2448 reaccendit
1591 2420 1673 2454 spiri-

891 2467 945 2489 tum
963 2470 1051 2495 suutu,
1067 2464 1130 2498 quia
1152 2473 1323 2501 consequens
1338 2471 1408 2499 erat,
1429 2470 1458 2494 ut
1481 2466 1583 2498 lumen,
1599 2467 1671 2501 quod

889 2508 915 2535 in
927 2516 959 2536 eo
976 2510 1167 2537 obscuraverat
1180 2512 1255 2539 fraus
1271 2512 1416 2544 mendacii,
1434 2511 1628 2540 reacccndcret
1643 2516 1671 2539 et

888 2555 1022 2583 refoveret
1036 2558 1157 2585 veritatis
1170 2559 1288 2591 auditus.

922 2602 948 2629 4.
969 2602 1066 2630 Verum
1081 2604 1145 2638 quia
1160 2604 1287 2638 diximus,
1298 2605 1370 2639 quod
1384 2603 1468 2632 Jacob
1478 2607 1520 2632 est
1534 2603 1579 2638 qui
1594 2610 1669 2630 reac-

81 2673 100 2714 ‘l’
118 2672 321 2714 Ez'ecli.mxvm,
338 2674 364 2700 4.
394 2675 424 2714 Ῐ⁸
438 2676 576 2714 D_an._xm,
604 2676 649 2703 22.
686 2676 822 2714 "ﬁentes.

902 2679 938 2705 17.
976 2680 998 2695 ⁵ο
1013 2679 1113 2707 Gcncs.
1130 2688 1170 2711 ut,
1183 2681 1210 2707 4.
1248 2681 1373 2708 “Cenes.
1386 2688 1448 2714 va,
1464 2680 1510 2708 27.
1548 2679 1571 2697 "
1585 2678 1667 2707 Joan.

49 2714 67 2740 ι,
83 2707 106 2734 4.
145 2708 169 2723 ⁸¹
194 2708 203 2734 l
223 2708 321 2736 Thess.
336 2717 360 2741 v,
375 2710 417 2737 l9.
455 2711 478 2726 ‘”
502 2711 599 2738 Genes.
625 2719 686 2744 xcv,
709 2712 755 2744 '27..
771 2712 815 2739 28.

79 2766 131 2801 (98)
149 2767 230 2798 Μθιε.ν
246 2767 352 2797 viveret,
368 2768 445 2801 alias,
457 2769 565 2797 vivebat.

854 2712 876 2729 ⁸⁵
895 2714 972 2746 ibid.,
987 2715 1032 2743 26.
1070 2716 1092 2730 ⁵⁸
1105 2715 1201 2742 Cenes.
1220 2723 1324 2748 xxxvii,
1338 2716 1382 2743 55.

79 2799 131 2836 (99)
145 2802 228 2834 Editi,
249 2803 404 2830 resuscitare
417 2799 496 2838 quam
515 2806 715 2834 reuccemlere...
732 2813 754 2833 et
773 2808 892 2843 reignirc.
908 2808 942 2834 At
959 2815 1021 2835 mss.
1039 2813 1067 2834 ut
1081 2807 1106 2834 in
1125 2812 1217 2836 nostro
1233 2813 1319 2836 textu.
