1902 3065
214 111 267 140 263

961 102 1121 132 ΟΚΙΟΕΝΙΞ

1796 95 1848 124 ΞΗ

212 171 304 199 ειτιιάίι
321 168 446 205 spiritum
461 176 557 201 suum;
583 167 664 195 Israel
682 174 747 194 vero
770 169 822 197 est,
840 164 886 199 qui
914 163 998 190 dicit:
1015 162 1039 190 Α
1053 160 1145 192 dabat,
1163 160 1245 186 Israel
1260 158 1460 194 appellabatur.
1475 158 1548 186 Sane
1564 158 1636 205 quod
1653 157 1767 205 dicitur,
1781 158 1845 205 quia

213 215 344 249 Magnum
354 216 419 242 nti/ti
431 221 480 248 est,
491 216 514 241 ιί
527 215 612 242 adhuc
631 214 704 246 ﬁlius
719 221 791 240 utens
806 212 904 246 Joaep/t
929 211 1002 243 vit-it,

213 267 290 297 potes
321 267 348 289 et
362 266 401 294 tu,
415 261 461 296 qui
487 261 545 288 lucc
570 260 658 292 audis,
674 259 808 294 incipiens
828 258 862 285 ab
878 265 911 284 eo
931 257 1002 289 loco,

213 307 257 334 ubi
271 308 406 341 scriptum
417 311 458 333 est
473 306 507 338 ⁵⁷,
517 306 578 340 quia
595 305 663 332 dixit
681 305 714 335 ei,
730 304 788 331 1am
803 312 853 331 non
865 303 948 330 Jacob
959 311 1004 330 υο‹

212 351 318 378 imbitur
338 359 431 377 nomen
454 355 538 381 tuum,
555 350 602 376 sed
624 349 719 381 Israel,
732 349 795 384 quia
812 348 948 375 invaluitti
967 349 1002 375 ad

213 396 310 428 Deum,
325 402 349 423 et
369 404 429 423 cum
447 396 595 424 hominibus
614 401 704 422 potens
725 396 811 430 factus
828 402 870 427 es;
893 402 1001 422 otnnem

211 442 382 477 Scripturatn
401 443 561 475 decurrens.
579 443 702 470 invenire
716 443 796 476 bujus
809 442 933 470 vocabuli
950 442 1002 469 dil-

212 487 368 516 l'ereutiam.
385 486 464 514 Verbi
478 495 571 521 causa,
587 495 648 515 cum
665 488 731 515 dicit
744 488 786 513 ’δε
806 488 941 515 Attuuntia
952 488 1001 514 mi-

210 532 236 558 hi
249 540 342 559 nomen
358 539 442 565 tuum,
457 534 500 561 hic
512 534 536 561 is
550 534 594 568 qui
609 535 714 568 ignorat
731 541 841 567 nomen,
853 541 905 560 non
916 533 1000 561 Israel

211 585 271 604 esse
284 577 395 609 dicitur,
408 579 455 606 sed
467 578 561 607 Iacob.
577 579 628 607 Ubi
644 587 708 607 vero
721 588 772 607 non
788 580 868 607 edunt
881 588 998 611 nervum,

211 624 255 659 qui
271 617 402 658 obstupuit
433 626 460 652 in
485 626 625 653 latitudine
652 626 759 660 femoris
786 626 947 661 patriarchae
965 626 998 659 ",

212 678 265 697 non
285 669 332 697 lilii
356 669 452 702 Iacob,
477 672 524 698 sed
548 671 596 698 lilii
613 671 694 698 Israel
718 679 778 698 esse
796 671 935 698 dicuntur.
952 671 999 698 Ille

211 719 275 739 vero
288 713 331 747 qui
351 714 510 748 respiciens,
529 714 598 742 vidit
613 715 685 742 Esau
705 716 869 747 venientem,
895 720 997 743 etcum

210 758 270 792 ipso
283 760 495 794 quadringentos
513 760 596 794 viros,
615 767 642 788 et
655 762 781 788 adoravit
798 763 899 796 septies
911 762 998 789 forni-

210 810 343 839 catorem,
368 811 395 834 et
423 808 578 841 profanum,
603 814 630 836 et
649 816 710 836 cum
729 809 775 842 qui
791 816 840 843 pro
866 817 918 835 una
935 816 996 836 esca

209 852 332 879 vendidit
356 854 535 889 primogenita
564 861 623 885 sua,
650 862 702 882 nou
728 853 822 883 Israel.
850 854 896 881 sed
914 854 999 882 Iacob

210 896 317 924 dicitur.
344 897 397 925 Sed
420 902 521 926 etcum
539 900 562 926 ei
585 899 664 926 oll‘ert
679 900 766 932 dona,
792 903 818 926 et
830 899 895 927 dicit
909 899 952 926 ⁶⁰;
969 899 998 926 Si

209 943 298 969 inveni
308 945 420 978 gratiam
434 953 522 972 coram
539 951 574 977 te,
588 946 689 979 suscipe
702 946 757 972 hiet:
770 953 879 972 munera
892 945 924 972 tle
939 954 997 972 ma-

210 988 286 1014 nibus
303 989 374 1020 meis.
393 996 499 1024 propter
512 993 582 1025 quod
597 991 649 1017 vidi
664 991 757 1024 facient
769 996 853 1022 tuam,
867 991 934 1018 sicut
950 993 996 1027 qui

208 1033 275 1060 videt
285 1034 381 1068 faciem
396 1036 464 1067 Dei;
482 1037 526 1063 hic
541 1044 593 1064 non
610 1043 669 1064 erat
684 1038 777 1071 Israel,
794 1040 840 1067 sed
856 1040 951 1068 Iacob.
964 1040 997 1067 Et

207 1080 251 1107 ubi
265 1081 442 1115 audivitquia
457 1083 641 1110 contaminata
661 1089 703 1111 est
720 1086 787 1112 Dina
809 1087 864 1113 lilia
880 1087 949 1122 ejus,
968 1092 997 1114 et

206 1126 289 1152 tacuit
314 1125 415 1159 Iacob,
448 1136 589 1163 usquequo
626 1132 806 1159 convenirent
837 1132 883 1160 lilii
915 1132 994 1166 ejus;

206 1179 258 1198 non
287 1172 386 1200 dicitur
402 1173 495 1202 Israel.
511 1175 564 1202 Sed
593 1180 620 1203 et
635 1181 675 1211 tu,
707 1183 736 1204 ut
755 1179 826 1211 dixi,
857 1179 956 1206 similia
973 1180 995 1207 si

205 1217 344 1249 observes,
375 1218 507 1246 invenies.
536 1219 565 1247 In
601 1223 728 1254 prazsenti
758 1224 840 1258 igitur
865 1224 994 1258 lectione,

207 1266 259 1286 non
287 1259 383 1293 Iacob,
411 1263 459 1289 sed
488 1263 569 1291 Israel
603 1266 831 1302 dicit:lllagnum
858 1269 923 1296 nti/ti
945 1274 994 1302 est,

206 1305 228 1330 si
252 1305 338 1332 adhuc
363 1306 434 1340 filius
470 1317 542 1337 meus
568 1309 665 1345 Ioseph
694 1312 768 1348 vivit.
794 1313 848 1341 Sed
879 1320 905 1341 et
931 1323 994 1342 cum

209 1349 285 1385 ιοι
303 1352 418 1380 venitad
436 1361 547 1389 puteum
565 1356 728 1390 duramenti,
744 1363 773 1386 et
793 1359 872 1387 oll'ert
886 1361 988 1389 hoSIias

207 1393 262 1424 Deo
278 1396 363 1432 patris
378 1399 418 1425 sui
431 1398 518 1432 Isaac,
534 1408 586 1428 non
603 1400 688 1429 Iacob
705 1403 816 1435 dicitur,
833 1404 880 1431 sed
901 1404 993 1432 Israel.

207 1442 307 1470 Verum
322 1444 344 1470 si
371 1445 493 1478 requiras
507 1466 514 1479 ,
531 1454 582 1473 cur
598 1447 624 1474 in
649 1447 707 1474 visu
733 1453 812 1476 nocte
828 1448 942 1484 loquens
960 1449 993 1476 ad

205 1496 266 1515 eum
280 1489 361 1522 Deus,
371 1497 424 1516 non
441 1490 506 1517 dicit
517 1490 612 1524 Israel,
625 1492 672 1519 sed
689 1492 784 1525 Iacob,
801 1493 870 1520 forte
884 1499 995 1529 propter

208 1535 271 1564 hoc.
290 1535 353 1569 quia
367 1543 418 1562 uox
433 1541 503 1568 erat,
519 1542 546 1564 et
557 1537 646 1564 adlntc
657 1546 705 1572 per
721 1539 819 1572 vismn,
834 1544 862 1565 et
877 1540 995 1567 nondum

207 1579 294 1614 palam
307 1588 399 1608 vocem
414 1581 458 1609 Dei
471 1582 565 1609 audire
582 1583 748 1610 merebatur.
761 1584 865 1612 Etcum
878 1585 960 1612 intrat
970 1586 995 1612 in

205 1625 366 1662 Egyptum,
381 1636 432 1655 non
450 1628 545 1662 Israel,
557 1630 604 1656 sed
619 1629 703 1657 Iacob
715 1631 825 1664 dicitur,
841 1636 868 1658 et
880 1631 925 1658 lilii
938 1630 996 1665 ejus

206 1681 267 1699 cum
285 1674 354 1708 ipso,
365 1678 393 1701 et
408 1682 469 1702 cum
482 1679 535 1702 stat
546 1678 610 1703 ante
623 1675 806 1709 Pharaonem,
816 1681 845 1703 ut
854 1677 997 1704 benedicat

207 1726 281 1750 cuni,
296 1727 348 1746 non
366 1720 460 1753 Israel,
475 1721 523 1748 sed
537 1721 622 1749 Iacob
640 1722 806 1751 nominatur.
820 1722 910 1757 Neque
922 1724 994 1751 enim

205 1763 330 1800 capiebat
341 1765 448 1793 Pharao
458 1767 563 1794 lsi-aclis
573 1767 799 1796 benedictionem.
807 1769 840 1796 Et
848 1768 933 1797 Iacob
942 1777 994 1798 non

206 1809 286 1837 Israel
300 1816 353 1843 est,
366 1812 411 1845 qui
437 1811 504 1839 dicit
521 1813 554 1840 ad
578 1812 770 1846 Pharaonem,
787 1815 850 1849 quia
867 1815 941 1850 parvi
967 1821 995 1842 et

204 1857 314 1889 pessimi
325 1862 388 1884 sunt
400 1858 457 1885 dies
470 1858 531 1886 vita:
545 1866 599 1886 suae
612 1860 645 1886 “.
657 1859 733 1893 Quod
747 1861 841 1895 utique
855 1869 993 1896 nunquam

203 1903 307 1931 diceret
324 1904 416 1931 Israel.
430 1905 496 1932 Post
512 1906 569 1933 haec
586 1913 662 1940 vero,
679 1915 731 1934 non
746 1907 780 1935 de
792 1906 887 1939 Iacob,
900 1907 947 1934 sed
961 1908 994 1935 de

203 1948 284 1977 Israel
301 1950 402 1977 dicitur
414 1950 447 1982 δ’,
462 1953 524 1985 quia
542 1953 639 1980 vocavit
652 1953 738 1987 [ilium
755 1961 831 1980 suum
845 1953 954 1988 Ioseph,
969 1958 994 1981 et

202 1995 270 2022 dixit
285 1996 309 2022 ei
330 2003 338 2022 :
365 1996 394 2024 Si
411 1997 497 2024 inveni
513 2000 625 2032 gratiam
651 2000 677 2025 in
694 2005 832 2033 conspectu
856 2006 914 2030 tuo,
928 2008 994 2033 pone

203 2049 311 2067 munitm
335 2046 407 2068 luant
423 2045 470 2069 sub
487 2043 584 2076 I'emare
601 2052 669 2076 meo,
692 2049 717 2071 et
743 2045 823 2079 facies
846 2053 925 2080 super
953 2053 993 2071 me

203 2087 410 2114 miserit-ordinm
431 2094 455 2115 et
473 2090 618 2117 veritatem.
652 2090 685 2118 Et
704 2092 749 2125 qui
762 2092 886 2119 adoravit
911 2099 993 2126 super

205 2132 342 2167 fastigium
358 2135 440 2169 virga:
455 2134 565 2170 Ioseph,
581 2144 634 2163 nou
651 2142 711 2164 erat
726 2137 822 2169 Iacob,
836 2139 883 2166 sed
896 2138 989 2166 Israel.

1057 206 1223 241 sepelierunt
1237 205 1391 240 sepultores
1401 205 1510 241 Egypti
1522 213 1574 232 non
1585 204 1680 236 Iacob,
1692 204 1740 231 sed
1752 203 1848 236 Israel,

1056 254 1168 288 grandis
1185 253 1428 288 videturquazstio.
1445 253 1498 280 Sed
1514 260 1564 286 ego
1577 252 1707 282 arbitror,
1725 251 1796 285 quod
1812 250 1846 277 il-

1057 299 1146 326 lorum
1160 300 1187 326 in
1202 300 1254 327 hoc
1267 300 1361 326 vitium
1372 302 1535 333 exponatur,
1547 298 1657 332 quibus,
1671 304 1720 331 pro
1732 304 1764 323 eo
1773 295 1847 331 quod

1048 352 1155 373 exosus
1171 351 1215 372 est
1230 346 1320 372 omnis
1349 345 1502 372 intellectus
1520 344 1654 371 bonorum
1668 363 1676 375 ,
1701 348 1730 370 et
1755 342 1847 370 omnis

1048 393 1227 428 perspicacia
1240 393 1428 427 intelligentia
1445 391 1574 422 caelestis.
1590 389 1673 418 Israel
1700 389 1734 416 ab
1747 389 1787 417 eis
1800 396 1848 416 se-

1055 440 1133 474 peliri
1150 440 1273 473 dicatur;
1290 440 1353 474 quia
1370 439 1440 474 apud
1455 438 1553 473 impios
1564 437 1653 464 sancti
1667 442 1768 464 mortui
1780 440 1847 462 sunt

1046 492 1081 513 'et
1097 486 1207 520 sepulti.
1224 486 1287 513 "tce
1314 486 1341 512 in
1357 489 1488 520 quantum
1508 485 1541 510 ad
1557 490 1679 517 prmsens
1694 488 1847 509 occurrere

1048 533 1142 566 .potuit
1157 532 1189 559 de
1204 531 1355 559 dill'erentia
1372 531 1456 558 Iacob
1472 534 1500 557 et
1512 529 1607 562 Israel,
1624 534 1776 556 memerata
1788 529 1847 556 sint

1047 578 1142 607 ,nohis.

1090 623 1116 650 5.
1132 623 1249 659 Dignum
1261 630 1326 651 sane
1347 628 1407 658 post
1421 623 1478 650 haec
1495 622 1602 649 videtur
1617 621 1717 648 intueri
1733 626 1761 646 et
1778 627 1846 654 pro-

1053 670 1171 703 spicere,
1187 676 1246 703 quae
1260 669 1295 695 ad
1313 669 1401 702 ipsum
1425 668 1494 695 Deus
1507 667 1645 702 loquatur,
1664 671 1691 693 et
1705 666 1845 699 quomodo

1044 722 1126 745 ιθηιιι,
1142 714 1215 742 velut
1231 714 1264 740 ad
1277 713 1410 748 quosdam
1432 720 1533 748 agones
1549 712 1766 747 proficiscentem
1781 718 1846 737 eor-

1055 761 1189 786 roborans
1214 765 1241 787 et
1263 760 1422 791 cohortans,
1437 760 1530 786 mittat
1555 759 1587 785 ad
1606 757 1765 793 :Egypmm.
1798 758 1846 783 Ait

1052 806 1125 832 enim
1138 805 1180 832 ’δι
1197 804 1262 832 Noli
1276 806 1366 832 timere
1386 806 1543 832 descendere
1564 805 1592 831 in
1616 803 1774 838 .Egyptum,
1791 803 1845 830 hoc

1053 856 1095 878 est
1108 851 1222 879 dicere;
1242 851 1443 886 Congressurus
1470 851 1602 877 adversus
1628 849 1799 883 ptincipatus
1817 855 1846 876 et

1053 901 1212 930 potestates,
1225 901 1252 923 et
1265 897 1396 923 adversus
1416 895 1510 922 mundi
1524 894 1603 928 hujus
1620 893 1675 927 (qui
1692 893 1845 927 ﬁguraliter

1051 942 1187 978 Egyptus
1200 942 1375 978 appellatur)
1393 947 1512 969 rectores
1539 942 1712 977 tenebrarum
1732 939 1843 970 harum,

1051 990 1105 1017 noli
1123 991 1230 1023 timere,
1249 990 1301 1017 noli
1316 991 1462 1024 trepidare.
1474 988 1551 1022 Quod
1569 987 1590 1014 si
1605 992 1632 1014 et
1645 995 1757 1013 causam
1771 986 1844 1013 scire

1050 1036 1091 1063 vis
1110 1043 1160 1063 cur
1189 1036 1285 1062 timere
1313 1043 1366 1062 non
1392 1035 1513 1067 debeas,
1541 1034 1602 1060 audi
1629 1032 1842 1067 promissionem

1051 1090 1139 1110 meam
1158 1083 1180 1098 “
1198 1090 1205 1111 :
1221 1082 1255 1109 In
1277 1088 1379 1117 gentem
1395 1081 1465 1109 enim
1483 1088 1605 1116 magnam
1622 1079 1720 1113 {udum
1747 1085 1773 1105 te
1793 1079 1842 1111 ibi,

1049 1134 1073 1156 ct
1090 1130 1248 1156 descendant
1263 1134 1347 1155 tecum
1368 1127 1395 1154 in
1406 1127 1552 1162 {Egyptum
1565 1148 1572 1159 ,
1599 1133 1621 1154 et
1643 1134 1688 1160 ego
1714 1131 1738 1152 te
1764 1132 1844 1151 revo-

1050 1175 1114 1201 cabo
1131 1175 1192 1201 inde
1205 1175 1233 1201 in
1251 1174 1343 1208 ﬁnem.
1370 1173 1427 1200 Non
1443 1181 1508 1207 ergo
1526 1174 1602 1200 timet
1620 1172 1788 1199 deSt-entlcre
1815 1171 1841 1197 in

1049 1219 1197 1254 Egyplutu
1210 1240 1217 1253 ,
1236 1227 1289 1246 non
1306 1220 1383 1246 timet
1407 1226 1508 1253 agones
1524 1218 1602 1252 hujus
1623 1217 1717 1244 mundi
1736 1221 1763 1242 et
1791 1216 1843 1242 ob—

1049 1265 1202 1292 sistentium
1218 1266 1368 1292 daanouum
1384 1265 1475 1291 subire
1493 1263 1641 1290 certamina
1653 1283 1661 1294 ,
1692 1269 1754 1288 cum
1785 1268 1843 1294 quo

1049 1310 1075 1337 in
1091 1317 1192 1344 agones
1215 1311 1386 1337 descenderit
1407 1310 1487 1336 Deus.
1504 1309 1624 1342 Denique
1647 1308 1709 1334 andi
1727 1312 1842 1341 apes-to-

1047 1355 1104 1382 Iutn
1117 1355 1227 1382 Paulum
1240 1356 1374 1383 dicentem
1388 1364 1394 1382 :
1411 1355 1537 1388 Amplius,
1554 1354 1641 1388 inquit
1653 1353 1686 1384 “,
1698 1361 1744 1388 ego
1759 1361 1842 1387 quam

1048 1409 1136 1430 omnes
1150 1402 1190 1428 illi
1203 1402 1331 1432 laboravi,
1349 1410 1400 1428 non
1415 1407 1502 1428 autem
1528 1409 1574 1434 ego
1589 1420 1596 1431 ,
1615 1401 1659 1426 sed
1683 1400 1771 1433 grutiu
1790 1399 1842 1425 Dei

1048 1457 1161 1475 mecum.
1178 1449 1231 1475 Sed
1255 1456 1316 1475 cum
1333 1447 1528 1482 Hierosolymis
1543 1447 1673 1473 adversus
1686 1453 1748 1472 eum
1763 1452 1842 1471 com-

1049 1499 1121 1522 mota
1141 1494 1238 1521 luisset
1253 1494 1372 1526 seditio,
1398 1498 1424 1520 et
1438 1500 1550 1527 agonem
1580 1491 1761 1519 clarissimum
1790 1499 1844 1525 pro

1049 1541 1132 1566 verbo
1146 1544 1173 1565 et
1187 1539 1382 1573 praedicatione
1403 1538 1508 1565 Domini
1523 1537 1676 1568 desudaret,
1698 1536 1786 1562 astitit
1815 1535 1842 1562 ei

1049 1583 1199 1615 Dominus.
1227 1588 1255 1610 et
1279 1584 1348 1610 dixit
1375 1584 1469 1610 eadem
1487 1590 1547 1616 quae
1565 1590 1636 1608 nunc
1649 1581 1779 1608 dicuntur
1807 1583 1843 1610 ad

1048 1629 1150 1655 Israel:
1168 1628 1244 1661 Noli,
1264 1629 1351 1663 inquit
1364 1628 1396 1659 ‘7,
1411 1628 1510 1659 timere,
1529 1627 1623 1658 Paule,
1638 1627 1699 1660 quia
1716 1627 1782 1653 sicut
1804 1633 1845 1653 te-

1046 1676 1179 1710 stiﬁeatus
1203 1684 1229 1702 es
1245 1676 1277 1702 de
1299 1683 1339 1701 me
1360 1673 1570 1708 Hierosolymis,
1590 1673 1627 1699 ita
1654 1678 1679 1698 te
1698 1678 1801 1706 oportet
1816 1678 1843 1700 et

1047 1723 1136 1749 Roma:
1152 1721 1330 1748 testimonium
1351 1722 1426 1747 dare.
1440 1719 1539 1746 Verum
1551 1727 1601 1754 ego
1618 1719 1735 1754 amplius
1750 1719 1844 1746 adhuc

1046 1769 1148 1803 aliquid
1161 1769 1211 1796 hoc
1227 1769 1252 1795 in
1272 1768 1332 1795 loco
1349 1767 1468 1794 arbitror
1485 1767 1571 1794 latere
1595 1767 1729 1802 mysterii.
1748 1765 1845 1793 Movet

1046 1815 1119 1842 enim
1135 1821 1179 1841 me
1196 1814 1267 1848 quod
1281 1813 1353 1839 dixit
1368 1812 1390 1827 ⁵⁸
1404 1821 1411 1839 :
1426 1811 1460 1838 In
1477 1817 1579 1846 gentem
1594 1818 1717 1846 magnam
1738 1811 1843 1844 faciam

1046 1865 1070 1887 te
1085 1865 1108 1887 et
1125 1859 1283 1886 descendam
1305 1863 1389 1885 tecum
1409 1858 1436 1884 in
1452 1857 1608 1893 Egyptum,
1633 1862 1657 1884 et
1677 1858 1737 1884 inde
1752 1863 1776 1884 te
1795 1865 1843 1884 re-

1045 1906 1143 1933 vocabo
1160 1906 1188 1932 in
1206 1905 1296 1939 ﬁnem.
1315 1904 1383 1938 Quis
1409 1909 1452 1931 est
1477 1905 1546 1937 iste,
1575 1904 1622 1938 qui
1646 1903 1733 1930 iactus
1749 1908 1793 1930 est
1813 1905 1842 1931 iu

1044 1956 1152 1987 gentem
1183 1958 1309 1986 magnam
1326 1951 1352 1977 in
1367 1949 1502 1985 Egypto,
1522 1955 1550 1977 et
1563 1949 1590 1976 in
1614 1950 1667 1977 line
1692 1955 1843 1977 revocatus

1044 1997 1106 2024 est?
1123 1996 1259 2029 Quantum
1276 1996 1310 2023 ad
1323 1995 1407 2023 Iacob
1426 1995 1491 2022 illud
1518 2000 1635 2030 spectat,
1650 1995 1683 2022 de
1698 2003 1754 2030 quo
1780 1996 1842 2023 dici

1045 2047 1166 2077 putatur,
1184 2049 1237 2069 non
1253 2042 1389 2069 videbitur
1401 2048 1460 2069 esse
1477 2048 1583 2070 verum,
1598 2041 1656 2069 Non
1669 2042 1741 2069 enim
1758 2049 1843 2069 revo-

1044 2093 1122 2116 catus
1139 2093 1181 2115 est
1195 2089 1221 2115 iu
1234 2088 1315 2116 linem
1331 2088 1365 2115 de
1375 2087 1504 2123 Egypto,
1517 2088 1617 2123 quippe
1632 2088 1676 2122 qui
1689 2081 1843 2116 defunctus

1045 2135 1071 2161 in
1089 2134 1207 2169 Egypto
1223 2138 1274 2160 est.
1289 2133 1444 2161 Absurdum
1461 2138 1550 2160 autent
1562 2133 1623 2166 erit,
1642 2133 1665 2160 si
1681 2132 1743 2167 quis
1762 2133 1790 2160 in
1806 2141 1843 2160 eo

202 2177 270 2205 Tum
285 2178 381 2206 deinde
397 2189 458 2207 cum
474 2181 609 2209 benedicit
632 2182 687 2209 lilio
703 2182 814 2218 Ioseph,
829 2185 910 2212 Israel
923 2185 990 2212 dici-
1007 2177 1030 2205 D
1046 2185 1202 2207 revocatum
1216 2180 1283 2207 dicit
1303 2187 1318 2206 a
1333 2180 1388 2207 Deo
1404 2179 1498 2212 Iacob.
1515 2179 1579 2214 quia
1595 2187 1693 2214 corpus
1710 2179 1769 2213 eius
1795 2188 1843 2208 re-

203 2228 257 2250 tur.
277 2224 311 2252 Et
326 2233 388 2252 cum
408 2232 540 2254 convocat
556 2228 626 2255 lilios
648 2236 712 2255 suos
723 2250 730 2262 ,
747 2230 813 2257 dicit
831 2230 853 2246 ”
867 2240 873 2257 :
889 2231 990 2258 Canu-

202 2270 255 2296 uite
271 2274 299 2296 ut
314 2272 467 2298 annunliem
485 2273 557 2299 vobis
577 2292 584 2304 ,
600 2281 659 2308 qua:
684 2275 800 2301 evenient
815 2275 884 2303 vobis
899 2277 926 2302 in
944 2284 991 2303 uo-

201 2316 315 2343 rissimis
328 2316 429 2345 diebus.
452 2318 664 2354 Cougregamini,
683 2320 733 2354 filii
750 2321 844 2353 Iacob,
860 2328 882 2348 et
900 2323 990 2349 audite

201 2362 290 2390 Israel
301 2369 403 2397 patrem
419 2370 544 2393 vestrum.
558 2365 611 2393 Sed
626 2366 743 2394 l’Ortasse
758 2368 888 2401 requires,
905 2376 990 2403 quare

202 2409 249 2437 lilii
269 2409 354 2438 Iacob
377 2411 516 2444 dicuntur,
536 2412 582 2447 qui
610 2413 795 2446 conveniunt;
818 2413 899 2442 Israel
925 2422 989 2442 vero

200 2456 310 2489 dicitur,
329 2457 375 2491 qui
391 2456 530 2485 benedicti
542 2464 600 2485 eos.
618 2456 685 2485 Vide
701 2465 734 2485 ne
754 2458 824 2486 forte
849 2459 900 2486 hoc
917 2460 987 2487 indi-

201 2507 287 2534 cctur.
302 2503 424 2538 quodilli
447 2503 567 2531 nondum
581 2511 613 2531 eo
637 2512 722 2539 usque
740 2505 912 2538 proiecerant
925 2526 932 2537 ,
961 2512 990 2534 ut

201 2548 284 2575 Israel
312 2549 417 2577 meritis
432 2554 615 2584 aequarentur.
640 2550 673 2577 Et
687 2550 749 2578 ideo
765 2550 803 2577 illi
830 2552 877 2578 lilii
904 2551 989 2579 Iacob

201 2593 333 2622 dicuntur
353 2599 483 2630 tauquam
511 2595 675 2628 inferiores,
701 2596 746 2623 Ille
772 2604 839 2625 vero
862 2598 908 2633 qui
933 2597 989 2632 jam

202 2639 341 2674 perfectus
352 2646 423 2674 erat,
439 2646 466 2670 et
481 2642 685 2670 benedictioues
696 2642 848 2671 futurorum
862 2646 991 2672 conscius

237 2698 260 2713 ⁵⁷
273 2697 371 2726 Cenes.
391 2708 477 2732 xsxn,
502 2701 548 2729 28.
603 2702 626 2717 ⁸⁸
640 2702 740 2729 (leues.
755 2702 888 2730 xxxnﬂli.

202 2733 225 2747 "
249 2734 325 2770 ibit,
342 2734 386 2760 29.
443 2735 466 2751 "
483 2735 581 2764 Geues.
597 2745 671 2770 κως,
690 2738 715 2764 1.

202 2775 280 2798 sun.
294 2769 337 2796 II.
394 2769 416 2786 ⁸⁸
441 2771 539 2798 Genes.
553 2779 625 2804 xm,
642 2772 666 2798 3.

237 2815 274 2849 (Ι)
290 2815 364 2849 Mss,
382 2818 455 2851 facti;
468 2819 543 2851 editi,
558 2822 668 2851 tactam.

945 2703 967 2719 ⁵³
985 2704 1051 2734 ibid.
1067 2707 1111 2734 5'2.

774 2738 795 2753 ⁵⁸
810 2738 909 2765 Genes.
932 2747 991 2765 Χιγι
1006 2760 1012 2771 ,
1029 2742 1057 2769 3.

724 2773 745 2789 “
762 2773 854 2800 Matth.
871 2781 937 2806 xm,
957 2774 1002 2802 31.

1045 2231 1179 2260 portatum
1195 2231 1247 2254 est.
1263 2226 1339 2259 Quod
1356 2227 1380 2253 si
1395 2226 1552 2260 recipiatur,
1576 2233 1629 2252 non
1649 2226 1702 2252 erit
1727 2233 1842 2259 verum,

1045 2273 1116 2306 quod
1136 2272 1207 2299 Deus
1223 2280 1275 2299 non
1291 2277 1329 2299 est
1346 2271 1414 2299 Deus
1429 2279 1595 2299 mortuorum
1610 2272 1655 2298 sed
1669 2272 1789 2298 vivorum
1804 2272 1841 2299 δ’.

1044 2318 1103 2346 Non
1116 2326 1181 2354 ergo
1196 2319 1326 2346 convenit
1337 2319 1389 2346 hoc
1403 2319 1436 2346 de
1455 2325 1568 2352 corpore
1581 2322 1689 2346 mortuo
1707 2317 1842 2353 intelligi,

1045 2365 1094 2393 sed
1116 2373 1198 2399 super
1211 2366 1280 2394 vivis
1295 2372 1324 2394 et
1339 2366 1494 2402 vigentibus
1513 2367 1669 2402 approbari.
1685 2365 1844 2396 Videamus

1044 2419 1109 2446 ergo
1122 2432 1129 2444 ,
1146 2420 1180 2439 ne
1204 2411 1286 2446 forte,
1301 2413 1344 2441 vel
1360 2414 1468 2441 Domini
1491 2414 1682 2441 descendentis
1707 2413 1735 2440 in
1761 2414 1843 2442 hunc

1044 2460 1173 2486 Inundum
1186 2465 1214 2487 et
1227 2459 1253 2487 iu
1271 2465 1377 2494 gentem
1392 2467 1529 2494 magnam,
1561 2460 1613 2487 hoc
1628 2464 1671 2487 est
1686 2459 1715 2486 in
1741 2459 1845 2488 Eccle-

1043 2505 1110 2532 siam
1122 2513 1154 2532 ex
1172 2506 1299 2540 gentibus
1314 2505 1378 2533 lacti
1393 2506 1442 2541 (1),
1470 2506 1722 2541 consummatisque
1745 2509 1844 2535 omni—

1044 2553 1094 2579 bus
1109 2553 1142 2580 ad
1157 2551 1265 2580 Patrem
1284 2554 1402 2587 regressi
1416 2561 1423 2585 ;
1449 2553 1492 2580 vel
1508 2553 1667 2588 protopiasti
1688 2553 1714 2580 in
1731 2553 1788 2580 hoc
1809 2555 1844 2581 [i-

1044 2607 1114 2634 gura
1136 2599 1288 2633 formetur,
1313 2600 1360 2634 qui
1378 2600 1404 2627 in
1424 2607 1526 2634 agones
1546 2599 1688 2627 descendit
1705 2600 1732 2626 in
1749 2599 1844 2636 (Egy-

1044 2651 1130 2679 ptum,
1148 2654 1208 2673 cum
1223 2646 1257 2673 de
1280 2647 1398 2680 paradisi
1422 2648 1528 2675 deliciis
1554 2645 1659 2680 ejectus
1672 2666 1680 2679 ,
1699 2646 1734 2673 ad
1756 2647 1843 2681 hujus

1167 2706 1190 2722 ‘°
1207 2706 1306 2733 Geues.
1324 2713 1421 2739 xum,
1439 2706 1481 2732 I0.
1546 2705 1567 2721 ⁸³
1582 2696 1681 2732 Genes.
1704 2712 1791 2735 sun.
1810 2707 1840 2733 9.

1113 2743 1134 2758 ⁵⁵
1149 2742 1212 2770 ibid.
1228 2762 1234 2774 ,
1249 2742 1281 2772 5.
1303 2741 1329 2768 Δ.
1387 2742 1409 2757 ’⁵⁸
1427 2741 1435 2768 I
1458 2741 1520 2768 Cor.
1539 2748 1573 2768 xv
1591 2760 1597 2772 ,
1631 2740 1672 2767 I0.
1732 2741 1753 2756 δ’
1773 2743 1840 2769 Act.
