  <div class='ocr_page' id='page_1' title='image "/cluster/home/n/w/nwhite01/storage/ocr_20150623/12/njp.32101077772422/150.png"; bbox 0 0 1900 3060; ppageno 0'>
   <div class='ocr_carea' id='block_1_1' title="bbox 65 103 120 130">
    <p class='ocr_par' dir='ltr' id='par_1_1' title="bbox 65 103 120 130">
     <span class='ocr_line' id='line_1_1' title="bbox 65 103 120 130; baseline 0 0"><span class='ocrx_word' id='word_1_1' title='bbox 65 103 120 130; x_wconf 64' lang='lat' dir='ltr'><strong>M5</strong></span> 
     </span>
    </p>
   </div>
   <div class='ocr_carea' id='block_1_2' title="bbox 651 98 1107 129">
    <p class='ocr_par' dir='ltr' id='par_1_2' title="bbox 651 98 1107 129">
     <span class='ocr_line' id='line_1_2' title="bbox 651 98 1107 129; baseline 0 -2"><span class='ocrx_word' id='word_1_2' title='bbox 651 100 685 127; x_wconf 80' lang='lat' dir='ltr'><strong>IN</strong></span> <span class='ocrx_word' id='word_1_3' title='bbox 705 99 856 129; x_wconf 80' lang='lat' dir='ltr'><strong>GENESIM</strong></span> <span class='ocrx_word' id='word_1_4' title='bbox 876 98 1020 127; x_wconf 77' lang='lat' dir='ltr'><strong>HOMILIA</strong></span> <span class='ocrx_word' id='word_1_5' title='bbox 1038 99 1107 127; x_wconf 78' lang='lat' dir='ltr'><strong>XVI.</strong></span> 
     </span>
    </p>
   </div>
   <div class='ocr_carea' id='block_1_3' title="bbox 1638 96 1689 125">
    <p class='ocr_par' dir='ltr' id='par_1_3' title="bbox 1638 96 1689 125">
     <span class='ocr_line' id='line_1_3' title="bbox 1638 96 1689 125; baseline -0.059 0"><span class='ocrx_word' id='word_1_6' title='bbox 1638 96 1689 125; x_wconf 60' lang='lat'><strong>256</strong></span> 
     </span>
    </p>
   </div>
   <div class='ocr_carea' id='block_1_4' title="bbox 65 157 1692 195">
    <p class='ocr_par' dir='ltr' id='par_1_4' title="bbox 65 157 1692 195">
     <span class='ocr_line' id='line_1_4' title="bbox 65 157 1692 195; baseline -0.003 -7"><span class='ocrx_word' id='word_1_7' title='bbox 65 162 159 189; x_wconf 87' lang='lat' dir='ltr'><strong>mundi</strong></span> <span class='ocrx_word' id='word_1_8' title='bbox 182 161 292 189; x_wconf 81' lang='lat' dir='ltr'><strong>labores</strong></span> <span class='ocrx_word' id='word_1_9' title='bbox 320 167 511 195; x_wconf 75' lang='lat' dir='ltr'><strong>:erumnasque</strong></span> <span class='ocrx_word' id='word_1_10' title='bbox 533 159 674 187; x_wconf 88' lang='lat' dir='ltr'><strong>deducitur</strong></span> <span class='ocrx_word' id='word_1_11' title='bbox 688 179 696 192; x_wconf 93' lang='lat'><strong>,</strong></span> <span class='ocrx_word' id='word_1_12' title='bbox 719 159 855 194; x_wconf 80' lang='lat' dir='ltr'><strong>proposito</strong></span> <span class='ocrx_word' id='word_1_13' title='bbox 870 162 893 188; x_wconf 78' lang='grc' dir='ltr'><strong>Α</strong></span> <span class='ocrx_word' id='word_1_14' title='bbox 909 157 1018 185; x_wconf 78' lang='lat' dir='ltr'><strong>duceret</strong></span> <span class='ocrx_word' id='word_1_15' title='bbox 1035 157 1161 192; x_wconf 86' lang='lat' dir='ltr'><strong>populum</strong></span> <span class='ocrx_word' id='word_1_16' title='bbox 1178 157 1292 184; x_wconf 83' lang='lat' dir='ltr'><strong>adorare</strong></span> <span class='ocrx_word' id='word_1_17' title='bbox 1308 164 1362 190; x_wconf 83' lang='lat' dir='ltr'><strong>eas,</strong></span> <span class='ocrx_word' id='word_1_18' title='bbox 1377 162 1404 184; x_wconf 87' lang='lat' dir='ltr'><strong>et</strong></span> <span class='ocrx_word' id='word_1_19' title='bbox 1420 165 1467 192; x_wconf 90' lang='lat' dir='ltr'><strong>per</strong></span> <span class='ocrx_word' id='word_1_20' title='bbox 1485 158 1537 185; x_wconf 88' lang='lat' dir='ltr'><strong>hoc</strong></span> <span class='ocrx_word' id='word_1_21' title='bbox 1552 157 1623 185; x_wconf 85' lang='lat' dir='ltr'><strong>velut</strong></span> <span class='ocrx_word' id='word_1_22' title='bbox 1641 159 1692 184; x_wconf 81' lang='lat' dir='ltr'><strong>itu-</strong></span> 
     </span>
    </p>
   </div>
   <div class='ocr_carea' id='block_1_5' title="bbox 64 204 855 241">
    <p class='ocr_par' dir='ltr' id='par_1_5' title="bbox 64 204 855 241">
     <span class='ocr_line' id='line_1_5' title="bbox 64 204 855 241; baseline -0.005 -7"><span class='ocrx_word' id='word_1_23' title='bbox 64 208 116 234; x_wconf 73' lang='lat' dir='ltr'><strong>sibi</strong></span> <span class='ocrx_word' id='word_1_24' title='bbox 140 215 202 234; x_wconf 85' lang='lat' dir='ltr'><strong>cum</strong></span> <span class='ocrx_word' id='word_1_25' title='bbox 229 211 357 241; x_wconf 78' lang='lat' dir='ltr'><strong>serpente</strong></span> <span class='ocrx_word' id='word_1_26' title='bbox 373 206 533 238; x_wconf 75' lang='lat' dir='ltr'><strong>certamine,</strong></span> <span class='ocrx_word' id='word_1_27' title='bbox 549 213 610 232; x_wconf 79' lang='lat' dir='ltr'><strong>cum</strong></span> <span class='ocrx_word' id='word_1_28' title='bbox 630 206 728 233; x_wconf 87' lang='lat' dir='ltr'><strong>dicitttr</strong></span> <span class='ocrx_word' id='word_1_29' title='bbox 745 205 787 232; x_wconf 74' lang='lat'><strong>’°:</strong></span> <span class='ocrx_word' id='word_1_30' title='bbox 818 204 855 231; x_wconf 83' lang='lat' dir='ltr'><strong>Tu</strong></span> 
     </span>
    </p>
   </div>
   <div class='ocr_carea' id='block_1_6' title="bbox 65 249 856 286">
    <p class='ocr_par' dir='ltr' id='par_1_6' title="bbox 65 249 856 286">
     <span class='ocr_line' id='line_1_6' title="bbox 65 249 856 286; baseline -0.004 -7"><span class='ocrx_word' id='word_1_31' title='bbox 65 253 138 279; x_wconf 70' lang='lat' dir='ltr'><strong>illius</strong></span> <span class='ocrx_word' id='word_1_32' title='bbox 158 249 307 279; x_wconf 75' lang='lat' dir='ltr'><strong>observabis</strong></span> <span class='ocrx_word' id='word_1_33' title='bbox 321 256 412 286; x_wconf 81' lang='lat' dir='ltr'><strong>caput,</strong></span> <span class='ocrx_word' id='word_1_34' title='bbox 427 257 450 278; x_wconf 86' lang='lat' dir='ltr'><strong>et</strong></span> <span class='ocrx_word' id='word_1_35' title='bbox 463 252 518 286; x_wconf 64' lang='lat' dir='ltr'><strong>ipse</strong></span> <span class='ocrx_word' id='word_1_36' title='bbox 543 255 616 278; x_wconf 85' lang='lat' dir='ltr'><strong>tuum</strong></span> <span class='ocrx_word' id='word_1_37' title='bbox 637 251 782 277; x_wconf 77' lang='lat' dir='ltr'><strong>observabil</strong></span> <span class='ocrx_word' id='word_1_38' title='bbox 801 252 856 276; x_wconf 81' lang='lat' dir='ltr'><strong>eal-</strong></span> 
     </span>
    </p>
   </div>
   <div class='ocr_carea' id='block_1_7' title="bbox 64 296 875 328">
    <p class='ocr_par' dir='ltr' id='par_1_7' title="bbox 64 296 875 328">
     <span class='ocr_line' id='line_1_7' title="bbox 64 296 875 328; baseline -0.002 -4"><span class='ocrx_word' id='word_1_39' title='bbox 64 306 175 324; x_wconf 72' lang='lat' dir='ltr'><strong>eaneum</strong></span> <span class='ocrx_word' id='word_1_40' title='bbox 188 306 199 328; x_wconf 86' lang='lat'><strong><em>;</em></strong></span> <span class='ocrx_word' id='word_1_41' title='bbox 214 299 241 324; x_wconf 85' lang='lat' dir='ltr'><strong>et</strong></span> <span class='ocrx_word' id='word_1_42' title='bbox 267 298 365 324; x_wconf 84' lang='lat' dir='ltr'><strong>iterum</strong></span> <span class='ocrx_word' id='word_1_43' title='bbox 379 305 441 324; x_wconf 90' lang='lat' dir='ltr'><strong>cum</strong></span> <span class='ocrx_word' id='word_1_44' title='bbox 458 297 492 323; x_wconf 88' lang='lat' dir='ltr'><strong>ad</strong></span> <span class='ocrx_word' id='word_1_45' title='bbox 517 297 659 323; x_wconf 82' lang='lat' dir='ltr'><strong>mulierem</strong></span> <span class='ocrx_word' id='word_1_46' title='bbox 685 297 785 323; x_wconf 84' lang='lat' dir='ltr'><strong>dicitur</strong></span> <span class='ocrx_word' id='word_1_47' title='bbox 809 296 830 311; x_wconf 91' lang='grc'><strong>⁷¹</strong></span> <span class='ocrx_word' id='word_1_48' title='bbox 847 305 853 322; x_wconf 87' lang='grc'>;</span> <span class='ocrx_word' id='word_1_49' title='bbox 869 302 875 309; x_wconf 89' lang='lat'>‘</span> 
     </span>
    </p>
   </div>
   <div class='ocr_carea' id='block_1_8' title="bbox 65 343 856 378">
    <p class='ocr_par' dir='ltr' id='par_1_8' title="bbox 65 343 856 378">
     <span class='ocr_line' id='line_1_8' title="bbox 65 343 856 378; baseline -0.001 -9"><span class='ocrx_word' id='word_1_50' title='bbox 65 344 128 378; x_wconf 81' lang='lat' dir='ltr'><strong>quia</strong></span> <span class='ocrx_word' id='word_1_51' title='bbox 139 352 237 377; x_wconf 87' lang='lat' dir='ltr'><strong>ponam</strong></span> <span class='ocrx_word' id='word_1_52' title='bbox 255 343 409 370; x_wconf 73' lang='lat' dir='ltr'><strong>inimicitias</strong></span> <span class='ocrx_word' id='word_1_53' title='bbox 425 344 492 369; x_wconf 80' lang='lat' dir='ltr'><strong>inter</strong></span> <span class='ocrx_word' id='word_1_54' title='bbox 507 347 531 369; x_wconf 82' lang='lat' dir='ltr'><strong>le</strong></span> <span class='ocrx_word' id='word_1_55' title='bbox 547 349 570 369; x_wconf 78' lang='lat' dir='ltr'><strong>et</strong></span> <span class='ocrx_word' id='word_1_56' title='bbox 585 343 681 376; x_wconf 78' lang='lat' dir='ltr'><strong>ipsum,</strong></span> <span class='ocrx_word' id='word_1_57' title='bbox 698 348 722 369; x_wconf 86' lang='lat' dir='ltr'><strong>et</strong></span> <span class='ocrx_word' id='word_1_58' title='bbox 734 343 802 369; x_wconf 78' lang='lat' dir='ltr'><strong>inter</strong></span> <span class='ocrx_word' id='word_1_59' title='bbox 817 350 856 368; x_wconf 74' lang='lat' dir='ltr'><strong>sc-</strong></span> 
     </span>
    </p>
   </div>
   <div class='ocr_carea' id='block_1_9' title="bbox 65 387 856 415">
    <p class='ocr_par' dir='ltr' id='par_1_9' title="bbox 65 387 856 415">
     <span class='ocr_line' id='line_1_9' title="bbox 65 387 856 415; baseline 0 -2"><span class='ocrx_word' id='word_1_60' title='bbox 65 395 124 413; x_wconf 77' lang='lat' dir='ltr'><strong>lten</strong></span> <span class='ocrx_word' id='word_1_61' title='bbox 141 392 215 414; x_wconf 85' lang='lat' dir='ltr'><strong>tuum</strong></span> <span class='ocrx_word' id='word_1_62' title='bbox 232 393 256 414; x_wconf 84' lang='lat' dir='ltr'><strong>et</strong></span> <span class='ocrx_word' id='word_1_63' title='bbox 285 396 372 415; x_wconf 84' lang='lat' dir='ltr'><strong>semen</strong></span> <span class='ocrx_word' id='word_1_64' title='bbox 392 388 476 415; x_wconf 77' lang='lat' dir='ltr'><strong>illius.</strong></span> <span class='ocrx_word' id='word_1_65' title='bbox 496 387 550 415; x_wconf 75' lang='lat' dir='ltr'><strong>Nec</strong></span> <span class='ocrx_word' id='word_1_66' title='bbox 574 393 665 414; x_wconf 84' lang='lat' dir='ltr'><strong>tamen</strong></span> <span class='ocrx_word' id='word_1_67' title='bbox 690 395 737 414; x_wconf 78' lang='lat' dir='ltr'><strong>eos</strong></span> <span class='ocrx_word' id='word_1_68' title='bbox 762 388 787 414; x_wconf 93' lang='lat' dir='ltr'><strong>in</strong></span> <span class='ocrx_word' id='word_1_69' title='bbox 805 387 856 414; x_wconf 91' lang='lat' dir='ltr'><strong>hoc</strong></span> 
     </span>
    </p>
   </div>
   <div class='ocr_carea' id='block_1_10' title="bbox 64 434 857 469">
    <p class='ocr_par' dir='ltr' id='par_1_10' title="bbox 64 434 857 469">
     <span class='ocr_line' id='line_1_10' title="bbox 64 434 857 469; baseline -0.001 -9"><span class='ocrx_word' id='word_1_70' title='bbox 64 434 218 461; x_wconf 77' lang='lat' dir='ltr'><strong>certamine</strong></span> <span class='ocrx_word' id='word_1_71' title='bbox 236 434 340 469; x_wconf 85' lang='lat' dir='ltr'><strong>positos</strong></span> <span class='ocrx_word' id='word_1_72' title='bbox 359 434 461 461; x_wconf 84' lang='lat' dir='ltr'><strong>deserit</strong></span> <span class='ocrx_word' id='word_1_73' title='bbox 478 434 549 461; x_wconf 87' lang='lat' dir='ltr'><strong>Deus</strong></span> <span class='ocrx_word' id='word_1_74' title='bbox 565 454 572 465; x_wconf 89' lang='lat'><strong>,</strong></span> <span class='ocrx_word' id='word_1_75' title='bbox 605 434 650 460; x_wconf 86' lang='lat' dir='ltr'><strong>sed</strong></span> <span class='ocrx_word' id='word_1_76' title='bbox 677 441 785 468; x_wconf 74' lang='lat' dir='ltr'><strong>semper</strong></span> <span class='ocrx_word' id='word_1_77' title='bbox 814 436 857 460; x_wconf 87' lang='lat' dir='ltr'><strong>est</strong></span> 
     </span>
    </p>
   </div>
   <div class='ocr_carea' id='block_1_11' title="bbox 63 478 855 515">
    <p class='ocr_par' dir='ltr' id='par_1_11' title="bbox 63 478 855 515">
     <span class='ocr_line' id='line_1_11' title="bbox 63 478 855 515; baseline -0.001 -10"><span class='ocrx_word' id='word_1_78' title='bbox 63 487 127 506; x_wconf 86' lang='lat' dir='ltr'><strong>cum</strong></span> <span class='ocrx_word' id='word_1_79' title='bbox 140 480 218 514; x_wconf 81' lang='lat' dir='ltr'><strong>ipsis.</strong></span> <span class='ocrx_word' id='word_1_80' title='bbox 233 479 390 515; x_wconf 83' lang='lat' dir='ltr'><strong>Complacet</strong></span> <span class='ocrx_word' id='word_1_81' title='bbox 409 480 435 506; x_wconf 88' lang='lat' dir='ltr'><strong>itt</strong></span> <span class='ocrx_word' id='word_1_82' title='bbox 451 480 529 511; x_wconf 77' lang='lat' dir='ltr'><strong>Abel,</strong></span> <span class='ocrx_word' id='word_1_83' title='bbox 545 479 660 514; x_wconf 88' lang='lat' dir='ltr'><strong>corripit</strong></span> <span class='ocrx_word' id='word_1_84' title='bbox 680 479 757 508; x_wconf 83' lang='lat' dir='ltr'><strong>Cain.</strong></span> <span class='ocrx_word' id='word_1_85' title='bbox 775 478 855 505; x_wconf 88' lang='lat' dir='ltr'><strong>Invo-</strong></span> 
     </span>
    </p>
   </div>
   <div class='ocr_carea' id='block_1_12' title="bbox 64 525 854 554">
    <p class='ocr_par' dir='ltr' id='par_1_12' title="bbox 64 525 854 554">
     <span class='ocr_line' id='line_1_12' title="bbox 64 525 854 554; baseline -0.001 -1"><span class='ocrx_word' id='word_1_86' title='bbox 64 532 144 553; x_wconf 86' lang='lat' dir='ltr'><strong>catus</strong></span> <span class='ocrx_word' id='word_1_87' title='bbox 157 527 235 554; x_wconf 82' lang='lat' dir='ltr'><strong>adest</strong></span> <span class='ocrx_word' id='word_1_88' title='bbox 252 527 355 553; x_wconf 80' lang='lat' dir='ltr'><strong>Enoch.</strong></span> <span class='ocrx_word' id='word_1_89' title='bbox 385 526 441 553; x_wconf 82' lang='lat' dir='ltr'><strong>Noe</strong></span> <span class='ocrx_word' id='word_1_90' title='bbox 463 526 575 552; x_wconf 86' lang='lat' dir='ltr'><strong>mandat</strong></span> <span class='ocrx_word' id='word_1_91' title='bbox 601 526 626 552; x_wconf 86' lang='lat' dir='ltr'><strong>in</strong></span> <span class='ocrx_word' id='word_1_92' title='bbox 645 525 745 553; x_wconf 90' lang='lat' dir='ltr'><strong>diluvio</strong></span> <span class='ocrx_word' id='word_1_93' title='bbox 762 533 854 552; x_wconf 87' lang='lat' dir='ltr'><strong>arcam</strong></span> 
     </span>
    </p>
   </div>
   <div class='ocr_carea' id='block_1_13' title="bbox 63 571 856 605">
    <p class='ocr_par' dir='ltr' id='par_1_13' title="bbox 63 571 856 605">
     <span class='ocr_line' id='line_1_13' title="bbox 63 571 856 605; baseline 0 -7"><span class='ocrx_word' id='word_1_94' title='bbox 63 572 162 598; x_wconf 81' lang='lat' dir='ltr'><strong>salutis</strong></span> <span class='ocrx_word' id='word_1_95' title='bbox 176 577 331 599; x_wconf 74' lang='lat' dir='ltr'><strong>exstruere.</strong></span> <span class='ocrx_word' id='word_1_96' title='bbox 348 572 484 599; x_wconf 82' lang='lat' dir='ltr'><strong>Abraham</strong></span> <span class='ocrx_word' id='word_1_97' title='bbox 502 571 611 598; x_wconf 79' lang='lat' dir='ltr'><strong>deducit</strong></span> <span class='ocrx_word' id='word_1_98' title='bbox 627 571 659 598; x_wconf 88' lang='lat' dir='ltr'><strong>de</strong></span> <span class='ocrx_word' id='word_1_99' title='bbox 672 571 752 598; x_wconf 86' lang='lat' dir='ltr'><strong>domo</strong></span> <span class='ocrx_word' id='word_1_100' title='bbox 771 572 856 605; x_wconf 86' lang='lat' dir='ltr'><strong>patris</strong></span> 
     </span>
    </p>
   </div>
   <div class='ocr_carea' id='block_1_14' title="bbox 63 616 854 652">
    <p class='ocr_par' dir='ltr' id='par_1_14' title="bbox 63 616 854 652">
     <span class='ocr_line' id='line_1_14' title="bbox 63 616 854 652; baseline 0 -9"><span class='ocrx_word' id='word_1_101' title='bbox 63 618 104 643; x_wconf 88' lang='lat' dir='ltr'><strong>sui</strong></span> <span class='ocrx_word' id='word_1_102' title='bbox 121 618 194 644; x_wconf 84' lang='lat' dir='ltr'><strong>etde</strong></span> <span class='ocrx_word' id='word_1_103' title='bbox 210 616 373 652; x_wconf 82' lang='lat' dir='ltr'><strong>cognatione</strong></span> <span class='ocrx_word' id='word_1_104' title='bbox 398 625 457 644; x_wconf 88' lang='lat' dir='ltr'><strong>sua.</strong></span> <span class='ocrx_word' id='word_1_105' title='bbox 477 617 551 644; x_wconf 81' lang='lat' dir='ltr'><strong>Isaac</strong></span> <span class='ocrx_word' id='word_1_106' title='bbox 566 621 592 644; x_wconf 88' lang='lat' dir='ltr'><strong>et</strong></span> <span class='ocrx_word' id='word_1_107' title='bbox 609 617 694 644; x_wconf 78' lang='lat' dir='ltr'><strong>Jacob</strong></span> <span class='ocrx_word' id='word_1_108' title='bbox 709 617 854 649; x_wconf 76' lang='lat' dir='ltr'><strong>benedicit,</strong></span> 
     </span>
    </p>
   </div>
   <div class='ocr_carea' id='block_1_15' title="bbox 63 662 854 697">
    <p class='ocr_par' dir='ltr' id='par_1_15' title="bbox 63 662 854 697">
     <span class='ocr_line' id='line_1_15' title="bbox 63 662 854 697; baseline -0.001 -8"><span class='ocrx_word' id='word_1_109' title='bbox 63 663 136 689; x_wconf 78' lang='lat' dir='ltr'><strong>ﬁlios</strong></span> <span class='ocrx_word' id='word_1_110' title='bbox 149 663 232 689; x_wconf 76' lang='lat' dir='ltr'><strong>lsrat-l</strong></span> <span class='ocrx_word' id='word_1_111' title='bbox 245 663 337 689; x_wconf 80' lang='lat' dir='ltr'><strong>educit</strong></span> <span class='ocrx_word' id='word_1_112' title='bbox 353 669 386 689; x_wconf 80' lang='lat' dir='ltr'><strong>ex</strong></span> <span class='ocrx_word' id='word_1_113' title='bbox 400 662 518 697; x_wconf 66' lang='lat' dir='ltr'><strong>ngypto</strong></span> <span class='ocrx_word' id='word_1_114' title='bbox 529 663 562 688; x_wconf 71' lang='grc' dir='ltr'><strong>τι.</strong></span> <span class='ocrx_word' id='word_1_115' title='bbox 576 663 628 690; x_wconf 82' lang='lat' dir='ltr'><strong>Pcr</strong></span> <span class='ocrx_word' id='word_1_116' title='bbox 642 663 752 697; x_wconf 78' lang='lat' dir='ltr'><strong>Moysen</strong></span> <span class='ocrx_word' id='word_1_117' title='bbox 769 663 854 695; x_wconf 74' lang='lat' dir='ltr'><strong>legem</strong></span> 
     </span>
    </p>
   </div>
   <div class='ocr_carea' id='block_1_16' title="bbox 63 703 854 744">
    <p class='ocr_par' dir='ltr' id='par_1_16' title="bbox 63 703 854 744">
     <span class='ocr_line' id='line_1_16' title="bbox 63 703 854 744; baseline 0 -10"><span class='ocrx_word' id='word_1_118' title='bbox 63 709 160 736; x_wconf 76' lang='lat' dir='ltr'><strong>litteris</strong></span> <span class='ocrx_word' id='word_1_119' title='bbox 174 709 289 740; x_wconf 82' lang='lat' dir='ltr'><strong>scribit,</strong></span> <span class='ocrx_word' id='word_1_120' title='bbox 316 717 361 744; x_wconf 83' lang='lat' dir='ltr'><strong>per</strong></span> <span class='ocrx_word' id='word_1_121' title='bbox 379 709 523 743; x_wconf 73' lang='lat' dir='ltr'><strong>prophetas</strong></span> <span class='ocrx_word' id='word_1_122' title='bbox 539 716 599 744; x_wconf 69' lang='lat' dir='ltr'><strong>qua:</strong></span> <span class='ocrx_word' id='word_1_123' title='bbox 613 703 724 736; x_wconf 80' lang='lat' dir='ltr'><strong>deerant</strong></span> <span class='ocrx_word' id='word_1_124' title='bbox 741 709 854 743; x_wconf 83' lang='lat' dir='ltr'><strong>implet,</strong></span> 
     </span>
    </p>
   </div>
   <div class='ocr_carea' id='block_1_17' title="bbox 63 754 853 790">
    <p class='ocr_par' dir='ltr' id='par_1_17' title="bbox 63 754 853 790">
     <span class='ocr_line' id='line_1_17' title="bbox 63 754 853 790; baseline 0.003 -9"><span class='ocrx_word' id='word_1_125' title='bbox 63 755 114 782; x_wconf 91' lang='lat' dir='ltr'><strong>hoc</strong></span> <span class='ocrx_word' id='word_1_126' title='bbox 127 760 169 782; x_wconf 84' lang='lat' dir='ltr'><strong>est</strong></span> <span class='ocrx_word' id='word_1_127' title='bbox 185 762 246 782; x_wconf 89' lang='lat' dir='ltr'><strong>esse</strong></span> <span class='ocrx_word' id='word_1_128' title='bbox 259 763 322 781; x_wconf 89' lang='lat' dir='ltr'><strong>cum</strong></span> <span class='ocrx_word' id='word_1_129' title='bbox 336 755 375 782; x_wconf 86' lang='lat' dir='ltr'><strong>eis</strong></span> <span class='ocrx_word' id='word_1_130' title='bbox 391 755 415 781; x_wconf 92' lang='lat' dir='ltr'><strong>iu</strong></span> <span class='ocrx_word' id='word_1_131' title='bbox 434 754 563 790; x_wconf 64' lang='lat' dir='ltr'><strong>Egypto.</strong></span> <span class='ocrx_word' id='word_1_132' title='bbox 580 755 656 788; x_wconf 85' lang='lat' dir='ltr'><strong>Quod</strong></span> <span class='ocrx_word' id='word_1_133' title='bbox 670 760 759 782; x_wconf 91' lang='lat' dir='ltr'><strong>autem</strong></span> <span class='ocrx_word' id='word_1_134' title='bbox 772 756 853 783; x_wconf 84' lang='lat' dir='ltr'><strong>dicit:</strong></span> 
     </span>
    </p>
   </div>
   <div class='ocr_carea' id='block_1_18' title="bbox 62 801 855 836">
    <p class='ocr_par' dir='ltr' id='par_1_18' title="bbox 62 801 855 836">
     <span class='ocr_line' id='line_1_18' title="bbox 62 801 855 836; baseline 0.003 -9"><span class='ocrx_word' id='word_1_135' title='bbox 62 801 199 828; x_wconf 77' lang='lat' dir='ltr'><strong>Reroeabo</strong></span> <span class='ocrx_word' id='word_1_136' title='bbox 221 807 244 828; x_wconf 87' lang='lat' dir='ltr'><strong>te</strong></span> <span class='ocrx_word' id='word_1_137' title='bbox 258 801 319 828; x_wconf 84' lang='lat' dir='ltr'><strong>inde</strong></span> <span class='ocrx_word' id='word_1_138' title='bbox 335 801 361 827; x_wconf 89' lang='lat' dir='ltr'><strong>in</strong></span> <span class='ocrx_word' id='word_1_139' title='bbox 377 801 456 836; x_wconf 78' lang='lat' dir='ltr'><strong>finem</strong></span> <span class='ocrx_word' id='word_1_140' title='bbox 467 822 474 834; x_wconf 90' lang='lat'><strong>,</strong></span> <span class='ocrx_word' id='word_1_141' title='bbox 490 802 543 828; x_wconf 83' lang='lat' dir='ltr'><strong>hoc</strong></span> <span class='ocrx_word' id='word_1_142' title='bbox 555 807 606 834; x_wconf 90' lang='lat' dir='ltr'><strong>est,</strong></span> <span class='ocrx_word' id='word_1_143' title='bbox 628 803 746 829; x_wconf 85' lang='lat' dir='ltr'><strong>arbitror</strong></span> <span class='ocrx_word' id='word_1_144' title='bbox 757 823 764 834; x_wconf 91' lang='lat'><strong>,</strong></span> <span class='ocrx_word' id='word_1_145' title='bbox 786 803 855 829; x_wconf 83' lang='lat' dir='ltr'><strong>sicut</strong></span> 
     </span>
    </p>
   </div>
   <div class='ocr_carea' id='block_1_19' title="bbox 908 197 1692 237">
    <p class='ocr_par' dir='ltr' id='par_1_19' title="bbox 908 197 1692 237">
     <span class='ocr_line' id='line_1_19' title="bbox 908 197 1692 237; baseline 0 -7"><span class='ocrx_word' id='word_1_146' title='bbox 908 204 1002 237; x_wconf 87' lang='lat' dir='ltr'><strong>positis</strong></span> <span class='ocrx_word' id='word_1_147' title='bbox 1015 204 1140 230; x_wconf 84' lang='lat' dir='ltr'><strong>manibus</strong></span> <span class='ocrx_word' id='word_1_148' title='bbox 1149 204 1205 230; x_wconf 84' lang='lat' dir='ltr'><strong>suis</strong></span> <span class='ocrx_word' id='word_1_149' title='bbox 1211 197 1357 230; x_wconf 64' lang='lat' dir='ltr'><strong>excaecat-it</strong></span> <span class='ocrx_word' id='word_1_150' title='bbox 1366 204 1392 231; x_wconf 83' lang='lat' dir='ltr'><strong>et</strong></span> <span class='ocrx_word' id='word_1_151' title='bbox 1404 204 1499 231; x_wconf 82' lang='lat' dir='ltr'><strong>clausit</strong></span> <span class='ocrx_word' id='word_1_152' title='bbox 1511 204 1604 231; x_wconf 83' lang='lat' dir='ltr'><strong>oculos</strong></span> <span class='ocrx_word' id='word_1_153' title='bbox 1613 204 1692 231; x_wconf 70' lang='lat' dir='ltr'><strong>Israel</strong></span> 
     </span>
    </p>
   </div>
   <div class='ocr_carea' id='block_1_20' title="bbox 909 248 1691 283">
    <p class='ocr_par' dir='ltr' id='par_1_20' title="bbox 909 248 1691 283">
     <span class='ocr_line' id='line_1_20' title="bbox 909 248 1691 283; baseline 0.003 -9"><span class='ocrx_word' id='word_1_154' title='bbox 909 256 942 274; x_wconf 87' lang='lat' dir='ltr'><strong>ne</strong></span> <span class='ocrx_word' id='word_1_155' title='bbox 955 249 1077 275; x_wconf 81' lang='lat' dir='ltr'><strong>viderent</strong></span> <span class='ocrx_word' id='word_1_156' title='bbox 1092 248 1261 283; x_wconf 82' lang='lat' dir='ltr'><strong>impietatem</strong></span> <span class='ocrx_word' id='word_1_157' title='bbox 1274 256 1361 282; x_wconf 86' lang='lat' dir='ltr'><strong>suam,</strong></span> <span class='ocrx_word' id='word_1_158' title='bbox 1375 250 1408 276; x_wconf 89' lang='lat' dir='ltr'><strong>de</strong></span> <span class='ocrx_word' id='word_1_159' title='bbox 1422 257 1476 282; x_wconf 89' lang='lat' dir='ltr'><strong>quo</strong></span> <span class='ocrx_word' id='word_1_160' title='bbox 1490 250 1591 276; x_wconf 79' lang='lat' dir='ltr'><strong>dictum</strong></span> <span class='ocrx_word' id='word_1_161' title='bbox 1606 256 1645 276; x_wconf 80' lang='lat' dir='ltr'><strong>t-st</strong></span> <span class='ocrx_word' id='word_1_162' title='bbox 1658 252 1691 277; x_wconf 86' lang='lat'><strong>&quot;&#39;:</strong></span> 
     </span>
    </p>
   </div>
   <div class='ocr_carea' id='block_1_21' title="bbox 908 294 1694 329">
    <p class='ocr_par' dir='ltr' id='par_1_21' title="bbox 908 294 1694 329">
     <span class='ocr_line' id='line_1_21' title="bbox 908 294 1694 329; baseline 0.004 -9"><span class='ocrx_word' id='word_1_163' title='bbox 908 294 1021 327; x_wconf 82' lang='lat' dir='ltr'><strong>Propter</strong></span> <span class='ocrx_word' id='word_1_164' title='bbox 1035 294 1193 327; x_wconf 70' lang='lat' dir='ltr'><strong>impietatem</strong></span> <span class='ocrx_word' id='word_1_165' title='bbox 1203 295 1286 321; x_wconf 86' lang='lat' dir='ltr'><strong>Jacob</strong></span> <span class='ocrx_word' id='word_1_166' title='bbox 1301 296 1356 321; x_wconf 71' lang='lat' dir='ltr'><strong>Iure</strong></span> <span class='ocrx_word' id='word_1_167' title='bbox 1370 296 1467 328; x_wconf 87' lang='lat' dir='ltr'><strong>omnia,</strong></span> <span class='ocrx_word' id='word_1_168' title='bbox 1479 301 1502 321; x_wconf 89' lang='lat' dir='ltr'><strong>et</strong></span> <span class='ocrx_word' id='word_1_169' title='bbox 1519 301 1623 329; x_wconf 81' lang='lat' dir='ltr'><strong>propter</strong></span> <span class='ocrx_word' id='word_1_170' title='bbox 1633 305 1694 329; x_wconf 83' lang='lat' dir='ltr'><strong>pec-</strong></span> 
     </span>
    </p>
   </div>
   <div class='ocr_carea' id='block_1_22' title="bbox 907 338 1693 372">
    <p class='ocr_par' dir='ltr' id='par_1_22' title="bbox 907 338 1693 372">
     <span class='ocr_line' id='line_1_22' title="bbox 907 338 1693 372; baseline 0.001 -7"><span class='ocrx_word' id='word_1_171' title='bbox 907 345 993 365; x_wconf 58' lang='lat' dir='ltr'><strong>tutum</strong></span> <span class='ocrx_word' id='word_1_172' title='bbox 1008 339 1101 364; x_wconf 75' lang='lat' dir='ltr'><strong>domus</strong></span> <span class='ocrx_word' id='word_1_173' title='bbox 1120 338 1212 365; x_wconf 70' lang='lat' dir='ltr'><strong>Israel.</strong></span> <span class='ocrx_word' id='word_1_174' title='bbox 1241 339 1309 371; x_wconf 75' lang='lat' dir='ltr'><strong>Qua:</strong></span> <span class='ocrx_word' id='word_1_175' title='bbox 1332 346 1419 365; x_wconf 77' lang='lat' dir='ltr'><strong>autem</strong></span> <span class='ocrx_word' id='word_1_176' title='bbox 1445 340 1566 372; x_wconf 78' lang='lat' dir='ltr'><strong>impietas</strong></span> <span class='ocrx_word' id='word_1_177' title='bbox 1585 340 1693 367; x_wconf 62' lang='lat' dir='ltr'><strong>Jurobl</strong></span> 
     </span>
    </p>
   </div>
   <div class='ocr_carea' id='block_1_23' title="bbox 909 380 1693 419">
    <p class='ocr_par' dir='ltr' id='par_1_23' title="bbox 909 380 1693 419">
     <span class='ocr_line' id='line_1_23' title="bbox 909 380 1693 419; baseline 0.006 -12"><span class='ocrx_word' id='word_1_178' title='bbox 909 380 946 407; x_wconf 73' lang='grc' dir='ltr'><strong>Νι</strong></span> <span class='ocrx_word' id='word_1_179' title='bbox 956 389 1003 408; x_wconf 60' lang='lat' dir='ltr'><strong>me</strong></span> <span class='ocrx_word' id='word_1_180' title='bbox 1020 382 1168 408; x_wconf 82' lang='lat' dir='ltr'><strong>Samaria?</strong></span> <span class='ocrx_word' id='word_1_181' title='bbox 1181 382 1233 409; x_wconf 86' lang='lat' dir='ltr'><strong>Sed</strong></span> <span class='ocrx_word' id='word_1_182' title='bbox 1250 383 1272 408; x_wconf 84' lang='lat' dir='ltr'><strong>si</strong></span> <span class='ocrx_word' id='word_1_183' title='bbox 1287 384 1349 417; x_wconf 87' lang='lat' dir='ltr'><strong>quis</strong></span> <span class='ocrx_word' id='word_1_184' title='bbox 1364 383 1434 411; x_wconf 84' lang='lat' dir='ltr'><strong>forte</strong></span> <span class='ocrx_word' id='word_1_185' title='bbox 1448 389 1526 419; x_wconf 81' lang='lat' dir='ltr'><strong>neget</strong></span> <span class='ocrx_word' id='word_1_186' title='bbox 1543 385 1639 412; x_wconf 80' lang='lat' dir='ltr'><strong>debere</strong></span> <span class='ocrx_word' id='word_1_187' title='bbox 1661 393 1693 412; x_wconf 87' lang='lat' dir='ltr'><strong>ea</strong></span> 
     </span>
    </p>
   </div>
   <div class='ocr_carea' id='block_1_24' title="bbox 907 427 1694 461">
    <p class='ocr_par' dir='ltr' id='par_1_24' title="bbox 907 427 1694 461">
     <span class='ocr_line' id='line_1_24' title="bbox 907 427 1694 461; baseline 0.005 -9"><span class='ocrx_word' id='word_1_188' title='bbox 907 434 966 460; x_wconf 77' lang='lat' dir='ltr'><strong>qua:</strong></span> <span class='ocrx_word' id='word_1_189' title='bbox 983 427 1034 453; x_wconf 87' lang='lat' dir='ltr'><strong>sub</strong></span> <span class='ocrx_word' id='word_1_190' title='bbox 1054 427 1146 460; x_wconf 85' lang='lat' dir='ltr'><strong>specie</strong></span> <span class='ocrx_word' id='word_1_191' title='bbox 1167 427 1274 461; x_wconf 85' lang='lat' dir='ltr'><strong>pietatis</strong></span> <span class='ocrx_word' id='word_1_192' title='bbox 1300 428 1390 454; x_wconf 89' lang='lat' dir='ltr'><strong>ltttura</strong></span> <span class='ocrx_word' id='word_1_193' title='bbox 1409 435 1423 454; x_wconf 89' lang='lat' dir='ltr'><strong>a</strong></span> <span class='ocrx_word' id='word_1_194' title='bbox 1443 429 1498 455; x_wconf 89' lang='lat' dir='ltr'><strong>Deo</strong></span> <span class='ocrx_word' id='word_1_195' title='bbox 1528 430 1599 456; x_wconf 80' lang='lat' dir='ltr'><strong>dicta</strong></span> <span class='ocrx_word' id='word_1_196' title='bbox 1617 435 1694 459; x_wconf 83' lang='lat' dir='ltr'><strong>sunt.</strong></span> 
     </span>
    </p>
   </div>
   <div class='ocr_carea' id='block_1_25' title="bbox 907 473 1695 511">
    <p class='ocr_par' dir='ltr' id='par_1_25' title="bbox 907 473 1695 511">
     <span class='ocr_line' id='line_1_25' title="bbox 907 473 1695 511; baseline 0.006 -12"><span class='ocrx_word' id='word_1_197' title='bbox 907 474 940 499; x_wconf 89' lang='lat' dir='ltr'><strong>ad</strong></span> <span class='ocrx_word' id='word_1_198' title='bbox 971 478 1075 507; x_wconf 87' lang='lat' dir='ltr'><strong>partetn</strong></span> <span class='ocrx_word' id='word_1_199' title='bbox 1103 473 1308 507; x_wconf 82' lang='lat' dir='ltr'><strong>\ituperabilem</strong></span> <span class='ocrx_word' id='word_1_200' title='bbox 1329 474 1398 500; x_wconf 74' lang='lat' dir='ltr'><strong>llct-ti</strong></span> <span class='ocrx_word' id='word_1_201' title='bbox 1412 494 1420 506; x_wconf 93' lang='lat'><strong>,</strong></span> <span class='ocrx_word' id='word_1_202' title='bbox 1444 475 1563 503; x_wconf 81' lang='lat' dir='ltr'><strong>dicemus</strong></span> <span class='ocrx_word' id='word_1_203' title='bbox 1583 477 1646 511; x_wconf 82' lang='lat' dir='ltr'><strong>quia</strong></span> <span class='ocrx_word' id='word_1_204' title='bbox 1666 483 1695 504; x_wconf 77' lang='lat' dir='ltr'><strong>ot</strong></span> 
     </span>
    </p>
   </div>
   <div class='ocr_carea' id='block_1_26' title="bbox 907 517 1694 551">
    <p class='ocr_par' dir='ltr' id='par_1_26' title="bbox 907 517 1694 551">
     <span class='ocr_line' id='line_1_26' title="bbox 907 517 1694 551; baseline 0.004 -8"><span class='ocrx_word' id='word_1_205' title='bbox 907 524 987 544; x_wconf 89' lang='lat' dir='ltr'><strong>verus</strong></span> <span class='ocrx_word' id='word_1_206' title='bbox 1003 517 1104 551; x_wconf 73' lang='lat' dir='ltr'><strong>Joseph</strong></span> <span class='ocrx_word' id='word_1_207' title='bbox 1131 517 1260 544; x_wconf 84' lang='lat' dir='ltr'><strong>Dominus</strong></span> <span class='ocrx_word' id='word_1_208' title='bbox 1277 523 1304 543; x_wconf 89' lang='lat' dir='ltr'><strong>et</strong></span> <span class='ocrx_word' id='word_1_209' title='bbox 1333 517 1459 544; x_wconf 85' lang='lat' dir='ltr'><strong>Salvator</strong></span> <span class='ocrx_word' id='word_1_210' title='bbox 1480 524 1571 545; x_wconf 86' lang='lat' dir='ltr'><strong>uoster</strong></span> <span class='ocrx_word' id='word_1_211' title='bbox 1587 539 1594 550; x_wconf 96' lang='lat'><strong>,</strong></span> <span class='ocrx_word' id='word_1_212' title='bbox 1623 520 1694 546; x_wconf 77' lang='lat' dir='ltr'><strong>sicut</strong></span> 
     </span>
    </p>
   </div>
   <div class='ocr_carea' id='block_1_27' title="bbox 906 563 1693 598">
    <p class='ocr_par' dir='ltr' id='par_1_27' title="bbox 906 563 1693 598">
     <span class='ocr_line' id='line_1_27' title="bbox 906 563 1693 598; baseline 0 -9"><span class='ocrx_word' id='word_1_213' title='bbox 906 563 1076 598; x_wconf 73' lang='lat' dir='ltr'><strong>corporalem</strong></span> <span class='ocrx_word' id='word_1_214' title='bbox 1092 571 1200 590; x_wconf 86' lang='lat' dir='ltr'><strong>manum</strong></span> <span class='ocrx_word' id='word_1_215' title='bbox 1217 571 1295 590; x_wconf 82' lang='lat' dir='ltr'><strong>suain</strong></span> <span class='ocrx_word' id='word_1_216' title='bbox 1311 563 1401 597; x_wconf 88' lang='lat' dir='ltr'><strong>posuit</strong></span> <span class='ocrx_word' id='word_1_217' title='bbox 1414 570 1495 597; x_wconf 83' lang='lat' dir='ltr'><strong>super</strong></span> <span class='ocrx_word' id='word_1_218' title='bbox 1510 564 1603 591; x_wconf 89' lang='lat' dir='ltr'><strong>oculos</strong></span> <span class='ocrx_word' id='word_1_219' title='bbox 1614 565 1693 595; x_wconf 63' lang='lat' dir='ltr'><strong>caeci,</strong></span> 
     </span>
    </p>
   </div>
   <div class='ocr_carea' id='block_1_28' title="bbox 906 609 1693 644">
    <p class='ocr_par' dir='ltr' id='par_1_28' title="bbox 906 609 1693 644">
     <span class='ocr_line' id='line_1_28' title="bbox 906 609 1693 644; baseline 0.001 -8"><span class='ocrx_word' id='word_1_220' title='bbox 906 614 932 636; x_wconf 82' lang='lat' dir='ltr'><strong>et</strong></span> <span class='ocrx_word' id='word_1_221' title='bbox 965 609 1081 636; x_wconf 81' lang='lat' dir='ltr'><strong>reddidit</strong></span> <span class='ocrx_word' id='word_1_222' title='bbox 1105 610 1130 636; x_wconf 88' lang='lat' dir='ltr'><strong>oi</strong></span> <span class='ocrx_word' id='word_1_223' title='bbox 1166 610 1252 636; x_wconf 86' lang='lat' dir='ltr'><strong>visum</strong></span> <span class='ocrx_word' id='word_1_224' title='bbox 1289 616 1370 643; x_wconf 87' lang='lat' dir='ltr'><strong>quem</strong></span> <span class='ocrx_word' id='word_1_225' title='bbox 1403 610 1558 644; x_wconf 83' lang='lat' dir='ltr'><strong>perdiderat</strong></span> <span class='ocrx_word' id='word_1_226' title='bbox 1576 610 1622 643; x_wconf 74' lang='lat'><strong>“°;</strong></span> <span class='ocrx_word' id='word_1_227' title='bbox 1657 611 1693 637; x_wconf 83' lang='lat' dir='ltr'><strong>ita</strong></span> 
     </span>
    </p>
   </div>
   <div class='ocr_carea' id='block_1_29' title="bbox 906 655 1694 689">
    <p class='ocr_par' dir='ltr' id='par_1_29' title="bbox 906 655 1694 689">
     <span class='ocr_line' id='line_1_29' title="bbox 906 655 1694 689; baseline 0.003 -8"><span class='ocrx_word' id='word_1_228' title='bbox 906 656 987 681; x_wconf 83' lang='lat' dir='ltr'><strong>etiam</strong></span> <span class='ocrx_word' id='word_1_229' title='bbox 1004 655 1140 689; x_wconf 72' lang='lat' dir='ltr'><strong>spiritales</strong></span> <span class='ocrx_word' id='word_1_230' title='bbox 1157 662 1253 681; x_wconf 88' lang='lat' dir='ltr'><strong>manus</strong></span> <span class='ocrx_word' id='word_1_231' title='bbox 1277 662 1343 681; x_wconf 78' lang='lat' dir='ltr'><strong>suus</strong></span> <span class='ocrx_word' id='word_1_232' title='bbox 1374 655 1465 689; x_wconf 81' lang='lat' dir='ltr'><strong>posuit</strong></span> <span class='ocrx_word' id='word_1_233' title='bbox 1490 663 1571 689; x_wconf 84' lang='lat' dir='ltr'><strong>super</strong></span> <span class='ocrx_word' id='word_1_234' title='bbox 1600 656 1694 683; x_wconf 78' lang='lat' dir='ltr'><strong>oeulos</strong></span> 
     </span>
    </p>
   </div>
   <div class='ocr_carea' id='block_1_30' title="bbox 907 700 1693 735">
    <p class='ocr_par' dir='ltr' id='par_1_30' title="bbox 907 700 1693 735">
     <span class='ocr_line' id='line_1_30' title="bbox 907 700 1693 735; baseline 0.004 -9"><span class='ocrx_word' id='word_1_235' title='bbox 907 700 974 735; x_wconf 85' lang='lat' dir='ltr'><strong>legis</strong></span> <span class='ocrx_word' id='word_1_236' title='bbox 986 701 1031 735; x_wconf 88' lang='lat' dir='ltr'><strong>qui</strong></span> <span class='ocrx_word' id='word_1_237' title='bbox 1041 708 1089 735; x_wconf 85' lang='lat' dir='ltr'><strong>per</strong></span> <span class='ocrx_word' id='word_1_238' title='bbox 1098 700 1265 735; x_wconf 78' lang='lat' dir='ltr'><strong>corporalem</strong></span> <span class='ocrx_word' id='word_1_239' title='bbox 1275 700 1482 735; x_wconf 77' lang='lat' dir='ltr'><strong>intelligentiam</strong></span> <span class='ocrx_word' id='word_1_240' title='bbox 1497 702 1654 729; x_wconf 78' lang='lat' dir='ltr'><strong>Scribarum</strong></span> <span class='ocrx_word' id='word_1_241' title='bbox 1665 708 1693 729; x_wconf 88' lang='lat' dir='ltr'><strong>et</strong></span> 
     </span>
    </p>
   </div>
   <div class='ocr_carea' id='block_1_31' title="bbox 906 747 1692 782">
    <p class='ocr_par' dir='ltr' id='par_1_31' title="bbox 906 747 1692 782">
     <span class='ocr_line' id='line_1_31' title="bbox 906 747 1692 782; baseline 0.003 -9"><span class='ocrx_word' id='word_1_242' title='bbox 906 747 1103 774; x_wconf 57' lang='lat' dir='ltr'><strong>Pharisaeorum</strong></span> <span class='ocrx_word' id='word_1_243' title='bbox 1114 747 1367 779; x_wconf 64' lang='lat' dir='ltr'><strong>l&#39;uerantexcazcati,</strong></span> <span class='ocrx_word' id='word_1_244' title='bbox 1379 752 1406 774; x_wconf 83' lang='lat' dir='ltr'><strong>et</strong></span> <span class='ocrx_word' id='word_1_245' title='bbox 1415 748 1531 775; x_wconf 80' lang='lat' dir='ltr'><strong>reddidit</strong></span> <span class='ocrx_word' id='word_1_246' title='bbox 1544 750 1584 776; x_wconf 87' lang='lat' dir='ltr'><strong>eis</strong></span> <span class='ocrx_word' id='word_1_247' title='bbox 1592 751 1692 782; x_wconf 87' lang='lat' dir='ltr'><strong>vismn,</strong></span> 
     </span>
    </p>
   </div>
   <div class='ocr_carea' id='block_1_32' title="bbox 909 792 1692 829">
    <p class='ocr_par' dir='ltr' id='par_1_32' title="bbox 909 792 1692 829">
     <span class='ocr_line' id='line_1_32' title="bbox 909 792 1692 829; baseline 0.005 -11"><span class='ocrx_word' id='word_1_248' title='bbox 909 797 937 818; x_wconf 89' lang='lat' dir='ltr'><strong>ut</strong></span> <span class='ocrx_word' id='word_1_249' title='bbox 947 793 988 819; x_wconf 90' lang='lat' dir='ltr'><strong>his</strong></span> <span class='ocrx_word' id='word_1_250' title='bbox 995 793 1093 827; x_wconf 80' lang='lat' dir='ltr'><strong>quibus</strong></span> <span class='ocrx_word' id='word_1_251' title='bbox 1102 792 1189 826; x_wconf 89' lang='lat' dir='ltr'><strong>aperit</strong></span> <span class='ocrx_word' id='word_1_252' title='bbox 1200 792 1328 820; x_wconf 89' lang='lat' dir='ltr'><strong>Dominus</strong></span> <span class='ocrx_word' id='word_1_253' title='bbox 1338 792 1504 827; x_wconf 86' lang='lat' dir='ltr'><strong>Scripturas,</strong></span> <span class='ocrx_word' id='word_1_254' title='bbox 1514 794 1652 829; x_wconf 83' lang='lat' dir='ltr'><strong>spiritales</strong></span> <span class='ocrx_word' id='word_1_255' title='bbox 1666 795 1692 822; x_wconf 88' lang='lat' dir='ltr'><strong>in</strong></span> 
     </span>
    </p>
   </div>
   <div class='ocr_carea' id='block_1_33' title="bbox 61 834 843 883">
    <p class='ocr_par' dir='ltr' id='par_1_33' title="bbox 61 847 843 883">
     <span class='ocr_line' id='line_1_33' title="bbox 61 847 843 883; baseline 0.004 -10"><span class='ocrx_word' id='word_1_256' title='bbox 61 848 188 879; x_wconf 85' lang='lat' dir='ltr'><strong>superius</strong></span> <span class='ocrx_word' id='word_1_257' title='bbox 201 847 328 879; x_wconf 88' lang='lat' dir='ltr'><strong>dicimus,</strong></span> <span class='ocrx_word' id='word_1_258' title='bbox 349 849 420 881; x_wconf 87' lang='lat' dir='ltr'><strong>quod</strong></span> <span class='ocrx_word' id='word_1_259' title='bbox 436 847 462 873; x_wconf 91' lang='lat' dir='ltr'><strong>itt</strong></span> <span class='ocrx_word' id='word_1_260' title='bbox 477 848 529 874; x_wconf 89' lang='lat' dir='ltr'><strong>line</strong></span> <span class='ocrx_word' id='word_1_261' title='bbox 547 848 707 875; x_wconf 65' lang='lat' dir='ltr'><strong>saeculorum</strong></span> <span class='ocrx_word' id='word_1_262' title='bbox 726 849 843 883; x_wconf 82' lang='lat' dir='ltr'><strong>unigeni-</strong></span> 
     </span>
    </p>
   </div>
   <div class='ocr_carea' id='block_1_34' title="bbox 909 834 1692 883">
    <p class='ocr_par' dir='ltr' id='par_1_34' title="bbox 909 837 1692 874">
     <span class='ocr_line' id='line_1_34' title="bbox 909 837 1692 874; baseline 0.004 -10"><span class='ocrx_word' id='word_1_263' title='bbox 909 839 963 873; x_wconf 84' lang='lat' dir='ltr'><strong>lege</strong></span> <span class='ocrx_word' id='word_1_264' title='bbox 973 839 1043 866; x_wconf 92' lang='lat' dir='ltr'><strong>visus</strong></span> <span class='ocrx_word' id='word_1_265' title='bbox 1051 839 1240 865; x_wconf 78' lang='lat' dir='ltr'><strong>etintellectus</strong></span> <span class='ocrx_word' id='word_1_266' title='bbox 1251 837 1416 874; x_wconf 72' lang='lat' dir='ltr'><strong>aperiat(2).</strong></span> <span class='ocrx_word' id='word_1_267' title='bbox 1439 839 1527 874; x_wconf 76' lang='lat' dir='ltr'><strong>Atque</strong></span> <span class='ocrx_word' id='word_1_268' title='bbox 1544 840 1648 866; x_wconf 89' lang='lat' dir='ltr'><strong>utittam</strong></span> <span class='ocrx_word' id='word_1_269' title='bbox 1665 845 1692 867; x_wconf 86' lang='lat' dir='ltr'><strong>et</strong></span> 
     </span>
    </p>
   </div>
   <div class='ocr_carea' id='block_1_35' title="bbox 62 892 851 928">
    <p class='ocr_par' dir='ltr' id='par_1_35' title="bbox 62 892 851 928">
     <span class='ocr_line' id='line_1_35' title="bbox 62 892 851 928; baseline 0.003 -10"><span class='ocrx_word' id='word_1_270' title='bbox 62 896 105 919; x_wconf 70' lang='lat' dir='ltr'><strong>tua</strong></span> <span class='ocrx_word' id='word_1_271' title='bbox 120 892 207 919; x_wconf 82' lang='lat' dir='ltr'><strong>Filius</strong></span> <span class='ocrx_word' id='word_1_272' title='bbox 222 892 281 926; x_wconf 85' lang='lat' dir='ltr'><strong>ejus</strong></span> <span class='ocrx_word' id='word_1_273' title='bbox 297 900 348 926; x_wconf 87' lang='lat' dir='ltr'><strong>pro</strong></span> <span class='ocrx_word' id='word_1_274' title='bbox 368 893 456 919; x_wconf 90' lang='lat' dir='ltr'><strong>salute</strong></span> <span class='ocrx_word' id='word_1_275' title='bbox 475 893 567 919; x_wconf 88' lang='lat' dir='ltr'><strong>mundi</strong></span> <span class='ocrx_word' id='word_1_276' title='bbox 585 901 668 928; x_wconf 88' lang='lat' dir='ltr'><strong>usque</strong></span> <span class='ocrx_word' id='word_1_277' title='bbox 690 894 721 920; x_wconf 89' lang='lat' dir='ltr'><strong>ad</strong></span> <span class='ocrx_word' id='word_1_278' title='bbox 745 893 851 921; x_wconf 80' lang='lat' dir='ltr'><strong>inferna</strong></span> 
     </span>
    </p>
   </div>
   <div class='ocr_carea' id='block_1_36' title="bbox 61 938 852 974">
    <p class='ocr_par' dir='ltr' id='par_1_36' title="bbox 61 938 852 974">
     <span class='ocr_line' id='line_1_36' title="bbox 61 938 852 974; baseline 0.004 -10"><span class='ocrx_word' id='word_1_279' title='bbox 61 938 217 969; x_wconf 79' lang='lat' dir='ltr'><strong>descendit,</strong></span> <span class='ocrx_word' id='word_1_280' title='bbox 248 942 275 964; x_wconf 91' lang='lat' dir='ltr'><strong>et</strong></span> <span class='ocrx_word' id='word_1_281' title='bbox 301 938 362 964; x_wconf 88' lang='lat' dir='ltr'><strong>inde</strong></span> <span class='ocrx_word' id='word_1_282' title='bbox 379 938 575 974; x_wconf 86' lang='lat' dir='ltr'><strong>protoplastum</strong></span> <span class='ocrx_word' id='word_1_283' title='bbox 598 941 744 967; x_wconf 78' lang='lat' dir='ltr'><strong>revocavit.</strong></span> <span class='ocrx_word' id='word_1_284' title='bbox 774 940 852 972; x_wconf 87' lang='lat' dir='ltr'><strong>Quod</strong></span> 
     </span>
    </p>
   </div>
   <div class='ocr_carea' id='block_1_37' title="bbox 60 982 851 1014">
    <p class='ocr_par' dir='ltr' id='par_1_37' title="bbox 60 982 851 1014">
     <span class='ocr_line' id='line_1_37' title="bbox 60 982 851 1014; baseline 0.004 -4"><span class='ocrx_word' id='word_1_285' title='bbox 60 982 133 1010; x_wconf 80' lang='lat' dir='ltr'><strong>enim</strong></span> <span class='ocrx_word' id='word_1_286' title='bbox 153 983 224 1010; x_wconf 76' lang='lat' dir='ltr'><strong>dixit</strong></span> <span class='ocrx_word' id='word_1_287' title='bbox 242 984 276 1010; x_wconf 90' lang='lat' dir='ltr'><strong>atl</strong></span> <span class='ocrx_word' id='word_1_288' title='bbox 304 983 438 1010; x_wconf 88' lang='lat' dir='ltr'><strong>latronem</strong></span> <span class='ocrx_word' id='word_1_289' title='bbox 456 985 499 1011; x_wconf 76' lang='lat'><strong>7‘:</strong></span> <span class='ocrx_word' id='word_1_290' title='bbox 527 985 612 1012; x_wconf 82' lang='lat' dir='ltr'><strong>Hodie</strong></span> <span class='ocrx_word' id='word_1_291' title='bbox 638 994 737 1012; x_wconf 79' lang='lat' dir='ltr'><strong>mecum</strong></span> <span class='ocrx_word' id='word_1_292' title='bbox 758 987 808 1013; x_wconf 74' lang='lat' dir='ltr'><strong>eris</strong></span> <span class='ocrx_word' id='word_1_293' title='bbox 824 987 851 1014; x_wconf 82' lang='lat' dir='ltr'><strong>in</strong></span> 
     </span>
    </p>
   </div>
   <div class='ocr_carea' id='block_1_38' title="bbox 60 1029 851 1064">
    <p class='ocr_par' dir='ltr' id='par_1_38' title="bbox 60 1029 851 1064">
     <span class='ocr_line' id='line_1_38' title="bbox 60 1029 851 1064; baseline 0.005 -10"><span class='ocrx_word' id='word_1_294' title='bbox 60 1029 189 1063; x_wconf 72' lang='lat' dir='ltr'><strong>paradiso</strong></span> <span class='ocrx_word' id='word_1_295' title='bbox 200 1049 208 1062; x_wconf 95' lang='lat'><strong>,</strong></span> <span class='ocrx_word' id='word_1_296' title='bbox 229 1030 280 1056; x_wconf 90' lang='lat' dir='ltr'><strong>hoc</strong></span> <span class='ocrx_word' id='word_1_297' title='bbox 297 1037 350 1056; x_wconf 88' lang='lat' dir='ltr'><strong>non</strong></span> <span class='ocrx_word' id='word_1_298' title='bbox 363 1029 400 1056; x_wconf 90' lang='lat' dir='ltr'><strong>illi</strong></span> <span class='ocrx_word' id='word_1_299' title='bbox 424 1030 473 1056; x_wconf 89' lang='lat' dir='ltr'><strong>soli</strong></span> <span class='ocrx_word' id='word_1_300' title='bbox 488 1030 602 1064; x_wconf 84' lang='lat' dir='ltr'><strong>dictum,</strong></span> <span class='ocrx_word' id='word_1_301' title='bbox 617 1031 663 1058; x_wconf 86' lang='lat' dir='ltr'><strong>sed</strong></span> <span class='ocrx_word' id='word_1_302' title='bbox 680 1036 706 1058; x_wconf 90' lang='lat' dir='ltr'><strong>et</strong></span> <span class='ocrx_word' id='word_1_303' title='bbox 726 1032 851 1059; x_wconf 88' lang='lat' dir='ltr'><strong>omnibus</strong></span> 
     </span>
    </p>
   </div>
   <div class='ocr_carea' id='block_1_39' title="bbox 61 1075 850 1111">
    <p class='ocr_par' dir='ltr' id='par_1_39' title="bbox 61 1075 850 1111">
     <span class='ocr_line' id='line_1_39' title="bbox 61 1075 850 1111; baseline 0.006 -11"><span class='ocrx_word' id='word_1_304' title='bbox 61 1076 167 1103; x_wconf 86' lang='lat' dir='ltr'><strong>sanctis</strong></span> <span class='ocrx_word' id='word_1_305' title='bbox 184 1075 317 1110; x_wconf 81' lang='lat' dir='ltr'><strong>intellige.</strong></span> <span class='ocrx_word' id='word_1_306' title='bbox 332 1083 381 1110; x_wconf 79' lang='lat' dir='ltr'><strong>pro</strong></span> <span class='ocrx_word' id='word_1_307' title='bbox 394 1076 491 1111; x_wconf 79' lang='lat' dir='ltr'><strong>quibus</strong></span> <span class='ocrx_word' id='word_1_308' title='bbox 504 1077 528 1103; x_wconf 93' lang='lat' dir='ltr'><strong>in</strong></span> <span class='ocrx_word' id='word_1_309' title='bbox 546 1077 650 1107; x_wconf 66' lang='lat' dir='ltr'><strong>inlrrna</strong></span> <span class='ocrx_word' id='word_1_310' title='bbox 665 1078 850 1106; x_wconf 80' lang='lat' dir='ltr'><strong>descenderat.</strong></span> 
     </span>
    </p>
   </div>
   <div class='ocr_carea' id='block_1_40' title="bbox 59 1116 851 1158">
    <p class='ocr_par' dir='ltr' id='par_1_40' title="bbox 59 1116 851 1158">
     <span class='ocr_line' id='line_1_40' title="bbox 59 1116 851 1158; baseline 0.005 -11"><span class='ocrx_word' id='word_1_311' title='bbox 59 1116 87 1147; x_wconf 80' lang='lat' dir='ltr'><strong>in</strong></span> <span class='ocrx_word' id='word_1_312' title='bbox 106 1121 159 1147; x_wconf 85' lang='lat' dir='ltr'><strong>hoc</strong></span> <span class='ocrx_word' id='word_1_313' title='bbox 177 1128 242 1156; x_wconf 78' lang='lat' dir='ltr'><strong>ergo</strong></span> <span class='ocrx_word' id='word_1_314' title='bbox 259 1122 348 1148; x_wconf 82' lang='lat' dir='ltr'><strong>verius</strong></span> <span class='ocrx_word' id='word_1_315' title='bbox 366 1130 445 1156; x_wconf 81' lang='lat' dir='ltr'><strong>quam</strong></span> <span class='ocrx_word' id='word_1_316' title='bbox 476 1122 502 1149; x_wconf 92' lang='lat' dir='ltr'><strong>in</strong></span> <span class='ocrx_word' id='word_1_317' title='bbox 527 1122 611 1150; x_wconf 77' lang='lat' dir='ltr'><strong>Jarob</strong></span> <span class='ocrx_word' id='word_1_318' title='bbox 638 1123 830 1158; x_wconf 67' lang='lat' dir='ltr'><strong>adimplebitur</strong></span> <span class='ocrx_word' id='word_1_319' title='bbox 842 1145 851 1158; x_wconf 90' lang='lat'><strong>,</strong></span> 
     </span>
    </p>
   </div>
   <div class='ocr_carea' id='block_1_41' title="bbox 59 1166 807 1203">
    <p class='ocr_par' dir='ltr' id='par_1_41' title="bbox 59 1166 807 1203">
     <span class='ocr_line' id='line_1_41' title="bbox 59 1166 807 1203; baseline 0.007 -12"><span class='ocrx_word' id='word_1_320' title='bbox 59 1166 130 1200; x_wconf 88' lang='lat' dir='ltr'><strong>quod</strong></span> <span class='ocrx_word' id='word_1_321' title='bbox 149 1167 251 1193; x_wconf 89' lang='lat' dir='ltr'><strong>dictttm</strong></span> <span class='ocrx_word' id='word_1_322' title='bbox 267 1172 315 1198; x_wconf 86' lang='lat' dir='ltr'><strong>est,</strong></span> <span class='ocrx_word' id='word_1_323' title='bbox 333 1168 395 1201; x_wconf 83' lang='lat' dir='ltr'><strong>quia</strong></span> <span class='ocrx_word' id='word_1_324' title='bbox 414 1168 539 1194; x_wconf 81' lang='lat' dir='ltr'><strong>revocabo</strong></span> <span class='ocrx_word' id='word_1_325' title='bbox 554 1173 578 1195; x_wconf 86' lang='lat' dir='ltr'><strong>te</strong></span> <span class='ocrx_word' id='word_1_326' title='bbox 598 1169 658 1196; x_wconf 80' lang='lat' dir='ltr'><strong>inde</strong></span> <span class='ocrx_word' id='word_1_327' title='bbox 675 1169 700 1196; x_wconf 84' lang='lat' dir='ltr'><strong>in</strong></span> <span class='ocrx_word' id='word_1_328' title='bbox 718 1170 807 1203; x_wconf 78' lang='lat' dir='ltr'><strong>ﬁnem.</strong></span> 
     </span>
    </p>
   </div>
   <div class='ocr_carea' id='block_1_42' title="bbox 94 1212 850 1249">
    <p class='ocr_par' dir='ltr' id='par_1_42' title="bbox 94 1212 850 1249">
     <span class='ocr_line' id='line_1_42' title="bbox 94 1212 850 1249; baseline 0.005 -11"><span class='ocrx_word' id='word_1_329' title='bbox 94 1212 122 1238; x_wconf 88' lang='lat'><strong>6.</strong></span> <span class='ocrx_word' id='word_1_330' title='bbox 139 1212 194 1238; x_wconf 87' lang='lat' dir='ltr'><strong>Sed</strong></span> <span class='ocrx_word' id='word_1_331' title='bbox 215 1217 241 1239; x_wconf 84' lang='lat' dir='ltr'><strong>et</strong></span> <span class='ocrx_word' id='word_1_332' title='bbox 258 1213 445 1248; x_wconf 84' lang='lat' dir='ltr'><strong>unusquisque</strong></span> <span class='ocrx_word' id='word_1_333' title='bbox 475 1218 598 1241; x_wconf 89' lang='lat' dir='ltr'><strong>nostrutn</strong></span> <span class='ocrx_word' id='word_1_334' title='bbox 626 1215 720 1241; x_wconf 87' lang='lat' dir='ltr'><strong>eodem</strong></span> <span class='ocrx_word' id='word_1_335' title='bbox 745 1215 850 1249; x_wconf 92' lang='lat' dir='ltr'><strong>ordine,</strong></span> 
     </span>
    </p>
   </div>
   <div class='ocr_carea' id='block_1_43' title="bbox 60 1258 852 1297">
    <p class='ocr_par' dir='ltr' id='par_1_43' title="bbox 60 1258 852 1297">
     <span class='ocr_line' id='line_1_43' title="bbox 60 1258 852 1297; baseline 0.005 -13"><span class='ocrx_word' id='word_1_336' title='bbox 60 1262 144 1291; x_wconf 80' lang='lat' dir='ltr'><strong>atque</strong></span> <span class='ocrx_word' id='word_1_337' title='bbox 161 1258 259 1285; x_wconf 87' lang='lat' dir='ltr'><strong>eadem</strong></span> <span class='ocrx_word' id='word_1_338' title='bbox 276 1259 332 1292; x_wconf 89' lang='lat' dir='ltr'><strong>via,</strong></span> <span class='ocrx_word' id='word_1_339' title='bbox 351 1258 496 1294; x_wconf 65' lang='lat' dir='ltr'><strong>Egyptum</strong></span> <span class='ocrx_word' id='word_1_340' title='bbox 512 1264 538 1287; x_wconf 89' lang='lat' dir='ltr'><strong>et</strong></span> <span class='ocrx_word' id='word_1_341' title='bbox 552 1267 652 1295; x_wconf 79' lang='lat' dir='ltr'><strong>agones</strong></span> <span class='ocrx_word' id='word_1_342' title='bbox 672 1261 749 1296; x_wconf 71' lang='lat'><strong>102</strong></span> <span class='ocrx_word' id='word_1_343' title='bbox 763 1262 852 1297; x_wconf 82' lang='lat' dir='ltr'><strong>ingrc-</strong></span> 
     </span>
    </p>
   </div>
   <div class='ocr_carea' id='block_1_44' title="bbox 60 1303 850 1340">
    <p class='ocr_par' dir='ltr' id='par_1_44' title="bbox 60 1303 850 1340">
     <span class='ocr_line' id='line_1_44' title="bbox 60 1303 850 1340; baseline 0.006 -10"><span class='ocrx_word' id='word_1_344' title='bbox 60 1303 149 1335; x_wconf 90' lang='lat' dir='ltr'><strong>ditur,</strong></span> <span class='ocrx_word' id='word_1_345' title='bbox 163 1308 190 1329; x_wconf 89' lang='lat' dir='ltr'><strong>et</strong></span> <span class='ocrx_word' id='word_1_346' title='bbox 208 1304 230 1330; x_wconf 91' lang='lat' dir='ltr'><strong>si</strong></span> <span class='ocrx_word' id='word_1_347' title='bbox 255 1309 392 1330; x_wconf 89' lang='lat' dir='ltr'><strong>mereatur</strong></span> <span class='ocrx_word' id='word_1_348' title='bbox 408 1310 437 1331; x_wconf 89' lang='lat' dir='ltr'><strong>ut</strong></span> <span class='ocrx_word' id='word_1_349' title='bbox 453 1305 523 1332; x_wconf 88' lang='lat' dir='ltr'><strong>Deus</strong></span> <span class='ocrx_word' id='word_1_350' title='bbox 541 1313 648 1340; x_wconf 87' lang='lat' dir='ltr'><strong>semper</strong></span> <span class='ocrx_word' id='word_1_351' title='bbox 663 1312 772 1334; x_wconf 82' lang='lat' dir='ltr'><strong>maneat</strong></span> <span class='ocrx_word' id='word_1_352' title='bbox 788 1315 850 1335; x_wconf 92' lang='lat' dir='ltr'><strong>cum</strong></span> 
     </span>
    </p>
   </div>
   <div class='ocr_carea' id='block_1_45' title="bbox 60 1350 850 1388">
    <p class='ocr_par' dir='ltr' id='par_1_45' title="bbox 60 1350 850 1388">
     <span class='ocr_line' id='line_1_45' title="bbox 60 1350 850 1388; baseline 0.005 -11"><span class='ocrx_word' id='word_1_353' title='bbox 60 1357 101 1382; x_wconf 86' lang='lat' dir='ltr'><strong>eo,</strong></span> <span class='ocrx_word' id='word_1_354' title='bbox 132 1350 216 1377; x_wconf 79' lang='lat' dir='ltr'><strong>faciet.</strong></span> <span class='ocrx_word' id='word_1_355' title='bbox 232 1358 292 1376; x_wconf 93' lang='lat' dir='ltr'><strong>ctnn</strong></span> <span class='ocrx_word' id='word_1_356' title='bbox 315 1351 342 1377; x_wconf 89' lang='lat' dir='ltr'><strong>in</strong></span> <span class='ocrx_word' id='word_1_357' title='bbox 369 1355 476 1385; x_wconf 88' lang='lat' dir='ltr'><strong>gentem</strong></span> <span class='ocrx_word' id='word_1_358' title='bbox 504 1359 643 1386; x_wconf 81' lang='lat' dir='ltr'><strong>magnam.</strong></span> <span class='ocrx_word' id='word_1_359' title='bbox 668 1353 764 1388; x_wconf 80' lang='lat' dir='ltr'><strong>Magna</strong></span> <span class='ocrx_word' id='word_1_360' title='bbox 778 1355 850 1381; x_wconf 89' lang='lat' dir='ltr'><strong>enim</strong></span> 
     </span>
    </p>
   </div>
   <div class='ocr_carea' id='block_1_46' title="bbox 59 1396 851 1432">
    <p class='ocr_par' dir='ltr' id='par_1_46' title="bbox 59 1396 851 1432">
     <span class='ocr_line' id='line_1_46' title="bbox 59 1396 851 1432; baseline 0.005 -10"><span class='ocrx_word' id='word_1_361' title='bbox 59 1403 127 1430; x_wconf 70' lang='lat' dir='ltr'><strong>gens</strong></span> <span class='ocrx_word' id='word_1_362' title='bbox 143 1401 188 1422; x_wconf 65' lang='lat' dir='ltr'><strong>e~t</strong></span> <span class='ocrx_word' id='word_1_363' title='bbox 206 1396 334 1423; x_wconf 89' lang='lat' dir='ltr'><strong>virtutum</strong></span> <span class='ocrx_word' id='word_1_364' title='bbox 351 1404 479 1424; x_wconf 90' lang='lat' dir='ltr'><strong>ntnnerus</strong></span> <span class='ocrx_word' id='word_1_365' title='bbox 493 1397 642 1431; x_wconf 74' lang='lat' dir='ltr'><strong>etjustitize</strong></span> <span class='ocrx_word' id='word_1_366' title='bbox 656 1399 810 1432; x_wconf 87' lang='lat' dir='ltr'><strong>multitudo,</strong></span> <span class='ocrx_word' id='word_1_367' title='bbox 825 1401 851 1427; x_wconf 88' lang='lat' dir='ltr'><strong>in</strong></span> 
     </span>
    </p>
   </div>
   <div class='ocr_carea' id='block_1_47' title="bbox 60 1436 849 1476">
    <p class='ocr_par' dir='ltr' id='par_1_47' title="bbox 60 1436 849 1476">
     <span class='ocr_line' id='line_1_47' title="bbox 60 1436 849 1476; baseline 0.006 -8"><span class='ocrx_word' id='word_1_368' title='bbox 60 1436 112 1475; x_wconf 77' lang='lat' dir='ltr'><strong>qua</strong></span> <span class='ocrx_word' id='word_1_369' title='bbox 130 1439 219 1468; x_wconf 87' lang='lat' dir='ltr'><strong>sancti</strong></span> <span class='ocrx_word' id='word_1_370' title='bbox 235 1443 336 1476; x_wconf 85' lang='lat' dir='ltr'><strong>quique</strong></span> <span class='ocrx_word' id='word_1_371' title='bbox 351 1442 521 1476; x_wconf 75' lang='lat' dir='ltr'><strong>multiplicari</strong></span> <span class='ocrx_word' id='word_1_372' title='bbox 536 1443 662 1470; x_wconf 88' lang='lat' dir='ltr'><strong>tlicuutur</strong></span> <span class='ocrx_word' id='word_1_373' title='bbox 674 1449 701 1471; x_wconf 87' lang='lat' dir='ltr'><strong>et</strong></span> <span class='ocrx_word' id='word_1_374' title='bbox 715 1453 849 1473; x_wconf 88' lang='lat' dir='ltr'><strong>crescere.</strong></span> 
     </span>
    </p>
   </div>
   <div class='ocr_carea' id='block_1_48' title="bbox 59 1487 888 1532">
    <p class='ocr_par' dir='ltr' id='par_1_48' title="bbox 59 1487 888 1532">
     <span class='ocr_line' id='line_1_48' title="bbox 59 1487 888 1532; baseline 0.005 -17"><span class='ocrx_word' id='word_1_375' title='bbox 59 1488 220 1521; x_wconf 88' lang='lat' dir='ltr'><strong>Completur</strong></span> <span class='ocrx_word' id='word_1_376' title='bbox 234 1487 259 1513; x_wconf 94' lang='lat' dir='ltr'><strong>in</strong></span> <span class='ocrx_word' id='word_1_377' title='bbox 277 1496 309 1514; x_wconf 90' lang='lat' dir='ltr'><strong>eo</strong></span> <span class='ocrx_word' id='word_1_378' title='bbox 329 1488 410 1514; x_wconf 86' lang='lat' dir='ltr'><strong>etiam</strong></span> <span class='ocrx_word' id='word_1_379' title='bbox 429 1488 491 1514; x_wconf 90' lang='lat' dir='ltr'><strong>illud</strong></span> <span class='ocrx_word' id='word_1_380' title='bbox 507 1489 578 1523; x_wconf 89' lang='lat' dir='ltr'><strong>quod</strong></span> <span class='ocrx_word' id='word_1_381' title='bbox 595 1489 694 1517; x_wconf 92' lang='lat' dir='ltr'><strong>dictum</strong></span> <span class='ocrx_word' id='word_1_382' title='bbox 716 1496 767 1523; x_wconf 84' lang='lat' dir='ltr'><strong>cst,</strong></span> <span class='ocrx_word' id='word_1_383' title='bbox 787 1492 849 1526; x_wconf 84' lang='lat' dir='ltr'><strong>quia</strong></span> <span class='ocrx_word' id='word_1_384' title='bbox 865 1503 888 1532; x_wconf 69' lang='grc' dir='ltr'>ο</span> 
     </span>
    </p>
   </div>
   <div class='ocr_carea' id='block_1_49' title="bbox 60 1533 853 1570">
    <p class='ocr_par' dir='ltr' id='par_1_49' title="bbox 60 1533 853 1570">
     <span class='ocr_line' id='line_1_49' title="bbox 60 1533 853 1570; baseline 0.005 -10"><span class='ocrx_word' id='word_1_385' title='bbox 60 1533 187 1560; x_wconf 64' lang='lat' dir='ltr'><strong>revocabo</strong></span> <span class='ocrx_word' id='word_1_386' title='bbox 209 1537 231 1559; x_wconf 88' lang='lat' dir='ltr'><strong>te</strong></span> <span class='ocrx_word' id='word_1_387' title='bbox 246 1533 306 1560; x_wconf 84' lang='lat' dir='ltr'><strong>inde</strong></span> <span class='ocrx_word' id='word_1_388' title='bbox 320 1533 346 1559; x_wconf 86' lang='lat' dir='ltr'><strong>in</strong></span> <span class='ocrx_word' id='word_1_389' title='bbox 364 1534 453 1568; x_wconf 82' lang='lat' dir='ltr'><strong>ﬁnem.</strong></span> <span class='ocrx_word' id='word_1_390' title='bbox 472 1534 545 1561; x_wconf 84' lang='lat' dir='ltr'><strong>Finis</strong></span> <span class='ocrx_word' id='word_1_391' title='bbox 573 1535 646 1562; x_wconf 87' lang='lat' dir='ltr'><strong>cnim</strong></span> <span class='ocrx_word' id='word_1_392' title='bbox 665 1536 796 1570; x_wconf 82' lang='lat' dir='ltr'><strong>perfectio</strong></span> <span class='ocrx_word' id='word_1_393' title='bbox 811 1545 853 1565; x_wconf 90' lang='lat' dir='ltr'><strong>re-</strong></span> 
     </span>
    </p>
   </div>
   <div class='ocr_carea' id='block_1_50' title="bbox 60 1580 853 1616">
    <p class='ocr_par' dir='ltr' id='par_1_50' title="bbox 60 1580 853 1616">
     <span class='ocr_line' id='line_1_50' title="bbox 60 1580 853 1616; baseline 0.004 -9"><span class='ocrx_word' id='word_1_394' title='bbox 60 1588 119 1607; x_wconf 88' lang='lat' dir='ltr'><strong>rum</strong></span> <span class='ocrx_word' id='word_1_395' title='bbox 141 1585 168 1606; x_wconf 91' lang='lat' dir='ltr'><strong>et</strong></span> <span class='ocrx_word' id='word_1_396' title='bbox 185 1581 316 1606; x_wconf 85' lang='lat' dir='ltr'><strong>virtutum</strong></span> <span class='ocrx_word' id='word_1_397' title='bbox 334 1580 531 1607; x_wconf 84' lang='lat' dir='ltr'><strong>consummatio</strong></span> <span class='ocrx_word' id='word_1_398' title='bbox 544 1581 664 1616; x_wconf 84' lang='lat' dir='ltr'><strong>ponitur.</strong></span> <span class='ocrx_word' id='word_1_399' title='bbox 677 1580 853 1616; x_wconf 85' lang='lat' dir='ltr'><strong>Propterhoc</strong></span> 
     </span>
    </p>
   </div>
   <div class='ocr_carea' id='block_1_51' title="bbox 59 1625 853 1659">
    <p class='ocr_par' dir='ltr' id='par_1_51' title="bbox 59 1625 853 1659">
     <span class='ocr_line' id='line_1_51' title="bbox 59 1625 853 1659; baseline 0.005 -8"><span class='ocrx_word' id='word_1_400' title='bbox 59 1626 178 1658; x_wconf 88' lang='lat' dir='ltr'><strong>denique</strong></span> <span class='ocrx_word' id='word_1_401' title='bbox 195 1629 222 1651; x_wconf 85' lang='lat' dir='ltr'><strong>et</strong></span> <span class='ocrx_word' id='word_1_402' title='bbox 238 1625 308 1651; x_wconf 82' lang='lat' dir='ltr'><strong>alius</strong></span> <span class='ocrx_word' id='word_1_403' title='bbox 321 1625 432 1659; x_wconf 91' lang='lat' dir='ltr'><strong>quidam</strong></span> <span class='ocrx_word' id='word_1_404' title='bbox 450 1629 605 1651; x_wconf 74' lang='lat' dir='ltr'><strong>sanctorum</strong></span> <span class='ocrx_word' id='word_1_405' title='bbox 626 1625 734 1654; x_wconf 86' lang='lat' dir='ltr'><strong>diccbat</strong></span> <span class='ocrx_word' id='word_1_406' title='bbox 750 1627 772 1642; x_wconf 73' lang='grc'><strong>⁷⁸</strong></span> <span class='ocrx_word' id='word_1_407' title='bbox 786 1636 792 1653; x_wconf 87' lang='lat'><strong>:</strong></span> <span class='ocrx_word' id='word_1_408' title='bbox 811 1627 853 1655; x_wconf 84' lang='lat' dir='ltr'><strong>Ne</strong></span> 
     </span>
    </p>
   </div>
   <div class='ocr_carea' id='block_1_52' title="bbox 62 1670 851 1701">
    <p class='ocr_par' dir='ltr' id='par_1_52' title="bbox 62 1670 851 1701">
     <span class='ocr_line' id='line_1_52' title="bbox 62 1670 851 1701; baseline 0.005 -4"><span class='ocrx_word' id='word_1_409' title='bbox 62 1679 162 1698; x_wconf 72' lang='lat' dir='ltr'><strong>more:</strong></span> <span class='ocrx_word' id='word_1_410' title='bbox 177 1679 217 1696; x_wconf 79' lang='lat' dir='ltr'><strong>me</strong></span> <span class='ocrx_word' id='word_1_411' title='bbox 244 1671 270 1697; x_wconf 88' lang='lat' dir='ltr'><strong>in</strong></span> <span class='ocrx_word' id='word_1_412' title='bbox 285 1670 394 1696; x_wconf 86' lang='lat' dir='ltr'><strong>dimidio</strong></span> <span class='ocrx_word' id='word_1_413' title='bbox 420 1670 522 1696; x_wconf 82' lang='lat' dir='ltr'><strong>dierum</strong></span> <span class='ocrx_word' id='word_1_414' title='bbox 542 1679 669 1698; x_wconf 84' lang='lat' dir='ltr'><strong>meorum.</strong></span> <span class='ocrx_word' id='word_1_415' title='bbox 698 1672 729 1698; x_wconf 87' lang='lat' dir='ltr'><strong>Et</strong></span> <span class='ocrx_word' id='word_1_416' title='bbox 753 1673 851 1701; x_wconf 87' lang='lat' dir='ltr'><strong>iterum</strong></span> 
     </span>
    </p>
   </div>
   <div class='ocr_carea' id='block_1_53' title="bbox 59 1715 851 1755">
    <p class='ocr_par' dir='ltr' id='par_1_53' title="bbox 59 1715 851 1755">
     <span class='ocr_line' id='line_1_53' title="bbox 59 1715 851 1755; baseline 0.006 -14"><span class='ocrx_word' id='word_1_417' title='bbox 59 1724 159 1747; x_wconf 74' lang='lat' dir='ltr'><strong>magno</strong></span> <span class='ocrx_word' id='word_1_418' title='bbox 171 1715 332 1750; x_wconf 74' lang='lat' dir='ltr'><strong>patriarcth</strong></span> <span class='ocrx_word' id='word_1_419' title='bbox 355 1716 490 1755; x_wconf 79' lang='lat' dir='ltr'><strong>Abraham</strong></span> <span class='ocrx_word' id='word_1_420' title='bbox 507 1716 646 1751; x_wconf 83' lang='lat' dir='ltr'><strong>Scriptura</strong></span> <span class='ocrx_word' id='word_1_421' title='bbox 667 1718 851 1746; x_wconf 88' lang='lat' dir='ltr'><strong>testimonium</strong></span> 
     </span>
    </p>
   </div>
   <div class='ocr_carea' id='block_1_54' title="bbox 60 1761 852 1799">
    <p class='ocr_par' dir='ltr' id='par_1_54' title="bbox 60 1761 852 1799">
     <span class='ocr_line' id='line_1_54' title="bbox 60 1761 852 1799; baseline 0.008 -13"><span class='ocrx_word' id='word_1_422' title='bbox 60 1762 184 1795; x_wconf 78' lang='lat' dir='ltr'><strong>perhibet</strong></span> <span class='ocrx_word' id='word_1_423' title='bbox 201 1761 233 1791; x_wconf 83' lang='grc'><strong>⁷⁵,</strong></span> <span class='ocrx_word' id='word_1_424' title='bbox 250 1762 376 1796; x_wconf 86' lang='lat' dir='ltr'><strong>quoniam</strong></span> <span class='ocrx_word' id='word_1_425' title='bbox 391 1761 535 1789; x_wconf 74' lang='lat' dir='ltr'><strong>defunctus</strong></span> <span class='ocrx_word' id='word_1_426' title='bbox 548 1768 590 1789; x_wconf 87' lang='lat' dir='ltr'><strong>est</strong></span> <span class='ocrx_word' id='word_1_427' title='bbox 602 1762 738 1790; x_wconf 76' lang='lat' dir='ltr'><strong>Abraham</strong></span> <span class='ocrx_word' id='word_1_428' title='bbox 758 1765 852 1799; x_wconf 84' lang='lat' dir='ltr'><strong>plenus</strong></span> 
     </span>
    </p>
   </div>
   <div class='ocr_carea' id='block_1_55' title="bbox 59 1805 851 1843">
    <p class='ocr_par' dir='ltr' id='par_1_55' title="bbox 59 1805 851 1843">
     <span class='ocr_line' id='line_1_55' title="bbox 59 1805 851 1843; baseline 0.006 -12"><span class='ocrx_word' id='word_1_429' title='bbox 59 1808 178 1832; x_wconf 77' lang='lat' dir='ltr'><strong>dierum.</strong></span> <span class='ocrx_word' id='word_1_430' title='bbox 198 1805 254 1832; x_wconf 86' lang='lat' dir='ltr'><strong>Hoc</strong></span> <span class='ocrx_word' id='word_1_431' title='bbox 269 1811 310 1832; x_wconf 88' lang='lat' dir='ltr'><strong>est</strong></span> <span class='ocrx_word' id='word_1_432' title='bbox 325 1813 391 1840; x_wconf 77' lang='lat' dir='ltr'><strong>ergo</strong></span> <span class='ocrx_word' id='word_1_433' title='bbox 404 1806 426 1822; x_wconf 81' lang='grc'><strong>⁷⁸</strong></span> <span class='ocrx_word' id='word_1_434' title='bbox 439 1815 445 1833; x_wconf 88' lang='lat'>:</span> <span class='ocrx_word' id='word_1_435' title='bbox 457 1805 592 1834; x_wconf 78' lang='lat' dir='ltr'><strong>Revocabo</strong></span> <span class='ocrx_word' id='word_1_436' title='bbox 608 1813 632 1834; x_wconf 84' lang='lat' dir='ltr'><strong>te</strong></span> <span class='ocrx_word' id='word_1_437' title='bbox 646 1808 706 1835; x_wconf 80' lang='lat' dir='ltr'><strong>inde</strong></span> <span class='ocrx_word' id='word_1_438' title='bbox 717 1809 744 1835; x_wconf 84' lang='lat' dir='ltr'><strong>in</strong></span> <span class='ocrx_word' id='word_1_439' title='bbox 759 1809 851 1843; x_wconf 81' lang='lat' dir='ltr'><strong>ﬁnem;</strong></span> 
     </span>
    </p>
   </div>
   <div class='ocr_carea' id='block_1_56' title="bbox 59 1851 851 1888">
    <p class='ocr_par' dir='ltr' id='par_1_56' title="bbox 59 1851 851 1888">
     <span class='ocr_line' id='line_1_56' title="bbox 59 1851 851 1888; baseline 0.006 -12"><span class='ocrx_word' id='word_1_440' title='bbox 59 1852 163 1878; x_wconf 82' lang='lat' dir='ltr'><strong>velutsi</strong></span> <span class='ocrx_word' id='word_1_441' title='bbox 177 1852 297 1878; x_wconf 78' lang='lat' dir='ltr'><strong>diceret:</strong></span> <span class='ocrx_word' id='word_1_442' title='bbox 309 1851 440 1884; x_wconf 89' lang='lat' dir='ltr'><strong>Quoniam</strong></span> <span class='ocrx_word' id='word_1_443' title='bbox 454 1857 591 1880; x_wconf 87' lang='lat' dir='ltr'><strong>certamen</strong></span> <span class='ocrx_word' id='word_1_444' title='bbox 608 1852 708 1880; x_wconf 89' lang='lat' dir='ltr'><strong>bonum</strong></span> <span class='ocrx_word' id='word_1_445' title='bbox 723 1856 851 1888; x_wconf 85' lang='lat' dir='ltr'><strong>certasti,</strong></span> 
     </span>
    </p>
   </div>
   <div class='ocr_carea' id='block_1_57' title="bbox 61 1896 851 1932">
    <p class='ocr_par' dir='ltr' id='par_1_57' title="bbox 61 1896 851 1932">
     <span class='ocr_line' id='line_1_57' title="bbox 61 1896 851 1932; baseline 0.008 -11"><span class='ocrx_word' id='word_1_446' title='bbox 61 1897 142 1923; x_wconf 80' lang='lat' dir='ltr'><strong>ﬁdem</strong></span> <span class='ocrx_word' id='word_1_447' title='bbox 161 1896 289 1929; x_wconf 78' lang='lat' dir='ltr'><strong>servasti,</strong></span> <span class='ocrx_word' id='word_1_448' title='bbox 308 1904 417 1932; x_wconf 82' lang='lat' dir='ltr'><strong>cursum</strong></span> <span class='ocrx_word' id='word_1_449' title='bbox 433 1899 628 1925; x_wconf 87' lang='lat' dir='ltr'><strong>consummasti</strong></span> <span class='ocrx_word' id='word_1_450' title='bbox 642 1919 649 1930; x_wconf 95' lang='lat'><strong>,</strong></span> <span class='ocrx_word' id='word_1_451' title='bbox 675 1901 810 1927; x_wconf 78' lang='lat' dir='ltr'><strong>revocabo</strong></span> <span class='ocrx_word' id='word_1_452' title='bbox 826 1905 851 1927; x_wconf 89' lang='lat' dir='ltr'><strong>te</strong></span> 
     </span>
    </p>
   </div>
   <div class='ocr_carea' id='block_1_58' title="bbox 56 1942 850 1978">
    <p class='ocr_par' dir='ltr' id='par_1_58' title="bbox 56 1942 850 1978">
     <span class='ocr_line' id='line_1_58' title="bbox 56 1942 850 1978; baseline 0.006 -10"><span class='ocrx_word' id='word_1_453' title='bbox 56 1942 110 1977; x_wconf 79' lang='lat' dir='ltr'><strong>jam</strong></span> <span class='ocrx_word' id='word_1_454' title='bbox 137 1942 170 1969; x_wconf 82' lang='lat' dir='ltr'><strong>de</strong></span> <span class='ocrx_word' id='word_1_455' title='bbox 189 1942 240 1969; x_wconf 92' lang='lat' dir='ltr'><strong>hoc</strong></span> <span class='ocrx_word' id='word_1_456' title='bbox 263 1943 380 1972; x_wconf 88' lang='lat' dir='ltr'><strong>mundo.</strong></span> <span class='ocrx_word' id='word_1_457' title='bbox 397 1942 430 1970; x_wconf 88' lang='lat' dir='ltr'><strong>ad</strong></span> <span class='ocrx_word' id='word_1_458' title='bbox 455 1943 652 1971; x_wconf 85' lang='lat' dir='ltr'><strong>beatitudinem</strong></span> <span class='ocrx_word' id='word_1_459' title='bbox 668 1943 800 1978; x_wconf 75' lang='lat' dir='ltr'><strong>futuram,</strong></span> <span class='ocrx_word' id='word_1_460' title='bbox 817 1946 850 1974; x_wconf 91' lang='lat' dir='ltr'><strong>ad</strong></span> 
     </span>
    </p>
   </div>
   <div class='ocr_carea' id='block_1_59' title="bbox 58 1987 850 2024">
    <p class='ocr_par' dir='ltr' id='par_1_59' title="bbox 58 1987 850 2024">
     <span class='ocr_line' id='line_1_59' title="bbox 58 1987 850 2024; baseline 0.005 -10"><span class='ocrx_word' id='word_1_461' title='bbox 58 1987 256 2021; x_wconf 75' lang='lat' dir='ltr'><strong>perfectionem</strong></span> <span class='ocrx_word' id='word_1_462' title='bbox 280 1987 343 2013; x_wconf 73' lang='lat' dir='ltr'><strong>vine</strong></span> <span class='ocrx_word' id='word_1_463' title='bbox 368 1991 495 2020; x_wconf 60' lang='lat' dir='ltr'><strong>aeternas,</strong></span> <span class='ocrx_word' id='word_1_464' title='bbox 521 1988 553 2014; x_wconf 91' lang='lat' dir='ltr'><strong>ad</strong></span> <span class='ocrx_word' id='word_1_465' title='bbox 567 1989 679 2024; x_wconf 74' lang='lat' dir='ltr'><strong>justitiae</strong></span> <span class='ocrx_word' id='word_1_466' title='bbox 701 1997 850 2024; x_wconf 87' lang='lat' dir='ltr'><strong>coronam,</strong></span> 
     </span>
    </p>
   </div>
   <div class='ocr_carea' id='block_1_60' title="bbox 58 2032 852 2067">
    <p class='ocr_par' dir='ltr' id='par_1_60' title="bbox 58 2032 852 2067">
     <span class='ocr_line' id='line_1_60' title="bbox 58 2032 852 2067; baseline 0.008 -9"><span class='ocrx_word' id='word_1_467' title='bbox 58 2041 138 2067; x_wconf 82' lang='lat' dir='ltr'><strong>quam</strong></span> <span class='ocrx_word' id='word_1_468' title='bbox 152 2033 248 2059; x_wconf 83' lang='lat' dir='ltr'><strong>reddet</strong></span> <span class='ocrx_word' id='word_1_469' title='bbox 264 2032 392 2060; x_wconf 89' lang='lat' dir='ltr'><strong>Dominus</strong></span> <span class='ocrx_word' id='word_1_470' title='bbox 406 2033 432 2060; x_wconf 91' lang='lat' dir='ltr'><strong>in</strong></span> <span class='ocrx_word' id='word_1_471' title='bbox 446 2033 525 2060; x_wconf 79' lang='lat' dir='ltr'><strong>linem</strong></span> <span class='ocrx_word' id='word_1_472' title='bbox 541 2035 701 2062; x_wconf 62' lang='lat' dir='ltr'><strong>surculorum</strong></span> <span class='ocrx_word' id='word_1_473' title='bbox 724 2037 852 2064; x_wconf 88' lang='lat' dir='ltr'><strong>omnibus</strong></span> 
     </span>
    </p>
   </div>
   <div class='ocr_carea' id='block_1_61' title="bbox 58 2078 321 2113">
    <p class='ocr_par' dir='ltr' id='par_1_61' title="bbox 58 2078 321 2113">
     <span class='ocr_line' id='line_1_61' title="bbox 58 2078 321 2113; baseline -0.008 -7"><span class='ocrx_word' id='word_1_474' title='bbox 58 2080 102 2113; x_wconf 93' lang='lat' dir='ltr'><strong>qui</strong></span> <span class='ocrx_word' id='word_1_475' title='bbox 119 2078 236 2113; x_wconf 76' lang='lat' dir='ltr'><strong>diligunt</strong></span> <span class='ocrx_word' id='word_1_476' title='bbox 249 2086 321 2105; x_wconf 87' lang='lat' dir='ltr'><strong>eum.</strong></span> 
     </span>
    </p>
   </div>
   <div class='ocr_carea' id='block_1_62' title="bbox 92 2135 848 2168">
    <p class='ocr_par' dir='ltr' id='par_1_62' title="bbox 92 2135 848 2168">
     <span class='ocr_line' id='line_1_62' title="bbox 92 2135 848 2168; baseline 0 -5"><span class='ocrx_word' id='word_1_477' title='bbox 92 2137 119 2163; x_wconf 87' lang='lat'><strong>7.</strong></span> <span class='ocrx_word' id='word_1_478' title='bbox 135 2135 285 2162; x_wconf 78' lang='lat' dir='ltr'><strong>Videamus</strong></span> <span class='ocrx_word' id='word_1_479' title='bbox 300 2139 390 2163; x_wconf 92' lang='lat' dir='ltr'><strong>autem</strong></span> <span class='ocrx_word' id='word_1_480' title='bbox 406 2135 470 2168; x_wconf 91' lang='lat' dir='ltr'><strong>qttid</strong></span> <span class='ocrx_word' id='word_1_481' title='bbox 488 2140 570 2162; x_wconf 85' lang='lat' dir='ltr'><strong>etlam</strong></span> <span class='ocrx_word' id='word_1_482' title='bbox 591 2136 655 2164; x_wconf 85' lang='lat' dir='ltr'><strong>inde</strong></span> <span class='ocrx_word' id='word_1_483' title='bbox 675 2137 848 2164; x_wconf 83' lang='lat' dir='ltr'><strong>sentiendum</strong></span> 
     </span>
    </p>
   </div>
   <div class='ocr_carea' id='block_1_63' title="bbox 58 2180 850 2216">
    <p class='ocr_par' dir='ltr' id='par_1_63' title="bbox 58 2180 850 2216">
     <span class='ocr_line' id='line_1_63' title="bbox 58 2180 850 2216; baseline -0.001 -7"><span class='ocrx_word' id='word_1_484' title='bbox 58 2182 176 2216; x_wconf 75' lang='lat' dir='ltr'><strong>sitquod</strong></span> <span class='ocrx_word' id='word_1_485' title='bbox 194 2181 262 2208; x_wconf 88' lang='lat' dir='ltr'><strong>dicit</strong></span> <span class='ocrx_word' id='word_1_486' title='bbox 276 2180 316 2207; x_wconf 85' lang='lat'><strong>&quot;:</strong></span> <span class='ocrx_word' id='word_1_487' title='bbox 334 2180 369 2207; x_wconf 77' lang='lat' dir='ltr'><strong>Et</strong></span> <span class='ocrx_word' id='word_1_488' title='bbox 380 2180 478 2215; x_wconf 78' lang='lat' dir='ltr'><strong>Jouplt</strong></span> <span class='ocrx_word' id='word_1_489' title='bbox 496 2186 572 2215; x_wconf 84' lang='lat' dir='ltr'><strong>ponet</strong></span> <span class='ocrx_word' id='word_1_490' title='bbox 587 2189 680 2208; x_wconf 83' lang='lat' dir='ltr'><strong>manus</strong></span> <span class='ocrx_word' id='word_1_491' title='bbox 695 2190 756 2208; x_wconf 65' lang='lat' dir='ltr'><strong>sua:</strong></span> <span class='ocrx_word' id='word_1_492' title='bbox 771 2191 850 2216; x_wconf 69' lang='lat' dir='ltr'><strong>super</strong></span> 
     </span>
    </p>
   </div>
   <div class='ocr_carea' id='block_1_64' title="bbox 59 2226 848 2261">
    <p class='ocr_par' dir='ltr' id='par_1_64' title="bbox 59 2226 848 2261">
     <span class='ocr_line' id='line_1_64' title="bbox 59 2226 848 2261; baseline 0.001 -6"><span class='ocrx_word' id='word_1_493' title='bbox 59 2230 147 2255; x_wconf 71' lang='lat' dir='ltr'><strong>oculos</strong></span> <span class='ocrx_word' id='word_1_494' title='bbox 172 2233 245 2254; x_wconf 69' lang='lat' dir='ltr'><strong>tuos.</strong></span> <span class='ocrx_word' id='word_1_495' title='bbox 273 2226 356 2254; x_wconf 79' lang='lat' dir='ltr'><strong>Multa</strong></span> <span class='ocrx_word' id='word_1_496' title='bbox 372 2227 481 2261; x_wconf 90' lang='lat' dir='ltr'><strong>quidem</strong></span> <span class='ocrx_word' id='word_1_497' title='bbox 513 2226 584 2253; x_wconf 91' lang='lat' dir='ltr'><strong>intra</strong></span> <span class='ocrx_word' id='word_1_498' title='bbox 613 2227 692 2261; x_wconf 85' lang='lat' dir='ltr'><strong>hujus</strong></span> <span class='ocrx_word' id='word_1_499' title='bbox 711 2229 848 2256; x_wconf 87' lang='lat' dir='ltr'><strong>sermonis</strong></span> 
     </span>
    </p>
   </div>
   <div class='ocr_carea' id='block_1_65' title="bbox 60 2272 846 2307">
    <p class='ocr_par' dir='ltr' id='par_1_65' title="bbox 60 2272 846 2307">
     <span class='ocr_line' id='line_1_65' title="bbox 60 2272 846 2307; baseline 0.001 -8"><span class='ocrx_word' id='word_1_500' title='bbox 60 2274 182 2301; x_wconf 82' lang='lat' dir='ltr'><strong>velamen</strong></span> <span class='ocrx_word' id='word_1_501' title='bbox 199 2280 308 2301; x_wconf 68' lang='lat' dir='ltr'><strong>arcana:</strong></span> <span class='ocrx_word' id='word_1_502' title='bbox 329 2272 513 2307; x_wconf 73' lang='lat' dir='ltr'><strong>intelligentia:</strong></span> <span class='ocrx_word' id='word_1_503' title='bbox 529 2272 635 2306; x_wconf 75' lang='lat' dir='ltr'><strong>contegi</strong></span> <span class='ocrx_word' id='word_1_504' title='bbox 657 2273 777 2300; x_wconf 86' lang='lat' dir='ltr'><strong>arbitror</strong></span> <span class='ocrx_word' id='word_1_505' title='bbox 801 2282 846 2300; x_wconf 90' lang='lat' dir='ltr'><strong>sa-</strong></span> 
     </span>
    </p>
   </div>
   <div class='ocr_carea' id='block_1_66' title="bbox 60 2317 847 2352">
    <p class='ocr_par' dir='ltr' id='par_1_66' title="bbox 60 2317 847 2352">
     <span class='ocr_line' id='line_1_66' title="bbox 60 2317 847 2352; baseline -0.001 -6"><span class='ocrx_word' id='word_1_506' title='bbox 60 2324 209 2351; x_wconf 81' lang='lat' dir='ltr'><strong>cramenta,</strong></span> <span class='ocrx_word' id='word_1_507' title='bbox 228 2326 288 2352; x_wconf 72' lang='lat' dir='ltr'><strong>qute</strong></span> <span class='ocrx_word' id='word_1_508' title='bbox 302 2318 459 2352; x_wconf 81' lang='lat' dir='ltr'><strong>contingere</strong></span> <span class='ocrx_word' id='word_1_509' title='bbox 472 2322 499 2344; x_wconf 87' lang='lat' dir='ltr'><strong>et</strong></span> <span class='ocrx_word' id='word_1_510' title='bbox 514 2317 622 2352; x_wconf 87' lang='lat' dir='ltr'><strong>pulsare</strong></span> <span class='ocrx_word' id='word_1_511' title='bbox 637 2317 751 2345; x_wconf 87' lang='lat' dir='ltr'><strong>alterius</strong></span> <span class='ocrx_word' id='word_1_512' title='bbox 780 2323 847 2345; x_wconf 88' lang='lat' dir='ltr'><strong>tetu-</strong></span> 
     </span>
    </p>
   </div>
   <div class='ocr_carea' id='block_1_67' title="bbox 63 2362 849 2399">
    <p class='ocr_par' dir='ltr' id='par_1_67' title="bbox 63 2362 849 2399">
     <span class='ocr_line' id='line_1_67' title="bbox 63 2362 849 2399; baseline -0.001 -7"><span class='ocrx_word' id='word_1_513' title='bbox 63 2366 134 2399; x_wconf 81' lang='lat' dir='ltr'><strong>poris</strong></span> <span class='ocrx_word' id='word_1_514' title='bbox 147 2369 200 2392; x_wconf 86' lang='lat' dir='ltr'><strong>est.</strong></span> <span class='ocrx_word' id='word_1_515' title='bbox 218 2363 296 2390; x_wconf 87' lang='lat' dir='ltr'><strong>Nunc</strong></span> <span class='ocrx_word' id='word_1_516' title='bbox 316 2363 424 2390; x_wconf 87' lang='lat' dir='ltr'><strong>interim</strong></span> <span class='ocrx_word' id='word_1_517' title='bbox 444 2370 497 2390; x_wconf 90' lang='lat' dir='ltr'><strong>non</strong></span> <span class='ocrx_word' id='word_1_518' title='bbox 517 2362 653 2390; x_wconf 83' lang='lat' dir='ltr'><strong>videbitur</strong></span> <span class='ocrx_word' id='word_1_519' title='bbox 680 2365 782 2398; x_wconf 89' lang='lat' dir='ltr'><strong>absque</strong></span> <span class='ocrx_word' id='word_1_520' title='bbox 806 2372 849 2391; x_wconf 91' lang='lat' dir='ltr'><strong>ra-</strong></span> 
     </span>
    </p>
   </div>
   <div class='ocr_carea' id='block_1_68' title="bbox 60 2409 850 2444">
    <p class='ocr_par' dir='ltr' id='par_1_68' title="bbox 60 2409 850 2444">
     <span class='ocr_line' id='line_1_68' title="bbox 60 2409 850 2444; baseline 0.001 -8"><span class='ocrx_word' id='word_1_521' title='bbox 60 2412 130 2438; x_wconf 89' lang='lat' dir='ltr'><strong>tione</strong></span> <span class='ocrx_word' id='word_1_522' title='bbox 143 2411 211 2441; x_wconf 83' lang='lat' dir='ltr'><strong>dici,</strong></span> <span class='ocrx_word' id='word_1_523' title='bbox 234 2410 306 2444; x_wconf 83' lang='lat' dir='ltr'><strong>quod</strong></span> <span class='ocrx_word' id='word_1_524' title='bbox 323 2414 351 2435; x_wconf 90' lang='lat' dir='ltr'><strong>et.</strong></span> <span class='ocrx_word' id='word_1_525' title='bbox 367 2409 503 2444; x_wconf 88' lang='lat' dir='ltr'><strong>prioribus</strong></span> <span class='ocrx_word' id='word_1_526' title='bbox 519 2409 621 2436; x_wconf 86' lang='lat' dir='ltr'><strong>nostris</strong></span> <span class='ocrx_word' id='word_1_527' title='bbox 637 2410 795 2443; x_wconf 91' lang='lat' dir='ltr'><strong>quibusdam</strong></span> <span class='ocrx_word' id='word_1_528' title='bbox 811 2411 850 2437; x_wconf 88' lang='lat' dir='ltr'><strong>vi-</strong></span> 
     </span>
    </p>
   </div>
   <div class='ocr_carea' id='block_1_69' title="bbox 61 2446 847 2491">
    <p class='ocr_par' dir='ltr' id='par_1_69' title="bbox 61 2446 847 2491">
     <span class='ocr_line' id='line_1_69' title="bbox 61 2446 847 2491; baseline 0 -9"><span class='ocrx_word' id='word_1_529' title='bbox 61 2464 114 2482; x_wconf 80' lang='lat' dir='ltr'><strong>sum</strong></span> <span class='ocrx_word' id='word_1_530' title='bbox 129 2461 184 2488; x_wconf 86' lang='lat' dir='ltr'><strong>est,</strong></span> <span class='ocrx_word' id='word_1_531' title='bbox 201 2455 372 2490; x_wconf 88' lang='lat' dir='ltr'><strong>prophetiam</strong></span> <span class='ocrx_word' id='word_1_532' title='bbox 393 2446 539 2488; x_wconf 83' lang='lat' dir='ltr'><strong>quamdam</strong></span> <span class='ocrx_word' id='word_1_533' title='bbox 566 2455 592 2482; x_wconf 91' lang='lat' dir='ltr'><strong>iu</strong></span> <span class='ocrx_word' id='word_1_534' title='bbox 610 2455 661 2482; x_wconf 89' lang='lat' dir='ltr'><strong>hoc</strong></span> <span class='ocrx_word' id='word_1_535' title='bbox 677 2455 847 2491; x_wconf 82' lang='lat' dir='ltr'><strong>designatam</strong></span> 
     </span>
    </p>
   </div>
   <div class='ocr_carea' id='block_1_70' title="bbox 62 2499 849 2535">
    <p class='ocr_par' dir='ltr' id='par_1_70' title="bbox 62 2499 849 2535">
     <span class='ocr_line' id='line_1_70' title="bbox 62 2499 849 2535; baseline 0.003 -9"><span class='ocrx_word' id='word_1_536' title='bbox 62 2503 161 2529; x_wconf 66' lang='lat' dir='ltr'><strong>videri:</strong></span> <span class='ocrx_word' id='word_1_537' title='bbox 182 2501 312 2535; x_wconf 87' lang='lat' dir='ltr'><strong>quoniam</strong></span> <span class='ocrx_word' id='word_1_538' title='bbox 339 2501 447 2535; x_wconf 80' lang='lat' dir='ltr'><strong>quidem</strong></span> <span class='ocrx_word' id='word_1_539' title='bbox 475 2501 507 2527; x_wconf 86' lang='lat' dir='ltr'><strong>de</strong></span> <span class='ocrx_word' id='word_1_540' title='bbox 527 2501 599 2528; x_wconf 88' lang='lat' dir='ltr'><strong>tribu</strong></span> <span class='ocrx_word' id='word_1_541' title='bbox 615 2499 717 2535; x_wconf 68' lang='lat' dir='ltr'><strong>Ioseph</strong></span> <span class='ocrx_word' id='word_1_542' title='bbox 737 2502 788 2528; x_wconf 85' lang='lat' dir='ltr'><strong>luit</strong></span> <span class='ocrx_word' id='word_1_543' title='bbox 803 2501 849 2528; x_wconf 85' lang='lat' dir='ltr'><strong>.le-</strong></span> 
     </span>
    </p>
   </div>
   <div class='ocr_carea' id='block_1_71' title="bbox 62 2545 848 2580">
    <p class='ocr_par' dir='ltr' id='par_1_71' title="bbox 62 2545 848 2580">
     <span class='ocr_line' id='line_1_71' title="bbox 62 2545 848 2580; baseline 0 -6"><span class='ocrx_word' id='word_1_544' title='bbox 62 2549 168 2575; x_wconf 85' lang='lat' dir='ltr'><strong>roboam</strong></span> <span class='ocrx_word' id='word_1_545' title='bbox 180 2547 214 2578; x_wconf 80' lang='lat'><strong>&quot;,</strong></span> <span class='ocrx_word' id='word_1_546' title='bbox 233 2546 279 2573; x_wconf 85' lang='lat' dir='ltr'><strong>ille</strong></span> <span class='ocrx_word' id='word_1_547' title='bbox 293 2547 337 2580; x_wconf 92' lang='lat' dir='ltr'><strong>qui</strong></span> <span class='ocrx_word' id='word_1_548' title='bbox 358 2545 423 2573; x_wconf 87' lang='lat' dir='ltr'><strong>lecit</strong></span> <span class='ocrx_word' id='word_1_549' title='bbox 437 2547 504 2573; x_wconf 87' lang='lat' dir='ltr'><strong>duas</strong></span> <span class='ocrx_word' id='word_1_550' title='bbox 521 2554 618 2574; x_wconf 87' lang='lat' dir='ltr'><strong>vaccas</strong></span> <span class='ocrx_word' id='word_1_551' title='bbox 638 2554 746 2579; x_wconf 76' lang='lat' dir='ltr'><strong>aureas,</strong></span> <span class='ocrx_word' id='word_1_552' title='bbox 766 2553 848 2574; x_wconf 78' lang='lat' dir='ltr'><strong>utse-</strong></span> 
     </span>
    </p>
   </div>
   <div class='ocr_carea' id='block_1_72' title="bbox 91 2627 763 2658">
    <p class='ocr_par' dir='ltr' id='par_1_72' title="bbox 91 2627 763 2658">
     <span class='ocr_line' id='line_1_72' title="bbox 91 2627 763 2658; baseline 0.001 -3"><span class='ocrx_word' id='word_1_553' title='bbox 91 2628 114 2644; x_wconf 82' lang='lat'><strong>&#39;°</strong></span> <span class='ocrx_word' id='word_1_554' title='bbox 128 2627 232 2655; x_wconf 82' lang='lat' dir='ltr'><strong>Genes.</strong></span> <span class='ocrx_word' id='word_1_555' title='bbox 253 2627 353 2658; x_wconf 72' lang='lat'><strong>&quot;1,15.</strong></span> <span class='ocrx_word' id='word_1_556' title='bbox 407 2628 428 2644; x_wconf 90' lang='lat'><strong>&#39;“</strong></span> <span class='ocrx_word' id='word_1_557' title='bbox 449 2628 513 2655; x_wconf 90' lang='lat' dir='ltr'><strong>ibid.</strong></span> <span class='ocrx_word' id='word_1_558' title='bbox 570 2629 592 2644; x_wconf 78' lang='grc'><strong>⁷³</strong></span> <span class='ocrx_word' id='word_1_559' title='bbox 610 2629 694 2656; x_wconf 80' lang='lat' dir='ltr'><strong>Exod.</strong></span> <span class='ocrx_word' id='word_1_560' title='bbox 710 2638 763 2656; x_wconf 73' lang='lat' dir='ltr'><strong>xiv.</strong></span> 
     </span>
    </p>
   </div>
   <div class='ocr_carea' id='block_1_73' title="bbox 59 2663 753 2698">
    <p class='ocr_par' dir='ltr' id='par_1_73' title="bbox 59 2663 753 2698">
     <span class='ocr_line' id='line_1_73' title="bbox 59 2663 753 2698; baseline 0.001 -8"><span class='ocrx_word' id='word_1_561' title='bbox 59 2663 80 2678; x_wconf 74' lang='grc' dir='ltr'><strong>τ’</strong></span> <span class='ocrx_word' id='word_1_562' title='bbox 93 2664 192 2690; x_wconf 70' lang='lat' dir='ltr'><strong>(lenes.</strong></span> <span class='ocrx_word' id='word_1_563' title='bbox 208 2670 284 2698; x_wconf 68' lang='lat' dir='ltr'><strong>nvi,</strong></span> <span class='ocrx_word' id='word_1_564' title='bbox 301 2663 352 2698; x_wconf 35' lang='grc' dir='ltr'><strong>μί.--</strong></span> <span class='ocrx_word' id='word_1_565' title='bbox 366 2663 404 2698; x_wconf 87' lang='lat'><strong>_&#39;”</strong></span> <span class='ocrx_word' id='word_1_566' title='bbox 419 2663 482 2698; x_wconf 79' lang='lat' dir='ltr'><strong>ibid.</strong></span> <span class='ocrx_word' id='word_1_567' title='bbox 502 2697 523 2698; x_wconf 31' lang='grc' dir='ltr'><em>η</em></span> <span class='ocrx_word' id='word_1_568' title='bbox 538 2663 603 2698; x_wconf 54' lang='lat' dir='ltr'><strong>&#39;“flll</strong></span> <span class='ocrx_word' id='word_1_569' title='bbox 623 2665 687 2698; x_wconf 55' lang='grc' dir='ltr'><strong>Ηυξ.</strong></span> <span class='ocrx_word' id='word_1_570' title='bbox 710 2673 753 2691; x_wconf 84' lang='lat' dir='ltr'><strong>xu.</strong></span> 
     </span>
    </p>
   </div>
   <div class='ocr_carea' id='block_1_74' title="bbox 60 2693 589 2730">
    <p class='ocr_par' dir='ltr' id='par_1_74' title="bbox 60 2693 589 2730">
     <span class='ocr_line' id='line_1_74' title="bbox 60 2693 589 2730; baseline -0.006 -5"><span class='ocrx_word' id='word_1_571' title='bbox 60 2699 79 2713; x_wconf 81' lang='grc'><strong>⁸¹</strong></span> <span class='ocrx_word' id='word_1_572' title='bbox 95 2699 180 2725; x_wconf 80' lang='lat' dir='ltr'><strong>Exod.</strong></span> <span class='ocrx_word' id='word_1_573' title='bbox 198 2706 246 2730; x_wconf 75' lang='lat' dir='ltr'><strong>xx,</strong></span> <span class='ocrx_word' id='word_1_574' title='bbox 258 2697 287 2724; x_wconf 71' lang='grc'><strong>2.</strong></span> <span class='ocrx_word' id='word_1_575' title='bbox 328 2693 352 2710; x_wconf 80' lang='grc'><strong>⁸³</strong></span> <span class='ocrx_word' id='word_1_576' title='bbox 366 2695 451 2724; x_wconf 78' lang='lat' dir='ltr'><strong>Exod.</strong></span> <span class='ocrx_word' id='word_1_577' title='bbox 465 2705 484 2727; x_wconf 81' lang='grc' dir='ltr'><strong>ι.</strong></span> <span class='ocrx_word' id='word_1_578' title='bbox 497 2697 589 2723; x_wconf 67' lang='lat'><strong>12-“.</strong></span> 
     </span>
    </p>
   </div>
   <div class='ocr_carea' id='block_1_75' title="bbox 92 2744 842 2780">
    <p class='ocr_par' dir='ltr' id='par_1_75' title="bbox 92 2744 842 2780">
     <span class='ocr_line' id='line_1_75' title="bbox 92 2744 842 2780; baseline 0.001 -8"><span class='ocrx_word' id='word_1_579' title='bbox 92 2746 127 2780; x_wconf 57' lang='grc' dir='ltr'><strong>ἐξ)</strong></span> <span class='ocrx_word' id='word_1_580' title='bbox 145 2745 191 2772; x_wconf 90' lang='lat' dir='ltr'><strong>Sic</strong></span> <span class='ocrx_word' id='word_1_581' title='bbox 215 2752 304 2776; x_wconf 86' lang='lat' dir='ltr'><strong>mss.;</strong></span> <span class='ocrx_word' id='word_1_582' title='bbox 326 2744 404 2776; x_wconf 81' lang='lat' dir='ltr'><strong>alias,</strong></span> <span class='ocrx_word' id='word_1_583' title='bbox 429 2745 530 2777; x_wconf 81' lang='lat' dir='ltr'><strong>aperuit</strong></span> <span class='ocrx_word' id='word_1_584' title='bbox 548 2745 674 2771; x_wconf 75' lang='lat' dir='ltr'><strong>Dominus</strong></span> <span class='ocrx_word' id='word_1_585' title='bbox 691 2745 842 2779; x_wconf 73' lang='lat' dir='ltr'><strong>St&#39;riplttral</strong></span> 
     </span>
    </p>
   </div>
   <div class='ocr_carea' id='block_1_76' title="bbox 62 2780 771 2814">
    <p class='ocr_par' dir='ltr' id='par_1_76' title="bbox 62 2780 771 2814">
     <span class='ocr_line' id='line_1_76' title="bbox 62 2780 771 2814; baseline 0 -8"><span class='ocrx_word' id='word_1_586' title='bbox 62 2780 198 2812; x_wconf 71' lang='grc' dir='ltr'><strong>ιγιίιὶιηιει,</strong></span> <span class='ocrx_word' id='word_1_587' title='bbox 226 2781 254 2806; x_wconf 83' lang='lat' dir='ltr'><strong>in</strong></span> <span class='ocrx_word' id='word_1_588' title='bbox 273 2781 327 2814; x_wconf 84' lang='lat' dir='ltr'><strong>lege</strong></span> <span class='ocrx_word' id='word_1_589' title='bbox 344 2780 411 2806; x_wconf 70' lang='lat' dir='ltr'><strong>visus</strong></span> <span class='ocrx_word' id='word_1_590' title='bbox 428 2785 452 2806; x_wconf 83' lang='lat' dir='ltr'><strong>et</strong></span> <span class='ocrx_word' id='word_1_591' title='bbox 474 2781 619 2806; x_wconf 80' lang='lat' dir='ltr'><strong>intellet&#39;ltts</strong></span> <span class='ocrx_word' id='word_1_592' title='bbox 638 2786 771 2814; x_wconf 80' lang='lat' dir='ltr'><strong>appareat.</strong></span> 
     </span>
    </p>
   </div>
   <div class='ocr_carea' id='block_1_77' title="bbox 91 2814 629 2850">
    <p class='ocr_par' dir='ltr' id='par_1_77' title="bbox 91 2814 629 2850">
     <span class='ocr_line' id='line_1_77' title="bbox 91 2814 629 2850; baseline 0.002 -8"><span class='ocrx_word' id='word_1_593' title='bbox 91 2815 128 2850; x_wconf 80' lang='lat'><strong>(&#39;5)</strong></span> <span class='ocrx_word' id='word_1_594' title='bbox 144 2816 232 2847; x_wconf 82' lang='lat' dir='ltr'><strong>Alias,</strong></span> <span class='ocrx_word' id='word_1_595' title='bbox 251 2815 294 2841; x_wconf 80' lang='lat' dir='ltr'><strong>cui</strong></span> <span class='ocrx_word' id='word_1_596' title='bbox 311 2814 395 2848; x_wconf 79' lang='lat' dir='ltr'><strong>gloria</strong></span> <span class='ocrx_word' id='word_1_597' title='bbox 412 2819 448 2842; x_wconf 77' lang='lat' dir='ltr'><strong>est</strong></span> <span class='ocrx_word' id='word_1_598' title='bbox 469 2819 494 2841; x_wconf 80' lang='lat' dir='ltr'><strong>cl</strong></span> <span class='ocrx_word' id='word_1_599' title='bbox 507 2820 629 2848; x_wconf 71' lang='lat' dir='ltr'><strong>potestas.</strong></span> 
     </span>
    </p>
   </div>
   <div class='ocr_carea' id='block_1_78' title="bbox 820 2629 1083 2662">
    <p class='ocr_par' dir='ltr' id='par_1_78' title="bbox 820 2629 1083 2662">
     <span class='ocr_line' id='line_1_78' title="bbox 820 2629 1083 2662; baseline 0.019 -9"><span class='ocrx_word' id='word_1_600' title='bbox 820 2629 843 2644; x_wconf 85' lang='grc'><strong>⁷³</strong></span> <span class='ocrx_word' id='word_1_601' title='bbox 859 2629 924 2656; x_wconf 87' lang='lat' dir='ltr'><strong>Luc.</strong></span> <span class='ocrx_word' id='word_1_602' title='bbox 945 2639 1023 2662; x_wconf 76' lang='lat' dir='ltr'><strong>xvtn,</strong></span> <span class='ocrx_word' id='word_1_603' title='bbox 1038 2631 1083 2658; x_wconf 74' lang='grc'><strong>45.</strong></span> 
     </span>
    </p>
   </div>
   <div class='ocr_carea' id='block_1_79' title="bbox 808 2664 1018 2698">
    <p class='ocr_par' dir='ltr' id='par_1_79' title="bbox 808 2664 1018 2698">
     <span class='ocr_line' id='line_1_79' title="bbox 808 2664 1018 2698; baseline 0.014 -8"><span class='ocrx_word' id='word_1_604' title='bbox 808 2664 830 2679; x_wconf 72' lang='grc'><strong>’⁵</strong></span> <span class='ocrx_word' id='word_1_605' title='bbox 856 2664 936 2692; x_wconf 78' lang='lat' dir='ltr'><strong>Miclt.</strong></span> <span class='ocrx_word' id='word_1_606' title='bbox 959 2666 1018 2698; x_wconf 82' lang='lat' dir='ltr'><strong>t,5.</strong></span> 
     </span>
    </p>
   </div>
   <div class='ocr_carea' id='block_1_80' title="bbox 903 884 1691 920">
    <p class='ocr_par' dir='ltr' id='par_1_80' title="bbox 903 884 1691 920">
     <span class='ocr_line' id='line_1_80' title="bbox 903 884 1691 920; baseline 0.003 -9"><span class='ocrx_word' id='word_1_607' title='bbox 903 885 980 912; x_wconf 81' lang='lat' dir='ltr'><strong>nobis</strong></span> <span class='ocrx_word' id='word_1_608' title='bbox 989 885 1092 919; x_wconf 88' lang='lat' dir='ltr'><strong>injiciat</strong></span> <span class='ocrx_word' id='word_1_609' title='bbox 1101 884 1229 912; x_wconf 89' lang='lat' dir='ltr'><strong>Dominus</strong></span> <span class='ocrx_word' id='word_1_610' title='bbox 1237 884 1315 911; x_wconf 80' lang='lat' dir='ltr'><strong>Jesus</strong></span> <span class='ocrx_word' id='word_1_611' title='bbox 1325 893 1420 913; x_wconf 88' lang='lat' dir='ltr'><strong>manus</strong></span> <span class='ocrx_word' id='word_1_612' title='bbox 1429 893 1491 913; x_wconf 85' lang='lat' dir='ltr'><strong>suas</strong></span> <span class='ocrx_word' id='word_1_613' title='bbox 1499 894 1580 920; x_wconf 81' lang='lat' dir='ltr'><strong>super</strong></span> <span class='ocrx_word' id='word_1_614' title='bbox 1588 886 1691 918; x_wconf 74' lang='lat' dir='ltr'><strong>oculos,</strong></span> 
     </span>
    </p>
   </div>
   <div class='ocr_carea' id='block_1_81' title="bbox 902 931 1692 967">
    <p class='ocr_par' dir='ltr' id='par_1_81' title="bbox 902 931 1692 967">
     <span class='ocr_line' id='line_1_81' title="bbox 902 931 1692 967; baseline 0.003 -9"><span class='ocrx_word' id='word_1_615' title='bbox 902 937 928 958; x_wconf 92' lang='lat' dir='ltr'><strong>ttt</strong></span> <span class='ocrx_word' id='word_1_616' title='bbox 939 931 1098 965; x_wconf 86' lang='lat' dir='ltr'><strong>incipiamus</strong></span> <span class='ocrx_word' id='word_1_617' title='bbox 1107 936 1133 958; x_wconf 87' lang='lat' dir='ltr'><strong>et</strong></span> <span class='ocrx_word' id='word_1_618' title='bbox 1141 938 1189 958; x_wconf 89' lang='lat' dir='ltr'><strong>nos</strong></span> <span class='ocrx_word' id='word_1_619' title='bbox 1198 933 1331 967; x_wconf 85' lang='lat' dir='ltr'><strong>respicere</strong></span> <span class='ocrx_word' id='word_1_620' title='bbox 1339 939 1390 958; x_wconf 90' lang='lat' dir='ltr'><strong>non</strong></span> <span class='ocrx_word' id='word_1_621' title='bbox 1399 939 1429 959; x_wconf 89' lang='lat' dir='ltr'><strong>ea</strong></span> <span class='ocrx_word' id='word_1_622' title='bbox 1438 940 1497 966; x_wconf 73' lang='lat' dir='ltr'><strong>qua:</strong></span> <span class='ocrx_word' id='word_1_623' title='bbox 1503 933 1637 966; x_wconf 81' lang='lat' dir='ltr'><strong>videntur,</strong></span> <span class='ocrx_word' id='word_1_624' title='bbox 1645 933 1692 960; x_wconf 69' lang='lat' dir='ltr'><strong>sod</strong></span> 
     </span>
    </p>
   </div>
   <div class='ocr_carea' id='block_1_82' title="bbox 902 978 1691 1013">
    <p class='ocr_par' dir='ltr' id='par_1_82' title="bbox 902 978 1691 1013">
     <span class='ocr_line' id='line_1_82' title="bbox 902 978 1691 1013; baseline 0.001 -8"><span class='ocrx_word' id='word_1_625' title='bbox 902 985 962 1013; x_wconf 72' lang='lat' dir='ltr'><strong>qua:</strong></span> <span class='ocrx_word' id='word_1_626' title='bbox 974 979 1180 1010; x_wconf 83' lang='lat' dir='ltr'><strong>nouvidentur;</strong></span> <span class='ocrx_word' id='word_1_627' title='bbox 1197 983 1224 1005; x_wconf 87' lang='lat' dir='ltr'><strong>et</strong></span> <span class='ocrx_word' id='word_1_628' title='bbox 1241 979 1345 1013; x_wconf 85' lang='lat' dir='ltr'><strong>aperiat</strong></span> <span class='ocrx_word' id='word_1_629' title='bbox 1362 978 1439 1006; x_wconf 85' lang='lat' dir='ltr'><strong>nobis</strong></span> <span class='ocrx_word' id='word_1_630' title='bbox 1455 979 1516 1006; x_wconf 85' lang='lat' dir='ltr'><strong>illos</strong></span> <span class='ocrx_word' id='word_1_631' title='bbox 1529 979 1633 1011; x_wconf 87' lang='lat' dir='ltr'><strong>oculos,</strong></span> <span class='ocrx_word' id='word_1_632' title='bbox 1645 980 1691 1012; x_wconf 84' lang='lat' dir='ltr'><strong>qui</strong></span> 
     </span>
    </p>
   </div>
   <div class='ocr_carea' id='block_1_83' title="bbox 902 1024 1693 1059">
    <p class='ocr_par' dir='ltr' id='par_1_83' title="bbox 902 1024 1693 1059">
     <span class='ocr_line' id='line_1_83' title="bbox 902 1024 1693 1059; baseline 0.003 -8"><span class='ocrx_word' id='word_1_633' title='bbox 902 1033 956 1051; x_wconf 86' lang='lat' dir='ltr'><strong>non</strong></span> <span class='ocrx_word' id='word_1_634' title='bbox 979 1024 1123 1052; x_wconf 85' lang='lat' dir='ltr'><strong>intuentur</strong></span> <span class='ocrx_word' id='word_1_635' title='bbox 1150 1026 1291 1059; x_wconf 67' lang='lat' dir='ltr'><strong>prmsentia</strong></span> <span class='ocrx_word' id='word_1_636' title='bbox 1305 1045 1313 1058; x_wconf 96' lang='lat'><strong>,</strong></span> <span class='ocrx_word' id='word_1_637' title='bbox 1344 1026 1390 1053; x_wconf 86' lang='lat' dir='ltr'><strong>sed</strong></span> <span class='ocrx_word' id='word_1_638' title='bbox 1405 1025 1498 1052; x_wconf 78' lang='lat' dir='ltr'><strong>futura</strong></span> <span class='ocrx_word' id='word_1_639' title='bbox 1513 1044 1521 1056; x_wconf 90' lang='lat'><strong>,</strong></span> <span class='ocrx_word' id='word_1_640' title='bbox 1546 1030 1574 1053; x_wconf 80' lang='lat' dir='ltr'><strong>et</strong></span> <span class='ocrx_word' id='word_1_641' title='bbox 1591 1026 1693 1053; x_wconf 86' lang='lat' dir='ltr'><strong>rcvclct</strong></span> 
     </span>
    </p>
   </div>
   <div class='ocr_carea' id='block_1_84' title="bbox 905 1070 1691 1106">
    <p class='ocr_par' dir='ltr' id='par_1_84' title="bbox 905 1070 1691 1106">
     <span class='ocr_line' id='line_1_84' title="bbox 905 1070 1691 1106; baseline -0.001 -8"><span class='ocrx_word' id='word_1_642' title='bbox 905 1071 984 1098; x_wconf 82' lang='lat' dir='ltr'><strong>nobis</strong></span> <span class='ocrx_word' id='word_1_643' title='bbox 995 1070 1086 1098; x_wconf 88' lang='lat' dir='ltr'><strong>cordis</strong></span> <span class='ocrx_word' id='word_1_644' title='bbox 1098 1075 1249 1105; x_wconf 86' lang='lat' dir='ltr'><strong>aspectum,</strong></span> <span class='ocrx_word' id='word_1_645' title='bbox 1265 1078 1319 1106; x_wconf 89' lang='lat' dir='ltr'><strong>qtto</strong></span> <span class='ocrx_word' id='word_1_646' title='bbox 1334 1071 1405 1098; x_wconf 82' lang='lat' dir='ltr'><strong>Deus</strong></span> <span class='ocrx_word' id='word_1_647' title='bbox 1419 1072 1527 1098; x_wconf 87' lang='lat' dir='ltr'><strong>videtur</strong></span> <span class='ocrx_word' id='word_1_648' title='bbox 1542 1072 1568 1098; x_wconf 88' lang='lat' dir='ltr'><strong>in</strong></span> <span class='ocrx_word' id='word_1_649' title='bbox 1581 1072 1691 1106; x_wconf 85' lang='lat' dir='ltr'><strong>spiritu,</strong></span> 
     </span>
    </p>
   </div>
   <div class='ocr_carea' id='block_1_85' title="bbox 903 1115 1693 1151">
    <p class='ocr_par' dir='ltr' id='par_1_85' title="bbox 903 1115 1693 1151">
     <span class='ocr_line' id='line_1_85' title="bbox 903 1115 1693 1151; baseline -0.001 -7"><span class='ocrx_word' id='word_1_650' title='bbox 903 1123 952 1150; x_wconf 85' lang='lat' dir='ltr'><strong>per</strong></span> <span class='ocrx_word' id='word_1_651' title='bbox 973 1116 1061 1151; x_wconf 90' lang='lat' dir='ltr'><strong>ipsum</strong></span> <span class='ocrx_word' id='word_1_652' title='bbox 1081 1116 1226 1143; x_wconf 86' lang='lat' dir='ltr'><strong>Dominum</strong></span> <span class='ocrx_word' id='word_1_653' title='bbox 1242 1115 1335 1144; x_wconf 84' lang='lat' dir='ltr'><strong>Jesum</strong></span> <span class='ocrx_word' id='word_1_654' title='bbox 1347 1116 1501 1149; x_wconf 85' lang='lat' dir='ltr'><strong>Christum,</strong></span> <span class='ocrx_word' id='word_1_655' title='bbox 1521 1117 1564 1144; x_wconf 91' lang='lat' dir='ltr'><strong>cui</strong></span> <span class='ocrx_word' id='word_1_656' title='bbox 1580 1123 1622 1144; x_wconf 83' lang='lat' dir='ltr'><strong>est</strong></span> <span class='ocrx_word' id='word_1_657' title='bbox 1635 1117 1693 1151; x_wconf 80' lang='lat' dir='ltr'><strong>glo-</strong></span> 
     </span>
    </p>
   </div>
   <div class='ocr_carea' id='block_1_86' title="bbox 903 1161 1659 1198">
    <p class='ocr_par' dir='ltr' id='par_1_86' title="bbox 903 1161 1659 1198">
     <span class='ocr_line' id='line_1_86' title="bbox 903 1161 1659 1198; baseline -0.001 -8"><span class='ocrx_word' id='word_1_658' title='bbox 903 1163 942 1190; x_wconf 89' lang='lat' dir='ltr'><strong>ria</strong></span> <span class='ocrx_word' id='word_1_659' title='bbox 959 1166 987 1190; x_wconf 90' lang='lat' dir='ltr'><strong>et</strong></span> <span class='ocrx_word' id='word_1_660' title='bbox 1002 1162 1144 1197; x_wconf 89' lang='lat' dir='ltr'><strong>imperium</strong></span> <span class='ocrx_word' id='word_1_661' title='bbox 1161 1161 1200 1198; x_wconf 77' lang='lat'><strong>(5)</strong></span> <span class='ocrx_word' id='word_1_662' title='bbox 1214 1162 1241 1189; x_wconf 92' lang='lat' dir='ltr'><strong>in</strong></span> <span class='ocrx_word' id='word_1_663' title='bbox 1257 1162 1354 1190; x_wconf 69' lang='lat' dir='ltr'><strong>saecula</strong></span> <span class='ocrx_word' id='word_1_664' title='bbox 1371 1163 1543 1190; x_wconf 73' lang='lat' dir='ltr'><strong>saeculorum.</strong></span> <span class='ocrx_word' id='word_1_665' title='bbox 1559 1163 1659 1189; x_wconf 78' lang='lat' dir='ltr'><strong>Amen.</strong></span> 
     </span>
    </p>
   </div>
   <div class='ocr_carea' id='block_1_87' title="bbox 1184 1217 1412 1245">
    <p class='ocr_par' dir='ltr' id='par_1_87' title="bbox 1184 1217 1412 1245">
     <span class='ocr_line' id='line_1_87' title="bbox 1184 1217 1412 1245; baseline 0 -1"><span class='ocrx_word' id='word_1_666' title='bbox 1184 1217 1326 1245; x_wconf 78' lang='lat' dir='ltr'><strong>HOMILIA</strong></span> <span class='ocrx_word' id='word_1_667' title='bbox 1343 1218 1412 1245; x_wconf 77' lang='lat' dir='ltr'><strong>XVI.</strong></span> 
     </span>
    </p>
   </div>
   <div class='ocr_carea' id='block_1_88' title="bbox 901 1273 1690 1309">
    <p class='ocr_par' dir='ltr' id='par_1_88' title="bbox 901 1273 1690 1309">
     <span class='ocr_line' id='line_1_88' title="bbox 901 1273 1690 1309; baseline -0.003 -7"><span class='ocrx_word' id='word_1_668' title='bbox 901 1275 940 1302; x_wconf 82' lang='lat' dir='ltr'><strong>De</strong></span> <span class='ocrx_word' id='word_1_669' title='bbox 954 1284 983 1302; x_wconf 88' lang='lat' dir='ltr'><strong>eo</strong></span> <span class='ocrx_word' id='word_1_670' title='bbox 999 1276 1068 1309; x_wconf 86' lang='lat' dir='ltr'><strong>quod</strong></span> <span class='ocrx_word' id='word_1_671' title='bbox 1091 1276 1216 1309; x_wconf 77' lang='lat' dir='ltr'><strong>scriptum</strong></span> <span class='ocrx_word' id='word_1_672' title='bbox 1232 1280 1268 1301; x_wconf 73' lang='lat' dir='ltr'><strong>est</strong></span> <span class='ocrx_word' id='word_1_673' title='bbox 1285 1275 1306 1290; x_wconf 79' lang='lat'>&#39;”</span> <span class='ocrx_word' id='word_1_674' title='bbox 1320 1283 1329 1301; x_wconf 91' lang='lat'><em>:</em></span> <span class='ocrx_word' id='word_1_675' title='bbox 1354 1284 1363 1300; x_wconf 74' lang='grc' dir='ltr'>ι</span> <span class='ocrx_word' id='word_1_676' title='bbox 1381 1273 1412 1300; x_wconf 88' lang='lat' dir='ltr'><strong>Et</strong></span> <span class='ocrx_word' id='word_1_677' title='bbox 1439 1280 1576 1309; x_wconf 67' lang='lat' dir='ltr'><strong>acquisivit</strong></span> <span class='ocrx_word' id='word_1_678' title='bbox 1593 1278 1690 1305; x_wconf 69' lang='lat' dir='ltr'><strong>Josepn</strong></span> 
     </span>
    </p>
   </div>
   <div class='ocr_carea' id='block_1_89' title="bbox 937 1309 1690 1344">
    <p class='ocr_par' dir='ltr' id='par_1_89' title="bbox 937 1309 1690 1344">
     <span class='ocr_line' id='line_1_89' title="bbox 937 1309 1690 1344; baseline -0.001 -7"><span class='ocrx_word' id='word_1_679' title='bbox 937 1319 1038 1337; x_wconf 82' lang='lat' dir='ltr'><strong>omnem</strong></span> <span class='ocrx_word' id='word_1_680' title='bbox 1050 1317 1146 1336; x_wconf 79' lang='lat' dir='ltr'><strong>(errant</strong></span> <span class='ocrx_word' id='word_1_681' title='bbox 1156 1309 1342 1344; x_wconf 62' lang='lat' dir='ltr'><strong>1Egypliorum</strong></span> <span class='ocrx_word' id='word_1_682' title='bbox 1358 1309 1510 1344; x_wconf 67' lang='lat' dir='ltr'><strong>Pharaoni:</strong></span> <span class='ocrx_word' id='word_1_683' title='bbox 1522 1311 1690 1336; x_wconf 67' lang='lat' dir='ltr'><strong>vendiderunt</strong></span> 
     </span>
    </p>
   </div>
   <div class='ocr_carea' id='block_1_90' title="bbox 937 1343 1692 1379">
    <p class='ocr_par' dir='ltr' id='par_1_90' title="bbox 937 1343 1692 1379">
     <span class='ocr_line' id='line_1_90' title="bbox 937 1343 1692 1379; baseline -0.003 -7"><span class='ocrx_word' id='word_1_684' title='bbox 937 1347 1005 1372; x_wconf 87' lang='lat' dir='ltr'><strong>enim</strong></span> <span class='ocrx_word' id='word_1_685' title='bbox 1021 1345 1139 1379; x_wconf 64' lang='lat' dir='ltr'><strong>Egyptii</strong></span> <span class='ocrx_word' id='word_1_686' title='bbox 1155 1343 1253 1371; x_wconf 83' lang='lat' dir='ltr'><strong>terram</strong></span> <span class='ocrx_word' id='word_1_687' title='bbox 1279 1352 1355 1370; x_wconf 73' lang='lat' dir='ltr'><strong>suam</strong></span> <span class='ocrx_word' id='word_1_688' title='bbox 1378 1343 1520 1371; x_wconf 79' lang='lat' dir='ltr'><strong>Pharaoni.</strong></span> <span class='ocrx_word' id='word_1_689' title='bbox 1547 1345 1608 1379; x_wconf 85' lang='lat' dir='ltr'><strong>quia</strong></span> <span class='ocrx_word' id='word_1_690' title='bbox 1623 1345 1692 1370; x_wconf 84' lang='lat' dir='ltr'><strong>obti-</strong></span> 
     </span>
    </p>
   </div>
   <div class='ocr_carea' id='block_1_91' title="bbox 937 1379 1690 1413">
    <p class='ocr_par' dir='ltr' id='par_1_91' title="bbox 937 1379 1690 1413">
     <span class='ocr_line' id='line_1_91' title="bbox 937 1379 1690 1413; baseline -0.003 -6"><span class='ocrx_word' id='word_1_691' title='bbox 937 1381 992 1407; x_wconf 83' lang='lat' dir='ltr'><strong>nttit</strong></span> <span class='ocrx_word' id='word_1_692' title='bbox 1008 1389 1051 1407; x_wconf 68' lang='lat' dir='ltr'><strong>eos</strong></span> <span class='ocrx_word' id='word_1_693' title='bbox 1066 1381 1166 1413; x_wconf 77' lang='lat' dir='ltr'><strong>fames,</strong></span> <span class='ocrx_word' id='word_1_694' title='bbox 1187 1384 1210 1406; x_wconf 83' lang='lat' dir='ltr'><strong>et</strong></span> <span class='ocrx_word' id='word_1_695' title='bbox 1229 1379 1301 1413; x_wconf 78' lang='lat' dir='ltr'><strong>facta</strong></span> <span class='ocrx_word' id='word_1_696' title='bbox 1330 1385 1366 1405; x_wconf 73' lang='lat' dir='ltr'><strong>est</strong></span> <span class='ocrx_word' id='word_1_697' title='bbox 1390 1384 1460 1405; x_wconf 76' lang='lat' dir='ltr'><strong>terra</strong></span> <span class='ocrx_word' id='word_1_698' title='bbox 1491 1380 1650 1410; x_wconf 80' lang='lat' dir='ltr'><strong>Pharaonis,</strong></span> <span class='ocrx_word' id='word_1_699' title='bbox 1666 1384 1690 1405; x_wconf 83' lang='lat' dir='ltr'><strong>et</strong></span> 
     </span>
    </p>
   </div>
   <div class='ocr_carea' id='block_1_92' title="bbox 937 1413 1690 1450">
    <p class='ocr_par' dir='ltr' id='par_1_92' title="bbox 937 1413 1690 1450">
     <span class='ocr_line' id='line_1_92' title="bbox 937 1413 1690 1450; baseline 0 -10"><span class='ocrx_word' id='word_1_700' title='bbox 937 1415 1061 1450; x_wconf 82' lang='lat' dir='ltr'><strong>populum</strong></span> <span class='ocrx_word' id='word_1_701' title='bbox 1075 1415 1124 1441; x_wconf 76' lang='lat' dir='ltr'><strong>sibi</strong></span> <span class='ocrx_word' id='word_1_702' title='bbox 1135 1415 1160 1440; x_wconf 86' lang='lat' dir='ltr'><strong>in</strong></span> <span class='ocrx_word' id='word_1_703' title='bbox 1169 1415 1317 1440; x_wconf 70' lang='lat' dir='ltr'><strong>seruitutem</strong></span> <span class='ocrx_word' id='word_1_704' title='bbox 1331 1413 1438 1450; x_wconf 78' lang='lat' dir='ltr'><strong>redegit,</strong></span> <span class='ocrx_word' id='word_1_705' title='bbox 1451 1423 1466 1440; x_wconf 82' lang='grc' dir='ltr'><strong><em>(ι</em></strong></span> <span class='ocrx_word' id='word_1_706' title='bbox 1477 1415 1583 1440; x_wconf 72' lang='lat' dir='ltr'><strong>summis</strong></span> <span class='ocrx_word' id='word_1_707' title='bbox 1593 1414 1690 1448; x_wconf 74' lang='lat' dir='ltr'><strong>ﬁnibus</strong></span> 
     </span>
    </p>
   </div>
   <div class='ocr_carea' id='block_1_93' title="bbox 937 1449 1527 1484">
    <p class='ocr_par' dir='ltr' id='par_1_93' title="bbox 937 1449 1527 1484">
     <span class='ocr_line' id='line_1_93' title="bbox 937 1449 1527 1484; baseline -0.003 -7"><span class='ocrx_word' id='word_1_708' title='bbox 937 1449 1059 1484; x_wconf 58' lang='lat' dir='ltr'><strong>.‘Egyplit&#39;</strong></span> <span class='ocrx_word' id='word_1_709' title='bbox 1079 1457 1159 1483; x_wconf 70' lang='lat' dir='ltr'><strong>usque</strong></span> <span class='ocrx_word' id='word_1_710' title='bbox 1172 1449 1206 1475; x_wconf 85' lang='lat' dir='ltr'><strong>ad</strong></span> <span class='ocrx_word' id='word_1_711' title='bbox 1222 1456 1338 1475; x_wconf 69' lang='lat' dir='ltr'><strong>summos</strong></span> <span class='ocrx_word' id='word_1_712' title='bbox 1351 1449 1417 1482; x_wconf 77' lang='lat' dir='ltr'><strong>ﬁnes</strong></span> <span class='ocrx_word' id='word_1_713' title='bbox 1432 1449 1500 1483; x_wconf 81' lang='lat' dir='ltr'><strong>ejus.</strong></span> <span class='ocrx_word' id='word_1_714' title='bbox 1518 1458 1527 1475; x_wconf 72' lang='grc' dir='ltr'>ι</span> 
     </span>
    </p>
   </div>
   <div class='ocr_carea' id='block_1_94' title="bbox 939 1494 1692 1531">
    <p class='ocr_par' dir='ltr' id='par_1_94' title="bbox 939 1494 1692 1531">
     <span class='ocr_line' id='line_1_94' title="bbox 939 1494 1692 1531; baseline 0 -8"><span class='ocrx_word' id='word_1_715' title='bbox 939 1496 966 1523; x_wconf 76' lang='grc'><strong>1.</strong></span> <span class='ocrx_word' id='word_1_716' title='bbox 983 1495 1138 1522; x_wconf 89' lang='lat' dir='ltr'><strong>Secundum</strong></span> <span class='ocrx_word' id='word_1_717' title='bbox 1158 1494 1308 1529; x_wconf 65' lang='lat' dir='ltr'><strong>Scriptura:</strong></span> <span class='ocrx_word' id='word_1_718' title='bbox 1333 1494 1412 1521; x_wconf 90' lang='lat' dir='ltr'><strong>lidem</strong></span> <span class='ocrx_word' id='word_1_719' title='bbox 1436 1495 1525 1521; x_wconf 89' lang='lat' dir='ltr'><strong>uttllus</strong></span> <span class='ocrx_word' id='word_1_720' title='bbox 1550 1495 1692 1531; x_wconf 62' lang='lat' dir='ltr'><strong>Egyptins</strong></span> 
     </span>
    </p>
   </div>
   <div class='ocr_carea' id='block_1_95' title="bbox 904 1539 1693 1575">
    <p class='ocr_par' dir='ltr' id='par_1_95' title="bbox 904 1539 1693 1575">
     <span class='ocr_line' id='line_1_95' title="bbox 904 1539 1693 1575; baseline -0.003 -7"><span class='ocrx_word' id='word_1_721' title='bbox 904 1542 983 1569; x_wconf 84' lang='lat' dir='ltr'><strong>liber.</strong></span> <span class='ocrx_word' id='word_1_722' title='bbox 1001 1541 1107 1569; x_wconf 84' lang='lat' dir='ltr'><strong>Pharao</strong></span> <span class='ocrx_word' id='word_1_723' title='bbox 1125 1541 1197 1568; x_wconf 87' lang='lat' dir='ltr'><strong>ettim</strong></span> <span class='ocrx_word' id='word_1_724' title='bbox 1225 1539 1352 1575; x_wconf 89' lang='lat' dir='ltr'><strong>populum</strong></span> <span class='ocrx_word' id='word_1_725' title='bbox 1369 1540 1419 1567; x_wconf 85' lang='lat' dir='ltr'><strong>sibi</strong></span> <span class='ocrx_word' id='word_1_726' title='bbox 1435 1541 1460 1567; x_wconf 89' lang='lat' dir='ltr'><strong>in</strong></span> <span class='ocrx_word' id='word_1_727' title='bbox 1475 1541 1633 1568; x_wconf 81' lang='lat' dir='ltr'><strong>sert&#39;ilulctn</strong></span> <span class='ocrx_word' id='word_1_728' title='bbox 1649 1549 1693 1567; x_wconf 81' lang='lat' dir='ltr'><strong>rr-</strong></span> 
     </span>
    </p>
   </div>
   <div class='ocr_carea' id='block_1_96' title="bbox 904 1585 1692 1622">
    <p class='ocr_par' dir='ltr' id='par_1_96' title="bbox 904 1585 1692 1622">
     <span class='ocr_line' id='line_1_96' title="bbox 904 1585 1692 1622; baseline 0 -8"><span class='ocrx_word' id='word_1_729' title='bbox 904 1588 987 1622; x_wconf 79' lang='lat' dir='ltr'><strong>degil,</strong></span> <span class='ocrx_word' id='word_1_730' title='bbox 1002 1595 1051 1614; x_wconf 89' lang='lat' dir='ltr'><strong>ttec</strong></span> <span class='ocrx_word' id='word_1_731' title='bbox 1068 1587 1185 1620; x_wconf 86' lang='lat' dir='ltr'><strong>aliquem</strong></span> <span class='ocrx_word' id='word_1_732' title='bbox 1203 1587 1275 1613; x_wconf 88' lang='lat' dir='ltr'><strong>intra</strong></span> <span class='ocrx_word' id='word_1_733' title='bbox 1290 1585 1478 1622; x_wconf 57' lang='lat' dir='ltr'><strong>[Egyptiorum</strong></span> <span class='ocrx_word' id='word_1_734' title='bbox 1495 1586 1562 1613; x_wconf 83' lang='lat' dir='ltr'><strong>lines</strong></span> <span class='ocrx_word' id='word_1_735' title='bbox 1577 1587 1692 1614; x_wconf 86' lang='lat' dir='ltr'><strong>liberum</strong></span> 
     </span>
    </p>
   </div>
   <div class='ocr_carea' id='block_1_97' title="bbox 904 1631 1694 1668">
    <p class='ocr_par' dir='ltr' id='par_1_97' title="bbox 904 1631 1694 1668">
     <span class='ocr_line' id='line_1_97' title="bbox 904 1631 1694 1668; baseline 0 -8"><span class='ocrx_word' id='word_1_736' title='bbox 904 1633 1057 1667; x_wconf 82' lang='lat' dir='ltr'><strong>dereliquit,</strong></span> <span class='ocrx_word' id='word_1_737' title='bbox 1087 1633 1133 1660; x_wconf 82' lang='lat' dir='ltr'><strong>sed</strong></span> <span class='ocrx_word' id='word_1_738' title='bbox 1155 1633 1180 1660; x_wconf 88' lang='lat' dir='ltr'><strong>itt</strong></span> <span class='ocrx_word' id='word_1_739' title='bbox 1203 1633 1276 1659; x_wconf 89' lang='lat' dir='ltr'><strong>omtti</strong></span> <span class='ocrx_word' id='word_1_740' title='bbox 1293 1638 1367 1659; x_wconf 86' lang='lat' dir='ltr'><strong>terra</strong></span> <span class='ocrx_word' id='word_1_741' title='bbox 1385 1631 1494 1668; x_wconf 60' lang='lat' dir='ltr'><strong>[Egypti</strong></span> <span class='ocrx_word' id='word_1_742' title='bbox 1512 1633 1639 1666; x_wconf 85' lang='lat' dir='ltr'><strong>adempta</strong></span> <span class='ocrx_word' id='word_1_743' title='bbox 1658 1634 1694 1660; x_wconf 83' lang='lat' dir='ltr'><strong>li-</strong></span> 
     </span>
    </p>
   </div>
   <div class='ocr_carea' id='block_1_98' title="bbox 904 1678 1692 1714">
    <p class='ocr_par' dir='ltr' id='par_1_98' title="bbox 904 1678 1692 1714">
     <span class='ocr_line' id='line_1_98' title="bbox 904 1678 1692 1714; baseline 0 -8"><span class='ocrx_word' id='word_1_744' title='bbox 904 1679 997 1706; x_wconf 86' lang='lat' dir='ltr'><strong>bertas</strong></span> <span class='ocrx_word' id='word_1_745' title='bbox 1022 1685 1073 1705; x_wconf 86' lang='lat' dir='ltr'><strong>est.</strong></span> <span class='ocrx_word' id='word_1_746' title='bbox 1091 1679 1121 1704; x_wconf 83' lang='lat' dir='ltr'><strong>Et</strong></span> <span class='ocrx_word' id='word_1_747' title='bbox 1135 1684 1278 1714; x_wconf 82' lang='lat' dir='ltr'><strong>propterea</strong></span> <span class='ocrx_word' id='word_1_748' title='bbox 1292 1679 1361 1706; x_wconf 77' lang='lat' dir='ltr'><strong>forte</strong></span> <span class='ocrx_word' id='word_1_749' title='bbox 1377 1679 1508 1713; x_wconf 89' lang='lat' dir='ltr'><strong>scriptutu</strong></span> <span class='ocrx_word' id='word_1_750' title='bbox 1524 1679 1598 1706; x_wconf 76' lang='lat' dir='ltr'><strong>est“</strong></span> <span class='ocrx_word' id='word_1_751' title='bbox 1612 1688 1618 1707; x_wconf 92' lang='lat'>:</span> <span class='ocrx_word' id='word_1_752' title='bbox 1636 1678 1692 1714; x_wconf 72' lang='lat' dir='ltr'><strong>Ego</strong></span> 
     </span>
    </p>
   </div>
   <div class='ocr_carea' id='block_1_99' title="bbox 903 1715 1692 1760">
    <p class='ocr_par' dir='ltr' id='par_1_99' title="bbox 903 1715 1692 1760">
     <span class='ocr_line' id='line_1_99' title="bbox 903 1715 1692 1760; baseline -0.003 -8"><span class='ocrx_word' id='word_1_753' title='bbox 903 1733 961 1752; x_wconf 72' lang='lat' dir='ltr'><strong>sum</strong></span> <span class='ocrx_word' id='word_1_754' title='bbox 973 1724 1102 1751; x_wconf 75' lang='lat' dir='ltr'><strong>Dominus</strong></span> <span class='ocrx_word' id='word_1_755' title='bbox 1114 1723 1185 1750; x_wconf 71' lang='lat' dir='ltr'><strong>Deus</strong></span> <span class='ocrx_word' id='word_1_756' title='bbox 1205 1729 1264 1751; x_wconf 71' lang='lat' dir='ltr'><strong>tuus</strong></span> <span class='ocrx_word' id='word_1_757' title='bbox 1279 1715 1323 1758; x_wconf 72' lang='lat' dir='ltr'><strong>qui</strong></span> <span class='ocrx_word' id='word_1_758' title='bbox 1340 1725 1422 1750; x_wconf 72' lang='lat' dir='ltr'><strong>eduxi</strong></span> <span class='ocrx_word' id='word_1_759' title='bbox 1437 1729 1461 1750; x_wconf 83' lang='lat' dir='ltr'><strong>te</strong></span> <span class='ocrx_word' id='word_1_760' title='bbox 1475 1725 1506 1751; x_wconf 78' lang='lat' dir='ltr'><strong>de</strong></span> <span class='ocrx_word' id='word_1_761' title='bbox 1522 1730 1592 1751; x_wconf 87' lang='lat' dir='ltr'><strong>terra</strong></span> <span class='ocrx_word' id='word_1_762' title='bbox 1607 1724 1692 1760; x_wconf 63' lang='grc' dir='ltr'><strong>Αἰθυ-</strong></span> 
     </span>
    </p>
   </div>
   <div class='ocr_carea' id='block_1_100' title="bbox 901 1771 1692 1806">
    <p class='ocr_par' dir='ltr' id='par_1_100' title="bbox 901 1771 1692 1806">
     <span class='ocr_line' id='line_1_100' title="bbox 901 1771 1692 1806; baseline 0.001 -9"><span class='ocrx_word' id='word_1_763' title='bbox 901 1772 952 1806; x_wconf 77' lang='lat' dir='ltr'><strong>pii,</strong></span> <span class='ocrx_word' id='word_1_764' title='bbox 969 1772 1001 1798; x_wconf 83' lang='lat' dir='ltr'><strong>de</strong></span> <span class='ocrx_word' id='word_1_765' title='bbox 1012 1772 1090 1798; x_wconf 87' lang='lat' dir='ltr'><strong>domo</strong></span> <span class='ocrx_word' id='word_1_766' title='bbox 1103 1772 1243 1798; x_wconf 66' lang='lat' dir='ltr'><strong>servitutis.</strong></span> <span class='ocrx_word' id='word_1_767' title='bbox 1259 1771 1340 1798; x_wconf 84' lang='lat' dir='ltr'><strong>Facta</strong></span> <span class='ocrx_word' id='word_1_768' title='bbox 1358 1776 1400 1797; x_wconf 87' lang='lat' dir='ltr'><strong>est</strong></span> <span class='ocrx_word' id='word_1_769' title='bbox 1417 1778 1480 1806; x_wconf 88' lang='lat' dir='ltr'><strong>ergo</strong></span> <span class='ocrx_word' id='word_1_770' title='bbox 1492 1771 1626 1806; x_wconf 61' lang='lat' dir='ltr'><strong>IEgyptus</strong></span> <span class='ocrx_word' id='word_1_771' title='bbox 1644 1773 1692 1798; x_wconf 92' lang='lat' dir='ltr'><strong>do-</strong></span> 
     </span>
    </p>
   </div>
   <div class='ocr_carea' id='block_1_101' title="bbox 904 1815 1692 1850">
    <p class='ocr_par' dir='ltr' id='par_1_101' title="bbox 904 1815 1692 1850">
     <span class='ocr_line' id='line_1_101' title="bbox 904 1815 1692 1850; baseline 0 -6"><span class='ocrx_word' id='word_1_772' title='bbox 904 1825 963 1844; x_wconf 91' lang='lat' dir='ltr'><strong>tnus</strong></span> <span class='ocrx_word' id='word_1_773' title='bbox 978 1817 1124 1847; x_wconf 85' lang='lat' dir='ltr'><strong>servitutis,</strong></span> <span class='ocrx_word' id='word_1_774' title='bbox 1144 1821 1182 1848; x_wconf 86' lang='lat' dir='ltr'><strong>et,</strong></span> <span class='ocrx_word' id='word_1_775' title='bbox 1197 1816 1268 1850; x_wconf 89' lang='lat' dir='ltr'><strong>quod</strong></span> <span class='ocrx_word' id='word_1_776' title='bbox 1286 1821 1327 1842; x_wconf 87' lang='lat' dir='ltr'><strong>est</strong></span> <span class='ocrx_word' id='word_1_777' title='bbox 1350 1815 1486 1842; x_wconf 80' lang='lat' dir='ltr'><strong>infelicius</strong></span> <span class='ocrx_word' id='word_1_778' title='bbox 1499 1836 1505 1847; x_wconf 96' lang='lat'><strong>,</strong></span> <span class='ocrx_word' id='word_1_779' title='bbox 1534 1816 1692 1844; x_wconf 68' lang='lat' dir='ltr'><strong>voluntaria)</strong></span> 
     </span>
    </p>
   </div>
   <div class='ocr_carea' id='block_1_102' title="bbox 902 1860 1689 1897">
    <p class='ocr_par' dir='ltr' id='par_1_102' title="bbox 902 1860 1689 1897">
     <span class='ocr_line' id='line_1_102' title="bbox 902 1860 1689 1897; baseline -0.001 -8"><span class='ocrx_word' id='word_1_780' title='bbox 902 1863 1054 1894; x_wconf 83' lang='lat' dir='ltr'><strong>servitutis,</strong></span> <span class='ocrx_word' id='word_1_781' title='bbox 1082 1869 1142 1888; x_wconf 82' lang='lat' dir='ltr'><strong>nam</strong></span> <span class='ocrx_word' id='word_1_782' title='bbox 1164 1862 1196 1888; x_wconf 83' lang='lat' dir='ltr'><strong>de</strong></span> <span class='ocrx_word' id='word_1_783' title='bbox 1211 1860 1333 1888; x_wconf 62' lang='lat' dir='ltr'><strong>Hebraeis</strong></span> <span class='ocrx_word' id='word_1_784' title='bbox 1358 1862 1482 1894; x_wconf 86' lang='lat' dir='ltr'><strong>quamvis</strong></span> <span class='ocrx_word' id='word_1_785' title='bbox 1503 1861 1635 1888; x_wconf 80' lang='lat' dir='ltr'><strong>referatur</strong></span> <span class='ocrx_word' id='word_1_786' title='bbox 1650 1861 1689 1897; x_wconf 80' lang='grc'><strong>(4)</strong></span> 
     </span>
    </p>
   </div>
   <div class='ocr_carea' id='block_1_103' title="bbox 903 1899 1691 1943">
    <p class='ocr_par' dir='ltr' id='par_1_103' title="bbox 903 1899 1691 1943">
     <span class='ocr_line' id='line_1_103' title="bbox 903 1899 1691 1943; baseline -0.001 -8"><span class='ocrx_word' id='word_1_787' title='bbox 903 1908 973 1943; x_wconf 89' lang='lat' dir='ltr'><strong>quod</strong></span> <span class='ocrx_word' id='word_1_788' title='bbox 995 1909 1019 1934; x_wconf 92' lang='lat' dir='ltr'><strong>in</strong></span> <span class='ocrx_word' id='word_1_789' title='bbox 1034 1907 1192 1934; x_wconf 89' lang='lat' dir='ltr'><strong>servitutem</strong></span> <span class='ocrx_word' id='word_1_790' title='bbox 1207 1899 1307 1933; x_wconf 73' lang='lat' dir='ltr'><strong>redacii</strong></span> <span class='ocrx_word' id='word_1_791' title='bbox 1323 1907 1389 1938; x_wconf 81' lang='lat' dir='ltr'><strong>sitit,</strong></span> <span class='ocrx_word' id='word_1_792' title='bbox 1403 1912 1431 1933; x_wconf 89' lang='lat' dir='ltr'><strong>et.</strong></span> <span class='ocrx_word' id='word_1_793' title='bbox 1450 1907 1520 1941; x_wconf 82' lang='lat' dir='ltr'><strong>quod</strong></span> <span class='ocrx_word' id='word_1_794' title='bbox 1531 1907 1625 1941; x_wconf 82' lang='lat' dir='ltr'><strong>jugtint</strong></span> <span class='ocrx_word' id='word_1_795' title='bbox 1642 1908 1691 1934; x_wconf 89' lang='lat' dir='ltr'><strong>do-</strong></span> 
     </span>
    </p>
   </div>
   <div class='ocr_carea' id='block_1_104' title="bbox 903 1952 1695 1988">
    <p class='ocr_par' dir='ltr' id='par_1_104' title="bbox 903 1952 1695 1988">
     <span class='ocr_line' id='line_1_104' title="bbox 903 1952 1695 1988; baseline -0.001 -7"><span class='ocrx_word' id='word_1_796' title='bbox 903 1955 1060 1981; x_wconf 88' lang='lat' dir='ltr'><strong>minationis</strong></span> <span class='ocrx_word' id='word_1_797' title='bbox 1071 1958 1165 1988; x_wconf 86' lang='lat' dir='ltr'><strong>erepta</strong></span> <span class='ocrx_word' id='word_1_798' title='bbox 1178 1952 1304 1979; x_wconf 74' lang='lat' dir='ltr'><strong>libertate</strong></span> <span class='ocrx_word' id='word_1_799' title='bbox 1316 1952 1486 1986; x_wconf 87' lang='lat' dir='ltr'><strong>pertulerint,</strong></span> <span class='ocrx_word' id='word_1_800' title='bbox 1504 1953 1636 1980; x_wconf 86' lang='lat' dir='ltr'><strong>violenter</strong></span> <span class='ocrx_word' id='word_1_801' title='bbox 1650 1959 1695 1980; x_wconf 79' lang='lat' dir='ltr'><strong>ta-</strong></span> 
     </span>
    </p>
   </div>
   <div class='ocr_carea' id='block_1_105' title="bbox 903 1999 1692 2034">
    <p class='ocr_par' dir='ltr' id='par_1_105' title="bbox 903 1999 1692 2034">
     <span class='ocr_line' id='line_1_105' title="bbox 903 1999 1692 2034; baseline 0 -7"><span class='ocrx_word' id='word_1_802' title='bbox 903 2009 964 2028; x_wconf 87' lang='lat' dir='ltr'><strong>men</strong></span> <span class='ocrx_word' id='word_1_803' title='bbox 982 2001 1015 2027; x_wconf 86' lang='lat' dir='ltr'><strong>ad</strong></span> <span class='ocrx_word' id='word_1_804' title='bbox 1037 2001 1087 2027; x_wconf 90' lang='lat' dir='ltr'><strong>hoc</strong></span> <span class='ocrx_word' id='word_1_805' title='bbox 1117 2003 1304 2026; x_wconf 85' lang='lat' dir='ltr'><strong>memorantur</strong></span> <span class='ocrx_word' id='word_1_806' title='bbox 1329 1999 1448 2026; x_wconf 86' lang='lat' dir='ltr'><strong>adducti.</strong></span> <span class='ocrx_word' id='word_1_807' title='bbox 1486 1999 1622 2034; x_wconf 91' lang='lat' dir='ltr'><strong>Scriptum</strong></span> <span class='ocrx_word' id='word_1_808' title='bbox 1648 2004 1692 2028; x_wconf 85' lang='lat' dir='ltr'><strong>est</strong></span> 
     </span>
    </p>
   </div>
   <div class='ocr_carea' id='block_1_106' title="bbox 902 2042 1689 2078">
    <p class='ocr_par' dir='ltr' id='par_1_106' title="bbox 902 2042 1689 2078">
     <span class='ocr_line' id='line_1_106' title="bbox 902 2042 1689 2078; baseline 0 -7"><span class='ocrx_word' id='word_1_809' title='bbox 902 2045 974 2071; x_wconf 87' lang='lat' dir='ltr'><strong>enim</strong></span> <span class='ocrx_word' id='word_1_810' title='bbox 991 2045 1024 2077; x_wconf 65' lang='lat'><strong>9’,</strong></span> <span class='ocrx_word' id='word_1_811' title='bbox 1044 2044 1106 2078; x_wconf 87' lang='lat' dir='ltr'><strong>quia</strong></span> <span class='ocrx_word' id='word_1_812' title='bbox 1134 2043 1253 2078; x_wconf 65' lang='lat' dir='ltr'><strong>zEgyptii</strong></span> <span class='ocrx_word' id='word_1_813' title='bbox 1269 2042 1489 2070; x_wconf 85' lang='lat' dir='ltr'><strong>abominabantur</strong></span> <span class='ocrx_word' id='word_1_814' title='bbox 1500 2044 1570 2078; x_wconf 68' lang='lat' dir='ltr'><strong>[illos</strong></span> <span class='ocrx_word' id='word_1_815' title='bbox 1591 2044 1689 2076; x_wconf 70' lang='lat' dir='ltr'><strong>Israel,</strong></span> 
     </span>
    </p>
   </div>
   <div class='ocr_carea' id='block_1_107' title="bbox 902 2089 1690 2125">
    <p class='ocr_par' dir='ltr' id='par_1_107' title="bbox 902 2089 1690 2125">
     <span class='ocr_line' id='line_1_107' title="bbox 902 2089 1690 2125; baseline 0 -8"><span class='ocrx_word' id='word_1_816' title='bbox 902 2096 925 2117; x_wconf 84' lang='lat' dir='ltr'><strong>et</strong></span> <span class='ocrx_word' id='word_1_817' title='bbox 940 2098 986 2125; x_wconf 85' lang='lat' dir='ltr'><strong>per</strong></span> <span class='ocrx_word' id='word_1_818' title='bbox 1008 2091 1151 2124; x_wconf 79' lang='lat' dir='ltr'><strong>potentiam</strong></span> <span class='ocrx_word' id='word_1_819' title='bbox 1174 2091 1352 2124; x_wconf 82' lang='lat' dir='ltr'><strong>opprimebant</strong></span> <span class='ocrx_word' id='word_1_820' title='bbox 1374 2089 1494 2125; x_wconf 63' lang='lat' dir='ltr'><strong>Egyptii</strong></span> <span class='ocrx_word' id='word_1_821' title='bbox 1513 2090 1583 2124; x_wconf 74' lang='lat' dir='ltr'><strong>ﬁlios</strong></span> <span class='ocrx_word' id='word_1_822' title='bbox 1604 2089 1690 2117; x_wconf 70' lang='lat' dir='ltr'><strong>Israel</strong></span> 
     </span>
    </p>
   </div>
   <div class='ocr_carea' id='block_1_108' title="bbox 903 2136 1686 2171">
    <p class='ocr_par' dir='ltr' id='par_1_108' title="bbox 903 2136 1686 2171">
     <span class='ocr_line' id='line_1_108' title="bbox 903 2136 1686 2171; baseline 0.001 -9"><span class='ocrx_word' id='word_1_823' title='bbox 903 2136 1044 2168; x_wconf 80' lang='lat' dir='ltr'><strong>violenter,</strong></span> <span class='ocrx_word' id='word_1_824' title='bbox 1058 2141 1081 2162; x_wconf 86' lang='lat' dir='ltr'><strong>et</strong></span> <span class='ocrx_word' id='word_1_825' title='bbox 1094 2136 1241 2171; x_wconf 76' lang='lat' dir='ltr'><strong>alﬂigebant</strong></span> <span class='ocrx_word' id='word_1_826' title='bbox 1257 2137 1337 2163; x_wconf 86' lang='lat' dir='ltr'><strong>vitam</strong></span> <span class='ocrx_word' id='word_1_827' title='bbox 1349 2144 1440 2163; x_wconf 85' lang='lat' dir='ltr'><strong>eorum</strong></span> <span class='ocrx_word' id='word_1_828' title='bbox 1455 2137 1482 2162; x_wconf 83' lang='lat' dir='ltr'><strong>in</strong></span> <span class='ocrx_word' id='word_1_829' title='bbox 1499 2137 1620 2170; x_wconf 68' lang='lat' dir='ltr'><strong>operibus</strong></span> <span class='ocrx_word' id='word_1_830' title='bbox 1636 2138 1686 2163; x_wconf 89' lang='lat' dir='ltr'><strong>du-</strong></span> 
     </span>
    </p>
   </div>
   <div class='ocr_carea' id='block_1_109' title="bbox 903 2181 1690 2216">
    <p class='ocr_par' dir='ltr' id='par_1_109' title="bbox 903 2181 1690 2216">
     <span class='ocr_line' id='line_1_109' title="bbox 903 2181 1690 2216; baseline 0.001 -10"><span class='ocrx_word' id='word_1_831' title='bbox 903 2181 949 2214; x_wconf 76' lang='lat' dir='ltr'><strong>ris,</strong></span> <span class='ocrx_word' id='word_1_832' title='bbox 966 2183 1021 2207; x_wconf 81' lang='lat' dir='ltr'><strong>luta</strong></span> <span class='ocrx_word' id='word_1_833' title='bbox 1035 2185 1059 2207; x_wconf 79' lang='lat' dir='ltr'><strong>et</strong></span> <span class='ocrx_word' id='word_1_834' title='bbox 1074 2182 1156 2208; x_wconf 73' lang='lat' dir='ltr'><strong>latore</strong></span> <span class='ocrx_word' id='word_1_835' title='bbox 1168 2201 1175 2214; x_wconf 82' lang='lat'><strong>,</strong></span> <span class='ocrx_word' id='word_1_836' title='bbox 1198 2186 1221 2207; x_wconf 84' lang='lat' dir='ltr'><strong>et</strong></span> <span class='ocrx_word' id='word_1_837' title='bbox 1237 2182 1358 2208; x_wconf 72' lang='lat' dir='ltr'><strong>omnibus</strong></span> <span class='ocrx_word' id='word_1_838' title='bbox 1390 2183 1511 2216; x_wconf 71' lang='lat' dir='ltr'><strong>operibus</strong></span> <span class='ocrx_word' id='word_1_839' title='bbox 1533 2189 1591 2216; x_wconf 69' lang='lat' dir='ltr'><strong>qua:</strong></span> <span class='ocrx_word' id='word_1_840' title='bbox 1614 2186 1690 2209; x_wconf 75' lang='lat' dir='ltr'><strong>erant</strong></span> 
     </span>
    </p>
   </div>
   <div class='ocr_carea' id='block_1_110' title="bbox 902 2223 1689 2262">
    <p class='ocr_par' dir='ltr' id='par_1_110' title="bbox 902 2223 1689 2262">
     <span class='ocr_line' id='line_1_110' title="bbox 902 2223 1689 2262; baseline 0.004 -10"><span class='ocrx_word' id='word_1_841' title='bbox 902 2227 929 2252; x_wconf 76' lang='lat' dir='ltr'><strong>in</strong></span> <span class='ocrx_word' id='word_1_842' title='bbox 946 2227 1056 2261; x_wconf 73' lang='lat' dir='ltr'><strong>campis,</strong></span> <span class='ocrx_word' id='word_1_843' title='bbox 1069 2227 1094 2254; x_wconf 90' lang='lat' dir='ltr'><strong>itt</strong></span> <span class='ocrx_word' id='word_1_844' title='bbox 1109 2228 1207 2262; x_wconf 90' lang='lat' dir='ltr'><strong>quibus</strong></span> <span class='ocrx_word' id='word_1_845' title='bbox 1218 2228 1346 2255; x_wconf 87' lang='lat' dir='ltr'><strong>omnibus</strong></span> <span class='ocrx_word' id='word_1_846' title='bbox 1359 2224 1386 2255; x_wconf 89' lang='lat' dir='ltr'><strong>in</strong></span> <span class='ocrx_word' id='word_1_847' title='bbox 1400 2223 1561 2255; x_wconf 69' lang='lat' dir='ltr'><strong>Servitutem</strong></span> <span class='ocrx_word' id='word_1_848' title='bbox 1577 2237 1624 2256; x_wconf 84' lang='lat' dir='ltr'><strong>eos</strong></span> <span class='ocrx_word' id='word_1_849' title='bbox 1643 2236 1689 2255; x_wconf 67' lang='lat' dir='ltr'><strong>reo</strong></span> 
     </span>
    </p>
   </div>
   <div class='ocr_carea' id='block_1_111' title="bbox 902 2273 1696 2309">
    <p class='ocr_par' dir='ltr' id='par_1_111' title="bbox 902 2273 1696 2309">
     <span class='ocr_line' id='line_1_111' title="bbox 902 2273 1696 2309; baseline 0.005 -11"><span class='ocrx_word' id='word_1_850' title='bbox 902 2273 1031 2307; x_wconf 78' lang='lat' dir='ltr'><strong>digebant</strong></span> <span class='ocrx_word' id='word_1_851' title='bbox 1052 2280 1112 2299; x_wconf 79' lang='lat' dir='ltr'><strong>cum</strong></span> <span class='ocrx_word' id='word_1_852' title='bbox 1131 2273 1166 2300; x_wconf 90' lang='lat' dir='ltr'><strong>vi.</strong></span> <span class='ocrx_word' id='word_1_853' title='bbox 1181 2273 1291 2301; x_wconf 79' lang='lat' dir='ltr'><strong>Intende</strong></span> <span class='ocrx_word' id='word_1_854' title='bbox 1303 2273 1368 2309; x_wconf 83' lang='lat' dir='ltr'><strong>ergo</strong></span> <span class='ocrx_word' id='word_1_855' title='bbox 1382 2274 1537 2309; x_wconf 80' lang='lat' dir='ltr'><strong>diligentius</strong></span> <span class='ocrx_word' id='word_1_856' title='bbox 1552 2274 1696 2308; x_wconf 69' lang='lat' dir='ltr'><strong>quomodo</strong></span> 
     </span>
    </p>
   </div>
   <div class='ocr_carea' id='block_1_112' title="bbox 901 2316 1686 2351">
    <p class='ocr_par' dir='ltr' id='par_1_112' title="bbox 901 2316 1686 2351">
     <span class='ocr_line' id='line_1_112' title="bbox 901 2316 1686 2351; baseline 0.005 -9"><span class='ocrx_word' id='word_1_857' title='bbox 901 2316 1005 2343; x_wconf 66' lang='lat' dir='ltr'><strong>llcbrmi</strong></span> <span class='ocrx_word' id='word_1_858' title='bbox 1032 2319 1190 2345; x_wconf 89' lang='lat' dir='ltr'><strong>scribuntur</strong></span> <span class='ocrx_word' id='word_1_859' title='bbox 1209 2318 1341 2346; x_wconf 88' lang='lat' dir='ltr'><strong>violenter</strong></span> <span class='ocrx_word' id='word_1_860' title='bbox 1355 2320 1382 2346; x_wconf 92' lang='lat' dir='ltr'><strong>in</strong></span> <span class='ocrx_word' id='word_1_861' title='bbox 1397 2320 1555 2346; x_wconf 82' lang='lat' dir='ltr'><strong>servitutem</strong></span> <span class='ocrx_word' id='word_1_862' title='bbox 1574 2320 1686 2351; x_wconf 86' lang='lat' dir='ltr'><strong>redacti,</strong></span> 
     </span>
    </p>
   </div>
   <div class='ocr_carea' id='block_1_113' title="bbox 902 2363 1687 2400">
    <p class='ocr_par' dir='ltr' id='par_1_113' title="bbox 902 2363 1687 2400">
     <span class='ocr_line' id='line_1_113' title="bbox 902 2363 1687 2400; baseline 0.005 -12"><span class='ocrx_word' id='word_1_863' title='bbox 902 2363 1000 2396; x_wconf 86' lang='lat' dir='ltr'><strong>quibus</strong></span> <span class='ocrx_word' id='word_1_864' title='bbox 1016 2364 1151 2391; x_wconf 86' lang='lat' dir='ltr'><strong>naturalis</strong></span> <span class='ocrx_word' id='word_1_865' title='bbox 1167 2366 1254 2392; x_wconf 88' lang='lat' dir='ltr'><strong>inerat</strong></span> <span class='ocrx_word' id='word_1_866' title='bbox 1269 2365 1391 2397; x_wconf 82' lang='lat' dir='ltr'><strong>libertas,</strong></span> <span class='ocrx_word' id='word_1_867' title='bbox 1405 2373 1466 2400; x_wconf 64' lang='lat' dir='ltr'><strong>quae</strong></span> <span class='ocrx_word' id='word_1_868' title='bbox 1484 2373 1536 2391; x_wconf 81' lang='lat' dir='ltr'><strong>noti</strong></span> <span class='ocrx_word' id='word_1_869' title='bbox 1552 2365 1591 2392; x_wconf 91' lang='lat' dir='ltr'><strong>eis</strong></span> <span class='ocrx_word' id='word_1_870' title='bbox 1608 2365 1687 2392; x_wconf 75' lang='lat' dir='ltr'><strong>facile</strong></span> 
     </span>
    </p>
   </div>
   <div class='ocr_carea' id='block_1_114' title="bbox 903 2407 1688 2444">
    <p class='ocr_par' dir='ltr' id='par_1_114' title="bbox 903 2407 1688 2444">
     <span class='ocr_line' id='line_1_114' title="bbox 903 2407 1688 2444; baseline 0.005 -11"><span class='ocrx_word' id='word_1_871' title='bbox 903 2407 942 2434; x_wconf 85' lang='lat' dir='ltr'><strong>vel</strong></span> <span class='ocrx_word' id='word_1_872' title='bbox 958 2416 1006 2442; x_wconf 87' lang='lat' dir='ltr'><strong>per</strong></span> <span class='ocrx_word' id='word_1_873' title='bbox 1020 2409 1206 2443; x_wconf 84' lang='lat' dir='ltr'><strong>deceptioucm</strong></span> <span class='ocrx_word' id='word_1_874' title='bbox 1223 2410 1353 2444; x_wconf 87' lang='lat' dir='ltr'><strong>aliquatn.</strong></span> <span class='ocrx_word' id='word_1_875' title='bbox 1366 2411 1412 2437; x_wconf 82' lang='lat' dir='ltr'><strong>sed</strong></span> <span class='ocrx_word' id='word_1_876' title='bbox 1425 2418 1484 2437; x_wconf 89' lang='lat' dir='ltr'><strong>cum</strong></span> <span class='ocrx_word' id='word_1_877' title='bbox 1500 2411 1524 2436; x_wconf 94' lang='lat' dir='ltr'><strong>vi</strong></span> <span class='ocrx_word' id='word_1_878' title='bbox 1539 2416 1688 2443; x_wconf 80' lang='lat' dir='ltr'><strong>extorque-</strong></span> 
     </span>
    </p>
   </div>
   <div class='ocr_carea' id='block_1_115' title="bbox 902 2453 1686 2490">
    <p class='ocr_par' dir='ltr' id='par_1_115' title="bbox 902 2453 1686 2490">
     <span class='ocr_line' id='line_1_115' title="bbox 902 2453 1686 2490; baseline 0.005 -11"><span class='ocrx_word' id='word_1_879' title='bbox 902 2453 990 2480; x_wconf 90' lang='lat' dir='ltr'><strong>batur.</strong></span> <span class='ocrx_word' id='word_1_880' title='bbox 1007 2453 1113 2481; x_wconf 79' lang='lat' dir='ltr'><strong>Pharao</strong></span> <span class='ocrx_word' id='word_1_881' title='bbox 1130 2463 1194 2482; x_wconf 92' lang='lat' dir='ltr'><strong>vero</strong></span> <span class='ocrx_word' id='word_1_882' title='bbox 1205 2454 1362 2490; x_wconf 67' lang='lat' dir='ltr'><strong>Egyptium</strong></span> <span class='ocrx_word' id='word_1_883' title='bbox 1379 2456 1505 2490; x_wconf 84' lang='lat' dir='ltr'><strong>populant</strong></span> <span class='ocrx_word' id='word_1_884' title='bbox 1531 2455 1611 2482; x_wconf 78' lang='lat' dir='ltr'><strong>facile</strong></span> <span class='ocrx_word' id='word_1_885' title='bbox 1634 2456 1686 2483; x_wconf 87' lang='lat' dir='ltr'><strong>sibi</strong></span> 
     </span>
    </p>
   </div>
   <div class='ocr_carea' id='block_1_116' title="bbox 902 2499 1684 2536">
    <p class='ocr_par' dir='ltr' id='par_1_116' title="bbox 902 2499 1684 2536">
     <span class='ocr_line' id='line_1_116' title="bbox 902 2499 1684 2536; baseline 0.001 -10"><span class='ocrx_word' id='word_1_886' title='bbox 902 2499 927 2526; x_wconf 88' lang='lat' dir='ltr'><strong>itt</strong></span> <span class='ocrx_word' id='word_1_887' title='bbox 955 2502 1111 2527; x_wconf 85' lang='lat' dir='ltr'><strong>servitutem</strong></span> <span class='ocrx_word' id='word_1_888' title='bbox 1128 2502 1250 2536; x_wconf 76' lang='lat' dir='ltr'><strong>redegit,</strong></span> <span class='ocrx_word' id='word_1_889' title='bbox 1280 2510 1328 2529; x_wconf 89' lang='lat' dir='ltr'><strong>nec</strong></span> <span class='ocrx_word' id='word_1_890' title='bbox 1343 2502 1473 2529; x_wconf 89' lang='lat' dir='ltr'><strong>scribitur</strong></span> <span class='ocrx_word' id='word_1_891' title='bbox 1487 2501 1558 2536; x_wconf 89' lang='lat' dir='ltr'><strong>quod</strong></span> <span class='ocrx_word' id='word_1_892' title='bbox 1582 2509 1642 2528; x_wconf 85' lang='lat' dir='ltr'><strong>cum</strong></span> <span class='ocrx_word' id='word_1_893' title='bbox 1660 2502 1684 2528; x_wconf 89' lang='lat' dir='ltr'><strong>vi</strong></span> 
     </span>
    </p>
   </div>
   <div class='ocr_carea' id='block_1_117' title="bbox 902 2546 1684 2581">
    <p class='ocr_par' dir='ltr' id='par_1_117' title="bbox 902 2546 1684 2581">
     <span class='ocr_line' id='line_1_117' title="bbox 902 2546 1684 2581; baseline 0.003 -9"><span class='ocrx_word' id='word_1_894' title='bbox 902 2546 951 2573; x_wconf 88' lang='lat' dir='ltr'><strong>hoc</strong></span> <span class='ocrx_word' id='word_1_895' title='bbox 967 2546 1072 2574; x_wconf 75' lang='lat' dir='ltr'><strong>iecerit.</strong></span> <span class='ocrx_word' id='word_1_896' title='bbox 1086 2547 1224 2575; x_wconf 73' lang='lat' dir='ltr'><strong>Proclives</strong></span> <span class='ocrx_word' id='word_1_897' title='bbox 1237 2548 1309 2574; x_wconf 82' lang='lat' dir='ltr'><strong>enim</strong></span> <span class='ocrx_word' id='word_1_898' title='bbox 1336 2550 1400 2574; x_wconf 86' lang='lat' dir='ltr'><strong>sunt</strong></span> <span class='ocrx_word' id='word_1_899' title='bbox 1415 2546 1537 2581; x_wconf 66' lang='lat' dir='ltr'><strong>Egyptii</strong></span> <span class='ocrx_word' id='word_1_900' title='bbox 1553 2547 1587 2573; x_wconf 88' lang='lat' dir='ltr'><strong>ad</strong></span> <span class='ocrx_word' id='word_1_901' title='bbox 1603 2547 1684 2581; x_wconf 76' lang='lat' dir='ltr'><strong>dege-</strong></span> 
     </span>
    </p>
   </div>
   <div class='ocr_carea' id='block_1_118' title="bbox 1139 2632 1682 2662">
    <p class='ocr_par' dir='ltr' id='par_1_118' title="bbox 1139 2632 1682 2662">
     <span class='ocr_line' id='line_1_118' title="bbox 1139 2632 1682 2662; baseline 0.002 -4"><span class='ocrx_word' id='word_1_902' title='bbox 1139 2632 1163 2648; x_wconf 77' lang='lat'>&quot;</span> <span class='ocrx_word' id='word_1_903' title='bbox 1178 2632 1247 2659; x_wconf 78' lang='lat' dir='ltr'><strong>Psal.</strong></span> <span class='ocrx_word' id='word_1_904' title='bbox 1271 2639 1309 2662; x_wconf 78' lang='lat' dir='ltr'><strong>cr.</strong></span> <span class='ocrx_word' id='word_1_905' title='bbox 1325 2632 1366 2658; x_wconf 81' lang='lat'><strong>25.</strong></span> <span class='ocrx_word' id='word_1_906' title='bbox 1424 2633 1446 2648; x_wconf 87' lang='lat'><strong>&quot;</strong></span> <span class='ocrx_word' id='word_1_907' title='bbox 1461 2634 1559 2659; x_wconf 78' lang='lat' dir='ltr'><strong>Geues.</strong></span> <span class='ocrx_word' id='word_1_908' title='bbox 1579 2640 1640 2660; x_wconf 80' lang='lat' dir='ltr'><strong>xxv.</strong></span> <span class='ocrx_word' id='word_1_909' title='bbox 1655 2632 1682 2659; x_wconf 76' lang='lat'><strong>3.</strong></span> 
     </span>
    </p>
   </div>
   <div class='ocr_carea' id='block_1_119' title="bbox 1075 2665 1682 2698">
    <p class='ocr_par' dir='ltr' id='par_1_119' title="bbox 1075 2665 1682 2698">
     <span class='ocr_line' id='line_1_119' title="bbox 1075 2665 1682 2698; baseline 0 -6"><span class='ocrx_word' id='word_1_910' title='bbox 1075 2667 1097 2682; x_wconf 84' lang='lat'><strong>&#39;°</strong></span> <span class='ocrx_word' id='word_1_911' title='bbox 1119 2665 1197 2693; x_wconf 78' lang='lat' dir='ltr'><strong>Joan.</strong></span> <span class='ocrx_word' id='word_1_912' title='bbox 1216 2675 1252 2693; x_wconf 77' lang='lat' dir='ltr'><strong>Ix.</strong></span> <span class='ocrx_word' id='word_1_913' title='bbox 1309 2667 1330 2682; x_wconf 89' lang='lat'>“</span> <span class='ocrx_word' id='word_1_914' title='bbox 1346 2667 1444 2694; x_wconf 87' lang='lat' dir='ltr'><strong>Geues.</strong></span> <span class='ocrx_word' id='word_1_915' title='bbox 1460 2676 1542 2698; x_wconf 68' lang='lat' dir='ltr'><strong>xcvtt,</strong></span> <span class='ocrx_word' id='word_1_916' title='bbox 1558 2668 1593 2694; x_wconf 73' lang='lat'><strong>20</strong></span> <span class='ocrx_word' id='word_1_917' title='bbox 1606 2689 1612 2696; x_wconf 95' lang='lat'><strong>.</strong></span> <span class='ocrx_word' id='word_1_918' title='bbox 1638 2669 1682 2694; x_wconf 63' lang='lat'><strong>2|.</strong></span> 
     </span>
    </p>
   </div>
   <div class='ocr_carea' id='block_1_120' title="bbox 926 2747 1684 2786">
    <p class='ocr_par' dir='ltr' id='par_1_120' title="bbox 926 2747 1684 2786">
     <span class='ocr_line' id='line_1_120' title="bbox 926 2747 1684 2786; baseline 0.005 -13"><span class='ocrx_word' id='word_1_919' title='bbox 926 2747 979 2786; x_wconf 32' lang='grc' dir='ltr'><strong>μ)-</strong></span> <span class='ocrx_word' id='word_1_920' title='bbox 990 2747 1074 2786; x_wconf 41' lang='lat' dir='ltr'><strong>tilias.</strong></span> <span class='ocrx_word' id='word_1_921' title='bbox 1089 2747 1200 2781; x_wconf 77' lang='lat' dir='ltr'><strong>legatur.</strong></span> <span class='ocrx_word' id='word_1_922' title='bbox 1216 2747 1286 2786; x_wconf 77' lang='lat' dir='ltr'><strong>Infra</strong></span> <span class='ocrx_word' id='word_1_923' title='bbox 1300 2754 1382 2786; x_wconf 83' lang='lat' dir='ltr'><strong>_t_us_s.,</strong></span> <span class='ocrx_word' id='word_1_924' title='bbox 1402 2756 1583 2775; x_wconf 86' lang='lat' dir='ltr'><strong>memorantur</strong></span> <span class='ocrx_word' id='word_1_925' title='bbox 1598 2750 1684 2777; x_wconf 79' lang='lat' dir='ltr'><strong>addu-</strong></span> 
     </span>
    </p>
   </div>
   <div class='ocr_carea' id='block_1_121' title="bbox 895 2782 1362 2814">
    <p class='ocr_par' dir='ltr' id='par_1_121' title="bbox 895 2782 1362 2814">
     <span class='ocr_line' id='line_1_121' title="bbox 895 2782 1362 2814; baseline 0.002 -6"><span class='ocrx_word' id='word_1_926' title='bbox 895 2783 941 2808; x_wconf 81' lang='lat' dir='ltr'><strong>cti.</strong></span> <span class='ocrx_word' id='word_1_927' title='bbox 959 2782 1052 2814; x_wconf 79' lang='lat' dir='ltr'><strong>Editi.,</strong></span> <span class='ocrx_word' id='word_1_928' title='bbox 1062 2787 1240 2809; x_wconf 83' lang='lat' dir='ltr'><strong>memorantur</strong></span> <span class='ocrx_word' id='word_1_929' title='bbox 1252 2783 1362 2809; x_wconf 80' lang='lat' dir='ltr'><strong>addicti.</strong></span> 
     </span>
    </p>
   </div>
  </div>
