1900 3060
126 105 146 132 2
151 105 180 134 ιο

738 103 770 131 ΙΝ
788 102 938 132 GENESIM
959 101 1099 130 IIOMILIA
1117 100 1188 129 XVI.

1710 99 1765 127 250

125 164 228 196 habito,
246 167 270 190 et
292 170 341 197 ego
361 170 406 189 ero
425 166 521 189 tecum.
536 161 690 189 Secundum
705 161 786 194 hanc,
804 166 834 188 ut
847 161 921 188 arbi-
939 163 961 190 Α
977 160 1074 192 rantes,
1088 167 1148 194 qua:
1169 157 1320 184 invalescat
1343 164 1425 191 super
1442 156 1560 184 terram?
1576 156 1626 190 Qui
1640 157 1711 184 enim
1729 158 1765 184 de

125 214 195 242 tror,
208 210 412 237 observantiam
421 208 502 242 longe
517 213 577 243 post
587 208 637 235 ista
651 213 772 243 tempora
785 208 920 242 Propheta

126 256 237 282 dicebat
259 255 283 271 ’⁸
303 254 438 281 :Juuenis
461 254 519 289 fui,
543 255 637 281 etenim
654 255 738 284 senui.
761 260 785 280 et
804 263 854 280 non
869 254 922 280 vidi

124 301 226 336 justum
247 300 416 331 derelictum,
431 307 476 326 nec
500 308 588 327 semen
602 299 659 332 eius
675 308 795 334 (μείω-ειη
810 308 920 333 panem.

127 347 161 374 Et
175 346 240 373 alibi
255 347 296 374 ’δε
312 346 373 373 Non
388 346 487 372 occidet
504 346 632 372 Dominus
645 353 654 381 ί
665 346 699 377 9)
719 346 789 380 fame
805 347 921 372 animum

123 393 205 428 justi.
220 392 259 419 Ex
272 392 373 426 quibus
382 392 509 419 omnibus
523 392 680 419 declaratur
694 397 794 418 terram
812 392 920 426 quidem

127 447 211 475 posse
225 439 281 473 pali
301 438 414 470 fantem,
426 443 454 466 et
472 446 520 465 eos
534 439 579 473 qui
594 444 700 465 terrena
713 438 831 472 sapiunt.
850 438 922 472 Quo-

127 493 188 512 rum
212 490 302 511 autent
325 485 376 512 iste
398 485 476 511 cibus
499 488 559 516 est.
582 489 612 511 ut
635 484 735 512 faciant
756 485 921 512 voluntatem

127 531 218 557 Patris
237 530 283 564 qui
303 530 331 556 itt
347 530 426 557 coalis
443 535 504 563 est,
526 536 554 557 et
577 537 692 565 quorum
708 530 828 558 animam
845 531 922 565 panis

128 576 172 603 ille
189 575 248 607 alit,
265 575 313 610 qui
330 575 364 602 de
386 576 458 602 ctelo
474 575 633 606 descendit,
650 584 787 610 nunquam
808 581 922 611 possunt

127 620 210 648 famis
240 620 333 648 inedia
359 620 494 647 laborare.
516 620 621 648 Idcirco
651 629 716 656 ergo
743 622 922 649 observanter

128 667 276 701 Scriptura
289 666 383 693 divina
395 674 448 693 non
462 666 528 694 dicit
540 674 588 694 eos
605 667 676 694 fame
691 667 807 694 obtineri
822 668 922 702 quibus

128 714 204 741 novit
224 720 285 741 esse
307 714 451 741 scientiam
472 713 531 745 Dei,
553 718 581 741 et
601 714 691 741 cibum
710 714 828 742 caelestis
848 723 922 749 prte-

126 760 185 786 beri
213 759 367 794 sapientiae.
394 759 449 786 Sed
473 763 501 786 et
529 759 555 786 in
580 759 661 786 tertio
678 759 833 795 Regnorum
853 761 922 788 libro

126 805 244 833 similem
261 805 296 832 de
313 805 446 833 relatione
469 805 551 833 fatuis
576 806 697 833 invenies
719 807 839 834 habitam
859 815 922 835 esse

125 851 274 884 cautelam,
289 851 332 878 ubi
349 858 413 877 cum
428 850 516 878 fames
532 851 692 878 invaluisset
707 860 790 886 super
806 857 917 885 terram,

127 898 264 924 dicentem
285 897 363 924 audis
380 897 465 923 Eliam
481 897 514 924 ad
534 897 628 925 Achab
640 898 684 924 πε
702 897 769 925 Viuit
792 898 920 926 Dominus

128 942 199 970 Deus
215 943 355 974 virtutum,
374 941 444 969 Deus
465 941 562 975 Israel,
583 944 611 970 in
625 943 701 978 cujus
714 951 851 978 conspectu
866 949 918 977 sto,

124 990 149 1016 si
162 991 189 1016 in
218 989 260 1015 Itis
285 989 362 1016 annis
390 996 433 1016 ros
452 988 490 1016 vel
503 989 594 1022 pluvia
613 990 694 1024 fuerit
713 998 793 1024 super
810 997 918 1023 terram,

125 1035 179 1062 nisi
195 1043 242 1069 per
256 1043 403 1062 sermonem
419 1034 472 1061 oris
488 1035 549 1062 mei.
568 1035 600 1062 Et
620 1040 680 1070 post
696 1036 755 1063 haec
775 1036 920 1064 mandatur

123 1086 140 1104 a
166 1078 283 1104 Domino
311 1078 403 1105 corvis
432 1082 461 1105 ut
490 1083 603 1112 pascant
630 1080 812 1113 prophetam,
840 1085 869 1108 et
891 1085 921 1108 ut

123 1132 226 1159 aquam
250 1123 324 1151 bibat
346 1124 379 1151 de
400 1123 479 1160 Ι,οῇ
503 1128 623 1152 torrente
646 1125 762 1153 Corrath
786 1125 867 1162 (10).
888 1127 922 1154 Et

124 1169 228 1196 iterum
262 1170 288 1195 in
317 1169 442 1204 ,Sarepta
477 1169 597 1196 Sidonia:
632 1170 780 1198 mandatur
812 1171 919 1199 mulieri

125 1213 217 1240 vidua:
245 1220 360 1247 pascere
386 1213 560 1248 prophetam,
593 1219 623 1241 ut
652 1215 695 1242 cui
723 1223 776 1243 non
804 1216 920 1251 amplius

123 1266 208 1294 quam
228 1259 308 1286 unius
330 1259 384 1286 diei
398 1264 541 1293 supererat
557 1260 645 1288 victus
658 1280 665 1293 ,
685 1261 827 1296 largiendo
844 1262 922 1290 inde-

127 1306 226 1333 ﬁeiens
243 1305 330 1337 fieret,
344 1310 372 1334 et
387 1304 575 1340 multipliciter
591 1307 743 1334 abundaret
756 1307 919 1336 exhaustus.

125 1350 229 1386 llydria
260 1351 332 1377 enint
358 1351 453 1378 farina:
483 1355 511 1379 et
535 1359 665 1387 capsaces
690 1351 743 1379 olei
769 1354 919 1381 secundum

123 1395 238 1423 verbum
261 1396 367 1424 Domini
387 1404 440 1423 non
462 1397 564 1424 defecit
592 1398 729 1432 pascendo
751 1398 919 1432 prophetam.

124 1442 233 1469 Similia
245 1449 355 1477 quoque
368 1443 490 1471 invenies
501 1444 586 1470 etiam
600 1443 625 1470 in
640 1444 808 1478 temporibus
820 1444 921 1488 Elistci',

123 1496 186 1515 cum
209 1488 282 1515 filius
303 1489 376 1516 Ader
407 1488 483 1524 (Η)
509 1497 557 1516 rex
578 1489 663 1525 Syria:
681 1491 804 1518 ascendit
826 1492 956 1536 adver-c

123 1542 184 1561 sum
212 1534 382 1566 Samariam,
411 1540 438 1562 et
467 1535 572 1562 obsedit
604 1543 687 1562 eam:
706 1536 740 1563 Et
769 1537 841 1571 facta
861 1543 917 1571 est,

124 1581 212 1615 inquit
227 1581 261 1611 ",
277 1581 361 1615 fartres
377 1589 472 1616 magna
491 1581 518 1607 in
537 1580 663 1608 Samaria
687 1590 818 1617 usquequo
834 1584 917 1619 efﬁce-

123 1633 198 1654 retur
221 1632 299 1661 caput
323 1627 393 1654 asini
423 1628 615 1662 quinquaginta
638 1630 711 1655 siclis
729 1631 869 1664 argenteis,
893 1636 917 1658 et

122 1673 291 1708 quartarium
321 1674 444 1700 stercoris
471 1674 612 1701 columbini
636 1675 751 1709 quinque
774 1679 915 1711 argenteis.

124 1719 178 1746 Sed
192 1719 283 1746 subito
303 1726 351 1753 per
373 1720 485 1746 verbum
505 1720 645 1754 propheta:
665 1720 695 1747 lit
715 1722 782 1748 mira
800 1729 916 1750 conver-

122 1765 176 1796 sio,
202 1765 318 1792 dicentis
334 1765 356 1781 ’7
375 1773 382 1791 :
400 1766 472 1792 Audi
496 1765 599 1792 verbum
623 1765 739 1793 Domini.
764 1766 828 1794 Ha’c
851 1769 916 1796 dicit

124 1809 254 1836 Dominus
282 1809 354 1837 Deus
373 1817 383 1837 :
398 1810 472 1838 Sicut
494 1809 543 1836 hac
566 1810 633 1837 liora
654 1812 770 1839 crastino
793 1822 917 1842 mensura

123 1855 282 1890 similaginis
299 1855 364 1882 siclo
385 1864 454 1888 uno,
469 1861 494 1884 et
512 1857 572 1885 dute
590 1867 719 1887 mensura:
740 1860 832 1886 hordei
851 1860 916 1888 siclo

123 1907 177 1926 uno
193 1900 221 1926 in
231 1900 315 1933 portis
328 1900 459 1928 Samaria:
468 1907 556 1930 erunt.
576 1902 657 1931 Vides
672 1912 736 1940 ergo
749 1912 782 1932 ex
800 1906 842 1933 his
856 1913 916 1933 om-

123 1946 206 1973 nibus
232 1946 298 1980 quid
329 1945 484 1981 colligatur,
516 1947 583 1982 quia
607 1957 668 1976 cum
699 1955 799 1978 terram
828 1951 915 1980 fames

122 1993 256 2024 obtineat,
271 2001 324 2020 non
339 1993 425 2020 solum
442 2000 493 2020 non
508 1994 616 2022 obtinet
628 1995 729 2030 justas,
747 1998 795 2025 sed
809 1998 914 2026 medela

123 2040 215 2074 potius
230 2047 277 2074 per
291 2046 339 2066 eos
354 2039 495 2066 intentata:
507 2040 575 2067 cladi
595 2041 730 2070 defertur.

158 2086 187 2112 ι.
205 2085 272 2112 Cum
289 2091 353 2119 ergo
370 2085 462 2112 videas
485 2086 638 2121 hujusmodi
660 2088 863 2117 observantiam
885 2090 913 2118 in

122 2131 249 2158 oumibus
280 2138 350 2164 pene
379 2130 529 2165 Scriptum
563 2138 665 2160 sanctze
703 2134 770 2162 locis
805 2135 913 2170 integre

975 212 1047 234 lerra
1075 210 1148 238 Slllll,
1180 209 1207 232 Cl
1235 208 1341 231 terrena
1370 204 1489 238 sapiunt,
1514 207 1542 229 et
1567 211 1620 229 ll0ll
1653 209 1765 237 pOSSlHll.

973 253 1113 287 percipere
1130 259 1189 286 qua:
1206 255 1269 278 sunt
1290 249 1411 283 Spiritus
1426 249 1470 276 Dei
1481 268 1488 281 ,
1509 249 1606 276 famem
1622 249 1699 276 verbi
1718 249 1765 276 Dei

973 298 1123 333 patiuntur,
1140 296 1205 331 legis
1222 297 1349 323 mamlata
1367 303 1420 322 non
1439 295 1563 327 audiunt,
1579 295 1766 329 correptiones

972 344 1164 380 prophetarum
1195 343 1341 373 nesciunt,
1370 342 1535 376 apostolicas
1563 340 1766 368 consolationes

974 391 1119 425 ignorant,
1142 397 1194 416 non
1216 389 1341 416 sentiunt
1363 388 1504 423 Evangelii
1532 387 1705 414 medicinam.
1733 387 1767 413 Et

974 437 1034 464 ideo
1057 437 1090 464 de
1115 436 1158 463 his
1183 435 1282 461 merito
1307 434 1426 466 dicitur,
1446 435 1517 468 quod
1543 434 1659 461 invaluit
1679 434 1765 460 fames

973 490 1054 517 super
1069 489 1127 509 eos.
1148 480 1233 508 iustis
1254 484 1357 511 autem,
1379 484 1406 507 et
1428 481 1453 507 in
1479 480 1537 514 lege
1554 479 1662 507 Domini
1678 480 1765 507 medi-

974 528 1094 555 tantibus
1112 527 1154 554 die
1175 534 1207 554 ac
1223 530 1314 558 nocte,
1331 526 1464 561 sapientia
1483 530 1616 560 praeparat
1642 532 1764 552 mensam

973 583 1061 607 suam,
1091 574 1192 602 occidit
1215 575 1342 601 victimas
1370 580 1444 604 suas,
1473 572 1570 599 miscet
1600 571 1627 598 in
1658 575 1766 598 cratere

972 621 1065 648 vinum
1077 629 1155 648 suum
1172 622 1205 653 θ’,
1220 625 1363 647 etsununa
1380 627 1446 646 voce
1461 619 1572 650 clamat,
1589 625 1643 645 non
1658 623 1687 644 ut
1701 625 1764 644 om~

973 675 1022 694 nes
1035 667 1141 693 veniant
1156 686 1163 696 .
1184 674 1237 693 non
1265 671 1294 692 ut
1313 665 1496 692 abundantes.
1523 672 1576 690 non
1605 668 1634 690 ut
1655 664 1764 696 divites,

973 719 1062 747 neque
1091 716 1119 739 ut
1138 712 1277 746 sapientes
1292 711 1373 745 hujus
1391 710 1484 738 mundi
1509 710 1646 737 divertant
1668 709 1702 736 ad
1722 717 1764 740 se,

972 760 1020 785 sed
1038 758 1059 785 si
1085 757 1130 792 qui
1154 761 1229 791 sunt,
1257 757 1356 792 inquit,
1374 757 1469 791 inopes
1491 763 1584 789 sensu,
1600 756 1712 783 veniant
1730 757 1763 782 ad

974 811 1028 837 me,
1047 804 1073 830 id
1090 809 1142 836 est,
1161 803 1184 830 si
1197 803 1242 837 qui
1257 808 1319 829 sunt
1330 802 1447 830 humiles
1459 803 1552 833 corde,
1566 802 1612 837 qui
1629 809 1644 829 a
1655 801 1764 829 Christo

937 833 958 859 Β
972 833 1232 875 (1.ι1ἷρει·υιιιήιὶιὲε
1256 854 1317 874 esse
1336 850 1372 878 et
1392 846 1509 873 humiles
1532 833 1617 873 corde
1649 847 1669 879 ί,
1691 847 1764 881 quod

969 894 1032 921 alibi
1052 893 1150 921 dicitur
1160 893 1255 928 spiritu
1273 900 1422 928 pauperes,
1446 893 1494 920 sed
1514 893 1567 920 flde
1594 893 1703 925 divites,
1720 893 1762 919 isti

970 940 1134 967 conveniant
1156 939 1190 966 ad
1213 939 1307 974 epulas
1328 939 1489 973 sapientiae,
1516 943 1543 965 et
1568 938 1683 973 dapibus
1707 939 1765 973 cjus

971 984 1062 1012 refecti
1078 984 1214 1019 depellant
1235 984 1335 1012 famem
1365 992 1425 1018 quae
1448 984 1590 1012 invalescit
1605 992 1687 1018 super
1710 989 1765 1010 ter-

972 1038 1040 1058 ram.
1056 1029 1123 1058 Vide
1137 1038 1202 1066 ergo
1219 1038 1253 1058 ne
1269 1034 1297 1058 et
1316 1035 1343 1058 tu
1360 1030 1431 1058 forte
1447 1030 1595 1057 inveniaris
1607 1029 1763 1064 Egyptias,

971 1080 998 1103 et
1014 1076 1137 1104 obtineat
1150 1080 1175 1103 te
1192 1076 1277 1103 fatnes
1288 1096 1295 1109 ,
1314 1084 1348 1104 ne
1367 1076 1438 1103 forte
1458 1076 1549 1103 sacculi
1563 1076 1669 1103 actibus
1681 1083 1764 1102 oecu-

971 1130 1051 1156 patus
1073 1128 1121 1149 aut
1143 1123 1269 1149 avaritia).
1290 1122 1407 1149 vinculis
1430 1122 1555 1153 strictus,
1581 1126 1628 1148 aut
1649 1121 1763 1147 luxuria:

971 1168 1102 1196 effusione
1124 1169 1279 1202 resolutus,
1318 1168 1424 1196 alienus
1448 1167 1573 1195 cllieiaris
1589 1176 1603 1194 a
1625 1168 1764 1201 sapientiae

971 1215 1052 1246 cibis,
1077 1215 1122 1249 qui
1146 1222 1254 1249 semper
1272 1214 1298 1241 in
1317 1213 1364 1241 Dei
1390 1214 1517 1241 ecclesiis
1539 1214 1715 1240 exhibentur.
1733 1212 1762 1240 Si

971 1261 1045 1289 enim
1062 1265 1171 1288 avertas
1188 1260 1311 1287 auditum
1329 1261 1362 1287 ab
1383 1259 1437 1291 his,
1458 1267 1517 1294 qua:
1531 1259 1571 1286 vel
1595 1259 1720 1294 leguntur
1735 1260 1761 1286 in

977 1306 1104 1338 ecclesia,
1117 1306 1158 1333 vel
1175 1306 1360 1341 disputantur,
1379 1306 1438 1333 sine
1461 1305 1544 1333 dubio
1568 1306 1669 1333 famem
1684 1306 1760 1333 verbi

973 1352 1020 1379 Dei
1034 1353 1156 1386 patieris.
1170 1353 1197 1379 Si
1214 1359 1278 1379 vero
1294 1353 1326 1378 de
1342 1352 1480 1378 Abraham
1494 1353 1580 1386 stirpe
1597 1353 1761 1386 descendas,

972 1403 1000 1426 et
1015 1399 1184 1426 nobilitatem
1202 1398 1342 1426 lsraelitici
1362 1398 1471 1433 generis
1492 1399 1630 1426 custodias
1643 1419 1650 1431 ,
1675 1400 1762 1434 pascit

975 1449 1000 1471 te
1011 1452 1118 1479 semper
1133 1444 1188 1475 lex,
1207 1450 1323 1479 pascunt
1345 1444 1501 1479 propheta-,
1526 1445 1655 1471 exhibent
1670 1444 1716 1472 tibi
1733 1449 1762 1472 ct

974 1489 1089 1524 προδιοΙί
1124 1489 1252 1524 opulenta
1285 1490 1420 1517 convivia.
1458 1490 1487 1517 ln
1521 1490 1625 1517 sinibus
1651 1498 1761 1525 quoque

971 1537 1119 1569 Abraham,
1146 1540 1174 1563 et
1202 1536 1286 1568 Isaac,
1314 1541 1341 1563 ct
1367 1535 1463 1569 Jacob,
1493 1537 1519 1563 in
1554 1544 1638 1571 regno
1672 1536 1760 1563 Patris

970 1584 1132 1610 recumbere
1146 1587 1171 1610 te
1189 1582 1343 1610 invitabunt
1359 1583 1505 1618 Evangelia
1517 1604 1524 1616 ,
1548 1588 1575 1610 ut
1593 1584 1628 1610 ibi
1645 1583 1760 1610 mandu-

969 1636 1015 1656 ccs
1031 1629 1064 1656 de
1080 1628 1152 1662 ligno
1174 1628 1252 1660 vitaz,
1266 1632 1292 1654 et
1311 1627 1387 1654 bibas
1404 1628 1496 1654 vinum
1512 1627 1545 1654 de
1555 1629 1609 1654 vite
1625 1634 1699 1660 vera,
1718 1627 1760 1654 vi-

969 1681 1033 1700 num
1053 1681 1151 1700 novum
1167 1680 1228 1700 cum
1242 1671 1350 1700 Christo
1365 1672 1391 1699 in
1409 1680 1489 1707 regno
1509 1672 1599 1700 Patris
1619 1672 1690 1706 ejus.
1716 1673 1758 1699 Ab

967 1719 1010 1747 his
1023 1719 1095 1746 enim
1111 1719 1179 1746 cibis
1195 1717 1512 1754 nonpossuntjejunarc,
1523 1726 1572 1746 nec
1588 1719 1686 1746 famem
1700 1719 1755 1754 pali

968 1765 1014 1792 lilii
1036 1765 1138 1800 sponsi,
1163 1765 1248 1792 donec
1272 1772 1332 1792 cum
1349 1765 1415 1799 ipsis
1429 1770 1470 1792 est
1484 1772 1611 1799 sponsus.

1001 1809 1029 1837 5.
1043 1809 1169 1837 llefertur
1185 1817 1251 1837 sane
1268 1810 1295 1836 in
1314 1811 1547 1844 consequentibus
1558 1810 1579 1842 ’,
1594 1811 1667 1844 quod
1685 1814 1757 1836 terra

967 1856 1140 1882 sacerdotum
1169 1854 1360 1889 ngyptiorum
1385 1862 1438 1882 non
1473 1855 1508 1882 sit
1541 1855 1567 1882 in
1596 1856 1755 1882 servitutem

967 1901 1079 1927 redacta
1107 1899 1261 1932 Pharaoni,
1291 1907 1378 1934 neque
1405 1908 1466 1927 cutn
1490 1900 1595 1928 caeteris
1620 1900 1757 1936 Egypziis

966 1947 1139 1974 vendiderint
1152 1946 1325 1981 semetipsos,
1341 1946 1388 1974 sed
1401 1948 1473 1982 quod
1490 1947 1660 1975 extrinsecus
1678 1955 1757 1975 acce-

966 1993 1068 2028 perint,
1084 1993 1126 2021 vel
1146 1994 1295 2028 frumenta;
1319 1994 1360 2022 vel
1378 2003 1502 2029 munera,
1531 2003 1584 2023 uoti
1609 2003 1624 2023 a
1644 1995 1755 2031 Ioseph,

966 2040 1013 2067 sed
1039 2040 1073 2067 ab
1100 2041 1160 2075 ipso
1176 2040 1329 2073 Pharaone,
1357 2047 1385 2070 et
1412 2047 1525 2077 propter
1548 2042 1599 2070 hoc
1624 2047 1754 2078 tanquattt

964 2085 1157 2113 familiariores
1190 2087 1318 2119 caeteris,
1363 2094 1416 2115 non
1447 2088 1622 2115 vendiderint
1653 2093 1754 2116 terram

964 2139 1043 2159 suam
1058 2131 1212 2166 Pharaoni;
1230 2132 1278 2160 sed
1292 2140 1341 2168 per
1353 2133 1405 2161 hoc
1418 2133 1563 2168 nequiores
1573 2141 1634 2162 esse
1645 2135 1753 2163 caeteris

123 2177 273 2208 custodiri,
299 2182 429 2205 converte
453 2178 510 2205 hare
536 2179 570 2206 ad
592 2181 726 2215 tropicum
743 2186 770 2209 et
786 2181 911 2217 allegori-
927 2174 949 2201 Ῐ)
964 2179 1157 2213 οειεηάιιιιῑυνι
1174 2179 1219 2214 (illi
1233 2187 1282 2214 PI'O
1296 2179 1380 2207 ﬂilnia
1397 2179 1597 2213 familiaritate,
1619 2188 1680 2217 quae
1691 2185 1752 2209 erat

123 2229 184 2248 cum
201 2229 331 2254 sensum,
355 2230 434 2257 quem
459 2223 580 2258 ipsorum
603 2225 777 2253 nihilominus
794 2229 912 2262 prophe-

123 2271 212 2294 tarum
230 2267 402 2295 sermonibus
420 2268 576 2297 edocemur.
600 2269 675 2297 Unus
690 2273 761 2298 enim
786 2280 818 2300 ex
843 2274 911 2301 duo-

122 2313 209 2340 decim
224 2313 365 2348 prophetis
383 2319 477 2349 aperte
492 2319 519 2342 et
531 2316 673 2343 evidenter
689 2317 837 2352 spiritalent
856 2320 909 2347 dici

122 2357 223 2385 famem
242 2359 315 2386 nudo
337 2366 462 2386 sermone
483 2361 641 2394 pronuntiat
666 2362 759 2391 dicens
780 2364 803 2380 ”
821 2373 828 2391 :
843 2364 911 2393 Ecce

121 2404 176 2431 dies
192 2405 308 2437 ueniunt,
329 2405 390 2431 dicit
405 2405 548 2436 Dominus.
560 2410 583 2432 et
595 2407 713 2434 emittam
724 2409 821 2443 [amem
833 2418 911 2444 super

122 2455 230 2482 terram,
254 2458 305 2477 non
330 2450 427 2484 famem
449 2451 540 2484 panis,
558 2461 640 2487 neque
654 2453 725 2480 sitim
744 2463 820 2490 aqua:
834 2475 841 2487 ,
863 2456 909 2483 sed

121 2495 217 2529 {autem
244 2496 371 2522 audiendi
399 2497 504 2524 verbum
532 2498 649 2526 Domini.
681 2499 762 2527 Vides
787 2508 848 2536 qua!
873 2502 908 2529 sit

120 2541 224 2574 iantes,
260 2549 321 2575 qua:
347 2543 452 2570 obtinet
483 2545 657 2578 peccatores?
683 2544 765 2572 Vides
790 2553 851 2580 qua:
872 2547 907 2574 sit

154 2596 178 2613 ’³
194 2597 266 2637 Psal.
283 2598 428 2637 assurgi
466 2598 577 2637 “Prov:
595 2608 622 2637 x_,
644 2600 672 2637 5.
696 2601 733 2637 ξι
746 2601 778 2628 lll
796 2600 934 2637 Reg.xvn,
955 2603 980 2630 i.

964 2225 1004 2253 eis
1025 2233 1086 2253 cum
1117 2225 1270 2260 Pharaone,
1295 2226 1363 2253 nihil
1388 2226 1586 2254 immutationis
1605 2227 1753 2262 rccipiunt,

964 2270 1011 2297 sed
1034 2277 1196 2305 permanent
1213 2271 1240 2298 in
1261 2271 1331 2298 mala
1355 2272 1547 2306 possessione,
1569 2277 1597 2300 et
1620 2273 1689 2300 sicut
1709 2273 1752 2301 his

963 2316 1009 2351 qui
1035 2316 1061 2343 in
1078 2317 1130 2344 [ide
1145 2321 1173 2344 et
1197 2317 1342 2345 sanctitate
1365 2318 1555 2352 profecerant,
1577 2318 1644 2346 dicit
1657 2319 1751 2346 Domi-

964 2370 1014 2390 nus
1030 2362 1040 2378 ³
1057 2369 1064 2389 :
1079 2363 1140 2390 lant
1163 2371 1214 2390 non
1235 2364 1294 2390 dico
1315 2372 1358 2392 vos
1381 2373 1480 2399 servos,
1502 2365 1547 2393 sed
1571 2365 1684 2398 amicos,
1713 2365 1750 2392 ita

964 2409 1032 2436 dicit
1061 2415 1089 2436 et
1115 2410 1175 2437 istis
1197 2410 1316 2444 Pharao,
1344 2416 1472 2447 tanquam
1493 2411 1540 2446 qui
1563 2411 1596 2438 ad
1615 2419 1749 2438 summum

963 2454 1073 2490 gradum
1084 2455 1209 2489 nequitiae
1217 2461 1244 2483 et
1252 2456 1285 2483 ad
1296 2456 1477 2484 sacerdotium
1486 2455 1645 2491 perditionis
1651 2463 1751 2483 ascen-

962 2500 1139 2527 derintzlam
1158 2509 1210 2528 non
1224 2502 1284 2528 dico
1304 2509 1346 2528 vos
1365 2509 1463 2534 servos,
1476 2503 1521 2528 sed
1536 2502 1644 2528 amicos.
1666 2500 1748 2529 Deni-

960 2553 1012 2580 que
1025 2547 1065 2574 vis
1077 2547 1147 2575 scire
1159 2549 1223 2583 quid
1243 2549 1351 2577 intersit
1365 2550 1435 2578 inter
1463 2549 1621 2577 sacerdotes
1644 2548 1691 2576 Dei
1719 2553 1748 2576 et

1018 2603 1096 2643 "AIV
1108 2605 1173 2640 Reg.
1184 2612 1220 2633 νι.
1231 2606 1277 2633 25.
1315 2606 1387 2643 ’ΠΥ
1399 2607 1465 2643 Reg.
1480 2607 1571 2643 vntl.
1620 2605 1644 2623 "
1663 2607 1748 2643 Δωρί

120 2639 179 2663 vus,
204 2633 248 2659 ll.
286 2633 308 2649 "
347 2632 427 2661 Prov.
444 2641 484 2668 Ix,
508 2634 536 2667 2,
555 2634 581 2667 3,
599 2634 626 2662 4.
665 2636 673 2650 ¹
693 2635 790 2663 Matth.
819 2632 849 2668 νζ
871 2632 946 2671 luti,
963 2639 1009 2668 ‘29.
1046 2632 1175 2669 .‘Gene's.
1208 2632 1292 2674 mn,
1321 2632 1361 2668 εξ
1377 2632 1464 2678 'séiﬁ’.
1486 2632 1608 2671 3"1651).
1639 2632 1746 2673 xviiii:

154 2716 207 2749 (9)
239 2716 322 2750 Abas,
341 2716 426 2748 Deus;
439 2721 467 2743 at
485 2723 564 2747 mss..
584 2716 723 2744 Dominus.

154 2751 227 2784 (10)
249 2751 324 2782 Mss,
342 2751 463 2778 Corratlt.
489 2751 568 2782 Edili.
585 2751 714 2784 Corrupit.
734 2752 816 2780 Paulo
833 2754 902 2781 infra

120 2793 173 2824 mss
188 2786 352 2824 ,_lt_z_rgiemlo
379 2787 531 2814 inde'iciens
553 2786 637 2821 ﬁeret.
664 2787 748 2822 Alias,
768 2789 903 2824 largiendo

118 2828 147 2846 cu
163 2821 314 2855 imle/ict'ens
327 2822 411 2856 fieret.

995 2719 1065 2755 (ll)
1092 2719 1179 2756 filius
1205 2716 1284 2756 adet.
1313 2720 1350 2747 lla
1376 2729 1443 2749 mss.
1478 2729 1594 2756 quorum
1621 2721 1744 2748 nonnulli

958 2755 1060 2790 habent
1087 2754 1175 2782 Filius
1201 2755 1292 2784 Iader.
1327 2756 1440 2789 Vulgata
1473 2754 1579 2790 Latina,
1606 2756 1743 2785 Benadab.

959 2789 1031 2818 Libri
1049 2790 1113 2818 editi
1129 2790 1264 2825 Origenis,
1280 2791 1352 2826 [ilius
1365 2791 1512 2820 Adadeser.
