1902 3065
157 117 206 144 251

894 115 1055 142 ORIGENIS

1729 111 1783 139 25$

158 176 313 203 sacerdotes
340 176 510 203 Pharaonis?
544 177 649 204 Pharao
694 181 782 204 terras
819 176 945 204 concedit
960 179 983 206 Α
1000 180 1054 202 ttrr.
1069 177 1103 202 At
1121 183 1186 202 vero
1201 175 1367 203 lsraelilicus
1391 173 1504 210 populus
1526 173 1639 200 lrouorat
1653 172 1782 199 decadcm

157 221 345 249 sacerdotibus
357 223 426 254 suis,
442 223 571 248 Dunrirrus
584 228 673 248 autem
689 222 877 249 sacerdotibus
886 223 942 249 suis

157 273 261 301 partem
280 275 335 295 non
351 268 476 295 conuertit
491 268 516 294 in
538 273 626 299 terra,
644 268 690 295 sed
706 269 771 295 dicit
782 269 821 295 eis
834 269 845 284 ⁴
860 278 866 295 :
885 269 941 303 Ego

155 320 213 339 sum
231 321 293 346 pars
309 317 403 340 vestra.
437 312 585 340 Observate
608 320 671 347 ergo
692 314 736 348 qui
761 315 817 341 lucc
841 314 942 349 legitis,

156 366 251 384 onrnes
267 358 370 385 Domini
390 359 544 385 sacerdotes
556 379 563 390 ,
578 363 605 385 et
625 359 713 386 videte
735 367 795 394 quae
811 360 847 386 sit
865 360 942 389 dill'e—

159 403 244 430 rentia
261 403 447 434 sacerdotum,
465 411 497 429 ne
514 403 584 430 forte
605 404 651 438 qui
675 409 777 438 partem
801 405 899 432 habent
916 407 940 432 in

157 454 226 475 terra
265 454 292 475 et
308 450 423 475 terrenis
439 449 558 476 crrltibus
580 457 611 476 ac
628 451 726 477 studiis
749 456 862 483 vacant,
888 460 940 479 non

156 498 211 521 tam
229 494 336 521 Donrini
359 503 441 529 quant
469 495 621 523 Pharaonis
646 497 800 524 sacerdotes
821 505 880 525 esse
901 499 942 525 vi-

158 542 283 568 deantur.
313 541 360 568 llle
383 546 425 568 est
454 541 525 568 enim
541 542 584 575 qui
611 542 668 568 vult
696 544 851 571 sacerdotes
878 548 941 571 suos

154 586 257 613 habere
281 586 471 619 possessiones
495 591 637 619 terrarum,
669 592 696 614 et
719 595 847 615 exercere
872 590 939 624 agri,

155 638 207 658 non
239 632 337 658 anima:
367 631 512 663 culturam,
538 633 594 659 ruri
623 638 650 660 et
673 627 724 660 non
751 634 800 668 legi
828 642 940 668 operam

154 675 231 704 dare.
247 676 372 702 Christus
385 681 473 702 autem
492 676 621 703 Dorrrirrus
636 682 730 704 noster
750 680 940 706 sacerdotibus

154 721 210 747 suis
236 721 299 755 quid
316 722 444 755 prati-cpit
462 723 615 750 audiamus.
635 723 687 755 Qui
707 732 757 750 non
771 725 939 751 abrenuntia-

154 762 230 799 verit,
251 767 339 801 inquit
361 767 382 797 ³,
412 769 532 795 omnibus
553 777 612 803 qum
632 770 761 804 possidet,
786 779 837 796 non
858 775 940 804 potest

153 820 225 838 "teut
243 820 298 838 este
311 812 468 846 discipulus.
482 812 668 841 Contremisco
682 817 738 841 bare
751 815 853 841 dicens.
868 815 941 842 Meus

153 858 225 884 enim
248 858 335 892 primo
352 859 484 889 onrnium,
504 866 591 889 meus.
609 860 716 894 inquam
733 880 739 891 ,
761 860 818 894 ipse
831 860 942 887 accusa-

153 908 197 930 tor
219 904 332 936 exsisto,
351 911 425 931 meas
457 905 700 932 condenrrrationes
724 905 828 940 loquor.
855 906 942 941 Negat

153 949 278 976 Christus
306 957 384 976 surrm
401 957 460 977 esse
480 948 659 985 discipulum,
682 958 762 984 quem
777 952 874 978 viderit
892 952 941 979 ali-

153 994 219 1028 quid
235 995 430 1028 possidentem,
449 1000 477 1021 et
495 1002 556 1021 eum
576 996 620 1029 qui
640 1003 691 1022 non
706 997 941 1024 reuuntiatonrni-

152 1039 204 1066 bus
221 1047 281 1074 qua),
302 1040 432 1073 possidet.
451 1040 484 1067 Et
498 1040 562 1075 quid
577 1041 703 1074 agimus?
721 1042 860 1075 Quomodo
885 1043 941 1070 haec

151 1089 198 1111 aut
214 1085 266 1118 ipsi
286 1085 408 1120 legimus,
433 1090 479 1112 aut
503 1086 606 1120 populis
629 1088 803 1121 exponimus,
822 1088 866 1121 qui
886 1096 940 1115 non

151 1130 238 1156 solum
251 1137 302 1157 non
311 1130 533 1157 abrenuntiatuus
546 1131 588 1158 his
599 1139 657 1165 qua:
671 1133 850 1166 p0ssidenrus,
858 1132 903 1158 sed
913 1137 941 1159 et

151 1176 293 1210 acquirere
303 1176 428 1203 volumus
441 1183 471 1203 ea
483 1183 544 1210 qua:
560 1185 698 1210 ntttrquanr
711 1177 855 1203 habuimus
868 1182 940 1203 aute-

151 1229 239 1256 quam‘
256 1221 411 1248 vcnirenrus
432 1222 464 1248 ad
483 1221 640 1248 Christum?
664 1221 856 1256 Nurrquidnanr
877 1222 940 1256 quia

153 1276 201 1295 nos
214 1268 352 1302 redarguit
361 1268 539 1300 conscientia,
552 1272 644 1301 tegere
655 1273 679 1294 et
691 1276 742 1294 non
754 1268 875 1302 proferre
882 1276 941 1302 quae

154 1312 232 1347 105
250 1313 350 1346 scripta
371 1317 433 1340 sunt
457 1313 619 1346 possumus?
641 1311 708 1339 Nolo
731 1313 859 1347 duplicati
883 1313 940 1340 cri-

151 1358 232 1384 minis
261 1358 317 1384 lieri
342 1365 416 1384 reus.
454 1357 592 1384 Conﬁteor
616 1362 643 1383 et
662 1357 747 1391 palam
771 1357 867 1391 populo
890 1365 940 1384 au--

155 1404 258 1435 dientc,
276 1404 408 1431 confiteor
425 1403 482 1430 hac
508 1403 611 1438 scripta
638 1410 698 1429 esse
717 1403 844 1430 :etiamsi
874 1411 940 1430 non-

156 1448 222 1474 durrr
238 1448 364 1483 implesse
379 1456 421 1474 me
439 1448 512 1474 novi.
528 1447 581 1474 Sed
597 1455 630 1474 ex
646 1447 697 1475 hoc
710 1447 806 1474 saltem
826 1455 940 1474 commo-

154 1493 203 1519 niti
225 1492 386 1520 festinemus
410 1493 535 1527 irnplere,
551 1492 711 1519 festinemus
733 1492 848 1519 transire
865 1500 879 1519 a
897 1500 940 1519 sa-

152 1539 310 1566 cerdotibus
325 1539 485 1569 Pharaonis,
502 1538 599 1572 quibus
614 1542 721 1565 terrena
741 1537 876 1571 possessio
888 1543 938 1569 est,

154 1585 187 1612 ad
205 1589 361 1613 sacerdotes
374 1585 488 1614 Domini,
505 1584 603 1619 quibus
616 1585 641 1610 in
659 1585 730 1610 terra
744 1591 806 1618 pars
821 1591 872 1611 non
887 1588 940 1617 est,

154 1632 252 1666 quibus
283 1632 371 1666 portio
396 1630 525 1658 Dominus
550 1634 604 1658 est.
621 1629 694 1657 Talis
720 1630 791 1657 enim
807 1634 866 1656 erat
883 1630 938 1659 ille.

153 1677 200 1712 qui
218 1677 326 1703 dicebat
341 1677 351 1693 °
369 1683 376 1702 :
392 1676 529 1710 Tanquam
547 1679 659 1708 egentes,
679 1675 776 1702 multo:
796 1680 882 1701 autem
898 1675 938 1701 lo-

154 1721 326 1756 cupletantes.
344 1720 376 1747 Ut
389 1721 456 1747 nihil
474 1720 608 1752 habentes,
621 1725 645 1746 et
663 1721 750 1746 omnia
767 1720 937 1752 possidentes.

154 1766 252 1793 Paulus
268 1767 311 1793 hic
326 1770 366 1793 est
380 1766 425 1800 qui
441 1766 467 1791 in
485 1765 585 1792 talibus
612 1764 754 1799 gloriatur.
779 1765 826 1792 Vis
846 1766 940 1793 audire

154 1813 219 1847 quid
234 1812 315 1839 etiam
343 1811 440 1838 Petrus
462 1812 495 1837 de
521 1811 610 1845 seipso
638 1810 818 1846 pronuntiet?
842 1811 939 1838 Audite

155 1866 217 1885 eum
231 1866 292 1884 cum
303 1857 406 1885 Joanne
422 1856 705 1890 pariterproﬁtentem
721 1861 746 1884 et
761 1857 898 1885 dicentem
910 1858 939 1884 ἐ

154 1904 255 1932 Aurum
268 1909 294 1930 et
315 1908 452 1937 argentum
467 1911 518 1928 nou
536 1902 628 1934 habeo,
647 1903 690 1929 ted
704 1903 776 1937 quod
792 1903 875 1930 habeo
891 1903 939 1930 hoc

154 1951 202 1977 tibi
229 1952 272 1977 do.
294 1950 326 1977 In
348 1951 452 1977 nomine
476 1950 540 1977 Jeeu
556 1949 656 1977 Christi
675 1958 752 1984 surge
772 1955 797 1976 et
821 1951 939 1978 antbulu.

155 1997 236 2024 Vides
255 1997 427 2023 sacerdotum
444 1996 544 2023 Christi
561 1996 680 2027 divitias,
704 1997 781 2023 vides
804 1997 872 2023 nihil
892 1998 940 2023 ha-

154 2043 261 2075 bentes,
277 2047 379 2077 quanta
394 2047 421 2069 et
435 2041 527 2076 qualia
547 2041 710 2076 largiuntur.
728 2042 797 2069 Istas
809 2050 873 2077 opes
887 2043 940 2070 lar-

153 2089 205 2123 giri
219 2096 271 2114 non
285 2092 372 2121 potest
388 2093 496 2114 terrena
510 2087 658 2121 possessio.

189 2133 217 2160 6.
249 2133 417 2160 Contulimrrs
446 2133 604 2159 sacerdotes
635 2134 830 2166 sacerdotibus,
844 2143 935 2168 nunc,

997 221 1173 254 perfectionis
1189 229 1345 248 numerum.
1364 221 1462 248 Decem
1476 220 1546 247 enim
1562 219 1639 246 verba
1658 218 1724 253 legis
1737 227 1782 245 ac-

996 266 1077 300 cepit,
1098 271 1125 292 et
1141 266 1267 300 Decaldgi
1283 266 1385 293 virtute
1401 266 1548 294 instructus
1572 265 1661 299 ignota
1682 265 1782 290 mundo

997 311 1060 337 huic
1075 315 1245 338 sacramenta
1262 311 1354 337 divina
1379 311 1522 345 largitione
1536 310 1665 343 suscepit.
1682 309 1736 335 Sed
1754 313 1783 334 et

996 357 1022 382 in
1035 356 1109 383 Novo
1123 357 1299 383 Testamento
1317 357 1442 384 similiter
1455 355 1617 382 venerabilis
1632 360 1673 381 est
1689 355 1782 387 decas,

993 403 1065 429 sicut
1086 407 1113 429 et
1128 401 1234 429 fructus
1245 402 1359 437 spiritus
1380 402 1458 428 denis
1472 400 1614 435 exponitur
1625 400 1782 434 germinare

995 449 1143 476 virtutibus
1159 449 1182 476 ⁸.
1197 449 1229 476 Et
1245 455 1338 475 servus
1359 448 1446 474 ﬁdelis
1462 447 1494 473 de
1517 446 1708 481 negotiationis
1725 453 1782 471 sua:

995 494 1078 521 lueris
1092 495 1186 521 decem
1204 496 1281 520 muas
1292 493 1372 520 oﬂ'ert.
1385 493 1509 526 Domino,
1528 497 1555 519 et
1574 492 1665 519 decem
1684 491 1782 517 civita-

997 544 1054 566 tum
1078 540 1178 574 accipit
1193 543 1355 574 potestatem
1368 539 1391 565 θ.
1409 538 1507 565 V'erunr
1522 538 1584 572 quia
1600 544 1670 563 unus
1684 542 1782 562 aur-tor

994 590 1036 612 est
1048 586 1181 617 omnium,
1200 591 1228 613 et
1244 586 1305 612 linis
1317 589 1345 612 et
1364 585 1469 611 initiutn
1483 582 1538 619 (Η)
1561 590 1629 610 unus
1641 587 1681 609 est
1699 582 1781 609 Chri-

995 636 1062 663 stus,
1079 631 1180 658 idcirco
1194 636 1222 658 et
1237 630 1350 665 populus
1368 630 1488 657 decimas
1511 629 1620 662 quidem
1648 628 1781 654 ministris

994 683 1022 705 et
1041 678 1227 705 sacerdotibus
1255 681 1374 710 praestat,
1402 674 1579 710 primogenita
1606 681 1672 700 vero
1700 672 1782 699 offert

990 724 1175 758 primogenita
1191 723 1280 750 omnis
1301 727 1443 753 creaturas,
1467 726 1495 748 et
1518 720 1595 747 initia
1620 719 1699 746 initio
1721 726 1781 744 οιιισ

995 769 1087 802 nium;
1105 770 1138 796 de
1153 767 1359 804 quo’scriptum
1382 772 1423 795 est
1443 768 1465 783 ¹⁰“
1490 776 1498 794 ;
1523 766 1576 798 Qui
1598 771 1634 793 est
1660 766 1781 797 initium,

994 816 1181 849 primogenita:
1204 815 1287 841 omnis
1303 819 1440 841 creatur-az.
1456 812 1523 839 Vide
1538 819 1602 847 ergo
1617 819 1650 838 ex
1666 811 1708 837 his
1721 817 1765 837 om

961 854 980 880 Β
991 861 1075 887 tribus
1089 859 1268 886 diﬂ'erenti.rrrr
1281 859 1369 894 populi
1383 858 1572 894 Egyptiorum
1586 862 1614 885 et
1626 857 1716 892 populi
1739 855 1779 882 ls-

994 906 1095 938 rael,et
1110 904 1289 932 differentiam
1304 905 1475 932 sacerdotum
1499 904 1658 934 Pharaonis,
1682 907 1709 930 et
1736 909 1780 929 sa-

993 951 1131 978 cerdotum
1150 951 1266 983 Domini,
1281 955 1309 977 et
1335 950 1483 976 discutiens
1504 949 1686 982 temetipsum,
1715 955 1779 982 per-

992 997 1053 1023 vide
1066 997 1098 1023 de
1123 1004 1177 1031 qtro
1197 996 1295 1030 populo
1309 997 1357 1027 sis.
1381 1000 1408 1022 et
1433 994 1509 1029 cujus
1532 995 1634 1022 ordinis
1649 997 1780 1023 sacerdo.

987 1043 1058 1069 "tium
1074 1048 1178 1069 teneas.
1195 1041 1223 1069 Si
1238 1042 1325 1068 adhuc
1356 1040 1512 1068 carnalibus
1531 1041 1655 1068 sensibus
1678 1041 1777 1074 servis,

991 1089 1014 1116 si
1026 1088 1115 1115 adhuc
1129 1087 1254 1119 quinario
1269 1094 1380 1113 numero
1392 1086 1506 1120 vectigal
1522 1086 1639 1113 exsolvis
1649 1108 1656 1119 ,
1684 1091 1711 1114 et
1733 1095 1780 1114 rc-

995 1131 1077 1166 spicis
1089 1140 1121 1160 ea
1132 1140 1192 1167 quae
1206 1131 1321 1159 visibilia
1348 1135 1375 1157 et
1396 1131 1555 1166 temporalia
1582 1135 1656 1160 sunt,
1677 1134 1703 1154 «ιι
1722 1137 1777 1154 ιιιιιι

992 1178 1105 1212 respicis
1122 1185 1153 1204 ea
1169 1185 1228 1211 qua:
1255 1178 1398 1205 invisibilia
1423 1182 1450 1204 et
1465 1183 1564 1204 (eterna
1588 1180 1661 1205 sunt.
1676 1174 1709 1200 de
1727 1174 1779 1200 ΛΞ-

991 1227 1072 1258 gypto
1087 1228 1112 1249 te
1127 1224 1225 1258 popqu
1240 1231 1300 1250 esse
1313 1231 1455 1258 cognosce.
1476 1223 1504 1249 Si
1524 1229 1588 1248 Vero
1611 1218 1777 1254 [)ccalogurrr

990 1269 1069 1303 legis,
1093 1274 1120 1296 et
1147 1270 1274 1297 decadeur
1299 1269 1365 1296 Novi
1387 1268 1566 1298 Testaurenti,
1589 1275 1670 1301 quam
1693 1273 1777 1299 supra

991 1315 1173 1348 exposuimus,
1191 1323 1298 1349 semper
1318 1321 1380 1341 atrte
1403 1315 1495 1341 oculos
1519 1314 1614 1345 habes,
1632 1318 1660 1340 et
1681 1316 1715 1339 de
1733 1311 1778 1338 bis

986 1360 1110 1387 decimas
1127 1359 1217 1391 oﬂ'ers,
1241 1365 1268 1386 et
1290 1360 1471 1394 primogenita
1493 1366 1590 1385 sensus
1612 1358 1649 1384 tui
1675 1358 1700 1383 in
1723 1357 1777 1384 fide

991 1405 1115 1433 immolas
1128 1405 1306 1441 primogenita
1316 1413 1348 1432 ex
1362 1405 1484 1436 mortuis,
1497 1408 1525 1431 et
1537 1403 1613 1430 initia
1629 1407 1673 1429 tua
1690 1402 1778 1428 refers

991 1452 1026 1478 ad
1042 1451 1148 1478 iilitium
1163 1451 1296 1482 omnium,
1318 1458 1396 1477 verus
1412 1449 1530 1477 Israelita
1551 1456 1590 1480 es,
1610 1449 1636 1475 in
1653 1456 1706 1481 quo
1727 1447 1778 1474 do-

993 1496 1033 1523 lus
1047 1505 1097 1523 notr
1113 1501 1155 1523 est
1171 1497 1202 1523 “.
1220 1497 1271 1523 Sed
1291 1501 1318 1523 ct
1331 1496 1487 1522 sacerdotes
1507 1494 1611 1522 Domini
1630 1494 1651 1521 si
1675 1499 1777 1521 semet-

993 1543 1066 1577 ipsos
1079 1542 1236 1573 discutiant,
1251 1546 1279 1568 et
1297 1549 1311 1567 a
1330 1541 1443 1567 terrenis
1468 1541 1574 1566 actibus
1588 1539 1664 1566 liberi
1679 1539 1736 1565 sint
1749 1544 1775 1566 et

991 1588 1162 1623 possessione
1177 1587 1324 1618 mundana,
1337 1594 1400 1613 vere
1412 1591 1524 1620 possunt
1537 1585 1627 1612 dicere
1639 1586 1672 1612 ad
1685 1585 1765 1612 Domi
1778 1598 1782 1604 -

991 1641 1055 1660 num
1066 1633 1106 1660 ":
1123 1632 1192 1660 Ecce
1204 1640 1250 1659 nos
1269 1632 1417 1658 dimisimus
1433 1632 1530 1663 omnia,
1546 1635 1570 1657 et
1585 1631 1666 1657 secuti
1683 1639 1776 1657 eumue

990 1684 1036 1712 te;
1050 1684 1132 1713 atque
1145 1679 1240 1706 audire
1252 1679 1285 1705 ab
1298 1686 1338 1706 eo.
1355 1678 1419 1712 quia
1437 1685 1479 1704 vos
1491 1677 1536 1712 qui
1551 1677 1631 1703 secuti
1645 1677 1706 1704 eatis
1724 1685 1776 1709 me,

990 1726 1017 1752 iu
1031 1725 1226 1760 "generatione
1237 1725 1366 1754 omnium,
1379 1731 1437 1749 cum
1450 1723 1545 1749 uenerit
1559 1722 1645 1748 Filius
1660 1723 1774 1748 homini-

989 1771 1017 1797 in
1031 1778 1108 1805 regno
1121 1777 1178 1800 suo,
1189 1768 1311 1795 .redcbitis
1321 1773 1344 1794 et
1358 1775 1401 1794 vos
1414 1775 1492 1800 super
1504 1767 1642 1794 duodecim
1655 1769 1773 1799 thronos,

984 1816 1137 1850 judieautes
1151 1815 1288 1841 duodecim
1304 1812 1497 1841 tribus‘lsrael.
1517 1826 1520 1829 -

1025 1861 1052 1889 7.
1070 1860 1135 1888 Post
1153 1861 1208 1887 hinc
1221 1860 1358 1887 videamus
1372 1859 1435 1893 quid
1452 1859 1519 1886 dicit
1538 1858 1643 1894 Moyses
1658 1868 1665 1886 :
1679 1858 1710 1885 Et
1726 1861 1776 1887 Ira-

989 1907 1091 1938 bitavit,
1107 1907 1193 1941 inquit
1207 1906 1238 1939 ”,
1256 1905 1341 1932 Israel
1354 1905 1380 1931 in
1390 1904 1515 1939 zEggpta.
1534 1905 1561 1931 in
1581 1909 1651 1931 terra
1665 1904 1774 1934 Geuen.

990 1952 1188 1986 lrrterpretatur
1220 1956 1310 1978 autem
1336 1951 1438 1977 Gessen
1467 1950 1622 1982 proximitas
1644 1950 1711 1987 (15),
1734 1952 1776 1978 vel

990 1998 1186 2032 propinquitas.
1204 1996 1255 2023 Per
1270 1995 1341 2030 quod
1361 1995 1521 2027 ostenditur,
1537 1996 1599 2029 quia
1618 1995 1727 2022 etiamsi
1748 1997 1774 2023 in

992 2042 1110 2077 [Egypto
1135 2041 1236 2068 habitet
1250 2041 1343 2072 Israel,
1363 2048 1416 2067 non
1432 2045 1518 2066 tamen
1532 2040 1610 2073 longe
1621 2046 1663 2067 est
1677 2050 1691 2066 a
1709 2041 1774 2074 Deo,

992 2088 1038 2115 sed
1051 2088 1190 2121 proximus
1205 2092 1247 2114 est
1262 2087 1285 2113 ei
1304 2091 1331 2113 et
1345 2085 1516 2119 coniunctus,
1532 2086 1602 2113 sicut
1621 2086 1701 2113 etiam
1718 2087 1777 2121 ipse

992 2133 1057 2160 dicit
1076 2133 1107 2165 ιδ,
1125 2133 1188 2167 quia
1205 2141 1251 2167 ego
1266 2133 1421 2159 descendam
1436 2138 1518 2159 tecum
1536 2132 1563 2159 ir.
1580 2131 1736 2171 Aigyptum,
1751 2138 1775 2159 et

154 2181 176 2207 si
192 2179 308 2211 videtur,
323 2183 350 2205 et
364 2178 490 2212 populum
502 2178 765 2213 Egypliumpopulo
787 2181 938 2209 Israelitico
954 2180 977 2210 ι)
993 2188 1040 2214 ego
1055 2187 1099 2206 ero
1112 2185 1206 2206 tecum.
1221 2179 1253 2206 Et
1267 2186 1316 2207 nos
1331 2186 1395 2213 ergo
1407 2179 1488 2206 etiam
1507 2178 1528 2205 si
1544 2179 1667 2205 videmur
1688 2178 1714 2204 in
1727 2177 1777 2205 ΔΞ-

155 2225 337 2252 corrferanrus.
355 2224 463 2251 Dicitur
476 2224 549 2251 enim
576 2225 603 2251 in
619 2226 859 2259 consequentibus,
875 2228 938 2261 quia

156 2275 215 2304 post
229 2269 326 2296 famem
342 2274 370 2296 et
388 2270 548 2296 servitutem
572 2269 686 2304 populus
699 2269 844 2305 Egyptius
859 2273 939 2306 quin-

155 2321 196 2342 tas
210 2314 307 2341 oﬂ'erat
330 2313 477 2342 Pharaoni.
507 2313 748 2343 Econtrariovero
774 2316 940 2345 lsraeliticus

154 2361 269 2395 populus
282 2361 402 2388 decimas
417 2359 495 2387 olIert
507 2361 706 2388 sacerdotibus.
723 2360 790 2389 Vide
803 2367 831 2389 et
848 2363 873 2389 in
889 2363 940 2391 hoc

155 2407 325 2441 Scripturam
340 2407 459 2433 divinam
473 2406 573 2440 ingenti
593 2407 698 2433 ratione
713 2407 864 2441 subnixam,
881 2410 939 2437 vide

153 2452 312 2489 Egyptium
331 2452 459 2488 populum
477 2453 605 2487 quinario
625 2460 739 2481 numero
754 2455 854 2481 tributa
871 2463 938 2489 pen-

153 2500 274 2527 dentem.
285 2499 410 2533 Quinque
422 2499 494 2526 enim
507 2507 604 2526 sensus
613 2500 738 2533 corporei
751 2500 937 2535 designantur,

154 2546 254 2580 quibus
274 2546 389 2580 popnlrrs
403 2546 523 2573 carnalis
537 2546 666 2573 deservit.
680 2545 793 2580 Semper
810 2546 881 2573 errinr
894 2546 941 2573 AE-

155 2593 238 2627 gyptii
260 2592 414 2620 visibilibus
435 2592 517 2620 rebus
539 2596 567 2619 et
583 2592 772 2626 corporalibus
786 2591 940 2626 obsequun-

191 2672 201 2687 ⁸
217 2672 297 2698 Num.
310 2679 388 2702 xvrrt.
402 2671 447 2698 20.
485 2672 495 2687 ⁸
508 2671 574 2699 Luc.
596 2680 649 2703 xtv,
667 2672 712 2699 55.

157 2706 179 2722 ¹⁶
193 2707 296 2734 Culoss.
316 2715 335 2739 t,
358 2707 401 2734 18.
440 2707 460 2722 ¹¹
477 2705 554 2733 Joan.
571 2715 590 2740 ι,
607 2707 651 2733 47.

173 2805 181 2825 ι
195 2764 249 2826 (t‘ll)
264 2763 350 2824 alios,
365 2770 389 2792 et
406 2766 476 2800 fons,
489 2772 512 2794 et
526 2766 639 2793 initium.
654 2767 708 2794 Sed
722 2775 786 2794 mss.
805 2771 832 2793 ut
853 2767 878 2793 in
891 2775 938 2794 uo-

185 2807 214 2826 ro
236 2807 307 2826 ctu.

156 2806 214 2826 stro
226 2806 307 2826 ιεκτιι.

769 2673 778 2686 ⁸
795 2672 812 2698 ll
825 2672 886 2699 Cor.
906 2681 942 2701 vt.
955 2673 996 2700 l0.

693 2707 713 2722 ¹²
726 2706 820 2734 Matth.
836 2715 893 2740 ιιι,
907 2708 952 2740 ‘27,
971 2708 1015 2736 28.

991 2230 1100 2260 gyptum
1119 2225 1302 2256 descendisse,
1317 2224 1430 2252 .etiamsi
1443 2223 1470 2250 itt
1483 2231 1565 2250 carne
1579 2224 1659 2258 positi
1675 2231 1776 2258 agones

992 2271 1083 2298 mundi
1100 2271 1179 2305 hujus
1191 2275 1219 2297 et
1234 2269 1382 2297 certamina
1398 2269 1575 2300 sustinemus,
1594 2269 1675 2296 etiam
1694 2269 1717 2296 si
1735 2270 1776 2296 irr-

994 2322 1034 2344 ter
1048 2324 1094 2344 eos
1109 2316 1262 2353 habitamus
1275 2315 1321 2350 qui
1338 2315 1494 2341 deserviunt
1518 2314 1664 2347 Pharaoni,
1685 2319 1775 2342 tamen

992 2363 1015 2389 si
1030 2370 1112 2397 prope
1126 2363 1211 2390 Deum
1225 2363 1320 2393 simus,
1333 2361 1357 2387 si
1371 2360 1398 2387 in
1419 2360 1606 2387 mandatorum
1620 2359 1679 2394 ejus
1691 2361 1777 2388 medi-

993 2409 1095 2436 tatione
1104 2416 1252 2439 versemur,
1276 2413 1303 2435 et
1317 2411 1450 2442 praecepta
1465 2406 1524 2445 ejus
1542 2413 1574 2433 ac
1586 2406 1695 2440 judicia
1715 2415 1778 2440 per-

992 2454 1132 2488 quiramus
1155 2453 1227 2489 (hoc
1241 2458 1283 2480 est
1299 2452 1371 2481 enim
1388 2459 1471 2486 prope
1496 2459 1556 2479 esse
1578 2452 1643 2484 Deo;
1669 2459 1778 2486 semper

993 2508 1054 2533 qua:
1073 2500 1119 2526 Dei
1132 2503 1197 2526 sunt
1211 2499 1340 2534 cogitare,
1353 2506 1414 2533 quae
1434 2498 1480 2525 Dei
1495 2503 1559 2526 sunt
1578 2505 1701 2533 quierere
1712 2499 1733 2532 ),
1750 2503 1776 2526 et

995 2546 1066 2573 Deus
1087 2553 1195 2580 semper
1208 2546 1261 2572 erit
1287 2545 1427 2573 nobiscum
1453 2553 1502 2580 per
1524 2544 1616 2572 Jesum
1636 2545 1776 2573 Christqu

1040 2677 1049 2692 τ
1067 2671 1213 2703 Act.m.6.
1251 2671 1261 2686 ⁸
1276 2671 1366 2698 Galat.
1385 2679 1411 2704 v,
1424 2671 1527 2701 21,25.
1564 2673 1574 2687 ’
1595 2671 1693 2698 Matth.
1711 2678 1776 2699 xxv.

1058 2708 1078 2723 ¹³
1096 2707 1195 2734 Genes.
1224 2714 1305 2737 suo.
1333 2706 1378 2734 27.
1418 2706 1439 2722 “
1455 2706 1554 2734 Genes.
1571 2713 1644 2739 nvi,
1659 2706 1685 2733 4.

1027 2767 1083 2799 lli”)
1104 2766 1204 2793 Gessen
1234 2765 1391 2798 proximitas
1423 2765 1621 2799 interpretatur
1642 2772 1657 2791 a
1685 2765 1778 2792 radice

993 2806 1046 2831 ωε
1065 2801 1186 2832 accessit,
1205 2800 1432 2834 appropinquat-it.
