1900 3060
113 102 166 129 Ἰῖίδ

714 97 747 125 IN
765 98 914 126 GENESIM
931 97 1072 125 IIOMILIA
1089 95 1170 124 XVII.

1692 91 1745 119 ρτςι

114 163 258 189 Dominum
274 166 410 194 nostrum,
428 161 471 189 cui
487 165 528 187 est
540 160 623 195 gloria
640 159 666 187 itt
682 159 780 187 saecula
790 159 900 187 Stecttlo-
917 164 939 190 Α
957 160 1050 186 Ιὶιὼωι
1067 159 1092 185 in
1112 156 1291 184 concubinam
1310 153 1394 189 patris
1407 152 1564 180 eﬂ'erbuerit
1581 152 1689 178 ﬂamma
1706 151 1743 177 li-

113 214 185 234 rum.
202 207 301 233 Anien.

391 250 531 278 IIOMILIA
549 249 629 278 XVII.

247 297 286 325 De
306 296 529 324 benedictionibus
545 297 769 330 patriarcharum.

155 345 182 372 ί.
199 344 347 371 Sciendum
364 347 405 370 est
420 342 518 376 primo,
532 341 604 375 quod
621 341 647 368 in
664 341 778 375 singulis
793 341 906 374 quibus-

116 397 167 422 que
188 389 256 416 locis
281 389 325 414 ubi
351 388 493 421 Scriptura
518 387 552 413 de
564 380 714 423 :duodecitn
741 386 905 420 patriarrhis

117 439 329 466 Commemorat,
352 433 436 460 multa
461 433 496 460 sit
517 433 542 459 in
573 433 629 467 ipsa
652 432 755 458 ordinis
784 431 907 458 conscri-

116 480 208 514 ptione
226 479 379 506 diversitas.
399 478 476 505 Alius
491 478 557 504 ordo
574 482 615 504 est
631 477 654 503 in
676 477 731 511 ipsa
751 484 843 502 eorunt
859 484 906 502 tta-

118 525 225 550 tivitate
242 523 426 557 conscriptus,
446 522 517 549 alius
533 529 593 549 cum
609 526 708 548 terram
725 521 834 556 Egypti
852 529 905 547 una

117 577 178 596 cum
208 575 287 604 patre
311 577 360 595 suo
383 568 462 595 Israel
487 573 514 594 et
533 567 627 595 sobole
646 567 812 601 posteritatis
837 566 909 593 refe-

120 621 218 643 rutttur
237 615 349 642 intrare.
371 614 446 641 Alius
463 622 535 640 ttunc
552 621 617 640 euur
633 614 834 640 benedictioues
849 613 909 640 obi—

120 661 174 688 tnri
194 660 318 695 parentis
331 660 482 694 excipiunt,
497 659 567 686 alitts
581 667 641 685 cunt
652 666 767 693 egressa:
779 658 811 685 de
825 657 909 693 [Egy-

119 712 166 741 pto
188 707 286 735 tribus.
305 705 346 731 vel
369 713 430 732 cum
463 705 489 731 itt
520 705 630 731 deserto
658 709 908 731 commemorantur

119 753 224 787 aliquid
240 759 333 787 agere,
358 750 400 777 vel
421 757 520 777 terram
545 750 762 784 repromissionis
782 749 910 784 ingressae

118 799 145 825 in
164 803 257 824 monte
276 797 360 824 Gebal
380 804 429 830 pro
444 796 677 823 benedictionibus
690 800 717 822 et
737 795 906 821 maledictio-

955 205 1064 236 bidinis,
1103 209 1129 230 et
1165 207 1305 237 paternum
1341 198 1514 226 maculaverit
1557 202 1664 231 torum,
1698 197 1744 225 sed

955 250 1025 284 quod
1042 249 1067 275 in
1090 247 1175 274 initiis
1201 245 1288 272 laudis
1308 244 1332 270 ei
1359 243 1462 277 aliquid
1480 242 1587 268 videtur
1605 241 1744 267 aseribera

955 295 1048 321 dicens
1061 303 1068 319 :
1083 292 1122 319 Tu
1140 293 1223 318 virtus
1240 298 1308 322 utea,
1326 289 1430 316 idcirco
1449 288 1478 314 lit
1507 292 1535 313 ut
1564 287 1674 321 gravius
1696 293 1746 312 tto-

957 345 1026 367 tetur
1042 340 1068 365 itt
1084 338 1208 369 crimine,
1224 336 1268 370 qui
1298 344 1359 362 cum
1378 335 1464 361 virtus
1480 334 1565 368 patris
1589 333 1743 362 haberetur.

957 391 983 417 et
1004 385 1111 412 initiutn
1143 383 1278 414 ﬁliorum,
1314 381 1410 407 nesciit
1435 388 1545 407 servare
1568 378 1745 406 reverentiam

958 433 1039 468 patri.
1058 431 1142 465 Quale
1159 434 1202 456 est
1217 434 1243 455 ct
1261 428 1325 454 illttd
1348 429 1420 461 quod
1439 427 1538 454 dicitur
1560 433 1607 460 per
1628 425 1746 459 prophe-

960 483 1012 505 tam
1029 478 1050 493 ⁸⁸
1070 486 1077 502 :
1101 476 1156 510 Ego
1174 480 1197 502 ιι
1221 475 1337 508 plantari
1354 474 1456 500 vineam
1476 471 1637 506 [ructiferum
1666 475 1748 495 totout

959 531 1077 549 ueracem
1093 521 1159 557 (15),
1177 520 1306 556 quomodo
1320 527 1444 546 conversa
1460 526 1486 544 es
1501 518 1528 544 in
1544 516 1748 544 amaritudinem

960 569 1019 596 vitis
1038 568 1155 594 alienat?
1173 566 1327 594 Secundum
1347 572 1414 592 vero
1439 562 1653 596 intelligentiam,
1673 561 1744 588 vide-

962 619 1006 640 tur
1022 613 1086 640 mihi
1097 612 1192 639 Ruben
1201 612 1300 646 prioris
1314 609 1403 644 populi
1417 609 1571 636 Judatorunt
1585 607 1656 634 ferre
1671 612 1748 640 posse

962 667 1120 694 personam,
1139 658 1184 692 qui
1203 662 1232 684 et
1244 655 1441 691 primogenitus
1454 658 1505 687 est,
1520 658 1547 680 et
1562 653 1667 680 initium
1683 651 1750 678 ﬁlio-

964 713 1022 732 rum
1041 705 1108 732 sicut
1128 703 1258 738 propheta
1276 702 1341 729 dicit
1361 701 1383 717 "
1412 710 1419 728 :
1448 699 1534 727 Israel
1561 699 1751 734 primogenitm

962 759 1045 777 "tetu.
1068 749 1160 776 Primo
1179 755 1294 782 namque
1319 747 1373 774 illis
1399 746 1462 773 data
1489 749 1550 772 sunt
1567 744 1674 778 eloquia
1692 743 1749 769 Dei.

964 795 1040 828 Quod
1059 799 1148 820 autem
1161 793 1244 820 durus
1261 793 1341 818 fuerit
1354 791 1398 818 ille
1415 791 1529 826 populus
1541 794 1565 816 et
1581 788 1751 819 temerarius,

118 844 200 871 nibus
234 847 402 870 statuuntur.
435 843 508 869 Alius
537 843 618 869 etiam
656 849 717 869 cum
747 840 905 867 divisionem
925 831 946 858 Β
964 841 1112 876 Scriptura?
1141 839 1310 866 denuntiant.
1345 838 1417 865 Dicit.
1448 837 1520 864 enim
1549 836 1582 862 de
1619 835 1659 862 eis
1688 842 1752 869 pro-

118 895 200 916 tei-rte
222 888 388 914 ttzereditatis
414 893 488 915 sorte
505 887 668 922 suscipiunt.
689 886 722 913 Et
750 886 775 912 itt
804 890 906 912 tantutn

117 938 184 961 ordo
209 935 259 960 iste
285 933 417 966 variatur,
437 938 465 959 ut
489 933 623 959 interdum
648 931 755 966 quidam
778 939 810 958 ex
833 931 907 964 ipsis,

117 989 169 1008 nec
187 979 302 1013 ascripti
328 979 502 1006 inveniantur
527 979 553 1005 itt
575 985 698 1004 numero.
715 977 791 1010 Quod
817 976 910 1010 utique

118 1032 228 1053 certum
250 1033 292 1053 est
315 1034 369 1052 ttott
393 1026 494 1059 absque
512 1024 601 1058 aliqua
624 1023 729 1051 ratione
754 1022 865 1053 variari,
884 1027 912 1048 et

117 1079 230 1099 exstare
246 1079 345 1109 causas
361 1069 524 1104 probabiles,
543 1069 639 1104 quibus
661 1069 688 1094 in
709 1068 762 1095 alio
783 1067 840 1094 loco
855 1067 910 1098 ille,

118 1119 146 1146 in
173 1118 227 1144 alio
249 1126 313 1144 Vero
333 1117 401 1143 alius
430 1115 600 1150 pra-levatur.
635 1114 686 1141 Sed
718 1114 751 1140 dc
769 1113 810 1139 his
836 1112 912 1139 nobis

117 1172 192 1191 nunc
217 1164 383 1198 propositqu
413 1169 464 1188 non
497 1166 548 1192 est,
575 1160 627 1187 nisi
655 1168 686 1187 ea
717 1159 911 1191 tantutttmodo,

117 1214 199 1242 prottt
217 1208 287 1233 Deus
308 1207 424 1238 dederit,
442 1207 590 1239 explicare,
609 1213 669 1240 qua}
695 1205 721 1231 itt
748 1204 914 1231 benedictio—

118 1253 200 1280 nibus
214 1261 281 1287 quas
299 1253 393 1279 Inertis
407 1257 528 1285 tempore
543 1259 556 1277 a
574 1256 650 1284 patre
661 1249 810 1284 suscipiunt
824 1249 913 1275 conti-

121 1304 231 1326 nentur.
238 1292 318 1333 106
325 1300 388 1331 Quae
396 1298 503 1332 qnident
514 1297 713 1324 benedictiones
722 1304 754 1322 ex
764 1303 796 1321 eo
805 1295 918 1321 fortasse

118 1344 294 1371 solummodo
317 1342 446 1377 appellari
463 1346 617 1376 potuerunt.
630 1342 702 1376 quod
717 1341 742 1367 in
763 1340 918 1366 novissimis

118 1391 222 1417 dicitur
235 1389 258 1404 ”
269 1398 276 1416 :
288 1388 322 1415 Et
337 1389 391 1415 haec
406 1388 507 1414 lorutus
520 1394 555 1414 est
570 1388 606 1413 eis
619 1392 693 1421 puter
702 1394 790 1412 eorunt
806 1390 828 1412 et
843 1385 920 1412 bene-

117 1436 188 1462 dixit
214 1434 285 1466 illos,
316 1442 523 1468 unumquemque
545 1432 687 1459 secundum
714 1429 918 1457 benedictionem

119 1490 196 1509 suam
213 1481 343 1507 benedixit
361 1479 606 1506 illo:.Ca.-terumin
617 1477 702 1504 initiis
725 1477 769 1503 ubi
781 1480 917 1503 convocat

118 1537 169 1556 eos
180 1534 269 1562 pater,
281 1535 333 1554 non
344 1527 420 1561 quasi
433 1527 464 1552 ad
480 1525 694 1552 benedictionem
709 1527 851 1554 convocat,
865 1522 913 1548 sed

121 1574 160 1601 ita
176 1573 311 1608 scriptum
330 1577 371 1598 est
390 1572 411 1586 ¹⁶
429 1580 435 1598 :
455 1570 558 1597 Vucauit
571 1568 750 1596 autentJacob
764 1568 835 1602 ﬁlios
847 1576 907 1594 suos

120 1625 149 1646 et
166 1620 233 1646 dixit
251 1627 260 1645 .'
278 1618 477 1653 Congregamini
494 1621 520 1643 ut
538 1615 689 1642 annuntient
709 1614 778 1641 vobis
798 1621 858 1648 qua:
872 1621 915 1639 oc-

121 1673 236 1694 cursuro
255 1670 315 1691 sunt
328 1664 398 1690 vobis
411 1665 437 1690 in
451 1663 596 1689 novissimis
611 1661 712 1688 diebus.
727 1660 804 1693 Quod
822 1660 915 1693 utique

122 1712 212 1745 ntagis
233 1710 405 1745 prophetiam
432 1709 584 1744 significat,
613 1715 661 1742 per
684 1714 764 1741 quant
793 1713 852 1740 qua:
876 1706 915 1732 eis

128 1763 263 1786 eventura
279 1762 343 1783 sunt
359 1757 569 1791 prmsignantur.
583 1754 609 1780 ltt
627 1754 686 1788 ipso
701 1759 790 1779 autem
803 1759 916 1786 corpore

124 1811 152 1833 et
175 1806 248 1832 serie
276 1804 432 1834 verborum,
458 1809 546 1836 neque
571 1799 774 1827 benedictiones
797 1803 913 1829 tantum,

126 1859 215 1886 neque
232 1851 385 1877 futurorum
410 1848 466 1875 sola
486 1846 688 1881 prmnuntiatio.
710 1848 840 1880 quantum
855 1851 915 1871 mo-

126 1906 180 1930 res,
195 1895 238 1923 vel
257 1895 425 1930 propositum
439 1900 546 1925 eorum,
566 1893 608 1918 vel
628 1892 709 1918 etiam
730 1890 855 1925 qumdam
882 1889 916 1916 ab

124 1945 165 1971 eis
195 1947 273 1977 gesta
304 1940 462 1968 notabiliter
487 1942 648 1972 arguuntur.
673 1937 739 1970 Quae
771 1943 814 1962 res
839 1935 917 1962 nobis

128 1989 306 2024 tripertitam.
325 1992 354 2013 ut
370 1987 396 2012 in
412 1986 472 2012 aliis
498 1984 623 2015 fecimus,
645 1982 844 2016 explanationis
860 1989 916 2007 tua-

127 2035 224 2061 teriam
241 2031 364 2066 sttbjicit,
381 2031 416 2057 ita
435 2035 463 2057 ut
478 2029 679 2057 henedictioues
691 2028 810 2054 historiae
825 2027 912 2053 loeum

127 2083 249 2110 servent,
276 2077 416 2112 prophetia
433 2083 496 2102 vero
514 2075 657 2109 mysticum
681 2077 762 2106 atque
783 2071 916 2105 dogmati-

127 2134 201 2157 cunt,
220 2132 325 2152 morum
346 2122 482 2157 correptio
500 2121 555 2158 (Ib)
576 2125 603 2147 et
621 2119 773 2154 obiurgatio
789 2117 916 2145 moralem

129 2172 230 2205 dirigat
246 2169 358 2203 stylum.

163 2215 192 2242 2.
223 2215 326 2243 Ruben.
350 2213 435 2247 inquit
457 2211 488 2242 ‘7,
513 2210 700 2244 primoyettitus
723 2217 810 2241 meus,
838 2208 918 2234 virtus

129 2271 187 2288 mea
205 2266 229 2287 et
248 2259 353 2286 initium
369 2259 485 2293 ﬁliorum
502 2260 628 2288 meorum,
657 2255 738 2280 durus
763 2253 789 2279 in
811 2260 917 2279 conver-

128 2308 244 2337 satione,
259 2306 343 2332 durus
358 2309 380 2331 et
407 2303 563 2330 temerarius
585 2300 757 2328 contumelias
779 2299 915 2333 irrogasti.

133 2353 270 2385 Tanquam
290 2359 358 2385 aqua
373 2359 425 2377 non
442 2350 606 2384 e/fervezcar.
622 2346 770 2373 Ascendiati
789 2346 858 2372 enim
870 2353 917 2371 su-

131 2407 178 2432 per
191 2398 278 2425 cubile
306 2397 388 2432 patris
411 2397 460 2422 tui.
492 2395 531 2421 Tu
557 2393 673 2429 polluisti
699 2397 785 2419 torum
815 2391 860 2417 ubi
875 2399 918 2417 as-

129 2443 251 2471 cenditti.
273 2442 394 2469 Incestus
408 2440 520 2467 historia
541 2439 676 2466 neminem
693 2437 768 2468 latet,
782 2436 917 2470 quomodo

167 2490 190 2515 Ῑ¹
205 2500 306 2528 Genes.
324 2505 396 2528 χιιι,
409 2496 454 2523 ‘28.
491 2496 512 2511 ¹⁶
528 2495 604 2526 ibid.,
623 2496 646 2522 Ι.

131 2535 151 2550 ’⁸
169 2527 230 2562 Act.
248 2543 296 2567 vtt,
314 2533 358 2560 51.
390 2527 418 2548 7“
435 2531 523 2558 Galat.
538 2530 628 2562 tv,2‘2.
665 2530 688 2546 ’³
701 2529 781 2556 ICor.
801 2535 847 2560 xv,
863 2527 908 2555 47.

166 2628 222 2662 (14)
241 2627 346 2654 Marum
362 2627 499 2658 correptio.
528 2624 622 2662 [tecte
633 2631 727 2662 omnes
753 2631 830 2662 ntss_.,
844 2623 917 2662 male

130 2658 194 2689 vero
207 2658 286 2694 etliti,
301 2669 413 2697 quorum
427 2660 565 2697 totjreptia.
579 2659 652 2697 Intra
668 2659 712 2697 ubi
729 2666 792 2697 mss.
808 2658 917 2690 habent,

129 2693 320 2758 q/fegrescasé
332 2695 499 2730 eﬂ'erbuerit;
514 2704 540 2721 Ill
552 2693 632 2721 editis
645 2693 743 2728 legitur
755 2693 917 2726 fervescat...

143 2742 166 2758 et
190 2738 268 2758 nent.

143 2733 268 2758 etbnerit.

131 2733 142 2766 Ι
168 2767 223 2800 (t5)
242 2767 329 2796 Alius,
344 2765 465 2800 feracem.
481 2769 508 2791 at
521 2771 599 2794 mss.,
614 2771 730 2800 ueracem
745 2762 853 2800 rectius.

183 2797 222 2836 Ili)
239 2797 532 2834 Rubeninterpretutus
559 2804 595 2826 est
621 2807 636 2824 ιι
661 2798 815 2832 majoribus,
847 2797 916 2824 liliua

686 2494 707 2510 ¹⁷
721 2494 818 2522 Genes.
841 2500 912 2524 XLIX,
929 2493 986 2522 ΞΛ.
1025 2495 1046 2511 ¹⁸
1058 2496 1113 2523 Jer.
1137 2505 1167 2528 ll,
1182 2497 1189 2523 ε

686 2529 781 2556 ιιοοτ.
801 2535 847 2559 ιν,
863 2527 908 2555 47.
948 2529 972 2544 ’δ
989 2530 1007 2557 ll
1023 2530 1086 2558 Cor.
1103 2539 1142 2559 IV.
1156 2532 1189 2559 16

1080 2551 1086 2558 .
1103 2541 1142 2565 ιν,
1156 2541 1199 2559 τυ.

960 887 1044 922 pheta
1062 886 1084 901 ¹⁰
1104 893 1111 912 :
1129 884 1212 912 Omtte
1237 884 1308 919 quod
1322 884 1440 918 [aquitur
1455 882 1567 916 populus
1587 881 1638 913 hic,
1657 881 1752 906 durum

962 938 1010 960 est.
1029 933 1061 958 Et
1080 932 1177 959 iterum
1200 930 1266 957 alibi
1286 930 1318 957 de
1343 929 1408 963 ipsis
1431 928 1531 955 dicit“
1550 935 1557 953 :
1580 925 1630 953 Vos
1653 933 1753 959 semper

964 979 1031 1004 dura
1058 977 1155 1003 cervice
1172 981 1195 1002 et
1213 975 1390 1002 incircumcisi
1408 974 1496 1001 corde.
1523 972 1596 999 Patri
1617 979 1682 998 vero
1701 971 1754 997 Deo

965 1023 1095 1058 irrogavit
1113 1021 1237 1056 injurias,
1263 1028 1322 1047 cutn
1347 1020 1483 1046 convertit
1501 1018 1533 1044 ad
1554 1026 1614 1044 eum
1632 1017 1754 1048 dorsum,

965 1074 993 1097 et
1021 1077 1073 1096 non
1101 1069 1196 1096 facient
1227 1075 1314 1095 suam.
1345 1065 1446 1092 Torum
1477 1070 1567 1091 autent
1595 1063 1754 1091 concnltinzr

967 1115 1061 1150 polluit
1079 1123 1158 1148 quettt
1189 1113 1321 1144 ascendit,
1342 1112 1367 1138 id
1394 1116 1434 1138 cst
1463 1101 1550 1145 legem
1581 1109 1681 1136 veteris
1715 1113 1754 1135 te-

968 1160 1093 1188 stamenti
1120 1167 1200 1194 quam
1215 1166 1286 1191 satpe
1300 1155 1502 1192 pra-varicando
1512 1155 1666 1182 maculavit.
1679 1154 1755 1186 Quod

970 1212 1059 1233 autem
1091 1206 1118 1232 itt
1145 1205 1302 1231 concubina:
1331 1210 1445 1238 persona
1475 1202 1518 1228 lex
1540 1201 1640 1228 veteris
1673 1205 1755 1226 testa-

970 1252 1053 1279 menti
1076 1259 1203 1285 ponatur,
1222 1249 1321 1276 Paulus
1339 1249 1429 1275 docuit
1452 1248 1545 1274 dicens
1560 1247 1581 1262 “
1598 1254 1604 1271 :
1623 1245 1756 1272 Abraham

971 1301 1036 1325 duos
1048 1297 1117 1332 ﬁlios
1132 1296 1233 1327 Imbuit,
1251 1303 1331 1321 unum
1344 1294 1375 1321 de
1391 1294 1501 1326 ancilla,
1525 1297 1549 1319 et
1565 1300 1646 1319 unum
1674 1292 1706 1318 de
1724 1291 1757 1316 li-

972 1343 1043 1370 beru.
1058 1342 1123 1369 IIa'c
1134 1348 1220 1368 autem
1236 1345 1295 1366 sunt
1318 1341 1370 1366 duo
1385 1344 1554 1366 testamenta.
1571 1337 1598 1364 III
1616 1345 1668 1371 quo
1685 1337 1758 1370 Agar

972 1395 1032 1423 qua:
1049 1387 1200 1414 concubina
1220 1385 1280 1416 fuit,
1302 1385 1328 1411 itt
1346 1382 1447 1412 veteris
1472 1383 1624 1410 testamenti
1649 1382 1758 1416 poniutr

974 1439 1047 1470 typo.
1075 1433 1133 1461 Una
1148 1432 1249 1459 etenim
1265 1436 1325 1458 erat
1344 1430 1462 1465 perfecta
1479 1429 1602 1456 columba
1619 1427 1758 1461 genitricis

975 1488 1038 1509 sme,
1056 1487 1115 1513 qua:
1133 1479 1209 1512 virgo
1230 1481 1302 1504 casta
1321 1477 1414 1511 regina
1437 1483 1536 1510 sponso
1564 1474 1618 1509 regi
1638 1473 1758 1500 Ecclesia

967 1534 1015 1560 per
1030 1525 1204 1559 Evangelium
1219 1523 1342 1558 jungitur
1368 1521 1490 1549 Christo.
1515 1521 1568 1548 Sed
1594 1525 1622 1547 et
1648 1518 1759 1545 moralis

967 1572 1046 1599 nobis
1063 1571 1089 1598 in
1107 1571 1158 1598 hoc
1175 1570 1210 1596 ita
1226 1568 1390 1596 tractabitur
1406 1568 1490 1594 locus.
1506 1566 1602 1593 Ruben
1619 1566 1758 1600 interpre-

966 1623 1036 1646 tatus
1059 1622 1102 1644 est
1119 1625 1133 1643 a
1162 1616 1321 1650 majoribus,
1340 1615 1412 1649 ﬁlius
1433 1615 1477 1648 qui
1503 1613 1607 1640 vitietur
1621 1611 1688 1647 (l6),
1708 1611 1758 1638 ltoc

964 1669 1006 1690 est
1022 1663 1135 1690 visibilis
1160 1667 1186 1688 et
1214 1660 1344 1692 carnalis,
1368 1660 1436 1694 ipse,
1453 1660 1548 1689 credo,
1562 1657 1595 1684 de
1618 1664 1670 1690 qtto
1692 1655 1759 1682 dicit

966 1708 1112 1743 Apostolus
1132 1708 1155 1723 “
1175 1714 1182 1733 :
1202 1705 1309 1732 Primus
1326 1705 1403 1731 ltomo
1424 1705 1456 1730 de
1485 1709 1556 1730 terra
1579 1709 1706 1729 terrenus.
1725 1700 1758 1728 Et

966 1754 1029 1780 alibi
1050 1753 1073 1768 ’⁵
1090 1761 1096 1779 :
1113 1750 1143 1779 Si
1173 1752 1241 1778 enim
1262 1751 1284 1776 is
1310 1750 1355 1782 qui
1378 1749 1481 1775 videtur
1503 1751 1591 1774 noster
1606 1746 1683 1772 homo
1699 1752 1759 1771 tor-

965 1801 1106 1834 ruInpitur,
1120 1799 1164 1825 sed
1177 1798 1221 1833 qui
1232 1798 1302 1823 intus
1318 1801 1355 1823 est
1371 1799 1529 1825 renovatur;
1544 1786 1614 1819 hunc
1629 1791 1756 1818 eumdem

969 1844 1014 1879 qui
1028 1844 1135 1870 videtur
1156 1841 1319 1868 exteriorem
1338 1840 1477 1866 hominem
1492 1838 1641 1872 appellans.
1661 1836 1693 1863 Et
1708 1836 1757 1862 ite-

967 1897 1027 1916 rum
1049 1889 1114 1916 dicit
1131 1889 1165 1920 ",
1180 1888 1243 1922 quia
1260 1895 1312 1913 non
1329 1887 1414 1919 primo
1428 1885 1497 1920 quod
1515 1883 1634 1918 spiritale
1651 1887 1699 1913 est,
1712 1881 1758 1908 sed

966 1935 1036 1970 quod
1067 1934 1193 1961 animale.
1214 1933 1305 1960 Primo
1330 1939 1395 1966 ergo
1421 1930 1510 1957 omnis
1540 1930 1619 1956 homo
1651 1928 1677 1954 in
1708 1928 1759 1953 hoc

969 1981 1070 2007 tnumlo
1086 1979 1233 2006 carnaliter
1251 1978 1327 2010 vivit,
1349 1981 1376 2004 et
1401 1975 1551 2003 secundum
1571 1981 1682 2000 carnem
1700 1979 1759 1998 tuo-

969 2031 1056 2052 vetur.
1073 2025 1107 2051 Et
1131 2025 1235 2059 primus
1261 2029 1303 2050 est
1321 2021 1439 2050 carnalis
1463 2025 1554 2047 ntotus
1582 2020 1608 2046 in
1633 2017 1759 2051 concupi-

968 2072 1071 2099 scentia
1087 2071 1215 2103 libidinis,
1231 2070 1275 2104 qui
1288 2077 1349 2097 cutn
1371 2069 1464 2103 prima:
1477 2066 1627 2101 juventutis
1653 2071 1759 2098 tempus

969 2117 1117 2149 obsederit,
1133 2117 1230 2143 durum
1245 2119 1272 2142 et
1287 2114 1461 2142 temerarium
1480 2112 1560 2139 simul
1584 2116 1610 2138 et
1626 2110 1771 2138 lascivuur

934 2163 1095 2206 Djuvenem
1119 2162 1216 2195 reddit,
1244 2161 1434 2188 ascendentem
1465 2159 1547 2186 etiam
1568 2156 1759 2195 superycubile

973 2209 1067 2244 patris,
1091 2212 1119 2235 et
1143 2208 1305 2242 polluentem
1331 2211 1420 2234 torum
1457 2211 1620 2241 paternum,
1649 2203 1675 2229 id
1705 2207 1759 2233 est,

974 2254 1055 2281 etiatn
1085 2258 1217 2288 pra-cepta
1233 2257 1260 2280 et
1277 2252 1377 2280 monita
1404 2250 1537 2278 naturalis
1561 2249 1637 2283 legis,
1655 2255 1715 2282 qua:
1732 2247 1758 2274 in

972 2300 1050 2326 nobis
1062 2305 1103 2327 est
1118 2305 1144 2326 et
1160 2307 1231 2326 nunc
1253 2303 1381 2334 paternus
1404 2303 1479 2325 torus
1496 2296 1608 2328 dicitur,
1634 2293 1762 2329 praevari-

970 2351 1089 2373 cantem.
1104 2346 1152 2373 Est
1166 2346 1238 2373 enim
1253 2345 1326 2373 intra
1348 2353 1396 2373 nos
1419 2345 1462 2372 lex
1474 2344 1597 2378 quautam
1620 2339 1760 2368 naturalis

970 2400 1029 2426 qua!
1051 2393 1139 2428 arguit
1172 2400 1391 2427 unumquemque
1416 2395 1586 2426 peccantem,
1609 2393 1637 2414 et
1659 2385 1759 2413 malum

971 2437 996 2464 ei
1009 2445 1069 2465 esse
1085 2439 1207 2473 suggerit
1220 2439 1292 2473 quod
1314 2437 1459 2472 delinquit.
1479 2435 1575 2463 Cubile
1601 2440 1666 2468 ergo
1692 2431 1759 2465 legis

1025 2495 1046 2511 ¹⁸
1058 2496 1113 2523 Jer.
1137 2505 1167 2528 tt,
1182 2496 1228 2523 21.
1268 2496 1289 2511 ’³
1305 2495 1388 2522 Exod.
1406 2502 1442 2524 tv.
1453 2493 1499 2520 ‘22.
1537 2492 1560 2508 ¹⁰
1574 2491 1626 2519 lsa.
1639 2499 1698 2522 νισι,
1715 2490 1758 2517 I2.

1236 2531 1259 2547 "
1275 2530 1284 2557 l
1297 2531 1357 2558 Cor.
1371 2538 1416 2562 xv,
1430 2528 1475 2556 46.

969 2625 1012 2658 qui
1026 2625 1144 2651 videtur.
1164 2623 1295 2650 Nimirum
1315 2629 1328 2647 a
1347 2626 1378 2658 γε
1399 2620 1483 2654 ﬁlius,
1499 2623 1525 2646 et
1542 2624 1597 2648 τις-τ
1616 2618 1705 2658 vidit.__
1717 2617 1761 2644 ln-

967 2652 1008 2685 fra
1022 2664 1102 2686 antea
1117 2659 1195 2689 editi,
1212 2658 1258 2685 sed
1273 2657 1317 2691 qui
1337 2652 1407 2691 iittra
1436 2661 1483 2691 est,
1511 2658 1650 2680 renouatur
1682 2652 1760 2683 Mss,

967 2696 1012 2721 sed
1024 2695 1068 2729 qui
1084 2695 1154 2720 intus
1168 2699 1204 2720 est
1217 2689 1472 2729 rettottatur.--Paulo
1488 2694 1549 2729 post.
1572 2695 1651 2717 ntss..
1664 2692 1688 2713 et
1705 2695 1760 2729 prt-

969 2721 1081 2756 ηιιιιέει
1102 2728 1218 2756 carnalis
1233 2733 1327 2755 motus.
1344 2726 1428 2759 Alias,
1451 2729 1473 2751 et
1488 2721 1562 2758 prius
1579 2728 1616 2750 ut
1638 2721 1757 2748 rarnalit

968 2769 1064 2792 tnottu.
