1902 3065
139 116 192 144 255

872 116 1034 146 ORIGENIS

1719 115 1774 143 256

140 175 219 210 hujus
233 178 358 207 temerat,
372 182 404 202 ac
419 175 511 202 sedem
533 173 631 202 secreti
654 173 712 208 ejus
725 173 852 206 maculat,
883 174 928 210 qui
944 175 967 204 A
983 172 1145 201 maledictus
1161 171 1247 206 furor,
1265 173 1332 207 quia
1348 171 1512 200 temerarius
1537 176 1588 205 est,
1603 175 1631 200 et
1651 171 1691 199 ira
1712 172 1777 199 illo-

140 228 261 256 prmceps
275 226 300 247 ct
317 221 431 248 infrenis
450 221 535 248 fertur
546 221 579 247 ad
596 220 672 247 vitia.

176 267 202 293 5.
216 265 321 293 Sioteon
332 272 354 292 et
365 265 423 293 Levi
433 267 529 300 fratres
537 267 701 301 perfecerunt
714 266 879 301 iniquitatem
888 273 930 292 νο·

139 311 251 338 lnntatis
263 320 327 339 sum.
344 312 374 338 In
390 313 528 340 consilium
540 321 629 339 eorum
643 322 693 339 non
707 314 820 339 introeat
838 313 929 339 anima

140 367 207 390 mea,
216 363 241 386 et
254 360 280 385 in
294 359 404 386 consilio
416 367 505 386 eorum
517 367 566 386 non
581 359 731 386 innituntur
743 359 840 385 viscera
852 367 909 385 mea
919 379 927 390 ,

139 406 262 439 quoniam
277 407 301 431 in
315 406 354 430 ira
366 413 413 431 sua
426 405 578 431 occiderunt
591 405 720 437 homines,
734 410 756 430 et
770 404 798 430 in
823 404 929 439 cupidi-

139 456 191 476 tute
208 459 255 476 sua
279 453 502 478 subnervaverunt
536 455 654 478 taurum.
676 450 833 478 Maledictus
856 451 932 484 {uror

138 504 239 528 eorum,
269 498 332 530 quia
364 498 521 524 temerarius
553 502 602 530 est,
627 504 650 524 et
672 498 713 524 ira
736 498 845 524 illorum
865 498 928 532 quia

138 542 266 569 indurata
283 549 332 571 est.
358 543 480 570 Dividunt
502 543 561 571 illos
586 544 613 571 in
631 543 725 577 Iacob,
745 549 768 571 et
783 544 929 578 dispergant

138 587 199 613 illos
224 588 250 613 in
267 587 353 614 Israel
374 589 408 616 “.
435 588 570 621 Quantum
596 589 704 624 quidem
733 590 766 615 ad
790 590 930 616 historiam

140 634 271 667 pertinet,
288 633 396 661 videtur
415 634 480 661 illud
500 642 592 661 eorum
615 635 726 670 culpare
743 636 930 669 commissum,

138 679 210 713 quod
229 679 337 706 Emmor
351 680 434 706 lilimn
448 680 570 713 Sichcm,
583 681 627 716 qui
641 686 701 715 post
722 682 824 708 sororis
837 689 929 708 eorum

138 725 315 751 caucubitum
335 725 444 752 familim
470 725 551 753 Israel
572 726 694 753 voluerat
709 727 820 759 sociari,
838 727 931 754 lraud‘e

139 776 167 797 et
184 771 417 799 rirmunvenliune
439 772 611 807 jugularunt,
641 778 722 806 atque
747 781 843 800 omnes
873 773 932 807 ejus

140 817 253 852 populos
271 823 461 852 peremerunt;
484 819 591 852 quando
606 824 633 846 et
647 819 756 846 dicebat
778 819 817 846 eis
848 819 931 846 Israel

143 869 220 897 paler
244 872 356 895 corum.
383 865 445 898 quia
475 864 596 891 odibilem
631 873 671 891 me
699 865 798 899 fecistis
824 865 851 892 in
882 867 931 892 Itoc

141 908 240 934 mundo
253 908 292 940 '7;
311 908 484 936 maledictum
503 917 597 937 eorum
624 910 707 937 furori
729 911 932 946 temeritatique

142 953 324 987 imprecatur,
341 960 368 981 et
388 955 545 982 dividendus
570 962 616 982 eos
636 963 685 991 per
700 956 826 990 populum
849 956 931 984 Israel

141 1006 325 1035 protestatur;
352 1008 446 1037 utpote
473 1010 507 1030 ex
533 1003 598 1037 ipsis
618 1004 715 1031 levitas
729 1009 757 1031 et
777 1005 932 1033 sacerdotes

139 1046 256 1079 futuros,
274 1048 317 1082 qui
338 1053 411 1075 sorte
426 1053 526 1075 terram
545 1049 683 1083 propriam
699 1058 751 1076 non
767 1050 932 1078 habuerunt.

139 1092 277 1127 Spirilalis
289 1098 378 1121 autem
391 1094 423 1121 de
434 1094 476 1122 his
488 1095 644 1129 explanatio
656 1095 718 1122 talis
731 1096 796 1123 mihi
808 1097 931 1131 qumdam

137 1146 218 1173 posse
227 1140 332 1167 videtur
343 1142 440 1175 aptari,
450 1143 520 1176 quod
533 1141 642 1169 Simeon
651 1147 677 1169 et
685 1142 762 1176 Levi,
772 1142 931 1170 Scribarum

139 1190 165 1211 et
177 1184 376 1213 Pharismormn
395 1186 500 1214 Iudaici
517 1187 606 1222 populi
623 1188 730 1222 possint
747 1189 820 1215 ferre
839 1196 934 1222 perso-

141 1239 213 1263 nam.
231 1233 263 1259 de
289 1233 387 1265 quibus
402 1233 503 1260 dictum
520 1238 562 1260 est
585 1234 607 1249 ³⁸
624 1242 630 1260 :
646 1233 793 1260 Consilium
817 1234 933 1266 fecerunt

140 1276 242 1304 Scribte
252 1282 275 1304 et
293 1277 421 1305 Pltarixari
433 1283 460 1304 ut
470 1279 560 1305 Jesum
575 1282 700 1311 tenerent,
713 1279 744 1306 de
759 1287 812 1313 quo
821 1279 934 1306 consilio

139 1323 205 1350 dicit
224 1329 337 1350 sanctus
350 1324 395 1358 qui
413 1330 501 1351 tuente
518 1324 601 1351 Deum
616 1324 725 1352 videbat
748 1326 770 1341 ’θ
788 1334 794 1352 :
812 1325 845 1352 In
870 1334 934 1352 con-

138 1368 229 1394 silium
241 1376 331 1394 eorum
347 1377 398 1395 non
412 1370 524 1395 introeat
538 1369 627 1396 anima
640 1378 707 1396 mea.
720 1369 808 1397 Falsis
820 1370 934 1397 testibus

141 1414 271 1442 adhibitis
287 1414 366 1449 107
378 1414 703 1443 comlemnabautJesum.
715 1414 788 1447 Non,
800 1415 897 1450 inquit,
907 1416 935 1442 in

141 1460 250 1487 consilio
262 1468 351 1486 eorum
366 1461 514 1486 innituntur
529 1461 628 1487 viscera
652 1469 720 1488 mea.
740 1461 798 1489 Non
820 1462 866 1489 tibi
883 1463 935 1490 hoc

983 227 1054 252 rum,
1070 219 1133 253 quia
1146 218 1270 246 indurata
1280 225 1332 247 est.
1349 218 1473 246 Dividam
1495 218 1556 245 illos
1576 219 1603 245 in
1624 217 1725 249 Iacob,
1748 223 1774 245 et

980 265 1129 300 dispergam
1144 273 1188 292 eos
1196 267 1225 291 in
1242 264 1338 292 Israel.
1354 265 1505 293 Videndum
1525 270 1567 292 est
1589 271 1623 291 ne
1646 264 1717 290 forte
1731 264 1776 290 tli-

981 312 1050 338 visio
1067 312 1116 339 isla
1133 319 1194 346 qua:
1223 312 1267 338 hic
1290 316 1532 342 commemoratur.
1551 311 1611 338 talis
1629 311 1665 337 sit
1681 310 1776 345 qua'is

981 363 1008 386 et
1027 358 1071 385 illa
1087 358 1120 385 de
1137 366 1190 392 qua
1224 358 1251 385 in
1279 357 1425 392 Evangelia
1448 358 1550 384 dicitur
1568 357 1600 390 ",
1627 357 1689 391 quia
1709 364 1774 382 cum

981 405 1087 432 Venerit
1107 405 1233 432 dominus
1246 404 1318 430 servi
1336 404 1418 436 illius,
1437 404 1535 430 diuidet
1561 411 1632 435 eum,
1651 408 1774 436 partem-

982 459 1030 486 que
1043 450 1114 477 illius
1130 459 1189 477 cum
1202 449 1351 484 inﬁdelibus
1368 455 1455 484 ponet,
1471 449 1511 476 vel
1530 454 1616 481 certe,
1633 454 1661 474 ut
1679 447 1775 474 audivi

982 495 1126 529 quemdam
1150 503 1183 522 ex
1206 494 1310 522 sanctis
1336 494 1465 521 Putribus
1487 495 1680 524 disserentem,
1707 493 1776 527 quia

983 540 1080 568 divisio
1093 541 1174 568 simul
1192 546 1219 569 et
1239 541 1372 576 dispersio
1391 540 1559 570 nominatur,
1578 548 1626 574 pro
1649 547 1681 566 eo
1702 539 1776 573 quod

983 587 1103 614 nonnulli
1120 595 1153 614 cx
1170 587 1236 622 ipsis
1253 587 1367 614 Domino
1379 587 1566 617 crediderunt,
1585 592 1611 614 et
1629 586 1673 614 alii
1688 587 1713 612 in
1735 586 1778 612 in-

984 633 1114 660 fidelitate
1130 638 1354 668 permanserunt,
1383 633 1462 660 divisi
1484 633 1612 660 dicantur
1633 633 1658 660 lii
1682 632 1727 668 qui
1740 632 1778 659 ab

984 680 1024 706 eis
1037 684 1211 713 separantur.
1228 684 1256 707 et
1269 681 1381 707 veniunt
1398 680 1431 707 ad
1448 680 1539 712 fidem.
1564 685 1592 707 et
1613 679 1728 713 dispersi
1748 678 1778 705 lii

983 733 1098 760 quorum
1114 727 1200 761 patria
1216 727 1370 761 temploque
1397 735 1445 762 per
1462 727 1555 754 orbem
1579 731 1658 753 terrm
1683 726 1777 752 incre-

984 771 1076 798 dulum
1108 771 1275 807 dispergitur
1307 780 1393 807 genus
1430 772 1498 808 (Π).
1537 771 1658 800 Videtur'
1675 777 1701 799 et
1727 778 1779 805 per

986 817 1061 852 ipsos
1078 818 1231 853 tripartitus
1247 819 1299 846 iste
1313 824 1403 846 motus
1420 819 1505 845 totius
1522 817 1777 852 attinttedesiguari.

947 853 968 880 Β
983 864 1011 891 In
1030 864 1128 899 quibus
1155 864 1250 891 Ruben
1269 871 1362 892 servat
1380 865 1494 899 primam
1522 869 1614 892 notam
1631 863 1779 897 sanguinis

983 917 1043 937 cum
1059 909 1162 937 macula
1177 910 1266 937 ell‘nsi.
1283 909 1434 938 Secundam
1451 910 1499 936 ira;
1524 909 1565 936 vel
1586 909 1688 936 furoris
1710 915 1777 943 spe-

983 956 1052 984 ciem
1075 961 1149 984 tenet
1171 957 1292 988 Simeon,
1315 957 1361 991 qui
1378 962 1404 984 et
1420 956 1476 991 ipse
1490 963 1523 983 ex
1542 955 1643 983 furoris
1656 955 1714 989 ejus
1727 954 1779 982 dc-

984 1008 1153 1030 monstratur
1169 1003 1328 1038 opprobrio.
1343 1002 1465 1030 Tertiam
1490 1002 1607 1030 formam
1634 1006 1723 1028 motus
1739 1001 1781 1027 iru

983 1049 1154 1084 rationabilis
1173 1053 1246 1076 leuet
1260 1047 1334 1080 Levi,
1351 1048 1450 1083 quippe
1463 1048 1506 1075 cui
1523 1048 1605 1074 etiam
1619 1047 1705 1082 legem
1721 1053 1781 1073 ser-

984 1102 1049 1122 vare
1065 1095 1226 1130 permissum
1241 1100 1294 1122 est.
1313 1094 1367 1122 llas
1388 1102 1454 1128 ergo
1475 1099 1530 1121 tres
1547 1094 1653 1129 species
1668 1093 1780 1120 videtur

984 1141 1049 1168 mihi
1064 1141 1153 1168 omnis
1166 1148 1249 1176 prope
1266 1141 1357 1167 anima
1371 1148 1431 1174 qua:
1453 1140 1478 1166 in
1495 1140 1566 1167 hunc
1585 1140 1714 1167 mumlum
1731 1146 1780 1166 ve-

985 1186 1025 1213 nit
1051 1186 1148 1221 primis
1180 1185 1300 1213 motibus
1329 1185 1501 1220 culpabiliter
1520 1192 1611 1220 agere.
1634 1191 1780 1218 usquequo

984 1237 1159 1266 peccatorum
1176 1231 1249 1258 vitiis
1262 1236 1430 1266 praegravata
1445 1236 1472 1258 et
1495 1231 1628 1258 malorum
1648 1231 1781 1258 societate

985 1278 1067 1311 fessa,
1081 1279 1113 1305 ad
1128 1279 1215 1306 locum
1227 1279 1316 1313 possit
1337 1277 1506 1312 pcenitentia:
1521 1278 1675 1312 pervenire.
1690 1276 1780 1304 Judas

985 1323 1056 1351 enim
1080 1327 1139 1358 post
1163 1323 1220 1350 hmc
1246 1324 1382 1358 sequitur,
1407 1322 1454 1356 qui
1480 1327 1578 1357 purgat
1594 1321 1779 1349 confessionis

985 1374 1107 1405 peccata,
1134 1370 1196 1404 quia
1225 1369 1309 1396 Judas
1335 1369 1466 1403 confessio
1494 1369 1694 1403 interpretatur
1718 1368 1779 1403 (i8)

985 1413 1077 1449 lingua
1094 1414 1218 1442 Hebraaa.

1020 1460 1047 1487 4.
1066 1461 1111 1488 Ait
1129 1468 1194 1495 ergo
1208 1461 1230 1478 ³⁸
1248 1471 1254 1489 :
1269 1460 1354 1491 Iuda.
1378 1465 1403 1487 te
1426 1460 1576 1487 col/audent
1602 1459 1700 1494 fratres
1725 1460 1778 1491 tui,

141 1507 248 1533 videtur
262 1507 351 1533 dicere
364 1507 386 1522 ³ο
403 1515 410 1533 :
430 1506 547 1533 Mundus
560 1516 607 1542 ego
623 1516 680 1534 sum
697 1516 712 1534 a
731 1509 858 1543 sanguine
866 1509 934 1542 justi
948 1521 969 1550 ε
986 1516 1080 1534 manus
1097 1512 1150 1535 tute
1163 1515 1243 1542 super
1277 1507 1386 1534 dorsum
1407 1507 1574 1533 inimicorum
1591 1511 1709 1532 tuorum.
1727 1506 1782 1533 Po-

142 1553 233 1587 Imjus.
251 1556 365 1579 mundus
379 1561 427 1586 ego
443 1561 502 1580 sum
518 1561 532 1580 a
549 1554 685 1580 sententia
703 1561 785 1588 quam
803 1554 930 1581 decerni-

142 1599 176 1625 tis
196 1599 324 1625 :ulx'crsus
349 1599 536 1625 innocentem?
554 1599 622 1631 Quia
639 1600 667 1626 in
687 1599 728 1626 ira
745 1609 807 1633 sua,
836 1601 933 1635 inquit,

141 1645 292 1671 occiderunt
307 1645 435 1676 homines,
455 1650 479 1671 et
500 1645 529 1671 in
554 1646 701 1676 cupiditate
719 1654 768 1672 sua
790 1646 935 1673 subnerva-

141 1695 231 1716 uerunt
247 1696 364 1716 taurum.
380 1690 505 1724 Requiro
524 1698 594 1725 quos
618 1691 744 1718 homines
756 1691 934 1724 occiderunt,

142 1742 203 1762 cum
232 1741 335 1762 certum
362 1736 394 1762 sit
415 1739 478 1762 ante
494 1736 647 1770 passionem
668 1736 775 1763 Domini
798 1737 934 1764 neminem

143 1781 312 1807 crcdcntimn
340 1789 399 1809 esse
426 1782 571 1815 punitum,
598 1781 649 1808 nisi
679 1782 750 1809 forte
776 1782 839 1817 quis
867 1783 935 1818 ipsis

144 1826 263 1852 ascribat
279 1827 359 1852 etiam
383 1827 541 1861 sanguinem
567 1827 784 1861 prophetarum;
808 1828 885 1861 quia,
906 1832 935 1855 ut

143 1871 208 1897 dicit
236 1871 367 1898 Dominus
396 1871 429 1904 3‘,
448 1873 605 1907 asanguine
622 1872 688 1899 Abel
702 1872 768 1906 justi
797 1881 883 1908 usque
900 1873 935 1900 ad

143 1918 301 1952 sanguinem
320 1918 458 1945 Zachariae
470 1919 560 1945 omnis
574 1918 620 1953 qui
633 1917 736 1945 effusus
761 1923 803 1946 est
824 1919 936 1954 sanguis

139 1963 275 1997 j-Istorum
294 1964 327 1990 ab
350 1964 406 1998 ipsa
431 1965 605 1998 generatione
630 1964 797 1998 requiratur.
825 1965 879 1992 Sed
895 1965 937 1992 vi—

143 2008 255 2036 deamus
276 2017 308 2036 ne
333 2009 400 2036 forte
420 2013 443 2037 et
463 2010 523 2037 illos
546 2011 670 2038 homines
692 2011 846 2038 occiderint
866 2018 936 2045 quos

143 2061 338 2089 persuaserunt
357 2057 477 2083 clamare
492 2057 514 2074 ⁸¹
532 2067 539 2086 :
558 2057 674 2094 Sanguis
697 2059 771 2085 illius
790 2066 870 2092 super
887 2066 935 2085 nos

143 2107 167 2128 et
183 2110 261 2135 super
278 2102 347 2136 ﬁlios
365 2109 477 2130 nostras.
494 2104 526 2130 Et
546 2105 572 2131 in
584 2106 731 2140 cupiditate
754 2113 803 2131 sua
825 2105 937 2131 subner-

144 2152 267 2173 vaverunt
283 2152 397 2174 taurum.
417 2148 536 2175 Taurum
556 2150 686 2184 appellari
714 2150 810 2176 Filium
829 2150 874 2176 Dei
896 2149 936 2176 le-

987 1558 1040 1580 test
1056 1554 1108 1581 hoc
1134 1553 1178 1580 vel
1201 1553 1234 1580 ad
1261 1560 1350 1588 ipsum
1374 1550 1482 1583 Judam,
1505 1552 1546 1579 vel
1572 1553 1605 1579 ad
1622 1559 1668 1579 eos
1681 1552 1726 1586 qni
1746 1560 1780 1579 cx

987 1599 1071 1634 ipsius
1084 1600 1211 1626 videntur
1224 1607 1286 1626 esse
1303 1600 1436 1634 progenie
1457 1598 1567 1629 referri,
1588 1598 1633 1630 qui
1661 1605 1781 1632 regnum

986 1646 1074 1679 gentis
1090 1645 1162 1673 illius
1186 1646 1409 1672 administramus
1429 1644 1604 1671 inimicorum
1627 1649 1704 1678 terga
1730 1643 1780 1670 do-

987 1696 1123 1719 muerant.
1143 1691 1196 1719 Sed
1213 1691 1278 1718 etin
1295 1691 1406 1719 Christo
1434 1694 1620 1725 competenter
1645 1690 1782 1724 accipitur

988 1737 1034 1772 qui
1051 1745 1066 1764 a
1082 1737 1213 1764 fratribus
1227 1737 1294 1769 suis,
1319 1737 1345 1763 id
1364 1741 1405 1764 est
1427 1737 1461 1763 ab
1482 1737 1617 1771 apostolis
1633 1745 1701 1771 quos
1717 1734 1780 1771 ipse

988 1783 1087 1811 fratres
1101 1784 1126 1811 in
1143 1783 1291 1818 Evangelio
1303 1783 1464 1814 nominavit.
1482 1783 1580 1810 merito
1594 1783 1783 1810 collaudatur:

988 1828 1090 1856 inimici
1110 1835 1174 1855 vero
1191 1828 1250 1861 ejus
1262 1835 1345 1862 super
1362 1836 1479 1862 quorum
1498 1829 1580 1855 dorsa
1604 1836 1701 1855 manus
1721 1828 1782 1862 ejus

987 1880 1039 1907 est.
1057 1875 1093 1902 illi
1106 1875 1293 1908 intelliguntur
1307 1882 1375 1909 quos
1386 1873 1467 1901 Pater
1483 1874 1621 1908 promittit
1633 1875 1682 1901 sub
1696 1875 1782 1908 pedes

987 1922 1046 1956 ejus
1061 1929 1091 1949 se
1105 1922 1266 1956 positurum,
1286 1921 1380 1948 dicens
1396 1920 1419 1936 ³³
1438 1931 1443 1948 ;
1464 1920 1559 1948 Sedea
1579 1921 1682 1947 dextris
1702 1921 1781 1952 meis,

987 1969 1069 1994 donec
1094 1975 1190 2002 ponam
1209 1967 1331 1994 inimico:
1353 1972 1414 1994 tuos
1434 1967 1482 1994 sub
1497 1967 1609 2001 pedibus
1626 1967 1690 1995 tuis.
1709 1967 1781 1994 Sunt

988 2020 1054 2048 ergo
1071 2013 1186 2045 inimici,
1203 2013 1289 2040 donec
1321 2013 1453 2040 increduli
1473 2017 1536 2040 sunt
1555 2018 1582 2040 et
1602 2013 1735 2045 infideles,
1753 2017 1781 2039 et

989 2061 1049 2087 ideo
1065 2060 1209 2086 caeduntur
1225 2059 1253 2086 in
1279 2063 1356 2093 tergo
1384 2059 1429 2093 qui
1452 2063 1628 2093 posteaquam
1652 2059 1780 2086 conversi

989 2103 1091 2131 fuerint.
1117 2103 1271 2130 elliciun'utr
1291 2103 1401 2137 fratres,
1420 2109 1447 2131 et
1469 2104 1628 2132 collaudant
1651 2112 1712 2131 eum
1728 2105 1777 2139 qui

989 2157 1035 2177 eos
1051 2150 1077 2176 iu
1090 2149 1260 2183 adoptionem
1278 2148 1367 2177 Patris
1386 2155 1497 2177 vocatos
1517 2150 1568 2177 sibi
1585 2149 1781 2177 etcohaaredes

145 2192 233 2225 gimns
252 2192 277 2218 in
299 2193 502 2227 Scripturarum
515 2194 621 2229 tiguris,
647 2195 775 2222 nimirum
801 2195 828 2222 in
850 2195 935 2222 Evan-
950 2189 973 2218 ι)
989 2193 1053 2221 fecit
1067 2199 1094 2221 et
1107 2193 1216 2221 fratres.
1236 2193 1307 2221 Bene
1326 2200 1417 2222 autem
1435 2199 1512 2230 terga
1524 2194 1695 2223 inimicorum
1711 2195 1780 2222 caedi

144 2237 272 2272 gelio,ubi
287 2239 416 2273 scriptum
432 2244 472 2266 est
488 2247 522 2266 ex
541 2248 657 2274 persona
680 2241 726 2267 lilii
749 2241 868 2268 senioris
892 2240 935 2267 di-

143 2283 230 2310 centis
247 2284 280 2310 ad
299 2290 401 2318 patrem
414 2285 437 2300 "
455 2295 461 2312 :
479 2285 537 2321 Ego
548 2295 650 2322 semper
663 2292 749 2314 tecum
760 2287 810 2321 fui,
823 2291 846 2313 et
861 2294 935 2312 utan-

143 2330 234 2355 datum
249 2334 322 2356 tuum
335 2339 468 2366 nunquam
480 2333 622 2366 prwterivi,
640 2337 663 2359 et
681 2340 813 2367 nunquam
836 2332 932 2358 dedisti

144 2375 208 2400 mihi
220 2375 323 2401 [nedum
340 2381 367 2402 ut
380 2385 439 2402 cum
453 2377 545 2404 anticis
561 2379 624 2404 meis
644 2378 775 2411 epularer.
802 2376 868 2404 Cum
885 2385 934 2404 au-

143 2425 194 2446 tem
212 2421 277 2446 venit
296 2421 367 2455 [ilius
381 2426 441 2449 tuus
456 2423 498 2449 hic
517 2423 622 2457 junior,
636 2423 681 2457 qui
704 2423 857 2456 dilapidauit
877 2430 936 2448 ont-

144 2473 202 2492 nem
219 2467 392 2494 substantiam
407 2477 493 2501 suam,
508 2469 629 2496 occidisti
651 2469 675 2496 ei
696 2469 806 2496 vitulum
825 2470 936 2504 sagina-

145 2516 211 2540 tum.
225 2513 388 2548 lstumergo
402 2519 507 2541 taurtun
524 2515 581 2542 sive
600 2515 714 2541 vitulum
738 2514 855 2541 consilio
884 2521 934 2540 suo

146 2555 250 2583 Scribze
268 2563 295 2584 et
308 2557 438 2586 Phariszni
454 2560 637 2588 subnervaise
650 2560 797 2592 dicuntur;
817 2566 933 2593 quorum

182 2626 206 2642 ’θ
229 2627 327 2656 Senes.
350 2637 420 2660 xmx,
450 2629 477 2662 5,
508 2630 534 2662 6,
560 2629 586 2662 7,
610 2631 636 2657 8.

675 2630 697 2646 "’
711 2630 808 2657 Gencs.
824 2636 917 2660 xxxiv,
931 2629 976 2656 50.

989 2239 1057 2266 dixit
1071 2247 1086 2266 a
1099 2239 1220 2267 Christo.
1237 2239 1338 2267 Omnes
1355 2241 1429 2267 enim
1450 2242 1496 2275 qui
1524 2241 1677 2268 adorabaut
1695 2241 1780 2272 idola,

990 2291 1064 2320 terga
1083 2285 1184 2312 dabant
1198 2285 1251 2312 Deo
1264 2294 1270 2312 :
1283 2287 1355 2313 sicut
1370 2290 1398 2313 et
1409 2294 1457 2321 per
1473 2287 1630 2321 prophetam
1648 2286 1783 2314 Dominus

987 2330 1135 2364 exprobrat
1150 2330 1243 2357 dicens
1258 2330 1279 2346 ³⁷
1296 2339 1302 2357 :
1320 2330 1372 2362 Qui
1390 2336 1571 2357 converterunt
1593 2331 1628 2357 ad
1641 2339 1681 2358 me
1699 2332 1782 2359 dorsa

986 2383 1034 2402 sua
1050 2381 1074 2402 et
1088 2383 1139 2402 non
1157 2375 1262 2409 faciem.
1281 2375 1343 2403 Haec
1363 2383 1428 2411 ergo
1444 2378 1524 2404 dorsa
1545 2377 1634 2408 caedit,
1657 2381 1686 2403 nt
1708 2385 1780 2404 cou-

987 2423 1060 2448 versi
1079 2421 1225 2456 aliquando
1236 2427 1310 2457 terga
1326 2422 1391 2449 dent
1403 2423 1494 2455 idolis,
1512 2428 1538 2450 et
1561 2422 1658 2450 faciem
1670 2428 1781 2458 erigant

989 2469 1023 2494 ad
1040 2468 1133 2499 Deum,
1157 2473 1184 2495 et
1202 2468 1306 2494 faciant
1335 2468 1387 2494 hoc
1401 2469 1472 2502 quod
1498 2468 1524 2495 in
1546 2469 1782 2503 consequentibus

990 2513 1122 2547 scriptum
1137 2519 1179 2540 est
1199 2513 1221 2529 "‘
1237 2522 1243 2540 :
1260 2513 1292 2540 Et
1307 2514 1416 2541 adorent
1432 2518 1456 2540 te
1466 2513 1518 2547 ﬁlii
1531 2515 1616 2548 patris
1636 2514 1685 2540 tui.
1704 2514 1782 2541 Tum:

987 2558 1059 2585 enim
1072 2566 1132 2585 cum
1149 2559 1275 2590 adorant,
1295 2567 1356 2586 cum
1382 2559 1428 2587 ﬁlii
1445 2558 1536 2587 Patris
1555 2559 1659 2586 fuerint
1677 2559 1781 2594 effecti,

1014 2628 1037 2644 ’⁸
1052 2628 1145 2655 Matth.
1163 2636 1237 2658 nvt.
1253 2628 1280 2655 4.
1320 2629 1344 2644 ’³
1358 2627 1456 2656 Gencs.
1479 2635 1552 2660 xux,
1567 2627 1594 2654 6.
1647 2629 1670 2644 ³⁸
1682 2628 1782 2657 Matth.

146 2652 548 2697 ¥x\'ll.Ddng'luﬁzi-t'llljkxiii.
563 2652 667 2693 3%."11
680 2652 995 2694 ιιῇἷιῖἶῖκξὲῖξὲἐῖ’³³
1012 2652 1198 2697 ιιιὲζῖζιζέῦξ
1205 2652 1309 2690 Ξῦίιι
1325 2652 1456 2696 ιυῐῖὲὲῖῖζ
1468 2652 1774 2693 έὶιῖ-Ἵδίῦθιιεδίῖιξιξ.

147 2694 174 2723 8.
213 2697 235 2712 ³⁸
251 2698 323 2725 Psal.
342 2706 399 2732 clx,
419 2700 447 2726 2.
485 2700 506 2716 ³⁷
522 2700 621 2728 .lcrem.
637 2708 668 2733 ιι,
687 2700 732 2727 27.

185 2757 338 2791 (l7)Alias.
354 2767 465 2792 quarunt
490 2759 577 2792 patria
605 2764 740 2794 totumque
765 2766 811 2793 per
836 2758 934 2786 orbem.

149 2792 184 2819 At
204 2801 268 2819 mss.
286 2799 312 2818 ut
328 2795 353 2820 in
371 2800 464 2820 noSIro
481 2799 566 2820 textu.

188 2828 244 2863 (18)
258 2828 342 2855 Judus
368 2829 505 2856 confessio
529 2829 717 2863 interpretatur
734 2837 748 2856 a
779 2829 868 2857 radice
889 2832 936 2858 Πτν

771 2699 793 2715 ³⁸
807 2700 905 2727 Cenes.
921 2706 994 2730 ms,
1009 2699 1035 2725 8.

992 2766 1050 2790 qua!
1071 2759 1096 2785 in
1118 2758 1207 2792 llipliil
1225 2763 1304 2785 sonat
1327 2757 1454 2791 conﬁteri.
1480 2756 1550 2783 Infra
1572 2756 1783 2790 editi,Regnam

991 2795 1072 2827 gentis
1089 2794 1161 2820 illius
1176 2794 1365 2820 ministrantes.
1384 2793 1460 2824 Mss,
1477 2792 1704 2819 adntinistrantcs.
