1900 3060
140 112 172 140 5"
730 117 761 144 IN
781 115 931 144 GENESIM
949 115 1091 144 HOMILIA
1109 114 1189 143 XVII.

1693 118 1746 146 258

118 176 149 197 ct
164 170 296 205 Spiritum
316 171 468 205 adoptionis
482 175 647 208 acrcperint,
664 175 689 202 in
705 183 758 210 quo
771 176 908 203 clamem:
924 177 946 205 Α
960 175 1121 202 ostenditur.
1142 174 1194 202 Sed
1211 175 1350 202 videamm
1373 183 1457 209 quare
1473 181 1501 202 nt
1522 176 1563 203 leo
1576 181 1603 203 et
1623 180 1652 203 nt
1668 184 1746 204 catu-

120 215 193 242 Abba
217 221 292 249 pater
311 216 343 242 ".
360 215 444 242 Nemo
463 218 536 243 enim
561 218 626 245 dicit
654 219 794 247 Dominum
818 220 909 247 .Iesum

120 261 173 288 nisi
189 262 218 287 in
238 261 341 295 Spiritu
362 267 453 288 sunclo
470 262 505 289 ⁸³.
531 263 582 290 Isle
599 271 689 292 sermo
711 267 790 299 paulo
817 266 911 294 durius

119 308 241 334 refertur
254 308 287 334 ad
304 306 412 338 Iudam.
429 308 479 335 nisi
499 308 611 336 abusive
636 311 760 338 dicamus
781 312 910 340 odoratos

121 361 182 380 esse
197 353 275 387 quasi
296 361 372 388 reges
388 361 402 380 a
430 354 559 382 fratribus
577 356 643 388 suis,
662 358 688 384 id
711 362 752 384 est
770 365 785 384 a
804 359 910 385 ctetcris

121 399 331 431 contribulibns,
346 400 416 427 lilios
428 399 508 427 Juda.

156 444 183 471 5.
201 444 312 471 Catulus
328 446 410 472 leonis
425 445 508 477 Jutlu,
525 446 556 472 de
571 447 688 481 germine
699 449 755 483 ejus
769 449 886 476 ascendit
899 458 908 477 :

122 492 250 517 recubans
267 490 389 516 dormisti
408 491 474 517 sicut
494 490 544 523 leo,
561 498 584 518 et
600 493 667 519 sicut
695 494 798 521 catulus
814 495 908 524 leonis.

122 536 191 568 Quis
203 537 340 562 suscitabit
359 545 419 563 eum
442 537 480 563 “7
505 536 532 562 In
559 537 599 564 his
620 539 761 566 versiculis
781 548 833 567 non
852 541 908 574 jam

118 582 324 613 concludimur,
342 583 390 609 sed
406 590 475 616 pene
496 584 666 611 excludimur
682 593 688 611 :
706 593 768 612 nam
790 586 908 613 catulum

122 627 208 655 leonis
221 628 244 655 si
260 635 392 662 ponamus
404 628 499 655 Judam
513 629 566 656 dici
581 637 661 664 posse
675 638 724 664 pro
736 631 836 658 virtute
850 632 908 659 bel-

121 676 205 707 laudi,
218 675 361 710 quomodo
375 676 522 710 exponitur
532 677 602 710 quod
622 677 655 704 de
666 678 787 711 germine
801 677 859 712 ejus
873 679 910 705 di-

121 723 195 748 citur
212 721 386 748 ascendisse?
398 720 514 749 Gcrmen
526 727 618 749 autem
633 723 676 750 hic
696 723 720 749 in
741 723 834 750 Graeco
847 723 909 758 βλα-

121 767 184 798 στός
199 766 301 793 dicitur
316 765 383 800 (l9),
405 766 474 799 quod
489 767 576 801 magis
594 767 736 802 virgultum
756 768 795 795 vel
819 776 908 794 ramus

120 814 224 841 rectius
253 813 458 847 interpretatur,
481 813 526 847 qui
548 814 581 841 de
609 814 702 840 radice
728 814 907 849 repnllnlarc,

117 859 160 886 vel
173 861 210 886 de
228 860 288 893 ipso
304 859 402 886 robore
421 860 526 886 arboris
539 860 618 887 solet.
636 859 675 887 Ex
700 868 753 895 quo
770 868 835 896 ergo
853 861 909 888 vir-

117 904 203 940 gulto,
220 904 262 930 vel
278 912 310 931 ex
324 912 377 938 quo
407 913 480 931 ramo
504 904 588 932 Judas
606 906 761 933 asecndisse
784 907 907 933 dicitur?

119 950 160 977 vel
172 950 309 984 quomodo
325 951 485 977 recumbens
498 951 633 978 dormisse
647 956 678 978 ιιι
692 951 733 979 leo
750 957 777 979 et
791 958 820 979 ut
835 958 908 980 catu-

116 996 160 1023 lus
175 996 273 1026 leonis,
287 996 323 1022 ita
341 1000 369 1022 ut
384 1002 522 1030 qureratnr
534 999 594 1032 quis
613 1005 674 1024 eum
695 999 823 1026 suscitet?
848 999 907 1027 Nisi

118 1042 189 1069 forte
213 1042 312 1076 aliquis
339 1042 391 1068 vim
418 1041 520 1070 iaciens
547 1043 612 1070 velit
644 1043 679 1070 ita
696 1051 854 1072 asseverare
871 1053 905 1073 ex

117 1089 240 1122 germine
265 1088 432 1122 processisse
456 1088 566 1120 Iudam,
596 1089 620 1116 id
647 1094 699 1121 est,
726 1094 754 1117 ut
782 1091 906 1124 superius

116 1135 248 1166 diximus,
271 1135 313 1161 vel
335 1143 366 1161 ex
384 1135 517 1169 virgulto,
539 1135 579 1161 vel
595 1143 626 1161 ex
651 1143 747 1168 ramo;
775 1137 847 1170 quod
875 1137 907 1164 de

117 1179 177 1212 ipsa
192 1179 280 1212 patris
292 1178 453 1206 fortitudine
467 1184 493 1205 ct
509 1179 608 1205 virtute
622 1179 766 1213 signiticet,
783 1180 827 1213 qui
848 1179 906 1206 vir-

118 1225 187 1252 tutis
201 1225 369 1252 contidentia
398 1225 517 1256 recubet,
541 1230 568 1252 et
586 1225 737 1259 requiescat
757 1230 786 1252 ut
809 1225 852 1252 leo
878 1230 905 1253 et

115 1276 146 1297 ut
161 1271 269 1298 catulus
281 1271 379 1303 leonis,
397 1278 446 1298 nec
463 1278 523 1298 eum
537 1277 621 1297 ausus
644 1270 744 1305 aliquis
764 1276 799 1297 srt
815 1272 905 1298 susci-

116 1321 188 1349 tare,
203 1317 266 1343 dum
281 1324 330 1350 pro
346 1317 531 1351 magnitudine
547 1316 646 1342 virium
664 1322 690 1343 et
702 1317 823 1350 potentia
847 1316 906 1343 hel-

115 1363 236 1389 Iatornm
262 1363 396 1390 suscitare
421 1370 482 1389 eum
504 1362 593 1389 nullus
620 1363 720 1389 audeat
748 1364 781 1389 ad
801 1363 903 1397 praelia.

115 1409 170 1435 Sed
184 1407 269 1434 multo
284 1407 490 1435 conrenientius
505 1407 643 1441 aptabitur
655 1407 717 1434 huic
737 1407 796 1435 loco
813 1408 908 1443 mysti-

115 1461 148 1480 ra
161 1453 308 1487 expositio,
335 1453 415 1488 108
437 1454 462 1480 in
480 1461 531 1488 qua
546 1453 651 1480 catulus
671 1453 756 1480 leonis
779 1453 904 1481 Christus

116 1507 171 1525 non
195 1499 285 1526 solum
308 1499 421 1533 tropice,
443 1507 541 1526 verum
565 1500 647 1526 etiam
666 1499 774 1535 physice
788 1500 844 1535 (ΞΟ)
859 1501 905 1528 dc-
919 1512 939 1540 ο

115 1546 240 1579 signatur
257 1552 265 1571 :
282 1551 344 1571 nam
367 1544 543 1579 Pliysiologus
566 1545 599 1571 de
622 1545 712 1571 catulo
742 1545 828 1572 leonis
844 1546 903 1573 hate

115 1590 212 1616 scribit
240 1589 313 1623 quod
337 1597 397 1616 cum
424 1589 507 1616 fuerit
539 1595 621 1616 natus
647 1590 735 1617 tribus
763 1590 860 1618 diebus
874 1596 902 1619 et

117 1635 204 1661 tribus
220 1635 346 1662 noctibus
356 1634 484 1667 dormiat,
499 1640 554 1662 tum
570 1635 667 1662 deinde
686 1636 771 1670 patris
790 1636 902 1664 fremitu

115 1681 157 1707 vcl
174 1681 264 1714 rugitu
283 1685 409 1714 tanquam
423 1681 598 1708 tremefactus
616 1681 714 1708 cubilis
728 1681 803 1709 locus
816 1683 903 1710 susci-

117 1731 155 1753 tet
164 1727 286 1754 catulum
299 1727 489 1754 dormientem.
505 1726 557 1754 Iste
574 1727 681 1754 catulus
695 1734 761 1762 ergo
776 1728 902 1754 ascendit

115 1778 149 1798 ex
163 1771 311 1805 germine:
329 1778 362 1798 ex
378 1771 482 1806 virgine
506 1772 579 1799 enim
603 1776 683 1799 natus
711 1777 764 1799 est.
789 1771 846 1799 Non
868 1780 902 1800 ex

116 1819 229 1849 semine,
248 1818 295 1845 sed
313 1825 346 1845 ex
367 1818 470 1852 virgine
488 1818 591 1852 absque
617 1818 763 1845 concubitu
788 1818 851 1849 viri,
877 1822 904 1845 et

115 1867 220 1900 absque
240 1864 347 1891 semine
369 1863 486 1891 naturali
516 1864 641 1891 nascitur
669 1864 805 1897 Christus,
830 1864 902 1891 velut

117 1911 264 1946 virgultum
289 1911 347 1938 sive
371 1917 474 1938 ramus.
495 1910 522 1937 In
545 1917 598 1945 quo
631 1910 854 1938 manifestiSsime
876 1914 904 1937 et

116 1958 216 1984 veritas
231 1956 324 1984 carnis
346 1962 492 1990 assumpta:
517 1963 549 1983 ex
572 1956 677 1991 virgine
703 1956 858 1984 declaratur
873 1956 901 1983 in

115 2010 195 2029 mero
212 2006 308 2030 sancto
322 2001 491 2036 germine,et
503 2009 518 2028 a
529 2002 655 2035 contagio
672 2001 783 2028 humani
797 2005 825 2028 et
839 2008 902 2028 car-

116 2049 189 2075 nalis
205 2048 320 2075 seminis
336 2052 482 2074 excusatur
504 2046 571 2082 (2|).
596 2045 758 2073 Recumbens
781 2046 903 2073 domuisti

114 2096 182 2122 sicut
197 2094 248 2126 leo,
264 2098 288 2120 et
303 2094 370 2120 sicut
383 2093 486 2120 catulus
505 2092 598 2120 leonis.
614 2092 832 2120 Manifestissime
858 2099 904 2119 re-

114 2140 243 2166 cubuisse
272 2142 301 2165 et
325 2138 459 2165 dormisse
479 2137 583 2164 dictum
607 2137 640 2163 de
658 2136 787 2172 passione
808 2135 904 2164 mortis

150 2200 173 2216 ²⁹
191 2200 271 2226 Rern.
290 2206 348 2229 vni,
368 2198 412 2225 I5.
471 2195 515 2222 “’l
531 2196 594 2224 Cor.
610 2204 660 2229 xit,
676 2196 703 2223 '5.

116 2237 159 2264 I9.
211 2236 234 2250 ⁸⁵
253 2234 352 2262 Cenes.
372 2240 445 2265 χιιι,
461 2232 505 2260 I0.
550 2231 574 2248 “
596 2232 658 2260 Ant.
674 2232 721 2260 lib.
736 2238 791 2263 xtv,
807 2238 866 2265 cap.
881 2231 908 2258 2.

740 2194 980 2228 “Genes.x1.ix,9.
1018 2193 1041 2209 “
1054 2193 1202 2228 Ephes.1v,
1221 2193 1247 2221 5.

961 220 1002 247 lus
1019 220 1103 247 leonis
1121 220 1232 248 dormit.
1258 221 1295 249 De
1325 222 1406 248 catuli
1431 222 1540 256 quidem
1571 230 1667 249 somno
1688 223 1744 256 jam

961 265 1086 299 superius
1101 265 1203 292 dictum
1221 271 1264 292 est
1286 267 1356 300 quod
1381 266 1459 293 valde
1481 267 1675 294 convenienter
1697 275 1745 302 ap-

962 314 1035 336 tatur
1050 310 1076 336 in
1092 309 1210 343 Christo,
1226 311 1271 345 qui
1288 312 1375 338 tribus
1397 312 1491 339 diebus
1505 317 1532 338 et
1546 312 1632 339 tribus
1654 313 1746 339 nocti-

960 355 1012 381 bus
1033 355 1058 381 in
1082 355 1164 382 corde
1176 360 1254 382 terra:
1278 356 1398 390 sepultus
1420 364 1547 383 somnum
1571 358 1667 384 mortis
1691 357 1747 385 im-

960 400 1053 434 plevit.
1069 400 1106 428 Ut
1121 401 1162 428 leo
1174 406 1264 428 autem
1283 403 1335 429 hoe
1358 403 1438 431 modo
1454 404 1553 430 debere
1570 404 1681 438 intelligi
1696 412 1743 430 ar-

960 445 1055 472 bitror.
1071 445 1141 473 Mors
1152 446 1252 474 Christi
1275 449 1415 482 oppressio
1432 454 1459 476 ct
1481 450 1632 484 triumphus
1645 450 1746 476 damm-

961 499 1024 518 nnm
1048 491 1108 518 fuit.
1125 492 1237 519 Omnem
1260 501 1378 528 namque
1393 495 1510 528 przedam
1541 503 1620 530 quam
1639 496 1680 522 leo
1697 496 1744 522 ille

961 539 1115 566 contrarius
1136 538 1274 566 invaserat
1291 544 1429 573 prostrato
1449 540 1557 567 homine
1575 547 1601 567 et
1627 541 1745 575 dejecto,

961 583 1005 610 hic
1020 584 1062 611 leo
1080 585 1244 619 interripnit.
1263 585 1383 620 Denique
1397 586 1504 612 rediens
1521 587 1554 612 ab
1578 586 1672 613 inferis
1687 585 1745 621 (Ξὲ)

960 633 987 655 et
1011 629 1153 655 ascendens
1174 631 1200 656 in
1226 630 1320 661 altum,
1347 630 1478 664 captivam
1502 630 1578 657 duxit
1605 632 1746 664 captivita-

960 678 1010 700 tem
1031 674 1063 700 δ’.
1079 674 1213 714 Ηοοριξςο
1225 675 1304 701 modo
1315 680 1342 701 et
1356 675 1382 702 in
1396 683 1492 702 somno
1505 683 1554 702 suo
1568 676 1608 703 leo
1622 677 1673 703 fuit
1689 677 1746 703 vin-

960 727 1024 746 cens
1050 720 1139 747 omnia
1172 725 1200 747 et.
1227 721 1374 753 debellatis,
1400 727 1426 749 et
1458 723 1592 749 destruxit
1617 731 1677 750 cum
1697 723 1744 758 qui

960 764 1078 791 habebat
1093 765 1189 792 mortis
1211 765 1363 800 imperium,
1383 771 1410 793 et
1430 767 1504 794 velut
1526 769 1634 795 catulus
1659 769 1745 796 leonis

960 810 1004 837 die
1023 811 1103 838 tertia
1121 811 1280 838 suscitatur.
1307 811 1373 844 Quis
1393 814 1529 839 sustitabit
1555 814 1636 840 eum?
1659 814 1744 842 Recte

961 856 1038 890 quasi
1054 856 1216 890 inquirentis
1230 858 1368 892 propheta:
1388 866 1531 892 personam
1552 868 1610 893 qua:
1627 861 1744 887 suscita-

959 902 993 929 rit
1009 902 1145 930 Christum
1165 911 1254 929 sermo
1267 904 1414 938 signilirat.
1438 905 1506 937 Quia
1520 906 1666 939 Apostolus
1686 907 1745 940 qui-

958 949 1018 975 detn
1036 949 1101 975 dicit
1113 949 1148 980 ‘3,
1163 949 1224 983 quia
1243 949 1312 976 Dens
1334 951 1378 984 qui
1393 952 1530 977 sust-iram
1554 959 1615 977 eum
1631 960 1646 978 τι
1670 960 1742 978 mor-

957 995 1020 1025 tuis,
1042 995 1178 1020 suscitubit
1200 1000 1223 1021 et
1245 995 1367 1021 mortalia
1394 1004 1506 1028 corpora
1527 1002 1610 1023 vestra
1637 1002 1745 1032 propter

957 1040 1147 1068 inhabitantem
1181 1042 1303 1075 spiritum
1346 1042 1403 1076 ejus
1427 1044 1453 1069 iu
1477 1044 1558 1069 voltis.
1590 1044 1621 1070 Et
1646 1045 1743 1071 iterum

957 1086 1082 1113 Christus
1109 1087 1173 1113 dicit
1197 1087 1222 1112 in
1258 1087 1409 1119 Evange‘iis
1428 1087 1450 1102 “
1471 1097 1476 1113 :
1501 1088 1600 1114 Solvite
1619 1089 1743 1122 templum

957 1132 1015 1164 hoc,
1041 1136 1064 1157 et
1086 1139 1131 1165 ego
1150 1132 1181 1158 in
1203 1132 1286 1158 tribus
1315 1132 1406 1158 diebus
1431 1135 1561 1159 suscitabo
1581 1134 1646 1159 illud
1667 1141 1676 1160 :
1697 1135 1745 1161 liae

957 1180 1045 1202 autem
1060 1176 1160 1202 (licebat
1176 1176 1314 1211 tletentplo
1328 1177 1448 1211 corporis
1463 1179 1513 1204 siti.
1537 1179 1604 1211 Quia
1625 1187 1688 1212 ergo
1715 1184 1745 1206 et

958 1222 1015 1256 ipse
1040 1228 1068 1248 se
1083 1222 1150 1249 dicit
1183 1222 1317 1249 suscitare
1338 1223 1465 1256 templum
1506 1232 1596 1256 suum,
1622 1229 1648 1251 et
1673 1225 1744 1252 Deus

958 1267 1033 1294 illum
1064 1267 1164 1294 dicitur
1183 1268 1346 1299 snseie’asse,
1373 1275 1445 1295 recte
1471 1270 1601 1304 propheta
1633 1275 1745 1304 stupore

959 1317 1039 1338 tanta‘
1055 1313 1145 1339 Patris
1171 1317 1197 1339 ct
1223 1312 1283 1340 Filii
1303 1314 1413 1340 unitatis
1435 1319 1516 1348 atque
1544 1315 1745 1343 ittdi5('t‘clittttis

958 1358 1087 1384 attonitus
1101 1358 1137 1384 ait
1152 1367 1158 1384 :
1175 1358 1239 1390 Quis
1252 1359 1386 1385 suscitubit
1401 1367 1460 1385 eum
1475 1359 1550 1394 ('25)?

993 1402 1020 1429 6.
1036 1402 1096 1429 Non
1118 1403 1219 1437 deﬁciet
1241 1406 1361 1438 princeps
1385 1412 1417 1431 ea:
1440 1405 1523 1438 Juda,
1544 1414 1624 1439 neque
1640 1407 1695 1435 dua:
1709 1408 1744 1435 tie

958 1449 1100 1484 femoribus
1131 1449 1186 1483 ejus
1211 1458 1342 1485 usquequo
1373 1451 1476 1477 veniant
1496 1460 1526 1478 ea
1552 1461 1610 1486 qua:
1629 1455 1742 1487 reposita

958 1496 1052 1522 επιειιεὶ
1068 1495 1135 1529 (24),
1150 1495 1200 1524 vel,
1222 1501 1250 1522 ut
1273 1496 1298 1522 in
1322 1495 1381 1523 aliis
1399 1497 1600 1531 exemplaribus
1615 1499 1744 1532 habetur,

956 1541 1041 1567 veniat
1059 1541 1081 1568 is
1101 1542 1142 1567 cui
1166 1541 1307 1574 repositum
1330 1547 1378 1576 est,
1397 1548 1421 1569 et
1446 1543 1500 1573 ipse
1516 1544 1564 1570 erit
1584 1547 1742 1578 exspectatio

954 1586 1068 1620 gentium
1080 1586 1111 1613 “.
1123 1585 1171 1613 llic
1191 1587 1264 1614 locus
1282 1587 1422 1614 manifeste
1437 1589 1554 1615 refertur
1567 1589 1598 1615 ad
1612 1589 1706 1616 ⁸Ιιι(1.ιιιι
1732 1598 1740 1617 :

956 1636 1060 1658 constat
1076 1632 1147 1659 enim
1167 1639 1252 1667 usque
1268 1633 1301 1659 ad
1321 1633 1489 1660 nativitatem
1505 1634 1605 1661 Christi
1623 1643 1675 1661 non
1695 1635 1742 1662 de-

956 1676 1053 1705 fecisse
1077 1679 1210 1713 principes
1238 1679 1274 1706 ei
1291 1685 1390 1714 genere
1414 1678 1499 1710 Judm,
1525 1688 1575 1708 nec
1601 1681 1682 1708 duces
1708 1682 1742 1710 de

958 1723 1104 1750 femoribus
1116 1724 1268 1759 eiususque
1291 1725 1324 1752 ad
1345 1725 1477 1752 llerodem
1509 1734 1610 1760 regem,
1631 1727 1676 1762 qui
1697 1736 1741 1755 se-

958 1769 1074 1796 cundum
1087 1769 1206 1796 historia:
1230 1770 1309 1796 iidem
1333 1777 1413 1803 quam
1432 1769 1564 1804 Josephus
1590 1772 1684 1799 scribit
1706 1773 1741 1806 ⁸⁸,

958 1815 1108 1850 alienigena
1137 1815 1230 1846 fuisse,
1252 1821 1279 1841 et
1302 1822 1350 1851 per
1372 1815 1549 1843 ambitionem
1576 1817 1602 1843 in
1630 1826 1741 1852 regnum

957 1860 1109 1888 Iudaeorum
1134 1861 1233 1888 dicitttr
1261 1861 1420 1895 irrepsisse;
1440 1863 1532 1888 statim
1552 1871 1616 1897 ergo
1639 1868 1667 1890 ut
1689 1865 1740 1891 hoc

957 1906 1057 1934 factum
1084 1913 1135 1938 est,
1158 1911 1185 1933 et
1211 1910 1240 1933 ut
1256 1906 1354 1939 defecit
1376 1907 1428 1934 dux
1444 1908 1476 1935 de
1491 1908 1635 1936 femoribus
1655 1909 1742 1943 indm.

958 1951 1066 1979 advenit
1094 1951 1138 1978 illc
1162 1952 1204 1978 cui
1231 1956 1289 1979 crat
1317 1959 1429 1987 regnum
1455 1954 1611 1987 repositum.
1636 1955 1663 1982 In
1687 1963 1744 1990 quo

958 1997 1093 2032 quomodo
1118 2002 1210 2031 gentes
1222 2002 1341 2031 sperent,
1364 1998 1500 2034 Evangelii
1519 2000 1583 2027 fides
1600 2005 1627 2028 et
1646 2001 1742 2029 Eccle-

957 2043 1057 2070 siaruin
1067 2043 1146 2069 docet
1159 2044 1327 2077 propagatio.
1345 2043 1474 2078 Ileposita
1500 2051 1590 2073 autent
1614 2048 1744 2075 dicuntur

958 2096 991 2116 ea
1007 2096 1066 2122 qua:
1080 2095 1231 2122 opportuno
1253 2093 1372 2123 tempore
1396 2090 1554 2124 proferenda
1573 2097 1646 2119 sunt.
1663 2092 1742 2120 Sicut

958 2140 985 2161 et
998 2134 1121 2161 Christus
1136 2134 1162 2160 in
1184 2134 1263 2160 linem
1288 2134 1446 2161 saeculorum
1465 2135 1607 2163 advenisse
1630 2137 1741 2172 dicitur,

1286 2193 1307 2209 ⁵³
1319 2193 1398 2221 Rout.
1418 2201 1457 2227 ιιι,
1475 2194 1518 2221 II.
1570 2195 1592 2211 “
1612 2195 1690 2224 Joan.
1707 2204 1741 2232 ιι,

151 2294 219 2329 (19)
236 2292 374 2325 Βλωτός
412 2291 519 2318 dicitur.
556 2290 602 2318 Sic
636 2297 701 2317 mss.
737 2289 811 2317 Libri
838 2297 902 2317 vero

958 2287 1093 2329 Tryphone
1113 2285 1177 2312 illml
1236 2285 1379 2329 ἀπρκξειται
1395 2321 1401 2329 1
1413 2293 1590 2329 veram'esse
1705 2289 1743 2316 le-

114 2328 285 2363 ελιὶιίζβαῖον
299 2329 406 2354 dicitur.

151 2359 215 2399 (20).
228 2364 314 2394 Alias,
332 2363 459 2396 tropicus,
485 2368 571 2399 trgum
590 2360 825 2399 eliumhohysicus.
850 2359 904 2387 Sed

116 2395 182 2427 mss.
199 2395 230 2425 ut
253 2399 278 2425 in
296 2402 389 2424 nostro
407 2402 492 2424 textu.
505 2395 588 2423 Paulo
603 2402 663 2430 post
676 2396 755 2422 iidem
769 2403 824 2421 tnss
840 2415 846 2426 ,
859 2404 904 2428 pa-

115 2436 163 2461 ιιὶκ
173 2435 283 2468 fremitu
295 2432 333 2459 vel
346 2433 432 2466 rugitu
442 2439 452 2459 :
464 2431 538 2463 editi,
550 2430 734 2465 patrisgemitu
747 2431 782 2456 vel
792 2431 904 2464 mugitu.

152 2476 209 2510 (21)
227 2473 388 2501 Excusatum
407 2473 451 2500 Sic
467 2473 532 2499 libb.
549 2473 612 2510 editi
627 2477 654 2499 et
674 2480 755 2502 mss.;
778 2471 843 2497 mihi
866 2476 905 2497 ta.

115 2519 178 2538 n-en
200 2508 347 2536 admodum
375 2513 498 2542 suspecta
525 2513 565 2534 est
586 2508 636 2534 ista
660 2515 723 2538 vox,
748 2512 900 2538 excitantur,

115 2554 166 2580 pro
180 2553 239 2580 qua
250 2544 352 2580 malint,
371 2544 529 2570 excluditur.

153 2577 211 2613 (22)
228 2579 314 2608 Alias,
325 2579 421 2613 quique
441 2580 542 2604 rediens
556 2577 587 2602 ub
599 2577 703 2613 inferis.

152 2610 211 2650 (9:3)
229 2614 275 2640 Sic
289 2610 352 2640 mss.
364 2610 464 2650 rectius
477 2620 556 2650 quam
572 2612 638 2650 editi
648 2612 674 2638 in
684 2611 782 2646 quibus
796 2610 902 2647 legitur,

116 2647 248 2679 attonitus
259 2653 306 2677 est.
324 2649 382 2682 quis
397 2648 531 2675 suscitavit
550 2655 608 2673 eum
626 2647 639 2673 ?

154 2693 212 2727 (2.5)
235 2691 345 2727 Veniant
359 2699 389 2718 ea
404 2699 462 2725 qua:
487 2691 605 2727 reposita
620 2693 682 2727 suat
705 2690 740 2727 ei,
763 2689 814 2720 vel,
830 2693 859 2727 ιιι
875 2689 902 2716 in

118 2725 179 2755 aliis
189 2725 392 2760 exemplaribus
406 2726 529 2756 habetur,
550 2726 634 2751 veniat
656 2725 740 2760 iacui
760 2725 901 2760 repositum

117 2769 167 2789 est.
191 2755 278 2789 Prior.
294 2760 383 2792 lectio,
406 2760 439 2786 τὰ
467 2760 633 2794 ἀποκείμενα
661 2758 744 2793 αὐτῷ.
769 2755 857 2785 Altera
880 2755 903 2792 ᾧ

119 2798 272 2824 ἀπόκειται.
294 2796 385 2823 Sancti
402 2795 493 2822 Patres
505 2795 584 2821 modo
598 2794 680 2825 illam,
696 2794 774 2820 tnodo
790 2794 902 2820 alteram

120 2834 265 2860 adhibent.
279 2831 423 2859 Contendit
442 2835 530 2858 autem
542 2829 664 2858 Justinus
681 2830 706 2857 in
721 2828 829 2864 Dialogo
843 2836 902 2855 cum

956 2320 1085 2353 ctionetn,
1095 2329 1147 2358 non
1158 2326 1247 2346 autem
1257 2320 1292 2346 τὰ
1303 2321 1472 2356 ἀποκείμενα
1487 2322 1570 2358 αὐτῷ.
1583 2322 1610 2349 In
1628 2323 1741 2351 llcbrmo

956 2365 1071 2390 habt-tur
1096 2353 1168 2391 πίνω
1188 2367 1237 2391 Νέτ
1258 2366 1284 2390 ⁷)
1304 2367 1339 2394 ’τυ
1369 2353 1501 2396 ttsqucquo
1527 2353 1613 2391 veniat
1640 2364 1740 2394 Sc/tilo.

957 2399 1135 2432 Hieronymus
1161 2398 1240 2432 vertit
1263 2398 1343 2423 donec
1364 2399 1446 2432 venint
1465 2398 1511 2432 qui
1530 2399 1671 2426 mittendus
1688 2406 1738 2428 est.

957 2440 1038 2472 Quasi
1060 2430 1169 2473 legisset
1193 2430 1286 2470 1115327,
1310 2439 1350 2465 vel
1380 2430 1617 2474 fistulatim-emus
1643 2441 1740 2468 simili-

960 2475 1051 2501 tudine
1070 2474 1229 2504 Iitterartnn.
1248 2479 1268 2502 Π
1286 2478 1312 2499 et
1332 2479 1361 2503 Π.
1386 2475 1515 2501 Viliosam
1539 2480 1628 2501 autem
1656 2475 1741 2505 fuisse

958 2508 1113 2543 Ilieronytni
1134 2507 1276 2534 lectionem
1293 2508 1353 2535 inde
1368 2514 1452 2542 patet,
1478 2511 1547 2543 quod
1569 2515 1676 2537 veteres
1697 2512 1740 2537 in-

955 2556 1086 2585 terpretes
1121 2550 1296 2584 Septuaginta
1323 2554 1350 2576 et
1374 2550 1469 2584 Aquila
1505 2558 1557 2578 non
1589 2543 1664 2581 n‘rw
1692 2553 1739 2579 sed

1045 2591 1168 2624 legerint.
1194 2591 1290 2626 Aquila
1316 2593 1395 2618 vertit
1412 2589 1433 2625 ᾧ
1453 2592 1605 2624 ἀπόκειται,
1628 2593 1740 2626 Septua-

954 2629 1027 2662 ginta
1057 2627 1092 2653 τὰ
1121 2625 1289 2660 ἀποκείμενα
1315 2626 1399 2661 αὐτῷ,
1424 2629 1500 2662 quasi
1527 2635 1561 2654 ex
1586 2633 1626 2662 In,
1650 2625 1673 2654 id
1697 2634 1741 2656 est

955 2669 1007 2700 cui,
1023 2669 1074 2700 vel,
1096 2676 1164 2702 qum,
1190 2671 1330 2704 spectato]
1348 2673 1376 2694 ut
1401 2669 1486 2704 vocali
1503 2677 1526 2701 e,
1544 2674 1571 2696 et
1590 2661 1625 2699 ῆι)
1640 2670 1675 2700 ei.
1689 2677 1738 2704 po-

955 2711 1006 2737 sito
1026 2716 1044 2739 Π
1061 2701 1109 2744 pro
1123 2713 1133 2738 Ἰ
1146 2729 1153 2741 ,
1174 2716 1272 2742 ηιειηνθ
1295 2701 1330 2737 n5
1357 2716 1405 2743 pro
1425 2702 1468 2742 ἐκ
1487 2716 1550 2737 sunt
1569 2712 1641 2738 enim
1668 2701 1741 2738 liile-

955 2760 991 2778 ra:
1013 2749 1214 2786 permutabiles.
1245 2749 1404 2777 Dividcbant
1429 2753 1519 2786 itaque
1548 2760 1640 2779 Vocem
1666 2745 1740 2783 η’)ιτῃ

956 2794 981 2820 in
1000 2783 1036 2822 ,ω
1053 2797 1078 2819 ct
1093 2783 1129 2821 rh
1146 2800 1204 2827 qute
1218 2791 1252 2823 ei,
1264 2792 1350 2826 suppl.
1369 2783 1482 2821 reposita
1493 2799 1561 2821 sunt.
1581 2794 1626 2821 Sic
1638 2794 1739 2824 Ezcclt.

957 2836 1000 2855 xu
1020 2835 1026 2854 τ
1045 2827 1130 2854 Donec
1153 2827 1236 2853 reuiat
1254 2828 1294 2853 cui
1307 2833 1342 2853 est
1353 2828 1494 2863 judicium.
