1902 3065
159 131 211 157 259

890 130 1049 160 ORlGENlS

1723 138 1775 165 960

157 200 217 220 cum
233 191 297 218 dicit
317 191 458 225 Apostolus
475 191 495 206 "
513 200 520 217 :
541 191 606 218 Ecce
619 199 686 217 nunc
697 196 797 223 tempus
817 195 938 225 accepta-
953 193 977 221 Α
991 191 1055 218 illud
1072 192 1179 219 videtur
1196 193 1348 224 ostendere,
1374 194 1444 228 quod
1464 193 1564 221 Christi
1585 194 1611 220 in
1631 202 1712 221 carne
1727 203 1776 230 ρο-

157 237 216 269 bile,
236 236 336 264 scilicet
357 237 389 263 ad
411 237 524 263 salutem
553 236 678 269 gentibus
702 236 879 262 inferendam.
907 234 936 262 Si

157 290 222 309 vero
234 283 294 317 quis
311 282 334 308 iu
349 283 471 309 omnibus
485 281 575 315 cupiat
595 289 704 307 cursum
730 282 872 315 utriusque
889 288 938 307 ex-

158 329 300 362 positionis
317 335 420 362 aptare,
444 332 532 361 potest
554 333 718 361 extorquere
744 326 877 357 fortassis.
909 331 937 352 ut

158 374 239 400 etiam
256 374 289 400 de
302 373 408 400 Christo
421 373 475 399 inec
487 373 537 400 hoc
554 373 632 399 modo
644 373 787 399 videantur
802 371 913 406 intelligi
928 383 934 398 :

157 420 217 454 quia
236 428 287 445 non
311 419 410 452 deﬁciet
427 421 547 452 rrinceps
568 427 600 445 ex
617 418 699 450 Juda,
726 419 751 445 id
771 423 812 444 est
827 418 871 444 hic
892 418 936 452 qui

156 471 215 499 post
246 466 471 492 resurrectionem
501 464 559 497 ejus
594 464 778 494 Ecclesiarum
810 465 935 498 princeps

154 510 304 537 ordinatur.
320 507 353 535 Et
368 509 423 535 dua:
437 509 468 535 de
483 509 622 542 femoribus
637 509 704 542 ejus.
733 509 819 536 Duces
831 517 936 544 quoque

154 554 369 581 Christianorum
385 556 416 582 de
435 556 583 581 feruoribus
595 555 694 582 Christi
711 555 762 581 hoc
789 555 868 581 modo
887 563 936 582 ex-

154 605 244 634 punet.
262 600 378 627 illembra
397 600 496 627 Christi
512 607 571 627 esse
589 601 652 628 dicit
665 600 809 635 Apostolus
824 601 846 616 ⁴⁸
872 601 936 627 ﬁde-

154 645 206 672 lem
233 645 358 679 populum
382 645 439 672 sine
462 644 541 671 dubio
565 645 722 679 spiritaliter
747 645 933 679 intelligenda.

154 691 269 718 Possunt
292 699 356 725 ergo
376 696 401 717 ct
422 691 523 718 fcnwra
543 691 601 725 eius
622 691 778 726 spiritaliter
801 692 934 720 intellecta

154 737 275 764 indicare
296 744 341 763 eos
365 737 409 771 qni
435 745 483 770 pro
506 737 633 764 ﬁrmitate
654 737 709 771 (9.5)
733 743 760 764 et
784 739 933 764 constantia

154 781 317 809 fortitudinis
333 789 413 809 omne
423 789 521 816 corpus
536 782 663 809 Ecclesia:
675 787 829 810 sustentare
845 784 935 810 vidnn-

154 832 197 854 tur
210 833 237 854 ct
251 827 330 854 ferre.
356 826 403 853 Vel
429 827 490 861 quia
522 827 633 854 humani
663 828 778 855 seminis
806 828 932 855 indicium

152 874 220 900 solet
236 873 261 899 iu
276 871 407 899 femorum
423 872 603 906 appellatione
616 872 768 906 figuraliter
782 873 846 906 dici,
864 875 934 907 aptul

153 927 201 945 nos
217 923 306 944 autem
323 919 368 952 qui
384 918 511 949 seminat,
524 918 633 944 verbum
651 918 785 950 seminat;
806 924 935 952 poterunt

152 972 216 998 ergo
233 964 276 998 qui
299 964 477 991 ministerium
496 964 570 991 verbi
591 963 718 990 Ecclesiae
739 963 879 995 exhibent,
902 965 935 992 de

151 1009 251 1036 Christi
266 1009 411 1036 femoribus
427 1009 538 1043 intelligi
561 1009 643 1036 duces
663 1016 804 1043 usquequo
825 1010 934 1037 veniant

151 1063 211 1090 quae
228 1056 343 1089 reposita
357 1060 428 1082 sunt.
447 1056 478 1082 Et
497 1055 633 1082 videbitur
653 1055 689 1081 ita
709 1063 787 1086 posse
810 1055 932 1090 intelligi,

151 1102 222 1135 quod
235 1109 320 1139 usque
335 1102 375 1137 ad
390 1101 649 1128 consummationem
678 1100 768 1128 seculi
800 1109 851 1128 non
868 1101 932 1128 dee-

151 1152 213 1174 runt
246 1147 289 1173 isti
315 1148 408 1176 duces.
429 1146 513 1173 donec
544 1147 698 1172 veniautea
729 1154 788 1181 qua:
817 1147 932 1181 reposita

149 1198 222 1223 sunt,
237 1199 295 1226 qua:
310 1192 472 1226 praeparavit
487 1192 556 1218 Deus
570 1191 612 1218 his
625 1192 669 1225 qui
686 1191 797 1225 diligunt
810 1199 882 1219 eum.
897 1191 932 1218 Et

149 1240 202 1271 ipse
218 1239 266 1264 erit
281 1238 439 1271 exspectatio
462 1239 588 1272 gentium.
605 1237 630 1263 iu
649 1237 692 1264 die
712 1237 815 1264 scilicet
827 1238 931 1272 judicii,

149 1292 209 1309 cum
224 1291 317 1309 omnes
334 1287 471 1316 genti-slet
494 1282 582 1316 populi
608 1282 745 1310 Christum
768 1283 886 1317 judicent
906 1284 931 1311 in

150 1336 247 1362 pavore
274 1329 366 1355 cordis
391 1333 416 1354 et
440 1333 556 1355 tremore
588 1329 759 1356 conscientiae
789 1335 929 1364 ex5pecta-

148 1375 224 1401 luunt.

183 1420 208 1446 7.
231 1420 349 1454 diligatis
380 1420 414 1446 aa'
439 1419 516 1446 vitam
541 1419 643 1453 pullum
661 1428 748 1453 suum,
773 1426 797 1447 et
816 1421 851 1448 ad
870 1421 930 1456 pa!-

147 1466 235 1491 mitem
256 1466 357 1492 asinarii
387 1473 462 1491 suam
480 1465 511 1492 ‘9.
531 1465 586 1492 Hoc
604 1466 636 1492 de
651 1466 760 1493 Christo
781 1471 807 1493 et
822 1467 930 1501 proprie

147 1517 174 1537 et
193 1511 364 1545 singulariter
376 1511 473 1537 dicitur
488 1519 494 1536 :
509 1510 566 1544 ipse
583 1511 652 1537 enim
669 1511 789 1546 alligavit
803 1513 835 1538 ad
849 1513 928 1539 vitem

147 1553 245 1586 pullum
264 1561 341 1580 suum
353 1553 397 1588 qui
415 1553 484 1580 dixit
497 1553 540 1580 ":
560 1554 613 1588 Ego
633 1563 691 1581 sum
716 1555 775 1582 vitis
801 1564 870 1582 vera.
888 1556 928 1583 Ad

146 1599 216 1625 hanc
228 1606 292 1625 vero
309 1599 388 1625 vitem
405 1598 503 1632 pullum
516 1606 593 1626 suum
606 1599 725 1634 alligavit
742 1605 770 1627 et
785 1601 817 1627 ad
831 1601 928 1635 palmi-

147 1650 199 1672 tem
215 1645 317 1671 asinam
333 1652 420 1673 suam.
434 1645 525 1672 Pullus
543 1650 585 1672 est
599 1653 631 1672 ex
650 1646 774 1680 gentibus
798 1647 922 1681 populus,

146 1691 188 1717 cui
206 1690 298 1724 utique
312 1697 447 1724 nunquam
464 1691 551 1718 adhuc
571 1691 635 1725 legis
651 1699 718 1718 onus
735 1691 823 1718 fuerat
838 1693 926 1726 impo-

146 1737 239 1766 situm,
257 1740 284 1762 et
297 1743 379 1769 super
396 1743 476 1769 quem
491 1743 569 1762 nemo
581 1736 630 1763 nisi
648 1736 702 1770 ipse
715 1736 839 1763 Christus
857 1738 928 1764 inse—

144 1782 230 1808 derat.
242 1780 333 1807 Pullus
346 1788 409 1807 vero
419 1781 504 1807 asiam
517 1786 580 1807 sunt
593 1781 620 1807 hi
632 1781 678 1815 qui
689 1781 720 1808 de
730 1782 818 1816 priore
832 1782 929 1815 populo

144 1827 189 1861 qui
207 1834 276 1853 nunc
295 1827 320 1852 iu
337 1827 421 1861 ﬁgura
439 1827 520 1854 asina:
535 1827 700 1858 nominatur,
718 1827 797 1853 electi
817 1831 880 1853 sunt
896 1826 928 1854 ad

145 1873 224 1908 109
236 1873 359 1904 salutem,
373 1873 404 1899 de
415 1873 511 1906 quibus
530 1873 660 1906 propheta
674 1873 739 1899 dicit
751 1872 773 1888 ⁵¹
789 1882 796 1899 :
815 1871 844 1899 Si
866 1872 925 1906 [ue-

145 1921 194 1944 rint
221 1919 270 1952 ﬁlii
297 1917 381 1944 Israel
405 1910 481 1952 quasi
493 1925 575 1943 arena
598 1918 698 1949 maris,
716 1918 823 1953 reliqua:
848 1918 928 1945 salva.-

142 1964 214 1998 ﬁunt.
229 1964 340 1998 Abjecta
355 1971 420 1997 ergo
438 1963 514 1989 asina
535 1969 593 1996 quae
613 1970 683 1989 onus
705 1962 771 1997 legis
788 1964 812 1990 in
831 1963 926 1991 infide-

142 2011 220 2037 litate
233 2015 340 2045 portare
356 2008 461 2039 maluit,
478 2007 566 2041 pullus
579 2016 611 2034 ex
631 2009 686 2042 ipsa
709 2014 788 2035 natus
808 2009 926 2043 eligitur,

143 2056 169 2082 ld
183 2061 223 2082 est.
245 2055 366 2081 novellus
386 2061 418 2080 ex
444 2060 535 2081 vetere
551 2061 598 2087 per
624 2053 703 2079 ﬁdem
726 2053 842 2088 populus
857 2055 927 2081 asci-

142 2102 240 2132 scitur,
264 2107 297 2126 ac
320 2098 417 2134 populo
435 2107 466 2125 ex
483 2099 606 2133 gentibus
633 2098 764 2126 sociatur.
781 2097 848 2125 Vitis
862 2100 926 2134 ergo

141 2147 266 2173 Christus
283 2153 315 2172 ex
330 2153 360 2172 ea
383 2149 458 2179 parte
484 2144 593 2176 dicitur,
612 2151 664 2177 qua
695 2149 818 2171 naturam
831 2153 924 2171 susce—

141 2193 180 2226 pit
197 2192 353 2224 humanam,
368 2191 400 2217 ad
417 2198 496 2225 quam
512 2190 584 2216 Deus
603 2189 717 2216 Verbum
732 2197 807 2216 suum
822 2191 922 2225 pullum

140 2236 233 2270 alligat
251 2243 257 2260 :
277 2234 302 2260 id
328 2238 370 2260 est
393 2233 522 2268 populum
539 2239 617 2258 suum
635 2231 784 2267 conjuugit,
797 2237 823 2258 et
840 2234 925 2260 sociat

141 2281 165 2307 ei
190 2277 392 2307 conversationi
419 2284 499 2311 quam
528 2276 584 2310 ipse
608 2276 697 2310 exegit
723 2277 750 2302 in
778 2283 877 2309 carne;
896 2281 926 2302 ut

141 2325 291 2352 imitatione
302 2323 397 2358 ipsius,
409 2322 506 2357 pullus.
518 2321 562 2356 qui
584 2321 618 2347 ad
634 2321 720 2354 ipsum
736 2321 860 2355 alligatus
871 2326 924 2353 est.

139 2371 270 2398 efﬁciatur
282 2377 344 2403 cum
361 2368 407 2404 illo
420 2371 446 2393 et.
470 2366 538 2392 filius
555 2365 613 2397 Dei,
628 2369 654 2391 et
678 2365 797 2392 cohaares
811 2365 920 2392 Christi.

139 2417 278 2444 Palmitem
292 2422 356 2442 vero
368 2414 467 2448 dequo
479 2413 503 2439 iu
518 2411 602 2438 initiis
616 2410 679 2445 quid
691 2410 856 2444 signiﬁcaret
869 2419 921 2438 non

137 2463 311 2498 exposuimus
329 2460 385 2496 (26)
398 2480 406 2492 ,
423 2458 574 2493 intelligere
599 2464 741 2490 possumus
757 2457 807 2483 hoc
831 2457 920 2483 modo.

140 2510 217 2536 Fides
228 2515 286 2543 qua:
298 2507 324 2534 in
336 2505 446 2534 Christo
469 2508 521 2541 est,
538 2508 565 2530 et
580 2502 720 2536 praesentis
730 2502 791 2527 vitae
800 2501 919 2535 regulam

138 2558 221 2586 tenet,
236 2557 263 2580 et
287 2552 384 2579 futurae
410 2549 467 2585 spei
496 2547 619 2575 ﬁduciam
639 2550 759 2580 prtestat.
777 2544 845 2572 Vitis
856 2553 920 2580 ergo

440 2642 462 2656 ’κ
479 2641 486 2666 |
517 2641 579 2667 (lor.
601 2645 627 2664 VI
642 2658 648 2669 ,
668 2639 710 2666 l5.

176 2646 193 2660 "
211 2645 229 2671 ll
248 2645 310 2671 Cor.
327 2642 403 2673 v1.2.
440 2642 462 2656 ’κ
479 2642 486 2666 |
517 2642 579 2667 Cor.
601 2645 648 2669 vt,
668 2642 700 2665 15

177 2680 274 2706 Gelu-.5.
293 2686 367 2709 xux,
388 2678 430 2704 ll.
469 2677 493 2693 ’³
506 2676 604 2710 Ephes.
620 2681 646 2706 ν,
658 2673 701 2700 27.

136 2681 159 2696 "
177 2680 274 2706 Gelu-.5.
293 2686 367 2709 XLIX,
388 2678 430 2704 Η.

175 2763 230 2799 (‘25)
248 2763 291 2789 Sic
311 2771 389 2793 mss...
407 2762 561 2801 aliaslwro,
581 2761 697 2801 ﬁdelium
715 2760 914 2801 popufttnt‘sine

137 2797 400 2833 dutiin'iutclligeudo
423 2797 579 2832 spiritaliter
591 2797 710 2830 judicare
740 2804 782 2822 eos
806 2797 850 2827 ιμιὶ
867 2803 914 2829 pro

138 2837 267 2860 Itrmt'mlt'.

951 862 971 890 Β

943 1533 966 1563 C

940 2197 962 2224 D

749 2638 770 2654 δ’
787 2639 885 2665 Genes.
916 2646 988 2669 χιιι,
1008 2639 1049 2665 ll.

741 2673 786 2700 "‘I
806 2673 877 2700 l’etr.
892 2681 910 2704 ι,
927 2675 968 2701 18.

991 236 1034 263 siti
1053 242 1127 271 gesta
1145 237 1170 264 in
1184 238 1241 272 ipso
1258 238 1399 265 credentes
1415 239 1566 266 imitantur.
1587 239 1691 267 Palmes
1710 248 1775 268 vero

991 281 1055 307 illud
1070 281 1240 316 intelligitur,
1256 282 1326 315 quod
1339 281 1440 316 palmes
1453 283 1543 310 arbori
1560 285 1731 310 connectitur
1747 289 1775 311 et

990 326 1168 353 conﬁrmatur
1184 334 1199 354 a
1215 327 1301 361 lapsu,
1319 334 1372 361 quo
1389 327 1552 354 adminiculo
1580 327 1663 355 fretus
1680 334 1775 356 ventos

989 377 1021 397 ac
1038 371 1160 398 turbines
1171 371 1322 398 contemnit
1345 377 1372 398 et
1388 372 1500 405 respuit,
1519 371 1669 400 futurorum
1687 373 1773 400 bono-

990 423 1048 442 rum
1065 416 1165 443 indieat
1179 424 1253 450 spem
1272 426 1280 448 ς
1297 417 1359 451 quia
1382 416 1472 444 fideles
1488 417 1588 451 quique
1611 426 1663 445 non
1685 418 1779 446 solum‘

989 461 1014 488 in
1031 461 1073 488 his
1096 470 1156 496 qua:
1185 468 1293 497 gerunt,
1321 463 1366 490 sed
1384 467 1408 490 et
1433 463 1459 489 in
1479 464 1521 490 his
1543 471 1602 498 qua:
1626 470 1736 499 sperant
1748 471 1776 493 et

988 507 1110 538 credunt,
1128 507 1244 535 futuram
1273 509 1532 536 consummationem
1560 510 1654 538 salutis
1677 519 1774 545 exspe-

988 558 1073 579 ctant.
1090 553 1117 580 In
1133 562 1186 588 qtto
1211 555 1286 588 quasi
1313 555 1345 581 ad
1372 557 1517 589 quamdam
1535 559 1669 591 patienti:e
1692 559 1775 585 arbo-

988 607 1042 626 rem
1055 607 1102 634 spe
1117 600 1202 634 juncti
1226 605 1252 628 et
1279 601 1450 635 conﬁrmati,
1468 604 1645 632 tentationum
1665 605 1774 638 procel-

987 645 1026 671 las
1045 652 1075 672 ac
1103 645 1224 674 turbines
1246 646 1346 678 ferunt,
1360 649 1431 682 quod
1453 648 1487 675 de
1502 649 1634 676 historiali
1647 649 1713 677 ,ιιιὼ
1728 651 1773 678 in-

988 691 1128 724 terpretari
1145 691 1215 717 nulla
1228 691 1292 718 mihi
1312 693 1381 719 ratio
1394 693 1501 720 videtur
1513 701 1591 727 posse
1602 696 1772 729 permittere,

986 734 1037 760 nisi
1061 734 1182 762 Jndaicis
1204 736 1300 764 fabulis
1324 744 1486 771 annuentcs,
1505 744 1628 773 putemus
1641 741 1677 767 ita
1693 749 1773 775 posse

985 780 1111 815 intelligi,
1133 789 1181 816 pro
1200 790 1232 810 ro
1249 783 1320 816 quod
1343 785 1436 811 dicunt
1459 791 1561 819 partem
1579 787 1663 815 tribus
1684 788 1770 820 Judtc.

986 832 1064 858 quam
1092 826 1116 852 in
1145 831 1224 853 terrm
1247 827 1402 856 luereditate
1428 831 1558 864 suscepit,
1572 831 1608 858 ita
1643 832 1770 860 refectam

988 879 1047 905 esse
1060 873 1156 905 vineis,
1174 878 1203 899 ut
1220 879 1348 909 tanquam
1363 876 1435 903 nullo
1450 876 1561 904 alterius
1574 878 1680 912 generis
1696 879 1772 906 essi-

987 921 1075 944 stente
1089 918 1205 953 virgulto
1231 924 1302 947 tanta
1325 921 1389 949 vitis
1417 929 1476 949 esse
1494 923 1571 957 copia
1595 924 1726 956 videatur,
1743 930 1773 952 ut

987 971 1022 991 ne
1036 964 1134 990 animal
1153 965 1259 998 quidem
1276 966 1401 1001 alligandi
1414 968 1447 994 ad
1468 968 1540 995 aliud
1563 964 1649 1003 genus
1664 970 1772 998 arboris

987 1009 1065 1036 detur
1081 1010 1204 1038 facultas.
1222 1011 1275 1038 Sed
1291 1011 1359 1045 ham,
1372 1017 1400 1039 ut
1415 1013 1542 1046 diximus,
1555 1013 1665 1042 Iudaica
1684 1017 1772 1049 magis

986 1061 1140 1083 commenta
1169 1058 1332 1084 videbuntur
1352 1066 1359 1084 :
1384 1059 1460 1086 nobis
1484 1064 1573 1086 autem
1595 1061 1716 1096 mystica,
1743 1068 1772 1090 et

986 1102 1046 1137 plus
1071 1103 1151 1130 etiam
1164 1104 1193 1138 ,si
1207 1103 1263 1130 sola
1279 1105 1323 1137 sit,
1337 1105 1422 1139 placet
1433 1105 1576 1139 expositio.
1629 1101 1638 1109 ’

1021 1191 1046 1219 8.
1066 1191 1175 1218 Larabit
1187 1193 1213 1219 in
1228 1192 1284 1219 vino
1297 1192 1388 1219 stolam
1406 1201 1490 1221 suam.
1501 1199 1524 1220 et
1538 1194 1564 1220 in
1576 1195 1701 1228 sanguine
1713 1203 1770 1222 urar

986 1238 1109 1264 amictum
1123 1238 1242 1264 situm".
1264 1239 1432 1265 Videbuntnr
1448 1245 1476 1266 et
1498 1240 1554 1267 hzrc
1578 1247 1706 1274 quantum
1735 1243 1768 1268 ad

986 1280 1141 1307 historicum
1159 1282 1353 1315 expOsitionem
1367 1290 1460 1317 agrum
1473 1283 1590 1311 fertilem
1610 1285 1672 1315 vite.
1686 1285 1770 1321 ὑπερ-

985 1324 1098 1357 ϐολικῶς
1114 1326 1168 1353 viui
1186 1327 1376 1354 abundantiam
1402 1329 1563 1362 significare.
1581 1329 1634 1357 Sed
1649 1330 1769 1358 nobilio-

985 1377 1041 1396 rem
1060 1378 1166 1397 sensum
1180 1373 1291 1406 mystica
1305 1374 1428 1405 producit
1441 1375 1573 1408 expositio
1588 1381 1690 1403 nostra.
1701 1375 1768 1403 Nam

985 1416 1053 1442 stola
1069 1415 1170 1444 Christi
1184 1425 1244 1451 qua'
1267 1417 1372 1444 lavatur
1387 1419 1412 1445 iu
1444 1419 1518 1452 vino,
1539 1421 1634 1447 merito
1648 1421 1706 1455 ejus
1727 1422 1769 1449 in-

986 1461 1113 1494 telligitur
1142 1461 1274 1494 Ecclesia,
1293 1471 1373 1497 quam
1392 1465 1448 1498 ipse
1465 1466 1603 1492 mundavit
1629 1466 1680 1493 sibi
1703 1475 1768 1493 san-

984 1506 1065 1541 guine
1081 1514 1140 1539 suo,
1157 1516 1209 1534 non
1237 1508 1381 1534 habentem
1402 1509 1531 1535 maculam
1553 1515 1598 1536 aut
1611 1517 1703 1544 rugam
1719 1511 1742 1527 ⁸³
1758 1520 1765 1537 :

983 1551 1043 1577 Non
1059 1553 1136 1580 enim.
1156 1552 1396 1587 iuquitApostolus
1411 1553 1444 1584 “,
1460 1558 1576 1587 argento,
1592 1554 1704 1581 velauro
1722 1564 1766 1582 re-

980 1597 1077 1630 dempti
1089 1596 1160 1629 estis,
1173 1598 1218 1623 sed
1229 1599 1342 1630 pretioso
1352 1598 1478 1632 sanguine
1489 1598 1623 1633 Unigeu‘ti
1634 1607 1648 1626 a
1665 1601 1728 1627 Deo.
1739 1601 1767 1627 ln

979 1640 1060 1673 hujus
1075 1642 1146 1667 enim
1162 1642 1300 1676 sanguinis
1321 1642 1394 1673 vino,
1412 1643 1437 1669 id
1460 1647 1500 1669 est
1524 1643 1632 1670 lavacro
1653 1652 1767 1678 regene-

980 1686 1092 1713 rationis
1105 1694 1119 1712 a
1136 1686 1244 1714 Christo
1262 1686 1370 1714 lavatur
1397 1686 1529 1714 Ecclesia.
1559 1688 1766 1722 Consepelimur

979 1731 1051 1757 enim
1069 1738 1116 1764 per
1129 1731 1293 1765 baptismum
1311 1732 1336 1758 in
1358 1737 1474 1759 mortem
1492 1733 1525 1765 ³⁸,
1543 1737 1569 1760 et
1585 1733 1611 1760 in
1633 1735 1767 1769 sanguine

980 1776 1074 1809 ipsius,
1089 1777 1113 1802 id
1133 1781 1174 1803 est
1191 1777 1217 1803 iu
1244 1782 1330 1804 morte
1350 1777 1433 1812 ipsius
1453 1778 1636 1812 baptizamur.
1656 1778 1683 1806 In
1700 1787 1766 1806 san-

980 1822 1060 1856 guine
1073 1826 1161 1848 autem
1177 1830 1235 1849 uvm
1248 1823 1382 1856 quomodo
1397 1823 1524 1849 amictum
1537 1831 1614 1850 suum
1629 1824 1705 1854 lavit.
1724 1825 1765 1852 vi-

979 1868 1094 1894 dendum
1111 1873 1162 1896 est.
1189 1868 1311 1895 Amictus
1326 1869 1504 1902 propinquior
1522 1870 1643 1903 quaedam
1660 1870 1700 1896 vel
1716 1879 1763 1897 se-

979 1914 1078 1939 cretior
1092 1913 1199 1947 corpori
1229 1916 1312 1940 vestis
1337 1915 1444 1941 videtur
1457 1921 1516 1941 esse
1532 1922 1612 1949 quam
1631 1916 1710 1942 stola.
1729 1916 1762 1943 lli

977 1966 1042 1991 ergo
1057 1959 1101 1992 qui
1115 1959 1187 1992 prius
1200 1965 1247 1992 per
1268 1958 1405 1986 lavacrum
1419 1959 1464 1986 loti
1481 1960 1548 1987 stola
1572 1961 1629 1993 eius
1653 1960 1763 1988 fuerant

977 2002 1075 2035 effecti,
1102 2008 1276 2038 posteaquam
1295 2005 1328 2030 ad
1343 2009 1542 2031 sacramentum
1552 2006 1689 2039 sanguinis
1704 2015 1763 2033 mue

977 2055 1173 2082 pervenerunt,
1187 2048 1228 2075 vel
1245 2049 1381 2076 interioris
1406 2051 1527 2085 mysterii
1551 2051 1762 2086 secretiorisquc

978 2093 1041 2120 facti
1059 2098 1122 2120 sunt
1147 2094 1302 2128 participes,
1326 2095 1443 2122 amictus
1457 2095 1516 2129 ejus
1541 2103 1600 2122 esse
1621 2096 1762 2124 dicuntur.

976 2139 1093 2166 Lavutnr
1114 2141 1184 2166 enim
1201 2144 1228 2166 et
1244 2141 1270 2166 in
1293 2148 1351 2167 uvrc
1369 2141 1501 2175 sanguine
1521 2141 1621 2174 anima,
1637 2149 1697 2168 cum
1714 2150 1761 2169 sa-

975 2185 1105 2212 cramenti
1122 2185 1200 2219 hujus
1225 2185 1337 2219 coeperit
1361 2193 1456 2219 capere
1484 2186 1627 2213 rationem.
1658 2186 1758 2220 Aguita

977 2236 1092 2263 namque
1111 2234 1139 2256 et
1159 2229 1292 2256 intellecta
1311 2230 1412 2256 virtute
1437 2231 1576 2264 sanguinis
1599 2229 1678 2257 Verbi
1698 2230 1758 2261 Dei.

975 2278 1076 2308 quanto
1088 2273 1215 2307 capacior
1230 2273 1322 2300 enecta
1345 2273 1427 2300 fuerit
1448 2275 1549 2307 anima,
1566 2279 1640 2302 tanto
1665 2275 1759 2309 purior

977 2318 1005 2345 ﬁt
1024 2323 1052 2345 et.
1077 2319 1181 2344 lavatur
1199 2319 1318 2352 quotidie
1341 2319 1373 2344 ad
1398 2319 1517 2346 scientiae
1540 2319 1689 2354 profectum
1703 2341 1709 2351 ,
1731 2326 1760 2347 et

973 2364 1090 2399 iungens
1106 2371 1135 2391 se
1164 2365 1216 2391 Deo
1239 2373 1291 2392 non
1320 2366 1408 2392 solum
1436 2366 1552 2393 amictus
1574 2367 1644 2400 ejus,
1661 2374 1757 2394 verum

975 2410 1054 2437 etiam
1071 2418 1139 2437 IlttllS
1150 2410 1204 2445 jam
1220 2418 1281 2437 eum
1302 2411 1361 2444 ipso
1374 2411 1483 2446 spiritus
1498 2412 1552 2439 ﬁet.
1565 2411 1632 2440 Huic
1646 2418 1758 2440 contra-

975 2455 1032 2482 rius
1047 2461 1107 2482 erat
1120 2457 1236 2483 amictus
1248 2456 1291 2483 ille
1304 2457 1391 2491 populi
1411 2456 1503 2490 Israel,
1520 2458 1545 2484 in
1562 2465 1613 2492 quo
1625 2462 1652 2484 ut
1667 2459 1756 2492 gentis

976 2500 1168 2534 impudicitiam
1186 2500 1350 2534 designaret,
1374 2509 1426 2529 non
1447 2506 1500 2527 tam
1523 2502 1651 2528 amictum
1674 2510 1755 2536 quant

976 2546 1193 2579 praecinctorium
1214 2546 1372 2573 nominarit.
1390 2546 1465 2579 Quod
1486 2546 1618 2574 .leremias
1638 2547 1758 2574 circum-

1088 2638 1197 2666 “Joan.
1215 2646 1258 2671 xv,
1278 2639 1304 2666 l.
1340 2639 1361 2655 "
1379 2639 1428 2670 lsa.
1446 2639 1535 2671 x,2'2;
1555 2638 1632 2666 Rom.
1654 2646 1691 2670 ιτ,
1708 2638 1754 2666 27.

1007 2675 1029 2689 ⁵⁵
1045 2673 1121 2700 Ront.
1136 2681 1171 2705 Vl,
1183 2674 1208 2699 4.

1004 2760 1059 2795 (‘26)
1082 2760 1156 2791 Mss,
1174 2768 1224 2785 non
1247 2758 1423 2791 exposuimus.
1444 2757 1518 2784 Alias
1531 2755 1754 2791 deest_particula

969 2804 1030 2821 ηυη.
