1902 3065
117 114 169 142 261

720 111 753 138 lN
773 108 923 138 GENESlM
938 108 1080 135 HOMILIA
1098 108 1179 136 XVll.

1698 109 1754 136 20')

120 174 189 201 dare
207 173 309 200 lumbis
323 172 392 204 suis,
409 177 434 200 et
453 172 561 198 auferre
583 179 689 203 rursus,
708 175 788 205 atque
803 171 828 196 in
856 169 909 195 En-
925 168 948 195 Α
963 166 1048 200 Super
1060 174 1106 193 eos
1119 167 1165 201 qui
1180 167 1249 194 lactc
1259 167 1377 199 aluntur,
1389 167 1482 194 dentes
1490 166 1547 200 ejus
1559 171 1620 193 sum
1634 167 1754 193 candidi.

121 220 236 254 phraten
249 218 361 252 jnbctur
381 218 547 245 abscondere
561 218 594 244 ".

157 265 174 292 9
206 263 330 297 Gratiﬁci
343 264 412 290 oculi
429 264 485 296 ejus
501 271 517 289 η
538 264 607 294 vino,
619 267 642 288 et
656 263 744 288 dentes
764 261 821 295 ejus
845 260 912 286 lacte

121 311 339 339 candidiores".
369 311 450 337 Vides
479 310 612 344 quomodo
637 308 805 336 historialem
833 306 913 332 intel-

123 358 222 384 lectum
243 365 306 392 erga
324 356 403 383 finem
425 355 560 390 praecipue
589 359 710 389 amputat
725 359 752 381 et
768 353 912 380 abscindit.

123 404 152 430 Si
173 404 245 430 enim
270 403 358 429 adhuc
381 401 576 428 contentiosins
593 405 704 436 agentes
729 397 820 426 dicere
847 399 913 425 veli-

122 457 194 479 mus,
223 449 287 483 quia
308 448 423 482 gratifici
443 452 506 474 sunt
527 447 597 473 oculi
624 446 699 473 .Iudte.
714 453 746 472 ex
772 447 844 476 vino,
865 451 913 479 pro

123 494 346 527 abundantia,.ut
361 501 443 528 supra
467 493 597 527 diximus,
613 491 680 522 viui,
697 496 723 518 et
749 490 912 517 abundantia

124 542 286 575 poculorum
306 549 313 567 :
336 541 400 574 quid
416 541 448 568 dc
472 540 594 567 candidis
619 531 744 566 dentibus
764 538 913 572 responde-

123 588 226 619 bimus,
246 591 275 614 ει
291 586 415 621 qualitati
441 585 519 612 lactis
538 584 678 619 praelatis?
698 583 725 610 in
741 591 794 617 quo
816 583 914 610 adver-

121 641 182 660 sum
201 633 345 660 veritatem
371 632 543 666 impudenter
563 638 616 657 non
637 635 679 657 est
706 630 850 664 agendum.
866 629 913 656 sed

123 679 326 713 interruptione
358 677 543 713 intelligentia:
578 674 853 704 liistorialis-exclttsi
880 675 913 701 ad

121 724 273 759 spiritualis
285 724 463 757 expositionis
475 723 597 750 ordinem
610 716 763 748 redeamus.
781 719 913 753 Gratiﬁci,

122 770 220 804 inquit.
234 770 305 795 oculi
319 769 377 803 ejus
393 777 407 794 a
423 769 491 796 vina.
509 767 638 801 Superius
655 766 824 793 ostendimus
848 773 914 799 apo-

121 815 221 841 stulica
250 816 412 845 auctoritate
425 813 448 829 ⁵⁸
467 815 586 839 rnembra
608 812 708 839 Christi
738 811 790 838 dici
817 811 911 846 dignos

120 868 245 895 qnusqne
258 859 387 891 fldelium,
405 863 432 886 et
459 859 565 885 diversa
593 857 767 892 singulariter
789 857 910 883 membra

121 906 269 935 nominari.
287 913 335 939 pro
347 913 378 932 eo
399 904 470 938 quod
497 905 680 938 unusquisque
693 903 764 929 omni
781 902 912 929 Ecclesia

120 952 228 986 corpori
245 951 372 985 dependit
383 950 510 977 cilicium.
523 950 606 976 Erunt
616 949 687 976 enim
704 948 783 982 pedes
798 947 911 980 Christi,

120 997 167 1031 qui
188 1001 304 1023 currunt
323 996 357 1022 ad
385 994 534 1022 faciendam
559 1002 670 1029 pacem,
687 994 731 1026 qui
747 999 863 1028 pergunt
878 993 911 1019 ad
944 1013 946 1016 .

120 1041 336 1069 subveniendum
361 1041 403 1067 his
428 1040 473 1074 qni
496 1039 521 1066 iu
544 1039 705 1066 necessitate
724 1043 788 1065 sunt
818 1037 910 1072 positi.

122 1087 207 1113 Erunt
219 1093 316 1113 manus
329 1085 442 1116 Christi,
459 1092 518 1119 qua:
530 1084 561 1110 ad
583 1084 798 1111 misericordiam
814 1087 912 1109 exten-

119 1133 235 1163 duntur,
251 1139 313 1165 qnze
326 1131 456 1161 auxilium
481 1130 661 1164 indigentibus
678 1124 776 1158 ferunt.
791 1137 851 1163 qua:
870 1129 912 1155 in—

120 1179 220 1205 VaIidis
244 1179 279 1205 ad
299 1177 490 1205 adminiculum
508 1177 691 1211 porriguntur.
709 1175 754 1202 Sic
778 1180 858 1202 erunt
883 1179 911 1202 ct

119 1225 191 1251 oculi
206 1225 319 1256 Christi,
335 1225 380 1259 qni
405 1223 524 1250 scientia:
547 1223 636 1250 lumen
658 1223 783 1250 universo
806 1221 911 1256 corpori

121 1276 262 1304 prxstant.
282 1270 358 1297 Sicut
381 1271 406 1296 in
428 1269 571 1304 Evangelia
596 1269 724 1302 scriptmn
745 1273 787 1294 est
797 1267 819 1283 "
835 1276 842 1294 :
859 1267 913 1294 Lu-

120 1326 202 1344 cerua
226 1317 344 1351 corporis
368 1316 407 1342 tui
432 1321 468 1342 est
488 1315 579 1341 oculus
603 1320 674 1340 tuus.
699 1313 821 1349 Gratifici
846 1320 910 1346 ergo

119 1363 267 1390 Suntoculi
291 1362 335 1388 isti
351 1371 359 1387 :
376 1369 465 1388 sermo
483 1361 553 1387 enim
572 1359 693 1386 scientia-
713 1359 768 1386 sale
787 1359 911 1386 conditus

121 1414 164 1435 est
178 1408 212 1438 ",
231 1412 260 1433 ut
276 1408 321 1433 det
346 1406 460 1440 gratiam
487 1406 667 1432 audientibus.
692 1404 748 1431 Non
774 1412 838 1439 ergo
864 1412 911 1438 per

123 1455 175 1481 hoc
188 1455 276 1481 solum
295 1453 434 1488 grntificus
451 1453 563 1485 dicitur,
582 1454 643 1487 quia
662 1452 782 1480 scientiae
803 1459 911 1479 sermo-

964 212 989 238 id
1007 213 1096 243 est,hi
1120 213 1164 247 qni
1187 214 1336 247 perfectum
1363 213 1454 240 cibum
1480 220 1576 246 capere
1598 218 1708 246 possunt
1725 217 1755 239 ct.

963 258 1115 289 comedere.
1130 267 1212 293 super
1228 259 1287 286 illos
1299 264 1361 286 sunt
1377 260 1421 294 qni
1438 264 1565 292 tanquam
1581 258 1682 292 parvuli
1703 259 1752 284 ad-

963 302 1017 329 huc
1029 302 1099 329 lacte
1116 304 1245 338 indigent.
1264 303 1383 338 Denique
1399 305 1463 331 etin
1487 305 1559 338 lege,
1576 311 1607 330 ea
1631 304 1754 330 animan-

965 349 999 375 tia
1018 356 1077 383 qua:
1096 350 1240 382 ruminant,
1259 354 1286 376 et
1314 356 1450 384 sumptum
1477 350 1567 377 cibum
1598 349 1631 376 ad
1656 350 1752 376 dentes

964 394 1054 421 denuo
1092 400 1218 422 revocant
1235 415 1243 428 ,
1268 403 1346 429 qnetn
1379 395 1516 423 subtiliter
1544 395 1752 428 minutatimque

964 440 1155 467 sustentationi
1186 440 1241 476 (9.8)
1267 442 1388 475 corporis
1412 443 1530 472 tradunt,
1559 441 1657 466 munda
1690 447 1752 466 esse

965 485 1092 512 animalia
1112 486 1298 520 designantur.
1312 485 1458 519 Aptissima
1472 492 1537 512 sane
1552 485 1633 512 etiam
1656 484 1753 511 candi-

965 531 1013 559 dos
1027 530 1122 558 dentes
1135 531 1193 565 ejus
1209 531 1285 558 dicit.
1297 531 1396 558 Omnes
1406 531 1480 557 enim
1495 531 1539 565 qui
1554 531 1664 565 perfecti
1677 535 1752 562 sunt,

964 583 991 604 et
1007 580 1052 612 qui
1071 577 1274 610 Scripturarum
1293 577 1368 603 cibos
1384 576 1472 610 dignis
1491 581 1516 603 et
1536 569 1758 610 competentibus

966 622 1235 656 interpretationibus
1261 621 1441 656 explanamus
1465 622 1588 648 subtilem
1611 627 1637 648 et
1664 623 1753 647 minu-

967 672 1021 694 tum
1047 667 1229 699 intellectum,
1253 669 1298 701 qui
1325 666 1474 701 spiritualis
1497 667 1606 697 dicitur.
1623 665 1752 693 Ecclesia:

965 713 1073 746 corpori
1091 712 1310 743 subministrant,
1323 711 1429 738 candidi
1448 711 1544 738 debent
1560 717 1620 744 θεειε
1642 716 1668 737 et
1680 711 1750 744 puri,

965 764 1046 792 atque
1055 758 1088 784 ab
1100 758 1173 785 omni
1194 758 1264 784 malo
1281 757 1369 789 liberi,
1391 765 1423 784 nc
1440 757 1508 784 forte
1530 757 1635 784 dicatur
1651 757 1691 783 eis
1704 756 1725 772 "’
1744 766 1749 783 :

968 803 1018 836 Qui
1036 804 1103 830 alios
1115 803 1315 838 doces,tt-ipsum
1329 811 1381 829 non
1404 804 1490 829 dares.
1509 802 1606 829 Vt‘l'lllll
1624 802 1750 835 quoniam

964 850 1055 876 divina
1069 850 1210 883 Scriptura
1239 856 1291 875 non
1313 849 1398 876 solum
1417 854 1648 875 sacramentorum
1672 848 1752 875 debet

963 895 1105 923 scientiam
1130 896 1282 926 continere,
1297 903 1389 922 verum
1406 895 1487 922 etiam
1512 889 1751 928 morcsgestaquo

965 941 1115 969 informare
1140 941 1301 968 discentium
1321 950 1328 974 ;
1348 941 1387 967 sic
1407 941 1479 967 enim
1499 944 1528 966 et
1549 939 1686 972 Sapientia
1705 945 1754 972 per

963 988 1136 1016 Salomonem
1152 987 1217 1014 dicit
1228 987 1251 1003 “
1265 995 1272 1012 :
1292 987 1414 1013 Describe
1433 987 1488 1012 [tm
1505 985 1551 1011 tibi
1571 984 1712 1018 dupliciter
1728 989 1753 1011 ίι

963 1034 1104 1068 rripliciter
1119 1033 1147 1060 in
1161 1034 1240 1060 corde
1251 1039 1307 1064 tuo.
1323 1038 1349 1060 et
1363 1039 1424 1059 arca
1443 1039 1502 1066 qua!
1519 1030 1751 1058 constrttcb;~.tnra

964 1079 1031 1111 Noe,
1048 1079 1213 1105 bicamerata
1239 1083 1265 1104 et
1287 1078 1462 1103 tricamerala
1488 1075 1545 1102 fieri
1559 1074 1692 1107 jnbetur;
1710 1081 1755 1100 co-

964 1132 1061 1151 nemur
1071 1130 1097 1150 et
1118 1131 1166 1150 nos
1180 1126 1354 1158 posteaquam
1366 1121 1508 1156 dupliciter
1527 1120 1594 1153 ista,
1612 1124 1690 1154 prout
1702 1125 1754 1154 po-

965 1171 1064 1198 tuimus
1081 1170 1197 1200 sentire.
1209 1168 1413 1203 descripsimus,
1439 1168 1464 1194 id
1478 1163 1524 1194 est
1540 1167 1686 1193 secundum
1711 1165 1749 1193 hi-

964 1217 1078 1244 storiam
1100 1220 1129 1243 et
1146 1215 1292 1242 secundum
1317 1213 1460 1248 mysticum
1479 1212 1656 1243 intellectum,
1681 1219 1752 1239 nunc

964 1263 990 1290 in
1003 1267 1133 1297 quantum
1150 1259 1273 1295 recipere
1287 1259 1362 1286 locus
1374 1261 1474 1292 potest.
1488 1258 1570 1284 etiam
1582 1255 1710 1283 moralem
1726 1257 1751 1283 in

963 1315 995 1335 eo
1011 1307 1148 1333 discutere
1170 1312 1326 1332 sermonem
1345 1312 1352 1330 :
1369 1308 1398 1329 ut
1424 1302 1593 1336 Scripturam
1624 1301 1752 1334 studiosi,

964 1359 1016 1378 non
1041 1351 1125 1379 solum
1145 1350 1212 1386 quid
1229 1350 1254 1376 in
1269 1349 1346 1382 aliis,
1378 1347 1419 1374 vel
1441 1347 1476 1374 ab
1497 1346 1557 1373 aliis
1581 1350 1684 1380 gestum
1704 1346 1754 1377 sit,

963 1399 1009 1425 sed
1022 1398 1105 1425 etiam
1125 1398 1174 1432 ipsi
1194 1399 1262 1423 intra
1280 1402 1309 1423 se
1324 1393 1387 1430 quid
1404 1400 1499 1428 gerere
1509 1393 1626 1419 debeant
1641 1393 1756 1418 dorean-

964 1447 1017 1472 tur.
1029 1443 1112 1470 Judas
1131 1443 1262 1477 confessio
1275 1443 1481 1476 interpretatur.
1495 1437 1544 1473 Qui
1563 1445 1626 1474 ergo
1638 1437 1678 1464 vel
1695 1444 1755 1470 pec-

121 1508 184 1526 nem
199 1500 346 1530 ministrat,
364 1500 410 1526 sed
420 1500 490 1533 quod
508 1499 587 1525 habet
603 1499 629 1525 in
646 1506 685 1529 se,
703 1498 816 1533 gratiam
834 1497 908 1524 facit.

965 1492 1022 1515 cata
1042 1495 1090 1515 sua
1104 1485 1246 1514 confessus
1268 1485 1455 1519 pwnitentiam
1471 1485 1548 1519 gerit,
1560 1484 1603 1510 vel
1617 1484 1753 1510 Christum

122 1545 174 1572 llis
186 1546 266 1575 enim.
286 1546 374 1579 inquit
390 1545 502 1578 Sapiens
517 1545 550 1577 σί,
565 1545 674 1582 auditis.
688 1544 790 1578 rapiens
804 1545 909 1576 sapien—

121 1592 177 1617 tiur
187 1593 248 1617 erit.
261 1591 384 1618 Gratiftci
410 1598 473 1625 ergo
491 1595 553 1617 sunt
573 1590 642 1617 oculi
656 1591 713 1624 ejus
727 1598 741 1617 a
758 1590 830 1621 vino,
845 1591 908 1624 quia

122 1638 189 1664 nihil
204 1643 246 1664 est
262 1645 395 1672 aquarum
409 1637 434 1663 in
453 1637 534 1664 verbo
553 1637 682 1667 scientire,
703 1637 769 1663 nihil
785 1636 909 1667 fluidum,

123 1683 190 1710 nihil
204 1683 347 1717 frigidum,
365 1683 411 1709 scd
429 1682 519 1709 vinum
530 1684 601 1716 quod
621 1682 738 1708 laetificat
755 1690 803 1708 cor
823 1682 911 1709 homi-

123 1729 217 1757 nis.et
231 1728 304 1763 quod
328 1727 479 1755 infunditur
495 1728 649 1755 vulneribus
672 1729 744 1755 illius
769 1729 814 1763 qui
843 1728 912 1755 inci-

123 1776 162 1800 dit
181 1775 207 1801 in
230 1775 353 1801 latrones
366 1774 399 1807 ",
415 1782 469 1808 quo
486 1773 591 1800 scilicet
611 1774 776 1801 attdicntinm
799 1774 910 1800 vulnera

123 1825 298 1855 peccatorum
312 1828 364 1847 non
377 1820 464 1847 solum
479 1819 530 1847 olei
554 1820 665 1846 lenitate
682 1819 851 1853 mitigantur,
866 1827 912 1846 ve-

124 1873 184 1892 rum
198 1866 281 1892 etiam
298 1866 353 1892 vini
371 1866 530 1893 austeritate
549 1870 708 1899 ortrgentur.
730 1865 764 1891 Et
787 1865 845 1899 quis
861 1871 909 1898 est,

123 1913 213 1945 inquit
230 1911 374 1945 Apostolus
385 1911 418 1943 ⁸³,
433 1912 478 1946 qui
493 1920 533 1937 me
546 1911 680 1944 lwtiﬁcat,
692 1910 742 1937 nisi
757 1910 800 1944 qui
813 1911 912 1936 contri-

122 1963 210 1984 statur
225 1965 258 1983 ει
272 1965 312 1983 me
344 1955 498 1984 “‘PCandidi
511 1957 598 1983 dentes
616 1956 673 1990 ejus
697 1964 775 1990 super
788 1955 838 1982 lac.
856 1955 912 1982 Sa:-

123 2004 185 2037 pins
201 2003 235 2029 de
250 2002 432 2029 membrorum
450 2002 550 2029 Christi
562 2002 657 2029 ordine
675 2006 702 2028 et
726 2002 829 2028 ratione
853 2001 909 2035 jam

121 2050 252 2080 diximus,
273 2049 353 2083 110
376 2055 404 2076 et
422 2050 517 2076 eadem
542 2048 711 2082 frequentius
727 2048 753 2074 in
776 2048 816 2074 eis
843 2048 911 2074 Iouis

123 2103 248 2131 repeto-re
267 2097 414 2123 absurdum
429 2095 544 2122 videtur.
566 2095 664 2122 Dentes
677 2102 742 2129 ergo
753 2094 811 2127 cjus
831 2101 912 2127 super

123 2142 165 2169 lac
179 2142 288 2168 candidi
305 2145 386 2167 erttnt
410 2140 448 2172 hi,
468 2140 512 2174 qui
529 2139 626 2167 fortem
643 2144 671 2167 et
690 2139 806 2166 solidum
822 2139 909 2165 cibum

122 2188 199 2215 verbi
232 2188 277 2214 Dei
303 2187 432 2214 mandere
455 2191 482 2214 ct
509 2187 692 2214 comminuere
716 2187 750 2212 ad
778 2192 910 2212 summam

123 2235 303 2261 subtilitatem
319 2233 447 2260 dentibus
461 2232 633 2267 possunt;de
653 2232 750 2266 quibus
762 2231 826 2257 dicit
841 2231 913 2264 Apo-

122 2280 209 2307 stolus
223 2280 249 2306 in
263 2279 380 2313 Epistola
391 2279 424 2304 ad
440 2278 565 2305 llebrreos
577 2278 601 2294 ⁸⁵
614 2287 620 2304 :
635 2277 813 2311 Perfectorum
827 2281 913 2302 autent

121 2332 159 2354 est
171 2326 244 2353 cibus
262 2326 374 2357 solidus,
389 2325 436 2359 qui
450 2333 495 2358 pro
510 2324 683 2359 possibilitate
702 2323 822 2349 suntendr
839 2329 914 2348 exer-

121 2375 215 2400 citatos
226 2373 322 2399 habent
333 2379 426 2398 sensus
448 2371 482 2397 ad
504 2370 686 2397 discretionem
708 2370 770 2395 boni
792 2373 816 2394 et
836 2367 912 2393 mali.

123 2419 161 2445 De
178 2417 346 2452 imperfectis
371 2421 461 2442 autent
470 2415 630 2442 'Coriuthiis
646 2414 701 2448 (27)
716 2413 739 2429 “
753 2412 821 2439 dicit
837 2419 844 2437 :
861 2410 913 2436 Lm:

123 2462 193 2487 vobis
204 2464 296 2494 potum
312 2459 384 2490 dedi.
396 2466 449 2484 non
462 2465 558 2489 escam,
569 2458 685 2483 nondum
698 2456 766 2482 enim
776 2453 912 2489 poteratis.

350 2547 373 2563 ⁵⁷
387 2545 486 2573 Cenes.
501 2552 574 2576 ηις,
589 2537 638 2571 12ί
688 2542 711 2559 ⁸³
724 2542 732 2568 l
745 2542 806 2569 Cor.
820 2549 856 2572 γι,
870 2540 912 2566 15.

392 2582 414 2596 ⁸³
429 2581 448 2607 Il
464 2582 526 2606 Cor.
546 2588 575 2607 ιι.
600 2579 626 2605 2.

456 2615 477 2630 ⁸³
498 2615 561 2642 an.
579 2621 622 2645 xv,
645 2612 689 2640 10.

156 2549 180 2564 ⁵⁸
196 2548 253 2576 Jer.
270 2557 291 2576 ι.

123 2586 143 2600 ⁵⁸
160 2585 224 2611 Luc.
247 2593 274 2616 ι,
303 2583 349 2610 34.

122 2621 144 2636 ⁸⁵
159 2619 240 2647 Prov.
266 2627 338 2648 nrt.
369 2616 417 2643 20.

156 2700 211 2735 (‘27)
234 2699 323 2730 Alias,
337 2693 526 2729 semiperfectis
542 2697 628 2719 autem
651 2689 807 2717 Corinthiis.

665 2577 689 2593 ⁸⁵
705 2577 806 2604 Cenes.
824 2583 896 2604 xmx.
914 2574 957 2601 1‘2.

729 2612 750 2627 ⁷⁰
766 2612 816 2639 lsa.
836 2619 880 2643 ιχ,
895 2610 939 2636 H.

965 1534 991 1561 in
1013 1534 1202 1568 persecutione
1227 1539 1317 1560 coram
1341 1531 1497 1557 hominibus
1517 1530 1672 1561 confitetur,
1695 1529 1753 1556 col-

965 1580 1091 1606 laudatur
1105 1586 1118 1605 a
1135 1578 1267 1604 fratribus
1283 1577 1350 1604 suis.
1364 1575 1470 1602 Lwtitia
1486 1575 1558 1602 enim
1584 1580 1607 1602 et
1624 1575 1750 1610 gaudium

965 1631 1001 1652 est
1016 1625 1115 1660 angelis
1131 1624 1159 1651 in
1180 1623 1243 1651 uelo
1266 1630 1345 1656 super
1359 1629 1411 1648 uno
1426 1625 1562 1655 peccatore
1575 1619 1752 1653 paenitentiam

965 1677 1055 1706 agente
1067 1671 1100 1696 ⁸⁸.
1115 1669 1156 1705 Ab
1171 1670 1237 1703 ipsis
1259 1675 1323 1703 ergo
1340 1672 1467 1701 tanquam
1484 1673 1499 1692 a
1515 1665 1646 1692 fratribus
1660 1665 1752 1700 (unius

965 1717 1066 1744 etenim
1082 1721 1109 1743 et
1122 1715 1259 1742 Creatoris
1282 1720 1308 1741 et
1323 1713 1413 1740 Patris
1438 1712 1485 1739 filii
1505 1716 1568 1739 sunt
1589 1717 1616 1738 et
1630 1712 1753 1738 homines

965 1767 992 1790 ct
1014 1762 1113 1796 angeii)
1140 1760 1338 1787 collaudantur.
1362 1759 1461 1786 Verum
1490 1757 1512 1784 is
1536 1757 1581 1791 qui
1607 1756 1753 1784 confitetur

967 1808 1110 1836 Dominum
1123 1806 1224 1838 .lestnn,
1238 1806 1299 1840 quia
1314 1805 1340 1832 in
1357 1804 1461 1838 Spiritu
1481 1807 1577 1830 sancto
1597 1801 1752 1833 confitetur,

967 1861 1064 1881 manus
1092 1852 1152 1886 ejus
1174 1858 1255 1884 super
1270 1850 1380 1876 dorsum
1404 1848 1575 1876 inimicorum
1590 1846 1752 1873 cfliciuntur.

966 1900 1016 1933 Qui
1033 1899 1104 1926 enim
1126 1902 1189 1923 ante
1209 1895 1370 1922 exhibuerat
1382 1893 1502 1920 membra
1521 1899 1568 1918 sna
1588 1890 1754 1918 servireini-

966 1945 1063 1980 qnitati
1093 1944 1126 1969 ad
1145 1941 1327 1975 iniquitatem,
1346 1945 1418 1965 nunc
1445 1945 1475 1964 ea
1501 1936 1632 1963 exhibens
1650 1936 1754 1962 servire

962 1990 1075 2026 justitite
1090 1989 1118 2015 in
1139 1985 1396 2016 sanctificationem,
1410 1983 1466 2017 jam
1483 1981 1643 2016 fugientium
1656 1989 1685 2008 se
1699 1981 1752 2007 ini-

966 2037 1097 2063 micorum
1114 2039 1236 2064 suornm,
1252 2031 1277 2058 id
1294 2033 1335 2056 est
1348 2029 1512 2066 dmmonum.
1534 2032 1608 2060 terga
1624 2029 1704 2053 vexat
1725 2031 1754 2052 et

966 2082 1054 2109 caedit.
1081 2080 1125 2107 Sic
1143 2079 1214 2112 enim
1231 2066 1333 2111 pugnat
1353 2082 1406 2102 non
1431 2073 1507 2108 quasi
1524 2079 1612 2099 acrem
1636 2072 1753 2102 credens,

967 2129 1012 2154 sed
1032 2127 1169 2153 daemones
1190 2121 1419 2158 fuganszquiquc
1437 2120 1471 2146 ob
1496 2118 1593 2145 nimios
1617 2117 1754 2151 profectus

965 2174 1038 2200 velut
1049 2172 1093 2199 Dei
1106 2171 1161 2205 jam
1177 2170 1203 2196 in
1221 2176 1250 2195 se
1266 2166 1440 2202 participium
1458 2164 1560 2191 habens
1577 2163 1659 2189 etiam
1686 2162 1753 2189 ado-

963 2219 1015 2247 rari
1035 2218 1134 2245 dicitur
1145 2224 1160 2243 a
1177 2215 1239 2242 filiis
1249 2213 1337 2241 Patris
1348 2213 1400 2238 sui.
1415 2205 1600 2238 FiliosPatris
1615 2209 1656 2235 sui
1672 2209 1750 2242 quasi

962 2267 987 2293 in
1009 2264 1105 2292 morali
1122 2263 1182 2290 loco
1199 2267 1343 2296 possumus
1357 2256 1506 2289 intelligere
1529 2253 1641 2280 minoris
1664 2252 1754 2280 meriti

962 2311 1064 2341 fideles,
1080 2310 1125 2344 qui
1149 2308 1175 2335 in
1192 2315 1224 2333 co
1241 2305 1357 2340 majores
1381 2308 1503 2337 quosque
1524 2304 1552 2326 et
1577 2299 1753 2334 perfectiores

960 2343 1165 2390 adoranquuovl
1186 2360 1279 2380 eorum
1294 2357 1376 2385 opera
1399 2346 1515 2374 humiles
1530 2352 1561 2371 ac
1576 2343 1692 2377 subjecti
1707 2350 1753 2369 re-

967 2389 1137 2430 neranturret
1155 2399 1265 2426 laudant
1281 2407 1288 2425 :
1302 2397 1373 2423 unde
1391 2394 1423 2420 ad
1439 2391 1584 2419 Ecclesiam
1600 2389 1698 2416 dicitur
1708 2389 1731 2404 ⁷ο
1747 2399 1754 2418 τ

968 2449 1122 2477 Adornbunt
1144 2446 1252 2480 vestigia
1266 2444 1359 2479 pedum
1378 2447 1495 2468 tuarum.

1561 2525 1582 2540 “
1596 2524 1674 2550 Prov.
1689 2531 1709 2554 ι,
1727 2523 1754 2550 5.

1268 2533 1289 2548 ⁸⁸
1301 2530 1403 2558 Coloss.
1428 2536 1464 2559 tv,
1480 2527 1506 2553 ὓ.
1561 2527 1582 2540 ‘“
1596 2527 1674 2550 l’rov.
1689 2531 1709 2554 ι,
1727 2527 1754 2550 5.

1273 2568 1295 2583 °°
1309 2566 1315 2590 Ι
1329 2566 1391 2590 Cor.
1409 2572 1448 2590 ιιι.
1474 2563 1500 2588 2.
1539 2561 1559 2575 "
1576 2559 1654 2586 Rom.
1666 2559 1755 2590 “.25.

969 2539 992 2555 "
1008 2537 1101 2564 Matth.
1112 2543 1150 2565 \‘I.
1165 2534 1210 2561 ‘22.

1273 2568 1295 2583 °°
1309 2566 1316 2593 Ι
1329 2566 1391 2593 Cot‘.
1409 2572 1448 2594 ιιι,
1474 2563 1500 2588 2.

995 2574 1017 2588 ⁶¹
1034 2572 1114 2599 llcbr.
1140 2579 1165 2601 v,
1191 2569 1234 2596 H.

1003 2683 1059 2720 (9.8)
1083 2682 1167 2715 Alias,
1184 2679 1313 2707 subtiliter
1330 2677 1488 2704 minutarum
1503 2670 1702 2700 sustentatioui.
