1900 3060
81 94 134 123 265

804 89 836 117 IN
853 88 1006 118 EXODUM.

1651 92 1703 119 Ξῧϋ

79 153 133 180 οειν
145 151 227 179 αὖτοῦ
246 151 287 187 τῷ
307 151 474 188 βουλήματι;
493 150 571 187 δῆλον
585 151 638 187 γὰρ
655 150 696 177 ὅτι
719 150 756 186 μὴ
780 149 853 185 βουλε

919 148 1084 181 morigerum
1105 146 1205 174 habere
1224 146 1359 174 mandatis
1382 148 1439 175 suis
1462 148 1632 177 Pharaonem
1647 151 1703 178 [ιη-ι

81 198 160 234 μένου
175 197 337 233 πειθόμενον
350 197 419 233 ἔχειν
433 197 486 232 (30)
498 193 542 229 οἷς
561 196 726 232 προστάσσει
748 195 793 222 τὸν
815 195 868 221 Φα-

81 242 135 278 ραὼ
146 241 232 269 ταῦτα
247 242 322 268 δοκεῖ
336 241 463 275 λέγεσθαι
483 241 518 268 τὰ
539 242 658 277 ῥήματα.
687 241 748 272 Τοῖς
765 240 794 266 δὲ
821 249 869 266 πι-

81 287 184 314 στεύειν
207 287 397 322 νομιζομένοις
407 287 540 322 διαφωνία
555 287 604 322 οὐχ
627 288 643 322 ὴ
657 286 776 321 τυχοῦσα
787 285 868 320 γεγέ-

80 342 164 368 νηται,
192 333 237 359 διὰ
266 332 314 359 τό·
331 341 340 358 t
367 332 531 369 Ἐσκλήρυνε
559 332 661 368 Κύριος
685 331 735 367 τὴν
755 331 868 366 καρδίαν

78 379 193 415 Φαραώ’
216 388 226 405 ι
247 379 272 405 οἱ
299 378 348 414 μὲν
377 379 431 414 γὰρ
452 379 608 414 πειθόμενοι
633 378 670 414 μὴ
691 378 769 404 ἄλλον
797 375 867 403 εἶναι

78 425 142 452 θεὸν
166 425 243 460 παρὰ
261 425 307 452 τὸν
331 425 495 461 δημιουργὸν
519 425 662 461 φρονοῦσιν
675 424 713 456 ὡς
728 425 782 460 ἄρα
799 425 870 452 κατὰ

77 473 272 508 ἀποπλήρωσιν
288 473 302 498 6
315 473 380 505 Θεὸς
396 473 425 499 ὃν
435 472 504 499 θέλει
524 473 602 505 ἐλεεῖ,
618 472 647 499 ὃν
663 472 691 498 δὲ
702 471 773 498 θέλει
789 472 870 507 σκλη-

79 519 163 554 ρύνει.
188 518 278 544 αἰτίαν
292 519 343 544 οὐκ
364 519 472 553 ἔχοντος
486 517 543 550 τοῦ,
562 518 636 544 τόνδε
656 517 705 553 μὲν
725 516 868 550 ἐλεεῖσθαι,

77 565 150 591 τόνδε
166 563 195 590 δὲ
213 564 413 600 σκληρύνεσθαι
434 565 478 590 ὑπ’
496 564 588 591 αὑτοῦ.
603 564 711 599 Ἔτεροι
724 564 751 590 δὲ
768 563 869 598 βέλτιον

78 611 152 647 παρὰ
166 611 278 642 τούτους
290 611 445 646 φερόμενοι,
460 611 526 644 φασὶ
537 610 621 637 πολλά
636 611 683 638 καὶ
694 610 760 637 ἄλλα
772 609 870 646 κεκρύ-

77 657 140 691 φΘαι
157 658 208 692 τῆς
224 656 337 692 Γραιξῆς
349 657 440 688 αὐτοῖς
452 658 585 692 νοήματα,
604 657 650 683 καὶ
660 657 689 683 οὐ
703 657 778 692 παρὰ
792 656 870 682 τοῦτο

76 703 124 737 τῆς
135 701 231 736 ὑγιοῦς
246 702 363 733 πίστεως
372 701 520 737 τρέπεσθαι
531 710 537 716 ·
552 701 580 728 ἓν
591 702 619 728 δὲ
632 702 686 728 τῶν
694 702 869 736 ἀποκεκρυμ-

79 747 168 782 μένων
185 745 256 774 εἶναι
283 748 329 774 καὶ
350 747 394 775 τὸν
420 749 483 783 περὶ.
500 747 600 783 ταύτης
617 748 666 783 τῆς
688 747 796 783 γραφῆς
813 747 869 782 (5i)

77 794 141 828 ὑγιῆ
154 794 244 832 λόγον.
261 795 292 821 Oi
319 794 347 820 δὲ
366 794 459 829 ἕτερον
480 794 539 832 θεὸν
559 794 708 829 φάσκοντες
731 793 805 830 παρὰ
825 794 869 820 τὸν

75 839 256 875 δημιουργὸν,
273 839 376 866 δίκαιον
389 840 437 874 μὲν
456 839 537 866 αὑτὸν
556 837 624 866 εἶναι
637 839 742 866 θέλουσι
756 839 803 865 καὶ
818 839 868 866 οὐκ

77 885 190 919 ἀγαθὸν,
207 885 311 920 σφόδρα
335 885 476 917 ἰδιωτικῶς
491 885 547 921 ἅμα
565 885 612 912 καὶ
624 884 729 916 ἀσεϐῶς
745 884 868 920 ὲνεχοέν-

76 940 131 963 τες,
162 931 192 957 ὲν
220 931 259 966 τῷ
282 930 408 966 χωρίζειν
433 930 605 967 δικαιοσύνην
629 930 869 965 ὰγαθότητος,κοιὶ

77 976 184 1003 deceat
198 977 240 1003 ὃτι
253 975 309 1003 οἷόν
318 976 348 1002 τέ
367 977 424 1002 ἐστι
439 977 609 1012 δικαιοσύνην
622 974 691 1003 εἶναι
705 975 734 1002 ἐν
750 985 802 1003 τινι
817 985 869 1011 χω-

78 1023 120 1056 ρὶς
131 1021 303 1057 ἀγαθότητος
319 1022 434 1057 (52),καὶ
449 1022 604 1058 ἀγαθότητα
615 1022 676 1057 δίχα
686 1022 868 1057 δικαιοσύνης

75 1067 151 1102 ὅμως
168 1067 196 1093 δὲ
216 1067 263 1093 καὶ
282 1066 361 1093 τοῦτο
378 1067 501 1101 λέγοντες
521 1068 631 1095 ἐναντία
652 1069 684 1103 τῇ
702 1068 754 1103 ἰδίᾳ
767 1067 868 1101 ὑπολή-

73 1114 120 1148 ψει
145 1114 212 1149 περὶ
227 1113 330 1140 δικαίου
351 1113 507 1148 προσίενται
531 1113 610 1145 Θεοῦ,
638 1112 797 1149 σκληρύνειν
820 1112 868 1148 τὴν

74 1159 191 1195 καρδίαν
218 1159 327 1195 Φαραὼ,
358 1159 404 1186 καὶ
427 1159 526 1194 ἀπειθῆ
550 1159 634 1195 αὐτὴν
655 1158 868 1191 κατασκευάζειν

73 1205 176 1240 ἑαυτῷ.
192 1205 226 1232 EI.
237 1206 292 1241 γὰρ
305 1205 319 1231 ὁ
333 1205 364 1232 τὸ
374 1206 434 1231 κατ’
450 1205 528 1238 ἀξίαν
544 1204 689 1240 ἀπονέμων
703 1205 811 1239 ἑκάστῳ
829 1204 867 1231 δί-

74 1259 166 1283 καιος,
180 1251 229 1278 καὶ
244 1251 299 1277 ἀπὸ
319 1250 369 1286 τῆς
382 1250 485 1277 ἑαυτῶν
503 1250 592 1282 αἰτίας
606 1250 756 1286 κρείττοσιν
772 1249 789 1285 ἦ
812 1250 867 1285 χεί-

73 1305 138 1332 ροσι
159 1297 356 1333 γεγενημένοις
373 1295 513 1328 ἀποδιδοὺς
532 1292 569 1323 ὧν
585 1296 738 1332 ἐπιτήδειον
753 1295 868 1322 ἕκαστον

72 1343 223 1378 τυγχάνειν
235 1343 388 1375 ἐπίσταται,
399 1342 457 1375 πῶς
474 1341 586 1375 δίκαιος,
599 1342 614 1368 ὁ
629 1341 766 1378 ἁμαρτίας
779 1341 867 1377 χείρο-

72 1397 120 1421 νος
142 1390 232 1420 αττιος
261 1388 405 1424 γενόμενος
428 1387 467 1423 τῷ
492 1387 607 1424 Φαραώ;
631 1387 678 1414 καὶ
701 1388 751 1423 οὐχ
774 1387 868 1420 ἁπλῶς

73 1434 174 1467 αἴτιος,
192 1434 250 1461 ἀλλ’
267 1434 328 1460 ὅσον
344 1434 397 1469 (55)
413 1433 455 1468 ἐφ’
466 1431 506 1465 οἷς
519 1435 617 1460 ὲκεϊνοι
637 1433 789 1466 ἐξεδέξαντο
806 1443 868 1461 συν-

71 1480 198 1515 εργήσας
224 1479 265 1510 εἰς
285 1479 316 1505 τὸ
329 1478 453 1513 γενέσθαι
473 1478 553 1505 αὑτὸν
568 1477 741 1506 ἀδικώτατον.
751 1479 808 1505 Ἐπ’
823 1480 867 1505 οὑ-

71 1523 119 1550 δὲν
133 1524 191 1559 γὰρ
205 1522 387 1558 ἀναφέροντες
403 1522 475 1555 ἀξιον
490 1522 676 1558 προαιρέσεως
690 1523 794 1550 δικαίου
807 1523 868 1550 θεοῦ

71 1568 125 1604 τὴν
154 1569 319 1604 σκλήρυνσιν
335 1568 384 1604 τῆς
399 1568 512 1604 καρδίας
532 1568 642 1604 Φαραὼ,
660 1569 710 1596 οὐκ
733 1567 781 1595 οἷδ’
793 1570 867 1602 ὅπως

69 1613 180 1641 δίκαιον
196 1614 268 1645 θεὸν,
284 1614 335 1640 κᾶν
353 1614 476 1650 καθάπερ
491 1615 627 1650 διηγεῖσοε
641 1615 798 1650 βούλωνται,
814 1625 866 1642 πα-

73 1660 213 1696 ραστῆσαι
227 1660 355 1686 δύνανται
369 1660 414 1687 τδν
429 1660 613 1698 σκληρύνοντα
626 1660 674 1696 τὴν
690 1661 802 1696 καρδίαν
813 1662 868 1688 Φα-

70 1707 134 1742 ραώ
146 1716 154 1721 ·
172 1706 236 1733 ὅθεν
252 1706 378 1733 θλιπτέον
391 1707 489 1738 αὐτοὺς
504 1707 532 1733 ὲν
544 1708 600 1739 τοῖς
614 1706 684 1733 κατὰ
696 1707 741 1734 τὸν
757 1707 867 1743 προκεί-

70 1761 158 1787 μενον
178 1753 272 1785 τόπον,
291 1753 364 1784 ὅπως
386 1753 444 1788 ἢτοι
465 1754 660 1788 παραστήσωσι
680 1753 738 1785 πῶς
762 1753 866 1785 δίκαιος

68 1799 234 1834 σκληρύνει,
248 1799 264 1833 ἧ
280 1798 453 1834 τολμήσωσιν
464 1800 561 1831 εἰπεῖν,
575 1799 615 1825 ὅτι
628 1799 688 1825 ἐπεὶ
707 1799 862 1835 σκληρύνει,

67 1844 195 1879 πονηρὸς
208 1844 416 1879 ὁΔημιουργός·
439 1843 455 1878 ἢ
474 1843 541 1879 μήτε
562 1843 741 1878 εὐποροῦντες
757 1843 865 1870 ἀποδεί-

66 1890 143 1922 ξεων
161 1890 228 1926 πρὸς
252 1890 282 1917 τὸ
303 1890 348 1917 τὸν
367 1890 469 1917 δίκαιον
486 1890 679 1926 σκληρυντικὸν
697 1888 765 1916 εἶναί
781 1898 862 1922 τινος,

67 1938 146 1973 μήτε
162 1937 314 1972 τολμῶντες
331 1937 361 1963 τὸ
383 1937 428 1963 ἐπὶ
446 1937 570 1964 τοσοῦτον
592 1937 689 1968 ἀσεϐὲς
714 1937 768 1972 (54)
784 1936 865 1972 προέ-

65 1981 137 2008 σθαι
147 1991 179 2008 πε
183 1983 212 2018 ρὶ
219 1982 265 2008 τοῦ
281 1982 423 2013 κτίσαντος
432 1982 470 2013 ὡς
481 1981 609 2016 πονηροῦ,
621 1981 812 2016 καταφύγωσιν
821 1981 866 2006 ἐπὶ

62 2028 170 2064 ἑτέραν
189 2028 259 2058 ὁδὸν.
280 2027 445 2063 ὲξηγητικὴν
463 2027 520 2059 τοῦ,
539 2037 548 2053 ι
572 2027 735 2063 Ἐσκλήρυνε
761 2028 862 2063 Κύριος

60 2074 122 2110 τὴν
141 2074 256 2110 καρδίαν
270 2074 380 2110 Φαραὼ,
400 2084 408 2100 ι
428 2074 596 2106 ἀποστάντες
610 2074 656 2100 τοῦ
672 2075 704 2101 ὲκ
723 2073 769 2101 τοῦ
789 2074 864 2109 νομί-

921 202 983 221 εεεθ
1002 194 1095 221 verba.
1110 193 1145 221 litt
1162 199 1254 221 autem
1271 194 1314 229 qui
1330 195 1442 222 credere
1453 200 1591 229 putantur,
1604 204 1656 223 non
1667 196 1706 223 le-

921 241 960 267 vis
976 239 1159 266 controversia
1175 239 1298 267 exoritur
1315 247 1347 267 ex
1367 241 1409 268 his
1428 241 1520 268 verbis
1536 249 1543 268 :
1563 251 1572 267 l
1591 241 1704 269 lndura«

920 286 958 311 vit
974 285 1104 312 Dominus
1130 292 1178 313 cor
1201 285 1361 314 Pharaonis.
1386 296 1395 312 ι
1413 287 1464 320 Qui
1493 289 1564 314 ettim
1590 290 1706 316 creduit";

921 331 1004 358 Dcnm
1025 339 1077 358 non
1094 331 1174 362 alium
1197 339 1258 360 esse
1273 340 1351 366 qttant
1381 333 1473 361 mundi
1489 335 1623 369 opiﬁcem.
1643 342 1703 362 sen-

921 378 991 404 tittttt
1005 378 1086 405 Deum
1104 377 1226 411 fortuito,
1243 379 1319 412 cttjtts
1337 380 1399 412 ruit,
1423 381 1558 412 misereri,
1571 386 1599 408 et
1621 390 1703 416 qttent

921 424 986 456 \‘ult,
1005 423 1144 456 indurare,
1164 432 1225 451 ctttn
1241 433 1322 453 causa
1341 426 1412 452 nulla
1431 426 1477 457 sit.
1494 434 1543 454 cur
1564 427 1643 461 hujus
1656 429 1706 454 tui-

921 474 1054 502 scrcatur,
1074 470 1145 497 alius
1171 471 1204 497 ab
1221 478 1252 498 co
1270 471 1425 501 indttretttr.
1439 472 1491 499 Alii
1507 474 1553 508 qui
1572 475 1704 507 potiorem

921 517 1083 542 sententiam
1101 521 1263 551 sequuntur,
1281 517 1330 544 alia
1349 518 1433 545 tttulta
1452 517 1600 553 Scriptura:-
1626 519 1705 555 112

921 569 1002 589 sensa
1018 561 1069 589 sibi
1085 562 1244 589 abscondita
1269 569 1330 590 esse
1347 563 1461 596 dicunt;
1492 572 1541 591 nec
1560 572 1589 592 se
1610 565 1669 592 ideo
1690 573 1705 592 a

921 615 994 636 recta
1012 610 1065 636 [ide
1081 610 1166 637 averti
1184 619 1190 637 :
1204 618 1286 637 ttuutu
1305 618 1370 638 vero
1387 618 1419 638 ex
1434 613 1579 639 reconditis
1589 620 1648 640 esse
1660 621 1705 640 sa—

921 662 982 681 nam
1002 655 1082 688 hujus
1103 655 1155 682 loci
1183 656 1449 691 interpretationetn.
1481 657 1564 685 Tertii
1595 659 1704 692 quidam

922 700 1003 726 alium
1021 707 1080 728 esse
1096 701 1179 728 Deum
1194 703 1227 728 ab
1240 702 1346 736 opiﬁce,
1364 707 1390 730 ct
1406 702 1508 736 justum
1528 711 1587 731 esse
1600 705 1703 738 volunt,

921 747 968 773 sed
983 754 1035 774 non
1052 747 1164 780 bonum,
1183 747 1264 775 stulte
1280 748 1306 775 id
1320 749 1427 782 quidem
1444 753 1470 776 cl
1485 749 1574 784 impie,
1588 759 1648 778 cum
1661 751 1705 785 ju-

921 793 1022 819 stitiam
1045 800 1060 820 a
1080 793 1202 821 bonitate
1228 799 1364 829 separant,
1382 801 1409 822 et
1429 800 1523 830 putant
1543 796 1599 824 ﬁeri
1626 805 1705 832 posse

922 843 950 865 ut
965 839 1027 872 quis
1042 838 1176 873 justitiam
1192 840 1291 867 habeat
1304 841 1363 868 sine
1376 841 1496 868 bonitate
1510 847 1535 869 et
1556 842 1704 871 bonitatem

920 883 980 911 sine
993 884 1115 918 justitia;
1129 885 1174 920 qui
1187 886 1236 912 etsi
1253 885 1305 913 hoc
1320 885 1422 919 dicunt,
1437 888 1555 922 opittimti
1571 896 1626 915 sua:
1640 897 1705 917 cott-

922 930 1004 957 traria
1025 930 1059 956 de
1080 930 1155 964 justo
1176 930 1232 958 Deo
1257 931 1413 964 admittunt,
1431 933 1558 960 ttimirttm
1577 934 1705 962 indurare

921 977 1008 1011 ipsum
1024 983 1072 1003 cor
1084 976 1245 1009 Pharaonis,
1258 981 1285 1003 et
1303 977 1370 1005 illud
1393 979 1445 1006 sibi
1464 979 1555 1007 facere
1578 980 1702 1008 immori-

920 1029 1024 1057 gerum.
1040 1021 1069 1049 Si
1081 1022 1152 1049 enim
1167 1022 1190 1049 is
1203 1027 1245 1049 est
1261 1022 1360 1056 justus,
1376 1024 1421 1059 qni
1435 1032 1483 1058 pro
1500 1025 1629 1060 dignitate
1644 1028 1705 1054 nni-

919 1067 1018 1101 cuique
1035 1066 1141 1099 tribuit,
1161 1072 1186 1094 et
1205 1067 1247 1099 iis,
1271 1068 1316 1102 qui
1333 1075 1365 1095 ex
1389 1076 1418 1096 se
1434 1070 1558 1097 meliores
1573 1072 1614 1098 vel
1631 1073 1704 1099 detc-

921 1113 1008 1140 riores
1020 1113 1168 1145 evaserint,
1186 1113 1272 1140 reddit
1283 1121 1343 1148 qua:
1362 1114 1507 1149 unicuique
1521 1116 1639 1151 ipsorum
1655 1126 1703 1144 no-

921 1158 1029 1185 vitessc
1045 1159 1141 1185 idonea
1162 1166 1168 1185 :
1188 1159 1323 1191 qttomodo
1337 1159 1426 1194 justus
1440 1165 1490 1189 ομι,
1509 1162 1554 1195 qui
1572 1163 1704 1196 gravioris

919 1203 1022 1238 peccati
1040 1211 1120 1231 causa
1144 1203 1279 1230 Pharaoni
1301 1204 1371 1231 fuit?
1395 1205 1446 1232 Sed
1465 1214 1517 1233 non
1544 1207 1704 1242 simpliciter

921 1255 1014 1280 causa.
1029 1249 1075 1275 sed
1092 1249 1118 1275 in
1131 1253 1262 1283 quantum
1277 1255 1307 1275 ea
1328 1257 1388 1284 qua!
1410 1249 1447 1276 illi
1465 1258 1640 1286 susceperunt
1656 1255 1703 1279 ad—

916 1293 996 1328 juvit,
1011 1298 1040 1321 ut
1059 1294 1136 1321 ﬁeret
1153 1295 1209 1329 ipse
1227 1292 1420 1328 ittjustissinuts
1439 1303 1446 1322 :
1464 1298 1510 1331 qtti
1531 1299 1603 1325 enim
1625 1299 1703 1326 indit-

919 1340 1053 1367 rationem
1081 1340 1171 1367 cordis
1199 1339 1349 1368 Pharaonis
1380 1342 1413 1368 ad
1441 1343 1542 1369 nnllatn
1581 1344 1702 1371 referunt

919 1385 1028 1420 dignam
1050 1384 1123 1418 justo
1147 1384 1204 1412 Deo
1225 1385 1402 1417 voluntatem,
1426 1387 1516 1415 ne<cio
1544 1396 1597 1423 qtto
1624 1395 1702 1424 pacto

916 1429 1019 1465 justum
1040 1430 1135 1462 Deum,
1158 1430 1209 1457 etsi
1234 1435 1262 1458 ut
1289 1432 1424 1465 exponitis
1439 1433 1532 1466 velint,
1558 1435 1702 1463 ostendere

881 1494 906 1525 ο
921 1476 1036 1510 possint,
1052 1476 1097 1510 qui
1114 1475 1221 1504 iuduret
1239 1485 1286 1504 cor
1307 1477 1467 1506 Pharaonis.
1483 1480 1571 1513 Quare
1587 1483 1700 1516 urgendi

919 1525 984 1549 sunt
1003 1521 1028 1548 in
1047 1521 1080 1548 iis
1097 1529 1157 1556 qute
1170 1522 1202 1550 ad
1224 1522 1298 1550 hunc
1315 1522 1403 1550 locum
1421 1523 1535 1558 faciunt,
1555 1531 1584 1553 ul
1601 1527 1641 1554 vel
1655 1535 1702 1554 cz-

918 1567 1021 1602 plicent
1032 1568 1167 1602 quomodo
1178 1568 1267 1603 justus
1282 1569 1401 1603 ittduret,
1415 1571 1455 1598 vel
1468 1571 1559 1599 dicere
1575 1573 1701 1607 audeant,

917 1613 980 1648 quia
1006 1612 1124 1645 indurat,
1148 1613 1248 1640 malum
1266 1621 1326 1641 esse
1347 1616 1493 1650 Opilicem;
1517 1617 1559 1644 vel
1578 1626 1640 1645 cum
1656 1619 1704 1646 de-

918 1661 1077 1685 monstrare
1102 1665 1155 1685 non
1176 1659 1280 1692 possint
1299 1659 1402 1693 justum
1427 1661 1545 1697 aliquem
1564 1663 1700 1698 indurare,

918 1709 968 1729 nec
979 1710 1012 1729 eo
1027 1702 1174 1737 procedere
1188 1703 1316 1736 audeant,
1333 1710 1362 1732 ut
1380 1705 1509 1740 Opilicctn
1528 1708 1627 1735 malum
1643 1717 1702 1736 esse

918 1748 1021 1780 dicant,
1042 1749 1075 1776 ad
1091 1749 1172 1776 aliam
1189 1749 1258 1776 viam
1276 1751 1445 1786 confugiant,
1468 1760 1520 1786 qua
1541 1754 1677 1788 explicent
1692 1763 1700 1781 ι

921 1803 929 1819 ι
949 1793 1088 1821 lnduravit
1101 1793 1232 1822 Dominus
1250 1802 1296 1822 cor
1311 1795 1478 1830 Pharaonis;
1497 1807 1507 1823 ι
1532 1803 1558 1825 et
1575 1799 1703 1827 desinant

917 1849 949 1868 ex
964 1849 996 1868 eo
1011 1841 1082 1876 quod
1096 1842 1179 1869 verba
1199 1842 1353 1876 intelligere
1367 1851 1395 1870 se
1409 1849 1515 1878 ptttant,
1531 1847 1653 1880 proprias
1668 1848 1702 1875 de

915 1887 989 1922 justo
1003 1887 1057 1914 Deo
1084 1888 1237 1915 sententias
1261 1889 1364 1916 tollere.
1383 1889 1514 1924 Denique,
1531 1892 1654 1926 quisquis
1668 1894 1702 1921 sit

918 1933 998 1968 hujus
1010 1933 1146 1960 sermonis
1165 1941 1272 1967 sensus,
1290 1934 1414 1970 ignorare
1429 1943 1456 1963 se
1474 1936 1620 1964 fateantur.
1639 1938 1702 1966 Hae

921 1979 1003 2014 igitur
1025 1979 1057 2006 de
1082 1979 1138 2006 Deo
1162 1979 1187 2006 itt
1215 1981 1353 2014 proposita
1379 1981 1529 2015 quaestione
1545 1991 1593 2018 per
1611 1989 1702 2018 partes

918 2026 974 2053 sint
988 2025 1130 2061 inquisita.
1155 2026 1288 2060 Quoniam
1317 2032 1418 2055 autetn-
1432 2028 1464 2055 ad
1487 2028 1576 2056 locum
1597 2030 1630 2058 de
1652 2039 1701 2057 tta-

919 2077 989 2105 tura,
1008 2071 1025 2099 ii
1042 2072 1087 2106 qui
1102 2071 1206 2106 aliquos
1218 2072 1374 2100 existimant
1387 2073 1412 2100 in
1426 2074 1604 2109 perditionem
1619 2081 1645 2104 et
1661 2078 1702 2105 in-

100 2180 166 2216 (50)
178 2181 372 2216 Bov@;¢rov
388 2180 563 2215 πειθόμενον
577 2179 669 2216 ἔχειν,
684 2183 742 2216 _ctc._
759 2179 804 2206 Sic
821 2185 848 2205 re

919 2185 994 2216 num.
1010 2176 1111 2216 ju_s_tn_m
1126 2177 1202 2216 illpd,
1222 2178 1329 2216 tertium
1357 2179 1457 2216 malum
1485 2186 1544 2207 esse
1571 2179 1699 2216 tingebat.

59 2214 111 2243 cté
132 2214 234 2243 habent
249 2215 406 2242 I’Itilocaliar
420 2214 620 2248 manuscriptm,
641 2215 666 2240 in
684 2214 758 2240 libris
773 2217 864 2240 autent

59 2255 154 2277 antea
172 2252 256 2278 editis
272 2258 321 2284 pro
335 2250 497 2286 βουλομένου
523 2249 621 2286 legitur
641 2248 811 2286 βουλᾴμενος,
837 2253 865 2286 et

58 2287 187 2319 insuper
204 2283 303 2313 desunt
319 2283 375 2313 hinc
387 2283 469 2312 verba
486 2292 493 2310 :
511 2284 598 2311 ταῦτα
606 2283 678 2311 δοκεῖ
690 2283 814 2318 λέγεσθαι
830 2283 864 2310 τὰ

80 2321 98 2347 ἦ
106 2330 196 2347 sum.

57 2322 342 2391 ρἠἓῗαῇὴίίοςαιῐα
359 2355 440 2391 edita,
459 2356 523 2391 περὶ
537 2354 622 2391 αύτῆς
639 2354 688 2391 τῆς
704 2353 823 2391 γραφῆς.

100 2388 167 2424 (52)
181 2391 237 2417 Καὶ
258 2390 372 2417 οίεσθαι
392 2389 435 2416 ὅτι
457 2388 564 2416 οἶόν-τέ
578 2388 643 2416 ἐστι
666 2388 862 2420 δικὰιοσύνην

54 2424 150 2453 εἶναι
166 2426 204 2452 ἐν
229 2433 286 2451 τινι
300 2425 390 2459 χωρὶς
404 2425 593 2459 ἀγίιθότητος.
618 2424 680 2451 llzec
704 2424 861 2450 desiderau-

55 2467 110 2488 wr
135 2461 162 2486 in
179 2461 258 2486 libris
276 2466 354 2487 atttea
370 2460 459 2491 editis,
475 2461 520 2486 sed
535 2459 691 2493 supplentur
710 2467 724 2485 e
741 2465 805 2493 mss.

96 2495 166 2530 (55)
178 2495 288 2528 Αἷτισς,
303 2495 370 2521 ἀλλ’
386 2494 470 2527 ὅσον,
490 2499 543 2521 etc.
557 2492 631 2521 Alias
651 2494 737 2525 deest,
762 2492 858 2524 αἴτιος,

51 2531 151 2567 quali
159 2531 307 2567 restituunt
323 2530 430 2567 codices
445 2537 508 2556 mss.

95 2565 165 2598 (54)
195 2564 277 2602 Μζξτε
296 2563 462 2602 τολμῶντες
485 2564 518 2591 τὺ
548 2563 858 2602 expromam-lige-

51 2601 129 2634 εές,
152 2597 207 2627 etc.
227 2600 272 2626 Sic
291 2597 364 2627 recte
381 2599 481 2626 htbent
502 2606 566 2626 mss.
587 2598 653 2625 Male
665 2604 753 2634 autem
772 2597 860 2634 I‘hilq-

50 2633 140 2664 talia
154 2635 238 2666 edita,
258 2635 326 2669 μήτε
347 2633 498 2669 τολμῶντες
519 2634 548 2660 τὸ
565 2634 610 2660 ἐπὶ
624 2633 756 2659 τοσούτων
777 2633 858 2669 προέ-

50 2672 145 2701 σθαε,
164 2675 218 2696 etc.
239 2668 341 2696 Scribit
363 2668 526 2703 Epiphanius
552 2670 649 2696 haeres.
672 2676 736 2698 χιιι.
753 2675 812 2701 cap.
829 2668 856 2699 5,

48 2707 82 2736 6,
101 2707 139 2737 7,
165 2705 209 2737 l3,
226 2710 326 2738 przcter
341 2705 393 2730 duo
406 2704 447 2729 illa
466 2704 606 2738 principia.
621 2703 745 2737 Opilicetn
761 2710 857 2736 nempe

45 2741 190 2776 judicem
214 2745 241 2776 et
259 2739 387 2776 justum»
403 2743 430 2765 et
448 2739 544 2765 bonum
560 2773 565 2776 _
584 2738 666 2765 Deum
679 2758 686 2770 ,
711 2738 820 2776 tertium
841 2745 855 2764 a

50 2773 211 2803 Han-ioue
227 2775 313 2800 fuisse
342 2773 490 2804 inductum,
516 2773 613 2800 malum
638 2780 746 2808 nempe,
763 2773 817 2808 qui
830 2777 857 2798 et.

50 2810 208 2840 diabolus.
227 2809 322 2836 Trium
343 2815 408 2842 ergo
419 2815 528 2834 suorum
545 2808 735 2843 principiorum
751 2809 801 2836 hoc
812 2807 856 2835 bo-

253 2857 392 2887 PnnOL.
414 2855 472 2885 Gn.
497 2855 564 2886 ΧΗ.

918 2211 1186 2249 Attctordialogipg
1202 2214 1348 2240 orthodoxa
1372 2214 1424 2246 ﬁde
1447 2216 1579 2249 quosdam
1604 2211 1700 2242 scribit

919 2255 934 2273 e
952 2247 1096 2285 Marcionis
1111 2247 1202 2285 schola
1225 2249 1274 2285 tria
1292 2249 1347 2275 haec
1374 2247 1476 2282 ponere
1496 2250 1642 2285 principia;
1663 2251 1698 2277 ita

918 2286 946 2308 ut
961 2282 1123 2318 principium
1139 2283 1237 2318 bonum
1252 2282 1352 2316 justum
1370 2292 1420 2310 non
1438 2282 1615 2318 sitfjnsltittt
1634 2285 1697 2312 item

917 2324 970 2353 non
984 2317 1021 2343 sit
1037 2318 1155 2348 bonum;
1174 2317 1272 2353 malum
1286 2318 1443 2353 tu-cjustum
1459 2317 1565 2350 sit.'ttec
1579 2321 1676 2347 bonum
1691 2328 1698 2345 :

917 2352 984 2379 alios
1001 2358 1064 2378 rero
1085 2359 1117 2379 ex
1132 2351 1226 2378 eadem
1252 2351 1350 2379 schola
1369 2355 1422 2380 duo
1445 2359 1561 2387 tantum,
1586 2359 1614 2381 ut
1637 2362 1699 2382 mox

917 2387 1097 2418 ostendimus.
1114 2391 1232 2413 statuere
1250 2387 1393 2421 principia,
1413 2390 1512 2415 bonum
1537 2395 1564 2416 et
1586 2389 1697 2416 malum.

918 2421 1055 2457 Christum
1070 2425 1160 2457 autem
1175 2421 1271 2455 opiliee
1287 2428 1378 2448 natum
1393 2424 1501 2457 quidam
1516 2431 1530 2450 e
1553 2423 1699 2450 Marcioni-

916 2457 967 2492 tis;
989 2456 1034 2482 alii
1058 2463 1090 2482 cx
1109 2455 1250 2492 “"87"”th
1263 2455 1431 2492 pregrttittnu
1449 2467 1508 2485 cum
1530 2459 1696 2486 statuebant.

915 2489 942 2516 ld
962 2495 1145 2518 commentum
1163 2489 1398 2526 Syrum-cuidam,
1412 2501 1464 2519 non
1482 2493 1622 2526 Mareioni,
1640 2494 1695 2520 Ett-

914 2527 1019 2552 sebium
1036 2526 1194 2559 ascripsisse
1219 2531 1333 2553 testatur
1359 2533 1455 2554 auctor
1473 2527 1659 2554 Prii-destinati
1681 2537 1696 2555 ιι

915 2560 1061 2588 Sirtnundo
1079 2561 1142 2587 editi
1171 2561 1220 2587 lib.
1246 2569 1253 2587 ι
1283 2563 1377 2588 haeres.
1394 2563 1438 2589 L2i.
1455 2563 1489 2590 At
1513 2563 1696 2590 Tertttiiiattus

914 2595 960 2622 lib.
978 2604 986 2622 I
1012 2597 1071 2622 adv.
1094 2595 1266 2627 Marrianem,
1281 2603 1340 2627 cap.
1361 2599 1388 2628 ϋ,
1415 2598 1468 2623 duo
1489 2598 1620 2624 duntaxat
1648 2606 1696 2631 μο-

913 2631 1087 2667 δυὶςεργίηιιιη
1112 2630 1242 2667 principia
1266 2632 1364 2657 ass'erit
1386 2641 1391 2657 :
1411 2640 1420 2656 ι
1443 2632 1580 2667 Alioquin,
1596 2630 1695 2666 inquit.

910 2667 976 2692 certi
991 2665 1155 2692 Mart-ionem
1168 2665 1288 2698 dispares
1299 2666 1362 2692 deos
1376 2665 1560 2700 conquirere;
1579 2665 1696 2694 alterum

905 2699 1036 2737 judicent,
1052 2699 1148 2730 ferunt,
1162 2700 1378 2737 bellipotentetn;
1394 2702 1506 2728 alterum
1522 2704 1624 2733 mitem,
1641 2704 1696 2737 pla-

908 2736 1010 2772 cridum.
1045 2739 1072 2762 et
1098 2735 1283 2762 tantummodo
1305 2735 1402 2763 bonum
1426 2741 1504 2771 atque
1520 2735 1661 2772 optimum.
1682 2746 1692 2763 ι

908 2771 1038 2799 Ιῐυετιυε.

1513 2844 1531 2872 9
