1900 3060
532 69 585 82 ’,Α

79 126 131 156 269

788 130 822 158 ΙΝ
839 129 994 159 EXODUM.

1652 131 1704 157 ἳτυ

81 186 145 221 περὶ
159 184 205 212 τοῦ
229 185 309 212 Ἰωὰὸ
331 185 371 222 τῷ
385 186 537 222 Σολομῶντι
553 187 664 214 κολάσαι
682 187 761 215 αὑτὸν
776 188 819 216 διὰ
838 189 863 215 τέ

924 188 977 220 nis,
990 186 1069 223 114
1082 191 1108 214 et
1120 187 1214 215 ordine
1223 187 1389 222 opiﬁciorum
1405 187 1461 220 Dei,
1475 187 1520 222 qui
1531 189 1704 221 aspectabilia

80 232 262 267 ἡμαρτημένα
280 233 321 264 είς
344 233 466 268 Ἀϐενήρ,
485 233 542 260 υἱὸν
565 234 634 270 Νὴρ,
651 234 697 260 καὶ
714 234 870 262 ἀποκτεῖναι

80 277 123 304 διὰ
134 277 167 304 τὰ
177 278 360 312 ἐπταισμένα,
375 276 434 305 εἶτα
445 279 580 315 ἐπιφέρει·
593 290 601 305 ι
613 279 668 306 Καὶ
682 280 808 313 κατάξεις
817 281 870 317 (59)

80 322 162 350 αὐτοῦ
173 322 221 358 τὴν
238 323 333 350 πολιὰν
350 325 378 350 ἐν
393 324 488 360 εἰρήνῃ
506 326 546 356 εἰς
555 325 627 360 ᾅδου.
649 335 657 351 ι
675 326 759 361 Δῆλον
775 326 803 354 δὲ
819 327 869 359 ὅτι,

80 368 117 399 ὡς
135 367 181 394 καὶ
196 369 211 394 6
235 368 359 403 Ἐϐραῖος
374 370 440 404 ἡμῖν
449 370 611 405 ἀπήγγειλε,
629 371 659 398 τὸ
673 371 717 398 διὰ
727 372 773 398 τοῦ
790 373 870 399 κολα-

81 413 177 449 σθῆναι
187 413 268 441 αὑτὸν
283 415 312 441 ὲν
327 415 422 452 εἰρήνῃ
440 416 667 452 κοιμηθήσεσθαι,
682 418 730 444 οὐκ
747 417 786 444 ἔτι
796 418 871 453 ὀφει-

79 457 197 494 λομένης
213 458 287 494 αὐτῷ
306 459 443 491 κολάσεως
461 460 509 486 καὶ
527 460 654 495 βασάνου,
672 461 715 488 διὰ
731 461 761 488 τὸ
780 461 872 488 ἐντεῦ-

79 503 124 530 θεν
139 504 191 539 ἢδη
209 505 389 540 ἀπειληφέναι
406 505 496 537 αὑτὸν,
516 505 584 540 μετὰ
595 506 644 542 τὴν
655 507 777 534 ἐντεῦθεν
787 507 871 534 ἀπαλ-

78 548 176 584 λαγήν.
193 549 272 576 Οὕτω
283 550 305 576 δ’
317 551 398 585 ἡμεῖς
407 551 454 578 καὶ
473 552 561 578 πᾶσαν
576 552 701 587 ἀπειλὴν.
714 552 767 579 ἀπό
775 561 804 580 τε
818 553 871 580 τῶν

80 595 162 631 ἱερῶν
185 596 312 631 Γραφῶν,
328 596 376 623 καὶ
392 597 446 623 άπὸ
461 598 510 633 τῆς
531 598 669 633 ἐνεργείας
692 599 741 634 τῆς
755 599 824 626 κατὰ
842 598 873 625 τὸ

80 640 209 676 μέγεθος,
227 642 274 669 καὶ
287 642 389 675 τάξεως
399 642 452 669 τῶν
459 642 491 678 δη
496 652 610 678 μιουργη
616 644 707 679 μάτων
721 644 872 679 παραδεχό-

80 686 151 721 μεθα
165 686 233 712 Θεοῦ
250 686 296 713 τοῦ
312 686 454 718 κτίσαντος
477 687 511 713 τὰ
533 686 696 721 βλεπόμενα,
714 687 760 714 καὶ
784 688 816 714 τὰ
835 687 871 722 μὴ

79 730 245 766 βλεπόμενα,
271 731 305 758 τὰ
332 732 495 767 πρόσκαιρα,
520 732 616 758 καὶτὰ
633 731 738 764 αἰώνια,
759 733 796 764 ὡς
813 732 872 764 ἐνὸς

77 777 156 809 ὄντος
170 778 219 803 καὶ
231 777 277 804 τοῦ
287 777 369 803 αὑτοῦ
383 777 453 803 κατὰ
467 778 554 804 πάντα
565 777 602 812 τῷ
611 777 699 812 Πατρὶ
712 778 757 805 τοῦ
770 778 871 814 Κυρίου

77 823 126 849 καὶ
144 823 269 858 Σωτῆρος
281 822 361 858 ἡμῶν
374 822 478 857 ἀγαθῷ,
490 822 537 849 καὶ
553 823 658 858 δικαίῳ,
671 823 717 850 καὶ
726 823 808 858 σοφῷ,
825 824 871 850 καὶ

922 238 949 260 et
965 239 1024 267 qua:
1039 240 1093 260 non
1107 232 1232 260 videntur
1253 233 1392 266 condidit;
1409 234 1570 268 temporaria
1587 234 1651 261 item
1679 240 1706 261 et

922 281 1038 309 :etema;
1054 281 1083 303 ιιι
1108 277 1153 312 qui
1177 285 1246 305 unus
1265 281 1293 304 et
1311 277 1381 304 idem
1396 278 1431 304 sit
1449 279 1474 305 in
1496 278 1632 309 omnibus.
1659 280 1705 314 qui

922 322 1001 350 Pater
1017 322 1121 350 Domini
1137 327 1164 349 et
1181 321 1334 350 Servatoris
1349 323 1433 350 nostri
1449 323 1546 355 bonus,
1565 329 1592 351 et
1604 323 1705 358 justus,

921 373 949 395 et
961 368 1084 402 sapiens;
1097 372 1124 394 et
1144 368 1177 394 ad
1197 375 1257 394 eum
1272 375 1382 402 scopum
1396 368 1550 402 Scripturas
1572 369 1707 397 deducere

922 414 1045 446 nitimur,
1062 417 1091 440 nt
1114 413 1290 441 ostendanms
1311 414 1401 441 oumia
1428 421 1489 441 esse
1512 415 1574 443 boni
1596 415 1654 448 Dei,
1679 420 1706 442 et

919 458 997 492 justi,
1014 462 1040 485 et
1054 457 1193 491 sapientis,
1208 465 1258 484 nec
1274 458 1300 484 in
1317 458 1425 484 minima
1434 458 1542 493 quidem
1560 466 1599 490 re.
1619 465 1707 488 attenr

924 504 992 530 tiset
1011 503 1188 537 prudentibus
1204 510 1298 530 errare
1321 503 1471 532 videamur.
1490 504 1531 531 Ad
1550 504 1575 531 id
1603 509 1707 539 autem,

922 553 952 575 ut
965 549 1024 584 ejus
1034 549 1158 579 bonitati,
1166 547 1279 581 iustitia:
1288 552 1316 575 et
1335 549 1485 583 sapientia,
1500 557 1559 583 quae
1568 549 1706 582 dicuntur,

923 598 1084 628 congruant,
1101 593 1155 621 Dco
1169 594 1314 621 Servatore
1333 601 1403 628 opus
1421 593 1561 621 habemus.
1579 594 1641 622 tlzec
1661 595 1709 630 igi-

924 643 967 666 tur
988 640 1021 666 de
1045 639 1078 666 iis
1104 639 1215 667 verbis:
1234 648 1243 665 ι
1261 639 1399 666 lnduravit
1423 639 1552 667 Dominus
1571 641 1641 668 Deus
1660 649 1709 668 cor

922 684 1083 717 Pharaonis,
1101 694 1110 711 ι
1128 685 1326 713 existimamus.
1344 685 1465 713 Medicus
1481 689 1523 714 est
1537 686 1634 714 animae
1647 694 1708 713 ver-

924 731 987 757 bum
1008 731 1066 762 Dei,
1091 731 1218 759 remediis
1231 731 1314 758 variis
1331 736 1357 758 et
1370 731 1515 759 admodum
1541 732 1708 766 tempestivis

924 780 948 802 et
963 783 1022 810 quze
1039 777 1147 812 :cgrotis
1171 776 1288 804 maxime
1309 782 1470 812 congruunt,
1487 777 1588 810 utitur;
1611 777 1708 804 hortnn

924 822 974 850 alia
986 823 1057 857 plus,
1074 823 1126 850 alia
1138 823 1227 850 minus
1240 822 1343 850 laboris
1354 827 1381 850 et
1393 823 1523 850 moleslite
1536 823 1570 851 iis
1580 823 1707 854 aﬂ'erunt,

76 869 125 895 ἐπὶ
139 868 185 894 τὸν
203 869 303 894 σκοπὸν
322 869 425 894 ἐκεῖνον
442 867 491 899 τὰς
511 868 530 894 Γ
533 868 621 903 ραφὰς
637 869 714 902 ἄγειν
740 869 863 903 ἀγωνιζό-

923 869 969 902 qui
979 873 1118 895 curantur.
1130 868 1249 896 Rursum
1258 868 1377 895 remedia
1389 867 1524 895 interdum
1536 869 1709 896 dissentanee

79 913 162 949 μεθα,
181 913 229 939 τοῦ
247 913 296 948 μὲν
304 913 441 940 δεικνύναι
456 913 543 940 πάντα
556 913 658 947 ἀγαθοῦ
673 913 750 946 Θεοῦ,
766 915 813 941 καὶ
828 923 871 941 σο-

78 959 141 993 ςκοῦ,
160 959 208 985 καὶ
226 958 340 990 δικαίου,
364 958 423 985 οὐδὲ
442 958 511 984 κατὰ
529 958 558 985 τὸ
580 958 660 993 τυχὸν
677 959 871 994 ὑπονοηθέντες

77 1003 111 1029 ἂν
127 1005 185 1035 τοῖς
201 1012 232 1037 γε
240 1003 302 1030 νοῦν
317 1003 424 1038 ἔχουσιν
431 1003 606 1030 ἀποπίπτεινθ
620 1003 690 1030 κατὰ
703 1004 730 1030 δὲ
743 1004 772 1030 τὺ
787 1005 871 1040 ἐφαρ-

79 1049 187 1084 μόζειν,
206 1049 222 1084 ἢ
242 1049 290 1085 μὴ,
308 1051 341 1085 τῇ
360 1048 507 1084 ἀγαθὸτητι
529 1048 623 1080 αὑτοῦ,
642 1050 688 1075 καὶ
704 1049 869 1086 δικαιοσύνῃ.

77 1095 126 1121 καὶ
153 1095 236 1130 σοφίᾳ
262 1095 296 1122 τά
315 1095 460 1130 λεγόμενα,
487 1094 554 1121 Θεοῦ
589 1096 710 1131 σωτῆρος
738 1096 868 1131 δεόμενοι.

77 1140 199 1168 Τοιαῦτα
218 1141 308 1167 τοίνυν
321 1141 368 1167 καὶ
380 1140 444 1176 περὶ
456 1140 527 1167 τοῦ⁹ι
556 1140 719 1177 Ἐσκλήρυνε
740 1141 840 1177 Κύριος
857 1142 871 1167 6

75 1187 145 1219 Θεὸς
158 1187 208 1222 τὴν
224 1186 337 1222 καρδίαν
353 1186 461 1222 Φαραὼ,
476 1196 484 1212 ι
503 1186 677 1222 ὑπονοοῦμεν.
699 1187 799 1222 Ἰατρός
813 1187 870 1214 ἐστι

75 1231 169 1266 ψυχῆς
185 1232 200 1257 6
217 1231 294 1265 λόγος
311 1230 358 1257 τοῦ
375 1231 453 1262 Θεοῦ,
476 1231 545 1262 ὁδοῖς
567 1231 714 1266 θεραπείας
731 1230 871 1266 χρώμενος

75 1277 291 1309 τιοικιλωτάταις
308 1276 354 1303 καὶ
370 1276 512 1311 ἅρμοδίαις
530 1276 597 1311 πρὸς
616 1277 678 1308 τοὺς
689 1275 781 1308 κακῶς
795 1275 871 1312 ἔχον-

75 1331 126 1354 τας
140 1324 189 1349 καὶ
205 1322 446 1359 ἐπικαιριωτάταις
464 1322 530 1356 (40)’
541 1321 596 1348 τῶν
615 1322 644 1348 δὲ
662 1323 710 1357 τῆς
726 1321 872 1358 θεραπείας

75 1368 158 1401 ὁδῶν,
177 1368 208 1395 αἱ
224 1368 274 1404 μέν
291 1369 360 1395 είσιν
374 1369 420 1394 ἐπὶ
438 1368 538 1400 πλεῖον,
557 1368 585 1394 αἱ
599 1367 628 1394 δὲ
645 1367 686 1394 ἐπ’
699 1367 809 1395 ἔλαττον
824 1369 872 1396 πό-

75 1423 141 1446 νους
157 1414 206 1441 καὶ
221 1413 356 1449 βασάνους
370 1413 532 1449 ἐμποιοῦσαι
547 1415 604 1445 τοῖς
619 1414 659 1445 εἰς
682 1413 752 1440 ἴασιν
770 1414 871 1450 ἀγομέ-

74 1469 145 1492 νοις⁴
162 1460 245 1486 πάλιν
257 1460 279 1486 τ’
293 1458 327 1486 αὖ
346 1459 514 1495 βοηθήματα,
528 1457 573 1485 ὁτὲ
589 1459 638 1494 μὲν
649 1459 872 1494 ἀπεμιραινόντως

74 1506 196 1540 γίνεται,
215 1505 260 1533 ὁτὲ
280 1505 308 1532 δὲ
322 1505 372 1539 οὐχ
387 1504 472 1536 οὕτως
488 1504 555 1540 ἔχει.
579 1505 626 1531 καὶ
642 1504 721 1531 πάλιν
736 1505 827 1540 τάχιον
853 1506 869 1541 ἢ

77 1551 201 1588 βράδιον·
216 1551 264 1577 καὶ
278 1550 347 1586 μετὰ
366 1551 396 1577 τὺ
414 1550 603 1586 ἐμφορηθῆναι
623 1550 672 1585 τῆς
683 1551 831 1586 ἁμαρτίας,
855 1551 871 1586 ἢ
887 1543 908 1573 C

77 1597 151 1632 μετὰ
168 1597 211 1628 τὸ,
224 1596 318 1632 ὥσπερ
334 1597 432 1628 εἰπεῖν,
451 1596 531 1630 μόνον
547 1595 666 1630 ἅψασθαι
682 1596 776 1630 αὐτῆς.
795 1597 872 1632 Μαρ-

74 1643 215 1679 τυριῶνδὲ
225 1643 279 1669 τῶν
292 1643 331 1673 εἰς
343 1641 457 1668 ἕκαστον
469 1641 575 1677 πλήρης
588 1642 684 1676 πᾶσαὴ
696 1641 872 1674 θεόπνευστος

75 1691 187 1727 Γραφὴ,
216 1688 449 1725 σκυθρωποτέρων
480 1687 657 1724 βοηθημάτων
676 1688 721 1714 ἐπὶ
742 1688 832 1714 πλεῖον
854 1687 869 1723 ἢ

75 1736 187 1762 ἔλαττον
198 1733 451 1769 ἀναγεγραμμένων
461 1732 601 1767 γεγονέναι
613 1732 651 1767 τῷ
667 1732 734 1768 λαῷ,
746 1733 791 1759 καὶ
807 1741 872 1768 συμ-

75 1781 226 1816 σεΰηχέναι
245 1779 321 1814 αὐτῷ
344 1779 414 1814 ὑπὲρ
433 1778 602 1814 ἐπιστροφῆς
623 1778 668 1804 καὶ
690 1777 866 1813 διορθώσεως·

74 1827 105 1853 ὲν
121 1825 252 1860 πολέμοις
271 1823 414 1859 μείζοσινῆ
426 1823 558 1855 ἐλάττοσι,
575 1823 622 1849 καὶ
640 1822 728 1858 λιμοῖς
739 1823 869 1858 πολυχρο-

73 1871 228 1906 νιωτέροις,
247 1870 264 1905 ἢ
281 1869 556 1905 ὀλιγοχρονιωτέροις.
581 1868 818 1904 Ἀπεμφαινόντως
841 1868 870 1895 δὲ

74 1917 105 1942 ἐν
120 1915 169 1951 τῷ*
192 1925 202 1941 ‹
224 1915 281 1942 Οὐκ
303 1914 486 1950 ἐπισκέψομαι
501 1915 547 1941 ἐπὶ
564 1914 612 1946 τὰς
629 1914 780 1949 θυγατέρας
795 1914 870 1949 ὑμῶν

73 1962 141 1988 ὅταν
157 1961 322 1997 πορνεύωσι,
339 1961 387 1987 καὶ
399 1960 445 1987 ἐπὶ
457 1960 506 1992 τὰς
519 1959 625 1995 νύμφας
640 1960 716 1995 ὑμῶν
729 1960 792 1986 ὅταν
811 1968 870 1995 μοι-

72 2007 188 2042 χεὺωσι.
211 2016 220 2034 ι
243 2007 319 2042 Τάχα
336 2006 390 2042 γὰρ
406 2006 451 2033 ἐπὶ
471 2006 562 2033 πλεῖον
579 2005 730 2041 ἀφιεμένοις
747 2005 802 2042 (41)
821 2005 871 2040 ψυ-

71 2053 126 2087 χὰς
152 2051 209 2078 τῶν
230 2051 397 2087 σωματικῶν
424 2051 470 2077 καὶ
493 2050 579 2086 ἡδέων
605 2047 673 2076 εἶναι
686 2048 870 2085 νομιζομένων

71 2099 141 2134 παρ’
153 2098 263 2129 ἑαυτοῖς
277 2096 477 2131 ἐγκαταλείπει·
489 2096 542 2127 Eu);
557 2095 727 2131 κορεσθεῖσαι
739 2094 871 2128 ἀποστρα-

69 2144 147 2178 φῶσι
157 2143 213 2170 τῶν
227 2140 265 2169 ὧν
279 2143 431 2178 ὀρέγονται,
449 2143 530 2169 οἱονεὶ
547 2141 593 2168 καὶ
611 2141 710 2176 ἐμέσαι
721 2140 790 2167 αὐτὰ
808 2139 870 2174 βου-

68 2190 201 2225 Mysum,
216 2188 264 2216 καὶ
281 2189 331 2215 οὐκ
354 2188 386 2216 ἂν
402 2188 441 2215 ἔτι
457 2187 562 2223 ταχέως
582 2189 639 2219 τοῖς
653 2187 755 2218 αὐτοῖς,
774 2185 817 2212 διὰ
839 2186 870 2212 τὸ

69 2238 112 2269 ὡς
131 2238 176 2263 ἐπὶ
192 2237 283 2263 πλεῖον
301 2235 508 2270 ἐμπεφορῆσθαι
522 2234 616 2265 αὑτὰς,
627 2233 673 2260 καὶ
683 2233 729 2259 ἐπὶ
745 2232 870 2259 τοσοῦτον

70 2281 285 2317 βεϐασανίσθαι,
314 2280 555 2316 περιπεσούμεναι.
576 2278 688 2314 Βράδιον
701 2277 729 2303 δὲ
749 2277 795 2304 ἐπὶ
821 2276 869 2312 τὴν

70 2327 228 2364 θεραπείαν
245 2327 358 2361 ἄγονται
371 2326 398 2353 αἱ
415 2325 655 2360 καταφρονήσασαι
669 2323 701 2349 ἂν
714 2321 761 2349 τοῦ
778 2321 869 2349 δεύτε-

71 2382 124 2410 ρον
142 2375 200 2405 τοῖς
225 2373 317 2404 αὐτοῖς
345 2372 512 2407 περιπεσεῖν,
534 2370 579 2396 διὰ
594 2369 624 2396 τὺ
641 2369 732 2404 τάχιον
748 2367 870 2403 ἀπηλλά-

69 2419 138 2454 χθαι
152 2419 207 2445 τῶν
235 2417 340 2445 κακῶν.
357 2415 420 2444 Οἵδε
448 2417 477 2443 δὲ
491 2416 505 2442 6
523 2415 646 2451 τεχνίτης
668 2414 734 2446 Θεὸς
748 2413 797 2445 τὰς
813 2413 870 2439 δια-

70 2464 168 2497 θέσεις
195 2466 334 2496 ἑκάστων,
369 2463 416 2490 mi.
441 2465 478 2494 ὡς
505 2461 643 2488 ἐπιϐάλλει
672 2460 761 2495 αὐτῷ,
791 2459 870 2494 μόνος

68 2510 270 2546 ἐπιστημόνως
295 2509 444 2544 δυνάμενος
468 2507 518 2539 τὰς
545 2506 691 2542 θεραπείας
711 2505 867 2541 προσάγειν,

112 2567 135 2584 ⁷⁸
149 2566 232 2594 Osce.
251 2574 288 2598 tv,
304 2566 347 2593 Η.

113 2627 168 2662 (59)
202 2626 279 2662 Mss,
304 2626 355 2662 xui,
369 2624 506 2662 κατάξεις,
531 2627 584 2651 etc.
610 2621 762 2662 Pliilolgulia.
781 2621 863 2662 edita,

67 2656 125 2689 καὶ
138 2656 169 2688 οὖ
180 2661 319 2693 κατάξεις.
334 2656 511 2687 Verissimum
522 2662 564 2685 est
572 2657 642 2692 quod
656 2665 672 2696 a_
680 2656 865 2696 Genebrardo,

64 2703 105 2724 et.
131 2697 230 2724 deinde
250 2689 267 2722 ιι
291 2689 587 2731 ’ῘᾺτίιιονοὺεετνοιιιιιὶ
606 2697 649 2719 est
666 2689 866 2731 [egisseprige-

65 2740 150 2763 nem.
169 2731 217 2758 καὶ
225 2731 366 2764 κατάξεις,
379 2730 404 2756 id
415 2730 484 2766 enim
502 2728 612 2756 omnino
624 2728 794 2766 ratiocinatio
809 2728 866 2766 ejus

64 2761 205 2802 postulat.
230 2767 262 2793 Et
326 2761 462 2802 Hebraico
484 2769 591 2802 quoque
606 2765 734 2802 contextu
750 2761 866 2802 negandi

64 2795 239 2836 particulam
257 2795 610 2836 abfuisse_0ri_genes_ipse
633 2795 805 2836 testrilicat'u'r.‘
829 2796 865 2835 At

66 2829 212 2865 universa:
236 2843 300 2871 quae
324 2834 404 2863 hodie
424 2829 664 2866 circumferuntur,
683 2835 740 2872 tum
758 2829 863 2858 Hebraei

921 921 971 941 nec
991 914 1168 946 cohtercnter,
1200 913 1345 949 aliquando
1371 920 1449 941 secus
1478 914 1556 947 fiunt,
1571 914 1707 941 interdum

921 960 1035 988 celerius
1062 964 1110 987 aut.
1135 959 1257 993 tardius;
1282 963 1309 986 et
1334 963 1476 994 postquam
1503 960 1568 994 aegri
1595 963 1708 994 peccato

922 1005 994 1032 velut
1011 1005 1128 1040 saginati
1144 1004 1258 1038 fuerint,
1277 1005 1318 1032 vel
1331 1010 1473 1040 postquam
1490 1005 1554 1032 illud
1566 1006 1709 1038 extremis,

921 1055 951 1077 ut
975 1050 1011 1077 ita
1044 1051 1141 1082 dicam,
1165 1050 1249 1078 labris
1279 1050 1428 1086 attigerint.
1460 1050 1560 1077 Horum
1587 1051 1708 1078 omnium

922 1095 1084 1123 testimoniis
1097 1087 1174 1130 plena
1195 1100 1239 1123 est
1260 1096 1351 1123 divina
1368 1095 1521 1131 Scriptura,
1544 1103 1605 1123 cum
1629 1104 1708 1131 aspev

921 1140 993 1168 riora
1007 1141 1149 1168 duriorave
1164 1141 1283 1168 remedia
1302 1140 1363 1175 plus
1383 1141 1505 1168 minusve
1519 1141 1617 1176 populo
1632 1141 1710 1168 adhi-

921 1185 976 1212 bita
991 1185 1017 1212 in
1034 1185 1183 1220 Scripturis
1197 1185 1332 1220 legantur,
1354 1193 1468 1221 qumque
1488 1187 1525 1214 illi
1540 1188 1572 1214 ad
1593 1195 1708 1216 canver—

921 1230 1025 1257 sionem
1042 1235 1070 1258 et
1081 1231 1300 1258 emendationem
1313 1232 1503 1266 contigerunt;
1524 1232 1638 1261 inbellis
1651 1242 1709 1260 ma-

927 1274 1041 1309 joribus,
1058 1275 1100 1302 vel
1126 1276 1290 1309 minoribus;
1316 1275 1387 1303 fame
1401 1276 1575 1311 diuturniori,
1595 1277 1635 1306 vel
1658 1279 1711 1305 mi-

923 1329 973 1348 nus
990 1321 1104 1350 diutina.
1132 1321 1166 1348 At
1181 1321 1366 1354 dissentanee,
1385 1326 1440 1348 tum
1463 1327 1538 1356 puta,
1558 1330 1620 1350 eutn
1640 1324 1710 1353 dicio

923 1368 1016 1396 tur":
1034 1377 1043 1394 ι
1064 1368 1121 1395 Non
1151 1368 1291 1396 advertam
1317 1369 1351 1396 ad
1377 1369 1445 1397 ﬁlias
1471 1374 1574 1398 vestras
1599 1378 1660 1398 cum
1679 1379 1710 1399 se

922 1414 1097 1447 prostitnent,
1124 1418 1151 1441 et
1176 1414 1209 1440 ad
1232 1413 1363 1449 coniuges
1382 1419 1487 1442 vestras
1500 1423 1561 1442 cum
1574 1415 1710 1444 adultera-

922 1459 1033 1486 buntur.
1052 1469 1062 1486 ι
1082 1459 1219 1488 Fortassis
1232 1461 1304 1487 enim
1317 1461 1423 1488 animas
1442 1468 1501 1495 quae
1514 1468 1656 1496 corporea,
1682 1468 1710 1490 et

922 1512 982 1539 quae
997 1505 1116 1540 jucunda
1131 1513 1191 1533 esse
1207 1510 1348 1540 putantur,
1369 1505 1480 1533 multum
1508 1511 1652 1541 expetunt,
1667 1515 1712 1534 re-

927 1549 1035 1584 linquit,
1055 1551 1139 1578 donec
1153 1551 1290 1585 satietate,
1304 1559 1364 1586 quae
1384 1551 1500 1579 maxime
1512 1557 1651 1587 appetunt,
1662 1552 1711 1580 ab-

919 1596 1046 1630 jeceriut,
1059 1596 1136 1631 quasi
1151 1603 1181 1623 ea
1202 1597 1285 1624 velint
1302 1604 1438 1628 evomere.
1455 1604 1504 1625 nec
1522 1597 1556 1624 ad
1570 1605 1613 1631 ea,
1631 1598 1711 1626 satia-

923 1648 956 1671 tze
971 1642 1098 1670 nimirum
1113 1647 1140 1669 ct
1164 1641 1334 1678 gravissimis
1357 1643 1444 1676 poenis
1459 1642 1595 1676 exercitat,
1617 1644 1708 1670 statim

923 1689 1051 1716 rediturae
1063 1688 1126 1715 sint.
1147 1687 1241 1715 Serius
1256 1693 1345 1715 antem
1361 1692 1500 1719 curantur,
1514 1695 1574 1722 quae
1585 1694 1710 1716 contem--

922 1734 1040 1768 psissent
1051 1734 1077 1760 in
1089 1733 1181 1760 cadent
1197 1734 1294 1761 iterum
1305 1733 1438 1767 recidere,
1449 1733 1523 1768 quod
1538 1734 1616 1761 malis
1629 1733 1707 1761 abso-

924 1780 986 1807 luta:
999 1779 1090 1807 statim
1117 1779 1238 1806 fuissent.
1255 1779 1334 1807 Novit
1348 1784 1437 1807 autem
1451 1778 1542 1814 opifex
1564 1779 1634 1807 Dens
1651 1780 1708 1807 sin-

923 1825 1047 1860 gularum
1059 1825 1224 1857 aﬂ'ectiones,
1240 1830 1266 1852 et
1277 1830 1305 1852 nt
1318 1825 1343 1852 ei
1355 1825 1492 1857 convenit,
1505 1825 1578 1852 solus
1588 1825 1709 1852 scienter

922 1879 954 1899 ac
966 1871 1052 1906 perite
1065 1872 1227 1898 medicinam
1248 1871 1339 1898 facere
1354 1876 1452 1905 potest,
1473 1875 1500 1898 et.
1516 1871 1588 1906 quod
1606 1871 1709 1905 cuique

922 1917 1059 1952 congruit,
1073 1921 1099 1944 et
1114 1917 1233 1952 quando,
1244 1916 1382 1944 adbibere.
1397 1917 1484 1951 Atque
1500 1922 1528 1943 ut
1546 1918 1572 1944 in
1594 1916 1709 1952 quibus-

923 1963 984 1990 dam
1002 1962 1121 1997 corporis
1147 1962 1257 1995 morbis,
1282 1962 1303 1989 si
1336 1961 1434 1988 malum
1452 1962 1485 1989 ad
1501 1961 1606 1995 intima,
1627 1966 1656 1989 ut
1671 1962 1707 1989 ita

923 2007 1023 2040 dicam,
1038 2007 1234 2043 penetraverit,
1255 2007 1463 2034 medicamentis
1483 2007 1644 2042 quibusdam
1674 2007 1706 2034 ad

922 2054 1050 2081 extimam
1081 2052 1251 2088 superﬁciem
1277 2053 1421 2080 materiam
1448 2053 1561 2079 attrahit
1576 2052 1705 2086 medicus,

923 2099 1128 2127 molestissimas
1158 2098 1394 2138 inﬂammationes,
1427 2103 1547 2126 tumores
1579 2102 1607 2125 et
1634 2098 1708 2124 dolo—

922 2152 966 2172 res
992 2145 1081 2180 plures
1109 2144 1154 2177 iis,
1182 2152 1250 2180 quos
1279 2149 1423 2179 antequam
1457 2147 1599 2170 curaretur
1621 2143 1708 2170 susti-

923 2190 1021 2222 nebat,
1052 2189 1186 2223 aﬂ‘erens;
1218 2193 1247 2217 ut
1281 2190 1338 2217 ﬁeri
1371 2189 1512 2217 consuevit
1541 2188 1568 2216 in
1601 2188 1634 2215 iis
1660 2188 1707 2223 qui

923 2243 936 2262 a
952 2235 1045 2263 rabido
1061 2243 1127 2263 cane
1142 2235 1224 2263 marsi
1253 2239 1326 2269 sunt,
1343 2239 1369 2262 et
1382 2235 1442 2263 aliis
1471 2234 1643 2270 quibusdam,
1659 2234 1706 2267 qui

922 2281 1054 2316 ejusmodi
1077 2281 1156 2309 malis
1171 2281 1344 2309 atliciuntur:
1365 2281 1404 2309 sic
1422 2281 1505 2309 Deum
1524 2280 1643 2306 arbitror
1658 2286 1707 2306 oe-

920 2328 1021 2356 cultam
1041 2327 1119 2363 115
1144 2328 1284 2360 malitiam,
1299 2335 1360 2363 quae
1376 2327 1409 2355 ad
1436 2326 1557 2354 intimam
1585 2325 1705 2352 animam

921 2373 1085 2408 penetravit,
1104 2378 1230 2401 tractare.
1253 2374 1286 2401 Et
1310 2373 1538 2408 quemadmodum
1561 2372 1594 2398 de
1611 2370 1703 2405 hujus,

921 2418 992 2445 modi
1016 2424 1118 2454 πρεποιο
1136 2419 1258 2446 medicus
1282 2418 1365 2446 dicit:
1398 2418 1454 2453 Ego
1475 2416 1703 2444 inﬂammationes

924 2462 1021 2490 faciam
1042 2464 1069 2490 iu
1087 2463 1145 2491 loco
1163 2463 1292 2496 vulneris,
1305 2468 1332 2491 et
1349 2463 1397 2489 llas
1414 2466 1459 2488 aut
1480 2461 1540 2488 illas
1556 2464 1646 2494 partes
1661 2461 1705 2487 ra-

925 2505 994 2533 ciam
1009 2511 1037 2534 ut
1057 2507 1248 2540 intumescant,
1267 2511 1296 2534 ut
1319 2506 1469 2542 graviorem
1488 2505 1642 2532 abscessum
1663 2503 1705 2532 fa—

917 2623 1091 2657 exemplaris,
1117 2627 1171 2650 tum
1194 2622 1266 2649 LXX
1292 2621 1433 2657 Seniorum
1451 2619 1582 2657 editiones
1604 2617 1703 2646 habent

916 2651 1061 2689 ΊἾΊΠΝἸΊ.
1085 2651 1134 2685 ὂιαὶ
1158 2658 1188 2684 οὐ
1216 2656 1354 2690 κατάξεις,
1379 2655 1422 2683 cui
1446 2654 1588 2689 scripturas
1608 2661 1703 2682 omnes

915 2694 1026 2721 omnino
1047 2694 1210 2727 interpretes
1226 2691 1409 2727 causentiunt.
1429 2690 1560 2717 Hunnus.

952 2727 1007 2773 ςέο)
1021 2726 1479 2773 ἔξιμεςᾷί-ηπιξιςὲπξῖιξιξξεῖὲξοιιῑς

962 2758 1144 2798 Άςὲιξμένας,
1151 2761 1267 2798 Omnino
1282 2758 1426 2798 [regeinlumr
1436 2758 1593 2798 ἐφιεμένας,
1605 2763 1632 2787 et
1639 2766 1700 2786 mox

918 2795 1120 2835 παρ’“ἐαυταῖς,
1139 2797 1165 2825 id
1181 2797 1252 2832 quod
1269 2797 1334 2824 vidit
1346 2795 1546 2824 Genebrardus.
