  <div class='ocr_page' id='page_1' title='image "/cluster/home/n/w/nwhite01/storage/ocr_20150623/12/njp.32101077772422/165.png"; bbox 0 0 1900 3060; ppageno 0'>
   <div class='ocr_carea' id='block_1_1' title="bbox 183 140 237 168">
    <p class='ocr_par' dir='ltr' id='par_1_1' title="bbox 183 140 237 168">
     <span class='ocr_line' id='line_1_1' title="bbox 183 140 237 168; baseline 0 -1"><span class='ocrx_word' id='word_1_1' title='bbox 183 140 237 168; x_wconf 67' lang='lat'><strong>275</strong></span> 
     </span>
    </p>
   </div>
   <div class='ocr_carea' id='block_1_2' title="bbox 908 145 1080 174">
    <p class='ocr_par' dir='ltr' id='par_1_2' title="bbox 908 145 1080 174">
     <span class='ocr_line' id='line_1_2' title="bbox 908 145 1080 174; baseline 0.012 -2"><span class='ocrx_word' id='word_1_2' title='bbox 908 145 1080 174; x_wconf 78' lang='lat' dir='ltr'><strong>ORIGENES</strong></span> 
     </span>
    </p>
   </div>
   <div class='ocr_carea' id='block_1_3' title="bbox 1759 146 1811 176">
    <p class='ocr_par' dir='ltr' id='par_1_3' title="bbox 1759 146 1811 176">
     <span class='ocr_line' id='line_1_3' title="bbox 1759 146 1811 176; baseline 0.038 -2"><span class='ocrx_word' id='word_1_3' title='bbox 1759 146 1811 176; x_wconf 75' lang='grc'><strong>2⁵6</strong></span> 
     </span>
    </p>
   </div>
   <div class='ocr_carea' id='block_1_4' title="bbox 185 200 972 242">
    <p class='ocr_par' dir='ltr' id='par_1_4' title="bbox 185 200 972 235">
     <span class='ocr_line' id='line_1_4' title="bbox 185 200 972 235; baseline 0.006 -7"><span class='ocrx_word' id='word_1_4' title='bbox 185 202 287 228; x_wconf 79' lang='lat' dir='ltr'><strong>utinam</strong></span> <span class='ocrx_word' id='word_1_5' title='bbox 304 200 360 235; x_wconf 82' lang='lat' dir='ltr'><strong>jam</strong></span> <span class='ocrx_word' id='word_1_6' title='bbox 385 201 517 235; x_wconf 75' lang='lat' dir='ltr'><strong>arsisset;</strong></span> <span class='ocrx_word' id='word_1_7' title='bbox 533 213 542 229; x_wconf 73' lang='grc' dir='ltr'><strong>ι</strong></span> <span class='ocrx_word' id='word_1_8' title='bbox 567 203 617 230; x_wconf 86' lang='lat' dir='ltr'><strong>nisi</strong></span> <span class='ocrx_word' id='word_1_9' title='bbox 652 203 724 230; x_wconf 88' lang='lat' dir='ltr'><strong>enim</strong></span> <span class='ocrx_word' id='word_1_10' title='bbox 755 203 883 232; x_wconf 84' lang='lat' dir='ltr'><strong>salutaris</strong></span> <span class='ocrx_word' id='word_1_11' title='bbox 902 211 972 233; x_wconf 79' lang='lat' dir='ltr'><strong>esset</strong></span> 
     </span>
    </p>
   </div>
   <div class='ocr_carea' id='block_1_5' title="bbox 1038 200 1811 242">
    <p class='ocr_par' dir='ltr' id='par_1_5' title="bbox 1038 205 1811 242">
     <span class='ocr_line' id='line_1_5' title="bbox 1038 205 1811 242; baseline -0.003 -9"><span class='ocrx_word' id='word_1_12' title='bbox 1038 215 1100 233; x_wconf 57' lang='lat' dir='ltr'><strong>roum</strong></span> <span class='ocrx_word' id='word_1_13' title='bbox 1117 206 1180 242; x_wconf 70' lang='grc' dir='ltr'>περὶ</span> <span class='ocrx_word' id='word_1_14' title='bbox 1202 206 1278 240; x_wconf 72' lang='grc' dir='ltr'>Θεοῦ,</span> <span class='ocrx_word' id='word_1_15' title='bbox 1296 207 1357 234; x_wconf 78' lang='grc' dir='ltr'>οὔτε</span> <span class='ocrx_word' id='word_1_16' title='bbox 1373 208 1411 239; x_wconf 77' lang='grc' dir='ltr'><strong>είς</strong></span> <span class='ocrx_word' id='word_1_17' title='bbox 1432 207 1449 234; x_wconf 72' lang='grc' dir='ltr'><strong>ἃ</strong></span> <span class='ocrx_word' id='word_1_18' title='bbox 1469 205 1660 241; x_wconf 77' lang='grc' dir='ltr'><strong>δογματίζουσι</strong></span> <span class='ocrx_word' id='word_1_19' title='bbox 1677 205 1742 241; x_wconf 77' lang='grc' dir='ltr'>περὶ</span> <span class='ocrx_word' id='word_1_20' title='bbox 1760 206 1811 240; x_wconf 78' lang='grc' dir='ltr'>φύ-</span> 
     </span>
    </p>
   </div>
   <div class='ocr_carea' id='block_1_6' title="bbox 185 247 973 281">
    <p class='ocr_par' dir='ltr' id='par_1_6' title="bbox 185 247 973 281">
     <span class='ocr_line' id='line_1_6' title="bbox 185 247 973 281; baseline 0.006 -9"><span class='ocrx_word' id='word_1_21' title='bbox 185 247 266 280; x_wconf 72' lang='lat' dir='ltr'><strong>ignis,</strong></span> <span class='ocrx_word' id='word_1_22' title='bbox 283 254 364 280; x_wconf 85' lang='lat' dir='ltr'><strong>quem</strong></span> <span class='ocrx_word' id='word_1_23' title='bbox 382 248 455 274; x_wconf 85' lang='lat' dir='ltr'><strong>vertit</strong></span> <span class='ocrx_word' id='word_1_24' title='bbox 473 247 579 276; x_wconf 89' lang='lat' dir='ltr'><strong>mittere</strong></span> <span class='ocrx_word' id='word_1_25' title='bbox 599 248 625 275; x_wconf 94' lang='lat' dir='ltr'><strong>in</strong></span> <span class='ocrx_word' id='word_1_26' title='bbox 643 253 744 276; x_wconf 86' lang='lat' dir='ltr'><strong>terram</strong></span> <span class='ocrx_word' id='word_1_27' title='bbox 757 269 765 281; x_wconf 97' lang='lat'><strong>,</strong></span> <span class='ocrx_word' id='word_1_28' title='bbox 781 254 808 276; x_wconf 76' lang='lat' dir='ltr'><strong>et</strong></span> <span class='ocrx_word' id='word_1_29' title='bbox 820 249 973 278; x_wconf 91' lang='lat' dir='ltr'><strong>hominibus</strong></span> 
     </span>
    </p>
   </div>
   <div class='ocr_carea' id='block_1_7' title="bbox 184 292 972 328">
    <p class='ocr_par' dir='ltr' id='par_1_7' title="bbox 184 292 972 328">
     <span class='ocr_line' id='line_1_7' title="bbox 184 292 972 328; baseline 0.005 -9"><span class='ocrx_word' id='word_1_30' title='bbox 184 292 334 325; x_wconf 69' lang='lat' dir='ltr'><strong>salutaris,</strong></span> <span class='ocrx_word' id='word_1_31' title='bbox 358 301 493 328; x_wconf 82' lang='lat' dir='ltr'><strong>nunquam</strong></span> <span class='ocrx_word' id='word_1_32' title='bbox 516 301 546 321; x_wconf 87' lang='lat' dir='ltr'><strong>ea</strong></span> <span class='ocrx_word' id='word_1_33' title='bbox 569 294 682 322; x_wconf 88' lang='lat' dir='ltr'><strong>dixisset</strong></span> <span class='ocrx_word' id='word_1_34' title='bbox 707 295 770 322; x_wconf 86' lang='lat' dir='ltr'><strong>boui</strong></span> <span class='ocrx_word' id='word_1_35' title='bbox 798 295 847 322; x_wconf 87' lang='lat' dir='ltr'><strong>Dei</strong></span> <span class='ocrx_word' id='word_1_36' title='bbox 875 295 972 324; x_wconf 84' lang='lat' dir='ltr'><strong>Filius.</strong></span> 
     </span>
    </p>
   </div>
   <div class='ocr_carea' id='block_1_8' title="bbox 186 338 972 375">
    <p class='ocr_par' dir='ltr' id='par_1_8' title="bbox 186 338 972 375">
     <span class='ocr_line' id='line_1_8' title="bbox 186 338 972 375; baseline 0.004 -10"><span class='ocrx_word' id='word_1_37' title='bbox 186 338 239 365; x_wconf 86' lang='lat' dir='ltr'><strong>Sed</strong></span> <span class='ocrx_word' id='word_1_38' title='bbox 257 343 284 366; x_wconf 85' lang='lat' dir='ltr'><strong>et</strong></span> <span class='ocrx_word' id='word_1_39' title='bbox 302 338 409 370; x_wconf 83' lang='lat' dir='ltr'><strong>Petrus,</strong></span> <span class='ocrx_word' id='word_1_40' title='bbox 431 339 476 373; x_wconf 89' lang='lat' dir='ltr'><strong>qui</strong></span> <span class='ocrx_word' id='word_1_41' title='bbox 499 340 582 366; x_wconf 88' lang='lat' dir='ltr'><strong>vcrbo</strong></span> <span class='ocrx_word' id='word_1_42' title='bbox 603 339 736 367; x_wconf 87' lang='lat' dir='ltr'><strong>Ananiam</strong></span> <span class='ocrx_word' id='word_1_43' title='bbox 755 345 782 367; x_wconf 89' lang='lat' dir='ltr'><strong>et</strong></span> <span class='ocrx_word' id='word_1_44' title='bbox 810 340 972 375; x_wconf 83' lang='lat' dir='ltr'><strong>Sapphiratu</strong></span> 
     </span>
    </p>
   </div>
   <div class='ocr_carea' id='block_1_9' title="bbox 186 384 973 422">
    <p class='ocr_par' dir='ltr' id='par_1_9' title="bbox 186 384 973 422">
     <span class='ocr_line' id='line_1_9' title="bbox 186 384 973 422; baseline 0.004 -12"><span class='ocrx_word' id='word_1_45' title='bbox 186 385 438 419; x_wconf 67' lang='lat' dir='ltr'><strong>quotlpeccassent,</strong></span> <span class='ocrx_word' id='word_1_46' title='bbox 450 384 504 422; x_wconf 86' lang='lat' dir='ltr'><strong>Deo</strong></span> <span class='ocrx_word' id='word_1_47' title='bbox 517 385 632 417; x_wconf 85' lang='lat' dir='ltr'><strong>mentiti,</strong></span> <span class='ocrx_word' id='word_1_48' title='bbox 646 393 699 412; x_wconf 90' lang='lat' dir='ltr'><strong>non</strong></span> <span class='ocrx_word' id='word_1_49' title='bbox 710 386 876 418; x_wconf 87' lang='lat' dir='ltr'><strong>hominibus,</strong></span> <span class='ocrx_word' id='word_1_50' title='bbox 888 386 973 414; x_wconf 89' lang='lat' dir='ltr'><strong>inter-</strong></span> 
     </span>
    </p>
   </div>
   <div class='ocr_carea' id='block_1_10' title="bbox 184 430 968 467">
    <p class='ocr_par' dir='ltr' id='par_1_10' title="bbox 184 430 968 467">
     <span class='ocr_line' id='line_1_10' title="bbox 184 430 968 467; baseline 0.003 -10"><span class='ocrx_word' id='word_1_51' title='bbox 184 430 266 462; x_wconf 76' lang='lat' dir='ltr'><strong>fecit,</strong></span> <span class='ocrx_word' id='word_1_52' title='bbox 293 437 348 457; x_wconf 85' lang='lat' dir='ltr'><strong>non</strong></span> <span class='ocrx_word' id='word_1_53' title='bbox 372 430 398 457; x_wconf 88' lang='lat' dir='ltr'><strong>id</strong></span> <span class='ocrx_word' id='word_1_54' title='bbox 419 431 499 458; x_wconf 91' lang='lat' dir='ltr'><strong>modo</strong></span> <span class='ocrx_word' id='word_1_55' title='bbox 521 432 627 458; x_wconf 76' lang='lat' dir='ltr'><strong>curavit</strong></span> <span class='ocrx_word' id='word_1_56' title='bbox 649 436 678 458; x_wconf 83' lang='grc' dir='ltr'><strong>ιιι</strong></span> <span class='ocrx_word' id='word_1_57' title='bbox 703 431 904 459; x_wconf 73' lang='lat' dir='ltr'><strong>mdiilearentur</strong></span> <span class='ocrx_word' id='word_1_58' title='bbox 922 433 968 467; x_wconf 86' lang='lat' dir='ltr'><strong>qui</strong></span> 
     </span>
    </p>
   </div>
   <div class='ocr_carea' id='block_1_11' title="bbox 185 475 971 514">
    <p class='ocr_par' dir='ltr' id='par_1_11' title="bbox 185 475 971 514">
     <span class='ocr_line' id='line_1_11' title="bbox 185 475 971 514; baseline 0.005 -12"><span class='ocrx_word' id='word_1_59' title='bbox 185 475 212 503; x_wconf 73' lang='lat' dir='ltr'><strong>:‘n</strong></span> <span class='ocrx_word' id='word_1_60' title='bbox 228 476 330 504; x_wconf 80' lang='lat' dir='ltr'><strong>Christi</strong></span> <span class='ocrx_word' id='word_1_61' title='bbox 356 476 436 504; x_wconf 85' lang='lat' dir='ltr'><strong>tidem</strong></span> <span class='ocrx_word' id='word_1_62' title='bbox 452 484 483 504; x_wconf 87' lang='lat' dir='ltr'><strong>eo</strong></span> <span class='ocrx_word' id='word_1_63' title='bbox 503 477 562 504; x_wconf 87' lang='lat' dir='ltr'><strong>viso</strong></span> <span class='ocrx_word' id='word_1_64' title='bbox 584 477 768 513; x_wconf 80' lang='lat' dir='ltr'><strong>religiosiores</strong></span> <span class='ocrx_word' id='word_1_65' title='bbox 782 482 810 506; x_wconf 84' lang='lat' dir='ltr'><strong>et</strong></span> <span class='ocrx_word' id='word_1_66' title='bbox 825 479 911 513; x_wconf 75' lang='lat' dir='ltr'><strong>magis</strong></span> <span class='ocrx_word' id='word_1_67' title='bbox 933 479 971 514; x_wconf 90' lang='lat' dir='ltr'><strong>pii</strong></span> 
     </span>
    </p>
   </div>
   <div class='ocr_carea' id='block_1_12' title="bbox 184 521 970 560">
    <p class='ocr_par' dir='ltr' id='par_1_12' title="bbox 184 521 970 560">
     <span class='ocr_line' id='line_1_12' title="bbox 184 521 970 560; baseline 0.008 -13"><span class='ocrx_word' id='word_1_68' title='bbox 184 527 262 548; x_wconf 91' lang='lat' dir='ltr'><strong>erant</strong></span> <span class='ocrx_word' id='word_1_69' title='bbox 278 521 378 554; x_wconf 79' lang='lat' dir='ltr'><strong>futuri,</strong></span> <span class='ocrx_word' id='word_1_70' title='bbox 404 523 450 549; x_wconf 90' lang='lat' dir='ltr'><strong>sed</strong></span> <span class='ocrx_word' id='word_1_71' title='bbox 463 527 491 549; x_wconf 86' lang='lat' dir='ltr'><strong>et</strong></span> <span class='ocrx_word' id='word_1_72' title='bbox 501 523 667 556; x_wconf 80' lang='lat' dir='ltr'><strong>morientes;</strong></span> <span class='ocrx_word' id='word_1_73' title='bbox 687 524 780 551; x_wconf 86' lang='lat' dir='ltr'><strong>volens</strong></span> <span class='ocrx_word' id='word_1_74' title='bbox 801 531 847 552; x_wconf 85' lang='lat' dir='ltr'><strong>eos</strong></span> <span class='ocrx_word' id='word_1_75' title='bbox 864 533 912 560; x_wconf 82' lang='lat' dir='ltr'><strong>per</strong></span> <span class='ocrx_word' id='word_1_76' title='bbox 926 533 970 553; x_wconf 84' lang='lat' dir='ltr'><strong>re-</strong></span> 
     </span>
    </p>
   </div>
   <div class='ocr_carea' id='block_1_13' title="bbox 187 566 968 604">
    <p class='ocr_par' dir='ltr' id='par_1_13' title="bbox 187 566 968 604">
     <span class='ocr_line' id='line_1_13' title="bbox 187 566 968 604; baseline 0.009 -13"><span class='ocrx_word' id='word_1_77' title='bbox 187 566 324 599; x_wconf 87' lang='lat' dir='ltr'><strong>pentinam</strong></span> <span class='ocrx_word' id='word_1_78' title='bbox 344 572 459 593; x_wconf 85' lang='lat' dir='ltr'><strong>mortem</strong></span> <span class='ocrx_word' id='word_1_79' title='bbox 475 568 607 601; x_wconf 84' lang='lat' dir='ltr'><strong>expiatos,</strong></span> <span class='ocrx_word' id='word_1_80' title='bbox 627 576 677 595; x_wconf 85' lang='lat' dir='ltr'><strong>nec</strong></span> <span class='ocrx_word' id='word_1_81' title='bbox 693 569 838 603; x_wconf 80' lang='lat' dir='ltr'><strong>opinantes</strong></span> <span class='ocrx_word' id='word_1_82' title='bbox 852 578 968 604; x_wconf 83' lang='lat' dir='ltr'><strong>corpore</strong></span> 
     </span>
    </p>
   </div>
   <div class='ocr_carea' id='block_1_14' title="bbox 184 611 969 647">
    <p class='ocr_par' dir='ltr' id='par_1_14' title="bbox 184 611 969 647">
     <span class='ocr_line' id='line_1_14' title="bbox 184 611 969 647; baseline 0.006 -9"><span class='ocrx_word' id='word_1_83' title='bbox 184 611 319 644; x_wconf 88' lang='lat' dir='ltr'><strong>liberare,</strong></span> <span class='ocrx_word' id='word_1_84' title='bbox 343 612 390 646; x_wconf 87' lang='lat' dir='ltr'><strong>qui</strong></span> <span class='ocrx_word' id='word_1_85' title='bbox 406 617 433 639; x_wconf 83' lang='lat' dir='ltr'><strong>et</strong></span> <span class='ocrx_word' id='word_1_86' title='bbox 452 612 553 647; x_wconf 85' lang='lat' dir='ltr'><strong>aliquid</strong></span> <span class='ocrx_word' id='word_1_87' title='bbox 570 614 640 640; x_wconf 85' lang='lat' dir='ltr'><strong>unde</strong></span> <span class='ocrx_word' id='word_1_88' title='bbox 653 613 871 647; x_wconf 81' lang='lat' dir='ltr'><strong>justilicarentur</strong></span> <span class='ocrx_word' id='word_1_89' title='bbox 885 616 969 643; x_wconf 89' lang='lat' dir='ltr'><strong>habe-</strong></span> 
     </span>
    </p>
   </div>
   <div class='ocr_carea' id='block_1_15' title="bbox 186 658 970 694">
    <p class='ocr_par' dir='ltr' id='par_1_15' title="bbox 186 658 970 694">
     <span class='ocr_line' id='line_1_15' title="bbox 186 658 970 694; baseline 0.005 -9"><span class='ocrx_word' id='word_1_90' title='bbox 186 659 251 685; x_wconf 84' lang='lat' dir='ltr'><strong>bant</strong></span> <span class='ocrx_word' id='word_1_91' title='bbox 266 667 274 691; x_wconf 86' lang='lat'>;</span> <span class='ocrx_word' id='word_1_92' title='bbox 291 658 354 694; x_wconf 82' lang='lat' dir='ltr'><strong>quia</strong></span> <span class='ocrx_word' id='word_1_93' title='bbox 371 659 412 686; x_wconf 92' lang='lat' dir='ltr'><strong>vel</strong></span> <span class='ocrx_word' id='word_1_94' title='bbox 427 659 569 686; x_wconf 89' lang='lat' dir='ltr'><strong>dimidium</strong></span> <span class='ocrx_word' id='word_1_95' title='bbox 581 660 713 687; x_wconf 87' lang='lat' dir='ltr'><strong>bonorum</strong></span> <span class='ocrx_word' id='word_1_96' title='bbox 725 668 835 688; x_wconf 91' lang='lat' dir='ltr'><strong>suorum</strong></span> <span class='ocrx_word' id='word_1_97' title='bbox 849 661 875 689; x_wconf 91' lang='lat' dir='ltr'><strong>in</strong></span> <span class='ocrx_word' id='word_1_98' title='bbox 894 670 970 689; x_wconf 91' lang='lat' dir='ltr'><strong>usum</strong></span> 
     </span>
    </p>
   </div>
   <div class='ocr_carea' id='block_1_16' title="bbox 184 704 973 742">
    <p class='ocr_par' dir='ltr' id='par_1_16' title="bbox 184 704 973 742">
     <span class='ocr_line' id='line_1_16' title="bbox 184 704 973 742; baseline 0.006 -12"><span class='ocrx_word' id='word_1_99' title='bbox 184 704 322 739; x_wconf 74' lang='lat' dir='ltr'><strong>egentium</strong></span> <span class='ocrx_word' id='word_1_100' title='bbox 340 704 480 732; x_wconf 81' lang='lat' dir='ltr'><strong>dederant.</strong></span> <span class='ocrx_word' id='word_1_101' title='bbox 501 705 532 732; x_wconf 86' lang='lat' dir='ltr'><strong>Et</strong></span> <span class='ocrx_word' id='word_1_102' title='bbox 553 705 653 733; x_wconf 89' lang='lat' dir='ltr'><strong>Paulus</strong></span> <span class='ocrx_word' id='word_1_103' title='bbox 671 714 744 739; x_wconf 86' lang='lat' dir='ltr'><strong>eum,</strong></span> <span class='ocrx_word' id='word_1_104' title='bbox 762 707 807 741; x_wconf 90' lang='lat' dir='ltr'><strong>qui</strong></span> <span class='ocrx_word' id='word_1_105' title='bbox 828 715 889 735; x_wconf 88' lang='lat' dir='ltr'><strong>cum</strong></span> <span class='ocrx_word' id='word_1_106' title='bbox 909 715 973 742; x_wconf 85' lang='lat' dir='ltr'><strong>pro-</strong></span> 
     </span>
    </p>
   </div>
   <div class='ocr_carea' id='block_1_17' title="bbox 184 748 973 788">
    <p class='ocr_par' dir='ltr' id='par_1_17' title="bbox 184 748 973 788">
     <span class='ocr_line' id='line_1_17' title="bbox 184 748 973 788; baseline 0.006 -13"><span class='ocrx_word' id='word_1_107' title='bbox 184 749 295 777; x_wconf 82' lang='lat' dir='ltr'><strong>consule</strong></span> <span class='ocrx_word' id='word_1_108' title='bbox 322 750 417 785; x_wconf 76' lang='lat' dir='ltr'><strong>Sergio</strong></span> <span class='ocrx_word' id='word_1_109' title='bbox 441 748 525 778; x_wconf 80' lang='lat' dir='ltr'><strong>Paulo</strong></span> <span class='ocrx_word' id='word_1_110' title='bbox 541 756 618 784; x_wconf 86' lang='lat' dir='ltr'><strong>erat,</strong></span> <span class='ocrx_word' id='word_1_111' title='bbox 637 751 711 779; x_wconf 86' lang='lat' dir='ltr'><strong>dicto</strong></span> <span class='ocrx_word' id='word_1_112' title='bbox 739 753 898 784; x_wconf 65' lang='lat' dir='ltr'><strong>abi-means.</strong></span> <span class='ocrx_word' id='word_1_113' title='bbox 925 761 973 788; x_wconf 88' lang='lat' dir='ltr'><strong>per</strong></span> 
     </span>
    </p>
   </div>
   <div class='ocr_carea' id='block_1_18' title="bbox 184 793 972 832">
    <p class='ocr_par' dir='ltr' id='par_1_18' title="bbox 184 793 972 832">
     <span class='ocr_line' id='line_1_18' title="bbox 184 793 972 832; baseline 0.006 -12"><span class='ocrx_word' id='word_1_114' title='bbox 184 793 294 821; x_wconf 86' lang='lat' dir='ltr'><strong>dolores</strong></span> <span class='ocrx_word' id='word_1_115' title='bbox 315 799 342 820; x_wconf 81' lang='lat' dir='ltr'><strong>et</strong></span> <span class='ocrx_word' id='word_1_116' title='bbox 359 794 512 822; x_wconf 77' lang='lat' dir='ltr'><strong>molestiam</strong></span> <span class='ocrx_word' id='word_1_117' title='bbox 538 796 626 830; x_wconf 87' lang='lat' dir='ltr'><strong>ipsum</strong></span> <span class='ocrx_word' id='word_1_118' title='bbox 648 797 682 823; x_wconf 91' lang='lat' dir='ltr'><strong>ad</strong></span> <span class='ocrx_word' id='word_1_119' title='bbox 711 797 838 832; x_wconf 82' lang='lat' dir='ltr'><strong>pietatem</strong></span> <span class='ocrx_word' id='word_1_120' title='bbox 860 805 972 826; x_wconf 71' lang='lat' dir='ltr'><strong>conver-</strong></span> 
     </span>
    </p>
   </div>
   <div class='ocr_carea' id='block_1_19' title="bbox 185 840 968 878">
    <p class='ocr_par' dir='ltr' id='par_1_19' title="bbox 185 840 968 878">
     <span class='ocr_line' id='line_1_19' title="bbox 185 840 968 878; baseline 0.006 -13"><span class='ocrx_word' id='word_1_121' title='bbox 185 840 227 870; x_wconf 88' lang='lat' dir='ltr'><strong>tit.</strong></span> <span class='ocrx_word' id='word_1_122' title='bbox 247 840 340 867; x_wconf 68' lang='lat' dir='ltr'><strong>dicens</strong></span> <span class='ocrx_word' id='word_1_123' title='bbox 353 841 402 874; x_wconf 86' lang='lat' dir='ltr'><strong>ipsi</strong></span> <span class='ocrx_word' id='word_1_124' title='bbox 420 841 444 856; x_wconf 80' lang='grc'><strong>⁸³</strong></span> <span class='ocrx_word' id='word_1_125' title='bbox 459 850 466 868; x_wconf 88' lang='lat'><strong>:</strong></span> <span class='ocrx_word' id='word_1_126' title='bbox 490 850 500 867; x_wconf 74' lang='grc' dir='ltr'><strong>ι</strong></span> <span class='ocrx_word' id='word_1_127' title='bbox 516 840 537 869; x_wconf 84' lang='lat'>0</span> <span class='ocrx_word' id='word_1_128' title='bbox 553 841 631 876; x_wconf 87' lang='lat' dir='ltr'><strong>plene</strong></span> <span class='ocrx_word' id='word_1_129' title='bbox 645 842 718 869; x_wconf 89' lang='lat' dir='ltr'><strong>omni</strong></span> <span class='ocrx_word' id='word_1_130' title='bbox 733 843 793 869; x_wconf 86' lang='lat' dir='ltr'><strong>dolo</strong></span> <span class='ocrx_word' id='word_1_131' title='bbox 804 847 831 870; x_wconf 88' lang='lat' dir='ltr'><strong>et</strong></span> <span class='ocrx_word' id='word_1_132' title='bbox 853 842 968 878; x_wconf 81' lang='lat' dir='ltr'><strong>fallacia,</strong></span> 
     </span>
    </p>
   </div>
   <div class='ocr_carea' id='block_1_20' title="bbox 1026 250 1812 287">
    <p class='ocr_par' dir='ltr' id='par_1_20' title="bbox 1026 250 1812 287">
     <span class='ocr_line' id='line_1_20' title="bbox 1026 250 1812 287; baseline 0.001 -9"><span class='ocrx_word' id='word_1_133' title='bbox 1026 250 1114 284; x_wconf 53' lang='grc' dir='ltr'>σεωςξ</span> <span class='ocrx_word' id='word_1_134' title='bbox 1135 252 1316 287; x_wconf 77' lang='grc' dir='ltr'>συμϐάλλεται</span> <span class='ocrx_word' id='word_1_135' title='bbox 1342 253 1445 285; x_wconf 79' lang='grc' dir='ltr'>αὐτοῖς,</span> <span class='ocrx_word' id='word_1_136' title='bbox 1471 252 1509 284; x_wconf 86' lang='grc' dir='ltr'><strong>ὡς</strong></span> <span class='ocrx_word' id='word_1_137' title='bbox 1533 251 1651 283; x_wconf 73' lang='grc' dir='ltr'>οἴονται,</span> <span class='ocrx_word' id='word_1_138' title='bbox 1667 252 1682 278; x_wconf 82' lang='grc' dir='ltr'>ὁ</span> <span class='ocrx_word' id='word_1_139' title='bbox 1705 251 1783 285; x_wconf 81' lang='grc' dir='ltr'>λόγος</span> <span class='ocrx_word' id='word_1_140' title='bbox 1798 253 1812 279; x_wconf 79' lang='grc' dir='ltr'><strong><em>ὁ</em></strong></span> 
     </span>
    </p>
   </div>
   <div class='ocr_carea' id='block_1_21' title="bbox 1024 295 1812 332">
    <p class='ocr_par' dir='ltr' id='par_1_21' title="bbox 1024 295 1812 332">
     <span class='ocr_line' id='line_1_21' title="bbox 1024 295 1812 332; baseline 0.001 -11"><span class='ocrx_word' id='word_1_141' title='bbox 1024 296 1094 322; x_wconf 72' lang='grc' dir='ltr'>κατὰ</span> <span class='ocrx_word' id='word_1_142' title='bbox 1109 295 1139 321; x_wconf 77' lang='grc' dir='ltr'>τὸ</span> <span class='ocrx_word' id='word_1_143' title='bbox 1159 297 1303 332; x_wconf 78' lang='grc' dir='ltr'>ἐνεστηκὸς</span> <span class='ocrx_word' id='word_1_144' title='bbox 1324 297 1524 332; x_wconf 75' lang='grc' dir='ltr'>ἐξεταζόμενος.</span> <span class='ocrx_word' id='word_1_145' title='bbox 1548 297 1643 332; x_wconf 79' lang='grc' dir='ltr'>Ἡμεῖς</span> <span class='ocrx_word' id='word_1_146' title='bbox 1664 296 1692 322; x_wconf 80' lang='grc' dir='ltr'>δὲ</span> <span class='ocrx_word' id='word_1_147' title='bbox 1713 296 1812 325; x_wconf 84' lang='grc' dir='ltr'>πολλα-</span> 
     </span>
    </p>
   </div>
   <div class='ocr_carea' id='block_1_22' title="bbox 1024 341 1813 377">
    <p class='ocr_par' dir='ltr' id='par_1_22' title="bbox 1024 341 1813 377">
     <span class='ocr_line' id='line_1_22' title="bbox 1024 341 1813 377; baseline 0 -9"><span class='ocrx_word' id='word_1_148' title='bbox 1024 341 1101 377; x_wconf 81' lang='grc' dir='ltr'>χόθεν</span> <span class='ocrx_word' id='word_1_149' title='bbox 1118 341 1282 377; x_wconf 83' lang='grc' dir='ltr'>πειθόμενοι.</span> <span class='ocrx_word' id='word_1_150' title='bbox 1300 343 1346 369; x_wconf 79' lang='grc' dir='ltr'>καὶ</span> <span class='ocrx_word' id='word_1_151' title='bbox 1367 342 1447 369; x_wconf 78' lang='grc' dir='ltr'>πόνον</span> <span class='ocrx_word' id='word_1_152' title='bbox 1470 342 1516 369; x_wconf 81' lang='grc' dir='ltr'>καὶ</span> <span class='ocrx_word' id='word_1_153' title='bbox 1532 341 1640 368; x_wconf 75' lang='grc' dir='ltr'>κόλασιν</span> <span class='ocrx_word' id='word_1_154' title='bbox 1653 342 1687 368; x_wconf 74' lang='grc' dir='ltr'><strong>τὰ</strong></span> <span class='ocrx_word' id='word_1_155' title='bbox 1708 350 1813 377; x_wconf 89' lang='grc' dir='ltr'>προσα-</span> 
     </span>
    </p>
   </div>
   <div class='ocr_carea' id='block_1_23' title="bbox 1023 387 1813 424">
    <p class='ocr_par' dir='ltr' id='par_1_23' title="bbox 1023 387 1813 424">
     <span class='ocr_line' id='line_1_23' title="bbox 1023 387 1813 424; baseline -0.001 -10"><span class='ocrx_word' id='word_1_156' title='bbox 1023 388 1126 423; x_wconf 84' lang='grc' dir='ltr'>γόμενα</span> <span class='ocrx_word' id='word_1_157' title='bbox 1150 388 1205 414; x_wconf 81' lang='grc' dir='ltr'>ἀπὸ</span> <span class='ocrx_word' id='word_1_158' title='bbox 1227 388 1273 414; x_wconf 84' lang='grc' dir='ltr'>τοῦ</span> <span class='ocrx_word' id='word_1_159' title='bbox 1290 388 1358 415; x_wconf 81' lang='grc' dir='ltr'>Θεοῦ</span> <span class='ocrx_word' id='word_1_160' title='bbox 1374 388 1520 424; x_wconf 78' lang='grc' dir='ltr'>νομίζομεν</span> <span class='ocrx_word' id='word_1_161' title='bbox 1536 387 1670 422; x_wconf 79' lang='grc' dir='ltr'><strong>γίνεσθαι¹</strong></span> <span class='ocrx_word' id='word_1_162' title='bbox 1686 387 1813 414; x_wconf 68' lang='grc' dir='ltr'>οὐδέποτε</span> 
     </span>
    </p>
   </div>
   <div class='ocr_carea' id='block_1_24' title="bbox 1024 432 1814 469">
    <p class='ocr_par' dir='ltr' id='par_1_24' title="bbox 1024 432 1814 469">
     <span class='ocr_line' id='line_1_24' title="bbox 1024 432 1814 469; baseline -0.001 -9"><span class='ocrx_word' id='word_1_163' title='bbox 1024 433 1094 460; x_wconf 85' lang='grc' dir='ltr'>κατὰ</span> <span class='ocrx_word' id='word_1_164' title='bbox 1109 433 1163 460; x_wconf 83' lang='grc' dir='ltr'>τῶν</span> <span class='ocrx_word' id='word_1_165' title='bbox 1187 434 1355 469; x_wconf 85' lang='grc' dir='ltr'>πασχόντων,</span> <span class='ocrx_word' id='word_1_166' title='bbox 1371 433 1427 461; x_wconf 81' lang='grc' dir='ltr'>ἀλλ’</span> <span class='ocrx_word' id='word_1_167' title='bbox 1442 434 1485 460; x_wconf 75' lang='grc' dir='ltr'><strong>ἀεὶ</strong></span> <span class='ocrx_word' id='word_1_168' title='bbox 1498 433 1567 468; x_wconf 81' lang='grc' dir='ltr'>ὑπὲρ</span> <span class='ocrx_word' id='word_1_169' title='bbox 1585 433 1684 460; x_wconf 75' lang='grc' dir='ltr'>αὐτῶν.</span> <span class='ocrx_word' id='word_1_170' title='bbox 1706 433 1761 459; x_wconf 80' lang='lat' dir='ltr'><strong>Kal.</strong></span> <span class='ocrx_word' id='word_1_171' title='bbox 1778 432 1814 460; x_wconf 77' lang='grc' dir='ltr'>τὰ</span> 
     </span>
    </p>
   </div>
   <div class='ocr_carea' id='block_1_25' title="bbox 1024 478 1814 514">
    <p class='ocr_par' dir='ltr' id='par_1_25' title="bbox 1024 478 1814 514">
     <span class='ocr_line' id='line_1_25' title="bbox 1024 478 1814 514; baseline -0.003 -8"><span class='ocrx_word' id='word_1_172' title='bbox 1024 479 1202 514; x_wconf 77' lang='grc' dir='ltr'>χαλεπώτατα</span> <span class='ocrx_word' id='word_1_173' title='bbox 1212 479 1277 514; x_wconf 81' lang='grc' dir='ltr'>γοῦν</span> <span class='ocrx_word' id='word_1_174' title='bbox 1289 479 1349 514; x_wconf 85' lang='grc' dir='ltr'><strong>Θεῷ</strong></span> <span class='ocrx_word' id='word_1_175' title='bbox 1361 479 1527 514; x_wconf 80' lang='grc' dir='ltr'><strong>νομιζόμενα</strong></span> <span class='ocrx_word' id='word_1_176' title='bbox 1542 478 1745 514; x_wconf 76' lang='grc' dir='ltr'><strong>προσάπτεσθαι</strong></span> <span class='ocrx_word' id='word_1_177' title='bbox 1759 478 1814 504; x_wconf 80' lang='grc' dir='ltr'><strong>τῶν</strong></span> 
     </span>
    </p>
   </div>
   <div class='ocr_carea' id='block_1_26' title="bbox 1023 524 1814 561">
    <p class='ocr_par' dir='ltr' id='par_1_26' title="bbox 1023 524 1814 561">
     <span class='ocr_line' id='line_1_26' title="bbox 1023 524 1814 561; baseline -0.003 -9"><span class='ocrx_word' id='word_1_178' title='bbox 1023 526 1171 561; x_wconf 80' lang='grc' dir='ltr'>ὀνομάτων,</span> <span class='ocrx_word' id='word_1_179' title='bbox 1198 525 1282 560; x_wconf 76' lang='grc' dir='ltr'>θυμὸς</span> <span class='ocrx_word' id='word_1_180' title='bbox 1298 526 1344 552; x_wconf 76' lang='grc' dir='ltr'><strong>καὶ</strong></span> <span class='ocrx_word' id='word_1_181' title='bbox 1362 526 1441 561; x_wconf 80' lang='grc' dir='ltr'>ὀργὴ,</span> <span class='ocrx_word' id='word_1_182' title='bbox 1466 526 1587 561; x_wconf 75' lang='grc' dir='ltr'>ἐλέγχειν</span> <span class='ocrx_word' id='word_1_183' title='bbox 1613 525 1659 551; x_wconf 55' lang='grc' dir='ltr'><strong>καὶ¹</strong></span> <span class='ocrx_word' id='word_1_184' title='bbox 1676 524 1814 551; x_wconf 75' lang='grc' dir='ltr'>παιδεύειν</span> 
     </span>
    </p>
   </div>
   <div class='ocr_carea' id='block_1_27' title="bbox 1023 569 1815 606">
    <p class='ocr_par' dir='ltr' id='par_1_27' title="bbox 1023 569 1815 606">
     <span class='ocr_line' id='line_1_27' title="bbox 1023 569 1815 606; baseline -0.001 -9"><span class='ocrx_word' id='word_1_185' title='bbox 1023 570 1130 605; x_wconf 81' lang='grc' dir='ltr'>λέγεται</span> <span class='ocrx_word' id='word_1_186' title='bbox 1159 572 1188 597; x_wconf 81' lang='grc' dir='ltr'><strong>ἐν</strong></span> <span class='ocrx_word' id='word_1_187' title='bbox 1218 571 1273 606; x_wconf 86' lang='grc' dir='ltr'><strong>τῷ·</strong></span> <span class='ocrx_word' id='word_1_188' title='bbox 1294 580 1303 597; x_wconf 77' lang='grc' dir='ltr'><strong>ι</strong></span> <span class='ocrx_word' id='word_1_189' title='bbox 1317 571 1413 606; x_wconf 86' lang='grc' dir='ltr'>Κύριε,</span> <span class='ocrx_word' id='word_1_190' title='bbox 1429 571 1465 606; x_wconf 84' lang='grc' dir='ltr'>μὴ</span> <span class='ocrx_word' id='word_1_191' title='bbox 1491 571 1530 606; x_wconf 85' lang='grc' dir='ltr'>τῷ</span> <span class='ocrx_word' id='word_1_192' title='bbox 1544 570 1622 606; x_wconf 82' lang='grc' dir='ltr'>θυμῷ</span> <span class='ocrx_word' id='word_1_193' title='bbox 1639 578 1685 596; x_wconf 89' lang='grc' dir='ltr'><strong>σου</strong></span> <span class='ocrx_word' id='word_1_194' title='bbox 1702 569 1815 605; x_wconf 77' lang='grc' dir='ltr'>ἐλέγξῃς</span> 
     </span>
    </p>
   </div>
   <div class='ocr_carea' id='block_1_28' title="bbox 1026 615 1815 653">
    <p class='ocr_par' dir='ltr' id='par_1_28' title="bbox 1026 615 1815 653">
     <span class='ocr_line' id='line_1_28' title="bbox 1026 615 1815 653; baseline -0.001 -10"><span class='ocrx_word' id='word_1_195' title='bbox 1026 625 1069 651; x_wconf 89' lang='grc' dir='ltr'><strong>με,</strong></span> <span class='ocrx_word' id='word_1_196' title='bbox 1093 616 1159 652; x_wconf 80' lang='grc' dir='ltr'>μηδὲ</span> <span class='ocrx_word' id='word_1_197' title='bbox 1175 618 1209 652; x_wconf 82' lang='grc' dir='ltr'><strong>τῇ</strong></span> <span class='ocrx_word' id='word_1_198' title='bbox 1234 617 1302 652; x_wconf 83' lang='grc' dir='ltr'>ὀργῇ</span> <span class='ocrx_word' id='word_1_199' title='bbox 1331 625 1378 643; x_wconf 89' lang='grc' dir='ltr'><strong>σου</strong></span> <span class='ocrx_word' id='word_1_200' title='bbox 1408 616 1555 653; x_wconf 81' lang='grc' dir='ltr'>παιδεύσῃς</span> <span class='ocrx_word' id='word_1_201' title='bbox 1573 625 1617 651; x_wconf 91' lang='grc' dir='ltr'><strong>με,</strong></span> <span class='ocrx_word' id='word_1_202' title='bbox 1634 626 1643 642; x_wconf 73' lang='grc' dir='ltr'><strong>ι</strong></span> <span class='ocrx_word' id='word_1_203' title='bbox 1663 615 1711 642; x_wconf 80' lang='grc' dir='ltr'><strong>τοῦ</strong></span> <span class='ocrx_word' id='word_1_204' title='bbox 1727 615 1815 643; x_wconf 75' lang='grc' dir='ltr'>ταῦτα</span> 
     </span>
    </p>
   </div>
   <div class='ocr_carea' id='block_1_29' title="bbox 1023 659 1816 697">
    <p class='ocr_par' dir='ltr' id='par_1_29' title="bbox 1023 659 1816 697">
     <span class='ocr_line' id='line_1_29' title="bbox 1023 659 1816 697; baseline -0.001 -10"><span class='ocrx_word' id='word_1_205' title='bbox 1023 662 1180 697; x_wconf 82' lang='grc' dir='ltr'>εὐχομένου,</span> <span class='ocrx_word' id='word_1_206' title='bbox 1205 661 1332 697; x_wconf 77' lang='grc' dir='ltr'>δεομένου</span> <span class='ocrx_word' id='word_1_207' title='bbox 1361 661 1398 697; x_wconf 85' lang='grc' dir='ltr'>μὴ</span> <span class='ocrx_word' id='word_1_208' title='bbox 1424 661 1552 696; x_wconf 79' lang='grc' dir='ltr'>δεηθῆναι</span> <span class='ocrx_word' id='word_1_209' title='bbox 1571 661 1683 696; x_wconf 81' lang='grc' dir='ltr'>ἐλέγχου</span> <span class='ocrx_word' id='word_1_210' title='bbox 1704 660 1750 686; x_wconf 79' lang='grc' dir='ltr'>τοῦ</span> <span class='ocrx_word' id='word_1_211' title='bbox 1769 659 1816 687; x_wconf 84' lang='grc' dir='ltr'><strong>διὰ</strong></span> 
     </span>
    </p>
   </div>
   <div class='ocr_carea' id='block_1_30' title="bbox 1024 705 1816 742">
    <p class='ocr_par' dir='ltr' id='par_1_30' title="bbox 1024 705 1816 742">
     <span class='ocr_line' id='line_1_30' title="bbox 1024 705 1816 742; baseline -0.001 -9"><span class='ocrx_word' id='word_1_212' title='bbox 1024 706 1110 741; x_wconf 82' lang='grc' dir='ltr'>θυμοῦ</span> <span class='ocrx_word' id='word_1_213' title='bbox 1126 707 1205 739; x_wconf 84' lang='grc' dir='ltr'>Θεοῦ,</span> <span class='ocrx_word' id='word_1_214' title='bbox 1222 707 1269 734; x_wconf 71' lang='grc' dir='ltr'>καὶ</span> <span class='ocrx_word' id='word_1_215' title='bbox 1286 706 1452 738; x_wconf 80' lang='grc' dir='ltr'>παιδεύσεως</span> <span class='ocrx_word' id='word_1_216' title='bbox 1466 706 1515 741; x_wconf 85' lang='grc' dir='ltr'>τῆς</span> <span class='ocrx_word' id='word_1_217' title='bbox 1534 705 1579 733; x_wconf 80' lang='grc' dir='ltr'>διὰ</span> <span class='ocrx_word' id='word_1_218' title='bbox 1593 706 1643 741; x_wconf 80' lang='grc' dir='ltr'>τῆς</span> <span class='ocrx_word' id='word_1_219' title='bbox 1664 706 1750 742; x_wconf 81' lang='grc' dir='ltr'>ὀργῆς</span> <span class='ocrx_word' id='word_1_220' title='bbox 1765 705 1816 732; x_wconf 86' lang='grc' dir='ltr'><strong>αὐ-</strong></span> 
     </span>
    </p>
   </div>
   <div class='ocr_carea' id='block_1_31' title="bbox 1023 750 1816 787">
    <p class='ocr_par' dir='ltr' id='par_1_31' title="bbox 1023 750 1816 787">
     <span class='ocr_line' id='line_1_31' title="bbox 1023 750 1816 787; baseline -0.003 -9"><span class='ocrx_word' id='word_1_221' title='bbox 1023 752 1081 784; x_wconf 82' lang='grc' dir='ltr'>τοῦ,</span> <span class='ocrx_word' id='word_1_222' title='bbox 1095 751 1132 784; x_wconf 82' lang='grc' dir='ltr'>ὡς</span> <span class='ocrx_word' id='word_1_223' title='bbox 1148 752 1229 779; x_wconf 83' lang='grc' dir='ltr'>τινῶν</span> <span class='ocrx_word' id='word_1_224' title='bbox 1245 751 1482 787; x_wconf 81' lang='grc' dir='ltr'>ἐλεγχθησομένων</span> <span class='ocrx_word' id='word_1_225' title='bbox 1507 751 1547 787; x_wconf 84' lang='grc' dir='ltr'>τῷ</span> <span class='ocrx_word' id='word_1_226' title='bbox 1580 751 1657 787; x_wconf 83' lang='grc' dir='ltr'>θυμῷ</span> <span class='ocrx_word' id='word_1_227' title='bbox 1670 751 1716 779; x_wconf 72' lang='grc' dir='ltr'>τοῦ</span> <span class='ocrx_word' id='word_1_228' title='bbox 1734 750 1816 784; x_wconf 77' lang='grc' dir='ltr'>Θεοῦ,</span> 
     </span>
    </p>
   </div>
   <div class='ocr_carea' id='block_1_32' title="bbox 1024 795 1817 832">
    <p class='ocr_par' dir='ltr' id='par_1_32' title="bbox 1024 795 1817 832">
     <span class='ocr_line' id='line_1_32' title="bbox 1024 795 1817 832; baseline 0 -9"><span class='ocrx_word' id='word_1_229' title='bbox 1024 797 1071 823; x_wconf 72' lang='grc' dir='ltr'>καὶ</span> <span class='ocrx_word' id='word_1_230' title='bbox 1084 797 1339 832; x_wconf 84' lang='grc' dir='ltr'>παιδευθησομένων</span> <span class='ocrx_word' id='word_1_231' title='bbox 1359 797 1392 832; x_wconf 80' lang='grc' dir='ltr'><strong>τῇ</strong></span> <span class='ocrx_word' id='word_1_232' title='bbox 1405 797 1473 832; x_wconf 80' lang='grc' dir='ltr'>ὀργῇ</span> <span class='ocrx_word' id='word_1_233' title='bbox 1489 796 1582 823; x_wconf 78' lang='grc' dir='ltr'>αὑτοῦ.</span> <span class='ocrx_word' id='word_1_234' title='bbox 1599 797 1658 823; x_wconf 81' lang='grc' dir='ltr'>Ἵνα</span> <span class='ocrx_word' id='word_1_235' title='bbox 1671 797 1700 823; x_wconf 86' lang='grc' dir='ltr'>δὲ</span> <span class='ocrx_word' id='word_1_236' title='bbox 1715 795 1817 832; x_wconf 58' lang='grc' dir='ltr'>μᾶλλον</span> 
     </span>
    </p>
   </div>
   <div class='ocr_carea' id='block_1_33' title="bbox 1024 841 1817 879">
    <p class='ocr_par' dir='ltr' id='par_1_33' title="bbox 1024 841 1817 879">
     <span class='ocr_line' id='line_1_33' title="bbox 1024 841 1817 879; baseline 0 -11"><span class='ocrx_word' id='word_1_237' title='bbox 1024 842 1200 879; x_wconf 68' lang='grc' dir='ltr'>προσθώμεθα</span> <span class='ocrx_word' id='word_1_238' title='bbox 1223 842 1257 869; x_wconf 81' lang='grc' dir='ltr'><strong>τὰ</strong></span> <span class='ocrx_word' id='word_1_239' title='bbox 1279 842 1424 878; x_wconf 86' lang='grc' dir='ltr'>λεγόμενα,</span> <span class='ocrx_word' id='word_1_240' title='bbox 1440 842 1487 869; x_wconf 77' lang='grc' dir='ltr'>καὶ</span> <span class='ocrx_word' id='word_1_241' title='bbox 1502 841 1557 869; x_wconf 73' lang='grc' dir='ltr'><strong>ἀπὸ</strong></span> <span class='ocrx_word' id='word_1_242' title='bbox 1571 843 1618 878; x_wconf 83' lang='grc' dir='ltr'>τῆς</span> <span class='ocrx_word' id='word_1_243' title='bbox 1629 842 1731 878; x_wconf 82' lang='grc' dir='ltr'>Καινῆς</span> <span class='ocrx_word' id='word_1_244' title='bbox 1752 843 1817 868; x_wconf 86' lang='grc' dir='ltr'>Δια-</span> 
     </span>
    </p>
   </div>
   <div class='ocr_carea' id='block_1_34' title="bbox 185 885 972 924">
    <p class='ocr_par' dir='ltr' id='par_1_34' title="bbox 185 885 970 924">
     <span class='ocr_line' id='line_1_34' title="bbox 185 885 970 924; baseline 0.006 -12"><span class='ocrx_word' id='word_1_245' title='bbox 185 885 222 912; x_wconf 83' lang='lat' dir='ltr'><strong>ﬁli</strong></span> <span class='ocrx_word' id='word_1_246' title='bbox 242 886 355 918; x_wconf 84' lang='lat' dir='ltr'><strong>diaboli,</strong></span> <span class='ocrx_word' id='word_1_247' title='bbox 371 887 461 914; x_wconf 88' lang='lat' dir='ltr'><strong>hostis</strong></span> <span class='ocrx_word' id='word_1_248' title='bbox 476 888 565 915; x_wconf 83' lang='lat' dir='ltr'><strong>omnis</strong></span> <span class='ocrx_word' id='word_1_249' title='bbox 575 887 702 922; x_wconf 64' lang='lat' dir='ltr'><strong>iustitiae,</strong></span> <span class='ocrx_word' id='word_1_250' title='bbox 717 897 770 916; x_wconf 89' lang='lat' dir='ltr'><strong>nou</strong></span> <span class='ocrx_word' id='word_1_251' title='bbox 784 889 893 917; x_wconf 85' lang='lat' dir='ltr'><strong>desines</strong></span> <span class='ocrx_word' id='word_1_252' title='bbox 910 897 970 924; x_wconf 91' lang='lat' dir='ltr'><strong>per-</strong></span> 
     </span>
    </p>
   </div>
   <div class='ocr_carea' id='block_1_35' title="bbox 1038 885 1818 924">
    <p class='ocr_par' dir='ltr' id='par_1_35' title="bbox 1038 887 1818 924">
     <span class='ocr_line' id='line_1_35' title="bbox 1038 887 1818 924; baseline -0.001 -9"><span class='ocrx_word' id='word_1_253' title='bbox 1038 889 1108 924; x_wconf 86' lang='grc' dir='ltr'>ήκης</span> <span class='ocrx_word' id='word_1_254' title='bbox 1126 888 1327 924; x_wconf 80' lang='grc' dir='ltr'>παραπλησίοις</span> <span class='ocrx_word' id='word_1_255' title='bbox 1345 890 1436 924; x_wconf 76' lang='grc' dir='ltr'>ῥητοῖς</span> <span class='ocrx_word' id='word_1_256' title='bbox 1451 888 1582 924; x_wconf 74' lang='grc' dir='ltr'>χρηστέον</span> <span class='ocrx_word' id='word_1_257' title='bbox 1593 908 1600 920; x_wconf 86' lang='grc'><strong>,</strong></span> <span class='ocrx_word' id='word_1_258' title='bbox 1622 887 1669 914; x_wconf 84' lang='grc' dir='ltr'>τοῦ</span> <span class='ocrx_word' id='word_1_259' title='bbox 1687 888 1736 923; x_wconf 82' lang='grc' dir='ltr'>μὲν</span> <span class='ocrx_word' id='word_1_260' title='bbox 1756 889 1818 914; x_wconf 86' lang='grc' dir='ltr'><strong>Σω-</strong></span> 
     </span>
    </p>
   </div>
   <div class='ocr_carea' id='block_1_36' title="bbox 184 933 974 964">
    <p class='ocr_par' dir='ltr' id='par_1_36' title="bbox 184 933 974 964">
     <span class='ocr_line' id='line_1_36' title="bbox 184 933 974 964; baseline 0.009 -7"><span class='ocrx_word' id='word_1_261' title='bbox 184 936 296 959; x_wconf 80' lang='lat' dir='ltr'><strong>vertens</strong></span> <span class='ocrx_word' id='word_1_262' title='bbox 327 933 384 960; x_wconf 85' lang='lat' dir='ltr'><strong>vias</strong></span> <span class='ocrx_word' id='word_1_263' title='bbox 413 933 521 960; x_wconf 91' lang='lat' dir='ltr'><strong>Domini</strong></span> <span class='ocrx_word' id='word_1_264' title='bbox 547 935 657 962; x_wconf 80' lang='lat' dir='ltr'><strong>rectas?</strong></span> <span class='ocrx_word' id='word_1_265' title='bbox 675 939 703 962; x_wconf 86' lang='lat' dir='ltr'><strong>et</strong></span> <span class='ocrx_word' id='word_1_266' title='bbox 727 943 797 962; x_wconf 91' lang='lat' dir='ltr'><strong>nunc</strong></span> <span class='ocrx_word' id='word_1_267' title='bbox 814 936 868 963; x_wconf 88' lang='lat' dir='ltr'><strong>eris</strong></span> <span class='ocrx_word' id='word_1_268' title='bbox 886 943 974 964; x_wconf 67' lang='lat' dir='ltr'><strong>cmcus</strong></span> 
     </span>
    </p>
   </div>
   <div class='ocr_carea' id='block_1_37' title="bbox 186 977 973 1015">
    <p class='ocr_par' dir='ltr' id='par_1_37' title="bbox 186 977 973 1015">
     <span class='ocr_line' id='line_1_37' title="bbox 186 977 973 1015; baseline 0.005 -11"><span class='ocrx_word' id='word_1_269' title='bbox 186 984 239 1004; x_wconf 80' lang='lat' dir='ltr'><strong>non</strong></span> <span class='ocrx_word' id='word_1_270' title='bbox 263 977 357 1005; x_wconf 87' lang='lat' dir='ltr'><strong>videns</strong></span> <span class='ocrx_word' id='word_1_271' title='bbox 382 979 466 1006; x_wconf 86' lang='lat' dir='ltr'><strong>solem</strong></span> <span class='ocrx_word' id='word_1_272' title='bbox 490 986 577 1014; x_wconf 86' lang='lat' dir='ltr'><strong>usque</strong></span> <span class='ocrx_word' id='word_1_273' title='bbox 600 980 634 1006; x_wconf 87' lang='lat' dir='ltr'><strong>ad</strong></span> <span class='ocrx_word' id='word_1_274' title='bbox 657 985 773 1015; x_wconf 87' lang='lat' dir='ltr'><strong>tempus.</strong></span> <span class='ocrx_word' id='word_1_275' title='bbox 793 990 802 1007; x_wconf 74' lang='grc' dir='ltr'><strong>ι</strong></span> <span class='ocrx_word' id='word_1_276' title='bbox 832 981 973 1014; x_wconf 83' lang='lat' dir='ltr'><strong>Quodnam</strong></span> 
     </span>
    </p>
   </div>
   <div class='ocr_carea' id='block_1_38' title="bbox 186 1023 975 1060">
    <p class='ocr_par' dir='ltr' id='par_1_38' title="bbox 186 1023 975 1060">
     <span class='ocr_line' id='line_1_38' title="bbox 186 1023 975 1060; baseline 0.006 -11"><span class='ocrx_word' id='word_1_277' title='bbox 186 1024 314 1058; x_wconf 80' lang='lat' dir='ltr'><strong>tempus?</strong></span> <span class='ocrx_word' id='word_1_278' title='bbox 327 1023 368 1050; x_wconf 78' lang='lat' dir='ltr'><strong>An</strong></span> <span class='ocrx_word' id='word_1_279' title='bbox 384 1032 444 1051; x_wconf 89' lang='lat' dir='ltr'><strong>cum</strong></span> <span class='ocrx_word' id='word_1_280' title='bbox 457 1029 567 1059; x_wconf 87' lang='lat' dir='ltr'><strong>propter</strong></span> <span class='ocrx_word' id='word_1_281' title='bbox 579 1030 688 1060; x_wconf 80' lang='lat' dir='ltr'><strong>peccata</strong></span> <span class='ocrx_word' id='word_1_282' title='bbox 706 1031 847 1054; x_wconf 89' lang='lat' dir='ltr'><strong>correctus</strong></span> <span class='ocrx_word' id='word_1_283' title='bbox 859 1048 866 1060; x_wconf 86' lang='lat'><strong>,</strong></span> <span class='ocrx_word' id='word_1_284' title='bbox 884 1032 975 1055; x_wconf 89' lang='lat' dir='ltr'><strong>motus</strong></span> 
     </span>
    </p>
   </div>
   <div class='ocr_carea' id='block_1_39' title="bbox 182 1068 974 1106">
    <p class='ocr_par' dir='ltr' id='par_1_39' title="bbox 182 1068 974 1106">
     <span class='ocr_line' id='line_1_39' title="bbox 182 1068 974 1106; baseline 0.008 -12"><span class='ocrx_word' id='word_1_285' title='bbox 182 1068 345 1102; x_wconf 76' lang='lat' dir='ltr'><strong>ptenitentia</strong></span> <span class='ocrx_word' id='word_1_286' title='bbox 362 1069 461 1104; x_wconf 75' lang='lat' dir='ltr'><strong>dignus</strong></span> <span class='ocrx_word' id='word_1_287' title='bbox 477 1074 536 1097; x_wconf 86' lang='lat' dir='ltr'><strong>erat</strong></span> <span class='ocrx_word' id='word_1_288' title='bbox 551 1069 672 1103; x_wconf 82' lang='lat' dir='ltr'><strong>futurus,</strong></span> <span class='ocrx_word' id='word_1_289' title='bbox 698 1072 744 1106; x_wconf 89' lang='lat' dir='ltr'><strong>qui</strong></span> <span class='ocrx_word' id='word_1_290' title='bbox 769 1073 853 1100; x_wconf 81' lang='lat' dir='ltr'><strong>solem</strong></span> <span class='ocrx_word' id='word_1_291' title='bbox 869 1072 974 1100; x_wconf 84' lang='lat' dir='ltr'><strong>videret</strong></span> 
     </span>
    </p>
   </div>
   <div class='ocr_carea' id='block_1_40' title="bbox 183 1114 973 1150">
    <p class='ocr_par' dir='ltr' id='par_1_40' title="bbox 183 1114 973 1150">
     <span class='ocr_line' id='line_1_40' title="bbox 183 1114 973 1150; baseline 0.006 -10"><span class='ocrx_word' id='word_1_292' title='bbox 183 1114 276 1141; x_wconf 78' lang='lat' dir='ltr'><strong>animo</strong></span> <span class='ocrx_word' id='word_1_293' title='bbox 292 1119 319 1141; x_wconf 86' lang='lat' dir='ltr'><strong>et</strong></span> <span class='ocrx_word' id='word_1_294' title='bbox 332 1123 456 1150; x_wconf 84' lang='lat' dir='ltr'><strong>corpore,</strong></span> <span class='ocrx_word' id='word_1_295' title='bbox 475 1120 504 1142; x_wconf 91' lang='lat' dir='ltr'><strong>ut</strong></span> <span class='ocrx_word' id='word_1_296' title='bbox 519 1117 709 1144; x_wconf 86' lang='lat' dir='ltr'><strong>enuntiaretur</strong></span> <span class='ocrx_word' id='word_1_297' title='bbox 725 1117 818 1145; x_wconf 85' lang='lat' dir='ltr'><strong>divina</strong></span> <span class='ocrx_word' id='word_1_298' title='bbox 839 1118 927 1145; x_wconf 82' lang='lat' dir='ltr'><strong>virtus</strong></span> <span class='ocrx_word' id='word_1_299' title='bbox 947 1118 973 1145; x_wconf 95' lang='lat' dir='ltr'><strong>in</strong></span> 
     </span>
    </p>
   </div>
   <div class='ocr_carea' id='block_1_41' title="bbox 183 1161 974 1198">
    <p class='ocr_par' dir='ltr' id='par_1_41' title="bbox 183 1161 974 1198">
     <span class='ocr_line' id='line_1_41' title="bbox 183 1161 974 1198; baseline 0.003 -10"><span class='ocrx_word' id='word_1_300' title='bbox 183 1161 354 1188; x_wconf 87' lang='lat' dir='ltr'><strong>restitutione</strong></span> <span class='ocrx_word' id='word_1_301' title='bbox 376 1161 452 1188; x_wconf 86' lang='lat' dir='ltr'><strong>visus</strong></span> <span class='ocrx_word' id='word_1_302' title='bbox 475 1161 575 1196; x_wconf 86' lang='lat' dir='ltr'><strong>ipsius;</strong></span> <span class='ocrx_word' id='word_1_303' title='bbox 597 1167 625 1190; x_wconf 85' lang='lat' dir='ltr'><strong>et</strong></span> <span class='ocrx_word' id='word_1_304' title='bbox 643 1163 746 1198; x_wconf 84' lang='lat' dir='ltr'><strong>animo,</strong></span> <span class='ocrx_word' id='word_1_305' title='bbox 768 1163 831 1198; x_wconf 82' lang='lat' dir='ltr'><strong>quia</strong></span> <span class='ocrx_word' id='word_1_306' title='bbox 851 1163 903 1191; x_wconf 79' lang='lat' dir='ltr'><strong>[ide</strong></span> <span class='ocrx_word' id='word_1_307' title='bbox 915 1170 974 1190; x_wconf 74' lang='lat' dir='ltr'><strong>sus~</strong></span> 
     </span>
    </p>
   </div>
   <div class='ocr_carea' id='block_1_42' title="bbox 185 1207 974 1243">
    <p class='ocr_par' dir='ltr' id='par_1_42' title="bbox 185 1207 974 1243">
     <span class='ocr_line' id='line_1_42' title="bbox 185 1207 974 1243; baseline 0.003 -9"><span class='ocrx_word' id='word_1_308' title='bbox 185 1212 276 1242; x_wconf 86' lang='lat' dir='ltr'><strong>cepta,</strong></span> <span class='ocrx_word' id='word_1_309' title='bbox 303 1207 351 1235; x_wconf 88' lang='lat' dir='ltr'><strong>Dei</strong></span> <span class='ocrx_word' id='word_1_310' title='bbox 367 1207 470 1235; x_wconf 90' lang='lat' dir='ltr'><strong>cultum</strong></span> <span class='ocrx_word' id='word_1_311' title='bbox 487 1213 547 1235; x_wconf 87' lang='lat' dir='ltr'><strong>erat</strong></span> <span class='ocrx_word' id='word_1_312' title='bbox 566 1209 734 1243; x_wconf 82' lang='lat' dir='ltr'><strong>adepturus?</strong></span> <span class='ocrx_word' id='word_1_313' title='bbox 757 1208 811 1236; x_wconf 89' lang='lat' dir='ltr'><strong>Sed</strong></span> <span class='ocrx_word' id='word_1_314' title='bbox 833 1214 861 1236; x_wconf 88' lang='lat' dir='ltr'><strong>et</strong></span> <span class='ocrx_word' id='word_1_315' title='bbox 876 1208 974 1237; x_wconf 88' lang='lat' dir='ltr'><strong>Demas</strong></span> 
     </span>
    </p>
   </div>
   <div class='ocr_carea' id='block_1_43' title="bbox 183 1253 974 1288">
    <p class='ocr_par' dir='ltr' id='par_1_43' title="bbox 183 1253 974 1288">
     <span class='ocr_line' id='line_1_43' title="bbox 183 1253 974 1288; baseline 0.001 -7"><span class='ocrx_word' id='word_1_316' title='bbox 183 1258 210 1281; x_wconf 85' lang='lat' dir='ltr'><strong>ct</strong></span> <span class='ocrx_word' id='word_1_317' title='bbox 224 1253 419 1288; x_wconf 76' lang='lat' dir='ltr'><strong>Hermogenes,</strong></span> <span class='ocrx_word' id='word_1_318' title='bbox 442 1261 510 1287; x_wconf 89' lang='lat' dir='ltr'><strong>quos</strong></span> <span class='ocrx_word' id='word_1_319' title='bbox 528 1253 638 1281; x_wconf 79' lang='lat' dir='ltr'><strong>tradidit</strong></span> <span class='ocrx_word' id='word_1_320' title='bbox 659 1253 769 1281; x_wconf 83' lang='lat' dir='ltr'><strong>Satanae</strong></span> <span class='ocrx_word' id='word_1_321' title='bbox 788 1259 815 1281; x_wconf 86' lang='lat' dir='ltr'><strong>ut</strong></span> <span class='ocrx_word' id='word_1_322' title='bbox 838 1254 974 1282; x_wconf 85' lang='lat' dir='ltr'><strong>discerent</strong></span> 
     </span>
    </p>
   </div>
   <div class='ocr_carea' id='block_1_44' title="bbox 184 1298 973 1334">
    <p class='ocr_par' dir='ltr' id='par_1_44' title="bbox 184 1298 973 1334">
     <span class='ocr_line' id='line_1_44' title="bbox 184 1298 973 1334; baseline 0.001 -8"><span class='ocrx_word' id='word_1_323' title='bbox 184 1306 238 1326; x_wconf 82' lang='lat' dir='ltr'><strong>nou</strong></span> <span class='ocrx_word' id='word_1_324' title='bbox 255 1298 430 1331; x_wconf 84' lang='lat' dir='ltr'><strong>maledicere,</strong></span> <span class='ocrx_word' id='word_1_325' title='bbox 447 1298 536 1326; x_wconf 87' lang='lat' dir='ltr'><strong>simile</strong></span> <span class='ocrx_word' id='word_1_326' title='bbox 552 1299 617 1333; x_wconf 88' lang='lat' dir='ltr'><strong>quid</strong></span> <span class='ocrx_word' id='word_1_327' title='bbox 633 1299 686 1326; x_wconf 90' lang='lat' dir='ltr'><strong>illis</strong></span> <span class='ocrx_word' id='word_1_328' title='bbox 699 1299 771 1334; x_wconf 87' lang='lat' dir='ltr'><strong>passi</strong></span> <span class='ocrx_word' id='word_1_329' title='bbox 788 1303 851 1326; x_wconf 85' lang='lat' dir='ltr'><strong>sunt</strong></span> <span class='ocrx_word' id='word_1_330' title='bbox 864 1309 872 1327; x_wconf 83' lang='lat'><strong>:</strong></span> <span class='ocrx_word' id='word_1_331' title='bbox 886 1304 914 1328; x_wconf 80' lang='lat' dir='ltr'><strong>et</strong></span> <span class='ocrx_word' id='word_1_332' title='bbox 929 1299 973 1334; x_wconf 89' lang='lat' dir='ltr'><strong>qui</strong></span> 
     </span>
    </p>
   </div>
   <div class='ocr_carea' id='block_1_45' title="bbox 184 1343 973 1379">
    <p class='ocr_par' dir='ltr' id='par_1_45' title="bbox 184 1343 973 1379">
     <span class='ocr_line' id='line_1_45' title="bbox 184 1343 973 1379; baseline 0.001 -8"><span class='ocrx_word' id='word_1_333' title='bbox 184 1343 309 1371; x_wconf 82' lang='lat' dir='ltr'><strong>Corinthi</strong></span> <span class='ocrx_word' id='word_1_334' title='bbox 327 1343 411 1378; x_wconf 83' lang='lat' dir='ltr'><strong>patris</strong></span> <span class='ocrx_word' id='word_1_335' title='bbox 428 1351 540 1370; x_wconf 84' lang='lat' dir='ltr'><strong>uxorem</strong></span> <span class='ocrx_word' id='word_1_336' title='bbox 557 1343 699 1377; x_wconf 85' lang='lat' dir='ltr'><strong>habuerat,</strong></span> <span class='ocrx_word' id='word_1_337' title='bbox 716 1343 832 1371; x_wconf 87' lang='lat' dir='ltr'><strong>traditur</strong></span> <span class='ocrx_word' id='word_1_338' title='bbox 848 1344 906 1379; x_wconf 85' lang='lat' dir='ltr'><strong>ipse</strong></span> <span class='ocrx_word' id='word_1_339' title='bbox 920 1344 973 1372; x_wconf 76' lang='lat' dir='ltr'><strong>Sa-</strong></span> 
     </span>
    </p>
   </div>
   <div class='ocr_carea' id='block_1_46' title="bbox 184 1388 974 1424">
    <p class='ocr_par' dir='ltr' id='par_1_46' title="bbox 184 1388 974 1424">
     <span class='ocr_line' id='line_1_46' title="bbox 184 1388 974 1424; baseline 0.003 -8"><span class='ocrx_word' id='word_1_340' title='bbox 184 1393 254 1416; x_wconf 61' lang='lat' dir='ltr'><strong>tanae</strong></span> <span class='ocrx_word' id='word_1_341' title='bbox 271 1389 297 1416; x_wconf 92' lang='lat' dir='ltr'><strong>in</strong></span> <span class='ocrx_word' id='word_1_342' title='bbox 318 1388 466 1423; x_wconf 85' lang='lat' dir='ltr'><strong>perniciem</strong></span> <span class='ocrx_word' id='word_1_343' title='bbox 484 1389 587 1423; x_wconf 81' lang='lat' dir='ltr'><strong>carnis,</strong></span> <span class='ocrx_word' id='word_1_344' title='bbox 602 1393 632 1416; x_wconf 93' lang='lat' dir='ltr'><strong>ut</strong></span> <span class='ocrx_word' id='word_1_345' title='bbox 645 1390 759 1424; x_wconf 83' lang='lat' dir='ltr'><strong>spiritus</strong></span> <span class='ocrx_word' id='word_1_346' title='bbox 776 1396 933 1418; x_wconf 85' lang='lat' dir='ltr'><strong>servaretur</strong></span> <span class='ocrx_word' id='word_1_347' title='bbox 946 1390 974 1418; x_wconf 93' lang='lat' dir='ltr'><strong>iu</strong></span> 
     </span>
    </p>
   </div>
   <div class='ocr_carea' id='block_1_47' title="bbox 184 1434 972 1471">
    <p class='ocr_par' dir='ltr' id='par_1_47' title="bbox 184 1434 972 1471">
     <span class='ocr_line' id='line_1_47' title="bbox 184 1434 972 1471; baseline 0.003 -9"><span class='ocrx_word' id='word_1_348' title='bbox 184 1435 229 1463; x_wconf 92' lang='lat' dir='ltr'><strong>die</strong></span> <span class='ocrx_word' id='word_1_349' title='bbox 244 1435 361 1464; x_wconf 89' lang='lat' dir='ltr'><strong>Domini.</strong></span> <span class='ocrx_word' id='word_1_350' title='bbox 374 1434 433 1463; x_wconf 83' lang='lat' dir='ltr'><strong>Non</strong></span> <span class='ocrx_word' id='word_1_351' title='bbox 445 1440 488 1463; x_wconf 85' lang='lat' dir='ltr'><strong>est</strong></span> <span class='ocrx_word' id='word_1_352' title='bbox 503 1435 585 1471; x_wconf 80' lang='lat' dir='ltr'><strong>igitur</strong></span> <span class='ocrx_word' id='word_1_353' title='bbox 600 1437 698 1464; x_wconf 87' lang='lat' dir='ltr'><strong>mirum</strong></span> <span class='ocrx_word' id='word_1_354' title='bbox 715 1437 737 1464; x_wconf 92' lang='lat' dir='ltr'><strong>si</strong></span> <span class='ocrx_word' id='word_1_355' title='bbox 754 1437 844 1464; x_wconf 89' lang='lat' dir='ltr'><strong>omnia</strong></span> <span class='ocrx_word' id='word_1_356' title='bbox 859 1437 885 1464; x_wconf 91' lang='lat' dir='ltr'><strong>in</strong></span> <span class='ocrx_word' id='word_1_357' title='bbox 901 1436 972 1464; x_wconf 79' lang='lat' dir='ltr'><strong>Phl-</strong></span> 
     </span>
    </p>
   </div>
   <div class='ocr_carea' id='block_1_48' title="bbox 185 1482 973 1517">
    <p class='ocr_par' dir='ltr' id='par_1_48' title="bbox 185 1482 973 1517">
     <span class='ocr_line' id='line_1_48' title="bbox 185 1482 973 1517; baseline 0.001 -8"><span class='ocrx_word' id='word_1_358' title='bbox 185 1490 268 1510; x_wconf 82' lang='lat' dir='ltr'><strong>raone</strong></span> <span class='ocrx_word' id='word_1_359' title='bbox 288 1482 424 1514; x_wconf 82' lang='lat' dir='ltr'><strong>indurato,</strong></span> <span class='ocrx_word' id='word_1_360' title='bbox 439 1487 466 1509; x_wconf 87' lang='lat' dir='ltr'><strong>et</strong></span> <span class='ocrx_word' id='word_1_361' title='bbox 487 1486 525 1510; x_wconf 89' lang='lat' dir='ltr'><strong>tot</strong></span> <span class='ocrx_word' id='word_1_362' title='bbox 547 1483 666 1517; x_wconf 85' lang='lat' dir='ltr'><strong>denique</strong></span> <span class='ocrx_word' id='word_1_363' title='bbox 683 1483 770 1517; x_wconf 81' lang='lat' dir='ltr'><strong>poenis</strong></span> <span class='ocrx_word' id='word_1_364' title='bbox 792 1482 973 1510; x_wconf 84' lang='lat' dir='ltr'><strong>circumsesso</strong></span> 
     </span>
    </p>
   </div>
   <div class='ocr_carea' id='block_1_49' title="bbox 185 1527 972 1565">
    <p class='ocr_par' dir='ltr' id='par_1_49' title="bbox 185 1527 972 1565">
     <span class='ocr_line' id='line_1_49' title="bbox 185 1527 972 1565; baseline 0.001 -11"><span class='ocrx_word' id='word_1_365' title='bbox 185 1528 276 1555; x_wconf 84' lang='lat' dir='ltr'><strong>divina</strong></span> <span class='ocrx_word' id='word_1_366' title='bbox 306 1529 475 1565; x_wconf 77' lang='lat' dir='ltr'><strong>benignitate</strong></span> <span class='ocrx_word' id='word_1_367' title='bbox 497 1528 735 1556; x_wconf 83' lang='lat' dir='ltr'><strong>administrantur.</strong></span> <span class='ocrx_word' id='word_1_368' title='bbox 755 1527 818 1555; x_wconf 62' lang='lat' dir='ltr'><strong>Haec</strong></span> <span class='ocrx_word' id='word_1_369' title='bbox 839 1532 930 1555; x_wconf 88' lang='lat' dir='ltr'><strong>autem</strong></span> <span class='ocrx_word' id='word_1_370' title='bbox 945 1528 972 1555; x_wconf 91' lang='lat' dir='ltr'><strong>in</strong></span> 
     </span>
    </p>
   </div>
   <div class='ocr_carea' id='block_1_50' title="bbox 1024 932 1817 970">
    <p class='ocr_par' dir='ltr' id='par_1_50' title="bbox 1024 932 1817 970">
     <span class='ocr_line' id='line_1_50' title="bbox 1024 932 1817 970; baseline 0 -9"><span class='ocrx_word' id='word_1_371' title='bbox 1024 934 1108 970; x_wconf 80' lang='grc' dir='ltr'>τῆρος</span> <span class='ocrx_word' id='word_1_372' title='bbox 1124 934 1264 968; x_wconf 85' lang='grc' dir='ltr'>λέγοντος·</span> <span class='ocrx_word' id='word_1_373' title='bbox 1284 944 1292 960; x_wconf 82' lang='grc' dir='ltr'><strong>ι</strong></span> <span class='ocrx_word' id='word_1_374' title='bbox 1315 934 1373 970; x_wconf 83' lang='grc' dir='ltr'>Πῦρ</span> <span class='ocrx_word' id='word_1_375' title='bbox 1392 932 1472 969; x_wconf 87' lang='grc' dir='ltr'>ἦλθον</span> <span class='ocrx_word' id='word_1_376' title='bbox 1495 933 1585 969; x_wconf 81' lang='grc' dir='ltr'>βαλεῖν</span> <span class='ocrx_word' id='word_1_377' title='bbox 1607 933 1654 960; x_wconf 63' lang='grc' dir='ltr'>ἐπὶ</span> <span class='ocrx_word' id='word_1_378' title='bbox 1677 935 1727 969; x_wconf 77' lang='grc' dir='ltr'>τὴν</span> <span class='ocrx_word' id='word_1_379' title='bbox 1751 934 1817 970; x_wconf 84' lang='grc' dir='ltr'>γῆν,</span> 
     </span>
    </p>
   </div>
   <div class='ocr_carea' id='block_1_51' title="bbox 1025 979 1818 1016">
    <p class='ocr_par' dir='ltr' id='par_1_51' title="bbox 1025 979 1818 1016">
     <span class='ocr_line' id='line_1_51' title="bbox 1025 979 1818 1016; baseline 0 -10"><span class='ocrx_word' id='word_1_380' title='bbox 1025 981 1071 1007; x_wconf 74' lang='grc' dir='ltr'>καὶ</span> <span class='ocrx_word' id='word_1_381' title='bbox 1086 980 1141 1007; x_wconf 74' lang='grc' dir='ltr'>εἴθε</span> <span class='ocrx_word' id='word_1_382' title='bbox 1160 980 1189 1007; x_wconf 82' lang='grc' dir='ltr'>δὲ</span> <span class='ocrx_word' id='word_1_383' title='bbox 1208 980 1276 1015; x_wconf 82' lang='grc' dir='ltr'>ἐκάη</span> <span class='ocrx_word' id='word_1_384' title='bbox 1301 980 1369 1015; x_wconf 80' lang='grc'><strong>(55)”</strong></span> <span class='ocrx_word' id='word_1_385' title='bbox 1383 990 1392 1005; x_wconf 74' lang='grc' dir='ltr'><strong>ι</strong></span> <span class='ocrx_word' id='word_1_386' title='bbox 1421 980 1472 1006; x_wconf 86' lang='grc' dir='ltr'>οὐκ</span> <span class='ocrx_word' id='word_1_387' title='bbox 1499 979 1531 1006; x_wconf 81' lang='grc' dir='ltr'>ἃν</span> <span class='ocrx_word' id='word_1_388' title='bbox 1551 979 1606 1016; x_wconf 84' lang='grc' dir='ltr'><strong>γὰρ</strong></span> <span class='ocrx_word' id='word_1_389' title='bbox 1627 980 1664 1016; x_wconf 86' lang='grc' dir='ltr'>μὴ</span> <span class='ocrx_word' id='word_1_390' title='bbox 1681 980 1818 1016; x_wconf 71' lang='grc' dir='ltr'>σωτηρίου</span> 
     </span>
    </p>
   </div>
   <div class='ocr_carea' id='block_1_52' title="bbox 1024 1024 1819 1062">
    <p class='ocr_par' dir='ltr' id='par_1_52' title="bbox 1024 1024 1819 1062">
     <span class='ocr_line' id='line_1_52' title="bbox 1024 1024 1819 1062; baseline 0 -10"><span class='ocrx_word' id='word_1_391' title='bbox 1024 1026 1099 1058; x_wconf 74' lang='grc' dir='ltr'>ὖντος</span> <span class='ocrx_word' id='word_1_392' title='bbox 1113 1026 1161 1052; x_wconf 81' lang='grc' dir='ltr'><strong>τοῦ</strong></span> <span class='ocrx_word' id='word_1_393' title='bbox 1174 1026 1258 1062; x_wconf 80' lang='grc' dir='ltr'>πυρὸς</span> <span class='ocrx_word' id='word_1_394' title='bbox 1271 1046 1278 1058; x_wconf 96' lang='grc'><strong>,</strong></span> <span class='ocrx_word' id='word_1_395' title='bbox 1303 1026 1317 1052; x_wconf 90' lang='grc' dir='ltr'><strong>ὂ</strong></span> <span class='ocrx_word' id='word_1_396' title='bbox 1339 1024 1405 1061; x_wconf 85' lang='grc' dir='ltr'>ἦλθε</span> <span class='ocrx_word' id='word_1_397' title='bbox 1422 1025 1512 1060; x_wconf 81' lang='grc' dir='ltr'>βαλεῖν</span> <span class='ocrx_word' id='word_1_398' title='bbox 1533 1026 1580 1052; x_wconf 77' lang='grc' dir='ltr'>ἐπὶ</span> <span class='ocrx_word' id='word_1_399' title='bbox 1602 1025 1652 1061; x_wconf 84' lang='grc' dir='ltr'><strong>τὴν</strong></span> <span class='ocrx_word' id='word_1_400' title='bbox 1679 1026 1742 1060; x_wconf 82' lang='grc' dir='ltr'>γῆν,</span> <span class='ocrx_word' id='word_1_401' title='bbox 1767 1026 1819 1052; x_wconf 83' lang='grc' dir='ltr'>καὶ</span> 
     </span>
    </p>
   </div>
   <div class='ocr_carea' id='block_1_53' title="bbox 1024 1071 1817 1108">
    <p class='ocr_par' dir='ltr' id='par_1_53' title="bbox 1024 1071 1817 1108">
     <span class='ocr_line' id='line_1_53' title="bbox 1024 1071 1817 1108; baseline -0.003 -9"><span class='ocrx_word' id='word_1_402' title='bbox 1024 1071 1179 1108; x_wconf 83' lang='grc' dir='ltr'>ἀνθρώποις</span> <span class='ocrx_word' id='word_1_403' title='bbox 1197 1072 1331 1107; x_wconf 79' lang='grc' dir='ltr'>σωτηρίου</span> <span class='ocrx_word' id='word_1_404' title='bbox 1345 1091 1353 1104; x_wconf 86' lang='grc'><strong>,</strong></span> <span class='ocrx_word' id='word_1_405' title='bbox 1384 1071 1460 1106; x_wconf 71' lang='grc' dir='ltr'>ἔλεγε</span> <span class='ocrx_word' id='word_1_406' title='bbox 1489 1071 1576 1099; x_wconf 79' lang='grc' dir='ltr'>ταῦτα</span> <span class='ocrx_word' id='word_1_407' title='bbox 1607 1071 1621 1097; x_wconf 78' lang='grc' dir='ltr'><strong>ὁ</strong></span> <span class='ocrx_word' id='word_1_408' title='bbox 1641 1071 1688 1098; x_wconf 83' lang='grc' dir='ltr'>τοῦ</span> <span class='ocrx_word' id='word_1_409' title='bbox 1711 1071 1817 1106; x_wconf 78' lang='grc' dir='ltr'>ἀγαθοῦ</span> 
     </span>
    </p>
   </div>
   <div class='ocr_carea' id='block_1_54' title="bbox 1024 1116 1819 1154">
    <p class='ocr_par' dir='ltr' id='par_1_54' title="bbox 1024 1116 1819 1154">
     <span class='ocr_line' id='line_1_54' title="bbox 1024 1116 1819 1154; baseline -0.001 -10"><span class='ocrx_word' id='word_1_410' title='bbox 1024 1117 1092 1145; x_wconf 89' lang='grc' dir='ltr'><strong>Θεοῦ</strong></span> <span class='ocrx_word' id='word_1_411' title='bbox 1111 1118 1185 1150; x_wconf 86' lang='grc' dir='ltr'>Υίός.</span> <span class='ocrx_word' id='word_1_412' title='bbox 1202 1118 1282 1145; x_wconf 80' lang='grc' dir='ltr'>Ἀλλὰ</span> <span class='ocrx_word' id='word_1_413' title='bbox 1301 1118 1348 1145; x_wconf 76' lang='grc' dir='ltr'>καὶ</span> <span class='ocrx_word' id='word_1_414' title='bbox 1361 1119 1375 1144; x_wconf 88' lang='grc' dir='ltr'>ὁ</span> <span class='ocrx_word' id='word_1_415' title='bbox 1388 1118 1491 1154; x_wconf 87' lang='grc' dir='ltr'><strong>Πέτρος</strong></span> <span class='ocrx_word' id='word_1_416' title='bbox 1506 1116 1609 1144; x_wconf 81' lang='grc' dir='ltr'>ἀνελὼν</span> <span class='ocrx_word' id='word_1_417' title='bbox 1620 1117 1658 1152; x_wconf 81' lang='grc' dir='ltr'>τῷ</span> <span class='ocrx_word' id='word_1_418' title='bbox 1672 1117 1743 1153; x_wconf 86' lang='grc' dir='ltr'>λόγῳ</span> <span class='ocrx_word' id='word_1_419' title='bbox 1768 1118 1819 1144; x_wconf 78' lang='grc' dir='ltr'>τὸν</span> 
     </span>
    </p>
   </div>
   <div class='ocr_carea' id='block_1_55' title="bbox 1031 1161 1821 1198">
    <p class='ocr_par' dir='ltr' id='par_1_55' title="bbox 1031 1161 1821 1198">
     <span class='ocr_line' id='line_1_55' title="bbox 1031 1161 1821 1198; baseline -0.001 -9"><span class='ocrx_word' id='word_1_420' title='bbox 1031 1163 1154 1190; x_wconf 83' lang='grc' dir='ltr'>Ἀνανίαν</span> <span class='ocrx_word' id='word_1_421' title='bbox 1171 1163 1218 1189; x_wconf 76' lang='grc' dir='ltr'>καὶ</span> <span class='ocrx_word' id='word_1_422' title='bbox 1232 1163 1281 1198; x_wconf 81' lang='grc' dir='ltr'>τὴν</span> <span class='ocrx_word' id='word_1_423' title='bbox 1298 1162 1456 1198; x_wconf 82' lang='grc' dir='ltr'>Σάπφειραν</span> <span class='ocrx_word' id='word_1_424' title='bbox 1467 1182 1474 1194; x_wconf 93' lang='grc'><strong>,</strong></span> <span class='ocrx_word' id='word_1_425' title='bbox 1493 1162 1706 1198; x_wconf 75' lang='grc' dir='ltr'>ἁμαρτήσαντας</span> <span class='ocrx_word' id='word_1_426' title='bbox 1725 1162 1754 1188; x_wconf 82' lang='grc' dir='ltr'><strong>ἐν</strong></span> <span class='ocrx_word' id='word_1_427' title='bbox 1779 1161 1821 1197; x_wconf 85' lang='grc' dir='ltr'>τῷ</span> 
     </span>
    </p>
   </div>
   <div class='ocr_carea' id='block_1_56' title="bbox 1023 1207 1820 1244">
    <p class='ocr_par' dir='ltr' id='par_1_56' title="bbox 1023 1207 1820 1244">
     <span class='ocr_line' id='line_1_56' title="bbox 1023 1207 1820 1244; baseline 0.001 -9"><span class='ocrx_word' id='word_1_428' title='bbox 1023 1208 1169 1244; x_wconf 81' lang='grc' dir='ltr'>ψεύδεσθαι</span> <span class='ocrx_word' id='word_1_429' title='bbox 1182 1209 1233 1236; x_wconf 80' lang='grc' dir='ltr'>οὐκ</span> <span class='ocrx_word' id='word_1_430' title='bbox 1249 1208 1414 1244; x_wconf 85' lang='grc' dir='ltr'>ἀνθρώποις,</span> <span class='ocrx_word' id='word_1_431' title='bbox 1429 1208 1496 1235; x_wconf 79' lang='grc' dir='ltr'>ἀλλὰ</span> <span class='ocrx_word' id='word_1_432' title='bbox 1509 1207 1548 1244; x_wconf 76' lang='grc' dir='ltr'>τῷ</span> <span class='ocrx_word' id='word_1_433' title='bbox 1565 1208 1670 1244; x_wconf 80' lang='grc' dir='ltr'>Κυρίῳ,</span> <span class='ocrx_word' id='word_1_434' title='bbox 1687 1208 1718 1234; x_wconf 78' lang='grc' dir='ltr'>οὐ</span> <span class='ocrx_word' id='word_1_435' title='bbox 1735 1208 1820 1243; x_wconf 79' lang='grc' dir='ltr'>μόνον</span> 
     </span>
    </p>
   </div>
   <div class='ocr_carea' id='block_1_57' title="bbox 1024 1253 1821 1290">
    <p class='ocr_par' dir='ltr' id='par_1_57' title="bbox 1024 1253 1821 1290">
     <span class='ocr_line' id='line_1_57' title="bbox 1024 1253 1821 1290; baseline -0.001 -9"><span class='ocrx_word' id='word_1_436' title='bbox 1024 1254 1186 1290; x_wconf 87' lang='grc' dir='ltr'>πεφρόντικε</span> <span class='ocrx_word' id='word_1_437' title='bbox 1210 1254 1259 1289; x_wconf 82' lang='grc' dir='ltr'>τῆς</span> <span class='ocrx_word' id='word_1_438' title='bbox 1281 1254 1424 1290; x_wconf 71' lang='grc' dir='ltr'>οἰκοδομῆς</span> <span class='ocrx_word' id='word_1_439' title='bbox 1441 1254 1496 1281; x_wconf 84' lang='grc' dir='ltr'>τῶν</span> <span class='ocrx_word' id='word_1_440' title='bbox 1512 1255 1544 1281; x_wconf 85' lang='grc' dir='ltr'><strong>ἐκ</strong></span> <span class='ocrx_word' id='word_1_441' title='bbox 1562 1253 1609 1280; x_wconf 80' lang='grc' dir='ltr'>τοῦ</span> <span class='ocrx_word' id='word_1_442' title='bbox 1631 1255 1696 1290; x_wconf 75' lang='grc' dir='ltr'>ὀρᾷν</span> <span class='ocrx_word' id='word_1_443' title='bbox 1718 1254 1749 1281; x_wconf 71' lang='grc' dir='ltr'>τὸ</span> <span class='ocrx_word' id='word_1_444' title='bbox 1771 1263 1821 1289; x_wconf 86' lang='grc' dir='ltr'>γε-</span> 
     </span>
    </p>
   </div>
   <div class='ocr_carea' id='block_1_58' title="bbox 1023 1298 1821 1335">
    <p class='ocr_par' dir='ltr' id='par_1_58' title="bbox 1023 1298 1821 1335">
     <span class='ocr_line' id='line_1_58' title="bbox 1023 1298 1821 1335; baseline 0.001 -10"><span class='ocrx_word' id='word_1_445' title='bbox 1023 1299 1170 1334; x_wconf 83' lang='grc' dir='ltr'>γενημένον</span> <span class='ocrx_word' id='word_1_446' title='bbox 1183 1298 1385 1334; x_wconf 79' lang='grc' dir='ltr'>εὐλαϐεστέρων</span> <span class='ocrx_word' id='word_1_447' title='bbox 1399 1299 1537 1335; x_wconf 77' lang='grc' dir='ltr'>ἐσομένων</span> <span class='ocrx_word' id='word_1_448' title='bbox 1545 1299 1584 1330; x_wconf 79' lang='grc' dir='ltr'>εἰς</span> <span class='ocrx_word' id='word_1_449' title='bbox 1592 1299 1641 1334; x_wconf 86' lang='grc' dir='ltr'><strong>τὴν</strong></span> <span class='ocrx_word' id='word_1_450' title='bbox 1649 1300 1688 1331; x_wconf 83' lang='grc' dir='ltr'><strong>είς</strong></span> <span class='ocrx_word' id='word_1_451' title='bbox 1699 1299 1821 1333; x_wconf 78' lang='grc' dir='ltr'>Χριστὸν</span> 
     </span>
    </p>
   </div>
   <div class='ocr_carea' id='block_1_59' title="bbox 1025 1343 1822 1379">
    <p class='ocr_par' dir='ltr' id='par_1_59' title="bbox 1025 1343 1822 1379">
     <span class='ocr_line' id='line_1_59' title="bbox 1025 1343 1822 1379; baseline 0 -9"><span class='ocrx_word' id='word_1_452' title='bbox 1025 1344 1126 1374; x_wconf 88' lang='grc' dir='ltr'>πίστιν.</span> <span class='ocrx_word' id='word_1_453' title='bbox 1149 1343 1217 1370; x_wconf 79' lang='grc' dir='ltr'>ἀλλὰ</span> <span class='ocrx_word' id='word_1_454' title='bbox 1240 1344 1288 1370; x_wconf 74' lang='grc' dir='ltr'>καὶ</span> <span class='ocrx_word' id='word_1_455' title='bbox 1311 1343 1365 1370; x_wconf 86' lang='grc' dir='ltr'>τῶν</span> <span class='ocrx_word' id='word_1_456' title='bbox 1388 1343 1633 1379; x_wconf 79' lang='grc' dir='ltr'>ἀποθνησκόντων·</span> <span class='ocrx_word' id='word_1_457' title='bbox 1655 1343 1822 1379; x_wconf 82' lang='grc' dir='ltr'>βουλόμενος</span> 
     </span>
    </p>
   </div>
   <div class='ocr_carea' id='block_1_60' title="bbox 1024 1387 1823 1425">
    <p class='ocr_par' dir='ltr' id='par_1_60' title="bbox 1024 1387 1823 1425">
     <span class='ocr_line' id='line_1_60' title="bbox 1024 1387 1823 1425; baseline 0.003 -11"><span class='ocrx_word' id='word_1_458' title='bbox 1024 1388 1123 1420; x_wconf 85' lang='grc' dir='ltr'>αὐτοὺς</span> <span class='ocrx_word' id='word_1_459' title='bbox 1134 1387 1356 1424; x_wconf 79' lang='grc' dir='ltr'>κεκαθαρμένους</span> <span class='ocrx_word' id='word_1_460' title='bbox 1370 1388 1408 1424; x_wconf 83' lang='grc' dir='ltr'>τῷ</span> <span class='ocrx_word' id='word_1_461' title='bbox 1418 1389 1542 1424; x_wconf 83' lang='grc' dir='ltr'>αἰφνιδίῳ</span> <span class='ocrx_word' id='word_1_462' title='bbox 1556 1389 1663 1423; x_wconf 83' lang='grc' dir='ltr'>θανάτῳ</span> <span class='ocrx_word' id='word_1_463' title='bbox 1679 1389 1726 1415; x_wconf 77' lang='grc' dir='ltr'>καὶ</span> <span class='ocrx_word' id='word_1_464' title='bbox 1741 1389 1823 1425; x_wconf 75' lang='grc' dir='ltr'>παρὰ</span> 
     </span>
    </p>
   </div>
   <div class='ocr_carea' id='block_1_61' title="bbox 1024 1433 1823 1470">
    <p class='ocr_par' dir='ltr' id='par_1_61' title="bbox 1024 1433 1823 1470">
     <span class='ocr_line' id='line_1_61' title="bbox 1024 1433 1823 1470; baseline 0 -9"><span class='ocrx_word' id='word_1_465' title='bbox 1024 1434 1186 1470; x_wconf 77' lang='grc' dir='ltr'>προσδοκίαν</span> <span class='ocrx_word' id='word_1_466' title='bbox 1202 1433 1355 1466; x_wconf 79' lang='grc' dir='ltr'>ἀπαλλάξαι</span> <span class='ocrx_word' id='word_1_467' title='bbox 1379 1434 1426 1461; x_wconf 80' lang='grc' dir='ltr'><strong>τοῦ</strong></span> <span class='ocrx_word' id='word_1_468' title='bbox 1447 1434 1582 1470; x_wconf 82' lang='grc' dir='ltr'>σώματος,</span> <span class='ocrx_word' id='word_1_469' title='bbox 1604 1434 1715 1469; x_wconf 82' lang='grc' dir='ltr'>ἔχοντάς</span> <span class='ocrx_word' id='word_1_470' title='bbox 1730 1443 1758 1460; x_wconf 82' lang='grc' dir='ltr'><strong>τι</strong></span> <span class='ocrx_word' id='word_1_471' title='bbox 1774 1435 1823 1462; x_wconf 69' lang='grc' dir='ltr'>καὶ</span> 
     </span>
    </p>
   </div>
   <div class='ocr_carea' id='block_1_62' title="bbox 1023 1478 1825 1516">
    <p class='ocr_par' dir='ltr' id='par_1_62' title="bbox 1023 1478 1825 1516">
     <span class='ocr_line' id='line_1_62' title="bbox 1023 1478 1825 1516; baseline 0 -10"><span class='ocrx_word' id='word_1_472' title='bbox 1023 1478 1200 1511; x_wconf 86' lang='grc' dir='ltr'>δικαιώσεως,</span> <span class='ocrx_word' id='word_1_473' title='bbox 1214 1480 1274 1506; x_wconf 82' lang='grc' dir='ltr'>ἐπεὶ</span> <span class='ocrx_word' id='word_1_474' title='bbox 1289 1479 1342 1506; x_wconf 80' lang='grc' dir='ltr'><strong>κᾶν</strong></span> <span class='ocrx_word' id='word_1_475' title='bbox 1359 1480 1390 1506; x_wconf 81' lang='grc' dir='ltr'>τὸ</span> <span class='ocrx_word' id='word_1_476' title='bbox 1404 1480 1488 1516; x_wconf 73' lang='grc' dir='ltr'>ἥμισυ</span> <span class='ocrx_word' id='word_1_477' title='bbox 1505 1479 1559 1506; x_wconf 84' lang='grc' dir='ltr'><strong>τῶν</strong></span> <span class='ocrx_word' id='word_1_478' title='bbox 1580 1479 1757 1515; x_wconf 79' lang='grc' dir='ltr'>ὑπαρχόντων</span> <span class='ocrx_word' id='word_1_479' title='bbox 1778 1479 1825 1506; x_wconf 80' lang='grc' dir='ltr'>δε-</span> 
     </span>
    </p>
   </div>
   <div class='ocr_carea' id='block_1_63' title="bbox 1025 1524 1824 1562">
    <p class='ocr_par' dir='ltr' id='par_1_63' title="bbox 1025 1524 1824 1562">
     <span class='ocr_line' id='line_1_63' title="bbox 1025 1524 1824 1562; baseline 0 -10"><span class='ocrx_word' id='word_1_480' title='bbox 1025 1524 1143 1552; x_wconf 81' lang='grc' dir='ltr'>δώκασιν</span> <span class='ocrx_word' id='word_1_481' title='bbox 1163 1526 1203 1558; x_wconf 76' lang='grc' dir='ltr'>εἰς</span> <span class='ocrx_word' id='word_1_482' title='bbox 1225 1525 1274 1561; x_wconf 85' lang='grc' dir='ltr'>τὴν</span> <span class='ocrx_word' id='word_1_483' title='bbox 1290 1525 1384 1562; x_wconf 90' lang='grc' dir='ltr'>χρείαν</span> <span class='ocrx_word' id='word_1_484' title='bbox 1400 1525 1454 1552; x_wconf 81' lang='grc' dir='ltr'>τῶν</span> <span class='ocrx_word' id='word_1_485' title='bbox 1471 1526 1617 1561; x_wconf 83' lang='grc' dir='ltr'>δεομένων.</span> <span class='ocrx_word' id='word_1_486' title='bbox 1635 1526 1689 1552; x_wconf 84' lang='lat' dir='ltr'><strong>Kal.</strong></span> <span class='ocrx_word' id='word_1_487' title='bbox 1710 1525 1824 1558; x_wconf 75' lang='grc' dir='ltr'>Παῦλος</span> 
     </span>
    </p>
   </div>
   <div class='ocr_carea' id='block_1_64' title="bbox 186 1557 972 1608">
    <p class='ocr_par' dir='ltr' id='par_1_64' title="bbox 186 1557 971 1608">
     <span class='ocr_line' id='line_1_64' title="bbox 186 1557 971 1608; baseline 0 -8"><span class='ocrx_word' id='word_1_488' title='bbox 186 1581 316 1608; x_wconf 50' lang='lat' dir='ltr'><strong>praesens,</strong></span> <span class='ocrx_word' id='word_1_489' title='bbox 336 1557 556 1605; x_wconf 52' lang='lat' dir='ltr'><strong>utuineiderunt,</strong></span> <span class='ocrx_word' id='word_1_490' title='bbox 573 1573 606 1601; x_wconf 90' lang='lat' dir='ltr'><strong>de</strong></span> <span class='ocrx_word' id='word_1_491' title='bbox 634 1581 667 1601; x_wconf 90' lang='lat' dir='ltr'><strong>eo</strong></span> <span class='ocrx_word' id='word_1_492' title='bbox 694 1573 774 1608; x_wconf 75' lang='lat'><strong>118</strong></span> <span class='ocrx_word' id='word_1_493' title='bbox 800 1573 873 1601; x_wconf 86' lang='lat' dir='ltr'><strong>dicta</strong></span> <span class='ocrx_word' id='word_1_494' title='bbox 893 1573 971 1601; x_wconf 86' lang='lat' dir='ltr'><strong>sint:</strong></span> 
     </span>
    </p>
   </div>
   <div class='ocr_carea' id='block_1_65' title="bbox 1038 1557 1824 1608">
    <p class='ocr_par' dir='ltr' id='par_1_65' title="bbox 1038 1557 1824 1606">
     <span class='ocr_line' id='line_1_65' title="bbox 1038 1557 1824 1606; baseline 0 -10"><span class='ocrx_word' id='word_1_495' title='bbox 1038 1570 1052 1596; x_wconf 81' lang='grc' dir='ltr'><strong>ἐ</strong></span> <span class='ocrx_word' id='word_1_496' title='bbox 1066 1570 1112 1597; x_wconf 83' lang='grc' dir='ltr'>τὸν</span> <span class='ocrx_word' id='word_1_497' title='bbox 1129 1571 1178 1597; x_wconf 88' lang='grc' dir='ltr'>σὺν</span> <span class='ocrx_word' id='word_1_498' title='bbox 1201 1557 1403 1606; x_wconf 34' lang='grc' dir='ltr'>τῷνάνθυπάτῳ</span> <span class='ocrx_word' id='word_1_499' title='bbox 1435 1557 1540 1606; x_wconf 72' lang='grc' dir='ltr'>Σεργίῳ</span> <span class='ocrx_word' id='word_1_500' title='bbox 1562 1570 1660 1606; x_wconf 82' lang='grc' dir='ltr'>Παύλῳ</span> <span class='ocrx_word' id='word_1_501' title='bbox 1685 1570 1725 1605; x_wconf 84' lang='grc' dir='ltr'>τῷ</span> <span class='ocrx_word' id='word_1_502' title='bbox 1747 1557 1824 1606; x_wconf 69' lang='grc' dir='ltr'>λόγῳ</span> 
     </span>
    </p>
   </div>
   <div class='ocr_carea' id='block_1_66' title="bbox 189 1616 972 1654">
    <p class='ocr_par' dir='ltr' id='par_1_66' title="bbox 189 1619 972 1654">
     <span class='ocr_line' id='line_1_66' title="bbox 189 1619 972 1654; baseline 0 -7"><span class='ocrx_word' id='word_1_503' title='bbox 189 1629 198 1646; x_wconf 82' lang='grc' dir='ltr'><strong>ι</strong></span> <span class='ocrx_word' id='word_1_504' title='bbox 218 1620 358 1647; x_wconf 89' lang='lat' dir='ltr'><strong>lnduravit</strong></span> <span class='ocrx_word' id='word_1_505' title='bbox 371 1620 501 1648; x_wconf 88' lang='lat' dir='ltr'><strong>Dominus</strong></span> <span class='ocrx_word' id='word_1_506' title='bbox 514 1627 562 1647; x_wconf 89' lang='lat' dir='ltr'><strong>cor</strong></span> <span class='ocrx_word' id='word_1_507' title='bbox 575 1619 735 1647; x_wconf 81' lang='lat' dir='ltr'><strong>Pharaonis.</strong></span> <span class='ocrx_word' id='word_1_508' title='bbox 755 1628 764 1645; x_wconf 77' lang='grc' dir='ltr'><strong>ι</strong></span> <span class='ocrx_word' id='word_1_509' title='bbox 781 1619 865 1646; x_wconf 85' lang='lat' dir='ltr'><strong>Porro</strong></span> <span class='ocrx_word' id='word_1_510' title='bbox 879 1619 901 1647; x_wconf 88' lang='lat' dir='ltr'><strong>si</strong></span> <span class='ocrx_word' id='word_1_511' title='bbox 912 1619 972 1654; x_wconf 84' lang='lat' dir='ltr'><strong>quis</strong></span> 
     </span>
    </p>
   </div>
   <div class='ocr_carea' id='block_1_67' title="bbox 1038 1616 1825 1654">
    <p class='ocr_par' dir='ltr' id='par_1_67' title="bbox 1041 1616 1825 1653">
     <span class='ocr_line' id='line_1_67' title="bbox 1041 1616 1825 1653; baseline 0.001 -10"><span class='ocrx_word' id='word_1_512' title='bbox 1041 1616 1131 1652; x_wconf 85' lang='grc' dir='ltr'>υφλῶν</span> <span class='ocrx_word' id='word_1_513' title='bbox 1147 1616 1192 1643; x_wconf 88' lang='grc' dir='ltr'>διὰ</span> <span class='ocrx_word' id='word_1_514' title='bbox 1213 1616 1266 1644; x_wconf 83' lang='grc' dir='ltr'><strong>τῶν</strong></span> <span class='ocrx_word' id='word_1_515' title='bbox 1290 1617 1377 1644; x_wconf 82' lang='grc' dir='ltr'>πόνων</span> <span class='ocrx_word' id='word_1_516' title='bbox 1402 1618 1561 1653; x_wconf 78' lang='grc' dir='ltr'>ἐπιστρέφει</span> <span class='ocrx_word' id='word_1_517' title='bbox 1576 1618 1656 1645; x_wconf 73' lang='grc' dir='ltr'>αὑτὸν</span> <span class='ocrx_word' id='word_1_518' title='bbox 1672 1618 1713 1650; x_wconf 81' lang='grc' dir='ltr'>εἰς</span> <span class='ocrx_word' id='word_1_519' title='bbox 1726 1617 1825 1644; x_wconf 77' lang='grc' dir='ltr'>θεοσέ-</span> 
     </span>
    </p>
   </div>
   <div class='ocr_carea' id='block_1_68' title="bbox 185 1661 972 1701">
    <p class='ocr_par' dir='ltr' id='par_1_68' title="bbox 185 1664 972 1701">
     <span class='ocr_line' id='line_1_68' title="bbox 185 1664 972 1701; baseline -0.001 -9"><span class='ocrx_word' id='word_1_520' title='bbox 185 1670 294 1693; x_wconf 73' lang='lat' dir='ltr'><strong>servata</strong></span> <span class='ocrx_word' id='word_1_521' title='bbox 311 1666 337 1693; x_wconf 94' lang='lat' dir='ltr'><strong>iu</strong></span> <span class='ocrx_word' id='word_1_522' title='bbox 351 1666 434 1694; x_wconf 88' lang='lat' dir='ltr'><strong>Deum</strong></span> <span class='ocrx_word' id='word_1_523' title='bbox 453 1665 561 1701; x_wconf 84' lang='lat' dir='ltr'><strong>pietate,</strong></span> <span class='ocrx_word' id='word_1_524' title='bbox 578 1665 621 1692; x_wconf 88' lang='lat' dir='ltr'><strong>bis</strong></span> <span class='ocrx_word' id='word_1_525' title='bbox 655 1664 766 1692; x_wconf 90' lang='lat' dir='ltr'><strong>meliora</strong></span> <span class='ocrx_word' id='word_1_526' title='bbox 784 1669 811 1692; x_wconf 90' lang='lat' dir='ltr'><strong>et</strong></span> <span class='ocrx_word' id='word_1_527' title='bbox 824 1665 858 1692; x_wconf 86' lang='lat' dir='ltr'><strong>ab</strong></span> <span class='ocrx_word' id='word_1_528' title='bbox 880 1664 972 1699; x_wconf 89' lang='lat' dir='ltr'><strong>impie-</strong></span> 
     </span>
    </p>
   </div>
   <div class='ocr_carea' id='block_1_69' title="bbox 1038 1661 1826 1701">
    <p class='ocr_par' dir='ltr' id='par_1_69' title="bbox 1038 1661 1826 1700">
     <span class='ocr_line' id='line_1_69' title="bbox 1038 1661 1826 1700; baseline 0.001 -11"><span class='ocrx_word' id='word_1_529' title='bbox 1038 1665 1110 1696; x_wconf 65' lang='lat' dir='ltr'><strong>13tav,</strong></span> <span class='ocrx_word' id='word_1_530' title='bbox 1135 1662 1222 1697; x_wconf 80' lang='grc' dir='ltr'>λέγων</span> <span class='ocrx_word' id='word_1_531' title='bbox 1239 1662 1328 1699; x_wconf 80' lang='grc' dir='ltr'><strong>αὐτῷ·</strong></span> <span class='ocrx_word' id='word_1_532' title='bbox 1354 1673 1363 1689; x_wconf 78' lang='grc' dir='ltr'><strong>ι</strong></span> <span class='ocrx_word' id='word_1_533' title='bbox 1382 1661 1418 1690; x_wconf 80' lang='grc' dir='ltr'><strong><em>Ὦ</em></strong></span> <span class='ocrx_word' id='word_1_534' title='bbox 1434 1664 1540 1700; x_wconf 79' lang='grc' dir='ltr'>πλήρης</span> <span class='ocrx_word' id='word_1_535' title='bbox 1556 1663 1655 1696; x_wconf 80' lang='grc' dir='ltr'>παντὸς</span> <span class='ocrx_word' id='word_1_536' title='bbox 1677 1663 1757 1690; x_wconf 77' lang='grc' dir='ltr'>δόλου</span> <span class='ocrx_word' id='word_1_537' title='bbox 1775 1664 1826 1690; x_wconf 78' lang='grc' dir='ltr'>καὶ</span> 
     </span>
    </p>
   </div>
   <div class='ocr_carea' id='block_1_70' title="bbox 187 1708 972 1746">
    <p class='ocr_par' dir='ltr' id='par_1_70' title="bbox 187 1710 972 1746">
     <span class='ocr_line' id='line_1_70' title="bbox 187 1710 972 1746; baseline 0.001 -9"><span class='ocrx_word' id='word_1_538' title='bbox 187 1714 243 1739; x_wconf 86' lang='lat' dir='ltr'><strong>tate</strong></span> <span class='ocrx_word' id='word_1_539' title='bbox 258 1711 440 1739; x_wconf 84' lang='lat' dir='ltr'><strong>remotissima</strong></span> <span class='ocrx_word' id='word_1_540' title='bbox 453 1731 461 1745; x_wconf 92' lang='lat'><strong>,</strong></span> <span class='ocrx_word' id='word_1_541' title='bbox 491 1719 551 1738; x_wconf 90' lang='lat' dir='ltr'><strong>cum</strong></span> <span class='ocrx_word' id='word_1_542' title='bbox 567 1711 664 1738; x_wconf 74' lang='lat' dir='ltr'><strong>divina:</strong></span> <span class='ocrx_word' id='word_1_543' title='bbox 679 1710 827 1746; x_wconf 75' lang='lat' dir='ltr'><strong>Scriptura:</strong></span> <span class='ocrx_word' id='word_1_544' title='bbox 853 1710 972 1738; x_wconf 85' lang='lat' dir='ltr'><strong>testimo-</strong></span> 
     </span>
    </p>
   </div>
   <div class='ocr_carea' id='block_1_71' title="bbox 1038 1708 1824 1746">
    <p class='ocr_par' dir='ltr' id='par_1_71' title="bbox 1038 1708 1824 1745">
     <span class='ocr_line' id='line_1_71' title="bbox 1038 1708 1824 1745; baseline 0 -10"><span class='ocrx_word' id='word_1_545' title='bbox 1038 1709 1113 1744; x_wconf 73' lang='grc' dir='ltr'>εάσης</span> <span class='ocrx_word' id='word_1_546' title='bbox 1130 1709 1313 1745; x_wconf 75' lang='grc' dir='ltr'>ῥᾳδιουργίας,</span> <span class='ocrx_word' id='word_1_547' title='bbox 1333 1709 1375 1735; x_wconf 74' lang='grc' dir='ltr'><strong>υἱὲ</strong></span> <span class='ocrx_word' id='word_1_548' title='bbox 1397 1709 1521 1736; x_wconf 73' lang='grc' dir='ltr'>διαϐόλου</span> <span class='ocrx_word' id='word_1_549' title='bbox 1536 1729 1543 1742; x_wconf 92' lang='grc'><strong>,</strong></span> <span class='ocrx_word' id='word_1_550' title='bbox 1560 1709 1641 1745; x_wconf 78' lang='grc' dir='ltr'>ἐχθρὲ</span> <span class='ocrx_word' id='word_1_551' title='bbox 1664 1708 1756 1744; x_wconf 81' lang='grc' dir='ltr'>πάσης</span> <span class='ocrx_word' id='word_1_552' title='bbox 1779 1708 1824 1735; x_wconf 79' lang='grc' dir='ltr'>δι-</span> 
     </span>
    </p>
   </div>
   <div class='ocr_carea' id='block_1_72' title="bbox 187 1755 972 1793">
    <p class='ocr_par' dir='ltr' id='par_1_72' title="bbox 187 1756 855 1791">
     <span class='ocr_line' id='line_1_72' title="bbox 187 1756 855 1791; baseline -0.001 -8"><span class='ocrx_word' id='word_1_553' title='bbox 187 1756 250 1790; x_wconf 85' lang='lat' dir='ltr'><strong>uiis,</strong></span> <span class='ocrx_word' id='word_1_554' title='bbox 269 1757 417 1790; x_wconf 85' lang='lat' dir='ltr'><strong>invenerit,</strong></span> <span class='ocrx_word' id='word_1_555' title='bbox 431 1764 464 1784; x_wconf 86' lang='lat' dir='ltr'><strong>ea</strong></span> <span class='ocrx_word' id='word_1_556' title='bbox 482 1756 584 1784; x_wconf 87' lang='lat' dir='ltr'><strong>nostris</strong></span> <span class='ocrx_word' id='word_1_557' title='bbox 599 1756 765 1791; x_wconf 66' lang='lat' dir='ltr'><strong>praeferenda</strong></span> <span class='ocrx_word' id='word_1_558' title='bbox 781 1760 855 1783; x_wconf 87' lang='lat' dir='ltr'><strong>sunt.</strong></span> 
     </span>
    </p>
   </div>
   <div class='ocr_carea' id='block_1_73' title="bbox 1038 1755 1824 1793">
    <p class='ocr_par' dir='ltr' id='par_1_73' title="bbox 1038 1755 1824 1793">
     <span class='ocr_line' id='line_1_73' title="bbox 1038 1755 1824 1793; baseline -0.001 -11"><span class='ocrx_word' id='word_1_559' title='bbox 1038 1755 1178 1791; x_wconf 58' lang='lat' dir='ltr'><strong>,atoctivng,</strong></span> <span class='ocrx_word' id='word_1_560' title='bbox 1195 1756 1226 1782; x_wconf 85' lang='grc' dir='ltr'>οὺ</span> <span class='ocrx_word' id='word_1_561' title='bbox 1244 1756 1336 1793; x_wconf 77' lang='grc' dir='ltr'>παύσῃ</span> <span class='ocrx_word' id='word_1_562' title='bbox 1352 1756 1520 1792; x_wconf 73' lang='grc' dir='ltr'>διαστρέφων</span> <span class='ocrx_word' id='word_1_563' title='bbox 1541 1757 1590 1788; x_wconf 77' lang='grc' dir='ltr'><strong>τὰς</strong></span> <span class='ocrx_word' id='word_1_564' title='bbox 1616 1755 1691 1788; x_wconf 74' lang='grc' dir='ltr'>ὁδοὺς</span> <span class='ocrx_word' id='word_1_565' title='bbox 1713 1755 1824 1791; x_wconf 78' lang='grc' dir='ltr'>Κυρίου</span> 
     </span>
    </p>
   </div>
   <div class='ocr_carea' id='block_1_74' title="bbox 186 1801 1823 1839">
    <p class='ocr_par' dir='ltr' id='par_1_74' title="bbox 186 1801 1823 1839">
     <span class='ocr_line' id='line_1_74' title="bbox 186 1801 1823 1839; baseline -0.001 -9"><span class='ocrx_word' id='word_1_566' title='bbox 186 1802 236 1834; x_wconf 80' lang='grc' dir='ltr'><strong>τὰς</strong></span> <span class='ocrx_word' id='word_1_567' title='bbox 258 1802 381 1836; x_wconf 74' lang='grc' dir='ltr'>εὐθείας,</span> <span class='ocrx_word' id='word_1_568' title='bbox 406 1803 454 1829; x_wconf 76' lang='grc' dir='ltr'>καὶ</span> <span class='ocrx_word' id='word_1_569' title='bbox 469 1802 516 1829; x_wconf 88' lang='grc' dir='ltr'>νῦν</span> <span class='ocrx_word' id='word_1_570' title='bbox 529 1802 578 1838; x_wconf 79' lang='grc' dir='ltr'><strong>ἔσῃ</strong></span> <span class='ocrx_word' id='word_1_571' title='bbox 603 1801 702 1836; x_wconf 80' lang='grc' dir='ltr'>τυφλὸς</span> <span class='ocrx_word' id='word_1_572' title='bbox 729 1801 766 1838; x_wconf 87' lang='grc' dir='ltr'>μὴ</span> <span class='ocrx_word' id='word_1_573' title='bbox 793 1801 899 1836; x_wconf 81' lang='grc' dir='ltr'>βλέπων</span> <span class='ocrx_word' id='word_1_574' title='bbox 922 1801 969 1828; x_wconf 84' lang='grc' dir='ltr'>τὸν</span> <span class='ocrx_word' id='word_1_575' title='bbox 989 1801 1063 1837; x_wconf 74' lang='grc' dir='ltr'>ἥλιον</span> <span class='ocrx_word' id='word_1_576' title='bbox 1084 1802 1147 1838; x_wconf 80' lang='grc' dir='ltr'>ἄχρι</span> <span class='ocrx_word' id='word_1_577' title='bbox 1169 1801 1276 1838; x_wconf 77' lang='grc' dir='ltr'>καιροῦ.</span> <span class='ocrx_word' id='word_1_578' title='bbox 1305 1812 1314 1828; x_wconf 77' lang='grc' dir='ltr'><strong>ι</strong></span> <span class='ocrx_word' id='word_1_579' title='bbox 1344 1803 1424 1829; x_wconf 87' lang='grc' dir='ltr'>Ποίου</span> <span class='ocrx_word' id='word_1_580' title='bbox 1449 1803 1562 1839; x_wconf 79' lang='grc' dir='ltr'>καιροῦ;</span> <span class='ocrx_word' id='word_1_581' title='bbox 1581 1803 1597 1839; x_wconf 80' lang='grc' dir='ltr'><strong>ἦ</strong></span> <span class='ocrx_word' id='word_1_582' title='bbox 1617 1802 1663 1829; x_wconf 76' lang='grc' dir='ltr'>τοῦ</span> <span class='ocrx_word' id='word_1_583' title='bbox 1688 1802 1734 1828; x_wconf 80' lang='grc' dir='ltr'>ὅτε</span> <span class='ocrx_word' id='word_1_584' title='bbox 1760 1802 1823 1828; x_wconf 81' lang='grc' dir='ltr'>ἐπι-</span> 
     </span>
    </p>
   </div>
   <div class='ocr_carea' id='block_1_75' title="bbox 186 1847 1825 1884">
    <p class='ocr_par' dir='ltr' id='par_1_75' title="bbox 186 1847 1825 1884">
     <span class='ocr_line' id='line_1_75' title="bbox 186 1847 1825 1884; baseline -0.001 -8"><span class='ocrx_word' id='word_1_585' title='bbox 186 1848 316 1884; x_wconf 76' lang='grc' dir='ltr'>πληχθεὶς</span> <span class='ocrx_word' id='word_1_586' title='bbox 337 1850 383 1876; x_wconf 77' lang='grc' dir='ltr'>καὶ</span> <span class='ocrx_word' id='word_1_587' title='bbox 408 1848 580 1884; x_wconf 81' lang='grc' dir='ltr'>βασανισθεὶς</span> <span class='ocrx_word' id='word_1_588' title='bbox 609 1847 664 1884; x_wconf 77' lang='grc'>(56)</span> <span class='ocrx_word' id='word_1_589' title='bbox 689 1847 733 1874; x_wconf 83' lang='grc' dir='ltr'><strong>διὰ</strong></span> <span class='ocrx_word' id='word_1_590' title='bbox 757 1847 792 1874; x_wconf 85' lang='grc' dir='ltr'><strong>τὰ</strong></span> <span class='ocrx_word' id='word_1_591' title='bbox 813 1847 1009 1883; x_wconf 84' lang='grc' dir='ltr'>ἁμαρτήματα,</span> <span class='ocrx_word' id='word_1_592' title='bbox 1028 1847 1123 1882; x_wconf 76' lang='grc' dir='ltr'>ἔμελλε</span> <span class='ocrx_word' id='word_1_593' title='bbox 1137 1847 1273 1883; x_wconf 81' lang='grc' dir='ltr'>μετανοῶν</span> <span class='ocrx_word' id='word_1_594' title='bbox 1287 1847 1361 1881; x_wconf 74' lang='grc' dir='ltr'>ἄξιος</span> <span class='ocrx_word' id='word_1_595' title='bbox 1378 1848 1499 1882; x_wconf 88' lang='grc' dir='ltr'>γίνεσθαι</span> <span class='ocrx_word' id='word_1_596' title='bbox 1509 1849 1667 1884; x_wconf 80' lang='grc' dir='ltr'>ἀμφοτέρως</span> <span class='ocrx_word' id='word_1_597' title='bbox 1682 1848 1728 1874; x_wconf 76' lang='grc' dir='ltr'>τὸν</span> <span class='ocrx_word' id='word_1_598' title='bbox 1745 1848 1825 1883; x_wconf 73' lang='grc' dir='ltr'>ἥλιον</span> 
     </span>
    </p>
   </div>
   <div class='ocr_carea' id='block_1_76' title="bbox 186 1893 1824 1931">
    <p class='ocr_par' dir='ltr' id='par_1_76' title="bbox 186 1893 1824 1931">
     <span class='ocr_line' id='line_1_76' title="bbox 186 1893 1824 1931; baseline 0.001 -9"><span class='ocrx_word' id='word_1_599' title='bbox 186 1895 253 1923; x_wconf 81' lang='grc' dir='ltr'>ιδεῖν</span> <span class='ocrx_word' id='word_1_600' title='bbox 266 1895 336 1922; x_wconf 84' lang='grc' dir='ltr'>κατὰ</span> <span class='ocrx_word' id='word_1_601' title='bbox 347 1895 434 1931; x_wconf 76' lang='grc' dir='ltr'>ψυχὴν</span> <span class='ocrx_word' id='word_1_602' title='bbox 448 1895 496 1923; x_wconf 80' lang='grc' dir='ltr'>καὶ</span> <span class='ocrx_word' id='word_1_603' title='bbox 514 1894 586 1922; x_wconf 77' lang='grc' dir='ltr'>κατὰ</span> <span class='ocrx_word' id='word_1_604' title='bbox 601 1895 696 1930; x_wconf 81' lang='grc' dir='ltr'>σῶμα,</span> <span class='ocrx_word' id='word_1_605' title='bbox 713 1895 757 1921; x_wconf 77' lang='grc' dir='ltr'>ἵνα</span> <span class='ocrx_word' id='word_1_606' title='bbox 777 1893 972 1929; x_wconf 77' lang='grc' dir='ltr'>ἐξαγγέλληται</span> <span class='ocrx_word' id='word_1_607' title='bbox 986 1895 1003 1930; x_wconf 87' lang='grc' dir='ltr'>ἡ</span> <span class='ocrx_word' id='word_1_608' title='bbox 1022 1894 1082 1921; x_wconf 80' lang='grc' dir='ltr'>θεία</span> <span class='ocrx_word' id='word_1_609' title='bbox 1093 1894 1208 1930; x_wconf 85' lang='grc' dir='ltr'>δύναμις</span> <span class='ocrx_word' id='word_1_610' title='bbox 1230 1895 1276 1922; x_wconf 75' lang='grc' dir='ltr'>ἐπὶ</span> <span class='ocrx_word' id='word_1_611' title='bbox 1296 1897 1329 1931; x_wconf 87' lang='grc' dir='ltr'><strong>τῇ</strong></span> <span class='ocrx_word' id='word_1_612' title='bbox 1347 1896 1567 1923; x_wconf 82' lang='grc' dir='ltr'>ἀποκαταστάσει</span> <span class='ocrx_word' id='word_1_613' title='bbox 1583 1895 1637 1922; x_wconf 86' lang='grc' dir='ltr'><strong>τῶν</strong></span> <span class='ocrx_word' id='word_1_614' title='bbox 1654 1895 1746 1930; x_wconf 71' lang='grc' dir='ltr'>δψεων</span> <span class='ocrx_word' id='word_1_615' title='bbox 1765 1894 1824 1930; x_wconf 76' lang='lat'><strong>(&#39;37)</strong></span> 
     </span>
    </p>
   </div>
   <div class='ocr_carea' id='block_1_77' title="bbox 185 1941 1825 1979">
    <p class='ocr_par' dir='ltr' id='par_1_77' title="bbox 185 1941 1825 1979">
     <span class='ocr_line' id='line_1_77' title="bbox 185 1941 1825 1979; baseline -0.001 -9"><span class='ocrx_word' id='word_1_616' title='bbox 185 1943 286 1970; x_wconf 79' lang='grc' dir='ltr'>αὑτοῦ·</span> <span class='ocrx_word' id='word_1_617' title='bbox 307 1944 354 1970; x_wconf 79' lang='grc' dir='ltr'><strong>καὶ</strong></span> <span class='ocrx_word' id='word_1_618' title='bbox 367 1943 438 1971; x_wconf 73' lang='grc' dir='ltr'>κατὰ</span> <span class='ocrx_word' id='word_1_619' title='bbox 449 1943 548 1979; x_wconf 77' lang='grc' dir='ltr'>ψυχὴν,</span> <span class='ocrx_word' id='word_1_620' title='bbox 563 1943 607 1970; x_wconf 80' lang='grc' dir='ltr'>ὅτε</span> <span class='ocrx_word' id='word_1_621' title='bbox 622 1942 719 1978; x_wconf 76' lang='grc' dir='ltr'>ἔμελλε</span> <span class='ocrx_word' id='word_1_622' title='bbox 739 1941 874 1968; x_wconf 84' lang='grc' dir='ltr'>πιστεύων</span> <span class='ocrx_word' id='word_1_623' title='bbox 890 1941 1002 1968; x_wconf 75' lang='grc' dir='ltr'>ὄνασθαι</span> <span class='ocrx_word' id='word_1_624' title='bbox 1021 1942 1070 1978; x_wconf 85' lang='grc' dir='ltr'>τῆς</span> <span class='ocrx_word' id='word_1_625' title='bbox 1089 1941 1258 1975; x_wconf 74' lang='grc' dir='ltr'>θεοσεϐείαςς</span> <span class='ocrx_word' id='word_1_626' title='bbox 1279 1943 1358 1970; x_wconf 76' lang='grc' dir='ltr'>Ἀλλὰ</span> <span class='ocrx_word' id='word_1_627' title='bbox 1381 1943 1428 1970; x_wconf 76' lang='grc' dir='ltr'><strong>καὶ</strong></span> <span class='ocrx_word' id='word_1_628' title='bbox 1444 1944 1548 1978; x_wconf 84' lang='grc' dir='ltr'>Δημᾶς,</span> <span class='ocrx_word' id='word_1_629' title='bbox 1572 1943 1619 1970; x_wconf 72' lang='grc' dir='ltr'>καὶ</span> <span class='ocrx_word' id='word_1_630' title='bbox 1640 1943 1825 1978; x_wconf 79' lang='grc' dir='ltr'>Ἑρμογένης,</span> 
     </span>
    </p>
   </div>
   <div class='ocr_carea' id='block_1_78' title="bbox 184 1989 1825 2026">
    <p class='ocr_par' dir='ltr' id='par_1_78' title="bbox 184 1989 1825 2026">
     <span class='ocr_line' id='line_1_78' title="bbox 184 1989 1825 2026; baseline -0.001 -8"><span class='ocrx_word' id='word_1_631' title='bbox 184 1991 232 2022; x_wconf 73' lang='grc' dir='ltr'>οὓς</span> <span class='ocrx_word' id='word_1_632' title='bbox 257 1991 400 2026; x_wconf 85' lang='grc' dir='ltr'>παρέδωκε</span> <span class='ocrx_word' id='word_1_633' title='bbox 429 1990 468 2024; x_wconf 84' lang='grc' dir='ltr'>τῷ</span> <span class='ocrx_word' id='word_1_634' title='bbox 494 1991 611 2026; x_wconf 82' lang='grc' dir='ltr'>Σατανᾷ,</span> <span class='ocrx_word' id='word_1_635' title='bbox 645 1990 687 2016; x_wconf 82' lang='grc' dir='ltr'>ἵνα</span> <span class='ocrx_word' id='word_1_636' title='bbox 717 1989 880 2016; x_wconf 84' lang='grc' dir='ltr'>παιδευθῶσι</span> <span class='ocrx_word' id='word_1_637' title='bbox 902 1989 940 2025; x_wconf 86' lang='grc' dir='ltr'>μὴ</span> <span class='ocrx_word' id='word_1_638' title='bbox 966 1990 1154 2026; x_wconf 77' lang='grc' dir='ltr'>βλασφημεῖν,</span> <span class='ocrx_word' id='word_1_639' title='bbox 1179 1989 1368 2026; x_wconf 83' lang='grc' dir='ltr'>παραπλήσιόν</span> <span class='ocrx_word' id='word_1_640' title='bbox 1389 1999 1415 2017; x_wconf 89' lang='grc' dir='ltr'><strong>τι</strong></span> <span class='ocrx_word' id='word_1_641' title='bbox 1435 1989 1584 2017; x_wconf 79' lang='grc' dir='ltr'>πεπόνθασι</span> <span class='ocrx_word' id='word_1_642' title='bbox 1610 1990 1665 2021; x_wconf 83' lang='grc' dir='ltr'>τοῖς</span> <span class='ocrx_word' id='word_1_643' title='bbox 1687 1998 1825 2026; x_wconf 79' lang='grc' dir='ltr'>προειρη-</span> 
     </span>
    </p>
   </div>
   <div class='ocr_carea' id='block_1_79' title="bbox 188 2034 1826 2072">
    <p class='ocr_par' dir='ltr' id='par_1_79' title="bbox 188 2034 1826 2072">
     <span class='ocr_line' id='line_1_79' title="bbox 188 2034 1826 2072; baseline -0.002 -8"><span class='ocrx_word' id='word_1_644' title='bbox 188 2037 290 2072; x_wconf 82' lang='grc' dir='ltr'>μένοις.</span> <span class='ocrx_word' id='word_1_645' title='bbox 308 2038 362 2064; x_wconf 82' lang='lat' dir='ltr'><strong>Kal.</strong></span> <span class='ocrx_word' id='word_1_646' title='bbox 377 2039 391 2064; x_wconf 82' lang='grc' dir='ltr'>ὁ</span> <span class='ocrx_word' id='word_1_647' title='bbox 409 2038 437 2063; x_wconf 85' lang='grc' dir='ltr'><strong>ἐν</strong></span> <span class='ocrx_word' id='word_1_648' title='bbox 454 2036 578 2072; x_wconf 83' lang='grc' dir='ltr'>Κορίνθῳ</span> <span class='ocrx_word' id='word_1_649' title='bbox 601 2036 649 2071; x_wconf 83' lang='grc' dir='ltr'>τὴν</span> <span class='ocrx_word' id='word_1_650' title='bbox 665 2037 781 2069; x_wconf 83' lang='grc' dir='ltr'>γυναῖκα</span> <span class='ocrx_word' id='word_1_651' title='bbox 799 2035 846 2062; x_wconf 81' lang='grc' dir='ltr'>τοῦ</span> <span class='ocrx_word' id='word_1_652' title='bbox 861 2036 962 2071; x_wconf 80' lang='grc' dir='ltr'>πατρὸς</span> <span class='ocrx_word' id='word_1_653' title='bbox 982 2035 1116 2072; x_wconf 83' lang='grc' dir='ltr'>ἐσχηκὼς,</span> <span class='ocrx_word' id='word_1_654' title='bbox 1131 2036 1176 2062; x_wconf 83' lang='grc' dir='ltr'>καὶ</span> <span class='ocrx_word' id='word_1_655' title='bbox 1192 2036 1273 2067; x_wconf 77' lang='grc' dir='ltr'>αὐτὸς</span> <span class='ocrx_word' id='word_1_656' title='bbox 1290 2035 1464 2072; x_wconf 85' lang='grc' dir='ltr'>παραδίδοται</span> <span class='ocrx_word' id='word_1_657' title='bbox 1483 2036 1522 2071; x_wconf 83' lang='grc' dir='ltr'>τῷ</span> <span class='ocrx_word' id='word_1_658' title='bbox 1537 2035 1642 2062; x_wconf 79' lang='grc' dir='ltr'>Σατανᾶ</span> <span class='ocrx_word' id='word_1_659' title='bbox 1654 2035 1695 2065; x_wconf 80' lang='grc' dir='ltr'><strong>είς</strong></span> <span class='ocrx_word' id='word_1_660' title='bbox 1709 2034 1826 2072; x_wconf 72' lang='grc' dir='ltr'>ὄλεθρον</span> 
     </span>
    </p>
   </div>
   <div class='ocr_carea' id='block_1_80' title="bbox 186 2081 1826 2120">
    <p class='ocr_par' dir='ltr' id='par_1_80' title="bbox 186 2081 1826 2120">
     <span class='ocr_line' id='line_1_80' title="bbox 186 2081 1826 2120; baseline -0.002 -8"><span class='ocrx_word' id='word_1_661' title='bbox 186 2085 236 2120; x_wconf 74' lang='grc' dir='ltr'>τῆς</span> <span class='ocrx_word' id='word_1_662' title='bbox 253 2086 362 2120; x_wconf 77' lang='grc' dir='ltr'>σαρκὸς,</span> <span class='ocrx_word' id='word_1_663' title='bbox 375 2085 419 2111; x_wconf 79' lang='grc' dir='ltr'><strong>ἴνα</strong></span> <span class='ocrx_word' id='word_1_664' title='bbox 433 2085 464 2111; x_wconf 82' lang='grc' dir='ltr'>τὸ</span> <span class='ocrx_word' id='word_1_665' title='bbox 477 2084 585 2119; x_wconf 82' lang='grc' dir='ltr'>πνεῦμα</span> <span class='ocrx_word' id='word_1_666' title='bbox 602 2083 675 2118; x_wconf 83' lang='grc' dir='ltr'>σωθῇ</span> <span class='ocrx_word' id='word_1_667' title='bbox 693 2083 722 2110; x_wconf 90' lang='grc' dir='ltr'><strong>ἐν</strong></span> <span class='ocrx_word' id='word_1_668' title='bbox 733 2084 765 2117; x_wconf 86' lang='grc' dir='ltr'><strong>τῇ</strong></span> <span class='ocrx_word' id='word_1_669' title='bbox 782 2082 873 2118; x_wconf 77' lang='grc' dir='ltr'>ἡμέρα</span> <span class='ocrx_word' id='word_1_670' title='bbox 889 2081 936 2109; x_wconf 87' lang='grc' dir='ltr'>τοῠ</span> <span class='ocrx_word' id='word_1_671' title='bbox 951 2082 1064 2118; x_wconf 85' lang='grc' dir='ltr'>Κυρίου.</span> <span class='ocrx_word' id='word_1_672' title='bbox 1083 2083 1121 2109; x_wconf 78' lang='grc' dir='ltr'><strong>Οὐ</strong></span> <span class='ocrx_word' id='word_1_673' title='bbox 1136 2082 1289 2118; x_wconf 77' lang='grc' dir='ltr'>θαυμαστὸν</span> <span class='ocrx_word' id='word_1_674' title='bbox 1308 2081 1354 2110; x_wconf 79' lang='grc' dir='ltr'>οὖν</span> <span class='ocrx_word' id='word_1_675' title='bbox 1369 2083 1393 2109; x_wconf 81' lang='grc' dir='ltr'>εἰ</span> <span class='ocrx_word' id='word_1_676' title='bbox 1406 2083 1453 2110; x_wconf 78' lang='grc' dir='ltr'>καὶ</span> <span class='ocrx_word' id='word_1_677' title='bbox 1469 2081 1504 2108; x_wconf 80' lang='grc' dir='ltr'>τὰ</span> <span class='ocrx_word' id='word_1_678' title='bbox 1525 2082 1589 2117; x_wconf 77' lang='grc' dir='ltr'>περὶ</span> <span class='ocrx_word' id='word_1_679' title='bbox 1599 2081 1644 2108; x_wconf 80' lang='grc' dir='ltr'>τὸν</span> <span class='ocrx_word' id='word_1_680' title='bbox 1652 2081 1757 2117; x_wconf 80' lang='grc' dir='ltr'>Φαραὼ</span> <span class='ocrx_word' id='word_1_681' title='bbox 1777 2082 1826 2108; x_wconf 79' lang='grc' dir='ltr'>τὸν</span> 
     </span>
    </p>
   </div>
   <div class='ocr_carea' id='block_1_81' title="bbox 187 2128 1823 2166">
    <p class='ocr_par' dir='ltr' id='par_1_81' title="bbox 187 2128 1823 2166">
     <span class='ocr_line' id='line_1_81' title="bbox 187 2128 1823 2166; baseline -0.001 -10"><span class='ocrx_word' id='word_1_682' title='bbox 187 2130 414 2166; x_wconf 84' lang='grc' dir='ltr'>σκληρυνόμενον,</span> <span class='ocrx_word' id='word_1_683' title='bbox 439 2130 485 2157; x_wconf 67' lang='grc' dir='ltr'>καὶ</span> <span class='ocrx_word' id='word_1_684' title='bbox 509 2130 554 2156; x_wconf 68' lang='grc' dir='ltr'>ἐπὶ</span> <span class='ocrx_word' id='word_1_685' title='bbox 573 2129 645 2155; x_wconf 85' lang='grc' dir='ltr'>τέλει</span> <span class='ocrx_word' id='word_1_686' title='bbox 675 2128 814 2161; x_wconf 81' lang='grc' dir='ltr'>τοιαύταις</span> <span class='ocrx_word' id='word_1_687' title='bbox 840 2129 967 2156; x_wconf 85' lang='grc' dir='ltr'>κολάσεσι</span> <span class='ocrx_word' id='word_1_688' title='bbox 997 2129 1224 2166; x_wconf 72' lang='grc' dir='ltr'>περιϐαλλόμενον</span> <span class='ocrx_word' id='word_1_689' title='bbox 1249 2129 1303 2156; x_wconf 75' lang='grc' dir='ltr'><strong>ἀπὸ</strong></span> <span class='ocrx_word' id='word_1_690' title='bbox 1327 2129 1493 2165; x_wconf 81' lang='grc' dir='ltr'>ἀγαθὸτητος</span> <span class='ocrx_word' id='word_1_691' title='bbox 1518 2129 1698 2164; x_wconf 75' lang='grc' dir='ltr'>οἰκονομεῖται</span> <span class='ocrx_word' id='word_1_692' title='bbox 1737 2128 1823 2155; x_wconf 78' lang='grc' dir='ltr'>Θεοῦ.</span> 
     </span>
    </p>
   </div>
   <div class='ocr_carea' id='block_1_82' title="bbox 187 2173 1826 2211">
    <p class='ocr_par' dir='ltr' id='par_1_82' title="bbox 187 2173 1826 2211">
     <span class='ocr_line' id='line_1_82' title="bbox 187 2173 1826 2211; baseline -0.002 -7"><span class='ocrx_word' id='word_1_693' title='bbox 187 2177 280 2204; x_wconf 75' lang='grc' dir='ltr'>Ταῦτα</span> <span class='ocrx_word' id='word_1_694' title='bbox 309 2176 337 2203; x_wconf 77' lang='grc' dir='ltr'>δὲ</span> <span class='ocrx_word' id='word_1_695' title='bbox 362 2177 427 2211; x_wconf 80' lang='grc' dir='ltr'>ἡμῖν</span> <span class='ocrx_word' id='word_1_696' title='bbox 452 2175 498 2202; x_wconf 76' lang='grc' dir='ltr'>ἐπὶ</span> <span class='ocrx_word' id='word_1_697' title='bbox 520 2174 567 2202; x_wconf 84' lang='grc' dir='ltr'>τοῦ</span> <span class='ocrx_word' id='word_1_698' title='bbox 595 2174 747 2210; x_wconf 83' lang='grc' dir='ltr'>παρόντος,</span> <span class='ocrx_word' id='word_1_699' title='bbox 777 2174 814 2206; x_wconf 84' lang='grc' dir='ltr'>ὡς</span> <span class='ocrx_word' id='word_1_700' title='bbox 839 2174 992 2206; x_wconf 83' lang='grc' dir='ltr'>ὑπέπεσεν,</span> <span class='ocrx_word' id='word_1_701' title='bbox 1012 2175 1132 2211; x_wconf 84' lang='grc' dir='ltr'>εἰρήσθω</span> <span class='ocrx_word' id='word_1_702' title='bbox 1149 2174 1289 2211; x_wconf 76' lang='grc' dir='ltr'>περὶτοῦ,</span> <span class='ocrx_word' id='word_1_703' title='bbox 1309 2184 1318 2200; x_wconf 78' lang='grc' dir='ltr'><strong>ι</strong></span> <span class='ocrx_word' id='word_1_704' title='bbox 1336 2174 1501 2210; x_wconf 84' lang='grc' dir='ltr'>Ἐσκλήρυνε</span> <span class='ocrx_word' id='word_1_705' title='bbox 1514 2173 1615 2208; x_wconf 84' lang='grc' dir='ltr'>Κύριος</span> <span class='ocrx_word' id='word_1_706' title='bbox 1631 2173 1680 2208; x_wconf 84' lang='grc' dir='ltr'>τὴν</span> <span class='ocrx_word' id='word_1_707' title='bbox 1705 2175 1826 2210; x_wconf 80' lang='grc' dir='ltr'>καρδίαν</span> 
     </span>
    </p>
   </div>
   <div class='ocr_carea' id='block_1_83' title="bbox 186 2220 1825 2261">
    <p class='ocr_par' dir='ltr' id='par_1_83' title="bbox 186 2220 1825 2261">
     <span class='ocr_line' id='line_1_83' title="bbox 186 2220 1825 2261; baseline -0.002 -9"><span class='ocrx_word' id='word_1_708' title='bbox 186 2225 296 2261; x_wconf 79' lang='grc' dir='ltr'>Φαραώ.</span> <span class='ocrx_word' id='word_1_709' title='bbox 325 2234 334 2250; x_wconf 70' lang='grc' dir='ltr'><strong>ι</strong></span> <span class='ocrx_word' id='word_1_710' title='bbox 367 2223 428 2250; x_wconf 81' lang='grc' dir='ltr'>Ἐὰν</span> <span class='ocrx_word' id='word_1_711' title='bbox 449 2223 477 2250; x_wconf 81' lang='grc' dir='ltr'><strong>δέ</strong></span> <span class='ocrx_word' id='word_1_712' title='bbox 499 2232 540 2255; x_wconf 85' lang='grc' dir='ltr'><strong>τις</strong></span> <span class='ocrx_word' id='word_1_713' title='bbox 560 2223 591 2249; x_wconf 76' lang='grc' dir='ltr'>τὸ</span> <span class='ocrx_word' id='word_1_714' title='bbox 616 2223 684 2257; x_wconf 77' lang='grc' dir='ltr'>πρὸς</span> <span class='ocrx_word' id='word_1_715' title='bbox 708 2222 752 2248; x_wconf 84' lang='grc' dir='ltr'>τὸν</span> <span class='ocrx_word' id='word_1_716' title='bbox 778 2222 842 2249; x_wconf 78' lang='grc' dir='ltr'>θεὸν</span> <span class='ocrx_word' id='word_1_717' title='bbox 870 2222 982 2254; x_wconf 74' lang='grc' dir='ltr'>εὐσεϐὲς</span> <span class='ocrx_word' id='word_1_718' title='bbox 1000 2222 1108 2258; x_wconf 84' lang='grc' dir='ltr'>τηρῶν,</span> <span class='ocrx_word' id='word_1_719' title='bbox 1132 2223 1291 2258; x_wconf 81' lang='grc' dir='ltr'>κρείττονα,</span> <span class='ocrx_word' id='word_1_720' title='bbox 1315 2222 1363 2249; x_wconf 80' lang='grc' dir='ltr'>καὶ</span> <span class='ocrx_word' id='word_1_721' title='bbox 1393 2221 1524 2257; x_wconf 83' lang='grc' dir='ltr'>μηδαμῶς</span> <span class='ocrx_word' id='word_1_722' title='bbox 1547 2220 1673 2252; x_wconf 76' lang='grc' dir='ltr'>ἀσεϐείας</span> <span class='ocrx_word' id='word_1_723' title='bbox 1697 2221 1825 2256; x_wconf 58' lang='grc' dir='ltr'>ἐφαπτός</span> 
     </span>
    </p>
   </div>
   <div class='ocr_carea' id='block_1_84' title="bbox 189 2267 1524 2308">
    <p class='ocr_par' dir='ltr' id='par_1_84' title="bbox 189 2267 1524 2308">
     <span class='ocr_line' id='line_1_84' title="bbox 189 2267 1524 2308; baseline -0.003 -10"><span class='ocrx_word' id='word_1_724' title='bbox 189 2281 257 2308; x_wconf 82' lang='grc' dir='ltr'>μενα</span> <span class='ocrx_word' id='word_1_725' title='bbox 273 2270 397 2306; x_wconf 80' lang='grc' dir='ltr'>εὑρίσκῃ,</span> <span class='ocrx_word' id='word_1_726' title='bbox 418 2268 485 2305; x_wconf 88' lang='grc' dir='ltr'>μετὰ</span> <span class='ocrx_word' id='word_1_727' title='bbox 500 2268 657 2305; x_wconf 83' lang='grc' dir='ltr'>μαρτυριῶν</span> <span class='ocrx_word' id='word_1_728' title='bbox 673 2268 728 2295; x_wconf 88' lang='grc' dir='ltr'>τῶν</span> <span class='ocrx_word' id='word_1_729' title='bbox 749 2268 804 2295; x_wconf 75' lang='grc' dir='ltr'><strong>άπὸ</strong></span> <span class='ocrx_word' id='word_1_730' title='bbox 822 2268 875 2295; x_wconf 86' lang='grc' dir='ltr'>τῶν</span> <span class='ocrx_word' id='word_1_731' title='bbox 896 2267 975 2294; x_wconf 86' lang='grc' dir='ltr'>θείων</span> <span class='ocrx_word' id='word_1_732' title='bbox 995 2267 1119 2304; x_wconf 80' lang='grc' dir='ltr'>Γραφῶν,</span> <span class='ocrx_word' id='word_1_733' title='bbox 1134 2269 1247 2300; x_wconf 79' lang='grc' dir='ltr'>ἐκείνοις</span> <span class='ocrx_word' id='word_1_734' title='bbox 1269 2268 1368 2303; x_wconf 82' lang='grc' dir='ltr'>μᾶλλον</span> <span class='ocrx_word' id='word_1_735' title='bbox 1384 2267 1524 2303; x_wconf 81' lang='grc' dir='ltr'>χρηστέον.</span> 
     </span>
    </p>
   </div>
   <div class='ocr_carea' id='block_1_85' title="bbox 518 2315 972 2350">
    <p class='ocr_par' dir='ltr' id='par_1_85' title="bbox 518 2316 645 2345">
     <span class='ocr_line' id='line_1_85' title="bbox 518 2316 645 2345; baseline -0.008 -2"><span class='ocrx_word' id='word_1_736' title='bbox 518 2316 550 2343; x_wconf 81' lang='lat' dir='ltr'><strong>Et</strong></span> <span class='ocrx_word' id='word_1_737' title='bbox 570 2317 645 2345; x_wconf 74' lang='lat' dir='ltr'><strong>alibi.</strong></span> 
     </span>
    </p>
   </div>
   <div class='ocr_carea' id='block_1_86' title="bbox 1038 2315 1661 2350">
    <p class='ocr_par' dir='ltr' id='par_1_86' title="bbox 1179 2315 1661 2350">
     <span class='ocr_line' id='line_1_86' title="bbox 1179 2315 1661 2350; baseline -0.006 -6"><span class='ocrx_word' id='word_1_738' title='bbox 1179 2317 1233 2344; x_wconf 81' lang='lat' dir='ltr'><strong>Kal</strong></span> <span class='ocrx_word' id='word_1_739' title='bbox 1247 2317 1282 2343; x_wconf 81' lang='grc' dir='ltr'>ἐν</span> <span class='ocrx_word' id='word_1_740' title='bbox 1292 2316 1398 2349; x_wconf 72' lang='grc' dir='ltr'>ἄλλοις</span> <span class='ocrx_word' id='word_1_741' title='bbox 1410 2316 1475 2350; x_wconf 83' lang='grc' dir='ltr'>περὶ</span> <span class='ocrx_word' id='word_1_742' title='bbox 1489 2315 1542 2342; x_wconf 86' lang='grc' dir='ltr'>τοῦ</span> <span class='ocrx_word' id='word_1_743' title='bbox 1558 2315 1661 2342; x_wconf 79' lang='grc' dir='ltr'>αὐτοῦ.</span> 
     </span>
    </p>
   </div>
   <div class='ocr_carea' id='block_1_87' title="bbox 224 2361 972 2399">
    <p class='ocr_par' dir='ltr' id='par_1_87' title="bbox 224 2363 971 2399">
     <span class='ocr_line' id='line_1_87' title="bbox 224 2363 971 2399; baseline -0.004 -7"><span class='ocrx_word' id='word_1_744' title='bbox 224 2366 263 2393; x_wconf 84' lang='lat' dir='ltr'><strong>Ad</strong></span> <span class='ocrx_word' id='word_1_745' title='bbox 290 2365 363 2392; x_wconf 91' lang='lat' dir='ltr'><strong>illum</strong></span> <span class='ocrx_word' id='word_1_746' title='bbox 382 2368 512 2399; x_wconf 70' lang='lat' dir='ltr'><strong>prmterea</strong></span> <span class='ocrx_word' id='word_1_747' title='bbox 542 2364 631 2390; x_wconf 87' lang='lat' dir='ltr'><strong>locum</strong></span> <span class='ocrx_word' id='word_1_748' title='bbox 661 2363 718 2390; x_wconf 66' lang='lat' dir='ltr'><strong>hate</strong></span> <span class='ocrx_word' id='word_1_749' title='bbox 747 2363 879 2391; x_wconf 83' lang='lat' dir='ltr'><strong>meditor:</strong></span> <span class='ocrx_word' id='word_1_750' title='bbox 908 2371 971 2390; x_wconf 93' lang='lat' dir='ltr'><strong>num</strong></span> 
     </span>
    </p>
   </div>
   <div class='ocr_carea' id='block_1_88' title="bbox 1038 2361 1828 2399">
    <p class='ocr_par' dir='ltr' id='par_1_88' title="bbox 1064 2361 1828 2398">
     <span class='ocr_line' id='line_1_88' title="bbox 1064 2361 1828 2398; baseline 0 -9"><span class='ocrx_word' id='word_1_751' title='bbox 1064 2362 1124 2389; x_wconf 82' lang='grc' dir='ltr'><strong>Ἔτι</strong></span> <span class='ocrx_word' id='word_1_752' title='bbox 1141 2363 1169 2390; x_wconf 81' lang='grc' dir='ltr'>δὲ</span> <span class='ocrx_word' id='word_1_753' title='bbox 1184 2363 1315 2398; x_wconf 80' lang='grc' dir='ltr'>ὲφίστημι</span> <span class='ocrx_word' id='word_1_754' title='bbox 1332 2363 1361 2388; x_wconf 88' lang='grc' dir='ltr'><strong>ἐν</strong></span> <span class='ocrx_word' id='word_1_755' title='bbox 1377 2362 1433 2393; x_wconf 81' lang='grc' dir='ltr'>τοῖς</span> <span class='ocrx_word' id='word_1_756' title='bbox 1453 2361 1522 2388; x_wconf 79' lang='grc' dir='ltr'>κατὰ</span> <span class='ocrx_word' id='word_1_757' title='bbox 1537 2361 1628 2393; x_wconf 86' lang='grc' dir='ltr'>τόπον,</span> <span class='ocrx_word' id='word_1_758' title='bbox 1644 2361 1753 2396; x_wconf 81' lang='grc' dir='ltr'>μήποτε</span> <span class='ocrx_word' id='word_1_759' title='bbox 1764 2362 1828 2398; x_wconf 81' lang='grc'><strong>(58)</strong></span> 
     </span>
    </p>
   </div>
   <div class='ocr_carea' id='block_1_89' title="bbox 224 2434 519 2469">
    <p class='ocr_par' dir='ltr' id='par_1_89' title="bbox 224 2434 519 2469">
     <span class='ocr_line' id='line_1_89' title="bbox 224 2434 519 2469; baseline -0.007 -5"><span class='ocrx_word' id='word_1_760' title='bbox 224 2437 248 2453; x_wconf 85' lang='grc'><strong><em>⁸⁸</em></strong></span> <span class='ocrx_word' id='word_1_761' title='bbox 265 2437 325 2464; x_wconf 76' lang='lat' dir='ltr'><strong>Aut.</strong></span> <span class='ocrx_word' id='word_1_762' title='bbox 343 2436 402 2469; x_wconf 85' lang='lat' dir='ltr'><strong>xui,</strong></span> <span class='ocrx_word' id='word_1_763' title='bbox 416 2434 460 2467; x_wconf 78' lang='grc'><strong>10,</strong></span> <span class='ocrx_word' id='word_1_764' title='bbox 475 2435 519 2462; x_wconf 83' lang='grc' dir='ltr'>Η.</span> 
     </span>
    </p>
   </div>
   <div class='ocr_carea' id='block_1_90' title="bbox 223 2506 976 2544">
    <p class='ocr_par' dir='ltr' id='par_1_90' title="bbox 223 2506 976 2544">
     <span class='ocr_line' id='line_1_90' title="bbox 223 2506 976 2544; baseline -0.004 -7"><span class='ocrx_word' id='word_1_765' title='bbox 223 2508 280 2544; x_wconf 77' lang='grc' dir='ltr'><strong>(ὕ5)</strong></span> <span class='ocrx_word' id='word_1_766' title='bbox 294 2509 364 2536; x_wconf 81' lang='grc' dir='ltr'>Ειθε</span> <span class='ocrx_word' id='word_1_767' title='bbox 445 2506 530 2541; x_wconf 80' lang='grc' dir='ltr'>ἐκάη.</span> <span class='ocrx_word' id='word_1_768' title='bbox 561 2506 599 2534; x_wconf 86' lang='lat' dir='ltr'><strong>Ita</strong></span> <span class='ocrx_word' id='word_1_769' title='bbox 615 2507 641 2533; x_wconf 94' lang='lat' dir='ltr'><strong>in</strong></span> <span class='ocrx_word' id='word_1_770' title='bbox 658 2506 768 2533; x_wconf 80' lang='lat' dir='ltr'><strong>ltoutilia</strong></span> <span class='ocrx_word' id='word_1_771' title='bbox 794 2506 812 2533; x_wconf 81' lang='lat'><strong>5</strong></span> <span class='ocrx_word' id='word_1_772' title='bbox 828 2507 862 2544; x_wconf 76' lang='lat' dir='ltr'><strong>in</strong></span> <span class='ocrx_word' id='word_1_773' title='bbox 877 2506 976 2544; x_wconf 84' lang='lat' dir='ltr'><strong>E_zecb.</strong></span> 
     </span>
    </p>
   </div>
   <div class='ocr_carea' id='block_1_91' title="bbox 188 2541 978 2579">
    <p class='ocr_par' dir='ltr' id='par_1_91' title="bbox 188 2541 978 2579">
     <span class='ocr_line' id='line_1_91' title="bbox 188 2541 978 2579; baseline -0.003 -8"><span class='ocrx_word' id='word_1_774' title='bbox 188 2541 276 2579; x_wconf 78' lang='lat' dir='ltr'><strong>quam</strong></span> <span class='ocrx_word' id='word_1_775' title='bbox 289 2544 369 2579; x_wconf 78' lang='lat' dir='ltr'><strong>vertit</strong></span> <span class='ocrx_word' id='word_1_776' title='bbox 389 2543 588 2579; x_wconf 79' lang='lat' dir='ltr'><strong>Hieronymus,</strong></span> <span class='ocrx_word' id='word_1_777' title='bbox 605 2546 752 2579; x_wconf 80' lang='lat' dir='ltr'><strong>conceptus</strong></span> <span class='ocrx_word' id='word_1_778' title='bbox 771 2545 812 2568; x_wconf 80' lang='lat' dir='ltr'><strong>est</strong></span> <span class='ocrx_word' id='word_1_779' title='bbox 828 2542 878 2568; x_wconf 86' lang='lat' dir='ltr'><strong>iste</strong></span> <span class='ocrx_word' id='word_1_780' title='bbox 897 2541 978 2579; x_wconf 62' lang='lat' dir='ltr'><strong>Lucas</strong></span> 
     </span>
    </p>
   </div>
   <div class='ocr_carea' id='block_1_92' title="bbox 191 2576 976 2611">
    <p class='ocr_par' dir='ltr' id='par_1_92' title="bbox 191 2576 976 2611">
     <span class='ocr_line' id='line_1_92' title="bbox 191 2576 976 2611; baseline -0.004 -6"><span class='ocrx_word' id='word_1_781' title='bbox 191 2576 284 2607; x_wconf 60' lang='lat' dir='ltr'><strong>lacus:</strong></span> <span class='ocrx_word' id='word_1_782' title='bbox 302 2589 310 2604; x_wconf 77' lang='grc' dir='ltr'><strong>ι</strong></span> <span class='ocrx_word' id='word_1_783' title='bbox 325 2578 416 2611; x_wconf 75' lang='lat' dir='ltr'><strong>Ignem</strong></span> <span class='ocrx_word' id='word_1_784' title='bbox 436 2576 498 2605; x_wconf 81' lang='lat' dir='ltr'><strong>veni</strong></span> <span class='ocrx_word' id='word_1_785' title='bbox 518 2577 630 2604; x_wconf 87' lang='lat' dir='ltr'><strong>mittere</strong></span> <span class='ocrx_word' id='word_1_786' title='bbox 647 2576 673 2603; x_wconf 91' lang='lat' dir='ltr'><strong>in</strong></span> <span class='ocrx_word' id='word_1_787' title='bbox 692 2581 790 2603; x_wconf 84' lang='lat' dir='ltr'><strong>terram</strong></span> <span class='ocrx_word' id='word_1_788' title='bbox 805 2596 812 2608; x_wconf 87' lang='lat'><strong>,</strong></span> <span class='ocrx_word' id='word_1_789' title='bbox 830 2581 858 2603; x_wconf 92' lang='lat' dir='ltr'><strong>et</strong></span> <span class='ocrx_word' id='word_1_790' title='bbox 874 2577 976 2603; x_wconf 88' lang='lat' dir='ltr'><strong>utinatu</strong></span> 
     </span>
    </p>
   </div>
   <div class='ocr_carea' id='block_1_93' title="bbox 188 2611 978 2647">
    <p class='ocr_par' dir='ltr' id='par_1_93' title="bbox 188 2611 978 2647">
     <span class='ocr_line' id='line_1_93' title="bbox 188 2611 978 2647; baseline -0.001 -8"><span class='ocrx_word' id='word_1_791' title='bbox 188 2616 241 2647; x_wconf 77' lang='lat' dir='ltr'><strong>jam</strong></span> <span class='ocrx_word' id='word_1_792' title='bbox 266 2614 368 2640; x_wconf 69' lang='lat' dir='ltr'><strong>ardeat.</strong></span> <span class='ocrx_word' id='word_1_793' title='bbox 383 2623 392 2638; x_wconf 79' lang='grc' dir='ltr'><strong>ι</strong></span> <span class='ocrx_word' id='word_1_794' title='bbox 414 2612 482 2639; x_wconf 87' lang='lat' dir='ltr'><strong>Ilinc</strong></span> <span class='ocrx_word' id='word_1_795' title='bbox 497 2613 678 2639; x_wconf 84' lang='lat' dir='ltr'><strong>coulirmatur</strong></span> <span class='ocrx_word' id='word_1_796' title='bbox 693 2611 797 2644; x_wconf 89' lang='lat' dir='ltr'><strong>prolata</strong></span> <span class='ocrx_word' id='word_1_797' title='bbox 813 2611 848 2647; x_wconf 85' lang='lat' dir='ltr'><strong>ab</strong></span> <span class='ocrx_word' id='word_1_798' title='bbox 865 2611 978 2645; x_wconf 80' lang='lat' dir='ltr'><strong>HugOHe</strong></span> 
     </span>
    </p>
   </div>
   <div class='ocr_carea' id='block_1_94' title="bbox 189 2646 975 2681">
    <p class='ocr_par' dir='ltr' id='par_1_94' title="bbox 189 2646 975 2681">
     <span class='ocr_line' id='line_1_94' title="bbox 189 2646 975 2681; baseline -0.005 -5"><span class='ocrx_word' id='word_1_799' title='bbox 189 2650 284 2676; x_wconf 62' lang='lat' dir='ltr'><strong>lirotio</strong></span> <span class='ocrx_word' id='word_1_800' title='bbox 307 2649 358 2674; x_wconf 72' lang='lat' dir='ltr'><strong>lori</strong></span> <span class='ocrx_word' id='word_1_801' title='bbox 386 2647 466 2681; x_wconf 83' lang='lat' dir='ltr'><strong>hujus</strong></span> <span class='ocrx_word' id='word_1_802' title='bbox 480 2648 559 2675; x_wconf 67' lang='lat' dir='ltr'><strong>Luem</strong></span> <span class='ocrx_word' id='word_1_803' title='bbox 582 2646 784 2680; x_wconf 82' lang='lat' dir='ltr'><strong>interpretatio.</strong></span> <span class='ocrx_word' id='word_1_804' title='bbox 799 2646 845 2680; x_wconf 88' lang='lat' dir='ltr'><strong>qui</strong></span> <span class='ocrx_word' id='word_1_805' title='bbox 862 2647 887 2672; x_wconf 91' lang='lat' dir='ltr'><strong>iu</strong></span> <span class='ocrx_word' id='word_1_806' title='bbox 907 2647 975 2673; x_wconf 89' lang='lat' dir='ltr'><strong>auli-</strong></span> 
     </span>
    </p>
   </div>
   <div class='ocr_carea' id='block_1_95' title="bbox 189 2681 974 2717">
    <p class='ocr_par' dir='ltr' id='par_1_95' title="bbox 189 2681 974 2717">
     <span class='ocr_line' id='line_1_95' title="bbox 189 2681 974 2717; baseline -0.003 -8"><span class='ocrx_word' id='word_1_807' title='bbox 189 2685 250 2716; x_wconf 75' lang='lat' dir='ltr'><strong>quis</strong></span> <span class='ocrx_word' id='word_1_808' title='bbox 268 2683 408 2710; x_wconf 67' lang='lat' dir='ltr'><strong>codicibus</strong></span> <span class='ocrx_word' id='word_1_809' title='bbox 430 2683 467 2708; x_wconf 93' lang='lat' dir='ltr'><strong>ita</strong></span> <span class='ocrx_word' id='word_1_810' title='bbox 486 2683 605 2717; x_wconf 84' lang='lat' dir='ltr'><strong>scriptus</strong></span> <span class='ocrx_word' id='word_1_811' title='bbox 622 2686 710 2709; x_wconf 78' lang='lat' dir='ltr'><strong>exstat</strong></span> <span class='ocrx_word' id='word_1_812' title='bbox 722 2688 730 2707; x_wconf 89' lang='lat'><strong>:</strong></span> <span class='ocrx_word' id='word_1_813' title='bbox 743 2681 798 2708; x_wconf 82' lang='lat' dir='ltr'><strong>Kal.</strong></span> <span class='ocrx_word' id='word_1_814' title='bbox 814 2681 840 2707; x_wconf 85' lang='grc' dir='ltr'><strong>τί</strong></span> <span class='ocrx_word' id='word_1_815' title='bbox 852 2681 934 2717; x_wconf 74' lang='grc' dir='ltr'>θέλω,</span> <span class='ocrx_word' id='word_1_816' title='bbox 950 2681 974 2707; x_wconf 79' lang='grc' dir='ltr'>εἰ</span> 
     </span>
    </p>
   </div>
   <div class='ocr_carea' id='block_1_96' title="bbox 189 2716 972 2753">
    <p class='ocr_par' dir='ltr' id='par_1_96' title="bbox 189 2716 972 2753">
     <span class='ocr_line' id='line_1_96' title="bbox 189 2716 972 2753; baseline -0.004 -8"><span class='ocrx_word' id='word_1_817' title='bbox 189 2720 238 2753; x_wconf 59' lang='grc' dir='ltr'><strong>ἔβη</strong></span> <span class='ocrx_word' id='word_1_818' title='bbox 258 2717 385 2753; x_wconf 48' lang='lat' dir='ltr'><strong>(iv-hem};</strong></span> <span class='ocrx_word' id='word_1_819' title='bbox 405 2717 480 2753; x_wconf 83' lang='lat' dir='ltr'><strong>Hunc</strong></span> <span class='ocrx_word' id='word_1_820' title='bbox 500 2722 591 2753; x_wconf 86' lang='lat' dir='ltr'><strong>autem</strong></span> <span class='ocrx_word' id='word_1_821' title='bbox 617 2717 653 2743; x_wconf 81' lang='lat' dir='ltr'><strong>ita</strong></span> <span class='ocrx_word' id='word_1_822' title='bbox 676 2716 823 2753; x_wconf 79' lang='lat' dir='ltr'><strong>distinguit</strong></span> <span class='ocrx_word' id='word_1_823' title='bbox 845 2716 972 2753; x_wconf 66' lang='lat' dir='ltr'><strong>Grotius;</strong></span> 
     </span>
    </p>
   </div>
   <div class='ocr_carea' id='block_1_97' title="bbox 190 2729 975 2791">
    <p class='ocr_par' dir='ltr' id='par_1_97' title="bbox 190 2729 975 2791">
     <span class='ocr_line' id='line_1_97' title="bbox 190 2729 971 2780; baseline -0.003 -36"><span class='ocrx_word' id='word_1_824' title='bbox 190 2729 244 2780; x_wconf 47' lang='grc' dir='ltr'><strong>τρτὶ</strong></span> <span class='ocrx_word' id='word_1_825' title='bbox 258 2729 385 2753; x_wconf 69' lang='grc' dir='ltr'>ανηφυη;</span> <span class='ocrx_word' id='word_1_826' title='bbox 405 2729 480 2744; x_wconf 79' lang='lat' dir='ltr'><strong>nunc</strong></span> <span class='ocrx_word' id='word_1_827' title='bbox 500 2729 591 2744; x_wconf 75' lang='lat' dir='ltr'><strong>autem</strong></span> <span class='ocrx_word' id='word_1_828' title='bbox 618 2729 653 2743; x_wconf 72' lang='lat' dir='ltr'><strong>NH</strong></span> <span class='ocrx_word' id='word_1_829' title='bbox 676 2729 819 2749; x_wconf 63' lang='grc' dir='ltr'>ιιιβιιιικιηι</span> <span class='ocrx_word' id='word_1_830' title='bbox 845 2729 971 2756; x_wconf 49' lang='grc' dir='ltr'><strong>υΙυΙΙυἿῑ</strong></span> 
     </span>
     <span class='ocr_line' id='line_1_98' title="bbox 190 2750 975 2791; baseline -0.004 -11"><span class='ocrx_word' id='word_1_831' title='bbox 190 2756 234 2781; x_wconf 57' lang='lat' dir='ltr'><strong>lia</strong></span> <span class='ocrx_word' id='word_1_832' title='bbox 256 2754 282 2780; x_wconf 81' lang='grc' dir='ltr'><strong>τί</strong></span> <span class='ocrx_word' id='word_1_833' title='bbox 294 2753 377 2784; x_wconf 80' lang='grc' dir='ltr'>θέλω;</span> <span class='ocrx_word' id='word_1_834' title='bbox 432 2752 481 2788; x_wconf 85' lang='grc' dir='ltr'><strong>ἠδη</strong></span> <span class='ocrx_word' id='word_1_835' title='bbox 499 2752 617 2791; x_wconf 46' lang='lat' dir='ltr'><strong>demetit},</strong></span> <span class='ocrx_word' id='word_1_836' title='bbox 630 2757 657 2791; x_wconf 74' lang='lat' dir='ltr'><strong>et</strong></span> <span class='ocrx_word' id='word_1_837' title='bbox 673 2752 712 2790; x_wconf 66' lang='lat' dir='ltr'><strong>sit;</strong></span> <span class='ocrx_word' id='word_1_838' title='bbox 729 2751 837 2785; x_wconf 77' lang='lat' dir='ltr'><strong>exponit</strong></span> <span class='ocrx_word' id='word_1_839' title='bbox 855 2760 871 2791; x_wconf 81' lang='lat'><strong>:_</strong></span> <span class='ocrx_word' id='word_1_840' title='bbox 882 2761 891 2776; x_wconf 78' lang='grc' dir='ltr'><strong>ι</strong></span> <span class='ocrx_word' id='word_1_841' title='bbox 904 2750 975 2783; x_wconf 79' lang='lat' dir='ltr'><strong>Quid</strong></span> 
     </span>
    </p>
   </div>
   <div class='ocr_carea' id='block_1_98' title="bbox 1031 2499 1826 2542">
    <p class='ocr_par' dir='ltr' id='par_1_98' title="bbox 1031 2499 1826 2542">
     <span class='ocr_line' id='line_1_99' title="bbox 1031 2499 1826 2542; baseline -0.01 -9"><span class='ocrx_word' id='word_1_842' title='bbox 1031 2507 1142 2542; x_wconf 87' lang='lat' dir='ltr'><strong>pulatur</strong></span> <span class='ocrx_word' id='word_1_843' title='bbox 1157 2512 1210 2532; x_wconf 91' lang='lat' dir='ltr'><strong>non</strong></span> <span class='ocrx_word' id='word_1_844' title='bbox 1223 2503 1312 2542; x_wconf 71' lang='lat' dir='ltr'><strong>Syrus</strong></span> <span class='ocrx_word' id='word_1_845' title='bbox 1323 2502 1422 2542; x_wconf 42' lang='lat' dir='ltr'><strong>modoL</strong></span> <span class='ocrx_word' id='word_1_846' title='bbox 1432 2502 1478 2528; x_wconf 84' lang='lat' dir='ltr'><strong>sed</strong></span> <span class='ocrx_word' id='word_1_847' title='bbox 1496 2500 1583 2542; x_wconf 53' lang='lat' dir='ltr'><strong>Arabs</strong></span> <span class='ocrx_word' id='word_1_848' title='bbox 1596 2500 1677 2527; x_wconf 82' lang='lat' dir='ltr'><strong>etiam</strong></span> <span class='ocrx_word' id='word_1_849' title='bbox 1689 2505 1715 2526; x_wconf 84' lang='lat' dir='ltr'><strong>et</strong></span> <span class='ocrx_word' id='word_1_850' title='bbox 1725 2499 1826 2533; x_wconf 82' lang='lat' dir='ltr'><strong>Persa;</strong></span> 
     </span>
    </p>
   </div>
   <div class='ocr_carea' id='block_1_99' title="bbox 1031 2535 1828 2572">
    <p class='ocr_par' dir='ltr' id='par_1_99' title="bbox 1031 2535 1828 2572">
     <span class='ocr_line' id='line_1_100' title="bbox 1031 2535 1828 2572; baseline -0.009 -3"><span class='ocrx_word' id='word_1_851' title='bbox 1031 2535 1059 2569; x_wconf 68' lang='lat' dir='ltr'><strong>et</strong></span> <span class='ocrx_word' id='word_1_852' title='bbox 1072 2541 1156 2569; x_wconf 87' lang='lat' dir='ltr'><strong>tnulto</strong></span> <span class='ocrx_word' id='word_1_853' title='bbox 1169 2535 1255 2572; x_wconf 71' lang='lat' dir='ltr'><strong>magis</strong></span> <span class='ocrx_word' id='word_1_854' title='bbox 1269 2539 1335 2572; x_wconf 86' lang='lat' dir='ltr'><strong>ipse,</strong></span> <span class='ocrx_word' id='word_1_855' title='bbox 1355 2541 1384 2564; x_wconf 87' lang='lat' dir='ltr'><strong>ut</strong></span> <span class='ocrx_word' id='word_1_856' title='bbox 1407 2537 1499 2572; x_wconf 76' lang='lat' dir='ltr'><strong>liquet,</strong></span> <span class='ocrx_word' id='word_1_857' title='bbox 1513 2535 1654 2572; x_wconf 68' lang='lat' dir='ltr'><strong>Origenes.</strong></span> <span class='ocrx_word' id='word_1_858' title='bbox 1672 2541 1753 2572; x_wconf 74' lang='lat' dir='ltr'><strong>quem</strong></span> <span class='ocrx_word' id='word_1_859' title='bbox 1769 2544 1828 2562; x_wconf 89' lang='lat' dir='ltr'><strong>non</strong></span> 
     </span>
    </p>
   </div>
   <div class='ocr_carea' id='block_1_100' title="bbox 1031 2547 1828 2610">
    <p class='ocr_par' dir='ltr' id='par_1_100' title="bbox 1031 2547 1828 2610">
     <span class='ocr_line' id='line_1_101' title="bbox 1031 2547 1828 2572; baseline -0.011 -3"><span class='ocrx_word' id='word_1_860' title='bbox 1031 2547 1059 2569; x_wconf 85' lang='lat' dir='ltr'><strong>et</strong></span> <span class='ocrx_word' id='word_1_861' title='bbox 1072 2547 1156 2569; x_wconf 82' lang='lat' dir='ltr'><strong>multo</strong></span> <span class='ocrx_word' id='word_1_862' title='bbox 1169 2547 1210 2566; x_wconf 85' lang='lat' dir='ltr'><strong>tua</strong></span> <span class='ocrx_word' id='word_1_863' title='bbox 1232 2547 1254 2565; x_wconf 83' lang='lat' dir='ltr'><strong>Is</strong></span> <span class='ocrx_word' id='word_1_864' title='bbox 1269 2547 1335 2572; x_wconf 83' lang='lat' dir='ltr'><strong>Ipse,</strong></span> <span class='ocrx_word' id='word_1_865' title='bbox 1355 2547 1384 2564; x_wconf 89' lang='grc' dir='ltr'><strong>ιιι</strong></span> <span class='ocrx_word' id='word_1_866' title='bbox 1407 2547 1499 2572; x_wconf 79' lang='lat' dir='ltr'><strong>liquet,</strong></span> <span class='ocrx_word' id='word_1_867' title='bbox 1513 2547 1654 2569; x_wconf 59' lang='lat' dir='ltr'><strong>ungi-nes,</strong></span> <span class='ocrx_word' id='word_1_868' title='bbox 1672 2547 1753 2568; x_wconf 73' lang='lat' dir='ltr'><strong>quem</strong></span> <span class='ocrx_word' id='word_1_869' title='bbox 1769 2547 1828 2562; x_wconf 84' lang='lat' dir='ltr'><strong>nun</strong></span> 
     </span>
     <span class='ocr_line' id='line_1_102' title="bbox 1031 2547 1828 2610; baseline -0.016 -6"><span class='ocrx_word' id='word_1_870' title='bbox 1031 2577 1069 2604; x_wconf 88' lang='lat' dir='ltr'><strong>ita</strong></span> <span class='ocrx_word' id='word_1_871' title='bbox 1086 2576 1112 2603; x_wconf 90' lang='lat' dir='ltr'><strong>iu</strong></span> <span class='ocrx_word' id='word_1_872' title='bbox 1130 2575 1204 2602; x_wconf 85' lang='lat' dir='ltr'><strong>Luca</strong></span> <span class='ocrx_word' id='word_1_873' title='bbox 1213 2547 1319 2610; x_wconf 48' lang='lat' dir='ltr'><strong>iugisse</strong></span> <span class='ocrx_word' id='word_1_874' title='bbox 1341 2571 1504 2610; x_wconf 69' lang='lat' dir='ltr'><strong>erediderim</strong></span> <span class='ocrx_word' id='word_1_875' title='bbox 1517 2591 1524 2603; x_wconf 85' lang='lat'><strong>,</strong></span> <span class='ocrx_word' id='word_1_876' title='bbox 1546 2571 1584 2597; x_wconf 90' lang='lat' dir='ltr'><strong>uti</strong></span> <span class='ocrx_word' id='word_1_877' title='bbox 1605 2570 1654 2610; x_wconf 70' lang='lat' dir='ltr'><strong>hoc</strong></span> <span class='ocrx_word' id='word_1_878' title='bbox 1676 2569 1736 2609; x_wconf 77' lang='grc' dir='ltr'>Ιοορ</span> <span class='ocrx_word' id='word_1_879' title='bbox 1751 2572 1828 2596; x_wconf 77' lang='lat' dir='ltr'><strong>seri.</strong></span> 
     </span>
    </p>
   </div>
   <div class='ocr_carea' id='block_1_101' title="bbox 1031 2606 1827 2646">
    <p class='ocr_par' dir='ltr' id='par_1_101' title="bbox 1031 2606 1827 2646">
     <span class='ocr_line' id='line_1_103' title="bbox 1031 2606 1827 2646; baseline -0.01 -8"><span class='ocrx_word' id='word_1_880' title='bbox 1031 2617 1105 2646; x_wconf 90' lang='lat' dir='ltr'><strong>ptum</strong></span> <span class='ocrx_word' id='word_1_881' title='bbox 1129 2615 1190 2643; x_wconf 82' lang='lat' dir='ltr'><strong>est;</strong></span> <span class='ocrx_word' id='word_1_882' title='bbox 1207 2606 1259 2636; x_wconf 77' lang='lat' dir='ltr'><strong>sed</strong></span> <span class='ocrx_word' id='word_1_883' title='bbox 1269 2615 1330 2646; x_wconf 78' lang='lat' dir='ltr'><strong>cum</strong></span> <span class='ocrx_word' id='word_1_884' title='bbox 1347 2606 1435 2646; x_wconf 74' lang='lat' dir='ltr'><strong>locum</strong></span> <span class='ocrx_word' id='word_1_885' title='bbox 1461 2613 1497 2646; x_wconf 58' lang='lat' dir='ltr'><strong>ex</strong></span> <span class='ocrx_word' id='word_1_886' title='bbox 1518 2606 1649 2646; x_wconf 68' lang='lat' dir='ltr'><strong>memoria</strong></span> <span class='ocrx_word' id='word_1_887' title='bbox 1669 2606 1827 2646; x_wconf 62' lang='lat' dir='ltr'><strong>recitaret,</strong></span> 
     </span>
    </p>
   </div>
   <div class='ocr_carea' id='block_1_102' title="bbox 1030 2640 1828 2673">
    <p class='ocr_par' dir='ltr' id='par_1_102' title="bbox 1030 2640 1828 2673">
     <span class='ocr_line' id='line_1_104' title="bbox 1030 2640 1828 2673; baseline -0.008 0"><span class='ocrx_word' id='word_1_888' title='bbox 1030 2640 1194 2673; x_wconf 74' lang='lat' dir='ltr'><strong>sententiam</strong></span> <span class='ocrx_word' id='word_1_889' title='bbox 1211 2643 1334 2671; x_wconf 85' lang='lat' dir='ltr'><strong>eamdem</strong></span> <span class='ocrx_word' id='word_1_890' title='bbox 1348 2642 1409 2668; x_wconf 82' lang='lat' dir='ltr'><strong>aliis</strong></span> <span class='ocrx_word' id='word_1_891' title='bbox 1424 2641 1514 2668; x_wconf 89' lang='lat' dir='ltr'><strong>verbis</strong></span> <span class='ocrx_word' id='word_1_892' title='bbox 1528 2640 1652 2666; x_wconf 70' lang='lat' dir='ltr'><strong>retulisse</strong></span> <span class='ocrx_word' id='word_1_893' title='bbox 1669 2640 1828 2667; x_wconf 75' lang='lat' dir='ltr'><strong>verisimile</strong></span> 
     </span>
    </p>
   </div>
   <div class='ocr_carea' id='block_1_103' title="bbox 1073 2681 1225 2708">
    <p class='ocr_par' dir='ltr' id='par_1_103' title="bbox 1073 2681 1225 2708">
     <span class='ocr_line' id='line_1_105' title="bbox 1073 2681 1225 2708; baseline -0.026 0"><span class='ocrx_word' id='word_1_894' title='bbox 1073 2701 1079 2708; x_wconf 88' lang='lat'><strong>.</strong></span> <span class='ocrx_word' id='word_1_895' title='bbox 1096 2681 1225 2708; x_wconf 81' lang='lat' dir='ltr'><strong>&quot;UETIUS.</strong></span> 
     </span>
    </p>
   </div>
   <div class='ocr_carea' id='block_1_104' title="bbox 1027 2681 1828 2751">
    <p class='ocr_par' dir='ltr' id='par_1_104' title="bbox 1027 2681 1828 2751">
     <span class='ocr_line' id='line_1_106' title="bbox 1027 2681 1828 2751; baseline -0.007 -8"><span class='ocrx_word' id='word_1_896' title='bbox 1027 2681 1412 2751; x_wconf 51' lang='lat' dir='ltr'><strong>esiiiflillulli’glu;aquaoslc.</strong></span> <span class='ocrx_word' id='word_1_897' title='bbox 1432 2710 1478 2751; x_wconf 60' lang='lat' dir='ltr'><strong>&quot;te</strong></span> <span class='ocrx_word' id='word_1_898' title='bbox 1494 2717 1574 2751; x_wconf 81' lang='lat' dir='ltr'><strong>voces</strong></span> <span class='ocrx_word' id='word_1_899' title='bbox 1592 2708 1787 2737; x_wconf 83' lang='lat' dir='ltr'><strong>desiderantur</strong></span> <span class='ocrx_word' id='word_1_900' title='bbox 1800 2709 1828 2737; x_wconf 75' lang='lat' dir='ltr'><strong>in</strong></span> 
     </span>
    </p>
   </div>
   <div class='ocr_carea' id='block_1_105' title="bbox 1031 2746 1672 2780">
    <p class='ocr_par' dir='ltr' id='par_1_105' title="bbox 1031 2746 1672 2780">
     <span class='ocr_line' id='line_1_107' title="bbox 1031 2746 1672 2780; baseline -0.011 -2"><span class='ocrx_word' id='word_1_901' title='bbox 1031 2746 1206 2778; x_wconf 49' lang='lat' dir='ltr'><strong>libris&#39;autea</strong></span> <span class='ocrx_word' id='word_1_902' title='bbox 1220 2749 1312 2778; x_wconf 81' lang='lat' dir='ltr'><strong>editis.</strong></span> <span class='ocrx_word' id='word_1_903' title='bbox 1329 2748 1375 2774; x_wconf 85' lang='lat' dir='ltr'><strong>sed</strong></span> <span class='ocrx_word' id='word_1_904' title='bbox 1391 2746 1552 2780; x_wconf 81' lang='lat' dir='ltr'><strong>supplentur</strong></span> <span class='ocrx_word' id='word_1_905' title='bbox 1571 2751 1587 2771; x_wconf 89' lang='lat' dir='ltr'><strong>c</strong></span> <span class='ocrx_word' id='word_1_906' title='bbox 1607 2751 1672 2771; x_wconf 79' lang='lat' dir='ltr'><strong>mss.</strong></span> 
     </span>
    </p>
   </div>
   <div class='ocr_carea' id='block_1_106' title="bbox 1065 2779 1589 2820">
    <p class='ocr_par' dir='ltr' id='par_1_106' title="bbox 1065 2779 1589 2820">
     <span class='ocr_line' id='line_1_108' title="bbox 1065 2779 1589 2820; baseline -0.015 -8"><span class='ocrx_word' id='word_1_907' title='bbox 1065 2784 1121 2820; x_wconf 82' lang='lat'><strong>(57)</strong></span> <span class='ocrx_word' id='word_1_908' title='bbox 1138 2784 1199 2811; x_wconf 78' lang='grc' dir='ltr'><em>Τῶν</em></span> <span class='ocrx_word' id='word_1_909' title='bbox 1216 2784 1324 2818; x_wconf 71' lang='grc' dir='ltr'>ὄψεων.</span> <span class='ocrx_word' id='word_1_910' title='bbox 1344 2781 1413 2820; x_wconf 50' lang='lat' dir='ltr'><strong>Lege</strong></span> <span class='ocrx_word' id='word_1_911' title='bbox 1426 2779 1589 2820; x_wconf 41' lang='lat' dir='ltr'><strong>ﬁgeqtswc:</strong></span> 
     </span>
    </p>
   </div>
   <div class='ocr_carea' id='block_1_107' title="bbox 191 2786 1505 2822">
    <p class='ocr_par' dir='ltr' id='par_1_107' title="bbox 191 2786 1505 2822">
     <span class='ocr_line' id='line_1_109' title="bbox 191 2786 1505 2822; baseline 0.001 -8"><span class='ocrx_word' id='word_1_912' title='bbox 191 2794 278 2816; x_wconf 66' lang='lat' dir='ltr'><strong>autem</strong></span> <span class='ocrx_word' id='word_1_913' title='bbox 296 2795 337 2815; x_wconf 88' lang='lat' dir='ltr'><strong>cst</strong></span> <span class='ocrx_word' id='word_1_914' title='bbox 350 2789 420 2822; x_wconf 84' lang='lat' dir='ltr'><strong>quod</strong></span> <span class='ocrx_word' id='word_1_915' title='bbox 437 2786 500 2820; x_wconf 73' lang='lat' dir='ltr'><strong>upto</strong></span> <span class='ocrx_word' id='word_1_916' title='bbox 511 2788 522 2814; x_wconf 84' lang='lat'><strong>?</strong></span> <span class='ocrx_word' id='word_1_917' title='bbox 534 2786 635 2814; x_wconf 84' lang='lat' dir='ltr'><strong>utiuatn</strong></span> <span class='ocrx_word' id='word_1_918' title='bbox 646 2786 756 2820; x_wconf 82' lang='lat' dir='ltr'><strong>jatujant</strong></span> <span class='ocrx_word' id='word_1_919' title='bbox 771 2786 944 2822; x_wconf 65' lang='lat' dir='ltr'><strong>accendatur.</strong></span> <span class='ocrx_word' id='word_1_920' title='bbox 963 2795 972 2811; x_wconf 69' lang='grc' dir='ltr'><strong>ι</strong></span> <span class='ocrx_word' id='word_1_921' title='bbox 1065 2786 1121 2822; x_wconf 54' lang='lat' dir='ltr'><strong>(Ei?)</strong></span> <span class='ocrx_word' id='word_1_922' title='bbox 1138 2786 1199 2822; x_wconf 53' lang='grc' dir='ltr'><strong>ζῶν</strong></span> <span class='ocrx_word' id='word_1_923' title='bbox 1216 2786 1324 2822; x_wconf 56' lang='grc' dir='ltr'><strong>ὄψεων·</strong></span> <span class='ocrx_word' id='word_1_924' title='bbox 1344 2786 1413 2822; x_wconf 63' lang='grc' dir='ltr'><strong>ἐιεῗῌξξ</strong></span> <span class='ocrx_word' id='word_1_925' title='bbox 1427 2786 1505 2822; x_wconf 46' lang='grc' dir='ltr'>τηρ</span> 
     </span>
    </p>
   </div>
   <div class='ocr_carea' id='block_1_108' title="bbox 1066 2812 1789 2856">
    <p class='ocr_par' dir='ltr' id='par_1_108' title="bbox 1066 2812 1789 2856">
     <span class='ocr_line' id='line_1_110' title="bbox 1066 2812 1789 2856; baseline -0.014 -8"><span class='ocrx_word' id='word_1_926' title='bbox 1066 2812 1122 2856; x_wconf 71' lang='lat' dir='ltr'><strong>&#39;(ssj</strong></span> <span class='ocrx_word' id='word_1_927' title='bbox 1138 2820 1200 2848; x_wconf 81' lang='lat' dir='ltr'><strong>Mss.</strong></span> <span class='ocrx_word' id='word_1_928' title='bbox 1217 2812 1334 2855; x_wconf 76' lang='grc' dir='ltr'>μῆποτε.</span> <span class='ocrx_word' id='word_1_929' title='bbox 1349 2812 1426 2844; x_wconf 79' lang='lat' dir='ltr'><strong>Libb.</strong></span> <span class='ocrx_word' id='word_1_930' title='bbox 1441 2812 1518 2848; x_wconf 75' lang='lat' dir='ltr'><strong>editi,</strong></span> <span class='ocrx_word' id='word_1_931' title='bbox 1536 2814 1682 2850; x_wconf 84' lang='grc' dir='ltr'>μηδέποτε,</span> <span class='ocrx_word' id='word_1_932' title='bbox 1702 2812 1789 2842; x_wconf 66' lang='lat' dir='ltr'><strong>&quot;tate.</strong></span> 
     </span>
    </p>
   </div>
   <div class='ocr_carea' id='block_1_109' title="bbox 190 2819 977 2855">
    <p class='ocr_par' dir='ltr' id='par_1_109' title="bbox 190 2819 977 2855">
     <span class='ocr_line' id='line_1_111' title="bbox 190 2819 977 2855; baseline -0.004 -5"><span class='ocrx_word' id='word_1_933' title='bbox 190 2824 221 2850; x_wconf 79' lang='grc' dir='ltr'><strong>Εἰ</strong></span> <span class='ocrx_word' id='word_1_934' title='bbox 239 2824 310 2851; x_wconf 88' lang='lat' dir='ltr'><strong>enim</strong></span> <span class='ocrx_word' id='word_1_935' title='bbox 336 2819 397 2849; x_wconf 84' lang='lat' dir='ltr'><strong>cum</strong></span> <span class='ocrx_word' id='word_1_936' title='bbox 415 2819 573 2852; x_wconf 82' lang='lat' dir='ltr'><strong>indicativo.</strong></span> <span class='ocrx_word' id='word_1_937' title='bbox 589 2819 708 2852; x_wconf 69' lang='lat' dir='ltr'><strong>utinam,</strong></span> <span class='ocrx_word' id='word_1_938' title='bbox 725 2822 797 2855; x_wconf 90' lang='lat' dir='ltr'><strong>apud</strong></span> <span class='ocrx_word' id='word_1_939' title='bbox 813 2819 977 2847; x_wconf 79' lang='lat' dir='ltr'><strong>llellenistas</strong></span> 
     </span>
    </p>
   </div>
   <div class='ocr_carea' id='block_1_110' title="bbox 190 2855 976 2893">
    <p class='ocr_par' dir='ltr' id='par_1_110' title="bbox 190 2855 976 2893">
     <span class='ocr_line' id='line_1_112' title="bbox 190 2855 976 2893; baseline -0.005 -7"><span class='ocrx_word' id='word_1_940' title='bbox 190 2859 346 2893; x_wconf 71' lang='lat' dir='ltr'><strong>siguilicarc</strong></span> <span class='ocrx_word' id='word_1_941' title='bbox 361 2857 464 2885; x_wconf 78' lang='lat' dir='ltr'><strong>erudite</strong></span> <span class='ocrx_word' id='word_1_942' title='bbox 479 2857 631 2884; x_wconf 77' lang='lat' dir='ltr'><strong>conlinunt.</strong></span> <span class='ocrx_word' id='word_1_943' title='bbox 651 2855 719 2883; x_wconf 85' lang='lat' dir='ltr'><strong>lluie</strong></span> <span class='ocrx_word' id='word_1_944' title='bbox 731 2855 893 2890; x_wconf 80' lang='lat' dir='ltr'><strong>expositioni</strong></span> <span class='ocrx_word' id='word_1_945' title='bbox 908 2855 976 2882; x_wconf 84' lang='lat' dir='ltr'><strong>asti-</strong></span> 
     </span>
    </p>
   </div>
  </div>
