1900 3060
85 111 130 138 ΥΠ
797 112 830 140 lN
848 111 1002 142 EXODUM.

1665 113 1718 140 273

87 169 174 207 ὥσπερ
190 170 215 197 οι
237 171 329 206 ἰατροὶ
346 171 400 197 τῶν
421 171 609 207 λυσσοδήκτων
629 173 673 200 τὸν
693 173 732 200 ἰὸν
757 174 874 202 ἐπισπώ-

935 174 1159 210 quemadmodum
1179 175 1291 210 medici,
1312 181 1407 202 eorum
1424 173 1471 210 qui
1494 181 1512 201 a
1533 173 1627 202 rabido
1652 182 1720 203 cane

91 225 160 252 μενοι
175 216 223 243 ἐπὶ
246 217 297 252 τὴν
321 218 498 252 ἐπιφάνειαν,
517 219 559 245 ἳνα
580 219 617 254 μὴ
638 219 710 246 ἔνδον
733 220 879 255 νεμόμενος

88 262 227 299 διαφθείρῃ
253 263 300 289 τὸν
322 264 465 301 ἄνθρωπον
482 284 489 295 ,
509 264 704 300 χαλεπωτέρας
736 266 879 301 ἐμποιοῦσι

88 307 217 338 διαθέσεις
246 308 294 333 καὶ
314 300 479 344 φλεγμονὰς·
502 308 589 340 οὕτως
601 310 615 336 ὁ
628 309 694 341 Θεὸς
773 311 878 345 ἐγκρυ-

89 352 221 388 πτομένην
238 354 285 380 καὶ
307 354 517 389 ἐμφωλεύουσαν
534 357 590 387 τοῖς
613 355 709 390 βάθεσι
727 356 778 391 τῆς
791 356 879 392 ψυχῆς

89 399 183 425 κακίαν
196 417 204 429 ,
227 398 272 426 διὰ
294 400 345 434 τῆς
372 400 454 427 αὐτοῦ
480 401 604 437 ἰατρικῆς
621 403 770 429 ἐπισπᾶται
788 403 827 434 εἰς
844 402 879 429 τὰ

88 444 144 478 ἔξω,
153 444 225 471 ὥστε
236 446 355 480 φανερὰν
370 446 453 482 αὐτὴν
465 447 512 474 καὶ
529 448 727 484 ἐναργεστέραν
742 448 877 483 γενέσθαι,

88 490 127 518 ἶνα
141 490 213 526 μετά
229 490 309 518 τοῦτο
321 491 372 527 τὴν
387 492 453 527 ἑξῆς
478 493 570 530 ἐπάγῃ
587 493 746 530 θεραπείαν.
760 494 878 522 Τοιαῦτα

87 536 113 562 δὲ
123 535 245 571 ἡγοῦμαι
258 537 306 563 καὶ
321 537 356 564 τὰ
374 537 404 566 tv
419 538 458 573 τῷ
477 540 678 574 Δευτερονομίῳ
689 540 769 575 ῥητὰ,
784 540 878 568 τοῦτον

87 582 180 616 ἔχοντα
197 582 243 609 τὸν
261 583 362 618 τρόπον
372 591 378 599 ·
400 594 409 609 ‹
424 585 479 611 Καὶ
496 585 640 621 μνησθήσῃ
656 587 745 613 πᾶσαν
757 586 806 621 τὴν
820 586 878 614 ὁδὸν

86 629 116 662 ἢν
128 628 243 664 διηγαγέ
258 638 288 655 σε
301 629 404 666 Κύριος
413 631 501 663 ὁΘεός
513 639 559 657 σου
570 631 650 658 τοῦτο
662 633 878 668 τεσσαρακοστὸν

86 672 143 705 ἔτος
169 675 199 700 ὲν
215 676 248 710 τῇ
264 675 371 710 ἐρήμῳ,
386 676 460 708 ὅπως
476 676 591 713 κακώσῃ
615 685 655 709 σε,
682 677 730 704 καὶ
759 678 878 715 πειράσῃ

86 727 124 751 σε,
143 719 190 745 καὶ
203 719 355 756 διαγνωσθῇ
374 720 429 757 (59)
447 721 481 748 τὰ
502 722 531 748 ὲν
543 723 576 758 τῇ
591 721 690 758 καρδίᾳ
704 731 766 755 σου,
786 723 811 749 εί
826 732 878 758 φυ-

87 763 151 801 «άξῃ
165 766 216 797 τὰς
236 766 348 798 ἐντολὰς
369 767 462 799 αὐτοῦ,
477 767 494 802 ἢ
511 767 553 794 οὗ.
571 769 628 795 Καὶ
644 768 768 795 ἐκάκωσε
784 777 814 795 σε
831 769 878 796 καὶ

85 810 275 846 ἐλιμαγχόνισέ
301 811 356 848 (60)
373 820 420 838 σε·
445 813 493 839 καὶ
517 812 639 849 ὲψώμισέ
654 823 683 840 σε
695 814 726 841 τὸ
740 814 844 849 μάννα,
864 815 878 842 δ

933 221 1016 248 ntorsi
1032 224 1106 253 sunt,
1121 221 1197 247 virus
1218 220 1246 247 in
1263 226 1386 255 apertum
1409 220 1602 251 extrahentes.
1628 227 1662 246 ne
1679 228 1717 246 ιιι-

935 271 976 293 lns
987 267 1137 302 depascens
1153 267 1289 294 hominem
1302 269 1436 301 perimat,
1452 265 1603 301 graviorem
1618 265 1721 293 faciunt

932 320 1042 340 sensum
1058 313 1160 340 doloris
1173 317 1202 341 et
1215 312 1442 340 inﬂammationes
1459 320 1466 345 ;
1484 312 1521 339 ita
1539 312 1612 339 Deus
1638 310 1716 338 abdi-

932 362 987 384 tam
1014 362 1042 384 et
1059 357 1192 385 inclusam
1220 357 1282 383 imis
1302 357 1384 384 veluti
1404 357 1487 384 animi
1507 356 1631 384 medullis
1659 364 1723 390 pra-

933 403 1045 430 vitatem
1065 403 1198 430 medicina
1214 410 1261 430 sua
1280 402 1354 429 foras
1377 402 1508 434 extrahit,
1535 406 1564 429 ut
1584 406 1675 437 aperta
1693 406 1721 429 et

931 449 1044 476 evidens
1066 448 1131 480 ﬂat,
1154 453 1185 475 ut
1211 452 1404 482 congruentem
1427 448 1524 475 deinde
1553 446 1720 474 curationent

931 495 1071 522 adhibeat.
1094 494 1154 527 Quo
1171 493 1309 527 pertinere
1333 493 1452 520 arbitror
1472 493 1529 520 [nec
1543 492 1569 520 in
1585 492 1720 519 Deutero-

932 540 1024 567 nomio
1054 540 1157 574 scripta
1181 540 1205 556 ⁸⁵
1228 546 1235 566 :
1265 548 1275 565 ς
1297 538 1330 566 Et
1358 538 1545 566 recordaberis
1566 539 1719 565 universam

931 587 1002 612 viam
1017 592 1156 620 perquam
1169 585 1282 613 deduxit
1298 589 1324 612 te
1339 583 1471 610 Dontinus
1497 584 1568 611 Deus
1582 588 1654 614 tuus,
1671 590 1721 610 an-

931 640 996 658 num
1011 631 1066 666 jam
1081 631 1320 666 quadragesimum
1347 630 1373 657 in
1399 629 1556 661 solitudine,
1576 633 1606 655 ut
1621 628 1722 663 afﬂige-

932 683 972 705 ret
985 684 1011 705 te
1028 682 1055 705 et
1075 682 1200 710 tentaret,
1222 681 1249 704 et
1272 681 1505 712 cognoscerentur
1521 682 1581 710 qua:
1597 674 1623 701 in
1640 675 1722 702 corde

933 729 978 751 tuo
994 727 1074 756 sunt;
1092 730 1126 750 an
1150 730 1243 750 serves
1260 722 1388 749 mandata
1412 721 1480 756 ejus,
1506 727 1606 753 necne;
1627 725 1655 747 et
1679 719 1721 746 af-

931 769 1001 796 ﬂixit
1026 775 1053 797 le
1070 774 1097 797 et
1124 768 1212 796 inedia
1240 767 1383 802 fatigavit,
1405 771 1431 793 et
1455 766 1529 801 pavit
1552 770 1577 793 te
1603 773 1722 798 manna,

931 819 1002 851 quod
1020 821 1048 843 tu
1070 823 1123 842 non
1139 822 1267 847 noveras,
1286 821 1373 848 neque
1399 818 1531 840 noverant.
1553 817 1644 847 patres
1662 811 1722 844 tui;

81 856 132 883 οὐκ
145 857 221 892 ᾔδεις
238 858 282 889 σὺ,
303 858 351 885 καὶ
367 859 418 886 οὐκ
440 859 550 894 ¹ᾔδεισαν
561 860 586 886 οἱ
608 860 724 896 πατέρες
749 869 807 886 σου·
836 861 874 887 ἵνα

935 867 960 889 ιιι
978 862 1170 889 enuntiaretur
1190 860 1238 887 tibi
1255 859 1328 895 quod
1349 868 1401 886 non
1426 859 1453 886 in
1474 857 1533 886 solo
1559 864 1628 892 pane
1651 857 1724 884 vivet

83 902 231 940 ἀναγγείλῃ
255 912 298 930 σοι
327 903 367 931 ὅτι
386 904 437 931 οὐκ
453 905 497 932 ἐπ’
511 906 586 942 ἄρτῳ
609 906 681 942 μόνῳ
698 906 809 942 ζήσεται
833 908 876 936 ἀν-

85 947 192 984 θρωπος
205 969 213 981 ,
234 949 292 976 ἀλλ’
315 950 362 977 ἐπὶ
376 951 457 978 παντὶ
473 952 577 988 ῥήματι
604 953 814 989 ἐκπορευομένῳ
833 955 878 981 διὰ

85 993 217 1029 στόματος
238 994 307 1021 Θεοῦ
332 995 446 1031 ζήσεται
472 997 647 1033 ἄνθρωπος.»
682 1000 766 1035 Τήρει
795 1000 824 1027 δὲ
847 1001 877 1027 ὲν

83 1038 188 1071 τούτοις
210 1040 252 1066 ὁτι
268 1042 350 1067 κακοί
363 1042 377 1068 ό
395 1041 462 1074 Θεὸς
478 1043 525 1070 καὶ
542 1043 687 1079 πειράζει,
705 1045 749 1072 ἴνα
764 1046 878 1080 διαγνω-

83 1083 133 1119 σθῇ
149 1084 184 1110 τὰ
198 1086 227 1112 ὲν
243 1087 276 1121 τῇ
301 1086 417 1113 ἑκάστου
434 1088 543 1124 καρδίᾳ,
561 1089 599 1121 ὼς
613 1089 679 1117 ὄντα
697 1091 756 1126 μὲν,
781 1093 879 1120 ἐναπο-

83 1130 200 1165 κείμενα
214 1131 243 1157 δὲ
260 1131 299 1167 τῷ
320 1132 413 1167 βάθει,
435 1134 482 1161 καὶ
500 1135 541 1166 εἰς
557 1137 673 1171 φανερὸν
689 1137 733 1164 διὰ
752 1138 808 1166 τῶν
829 1148 878 1166 κα-

82 1175 194 1203 κώσεων
211 1177 357 1213 ἐρχόμενα.
377 1179 504 1206 Τοιοῦτόν
520 1181 578 1207 ἐστι
594 1182 641 1208 καὶ
656 1182 686 1209 τὸ
700 1185 730 1210 ὲ.ν
746 1183 786 1219 τῷ
815 1185 875 1212 Ἰὼὸ

82 1221 134 1247 ὑπὸ
149 1221 197 1248 τοῦ
214 1223 317 1259 Κυρίου
332 1223 375 1251 διὰ
393 1224 523 1256 λαίλαπος
543 1227 590 1253 καὶ
603 1228 691 1263 νεφῶν
703 1230 875 1265 ἀπαγγελλό-

82 1276 162 1302 μενον
178 1268 236 1303 (61)
249 1270 317 1305 πρὸς
327 1270 372 1296 τὸν
393 1270 461 1304 Ἰὼϐ,
478 1272 578 1305 οὕτως·
596 1283 604 1299 ι
617 1274 674 1301 Οἴει
691 1283 724 1311 με
737 1276 825 1309 ἄλλως
836 1286 876 1304 σοι

81 1315 327 1358 κεχρηματικέναι,
343 1316 359 1351 ἢ
377 1316 419 1343 ἴνα
435 1317 576 1354 ἀναφανῇς
589 1319 706 1352 δίκαιος·
718 1331 728 1347 ι
746 1321 807 1349 οὔτε
823 1323 876 1358 γὰρ

80 1357 151 1391 εἷπε,
160 1360 228 1396 γένῃ
241 1360 353 1394 δίκαιος,
364 1362 430 1395 ἀλλ’,
441 1363 483 1391 ἵνα
492 1365 642 1401 ἀναφανῇς,
654 1367 773 1400 τοιοῦτος
783 1367 820 1396 ὥν
830 1357 878 1396 καὶ

80 1405 134 1441 πρὸ
145 1405 201 1432 τῶν
211 1408 527 1446 πειρασμῖιν,ἀναφανῇς
534 1410 561 1436 δὲ
568 1412 596 1437 ὲν
602 1413 657 1442 τοῖς
666 1421 696 1438 συ
701 1413 876 1448 μϐεὸηκόσιν.

79 1450 133 1477 Καὶ
147 1451 244 1478 πάλιν
259 1452 295 1478 ἐν

260 1488 385 1519 Ἔίξοὸον·
401 1488 610 1524 σημειώσεσινί
625 1492 692 1528 (6'2).

116 1531 214 1566 Ἔλεγε
229 1532 258 1559 δέ
269 1541 311 1564 τις
323 1534 376 1560 τῶν
386 1534 446 1561 καθ’
460 1536 542 1570 ἡμᾶς.
557 1537 612 1563 ἀπὸ
627 1538 675 1572 τῆς
693 1539 835 1574 συνηθείας
846 1541 876 1568 τὺ

79 1575 248 1621 ζητούμενον
262 1578 517 1615 παραμυθούμενος,
527 1581 568 1607 ὅτι
583 1582 712 1615 πολλάκις
722 1584 747 1610 οἱ
763 1586 876 1621 χρηστοὶ

78 1620 168 1656 κύριοι
185 1623 428 1659 μακροθυμῶντες
452 1625 499 1651 ἐπὶ
515 1627 578 1658 τοὺς
599 1628 808 1664 ἁμαρτάνοντας
822 1631 876 1659 τῶν

77 1668 204 1700 οἰκετῶν,
220 1668 313 1703 λέγειν
324 1669 435 1698 εἰώθασι
445 1671 500 1707 (65)
511 1672 551 1705 τὸ,
564 1683 573 1699 ‹
585 1674 656 1708 Ἐγώ
673 1684 703 1702 σε
718 1677 872 1710 ἀπώλεσα,ι

77 1714 140 1760 καὶ,
160 1724 169 1740 ι
191 1714 262 1748 Ἐγὼ
279 1724 310 1741 σε
326 1717 442 1752 πονηρὸν
454 1718 581 1755 ἐποίησα,
603 1729 612 1745 ι
629 1721 699 1756 μετά
721 1723 768 1749 τοῦ
795 1724 876 1760 ἤθους

76 1759 269 1794 ἐμφαίνοντες,
285 1761 325 1787 ὄτι
338 1763 354 1797 ἡ
365 1764 518 1799 χρηστότης
532 1765 623 1793 αὐτῶν
639 1766 685 1793 καὶ
699 1769 876 1805 μακροθυμία

76 1807 309 1851 πρόφασιςᾲδοκεῖ
323 1809 465 1842 γεγονέναι
477 1810 528 1846 τῆς
549 1812 595 1838 ἐπὶ
621 1812 714 1840 πλεῖον
730 1816 873 1851 πονηρίας.

76 1851 184 1887 Ὠσπερ
203 1849 251 1879 οὖν
277 1853 380 1881 τούτων
401 1854 554 1891 λεγομένων
577 1857 688 1885 δύναταί
714 1868 756 1892 τις
787 1849 875 1896 λεγειν

76 1897 275 1931 συκοφαντῶν,
303 1899 345 1925 ὅτι
370 1899 545 1936 ὡμολόγησεν
568 1903 582 1929 δ
605 1903 738 1941 δεσπότης
757 1908 875 1943 πονηρὸν

75 1943 258 1990 πεποιηκέναι
273 1944 319 1990 τὸν
333 1945 441 1981 οἰκέτην
451 1955 458 1961 ·
473 1947 544 1975 οὕτω
559 1949 593 1975 τὰ
607 1949 660 1976 ὑπὸ
676 1951 725 1987 τῆς
738 1952 875 1990 ἀγαθότη-

73 1996 120 2034 τος
139 1989 188 2015 τοῦ
216 1989 284 2034 Θεοῦ
311 1990 448 2027 πρόῳασις
467 1993 600 2029 γενόμενα
620 1996 669 2031 τῆς
693 1997 875 2034 σκληρότητος

73 2032 120 2060 τοῦ
136 2033 250 2079 Φαραὼ,
265 2035 465 2071 ὲσκληρυκέναι
479 2038 684 2075 ἀναγέγραπται
697 2032 875 2079 τὴνγκαρδίαν

73 2078 185 2115 ιῘιαριιώ.
204 2080 439 2117 Παραμυθήσεται
455 2083 483 2109 δὲ
505 2080 584 2117 οὗτος
601 2085 656 2122 (64)
683 2087 714 2120 ἐξ
732 2078 876 2116 ἀποστολι-

932 907 1013 935 homo
1026 925 1034 939 .
1060 907 1107 934 sed
1134 906 1160 933 in
1185 906 1257 932 ontni
1279 905 1363 932 verbo
1375 926 1382 938 ,
1401 903 1472 939 quod
1492 903 1615 938 procedit
1629 910 1677 937 per
1691 909 1723 930 os

932 953 991 985 Dei,
1008 953 1080 980 vivet
1106 952 1198 979 homo.
1215 960 1224 976 ι
1241 950 1361 979 Observa
1389 951 1414 977 in
1440 950 1483 977 his
1504 949 1588 976 Deum
1604 948 1723 983 allligere

931 1004 958 1027 et
972 1003 1088 1030 tentare.
1103 1001 1134 1025 ut
1149 997 1346 1031 dignoscantur
1367 1003 1428 1030 qua:
1444 995 1470 1022 in
1491 993 1623 1029 cujusque
1640 994 1722 1020 corde

929 1049 1002 1077 sunt,
1020 1049 1050 1071 ut
1065 1051 1125 1078 quae
1144 1043 1200 1070 sint
1215 1041 1326 1076 quidem
1339 1061 1346 1074 ,
1365 1041 1413 1068 sed
1431 1041 1456 1067 in
1474 1039 1609 1076 profundo
1627 1046 1723 1066 recou-

927 1091 1001 1123 dila,
1028 1097 1088 1124 qua:
1113 1096 1162 1124 per
1180 1095 1296 1123 angores
1321 1091 1349 1114 et
1375 1086 1515 1113 molestias
1543 1085 1569 1112 in
1594 1089 1722 1119 apertum

928 1139 1116 1170 prorumpunt.
1135 1133 1273 1169 Ejusmodi
1296 1137 1352 1166 est,
1371 1133 1442 1167 quod
1465 1132 1492 1159 in
1511 1131 1582 1160 libro
1603 1131 1654 1158 Job
1667 1131 1691 1158 ei
1707 1139 1722 1158 ιι

930 1181 1043 1209 Domino
1057 1188 1105 1216 per
1118 1180 1255 1208 turbinem
1269 1183 1296 1206 et
1313 1179 1399 1206 nubes
1416 1178 1570 1206 declaratur
1583 1178 1606 1194 ⁸⁸
1621 1189 1627 1206 :
1643 1187 1653 1204 α
1668 1178 1721 1205 Ar-

930 1227 1041 1255 bitraris
1059 1234 1101 1254 tne
1117 1226 1196 1253 aliam
1205 1226 1239 1253 ob
1249 1232 1357 1253 causam
1370 1229 1458 1252 tecum
1470 1231 1530 1252 esse
1540 1224 1719 1257 collocutum,

931 1273 982 1300 nisi
1005 1271 1085 1307 119
1099 1277 1128 1298 ut
1153 1272 1243 1306 justus
1268 1277 1435 1305 apparares;
1449 1278 1459 1295 ι
1477 1277 1526 1297 nec
1539 1269 1610 1297 enim
1631 1269 1720 1300 dixit,

931 1324 962 1347 ut
979 1319 1058 1346 ﬂeres
1073 1318 1173 1353 justus.
1188 1317 1236 1345 sed
1260 1322 1291 1344 ut
1310 1323 1471 1352 appareres,
1483 1323 1545 1343 cum
1561 1315 1622 1344 talis
1638 1316 1721 1343 etiam

931 1371 995 1394 ante
1008 1366 1175 1394 tenlationcs
1191 1366 1297 1399 fuisses,
1313 1372 1460 1400 appareret;
1474 1368 1564 1391 autem
1577 1363 1603 1390 in
1618 1363 1720 1399 iisquae

931 1414 1106 1441 accidissent.

309 1453 392 1495 ᾁξλῳ
407 1455 485 1490 τόμῳ
501 1455 537 1495 ἐν
551 1456 616 1489 ταῖς
635 1458 740 1495 quem}
757 1460 801 1493 εἰς
820 1460 874 1495 τὴν

935 1455 1031 1483 Rursus
1047 1457 1074 1483 in
1089 1456 1142 1483 alio
1154 1461 1234 1488 (omo,
1250 1456 1277 1482 in
1292 1456 1384 1495 iisdem
1398 1457 1432 1482 ad
1454 1455 1575 1483 Erodum
1590 1463 1720 1483 commen-

1285 1492 1372 1518 luriis.

966 1537 1079 1565 Dicebat
1091 1537 1190 1572 aliquis
1203 1544 1219 1565 e
1237 1537 1341 1564 nostris
1361 1536 1518 1569 coataneis,
1543 1543 1592 1571 per
1611 1545 1642 1564 ca
1659 1545 1720 1572 quae

929 1583 956 1610 in
982 1590 1033 1610 usu
1059 1587 1123 1610 sunt
1138 1603 1146 1616 ,
1175 1583 1200 1610 id
1213 1603 1221 1615 ,
1239 1582 1312 1622 quod
1332 1581 1388 1617 jam
1409 1582 1553 1617 queritur,
1578 1583 1719 1616 molliens,

929 1636 1000 1664 saepe
1023 1629 1108 1657 bonos
1136 1629 1263 1656 dominos
1284 1629 1420 1663 patientes
1444 1628 1470 1655 in
1495 1628 1601 1655 delictis
1625 1635 1720 1656 servo-

930 1683 990 1703 rum
1014 1675 1107 1702 dicere
1129 1674 1218 1702 solere
1238 1682 1245 1702 :
1262 1682 1272 1700 ‹
1289 1673 1345 1709 Ego
1361 1679 1386 1702 te
1402 1674 1520 1708 perdidi.
1543 1681 1594 1708 ego
1618 1678 1644 1702 te
1666 1674 1715 1701 im-

929 1721 1042 1755 probum
1069 1720 1136 1754 feci;
1154 1729 1164 1748 ι
1198 1720 1250 1748 hoc
1273 1725 1352 1756 pacto
1378 1727 1440 1747 cum
1474 1719 1570 1747 affectu
1602 1720 1719 1755 quodam

929 1767 1107 1793 ostendentes
1133 1765 1284 1792 bonitatem
1307 1769 1335 1792 et
1358 1763 1516 1799 patientiam
1543 1772 1620 1791 suam
1654 1772 1720 1791 cau-

928 1818 986 1838 sam
1003 1811 1088 1838 videri
1111 1810 1248 1842 attulisse,
1266 1817 1316 1837 cur
1333 1817 1428 1837 eorum
1449 1813 1590 1836 cresceret
1617 1809 1720 1843 impro-

928 1855 1009 1884 bitas.
1025 1855 1166 1888 Quomodo
1180 1855 1272 1891 igitur,
1287 1862 1349 1882 cum
1366 1855 1424 1882 hate
1438 1854 1578 1887 dicuntur,
1596 1854 1719 1881 cavillari

928 1901 990 1936 quis
1004 1906 1105 1936 potest,
1123 1900 1226 1928 [assum
1242 1908 1303 1927 esse
1320 1900 1471 1932 domimnn,
1491 1907 1521 1926 se
1541 1907 1650 1927 servum
1669 1900 1721 1926 im-

929 1946 1045 1981 probum
1071 1946 1168 1974 fecisse
1190 1954 1198 1973 :
1222 1946 1262 1973 sic
1276 1953 1337 1980 quae
1353 1953 1367 1972 a
1384 1943 1552 1979 benignitate
1566 1945 1612 1971 Dei
1629 1945 1720 1980 profe-

928 1997 971 2021 cta
987 1996 1060 2026 sunt,
1075 1992 1153 2027 quasi
1167 1999 1248 2018 causa
1262 1991 1363 2018 fuerint
1376 1990 1556 2018 indurationis
1571 1990 1718 2023 Pharaoni,

928 2047 978 2066 cor
994 2038 1145 2066 Pharaonis
1160 2038 1303 2065 indurasse
1318 2037 1458 2064 dicuntur.
1478 2037 1599 2071 Apostoli
1627 2041 1719 2064 autent

928 2085 1029 2118 verbis,
1045 2085 1090 2112 hic
1103 2092 1135 2112 ea
1160 2092 1219 2119 quae
1236 2082 1390 2117 cogitavit,
1405 2082 1489 2110 leniet
1502 2082 1525 2098 °'
1539 2090 1547 2110 :
1568 2091 1577 2108 ι
1598 2083 1637 2109 An
1652 2082 1719 2109 divi-

73 2124 130 2151 κιῖιν
147 2125 251 2161 ῥητῶν,
264 2126 279 2152 ὃ
291 2127 419 2160 νενόηκεν
434 2128 521 2155 εἰπεῖν
533 2138 539 2144 ·
558 2139 567 2155 ι
582 2131 618 2157 Ἢ
630 2131 676 2158 τοῦ
694 2132 809 2161 πλούτου
824 2136 874 2171 τῆς

935 2132 980 2159 .ias
997 2130 1130 2159 bonitatis
1151 2130 1235 2164 ipsius
1252 2134 1280 2157 et
1305 2128 1513 2156 sustentationis
1529 2133 1557 2156 et
1581 2128 1719 2164 patientiae

75 2171 261 2206 ιρηστότητος
279 2172 360 2199 αὐτοῦ
374 2173 421 2200 καὶ
437 2174 487 2209 τῆς
509 2176 609 2211 ἀνοχῆς
624 2177 671 2204 καὶ
694 2178 745 2213 τῆς
771 2188 872 2217 μακρο-

74 2217 177 2254 θυμίας
191 2221 384 2256 καταφρονεῖς,
395 2221 500 2255 ἀγνοῶν
513 2222 554 2249 ὅτι
566 2222 598 2249 τὸ
611 2225 729 2260 χρηστὸν
743 2226 791 2253 τοῦ
808 2227 875 2254 Θεοῦ

73 2266 113 2296 εἷς
130 2265 278 2300 μετάνοιάν
303 2274 333 2292 σε
347 2266 428 2301 am;
446 2267 490 2294 Bri
510 2268 538 2295 δὲ
560 2269 610 2305 τὴν
627 2270 797 2308 σκληρότητά
815 2282 873 2306 σου,

74 2311 121 2338 καὶ
134 2312 326 2348 ἀμετανόητον
340 2313 453 2348 καρδίαν
471 2313 646 2351 θησαυρίζεις
667 2318 773 2354 σεαυτῷ
788 2319 874 2356 ὀργὴν

74 2357 103 2382 ὲν
117 2357 213 2393 ἡμέρᾳ
229 2358 324 2393 ὀργῆς,
342 2359 390 2385 καὶ
408 2360 622 2396 ἀποκαλύψεως,
639 2363 687 2389 καὶ
703 2363 875 2402 δικαιοσύνης

74 2402 120 2428 τοῦ
138 2402 221 2434 Θεοῦ,
237 2403 267 2434 ὂς
283 2403 418 2430 ἀποδώσει
432 2405 541 2441 ἑκάστῳ
553 2406 622 2433 κατὰ
631 2406 664 2433 τὰ
676 2407 744 2443 ἔργα
754 2409 848 2436 αὑτοῦ.
862 2420 871 2437 ι

81 2448 109 2475 '0
125 2449 210 2481 αὐτὸς
223 2448 289 2483 γοῦν
305 2450 463 2483 Ἀπόστολος
478 2451 507 2478 ὲν
523 2453 556 2488 τῇ
571 2452 639 2488 πρὸς
653 2453 803 2489 Ῥωμαίους
816 2457 876 2482 ἐπι-

109 2506 135 2524 “
153 2507 233 2535 Dent.
250 2514 310 2541 vnt,
328 2507 356 2540 2,
369 2508 399 2536 5.

120 2589 171 2628 ξιξ)
189 2590 254 2628 Mss.
270 2590 435 2628 διαγνῳσθῇ,
448 2592 607 2628 Τατίιιιιειει
623 2593 736 2620 llnetius
748 2592 872 2628 γνωσθῇ.

122 2625 170 2664 {'19)
191 2625 439 2664 ςβλιμᾳγχόνιᾳξτ
453 2627 541 2655 Serib.
558 2625 767 2664 ελιμαγχόνησε.

75 2660 269 2721 “Liuius”
283 2661 534 2698 ἀπαγγελλόμενον.
556 2660 615 2690 Lib.
637 2660 724 2695 editif
740 2663 874 2698 ἐπαγγελ-

75 2703 201 2730 ιομενον.

109 2730 168 2765 (62)
185 2730 316 2768 ἐν-τοῖς
339 2730 445 2768 αὐταῖς
468 2733 512 2765 είς
529 2732 588 2767 τὴν
602 2732 730 2765 Ἕξυδον
745 2732 872 2768 σημειώ-

74 2773 177 2803 sectr.
191 2766 262 2798 Quid
276 2766 508 2803 Sillliqnpattbdst;
528 2768 647 2795 diximus
663 2769 688 2794 itt
703 2766 871 2803 Origéhialiis

76 2800 124 2827 lib.
144 2808 186 2833 In,
210 2809 272 2834 cap.
289 2801 316 2837 2.
336 2800 391 2828 nae
410 2802 591 2836 appellatione
613 2803 712 2837 scripta
733 2800 763 2830 ea
779 2805 869 2831 conti-

75 2840 179 2863 nentur
200 2844 262 2870 qua:
283 2836 316 2864 ad
334 2837 405 2864 aliud
427 2837 561 2872 scriptum
580 2836 754 2872 adjiciuntur.
776 2839 868 2873 Itaque

928 2177 1094 2209 contemnis,
1112 2176 1242 2212 ignorans
1255 2175 1450 2211 benignitatem
1472 2175 1519 2202 Dei
1537 2180 1563 2202 te
1583 2175 1616 2202 ad
1631 2175 1718 2210 paeni-

929 2223 1043 2251 tentiam
1059 2223 1216 2251 deducere?
1231 2223 1278 2250 sed
1294 2226 1404 2257 propter
1420 2222 1546 2249 duritiem
1561 2227 1587 2249 et
1603 2229 1650 2249 cor
1662 2229 1720 2256 paea

928 2270 1015 2297 nitere
1029 2270 1164 2303 nescium,
1180 2275 1326 2296 coacervas
1341 2268 1388 2295 tibi
1414 2268 1482 2295 iram
1498 2268 1524 2295 in
1543 2268 1586 2295 die
1604 2268 1650 2295 ira:
1663 2288 1671 2301 ,
1690 2273 1718 2294 et

928 2316 1134 2348 declarationis,
1146 2319 1173 2344 et
1190 2314 1303 2350 justitia:
1319 2314 1376 2347 Dei,
1391 2314 1438 2349 qui
1458 2314 1554 2341 reddet
1571 2313 1718 2347 unicuique

928 2370 978 2398 pro
992 2362 1124 2397 operibus
1147 2361 1216 2397 ejus.
1237 2371 1246 2388 ι
1265 2361 1323 2396 Ipse
1346 2360 1417 2387 idem
1438 2359 1583 2394 Apestolus
1608 2359 1635 2386 in
1654 2358 1718 2393 Epi-

928 2408 998 2436 stola
1015 2409 1049 2436 ad
1071 2408 1209 2436 Romanos
1222 2409 1260 2435 ait
1272 2408 1316 2435 ⁸⁷;
1337 2415 1346 2433 ι
1368 2405 1397 2433 Si
1419 2411 1510 2434 autem
1536 2406 1607 2432 Deus
1624 2403 1718 2431 volens

928 2456 1075 2484 ostendere
1096 2455 1180 2487 iram.
1197 2461 1224 2482 et
1241 2457 1389 2490 potentiam
1405 2461 1482 2481 suam
1502 2456 1592 2479 notam
1615 2451 1716 2484 facere,

454 2509 476 2525 ⁸⁸
490 2509 540 2537 Job
556 2518 599 2543 ιιι,
616 2511 643 2537 5.
686 2511 709 2527 ⁸⁸
721 2512 801 2540 Rom.
822 2521 854 2547 Il,
871 2512 898 2547 4,
912 2513 940 2546 5,
954 2513 982 2541 6.
1024 2512 1046 2528 "
1063 2512 1141 2542 Rom.
1158 2521 1195 2546 Ix,
1209 2513 1255 2540 2i.

929 2591 1004 2627 plena
1022 2593 1231 2625 commentaria.
1241 2601 1309 2627 quos
1320 2597 1407 2620 tomos
1423 2589 1715 2627 inseripsitVOrigenes,

929 2626 955 2655 et
971 2629 1074 2655 scholia
1092 2628 1225 2656 vocabulo
1242 2626 1295 2656 isto
1318 2628 1468 2662 signiﬁcata
1488 2626 1618 2661 reperias,
1648 2634 1710 2652 nam

930 2669 1047 2698 utraque
1071 2664 1103 2690 ad
1126 2669 1284 2691 contextum
1306 2663 1519 2695 adﬁciebantur,
1533 2662 1610 2698 cujus
1627 2663 1715 2696 gratia

928 2697 1036 2760 {perant
1051 2698 1201 2726 elaborata.
1227 2698 1283 2725 lloc
1305 2703 1395 2729 autem
1418 2698 1478 2724 loco
1494 2697 1557 2724 tomi
1574 2702 1713 2724 notantur.

953 2740 1059 2760 UETIUS.

953 2740 1059 2760 UETIUS.

962 2769 1019 2802 (65)
1040 2767 1116 2799 Mss.,
1131 2767 1251 2794 εἰώθασι.
1272 2766 1350 2794 Libb.
1363 2766 1442 2802 editi,
1456 2765 1600 2802 εἰώθεσαν.

960 2798 1028 2838 (64')
1050 2798 1125 2831 Unus
1147 2803 1233 2831 codex
1257 2811 1308 2831 ms.
1322 2822 1330 2836 ,
1347 2798 1435 2834 οὗτος.
1462 2801 1542 2830 Libb.
1564 2802 1643 2830 cditt.
1665 2799 1713 2827 οὓ-

922 2847 986 2871 τως.
