1900 3060
182 127 234 155 979

902 126 948 155 EX
965 126 1043 155 ORIG
1049 127 1113 154 ΕΝΕ

1749 128 1800 156 280

182 187 243 214 tulit
258 187 343 214 multa
359 187 490 222 patientia
502 194 566 214 vasa
579 187 625 214 ira:
638 191 731 222 parata
747 187 773 214 in
787 186 927 215 interitum
938 196 961 220 ;»

1023 188 1095 224 στολῇ
1117 195 1214 224 φησιν·
1234 197 1243 213 t
1261 188 1291 215 Et
1311 188 1339 214 δὲ
1353 187 1435 214 θέλων
1449 188 1463 214 ὁ
1477 186 1542 219 Θεδς
1567 187 1734 220 ἐνδείξασθαι
1753 189 1800 223 τὴν

180 233 257 267 quasl
271 233 401 267 patientia
418 233 502 267 ipsius
517 233 607 259 tulerit
625 241 688 260 vasa
707 233 754 260 ine
767 237 793 260 et
805 233 886 260 veluti
903 241 964 268 [ποι

180 279 326 306 creaverit.
347 279 375 306 Si
388 279 480 311 enim,
506 279 577 313 quod
602 279 670 306 lenis
694 284 718 306 et
745 279 849 313 patiens
872 279 963 313 inerit,

182 334 233 351 non
260 326 374 360 puniens
395 329 559 359 peccantes,
587 325 634 351 sed
660 325 824 358 miseratus,
838 333 902 352 vasa
920 325 964 352 illa

182 372 376 403 :tbtllltlnrllttl;
393 371 449 405 ipse
463 370 661 404 quodammodo
685 371 813 404 patientia
832 379 880 398 sua
900 379 964 398 vasa

183 419 229 442 inp.
253 417 331 448 tulit,
349 421 392 447 et,
409 421 438 443 ut
456 416 492 442 ita
515 416 601 443 dicam
615 436 622 447 ,
641 416 697 450 ipse
714 417 804 443 omnia
821 417 884 443 fecit
900 425 964 444 vasa

182 463 227 487 ira:
239 467 320 495 atque
331 461 399 487 adeo
415 461 471 495 ipse
484 461 621 488 induravit
635 469 682 488 cor
693 469 799 489 eorum.
813 462 879 489 Cum
893 463 963 490 enirn

182 507 313 541 tntsignis
322 512 348 533 ct
363 507 494 542 prodigiis
504 506 583 534 factis
598 515 649 534 non
664 508 834 542 obtemperat
846 508 963 541 Pharao,

181 553 227 579 sed
243 557 302 587 post
318 557 356 579 tot
370 557 396 580 et
418 557 491 580 ianla
516 557 636 580 monstra
660 557 793 588 repugnat
805 573 812 586 ,
830 554 965 588 quomodo

181 606 234 625 non
252 598 345 625 durior
361 603 389 625 et
416 598 550 625 inﬁdelior
566 599 710 633 arguitur?
729 606 790 626 cum
814 600 926 627 durities
938 604 965 626 et.

183 645 364 671 incredulitas
388 651 420 671 ex
447 644 577 678 prodigiis
597 644 664 671 oriri
688 645 808 678 potuisse
830 645 963 672 videatur.

181 690 275 717 Simile
291 695 331 717 est
345 691 370 718 id
384 691 409 717 in
426 691 571 725 Evangelio
583 690 606 706 ⁸⁸
625 699 631 717 :
649 699 659 716 ι
677 690 732 722 Ego
748 691 780 717 ad
794 690 923 724 judicium
938 691 964 718 in

183 738 252 764 hunc
268 737 396 763 mundum
411 737 470 763 veni
484 745 491 768 ;
507 747 517 762 ι
535 744 588 764 non
601 737 674 764 enim
687 736 826 764 Servatori
843 737 966 772 proposi-

182 787 237 807 l:tlll
253 780 303 807 fuit
323 782 416 808 venire
429 782 462 808 ad
483 781 626 816 judicium,
640 782 688 808 sed
702 789 733 808 ex
749 789 781 809 eo
797 783 868 816 quod
885 790 964 810 vene—

184 830 229 858 rit,
246 833 424 854 consecutum
439 833 478 854 est
495 832 523 854 ut
539 828 597 862 ipse
614 828 648 855 ad
659 828 790 862 judicium
806 828 912 855 venerit
924 835 967 855 eo-

1015 235 1115 270 ὀργὴν,
1133 235 1180 261 καὶ
1199 234 1330 270 γνωρίσαι
1351 234 1382 260 τὸ
1404 234 1513 260 δυνατὸν
1528 233 1627 267 αὑτοῦ,
1644 235 1758 269 ἤνεγκεν
1773 235 1800 260 ἐν

1015 279 1098 315 πολλῇ
1124 279 1299 315 μακροθυμίᾳ
1324 278 1407 314 σκεύη
1429 279 1514 314 ὀργῆς
1538 280 1742 314 κατηρτισμένα
1761 280 1800 311 ei;

1014 325 1166 352 ἀπώλειαν·
1187 335 1195 351 ι
1213 325 1251 357 ὼς
1271 325 1320 361 τῆς
1344 325 1533 360 μακροθυμίας
1550 325 1633 352 αὑτοῦ
1646 325 1801 362 ἐνηνοχυίας

1014 371 1047 397 τὰ
1061 371 1143 406 σκεύη
1157 371 1207 406 τῆς
1222 371 1316 406 ὀργῆς,
1330 371 1377 397 καὶ
1391 371 1471 397 οἱονεὶ
1486 371 1691 405 γεγεννηκυίας.
1705 372 1737 398 Εἰ
1749 371 1800 407 γὰρ

1015 417 1092 451 παρὰ
1107 417 1137 444 τὸ
1151 417 1335 452 μακροθυμεῖν
1349 417 1428 443 αὑτὸν
1443 417 1472 442 οὺ
1485 416 1632 448 κολάζοντα
1642 417 1704 449 τοὺς
1715 418 1802 452 ἁμαρ-

1014 463 1158 495 τάνοντας,
1177 462 1233 489 ἀλλ’
1250 462 1375 489 ἐλεοῦντα
1385 482 1392 494 ,
1407 462 1551 488 ἐπλεόνασε
1566 464 1599 497 τῇ
1613 462 1711 497 χύσει,
1722 463 1802 494 αὑτός

1015 516 1074 539 πως
1086 508 1184 543 ’ἤνεγκε
1196 509 1228 544 τῇ
1244 507 1340 534 ἑαυτοῦ
1355 507 1530 543 μακροθυμίᾳ
1544 507 1579 534 τὰ
1596 507 1680 543 σκεύη
1697 508 1747 543 τῆς
1763 509 1802 544 ὁρ-
1833 543 1838 546 ⁴

1014 554 1083 588 γῆς,
1100 553 1147 580 καὶ
1166 553 1198 580 ἵν’
1220 552 1306 585 οὕτως
1319 553 1403 585 εῐπω,
1421 553 1502 585 αὐτὸς
1517 553 1550 579 τὰ
1565 554 1652 580 πάντα
1669 554 1801 589 πεποίηκε

1015 599 1099 634 σκεύη
1114 599 1199 634 ὀργῆς
1211 619 1219 631 ,
1234 599 1282 626 καὶ⁷
1304 598 1374 625 κατὰ
1391 598 1478 631 τοῦτο,
1498 598 1578 630 αὐτὸς
1593 599 1741 635 ἐσκλήρυνε
1755 601 1802 635 τὴν

1014 645 1127 681 καρδίαν
1145 644 1244 672 αὐτῶν.
1263 645 1325 671 Ὅτε
1338 645 1393 680 γὰρ
1413 645 1534 680 σημείων
1550 644 1683 671 τοσούτων
1698 645 1745 671 καὶ
1759 654 1794 672 τε.

1016 691 1104 727 ράτων
1120 691 1272 726 γενομένων
1289 692 1319 718 οὐ
1343 691 1464 718 πείθεται
1485 692 1499 718 ὁ
1513 692 1612 727 Φαραὼ
1623 713 1630 724 ,
1645 691 1712 718 ἀλλὰ
1735 692 1804 726 μετὰ

1015 737 1164 772 τηλικαῦτα
1179 737 1347 770 ἀνθίσταται,
1363 737 1420 769 πῶς
1436 737 1465 764 οὐ
1482 738 1661 773 σκληρότερος
1675 738 1722 764 καὶ
1741 739 1804 765 ἀπιο

1016 783 1140 818 στότερος
1157 783 1296 818 ἐλέγχεται
1315 791 1322 815 ;
1338 783 1386 818 τῆς
1412 783 1593 819 σκληρότητος
1613 783 1658 810 καὶ
1676 783 1804 816 ἀπιστίας

1015 829 1147 865 δοκούσης
1161 823 1203 856 ’ὲκ
1227 830 1282 856 τῶν
1302 828 1451 865 τεραστίων
1475 829 1627 864 δυναμένης
1654 829 1804 863 γεγονέναι.

184 881 253 906 runt,
272 874 316 908 qtti
333 879 393 907 post
408 873 534 900 miracula
550 861 608 908 ipsi
633 861 686 900 non
710 873 875 901 crediderint.
892 881 899 906 ;
918 873 964 901 sed

1023 861 1130 911 Ὀμοιον
1152 876 1181 903 δὲ
1197 877 1242 903 καὶ
1261 876 1290 902 τὸ
1312 861 1341 902 ὲν
1363 875 1402 911 τῷ
1423 861 1623 910 Εὐαγγελίῳί(
1645 861 1697 907 Ιέίς-
1719 875 1808 911 κρίμα

182 924 207 944 et
224 919 249 944 in
264 919 371 945 rniuant
389 926 482 946 corum
497 920 578 946 venit.

1017 920 1072 955 ἐγὼ
1084 922 1123 953 εἰς
1139 921 1184 948 τὸν
1200 922 1300 957 κόσμον
1315 921 1407 948 τοῦτον
1421 919 1500 957 ἦλθον
1513 930 1519 936 ε
1541 932 1549 947 ι
1566 922 1596 948 οὺ
1607 921 1660 957 γὰρ
1677 922 1808 956 προέθετο

181 968 196 992 ὁ
223 966 318 1002 Σωτὴρ
342 967 382 997 εὶς
400 966 486 1002 κρίμα
511 966 606 999 ἐλθεῖν,
626 967 682 993 ἀλλ’
701 966 866 1002 ἠκολούθησε
896 966 934 1002 τῷ
959 966 1115 1002 ἐληλυθέναι
1139 968 1235 1000 αὑτὸν,
1256 968 1288 994 τὸ
1307 969 1346 999 εἰς
1368 968 1453 1002 κρίμα
1471 967 1550 994 αὐτὸν
1570 967 1725 1003 ἐληλυθέναι
1753 967 1808 995 τῶν

183 1013 253 1049 μετὰ
268 1014 303 1040 τὰ
317 1014 446 1050 τεράστια
459 1014 489 1041 οὺ
504 1015 721 1041 πεπιστευκότων
736 1015 809 1050 αὐτῷ
819 1024 825 1030 ·
841 1015 908 1042 ἀλλὰ
921 1015 967 1042 καὶ
987 1017 1025 1048 είς
1038 1016 1140 1043 πτῶσιν
1156 1016 1278 1052 ἐλήλυθε.

348 1060 382 1086 Et
403 1065 461 1095 post
475 1060 539 1093 alia,
552 1061 579 1088 in
595 1061 664 1088 Itum:
681 1062 798 1089 modum.

219 1104 342 1140 Prodigia
357 1105 440 1139 facta,
461 1106 671 1141 suscipientibus
686 1107 796 1142 quidem
812 1111 839 1135 et
853 1108 967 1134 creden-

183 1152 267 1184 tibus,
283 1157 312 1178 ut
328 1152 489 1186 promiscuis
501 1152 554 1178 illis
568 1151 714 1187 Egyptiis,
729 1153 774 1187 qui
790 1161 850 1180 cttnt
867 1154 966 1188 populo

182 1197 283 1232 egressi
301 1203 381 1230 sunt,
399 1197 585 1225 misericordia
601 1197 679 1226 fuere.
696 1207 703 1230 ;
722 1206 775 1226 non
792 1199 967 1227 credentibus

183 1248 272 1270 autem
286 1244 412 1270 duritiem
435 1244 527 1271 cordis
545 1244 676 1271 inserunt.
693 1244 760 1271 Tum
784 1250 915 1279 praeterea
932 1253 966 1273 ex

185 1287 330 1322 livaugelio
344 1288 467 1322 quaedam
479 1288 520 1315 his
535 1288 634 1316 similia
646 1288 760 1323 proferri
774 1294 897 1324 possunt,
908 1298 968 1326 quae

184 1334 315 1361 malorum
333 1339 470 1361 auctorem
489 1333 624 1368 aliquibus
644 1334 818 1362 Servatorem
833 1335 905 1370 loqui
925 1337 967 1363 vi-

185 1381 284 1407 dcnlnr
296 1380 319 1396 "
335 1390 341 1408 :
358 1389 367 1405 ι
385 1379 431 1407 Vae
449 1380 496 1407 tibi
514 1381 589 1415 regio
602 1380 664 1413 Zin,
689 1388 728 1409 va:
745 1381 792 1409 tibi
809 1381 966 1415 Bcthsaida,

185 1426 248 1460 quia
265 1427 286 1454 si
299 1426 363 1461 Tyri
377 1432 403 1453 et
417 1426 518 1454 Sidone
529 1426 600 1454 facta
616 1427 729 1455 fuissent
740 1427 815 1462 signa
827 1435 886 1462 quae
897 1429 967 1463 apttd

184 1479 234 1500 vos
250 1471 319 1498 facta
332 1476 404 1505 sunt,
417 1473 472 1507 jam
486 1472 550 1500 olim
567 1473 592 1500 in
606 1481 685 1500 sacco
697 1478 725 1501 et
743 1474 832 1501 cinere
844 1475 968 1502 sedentes

186 1517 371 1553 paenitentiam
391 1519 521 1552 egissent.
539 1519 671 1546 Cmtcrttm
685 1521 746 1547 dico
761 1520 855 1552 vobis,
875 1521 969 1548 tolera<

187 1565 267 1591 bilius
283 1564 335 1591 erit
348 1564 419 1599 Tyro
434 1570 461 1592 et
478 1564 570 1592 Sidoni
587 1573 668 1600 quam
684 1566 771 1599 vobis,
792 1575 801 1592 ι
818 1572 844 1594 et
859 1572 966 1594 cmtera.

189 1612 259 1638 Deus
273 1612 344 1638 enim
361 1611 405 1645 qui
419 1611 544 1638 duritiem
556 1612 807 1640 etincrednlitatem
821 1613 967 1640 incolarum

187 1658 305 1692 regionis
319 1657 378 1689 Zin.
394 1663 420 1684 et
432 1657 576 1684 Bethsaida
588 1677 595 1690 ,
612 1663 640 1685 et
653 1657 844 1692 Capltarnanm
863 1667 968 1694 prmno-

1229 1063 1282 1090 Kal
1296 1062 1359 1098 μεθ’
1377 1062 1461 1097 ἔτερα
1476 1062 1578 1095 οὕτως.

1053 1109 1092 1136 Τὰ
1106 1109 1234 1145 τεράστια
1256 1109 1404 1144 γινόμενα,
1422 1110 1478 1140 τοῖς
1504 1109 1553 1143 μὲν
1577 1108 1732 1144 δεχομένοις
1759 1107 1808 1135 καὶ

1018 1154 1206 1186 πιστεύουσιν,
1227 1153 1264 1185 ὡς
1287 1154 1363 1189 παρὰ
1383 1154 1441 1185 τοῖς
1466 1153 1621 1188 ἐπιμίκτοις
1648 1153 1810 1186 Αἰγυπτίοις

1018 1200 1073 1230 τοῖς
1089 1199 1277 1234 συνεληλυθόσι
1299 1199 1338 1234 τῷ
1358 1199 1429 1234 λαῷ,
1446 1199 1519 1231 ἕλεος
1542 1197 1592 1234 ἦν·
1613 1200 1668 1230 τοῖς
1689 1198 1712 1225 δ’
1727 1198 1809 1224 ἀπει-

1018 1245 1094 1272 θοῦσι
1104 1245 1274 1281 σκληρότητα
1287 1246 1347 1277 ταῖς
1362 1244 1484 1281 καρδίαις
1495 1244 1584 1271 αὐτῶν
1596 1244 1730 1279 ἐπιφέρει.
1752 1243 1810 1270 Καὶ

1018 1292 1050 1318 ἐκ
1071 1291 1116 1318 τοῦ
1134 1291 1298 1325 Εὐαγγελίου
1318 1291 1346 1317 δὲ
1361 1290 1400 1317 ἔτι
1417 1290 1491 1325 παρὰ
1504 1290 1538 1316 τὰ
1551 1290 1683 1326 εἰρημένα
1703 1290 1762 1316 ἔστι
1775 1289 1811 1316 τὰ

1017 1338 1097 1373 ὃμοια
1112 1337 1282 1374 παραθέσθαι
1305 1337 1368 1373 περὶ
1385 1336 1431 1364 τοῦ
1454 1337 1500 1363 καὶ
1522 1336 1567 1363 τὸν
1587 1337 1701 1371 Σωτῆρα
1713 1335 1811 1362 κακῶν

1018 1384 1103 1411 αἴτιον
1127 1383 1215 1410 δοκεῖν
1247 1383 1387 1418 γεγονέναι
1416 1383 1506 1409 τισίν·
1534 1391 1543 1407 ι
1571 1381 1638 1408 Οὐαί
1666 1390 1706 1407 σοι
1729 1380 1811 1416 χώρα

1019 1430 1064 1456 Ζὶν
1076 1429 1146 1465 (65),
1162 1429 1223 1456 οὐαί
1240 1437 1281 1455 σοι
1296 1428 1448 1464 Βηθσαϊδὰ,
1464 1428 1505 1455 ὁτι
1519 1428 1543 1454 εἰ
1561 1427 1590 1454 ὲν
1605 1426 1684 1462 Τύρῳ
1698 1426 1747 1452 καὶ
1763 1426 1811 1452 Σι-

1019 1476 1081 1502 δῶνι
1096 1475 1204 1509 ἐγένετο
1217 1475 1250 1501 τὰ
1266 1475 1365 1509 σημεῖα
1384 1474 1417 1500 τὰ
1439 1473 1571 1508 γενόμενα
1587 1473 1617 1498 ἐν
1631 1473 1710 1507 ὑμῖν,
1723 1471 1812 1498 πάλαι

1019 1520 1051 1547 ἂν
1067 1521 1094 1547 ὲν
1109 1521 1202 1556 σάκκῳ
1213 1520 1259 1546 καὶ
1271 1519 1359 1554 σποδῷ
1372 1518 1519 1554 καθήμενοι
1543 1517 1716 1554 μετενόησαν.
1733 1517 1813 1552 Πλὴν

1018 1567 1090 1601 λέγω
1110 1567 1189 1601 ὑμῖν,
1213 1566 1293 1601 Τύρῳ
1316 1566 1362 1592 καὶ
1380 1565 1473 1592 Σιδῶνι
1497 1563 1670 1598 ἀνεκτότερον
1693 1562 1772 1588 ἔσται
1795 1562 1813 1597 ἢ

1020 1613 1093 1648 ὑμῖν,
1111 1622 1119 1638 ι
1138 1612 1184 1639 καὶ
1202 1611 1235 1638 τὰ
1249 1611 1328 1647 ἑξῆς·
1346 1610 1522 1647 προγνώστης
1541 1609 1593 1644 γὰρ
1610 1610 1623 1635 ὁ
1637 1607 1733 1643 Σωτὴρ
1753 1608 1812 1642 (06)

1020 1659 1057 1685 ὢν
1073 1659 1122 1694 τῆς
1135 1657 1262 1689 ἀπιστίας
1279 1657 1333 1683 τῶν
1352 1657 1380 1683 ὲν
1396 1655 1472 1692 χώρᾳ
1488 1656 1545 1686 Ζὶν,
1561 1655 1608 1681 καὶ
1622 1654 1676 1680 τῶν
1692 1654 1720 1679 ἐν
1737 1653 1814 1688 Βηθ-

186 1708 274 1736 verat,
291 1709 317 1730 et
328 1704 433 1731 sciebat
451 1703 616 1731 tolerabilius
628 1703 687 1731 fore
701 1706 772 1739 genti
789 1705 967 1732 Sodomorum

1023 1704 1106 1736 σαῖδὰ,
1125 1705 1172 1730 καὶ
1197 1703 1249 1730 τῶν
1264 1704 1292 1730 ὲν
1307 1703 1502 1738 Καπερναοὺμ,
1517 1703 1563 1729 καὶ
1577 1702 1617 1729 ὅτι
1634 1701 1816 1736 ἀνεκτότερον

189 1749 215 1775 in
234 1748 277 1776 die
288 1749 382 1782 iudicii
400 1757 480 1782 quant
495 1748 560 1782 illis,
579 1756 628 1775 cur
643 1749 721 1784 120
737 1750 866 1777 ntiracula
880 1755 968 1784 patra-

188 1795 234 1823 bat
259 1795 284 1822 in
308 1796 416 1830 regione
443 1795 492 1822 Zin
511 1799 539 1822 et
560 1794 702 1822 Bethsaida
716 1817 723 1828 ,
741 1795 836 1822 videns
860 1802 970 1830 propter

187 1841 246 1870 inec
263 1841 430 1869 tolerabilius
451 1841 507 1868 fore
520 1841 548 1869 in
565 1840 609 1867 die
632 1840 727 1875 jttdlcii
746 1841 834 1876 Tyriis
850 1845 876 1868 et
892 1841 969 1868 Sido-

188 1887 252 1920 niis,
269 1895 349 1922 quam
364 1887 426 1915 his?

488 1968 523 1994 Et
537 1972 594 2002 post
605 1968 669 1995 alia.

226 2025 235 2041 ‹
251 2014 291 2042 Tu
304 2018 395 2041 au'em
415 2014 488 2041 dices
500 2013 644 2046 Pharaoni,
661 2012 725 2040 Haec
739 2012 804 2040 dicit
820 2012 968 2040 Dominus:

189 2061 273 2088 Filius
296 2060 493 2095 primogenitus
516 2066 592 2086 meus
613 2057 707 2085 Israel.
734 2058 793 2085 Dixi
809 2066 873 2085 vero
896 2059 942 2086 tibi
961 2067 968 2085 :

190 2106 300 2134 Dimitte
323 2105 450 2140 populum
472 2111 579 2136 meum,
601 2109 630 2130 ut
646 2111 688 2130 me
706 2103 817 2135 colant;
839 2103 861 2130 si
880 2108 970 2130 autem

190 2160 242 2179 non
262 2152 304 2178 vis
317 2151 452 2178 dimittere
473 2150 558 2184 ipsum
573 2169 580 2182 ,
597 2149 697 2176 videsis
710 2170 717 2180 ,
735 2156 785 2184 ego
807 2149 969 2176 inlerliciam

190 2199 274 2225 tilittm
290 2202 363 2224 tuum
381 2196 587 2231 primogenitum
602 2195 635 2221 ⁸⁰.
652 2205 662 2220 ι
679 2195 825 2224 Dicendum
839 2197 920 2230 igitur
930 2201 971 2223 est

191 2245 238 2275 iis.
255 2244 299 2278 qui
322 2243 386 2276 justi
404 2243 448 2270 Dei
467 2244 523 2270 hinc
538 2249 597 2270 esse
616 2244 761 2280 opinantur
773 2263 780 2276 ,
799 2248 827 2269 et
846 2249 879 2269 ex
900 2242 969 2268 nuda

189 2287 309 2314 dictione
329 2288 481 2314 induratum
505 2296 566 2315 esse
583 2295 630 2315 cor
653 2288 804 2314 Pharaonis
823 2287 893 2321 regis
921 2295 971 2321 ιδεμ

189 2338 258 2366 tant,
274 2341 309 2360 ne
319 2333 466 2361 dimitteret
483 2334 608 2369 populum
623 2335 716 2370 ipsius,
733 2333 869 2369 quomodo
881 2332 972 2366 justus

189 2385 230 2408 est
250 2380 295 2415 qui
322 2380 459 2407 induravit
474 2387 520 2408 cor
534 2400 541 2413 ,
558 2385 584 2407 et
607 2381 726 2408 minatur
737 2400 744 2412 ,
760 2379 812 2406 nisi
828 2378 971 2411 dimiserit,

189 2427 397 2455 interfecturum
413 2427 497 2454 ﬁlium
515 2426 574 2460 ejus
595 2426 802 2461 primogenitum
820 2425 874 2452 ?SI
899 2426 971 2452 enim

189 2477 336 2509 urgeantur
350 2494 357 2505 ,
379 2481 440 2499 eum
465 2473 566 2504 malum
594 2480 654 2500 esse
677 2472 845 2499 fatebuntur.
865 2471 971 2498 Rursus

188 2520 286 2547 deinde
300 2519 352 2546 alia
371 2519 430 2546 illos
449 2519 510 2546 inde
527 2522 653 2545 avertenl
671 2523 698 2545 et
714 2526 747 2545 eo
766 2518 916 2549 adducent,
942 2521 972 2544 ut

189 2573 240 2591 non
257 2565 335 2592 nudze
352 2564 464 2592 dictioni
479 2564 677 2596 adhzerescant,
699 2570 759 2598 qua:
775 2563 893 2597 ipsorutn
907 2569 970 2589 sen-

189 2611 273 2637 tentia
285 2609 395 2644 Opiﬁcis
408 2610 543 2643 justitiam
561 2611 629 2637 tueri
656 2617 707 2636 non
733 2613 830 2643 potest.
849 2608 970 2643 Denique

234 2656 317 2683 semel
346 2665 418 2683 nunc
441 2657 527 2683 coacti
554 2656 654 2683 l'ucrint
678 2656 735 2682 haec
760 2654 924 2688 expendere,
938 2662 970 2681 eo

224 2704 246 2718 ⁸³
265 2702 342 2732 Joan.
360 2704 444 2734 tx,59.
484 2703 506 2718 “'
522 2703 616 2730 Matth.
632 2710 669 2734 ιιι,
689 2702 733 2733 21,
748 2701 792 2728 2:2.

205 2787 209 2790 _
226 2749 446 2793 l55‘j.X(v'){(th'i‘.
465 2750 593 2785 Vulgatus
607 2755 696 2778 textus
713 2750 821 2778 Grmcus
839 2749 970 2782 Matthxi,

188 2794 316 2812 ‘\001‘L‘l.

190 2804 198 2812 .
216 2795 228 2810 ο
239 2801 246 2810 Ι
267 2787 299 2812 ζίλ
312 2808 316 2812 Α

298 2795 327 2847 '10
335 2818 447 2853 Σωτήρ.
462 2819 507 2847 Sic
518 2820 617 2848 habent
632 2828 696 2848 mss.
708 2820 781 2847 Libri
794 2825 882 2848 autem
894 2820 971 2854 editi,

193 2865 207 2882 ο
241 2864 252 2881 ε
271 2865 293 2882 ε.

193 2865 207 2882 ο
218 2864 293 2887 υεος.

1019 1750 1122 1785 γίνεται
1139 1750 1174 1785 γῇ
1191 1749 1245 1784 (67)
1261 1749 1384 1784 Σοδόμων
1401 1750 1430 1775 ἐν
1447 1748 1539 1784 ἡμέρᾳ
1560 1747 1688 1782 κρίσεως,
1705 1746 1721 1781 ἢ
1737 1747 1816 1773 ἐκεί·

1020 1805 1089 1827 νοις,
1104 1795 1147 1822 διὰ
1167 1794 1193 1821 τί
1210 1794 1243 1821 τὰ
1257 1795 1387 1830 τεράστια
1402 1793 1524 1820 ἐπετέλει
1541 1794 1569 1820 ὲν
1589 1791 1666 1828 χώρᾳ
1681 1792 1727 1818 Z‘tv
1741 1812 1749 1824 ,
1767 1791 1816 1818 καὶ

1021 1844 1049 1869 ὲν
1063 1841 1208 1876 Βηθσαϊδὰ,
1227 1841 1297 1877 ὀρῶν
1316 1841 1356 1868 ὅτι
1380 1840 1424 1868 διὰ
1442 1840 1526 1867 ταῦτα
1548 1839 1722 1872 ἀνεκτότερον
1739 1838 1817 1873 γίνε-

1019 1896 1063 1914 ται
1073 1888 1101 1913 ὲν
1114 1887 1206 1922 ἡμέρᾳ
1219 1887 1336 1923 κρίσεως
1353 1886 1473 1922 Τυρίοις,
1490 1886 1536 1912 καὶ
1552 1884 1698 1917 Σιδωνίοις,
1712 1884 1729 1920 ἢ
1749 1886 1814 1912 τού-

1026 1942 1076 1964 τοις
1087 1954 1095 1966 ’
1294 1967 1349 1994 Καὶ
1357 1967 1420 2002 μεθ’
1433 1966 1528 2000 ἔτερα.

1059 2023 1068 2039 ι
1084 2013 1120 2040 Σὺ
1135 2013 1163 2040 δὲ
1178 2014 1250 2048 ἐρεῖς
1264 2012 1303 2047 τῷ
1320 2010 1430 2047 Φαραιέγ
1445 2011 1514 2037 Τάδε
1530 2009 1604 2044 λέγει
1612 2009 1729 2044 Κύριος·
1747 2009 1816 2042 Υἱὸς

1021 2060 1189 2096 πρωτότοκός
1214 2068 1263 2095 μου
1288 2059 1404 2094 Ἰσραήλ.
1419 2055 1493 2084 Εἶπα
1504 2057 1532 2083 δέ
1542 2064 1592 2085 σοι,
1606 2055 1815 2088 Ἐξαπόστειλον

1020 2107 1066 2133 τὸν
1082 2105 1144 2132 λαόν
1161 2114 1223 2141 μου,
1238 2105 1282 2131 ἵνα
1295 2113 1340 2140 μοι
1354 2103 1547 2139 λατρεύσωσιν.
1563 2102 1594 2128 El
1614 2102 1643 2128 δὲ
1666 2101 1703 2136 μὴ
1720 2101 1817 2136 βούλει

1021 2151 1207 2184 ἐξαποστεῖλαι
1221 2151 1370 2186 αὐτὸν,ὂρα
1385 2149 1459 2184 γοῦν,
1471 2147 1527 2182 ἐγὼ
1542 2147 1683 2174 ἀποκτενῶ
1696 2146 1817 2173 temnitis»

1022 2207 1068 2224 σου
1083 2198 1127 2224 τὸν
1143 2197 1321 2233 πρωτότοκον.
1341 2204 1350 2221 ι
1366 2194 1480 2222 Λεκτέον
1493 2192 1540 2221 οὖν
1554 2194 1610 2225 τοῖς
1624 2193 1760 2228 φάσκουσι
1775 2192 1816 2218 δι-

1022 2244 1097 2270 καίου
1115 2242 1198 2269 ταῦτα
1218 2239 1286 2268 εἶναι
1302 2241 1380 2273 Θεοῦ,
1396 2240 1441 2267 καὶ
1459 2239 1678 2275 ὑπολαμϐάνουσι
1696 2239 1770 2265 κατὰ
1785 2239 1817 2265 τὸ

1022 2288 1164 2324 πρόχειρον
1183 2288 1231 2322 τῆς
1246 2287 1346 2320 λέξεως
1356 2285 1537 2322 ὲσκληρύνθαι
1555 2285 1604 2320 τὴν
1625 2285 1740 2320 καρδίαν
1757 2285 1816 2311 Φα-

1024 2335 1081 2371 ραὼ
1096 2335 1225 2370 βασιλέως
1238 2354 1245 2366 ,
1263 2334 1306 2359 ἵνα
1321 2333 1357 2369 μὴ
1378 2331 1554 2367 ὲξαποστείλη
1574 2331 1619 2357 τὸν
1633 2331 1696 2357 λαὸν
1717 2330 1815 2362 αὑτοῦ,

1024 2381 1083 2412 πῶς
1097 2380 1197 2411 δίκαιος
1213 2380 1228 2405 ὁ
1245 2378 1398 2415 σκληρύνας
1413 2387 1443 2404 τε
1465 2377 1514 2413 τὴν
1530 2377 1652 2412 καρδίαν,
1674 2377 1720 2402 καὶ
1734 2377 1816 2404 ἀπει-

1024 2426 1087 2457 λῶν,
1105 2427 1128 2452 εἰ
1145 2425 1182 2461 μὴ
1199 2425 1337 2456 ἀπολύσει,
1353 2425 1510 2451 ἀποκτεῖναι
1522 2423 1567 2448 τὸν
1580 2421 1751 2456 πρωτότοκον
1768 2422 1820 2449 αὺ-

1021 2472 1068 2498 τοῦ
1082 2471 1159 2503 υἱόν;
1183 2470 1339 2506 Θλιδόμενοι
1363 2470 1416 2505 γὰρ
1433 2468 1549 2504 πονηρὸν
1570 2468 1650 2494 αὐτὸν
1679 2467 1821 2503 ὁμολογή-

1023 2525 1123 2543 σουσιν.
1138 2514 1204 2542 Εἶτα
1221 2515 1300 2541 πάλιν
1317 2515 1370 2541 ἀπὸ
1386 2514 1486 2550 ἐτέρων
1501 2512 1750 2548 ἀνατραπήσονται,
1769 2512 1820 2538 καὶ

1022 2562 1218 2598 ἀναχθήσονται
1234 2561 1288 2596 (68)
1303 2561 1340 2592 είς
1353 2560 1382 2586 τὸ
1398 2561 1433 2595 μὴ
1452 2560 1485 2594 τῇ
1508 2557 1643 2594 προχείρῳ
1666 2557 1738 2590 λέξει
1755 2557 1821 2584 δου-

1024 2607 1127 2639 λεύειν,
1145 2607 1175 2633 οὐ
1199 2606 1335 2641 δυναμένῃ
1359 2606 1418 2631 κατ’
1441 2604 1539 2635 αὐτοὺς
1556 2604 1640 2630 σῶσαι
1656 2603 1688 2629 τὸ
1708 2602 1822 2628 δίκαιον

1024 2654 1070 2681 τοῦ
1082 2654 1262 2690 Δημιουργοῦ.
1277 2653 1366 2685 ’Ἀπαξ
1381 2652 1408 2678 δὲ
1426 2651 1473 2678 ἐὰν
1489 2650 1535 2677 νῦν
1554 2649 1747 2683 ἀναγκασθῶσι
1772 2649 1822 2684 βε-

838 2702 860 2717 ⁹⁰
875 2701 959 2729 Exod.
977 2710 1013 2736 tv,
1031 2702 1075 2735 22,
1093 2703 1138 2729 Ξό.

1060 2751 1115 2786 (67)
1128 2750 1183 2777 Vox
1198 2751 1232 2785 γῇ
1247 2757 1306 2784 qua:
1319 2749 1411 2775 deerat
1429 2748 1454 2774 in
1471 2748 1546 2774 liltris
1560 2752 1638 2774 antea
1656 2747 1748 2780 editis,
1773 2748 1822 2775 hic

1025 2786 1164 2820 suppletur
1179 2793 1193 2811 e
1211 2785 1349 2812 codicibus
1365 2791 1428 2810 Iuss.

1063 2821 1118 2856 (68)
1135 2821 1242 2855 Aliquot
1257 2828 1333 2851 mss,
1352 2818 1573 2854 συναχθήσονται.
