  <div class='ocr_page' id='page_1' title='image "/cluster/home/n/w/nwhite01/storage/ocr_20150623/12/njp.32101077772422/168.png"; bbox 0 0 1900 3060; ppageno 0'>
   <div class='ocr_carea' id='block_1_1' title="bbox 77 126 122 155">
    <p class='ocr_par' dir='ltr' id='par_1_1' title="bbox 77 126 122 155">
     <span class='ocr_line' id='line_1_1' title="bbox 77 126 122 155; baseline -0.044 0"><span class='ocrx_word' id='word_1_1' title='bbox 77 126 122 155; x_wconf 67' lang='lat'><strong>281</strong></span> 
     </span>
    </p>
   </div>
   <div class='ocr_carea' id='block_1_2' title="bbox 687 128 1062 158">
    <p class='ocr_par' dir='ltr' id='par_1_2' title="bbox 687 128 1062 158">
     <span class='ocr_line' id='line_1_2' title="bbox 687 128 1062 158; baseline 0.005 -2"><span class='ocrx_word' id='word_1_2' title='bbox 687 128 841 156; x_wconf 75' lang='lat' dir='ltr'><strong>SELECTA</strong></span> <span class='ocrx_word' id='word_1_3' title='bbox 859 129 891 156; x_wconf 80' lang='lat' dir='ltr'><strong>IN</strong></span> <span class='ocrx_word' id='word_1_4' title='bbox 908 129 1062 158; x_wconf 79' lang='lat' dir='ltr'><strong>EXODUM.</strong></span> 
     </span>
    </p>
   </div>
   <div class='ocr_carea' id='block_1_3' title="bbox 1637 131 1691 158">
    <p class='ocr_par' dir='ltr' id='par_1_3' title="bbox 1637 131 1691 158">
     <span class='ocr_line' id='line_1_3' title="bbox 1637 131 1691 158; baseline 0 -1"><span class='ocrx_word' id='word_1_5' title='bbox 1637 131 1691 158; x_wconf 60' lang='lat'><strong>28‘)</strong></span> 
     </span>
    </p>
   </div>
   <div class='ocr_carea' id='block_1_4' title="bbox 79 186 861 225">
    <p class='ocr_par' dir='ltr' id='par_1_4' title="bbox 79 186 859 224">
     <span class='ocr_line' id='line_1_4' title="bbox 79 186 859 224; baseline 0.004 -12"><span class='ocrx_word' id='word_1_6' title='bbox 79 186 223 221; x_wconf 72' lang='grc' dir='ltr'>διασμένως</span> <span class='ocrx_word' id='word_1_7' title='bbox 238 187 326 213; x_wconf 78' lang='grc' dir='ltr'>ταῦτα</span> <span class='ocrx_word' id='word_1_8' title='bbox 344 186 488 220; x_wconf 76' lang='grc' dir='ltr'><strong>ἐξετάζειν,</strong></span> <span class='ocrx_word' id='word_1_9' title='bbox 505 187 684 223; x_wconf 77' lang='grc' dir='ltr'>ἀναϐήσονται</span> <span class='ocrx_word' id='word_1_10' title='bbox 699 189 745 215; x_wconf 76' lang='grc' dir='ltr'><strong>ἐπὶ</strong></span> <span class='ocrx_word' id='word_1_11' title='bbox 762 189 792 215; x_wconf 83' lang='grc' dir='ltr'>τὺ</span> <span class='ocrx_word' id='word_1_12' title='bbox 808 198 859 224; x_wconf 89' lang='grc' dir='ltr'><strong>μη-</strong></span> 
     </span>
    </p>
   </div>
   <div class='ocr_carea' id='block_1_5' title="bbox 919 186 1690 225">
    <p class='ocr_par' dir='ltr' id='par_1_5' title="bbox 919 188 1690 225">
     <span class='ocr_line' id='line_1_5' title="bbox 919 188 1690 225; baseline -0.001 -9"><span class='ocrx_word' id='word_1_13' title='bbox 919 190 1107 217; x_wconf 77' lang='lat' dir='ltr'><strong>)ervenienlul</strong></span> <span class='ocrx_word' id='word_1_14' title='bbox 1124 197 1177 217; x_wconf 90' lang='lat' dir='ltr'><strong>non</strong></span> <span class='ocrx_word' id='word_1_15' title='bbox 1189 190 1305 225; x_wconf 79' lang='lat' dir='ltr'><strong>amplius</strong></span> <span class='ocrx_word' id='word_1_16' title='bbox 1314 189 1446 224; x_wconf 82' lang='lat' dir='ltr'><strong>Opiﬁcem</strong></span> <span class='ocrx_word' id='word_1_17' title='bbox 1462 188 1628 224; x_wconf 82' lang='lat' dir='ltr'><strong>vituperent.</strong></span> <span class='ocrx_word' id='word_1_18' title='bbox 1644 189 1690 215; x_wconf 84' lang='lat' dir='ltr'><strong>sed</strong></span> 
     </span>
    </p>
   </div>
   <div class='ocr_carea' id='block_1_6' title="bbox 81 231 856 268">
    <p class='ocr_par' dir='ltr' id='par_1_6' title="bbox 81 231 856 268">
     <span class='ocr_line' id='line_1_6' title="bbox 81 231 856 268; baseline 0.001 -10"><span class='ocrx_word' id='word_1_19' title='bbox 81 231 130 258; x_wconf 73' lang='grc' dir='ltr'>ιιέτι</span> <span class='ocrx_word' id='word_1_20' title='bbox 143 234 306 266; x_wconf 75' lang='grc' dir='ltr'><strong>κατηγορεῖν</strong></span> <span class='ocrx_word' id='word_1_21' title='bbox 317 232 363 259; x_wconf 84' lang='grc' dir='ltr'>τοῦ</span> <span class='ocrx_word' id='word_1_22' title='bbox 372 232 554 268; x_wconf 78' lang='grc' dir='ltr'>Δημιουργοῦ,</span> <span class='ocrx_word' id='word_1_23' title='bbox 565 232 633 259; x_wconf 77' lang='grc' dir='ltr'>ἀλλὰ</span> <span class='ocrx_word' id='word_1_24' title='bbox 649 233 760 267; x_wconf 82' lang='grc' dir='ltr'><strong>φάσκειν</strong></span> <span class='ocrx_word' id='word_1_25' title='bbox 776 233 856 260; x_wconf 76' lang='grc' dir='ltr'>αὑτὸν</span> 
     </span>
    </p>
   </div>
   <div class='ocr_carea' id='block_1_7' title="bbox 79 275 856 314">
    <p class='ocr_par' dir='ltr' id='par_1_7' title="bbox 79 275 856 314">
     <span class='ocr_line' id='line_1_7' title="bbox 79 275 856 314; baseline 0.001 -10"><span class='ocrx_word' id='word_1_26' title='bbox 79 277 171 311; x_wconf 69' lang='grc' dir='ltr'>αγαθὸν</span> <span class='ocrx_word' id='word_1_27' title='bbox 183 275 461 306; x_wconf 79' lang='grc' dir='ltr'>εἷναι.”Πευστέονοῦν</span> <span class='ocrx_word' id='word_1_28' title='bbox 479 278 531 304; x_wconf 84' lang='grc' dir='ltr'><strong>τῶν</strong></span> <span class='ocrx_word' id='word_1_29' title='bbox 553 278 681 313; x_wconf 82' lang='grc' dir='ltr'><strong>οἰομένων</strong></span> <span class='ocrx_word' id='word_1_30' title='bbox 702 279 856 314; x_wconf 81' lang='grc' dir='ltr'><strong>νενοηκέναι</strong></span> 
     </span>
    </p>
   </div>
   <div class='ocr_carea' id='block_1_8' title="bbox 78 323 858 361">
    <p class='ocr_par' dir='ltr' id='par_1_8' title="bbox 78 323 858 361">
     <span class='ocr_line' id='line_1_8' title="bbox 78 323 858 361; baseline 0.003 -11"><span class='ocrx_word' id='word_1_31' title='bbox 78 323 117 351; x_wconf 71' lang='grc' dir='ltr'><strong>τό·</strong></span> <span class='ocrx_word' id='word_1_32' title='bbox 136 334 146 350; x_wconf 81' lang='lat' dir='ltr'><strong>I</strong></span> <span class='ocrx_word' id='word_1_33' title='bbox 171 324 336 360; x_wconf 80' lang='grc' dir='ltr'>Ἐσκλήρυνε</span> <span class='ocrx_word' id='word_1_34' title='bbox 355 325 457 360; x_wconf 83' lang='grc' dir='ltr'>Κύριος</span> <span class='ocrx_word' id='word_1_35' title='bbox 479 325 493 350; x_wconf 82' lang='grc' dir='ltr'>ὁ</span> <span class='ocrx_word' id='word_1_36' title='bbox 514 325 579 357; x_wconf 69' lang='grc' dir='ltr'>Θεὸς</span> <span class='ocrx_word' id='word_1_37' title='bbox 604 325 653 361; x_wconf 79' lang='grc' dir='ltr'><strong>τὴν</strong></span> <span class='ocrx_word' id='word_1_38' title='bbox 670 325 781 360; x_wconf 82' lang='grc' dir='ltr'>καρδίαν</span> <span class='ocrx_word' id='word_1_39' title='bbox 803 326 858 352; x_wconf 83' lang='grc' dir='ltr'><strong>Φα-</strong></span> 
     </span>
    </p>
   </div>
   <div class='ocr_carea' id='block_1_9' title="bbox 80 369 859 405">
    <p class='ocr_par' dir='ltr' id='par_1_9' title="bbox 80 369 859 405">
     <span class='ocr_line' id='line_1_9' title="bbox 80 369 859 405; baseline 0 -9"><span class='ocrx_word' id='word_1_40' title='bbox 80 369 146 404; x_wconf 81' lang='grc' dir='ltr'>ραὼ,</span> <span class='ocrx_word' id='word_1_41' title='bbox 169 379 178 394; x_wconf 84' lang='lat' dir='ltr'><strong>I</strong></span> <span class='ocrx_word' id='word_1_42' title='bbox 195 370 310 405; x_wconf 77' lang='grc' dir='ltr'>πότερον</span> <span class='ocrx_word' id='word_1_43' title='bbox 326 369 433 404; x_wconf 80' lang='grc' dir='ltr'>ἀληθῶς</span> <span class='ocrx_word' id='word_1_44' title='bbox 452 370 606 396; x_wconf 78' lang='grc' dir='ltr'>πιστεύουσι</span> <span class='ocrx_word' id='word_1_45' title='bbox 627 369 751 404; x_wconf 79' lang='grc' dir='ltr'>λέγεσθαι</span> <span class='ocrx_word' id='word_1_46' title='bbox 773 370 859 396; x_wconf 73' lang='grc' dir='ltr'>ταῦτα</span> 
     </span>
    </p>
   </div>
   <div class='ocr_carea' id='block_1_10' title="bbox 78 415 857 451">
    <p class='ocr_par' dir='ltr' id='par_1_10' title="bbox 78 415 857 451">
     <span class='ocr_line' id='line_1_10' title="bbox 78 415 857 451; baseline 0 -9"><span class='ocrx_word' id='word_1_47' title='bbox 78 415 125 441; x_wconf 79' lang='grc' dir='ltr'><strong>ὑπὸ</strong></span> <span class='ocrx_word' id='word_1_48' title='bbox 136 415 183 442; x_wconf 78' lang='grc' dir='ltr'><strong>τοῦ</strong></span> <span class='ocrx_word' id='word_1_49' title='bbox 195 415 273 446; x_wconf 76' lang='grc' dir='ltr'>Θεοῦ,</span> <span class='ocrx_word' id='word_1_50' title='bbox 285 416 328 442; x_wconf 77' lang='grc' dir='ltr'>διὰ</span> <span class='ocrx_word' id='word_1_51' title='bbox 344 416 482 448; x_wconf 80' lang='grc' dir='ltr'><strong>Μωῡσὲως</strong></span> <span class='ocrx_word' id='word_1_52' title='bbox 493 415 693 448; x_wconf 73' lang='grc' dir='ltr'>ὲνϐουσιῶντος,</span> <span class='ocrx_word' id='word_1_53' title='bbox 705 417 721 451; x_wconf 83' lang='grc' dir='ltr'><strong>ἢ</strong></span> <span class='ocrx_word' id='word_1_54' title='bbox 735 416 838 451; x_wconf 72' lang='grc' dir='ltr'>ψευδῶς</span> <span class='ocrx_word' id='word_1_55' title='bbox 850 425 857 432; x_wconf 75' lang='grc'><strong><em>⁸</em></strong></span> 
     </span>
    </p>
   </div>
   <div class='ocr_carea' id='block_1_11' title="bbox 79 460 860 496">
    <p class='ocr_par' dir='ltr' id='par_1_11' title="bbox 79 460 860 496">
     <span class='ocr_line' id='line_1_11' title="bbox 79 460 860 496; baseline 0 -10"><span class='ocrx_word' id='word_1_56' title='bbox 79 462 100 487; x_wconf 85' lang='grc' dir='ltr'>εἰ</span> <span class='ocrx_word' id='word_1_57' title='bbox 115 461 163 496; x_wconf 83' lang='grc' dir='ltr'><strong>μὲν</strong></span> <span class='ocrx_word' id='word_1_58' title='bbox 177 460 232 495; x_wconf 77' lang='grc' dir='ltr'><strong>γὰρ</strong></span> <span class='ocrx_word' id='word_1_59' title='bbox 247 460 361 494; x_wconf 75' lang='grc' dir='ltr'>ψευδῶς,</span> <span class='ocrx_word' id='word_1_60' title='bbox 374 460 434 486; x_wconf 75' lang='grc' dir='ltr'>οὕτε</span> <span class='ocrx_word' id='word_1_61' title='bbox 447 461 550 492; x_wconf 81' lang='grc' dir='ltr'>δίκαιος</span> <span class='ocrx_word' id='word_1_62' title='bbox 565 461 603 486; x_wconf 76' lang='grc' dir='ltr'>ἔτι</span> <span class='ocrx_word' id='word_1_63' title='bbox 617 460 670 495; x_wconf 84' lang='grc'>(69)</span> <span class='ocrx_word' id='word_1_64' title='bbox 687 461 745 487; x_wconf 82' lang='grc' dir='ltr'>κατ’</span> <span class='ocrx_word' id='word_1_65' title='bbox 762 461 860 492; x_wconf 77' lang='grc' dir='ltr'>αὐτοὺς</span> 
     </span>
    </p>
   </div>
   <div class='ocr_carea' id='block_1_12' title="bbox 76 504 857 540">
    <p class='ocr_par' dir='ltr' id='par_1_12' title="bbox 76 504 857 540">
     <span class='ocr_line' id='line_1_12' title="bbox 76 504 857 540; baseline -0.001 -9"><span class='ocrx_word' id='word_1_66' title='bbox 76 507 89 531; x_wconf 81' lang='grc' dir='ltr'>ὁ</span> <span class='ocrx_word' id='word_1_67' title='bbox 103 504 176 536; x_wconf 81' lang='grc' dir='ltr'>Θεὸς,</span> <span class='ocrx_word' id='word_1_68' title='bbox 188 504 252 531; x_wconf 75' lang='grc' dir='ltr'>οὗτε</span> <span class='ocrx_word' id='word_1_69' title='bbox 267 505 380 540; x_wconf 82' lang='grc' dir='ltr'>ἀληθὴς,</span> <span class='ocrx_word' id='word_1_70' title='bbox 395 505 442 532; x_wconf 69' lang='grc' dir='ltr'><strong>καὶ</strong></span> <span class='ocrx_word' id='word_1_71' title='bbox 456 505 517 532; x_wconf 71' lang='grc' dir='ltr'>ὅσον</span> <span class='ocrx_word' id='word_1_72' title='bbox 532 506 578 531; x_wconf 73' lang='grc' dir='ltr'><strong>ἐπὶ</strong></span> <span class='ocrx_word' id='word_1_73' title='bbox 592 505 695 536; x_wconf 81' lang='grc' dir='ltr'>τούτοις</span> <span class='ocrx_word' id='word_1_74' title='bbox 710 505 769 531; x_wconf 73' lang='grc' dir='ltr'>οὐδὲ</span> <span class='ocrx_word' id='word_1_75' title='bbox 784 505 857 536; x_wconf 88' lang='grc' dir='ltr'><strong>Θεός·</strong></span> 
     </span>
    </p>
   </div>
   <div class='ocr_carea' id='block_1_13' title="bbox 77 549 861 585">
    <p class='ocr_par' dir='ltr' id='par_1_13' title="bbox 77 549 861 585">
     <span class='ocr_line' id='line_1_13' title="bbox 77 549 861 585; baseline 0 -10"><span class='ocrx_word' id='word_1_76' title='bbox 77 551 100 576; x_wconf 82' lang='grc' dir='ltr'><strong>ει</strong></span> <span class='ocrx_word' id='word_1_77' title='bbox 109 549 130 575; x_wconf 85' lang='grc' dir='ltr'>δ’</span> <span class='ocrx_word' id='word_1_78' title='bbox 145 549 263 584; x_wconf 76' lang='grc' dir='ltr'>ἀληθῶς,</span> <span class='ocrx_word' id='word_1_79' title='bbox 276 550 488 576; x_wconf 82' lang='grc' dir='ltr'>κατανοείτωσαν</span> <span class='ocrx_word' id='word_1_80' title='bbox 500 550 524 576; x_wconf 76' lang='grc' dir='ltr'>εἰ</span> <span class='ocrx_word' id='word_1_81' title='bbox 538 550 574 585; x_wconf 86' lang='grc' dir='ltr'><strong>μὴ</strong></span> <span class='ocrx_word' id='word_1_82' title='bbox 587 550 624 581; x_wconf 81' lang='grc' dir='ltr'><strong>ὡς</strong></span> <span class='ocrx_word' id='word_1_83' title='bbox 635 549 804 581; x_wconf 78' lang='grc' dir='ltr'>αὐτεξούσιον</span> <span class='ocrx_word' id='word_1_84' title='bbox 821 551 861 576; x_wconf 82' lang='lat' dir='ltr'><strong>atl-</strong></span> 
     </span>
    </p>
   </div>
   <div class='ocr_carea' id='block_1_14' title="bbox 78 593 858 629">
    <p class='ocr_par' dir='ltr' id='par_1_14' title="bbox 78 593 858 629">
     <span class='ocr_line' id='line_1_14' title="bbox 78 593 858 629; baseline 0.001 -10"><span class='ocrx_word' id='word_1_85' title='bbox 78 594 164 619; x_wconf 79' lang='grc' dir='ltr'>τιᾶται</span> <span class='ocrx_word' id='word_1_86' title='bbox 174 593 273 626; x_wconf 77' lang='grc' dir='ltr'><strong>λέγων’</strong></span> <span class='ocrx_word' id='word_1_87' title='bbox 287 603 296 619; x_wconf 73' lang='grc' dir='ltr'><strong>ε</strong></span> <span class='ocrx_word' id='word_1_88' title='bbox 308 594 339 619; x_wconf 85' lang='grc' dir='ltr'>Εἰ</span> <span class='ocrx_word' id='word_1_89' title='bbox 353 594 381 620; x_wconf 83' lang='grc' dir='ltr'>δὲ</span> <span class='ocrx_word' id='word_1_90' title='bbox 396 594 432 629; x_wconf 85' lang='grc' dir='ltr'><strong>μὴ</strong></span> <span class='ocrx_word' id='word_1_91' title='bbox 445 594 531 629; x_wconf 79' lang='grc' dir='ltr'>βούλει</span> <span class='ocrx_word' id='word_1_92' title='bbox 545 594 730 626; x_wconf 77' lang='grc' dir='ltr'>ἐξαποστεῖλαι</span> <span class='ocrx_word' id='word_1_93' title='bbox 746 594 835 620; x_wconf 77' lang='grc' dir='ltr'>αὐτόν’</span> <span class='ocrx_word' id='word_1_94' title='bbox 849 604 858 620; x_wconf 84' lang='lat' dir='ltr'><strong>I</strong></span> 
     </span>
    </p>
   </div>
   <div class='ocr_carea' id='block_1_15' title="bbox 78 638 858 675">
    <p class='ocr_par' dir='ltr' id='par_1_15' title="bbox 78 638 858 675">
     <span class='ocr_line' id='line_1_15' title="bbox 78 638 858 675; baseline 0.003 -11"><span class='ocrx_word' id='word_1_95' title='bbox 78 639 122 664; x_wconf 75' lang='grc' dir='ltr'>καὶ</span> <span class='ocrx_word' id='word_1_96' title='bbox 135 638 252 673; x_wconf 82' lang='grc' dir='ltr'>ἀλλαχοῦ</span> <span class='ocrx_word' id='word_1_97' title='bbox 263 647 269 653; x_wconf 93' lang='grc'><strong>·</strong></span> <span class='ocrx_word' id='word_1_98' title='bbox 282 639 371 671; x_wconf 80' lang='grc' dir='ltr'><strong>«Ἕως</strong></span> <span class='ocrx_word' id='word_1_99' title='bbox 384 640 454 671; x_wconf 87' lang='grc' dir='ltr'>τίνος</span> <span class='ocrx_word' id='word_1_100' title='bbox 465 640 495 665; x_wconf 75' lang='grc' dir='ltr'><strong>οὐ</strong></span> <span class='ocrx_word' id='word_1_101' title='bbox 508 639 597 674; x_wconf 78' lang='grc' dir='ltr'>βούλει</span> <span class='ocrx_word' id='word_1_102' title='bbox 612 640 774 674; x_wconf 81' lang='grc' dir='ltr'>ὲντραπῆναί</span> <span class='ocrx_word' id='word_1_103' title='bbox 788 649 835 675; x_wconf 85' lang='grc' dir='ltr'>με;</span> <span class='ocrx_word' id='word_1_104' title='bbox 849 650 858 666; x_wconf 84' lang='lat' dir='ltr'><strong>I</strong></span> 
     </span>
    </p>
   </div>
   <div class='ocr_carea' id='block_1_16' title="bbox 78 683 861 720">
    <p class='ocr_par' dir='ltr' id='par_1_16' title="bbox 78 683 861 720">
     <span class='ocr_line' id='line_1_16' title="bbox 78 683 861 720; baseline 0.003 -10"><span class='ocrx_word' id='word_1_105' title='bbox 78 685 112 710; x_wconf 70' lang='grc' dir='ltr'><strong>Τὸ</strong></span> <span class='ocrx_word' id='word_1_106' title='bbox 126 683 210 719; x_wconf 77' lang='grc' dir='ltr'>γὰρ,‹</span> <span class='ocrx_word' id='word_1_107' title='bbox 220 684 370 716; x_wconf 81' lang='grc' dir='ltr'>Ἔωςτίνος</span> <span class='ocrx_word' id='word_1_108' title='bbox 383 686 413 712; x_wconf 86' lang='grc' dir='ltr'>οὺ</span> <span class='ocrx_word' id='word_1_109' title='bbox 429 685 515 720; x_wconf 76' lang='grc' dir='ltr'>βούλει</span> <span class='ocrx_word' id='word_1_110' title='bbox 530 685 695 720; x_wconf 80' lang='grc' dir='ltr'>ὲντραπῆναί</span> <span class='ocrx_word' id='word_1_111' title='bbox 710 693 758 720; x_wconf 86' lang='grc' dir='ltr'>με;</span> <span class='ocrx_word' id='word_1_112' title='bbox 772 695 781 712; x_wconf 78' lang='lat' dir='ltr'><strong>I</strong></span> <span class='ocrx_word' id='word_1_113' title='bbox 798 685 861 712; x_wconf 86' lang='grc' dir='ltr'>δυσ-</span> 
     </span>
    </p>
   </div>
   <div class='ocr_carea' id='block_1_17' title="bbox 78 729 863 766">
    <p class='ocr_par' dir='ltr' id='par_1_17' title="bbox 78 729 863 766">
     <span class='ocr_line' id='line_1_17' title="bbox 78 729 863 766; baseline 0.001 -10"><span class='ocrx_word' id='word_1_114' title='bbox 78 730 227 764; x_wconf 82' lang='grc' dir='ltr'>ωπητικῶς</span> <span class='ocrx_word' id='word_1_115' title='bbox 251 729 357 764; x_wconf 81' lang='grc' dir='ltr'>λέγεται</span> <span class='ocrx_word' id='word_1_116' title='bbox 374 731 440 766; x_wconf 80' lang='grc' dir='ltr'>πρὸς</span> <span class='ocrx_word' id='word_1_117' title='bbox 454 731 499 757; x_wconf 85' lang='grc' dir='ltr'><strong>τὸν</strong></span> <span class='ocrx_word' id='word_1_118' title='bbox 512 730 611 766; x_wconf 81' lang='grc' dir='ltr'>Φαραὼ</span> <span class='ocrx_word' id='word_1_119' title='bbox 628 731 679 758; x_wconf 88' lang='grc' dir='ltr'><strong>οὑκ</strong></span> <span class='ocrx_word' id='word_1_120' title='bbox 699 731 863 766; x_wconf 85' lang='grc' dir='ltr'>ἐντρεπόμε-</span> 
     </span>
    </p>
   </div>
   <div class='ocr_carea' id='block_1_18' title="bbox 78 776 862 813">
    <p class='ocr_par' dir='ltr' id='par_1_18' title="bbox 78 776 862 813">
     <span class='ocr_line' id='line_1_18' title="bbox 78 776 862 813; baseline 0.001 -11"><span class='ocrx_word' id='word_1_121' title='bbox 78 784 136 807; x_wconf 81' lang='grc' dir='ltr'>νον,</span> <span class='ocrx_word' id='word_1_122' title='bbox 154 777 185 802; x_wconf 77' lang='grc' dir='ltr'>οὗ</span> <span class='ocrx_word' id='word_1_123' title='bbox 208 776 283 812; x_wconf 78' lang='grc' dir='ltr'>παρὰ</span> <span class='ocrx_word' id='word_1_124' title='bbox 305 776 336 802; x_wconf 84' lang='grc' dir='ltr'>τὺ</span> <span class='ocrx_word' id='word_1_125' title='bbox 360 777 396 812; x_wconf 85' lang='grc' dir='ltr'><strong>μὴ</strong></span> <span class='ocrx_word' id='word_1_126' title='bbox 414 777 563 808; x_wconf 77' lang='grc' dir='ltr'>δύνασθαι,</span> <span class='ocrx_word' id='word_1_127' title='bbox 588 776 655 803; x_wconf 79' lang='grc' dir='ltr'>ἀλλὰ</span> <span class='ocrx_word' id='word_1_128' title='bbox 682 777 757 812; x_wconf 79' lang='grc' dir='ltr'>παρὰ</span> <span class='ocrx_word' id='word_1_129' title='bbox 778 778 808 804; x_wconf 82' lang='grc' dir='ltr'><strong>τὸ</strong></span> <span class='ocrx_word' id='word_1_130' title='bbox 826 777 862 813; x_wconf 86' lang='grc' dir='ltr'><strong>μὴ</strong></span> 
     </span>
    </p>
   </div>
   <div class='ocr_carea' id='block_1_19' title="bbox 79 821 862 859">
    <p class='ocr_par' dir='ltr' id='par_1_19' title="bbox 79 821 862 859">
     <span class='ocr_line' id='line_1_19' title="bbox 79 821 862 859; baseline 0.003 -12"><span class='ocrx_word' id='word_1_131' title='bbox 79 821 229 856; x_wconf 75' lang='grc' dir='ltr'>βούλεσθαι.</span> <span class='ocrx_word' id='word_1_132' title='bbox 244 822 299 848; x_wconf 83' lang='grc' dir='ltr'><strong>Καὶ</strong></span> <span class='ocrx_word' id='word_1_133' title='bbox 315 822 345 848; x_wconf 78' lang='grc' dir='ltr'>τὸ</span> <span class='ocrx_word' id='word_1_134' title='bbox 359 822 502 857; x_wconf 84' lang='grc' dir='ltr'>λεγόμενον</span> <span class='ocrx_word' id='word_1_135' title='bbox 513 822 541 848; x_wconf 87' lang='grc' dir='ltr'><strong>δὲ</strong></span> <span class='ocrx_word' id='word_1_136' title='bbox 554 822 629 857; x_wconf 81' lang='grc' dir='ltr'>παρὰ</span> <span class='ocrx_word' id='word_1_137' title='bbox 642 822 780 854; x_wconf 82' lang='grc' dir='ltr'><strong>Μωῦσέως</strong></span> <span class='ocrx_word' id='word_1_138' title='bbox 795 823 862 859; x_wconf 72' lang='grc' dir='ltr'>πρὸς</span> 
     </span>
    </p>
   </div>
   <div class='ocr_carea' id='block_1_20' title="bbox 908 234 1690 269">
    <p class='ocr_par' dir='ltr' id='par_1_20' title="bbox 908 234 1690 269">
     <span class='ocr_line' id='line_1_20' title="bbox 908 234 1690 269; baseline -0.001 -9"><span class='ocrx_word' id='word_1_139' title='bbox 908 234 996 268; x_wconf 90' lang='lat' dir='ltr'><strong>ipsum</strong></span> <span class='ocrx_word' id='word_1_140' title='bbox 1017 234 1116 262; x_wconf 88' lang='lat' dir='ltr'><strong>bonum</strong></span> <span class='ocrx_word' id='word_1_141' title='bbox 1141 242 1200 263; x_wconf 90' lang='lat' dir='ltr'><strong>esse</strong></span> <span class='ocrx_word' id='word_1_142' title='bbox 1225 236 1369 262; x_wconf 86' lang='lat' dir='ltr'><strong>alIirInent.</strong></span> <span class='ocrx_word' id='word_1_143' title='bbox 1402 235 1471 269; x_wconf 76' lang='lat' dir='ltr'><strong>Ergo</strong></span> <span class='ocrx_word' id='word_1_144' title='bbox 1506 234 1690 268; x_wconf 74' lang='lat' dir='ltr'><strong>interrogandi</strong></span> 
     </span>
    </p>
   </div>
   <div class='ocr_carea' id='block_1_21' title="bbox 907 280 1693 316">
    <p class='ocr_par' dir='ltr' id='par_1_21' title="bbox 907 280 1693 316">
     <span class='ocr_line' id='line_1_21' title="bbox 907 280 1693 316; baseline -0.003 -8"><span class='ocrx_word' id='word_1_145' title='bbox 907 286 980 312; x_wconf 83' lang='lat' dir='ltr'><strong>sunt,</strong></span> <span class='ocrx_word' id='word_1_146' title='bbox 997 281 1040 315; x_wconf 90' lang='lat' dir='ltr'><strong>qui</strong></span> <span class='ocrx_word' id='word_1_147' title='bbox 1056 289 1085 308; x_wconf 82' lang='lat' dir='ltr'><strong>se</strong></span> <span class='ocrx_word' id='word_1_148' title='bbox 1099 282 1124 308; x_wconf 89' lang='lat' dir='ltr'><strong>id</strong></span> <span class='ocrx_word' id='word_1_149' title='bbox 1147 286 1241 316; x_wconf 87' lang='lat' dir='ltr'><strong>putant</strong></span> <span class='ocrx_word' id='word_1_150' title='bbox 1259 281 1430 314; x_wconf 75' lang='lat' dir='ltr'><strong>intelligere:</strong></span> <span class='ocrx_word' id='word_1_151' title='bbox 1451 290 1460 305; x_wconf 74' lang='grc' dir='ltr'><strong>ι</strong></span> <span class='ocrx_word' id='word_1_152' title='bbox 1481 280 1618 307; x_wconf 83' lang='lat' dir='ltr'><strong>induravit</strong></span> <span class='ocrx_word' id='word_1_153' title='bbox 1643 280 1693 306; x_wconf 90' lang='lat' dir='ltr'><strong>Do-</strong></span> 
     </span>
    </p>
   </div>
   <div class='ocr_carea' id='block_1_22' title="bbox 909 324 1691 359">
    <p class='ocr_par' dir='ltr' id='par_1_22' title="bbox 909 324 1691 359">
     <span class='ocr_line' id='line_1_22' title="bbox 909 324 1691 359; baseline -0.003 -7"><span class='ocrx_word' id='word_1_154' title='bbox 909 326 997 352; x_wconf 89' lang='lat' dir='ltr'><strong>minus</strong></span> <span class='ocrx_word' id='word_1_155' title='bbox 1015 327 1084 352; x_wconf 78' lang='lat' dir='ltr'><strong>Deus</strong></span> <span class='ocrx_word' id='word_1_156' title='bbox 1096 333 1144 352; x_wconf 92' lang='lat' dir='ltr'><strong>cor</strong></span> <span class='ocrx_word' id='word_1_157' title='bbox 1159 325 1327 359; x_wconf 73' lang='lat' dir='ltr'><strong>Pharaonis,</strong></span> <span class='ocrx_word' id='word_1_158' title='bbox 1349 335 1359 352; x_wconf 67' lang='grc' dir='ltr'><strong>ι</strong></span> <span class='ocrx_word' id='word_1_159' title='bbox 1381 334 1414 352; x_wconf 86' lang='lat' dir='ltr'><strong>an</strong></span> <span class='ocrx_word' id='word_1_160' title='bbox 1438 327 1494 352; x_wconf 71' lang='lat' dir='ltr'><strong>hrec</strong></span> <span class='ocrx_word' id='word_1_161' title='bbox 1520 333 1584 352; x_wconf 85' lang='lat' dir='ltr'><strong>vere</strong></span> <span class='ocrx_word' id='word_1_162' title='bbox 1602 332 1617 351; x_wconf 84' lang='lat' dir='ltr'><strong>a</strong></span> <span class='ocrx_word' id='word_1_163' title='bbox 1637 324 1691 350; x_wconf 78' lang='lat' dir='ltr'><strong>Deo</strong></span> 
     </span>
    </p>
   </div>
   <div class='ocr_carea' id='block_1_23' title="bbox 910 369 1692 405">
    <p class='ocr_par' dir='ltr' id='par_1_23' title="bbox 910 369 1692 405">
     <span class='ocr_line' id='line_1_23' title="bbox 910 369 1692 405; baseline -0.004 -7"><span class='ocrx_word' id='word_1_164' title='bbox 910 371 960 398; x_wconf 89' lang='lat' dir='ltr'><strong>dici</strong></span> <span class='ocrx_word' id='word_1_165' title='bbox 980 379 1028 405; x_wconf 84' lang='lat' dir='ltr'><strong>per</strong></span> <span class='ocrx_word' id='word_1_166' title='bbox 1045 371 1161 405; x_wconf 84' lang='lat' dir='ltr'><strong>Moysem</strong></span> <span class='ocrx_word' id='word_1_167' title='bbox 1181 371 1271 398; x_wconf 87' lang='lat' dir='ltr'><strong>divino</strong></span> <span class='ocrx_word' id='word_1_168' title='bbox 1293 372 1388 405; x_wconf 87' lang='lat' dir='ltr'><strong>spiritu</strong></span> <span class='ocrx_word' id='word_1_169' title='bbox 1411 371 1528 398; x_wconf 86' lang='lat' dir='ltr'><strong>alllatum</strong></span> <span class='ocrx_word' id='word_1_170' title='bbox 1542 390 1549 402; x_wconf 82' lang='lat'><strong>,</strong></span> <span class='ocrx_word' id='word_1_171' title='bbox 1566 378 1598 396; x_wconf 92' lang='lat' dir='ltr'><strong>an</strong></span> <span class='ocrx_word' id='word_1_172' title='bbox 1615 369 1692 401; x_wconf 76' lang='lat' dir='ltr'><strong>false,</strong></span> 
     </span>
    </p>
   </div>
   <div class='ocr_carea' id='block_1_24' title="bbox 910 415 1692 450">
    <p class='ocr_par' dir='ltr' id='par_1_24' title="bbox 910 415 1692 450">
     <span class='ocr_line' id='line_1_24' title="bbox 910 415 1692 450; baseline -0.003 -8"><span class='ocrx_word' id='word_1_173' title='bbox 910 421 1013 450; x_wconf 89' lang='lat' dir='ltr'><strong>putent.</strong></span> <span class='ocrx_word' id='word_1_174' title='bbox 1035 416 1062 443; x_wconf 85' lang='lat' dir='ltr'><strong>Si</strong></span> <span class='ocrx_word' id='word_1_175' title='bbox 1077 417 1147 443; x_wconf 81' lang='lat' dir='ltr'><strong>enim</strong></span> <span class='ocrx_word' id='word_1_176' title='bbox 1172 416 1254 448; x_wconf 79' lang='lat' dir='ltr'><strong>false,</strong></span> <span class='ocrx_word' id='word_1_177' title='bbox 1273 424 1359 450; x_wconf 88' lang='lat' dir='ltr'><strong>neque</strong></span> <span class='ocrx_word' id='word_1_178' title='bbox 1377 417 1464 450; x_wconf 85' lang='lat' dir='ltr'><strong>justus</strong></span> <span class='ocrx_word' id='word_1_179' title='bbox 1488 417 1607 450; x_wconf 75' lang='lat' dir='ltr'><strong>ipsorum</strong></span> <span class='ocrx_word' id='word_1_180' title='bbox 1631 415 1692 449; x_wconf 90' lang='lat' dir='ltr'><strong>opi-</strong></span> 
     </span>
    </p>
   </div>
   <div class='ocr_carea' id='block_1_25' title="bbox 910 460 1691 496">
    <p class='ocr_par' dir='ltr' id='par_1_25' title="bbox 910 460 1691 496">
     <span class='ocr_line' id='line_1_25' title="bbox 910 460 1691 496; baseline -0.003 -8"><span class='ocrx_word' id='word_1_181' title='bbox 910 463 992 489; x_wconf 82' lang='lat' dir='ltr'><strong>nione</strong></span> <span class='ocrx_word' id='word_1_182' title='bbox 1004 482 1011 494; x_wconf 84' lang='lat'><strong>,</strong></span> <span class='ocrx_word' id='word_1_183' title='bbox 1037 470 1126 496; x_wconf 89' lang='lat' dir='ltr'><strong>neque</strong></span> <span class='ocrx_word' id='word_1_184' title='bbox 1146 470 1225 489; x_wconf 88' lang='lat' dir='ltr'><strong>verus</strong></span> <span class='ocrx_word' id='word_1_185' title='bbox 1247 462 1299 489; x_wconf 89' lang='lat' dir='ltr'><strong>erit</strong></span> <span class='ocrx_word' id='word_1_186' title='bbox 1317 462 1386 488; x_wconf 81' lang='lat' dir='ltr'><strong>Deus</strong></span> <span class='ocrx_word' id='word_1_187' title='bbox 1405 471 1411 488; x_wconf 88' lang='lat'><strong>:</strong></span> <span class='ocrx_word' id='word_1_188' title='bbox 1429 470 1515 496; x_wconf 85' lang='lat' dir='ltr'><strong>neque</strong></span> <span class='ocrx_word' id='word_1_189' title='bbox 1530 469 1593 488; x_wconf 85' lang='lat' dir='ltr'><strong>vero</strong></span> <span class='ocrx_word' id='word_1_190' title='bbox 1611 460 1691 487; x_wconf 86' lang='lat' dir='ltr'><strong>Dens.</strong></span> 
     </span>
    </p>
   </div>
   <div class='ocr_carea' id='block_1_26' title="bbox 911 506 1693 542">
    <p class='ocr_par' dir='ltr' id='par_1_26' title="bbox 911 506 1693 542">
     <span class='ocr_line' id='line_1_26' title="bbox 911 506 1693 542; baseline -0.003 -8"><span class='ocrx_word' id='word_1_191' title='bbox 911 507 959 534; x_wconf 86' lang='lat' dir='ltr'><strong>Sin</strong></span> <span class='ocrx_word' id='word_1_192' title='bbox 975 513 1063 534; x_wconf 83' lang='lat' dir='ltr'><strong>autem</strong></span> <span class='ocrx_word' id='word_1_193' title='bbox 1084 515 1147 534; x_wconf 83' lang='lat' dir='ltr'><strong>vero</strong></span> <span class='ocrx_word' id='word_1_194' title='bbox 1160 528 1167 540; x_wconf 91' lang='lat'><strong>,</strong></span> <span class='ocrx_word' id='word_1_195' title='bbox 1184 508 1304 542; x_wconf 79' lang='lat' dir='ltr'><strong>cogitent</strong></span> <span class='ocrx_word' id='word_1_196' title='bbox 1321 516 1382 533; x_wconf 88' lang='lat' dir='ltr'><strong>num</strong></span> <span class='ocrx_word' id='word_1_197' title='bbox 1400 515 1462 534; x_wconf 89' lang='lat' dir='ltr'><strong>eum</strong></span> <span class='ocrx_word' id='word_1_198' title='bbox 1482 512 1511 533; x_wconf 89' lang='lat' dir='ltr'><strong>ut</strong></span> <span class='ocrx_word' id='word_1_199' title='bbox 1533 507 1645 534; x_wconf 76' lang='lat' dir='ltr'><strong>arbitrio</strong></span> <span class='ocrx_word' id='word_1_200' title='bbox 1662 506 1693 532; x_wconf 94' lang='lat' dir='ltr'><strong>li-</strong></span> 
     </span>
    </p>
   </div>
   <div class='ocr_carea' id='block_1_27' title="bbox 911 551 1692 586">
    <p class='ocr_par' dir='ltr' id='par_1_27' title="bbox 911 551 1692 586">
     <span class='ocr_line' id='line_1_27' title="bbox 911 551 1692 586; baseline -0.001 -8"><span class='ocrx_word' id='word_1_201' title='bbox 911 551 976 579; x_wconf 82' lang='lat' dir='ltr'><strong>bero</strong></span> <span class='ocrx_word' id='word_1_202' title='bbox 990 552 1130 586; x_wconf 58' lang='lat' dir='ltr'><strong>praeditum</strong></span> <span class='ocrx_word' id='word_1_203' title='bbox 1147 552 1326 585; x_wconf 82' lang='lat' dir='ltr'><strong>reprehendat</strong></span> <span class='ocrx_word' id='word_1_204' title='bbox 1338 552 1431 578; x_wconf 84' lang='lat' dir='ltr'><strong>dicens</strong></span> <span class='ocrx_word' id='word_1_205' title='bbox 1448 552 1490 578; x_wconf 78' lang='lat' dir='ltr'><strong>“z</strong></span> <span class='ocrx_word' id='word_1_206' title='bbox 1511 561 1519 576; x_wconf 76' lang='grc' dir='ltr'><strong>ι</strong></span> <span class='ocrx_word' id='word_1_207' title='bbox 1544 552 1578 578; x_wconf 82' lang='lat' dir='ltr'><strong>At</strong></span> <span class='ocrx_word' id='word_1_208' title='bbox 1599 551 1621 578; x_wconf 88' lang='lat' dir='ltr'><strong>si</strong></span> <span class='ocrx_word' id='word_1_209' title='bbox 1639 559 1692 577; x_wconf 89' lang='lat' dir='ltr'><strong>non</strong></span> 
     </span>
    </p>
   </div>
   <div class='ocr_carea' id='block_1_28' title="bbox 912 597 1693 630">
    <p class='ocr_par' dir='ltr' id='par_1_28' title="bbox 912 597 1693 630">
     <span class='ocr_line' id='line_1_28' title="bbox 912 597 1693 630; baseline -0.005 -5"><span class='ocrx_word' id='word_1_210' title='bbox 912 599 952 625; x_wconf 85' lang='lat' dir='ltr'><strong>vis</strong></span> <span class='ocrx_word' id='word_1_211' title='bbox 968 606 1029 625; x_wconf 91' lang='lat' dir='ltr'><strong>eum</strong></span> <span class='ocrx_word' id='word_1_212' title='bbox 1045 598 1181 625; x_wconf 86' lang='lat' dir='ltr'><strong>dimittere</strong></span> <span class='ocrx_word' id='word_1_213' title='bbox 1197 606 1204 626; x_wconf 86' lang='lat'><strong>:</strong></span> <span class='ocrx_word' id='word_1_214' title='bbox 1225 607 1234 623; x_wconf 69' lang='grc' dir='ltr'><strong>ι</strong></span> <span class='ocrx_word' id='word_1_215' title='bbox 1250 601 1277 624; x_wconf 89' lang='lat' dir='ltr'><strong>et</strong></span> <span class='ocrx_word' id='word_1_216' title='bbox 1294 597 1358 624; x_wconf 85' lang='lat' dir='ltr'><strong>alibi</strong></span> <span class='ocrx_word' id='word_1_217' title='bbox 1375 597 1397 612; x_wconf 82' lang='grc'><strong>⁹¹</strong></span> <span class='ocrx_word' id='word_1_218' title='bbox 1415 604 1423 623; x_wconf 87' lang='lat'><strong>:</strong></span> <span class='ocrx_word' id='word_1_219' title='bbox 1443 605 1451 621; x_wconf 79' lang='grc' dir='ltr'><strong>ι</strong></span> <span class='ocrx_word' id='word_1_220' title='bbox 1471 597 1617 630; x_wconf 79' lang='lat' dir='ltr'><strong>Quousque</strong></span> <span class='ocrx_word' id='word_1_221' title='bbox 1639 603 1693 622; x_wconf 92' lang='lat' dir='ltr'><strong>non</strong></span> 
     </span>
    </p>
   </div>
   <div class='ocr_carea' id='block_1_29' title="bbox 911 642 1696 676">
    <p class='ocr_par' dir='ltr' id='par_1_29' title="bbox 911 642 1696 676">
     <span class='ocr_line' id='line_1_29' title="bbox 911 642 1696 676; baseline -0.004 -5"><span class='ocrx_word' id='word_1_222' title='bbox 911 645 953 672; x_wconf 87' lang='lat' dir='ltr'><strong>vis</strong></span> <span class='ocrx_word' id='word_1_223' title='bbox 971 644 1088 671; x_wconf 79' lang='lat' dir='ltr'><strong>revereri</strong></span> <span class='ocrx_word' id='word_1_224' title='bbox 1104 643 1167 670; x_wconf 80' lang='lat' dir='ltr'><strong>me?</strong></span> <span class='ocrx_word' id='word_1_225' title='bbox 1185 653 1194 669; x_wconf 82' lang='lat' dir='ltr'><strong>I</strong></span> <span class='ocrx_word' id='word_1_226' title='bbox 1210 642 1277 669; x_wconf 84' lang='lat' dir='ltr'><strong>Illud</strong></span> <span class='ocrx_word' id='word_1_227' title='bbox 1291 644 1380 670; x_wconf 85' lang='lat' dir='ltr'><strong>enim:</strong></span> <span class='ocrx_word' id='word_1_228' title='bbox 1397 652 1407 669; x_wconf 75' lang='grc' dir='ltr'><strong>ι</strong></span> <span class='ocrx_word' id='word_1_229' title='bbox 1425 643 1572 676; x_wconf 81' lang='lat' dir='ltr'><strong>Quousque</strong></span> <span class='ocrx_word' id='word_1_230' title='bbox 1587 650 1638 668; x_wconf 93' lang='lat' dir='ltr'><strong>non</strong></span> <span class='ocrx_word' id='word_1_231' title='bbox 1654 643 1696 668; x_wconf 85' lang='lat' dir='ltr'><strong>vis</strong></span> 
     </span>
    </p>
   </div>
   <div class='ocr_carea' id='block_1_30' title="bbox 914 687 1696 722">
    <p class='ocr_par' dir='ltr' id='par_1_30' title="bbox 914 687 1696 722">
     <span class='ocr_line' id='line_1_30' title="bbox 914 687 1696 722; baseline -0.006 -5"><span class='ocrx_word' id='word_1_232' title='bbox 914 690 1030 717; x_wconf 82' lang='lat' dir='ltr'><strong>revereri</strong></span> <span class='ocrx_word' id='word_1_233' title='bbox 1052 689 1116 716; x_wconf 81' lang='lat' dir='ltr'><strong>me?</strong></span> <span class='ocrx_word' id='word_1_234' title='bbox 1131 699 1141 715; x_wconf 71' lang='grc' dir='ltr'><strong>ι</strong></span> <span class='ocrx_word' id='word_1_235' title='bbox 1162 689 1294 716; x_wconf 74' lang='lat' dir='ltr'><strong>Pharaoni</strong></span> <span class='ocrx_word' id='word_1_236' title='bbox 1308 689 1408 716; x_wconf 84' lang='lat' dir='ltr'><strong>dicitur</strong></span> <span class='ocrx_word' id='word_1_237' title='bbox 1420 708 1428 720; x_wconf 91' lang='lat'><strong>,</strong></span> <span class='ocrx_word' id='word_1_238' title='bbox 1454 689 1487 715; x_wconf 86' lang='lat' dir='ltr'><strong>ad</strong></span> <span class='ocrx_word' id='word_1_239' title='bbox 1505 696 1565 714; x_wconf 85' lang='lat' dir='ltr'><strong>eum</strong></span> <span class='ocrx_word' id='word_1_240' title='bbox 1592 687 1696 722; x_wconf 87' lang='lat' dir='ltr'><strong>pudore</strong></span> 
     </span>
    </p>
   </div>
   <div class='ocr_carea' id='block_1_31' title="bbox 914 732 1695 769">
    <p class='ocr_par' dir='ltr' id='par_1_31' title="bbox 914 732 1695 769">
     <span class='ocr_line' id='line_1_31' title="bbox 914 732 1695 769; baseline -0.004 -8"><span class='ocrx_word' id='word_1_241' title='bbox 914 735 1136 766; x_wconf 81' lang='lat' dir='ltr'><strong>snﬂ&#39;undendum,</strong></span> <span class='ocrx_word' id='word_1_242' title='bbox 1159 735 1204 769; x_wconf 86' lang='lat' dir='ltr'><strong>qui</strong></span> <span class='ocrx_word' id='word_1_243' title='bbox 1226 742 1278 761; x_wconf 89' lang='lat' dir='ltr'><strong>non</strong></span> <span class='ocrx_word' id='word_1_244' title='bbox 1299 739 1458 766; x_wconf 78' lang='lat' dir='ltr'><strong>vereretur;</strong></span> <span class='ocrx_word' id='word_1_245' title='bbox 1477 741 1529 760; x_wconf 86' lang='lat' dir='ltr'><strong>non</strong></span> <span class='ocrx_word' id='word_1_246' title='bbox 1553 732 1623 767; x_wconf 85' lang='lat' dir='ltr'><strong>quod</strong></span> <span class='ocrx_word' id='word_1_247' title='bbox 1642 740 1695 759; x_wconf 88' lang='lat' dir='ltr'><strong>non</strong></span> 
     </span>
    </p>
   </div>
   <div class='ocr_carea' id='block_1_32' title="bbox 914 777 1696 815">
    <p class='ocr_par' dir='ltr' id='par_1_32' title="bbox 914 777 1696 815">
     <span class='ocr_line' id='line_1_32' title="bbox 914 777 1696 815; baseline -0.005 -8"><span class='ocrx_word' id='word_1_248' title='bbox 914 785 1004 815; x_wconf 83' lang='lat' dir='ltr'><strong>posset</strong></span> <span class='ocrx_word' id='word_1_249' title='bbox 1016 800 1024 812; x_wconf 86' lang='grc'><strong>,</strong></span> <span class='ocrx_word' id='word_1_250' title='bbox 1045 779 1092 807; x_wconf 87' lang='lat' dir='ltr'><strong>sed</strong></span> <span class='ocrx_word' id='word_1_251' title='bbox 1110 780 1182 814; x_wconf 88' lang='lat' dir='ltr'><strong>quod</strong></span> <span class='ocrx_word' id='word_1_252' title='bbox 1204 779 1297 807; x_wconf 91' lang='lat' dir='ltr'><strong>nollet.</strong></span> <span class='ocrx_word' id='word_1_253' title='bbox 1319 780 1352 806; x_wconf 83' lang='lat' dir='ltr'><strong>Et</strong></span> <span class='ocrx_word' id='word_1_254' title='bbox 1377 779 1447 813; x_wconf 91' lang='lat' dir='ltr'><strong>quod</strong></span> <span class='ocrx_word' id='word_1_255' title='bbox 1462 779 1560 806; x_wconf 85' lang='lat' dir='ltr'><strong>dicitur</strong></span> <span class='ocrx_word' id='word_1_256' title='bbox 1575 786 1588 804; x_wconf 88' lang='lat' dir='ltr'><strong>a</strong></span> <span class='ocrx_word' id='word_1_257' title='bbox 1605 777 1696 812; x_wconf 79' lang='lat' dir='ltr'><strong>Moyse</strong></span> 
     </span>
    </p>
   </div>
   <div class='ocr_carea' id='block_1_33' title="bbox 915 824 1693 859">
    <p class='ocr_par' dir='ltr' id='par_1_33' title="bbox 915 824 1693 859">
     <span class='ocr_line' id='line_1_33' title="bbox 915 824 1693 859; baseline -0.006 -6"><span class='ocrx_word' id='word_1_258' title='bbox 915 825 1047 853; x_wconf 77' lang='lat' dir='ltr'><strong>Pharaoni</strong></span> <span class='ocrx_word' id='word_1_259' title='bbox 1060 825 1098 852; x_wconf 65' lang='grc' dir='ltr'>’δε</span> <span class='ocrx_word' id='word_1_260' title='bbox 1117 834 1126 850; x_wconf 73' lang='grc' dir='ltr'><strong>ι</strong></span> <span class='ocrx_word' id='word_1_261' title='bbox 1143 824 1177 852; x_wconf 87' lang='lat' dir='ltr'><strong>Ut</strong></span> <span class='ocrx_word' id='word_1_262' title='bbox 1191 831 1339 859; x_wconf 77' lang='lat' dir='ltr'><strong>cognoscas</strong></span> <span class='ocrx_word' id='word_1_263' title='bbox 1355 825 1417 858; x_wconf 86' lang='lat' dir='ltr'><strong>quia</strong></span> <span class='ocrx_word' id='word_1_264' title='bbox 1432 824 1537 850; x_wconf 90' lang='lat' dir='ltr'><strong>Domini</strong></span> <span class='ocrx_word' id='word_1_265' title='bbox 1555 829 1596 850; x_wconf 88' lang='lat' dir='ltr'><strong>est</strong></span> <span class='ocrx_word' id='word_1_266' title='bbox 1606 828 1693 854; x_wconf 86' lang='lat' dir='ltr'><strong>terra;</strong></span> 
     </span>
    </p>
   </div>
   <div class='ocr_carea' id='block_1_34' title="bbox 77 864 861 903">
    <p class='ocr_par' dir='ltr' id='par_1_34' title="bbox 77 867 861 903">
     <span class='ocr_line' id='line_1_34' title="bbox 77 867 861 903; baseline 0 -9"><span class='ocrx_word' id='word_1_267' title='bbox 77 867 120 894; x_wconf 74' lang='grc' dir='ltr'>τὸν</span> <span class='ocrx_word' id='word_1_268' title='bbox 139 867 249 903; x_wconf 68' lang='grc' dir='ltr'>Φαραὼ,</span> <span class='ocrx_word' id='word_1_269' title='bbox 269 877 278 893; x_wconf 85' lang='grc'><strong><em>‹</em></strong></span> <span class='ocrx_word' id='word_1_270' title='bbox 297 868 355 894; x_wconf 84' lang='grc' dir='ltr'>Ἵνα</span> <span class='ocrx_word' id='word_1_271' title='bbox 371 868 440 903; x_wconf 81' lang='grc' dir='ltr'>γνῷς</span> <span class='ocrx_word' id='word_1_272' title='bbox 463 868 503 894; x_wconf 83' lang='grc' dir='ltr'>ὅτι</span> <span class='ocrx_word' id='word_1_273' title='bbox 522 867 568 894; x_wconf 82' lang='grc' dir='ltr'><strong>τοῦ</strong></span> <span class='ocrx_word' id='word_1_274' title='bbox 591 867 694 903; x_wconf 78' lang='grc' dir='ltr'>Κυρίου</span> <span class='ocrx_word' id='word_1_275' title='bbox 717 868 861 903; x_wconf 60' lang='lat' dir='ltr'><strong>1177],»xati</strong></span> 
     </span>
    </p>
   </div>
   <div class='ocr_carea' id='block_1_35' title="bbox 919 864 1697 903">
    <p class='ocr_par' dir='ltr' id='par_1_35' title="bbox 919 868 1697 903">
     <span class='ocr_line' id='line_1_35' title="bbox 919 868 1697 903; baseline -0.001 -8"><span class='ocrx_word' id='word_1_276' title='bbox 919 873 939 895; x_wconf 70' lang='lat' dir='ltr'><strong>et</strong></span> <span class='ocrx_word' id='word_1_277' title='bbox 956 874 982 895; x_wconf 92' lang='lat' dir='ltr'><strong>tu</strong></span> <span class='ocrx_word' id='word_1_278' title='bbox 995 889 1003 900; x_wconf 89' lang='grc'><strong>,</strong></span> <span class='ocrx_word' id='word_1_279' title='bbox 1026 873 1052 895; x_wconf 89' lang='lat' dir='ltr'><strong>et</strong></span> <span class='ocrx_word' id='word_1_280' title='bbox 1067 868 1159 895; x_wconf 80' lang='lat' dir='ltr'><strong>famuli</strong></span> <span class='ocrx_word' id='word_1_281' title='bbox 1180 869 1235 900; x_wconf 87' lang='lat' dir='ltr'><strong>tui,</strong></span> <span class='ocrx_word' id='word_1_282' title='bbox 1260 869 1317 896; x_wconf 86' lang='lat' dir='ltr'><strong>seio</strong></span> <span class='ocrx_word' id='word_1_283' title='bbox 1335 869 1398 903; x_wconf 86' lang='lat' dir='ltr'><strong>quia</strong></span> <span class='ocrx_word' id='word_1_284' title='bbox 1416 875 1552 902; x_wconf 84' lang='lat' dir='ltr'><strong>nunquam</strong></span> <span class='ocrx_word' id='word_1_285' title='bbox 1569 868 1697 894; x_wconf 80' lang='lat' dir='ltr'><strong>timuistis</strong></span> 
     </span>
    </p>
   </div>
   <div class='ocr_carea' id='block_1_36' title="bbox 79 913 864 948">
    <p class='ocr_par' dir='ltr' id='par_1_36' title="bbox 79 913 864 948">
     <span class='ocr_line' id='line_1_36' title="bbox 79 913 864 948; baseline -0.001 -8"><span class='ocrx_word' id='word_1_286' title='bbox 79 914 120 945; x_wconf 62' lang='grc' dir='ltr'><strong>σὺ,</strong></span> <span class='ocrx_word' id='word_1_287' title='bbox 141 914 188 940; x_wconf 74' lang='grc' dir='ltr'><strong>καὶ</strong></span> <span class='ocrx_word' id='word_1_288' title='bbox 204 914 229 938; x_wconf 82' lang='grc' dir='ltr'><strong>οἱ</strong></span> <span class='ocrx_word' id='word_1_289' title='bbox 249 913 413 948; x_wconf 80' lang='grc' dir='ltr'>θεράποντές</span> <span class='ocrx_word' id='word_1_290' title='bbox 427 923 483 947; x_wconf 88' lang='grc' dir='ltr'>σου,</span> <span class='ocrx_word' id='word_1_291' title='bbox 512 914 659 948; x_wconf 76' lang='grc' dir='ltr'>ἐπίσταμαι</span> <span class='ocrx_word' id='word_1_292' title='bbox 678 914 719 940; x_wconf 78' lang='grc' dir='ltr'>ὅτι</span> <span class='ocrx_word' id='word_1_293' title='bbox 737 913 864 940; x_wconf 81' lang='grc' dir='ltr'>οὐδέποτε</span> 
     </span>
    </p>
   </div>
   <div class='ocr_carea' id='block_1_37' title="bbox 79 958 862 994">
    <p class='ocr_par' dir='ltr' id='par_1_37' title="bbox 79 958 862 994">
     <span class='ocr_line' id='line_1_37' title="bbox 79 958 862 994; baseline 0 -10"><span class='ocrx_word' id='word_1_294' title='bbox 79 959 232 993; x_wconf 53' lang='grc' dir='ltr'>πεῴὃησθε</span> <span class='ocrx_word' id='word_1_295' title='bbox 257 958 302 984; x_wconf 81' lang='grc' dir='ltr'><strong>τὸν</strong></span> <span class='ocrx_word' id='word_1_296' title='bbox 317 958 418 994; x_wconf 84' lang='grc' dir='ltr'>Κύριον</span> <span class='ocrx_word' id='word_1_297' title='bbox 431 979 438 990; x_wconf 93' lang='grc'><strong>,</strong></span> <span class='ocrx_word' id='word_1_298' title='bbox 463 969 472 984; x_wconf 80' lang='lat' dir='ltr'><strong>I</strong></span> <span class='ocrx_word' id='word_1_299' title='bbox 494 959 568 994; x_wconf 86' lang='grc' dir='ltr'>δηλοῖ</span> <span class='ocrx_word' id='word_1_300' title='bbox 586 959 626 985; x_wconf 88' lang='grc' dir='ltr'>ὅτι</span> <span class='ocrx_word' id='word_1_301' title='bbox 646 958 862 994; x_wconf 69' lang='grc' dir='ltr'>φοϐηθήσονται·</span> 
     </span>
    </p>
   </div>
   <div class='ocr_carea' id='block_1_38' title="bbox 78 1004 865 1040">
    <p class='ocr_par' dir='ltr' id='par_1_38' title="bbox 78 1004 865 1040">
     <span class='ocr_line' id='line_1_38' title="bbox 78 1004 865 1040; baseline 0 -10"><span class='ocrx_word' id='word_1_302' title='bbox 78 1005 144 1040; x_wconf 80' lang='grc' dir='ltr'>ὅπερ</span> <span class='ocrx_word' id='word_1_303' title='bbox 165 1004 280 1039; x_wconf 73' lang='grc' dir='ltr'>ἁρμόζει</span> <span class='ocrx_word' id='word_1_304' title='bbox 301 1004 367 1039; x_wconf 80' lang='grc' dir='ltr'>πρὸς</span> <span class='ocrx_word' id='word_1_305' title='bbox 382 1004 445 1036; x_wconf 78' lang='grc' dir='ltr'>τοὺς</span> <span class='ocrx_word' id='word_1_306' title='bbox 465 1004 643 1040; x_wconf 79' lang='grc' dir='ltr'>ἑτεροδόξους,</span> <span class='ocrx_word' id='word_1_307' title='bbox 666 1004 728 1039; x_wconf 80' lang='grc' dir='ltr'>περί</span> <span class='ocrx_word' id='word_1_308' title='bbox 747 1012 776 1029; x_wconf 80' lang='grc' dir='ltr'><strong>τε</strong></span> <span class='ocrx_word' id='word_1_309' title='bbox 798 1004 865 1037; x_wconf 75' lang='grc' dir='ltr'><strong>ἁγα-</strong></span> 
     </span>
    </p>
   </div>
   <div class='ocr_carea' id='block_1_39' title="bbox 79 1049 864 1086">
    <p class='ocr_par' dir='ltr' id='par_1_39' title="bbox 79 1049 864 1086">
     <span class='ocr_line' id='line_1_39' title="bbox 79 1049 864 1086; baseline -0.001 -10"><span class='ocrx_word' id='word_1_310' title='bbox 79 1050 189 1085; x_wconf 76' lang='grc' dir='ltr'>θὸτητος</span> <span class='ocrx_word' id='word_1_311' title='bbox 207 1049 293 1082; x_wconf 80' lang='grc' dir='ltr'>θεοῦ,</span> <span class='ocrx_word' id='word_1_312' title='bbox 314 1051 361 1077; x_wconf 80' lang='grc' dir='ltr'>καὶ</span> <span class='ocrx_word' id='word_1_313' title='bbox 381 1050 504 1086; x_wconf 75' lang='grc' dir='ltr'>περὶτοῦ</span> <span class='ocrx_word' id='word_1_314' title='bbox 526 1050 562 1086; x_wconf 87' lang='grc' dir='ltr'><strong>μὴ</strong></span> <span class='ocrx_word' id='word_1_315' title='bbox 587 1050 654 1077; x_wconf 87' lang='grc' dir='ltr'>εἶναι</span> <span class='ocrx_word' id='word_1_316' title='bbox 676 1050 864 1085; x_wconf 82' lang='grc' dir='ltr'>ἀπολλυμένην</span> 
     </span>
    </p>
   </div>
   <div class='ocr_carea' id='block_1_40' title="bbox 79 1105 168 1131">
    <p class='ocr_par' dir='ltr' id='par_1_40' title="bbox 79 1105 168 1131">
     <span class='ocr_line' id='line_1_40' title="bbox 79 1105 168 1131; baseline 0 -9"><span class='ocrx_word' id='word_1_317' title='bbox 79 1105 168 1131; x_wconf 73' lang='grc' dir='ltr'>φυσιν.</span> 
     </span>
    </p>
   </div>
   <div class='ocr_carea' id='block_1_41' title="bbox 79 1183 995 1199">
    <p class='ocr_par' dir='ltr' id='par_1_41' title="bbox 79 1183 995 1199">
     <span class='ocr_line' id='line_1_41' title="bbox 79 1183 995 1199; baseline -0.003 -2"><span class='ocrx_word' id='word_1_318' title='bbox 79 1183 995 1199; x_wconf 57' lang='lat' dir='ltr'><strong>m</strong></span> 
     </span>
    </p>
   </div>
   <div class='ocr_carea' id='block_1_42' title="bbox 914 912 1696 948">
    <p class='ocr_par' dir='ltr' id='par_1_42' title="bbox 914 912 1696 948">
     <span class='ocr_line' id='line_1_42' title="bbox 914 912 1696 948; baseline -0.004 -8"><span class='ocrx_word' id='word_1_319' title='bbox 914 913 1070 945; x_wconf 88' lang='lat' dir='ltr'><strong>Dominum,</strong></span> <span class='ocrx_word' id='word_1_320' title='bbox 1088 923 1097 939; x_wconf 79' lang='grc' dir='ltr'><strong><em>ι</em></strong></span> <span class='ocrx_word' id='word_1_321' title='bbox 1115 913 1249 948; x_wconf 75' lang='lat' dir='ltr'><strong>signiﬁcat</strong></span> <span class='ocrx_word' id='word_1_322' title='bbox 1272 913 1330 939; x_wconf 78' lang='lat' dir='ltr'><strong>fore</strong></span> <span class='ocrx_word' id='word_1_323' title='bbox 1347 917 1376 940; x_wconf 87' lang='lat' dir='ltr'><strong>ut</strong></span> <span class='ocrx_word' id='word_1_324' title='bbox 1394 913 1529 939; x_wconf 83' lang='lat' dir='ltr'><strong>timeant:</strong></span> <span class='ocrx_word' id='word_1_325' title='bbox 1546 912 1615 946; x_wconf 85' lang='lat' dir='ltr'><strong>quod</strong></span> <span class='ocrx_word' id='word_1_326' title='bbox 1633 912 1696 946; x_wconf 86' lang='lat' dir='ltr'><strong>qui-</strong></span> 
     </span>
    </p>
   </div>
   <div class='ocr_carea' id='block_1_43' title="bbox 915 958 1685 992">
    <p class='ocr_par' dir='ltr' id='par_1_43' title="bbox 915 958 1685 992">
     <span class='ocr_line' id='line_1_43' title="bbox 915 958 1685 992; baseline -0.001 -8"><span class='ocrx_word' id='word_1_327' title='bbox 915 958 974 985; x_wconf 86' lang='lat' dir='ltr'><strong>dem</strong></span> <span class='ocrx_word' id='word_1_328' title='bbox 990 958 1119 986; x_wconf 83' lang='lat' dir='ltr'><strong>adversus</strong></span> <span class='ocrx_word' id='word_1_329' title='bbox 1135 959 1276 985; x_wconf 68' lang='lat' dir='ltr'><strong>lueretieos</strong></span> <span class='ocrx_word' id='word_1_330' title='bbox 1292 960 1388 992; x_wconf 85' lang='lat' dir='ltr'><strong>probat</strong></span> <span class='ocrx_word' id='word_1_331' title='bbox 1409 958 1491 985; x_wconf 88' lang='lat' dir='ltr'><strong>Deum</strong></span> <span class='ocrx_word' id='word_1_332' title='bbox 1510 965 1569 985; x_wconf 82' lang='lat' dir='ltr'><strong>esse</strong></span> <span class='ocrx_word' id='word_1_333' title='bbox 1583 959 1685 985; x_wconf 83' lang='lat' dir='ltr'><strong>bonum</strong></span> 
     </span>
    </p>
   </div>
   <div class='ocr_carea' id='block_1_44' title="bbox 916 1008 1413 1037">
    <p class='ocr_par' dir='ltr' id='par_1_44' title="bbox 916 1008 1413 1037">
     <span class='ocr_line' id='line_1_44' title="bbox 916 1008 1413 1037; baseline -0.002 -7"><span class='ocrx_word' id='word_1_334' title='bbox 916 1008 943 1030; x_wconf 81' lang='grc' dir='ltr'><strong>ει</strong></span> <span class='ocrx_word' id='word_1_335' title='bbox 958 1010 1010 1030; x_wconf 72' lang='lat' dir='ltr'><strong>“Oli</strong></span> <span class='ocrx_word' id='word_1_336' title='bbox 1024 1011 1087 1030; x_wconf 81' lang='lat' dir='ltr'><strong>esse</strong></span> <span class='ocrx_word' id='word_1_337' title='bbox 1102 1008 1260 1037; x_wconf 79' lang='lat' dir='ltr'><strong>pereuntem</strong></span> <span class='ocrx_word' id='word_1_338' title='bbox 1277 1008 1413 1030; x_wconf 63' lang='lat' dir='ltr'><strong>llilllll‘illll.</strong></span> 
     </span>
    </p>
   </div>
   <div class='ocr_carea' id='block_1_45' title="bbox 1067 1182 1684 1198">
    <p class='ocr_par' dir='ltr' id='par_1_45' title="bbox 1067 1182 1684 1198">
     <span class='ocr_line' id='line_1_45' title="bbox 1067 1182 1684 1198; baseline 0.002 -3"><span class='ocrx_word' id='word_1_339' title='bbox 1067 1182 1684 1198; x_wconf 53' lang='lat' dir='ltr'><strong>M___h—_</strong></span> 
     </span>
    </p>
   </div>
   <div class='ocr_carea' id='block_1_46' title="bbox 452 1273 1329 1341">
    <p class='ocr_par' dir='ltr' id='par_1_46' title="bbox 452 1273 1329 1341">
     <span class='ocr_line' id='line_1_46' title="bbox 452 1273 1329 1341; baseline -0.002 0"><span class='ocrx_word' id='word_1_340' title='bbox 452 1274 918 1341; x_wconf 85' lang='grc' dir='ltr'><strong>ΩΡΙΓΕΝΟΥΣ</strong></span> <span class='ocrx_word' id='word_1_341' title='bbox 955 1273 1329 1341; x_wconf 79' lang='grc' dir='ltr'><strong>ΕΚΛΟΓΑΙ</strong></span> 
     </span>
    </p>
   </div>
   <div class='ocr_carea' id='block_1_47' title="bbox 618 1390 1164 1439">
    <p class='ocr_par' dir='ltr' id='par_1_47' title="bbox 618 1390 1164 1439">
     <span class='ocr_line' id='line_1_47' title="bbox 618 1390 1164 1439; baseline -0.004 0"><span class='ocrx_word' id='word_1_342' title='bbox 618 1397 702 1439; x_wconf 90' lang='grc' dir='ltr'><strong>ΕΙΣ</strong></span> <span class='ocrx_word' id='word_1_343' title='bbox 720 1395 834 1438; x_wconf 90' lang='grc' dir='ltr'><strong>ΤΗΝ</strong></span> <span class='ocrx_word' id='word_1_344' title='bbox 853 1390 1079 1438; x_wconf 84' lang='grc' dir='ltr'><strong>ΕΞΟΔΟΝ</strong></span> <span class='ocrx_word' id='word_1_345' title='bbox 1095 1390 1164 1437; x_wconf 80' lang='grc' dir='ltr'><strong>(⁷ο).</strong></span> 
     </span>
    </p>
   </div>
   <div class='ocr_carea' id='block_1_48' title="bbox 340 1572 1435 1620">
    <p class='ocr_par' dir='ltr' id='par_1_48' title="bbox 340 1572 1435 1620">
     <span class='ocr_line' id='line_1_48' title="bbox 340 1572 1435 1620; baseline -0.001 -2"><span class='ocrx_word' id='word_1_346' title='bbox 340 1572 421 1618; x_wconf 86' lang='lat' dir='ltr'><strong>EX</strong></span> <span class='ocrx_word' id='word_1_347' title='bbox 456 1572 723 1620; x_wconf 80' lang='lat' dir='ltr'><strong>OBIGENE</strong></span> <span class='ocrx_word' id='word_1_348' title='bbox 760 1573 1019 1619; x_wconf 89' lang='lat' dir='ltr'><strong>SELECTA</strong></span> <span class='ocrx_word' id='word_1_349' title='bbox 1057 1574 1119 1619; x_wconf 91' lang='lat' dir='ltr'><strong>IN</strong></span> <span class='ocrx_word' id='word_1_350' title='bbox 1157 1572 1435 1619; x_wconf 84' lang='lat' dir='ltr'><strong>EXODUM.</strong></span> 
     </span>
    </p>
   </div>
   <div class='ocr_carea' id='block_1_49' title="bbox 116 1746 861 1785">
    <p class='ocr_par' dir='ltr' id='par_1_49' title="bbox 116 1746 861 1783">
     <span class='ocr_line' id='line_1_49' title="bbox 116 1746 861 1783; baseline 0.005 -9"><span class='ocrx_word' id='word_1_351' title='bbox 116 1759 126 1774; x_wconf 77' lang='grc' dir='ltr'><strong>ι</strong></span> <span class='ocrx_word' id='word_1_352' title='bbox 140 1747 198 1774; x_wconf 77' lang='grc' dir='ltr'><strong>Καὶ</strong></span> <span class='ocrx_word' id='word_1_353' title='bbox 221 1746 300 1774; x_wconf 82' lang='grc' dir='ltr'>δώσω</span> <span class='ocrx_word' id='word_1_354' title='bbox 325 1746 402 1782; x_wconf 86' lang='grc' dir='ltr'>χάριν</span> <span class='ocrx_word' id='word_1_355' title='bbox 425 1746 464 1782; x_wconf 86' lang='grc' dir='ltr'>τῷ</span> <span class='ocrx_word' id='word_1_356' title='bbox 486 1747 542 1783; x_wconf 85' lang='grc' dir='ltr'><strong>λαῷ</strong></span> <span class='ocrx_word' id='word_1_357' title='bbox 564 1748 650 1782; x_wconf 77' lang='grc' dir='ltr'>τούτῳ</span> <span class='ocrx_word' id='word_1_358' title='bbox 678 1749 790 1777; x_wconf 78' lang='grc' dir='ltr'>ἐνώπιον</span> <span class='ocrx_word' id='word_1_359' title='bbox 814 1751 861 1778; x_wconf 74' lang='grc' dir='ltr'><strong>τῶι</strong></span> 
     </span>
    </p>
   </div>
   <div class='ocr_carea' id='block_1_50' title="bbox 919 1746 1702 1785">
    <p class='ocr_par' dir='ltr' id='par_1_50' title="bbox 956 1747 1702 1785">
     <span class='ocr_line' id='line_1_50' title="bbox 956 1747 1702 1785; baseline -0.001 -8"><span class='ocrx_word' id='word_1_360' title='bbox 956 1751 1031 1785; x_wconf 80' lang='lat'><strong>121</strong></span> <span class='ocrx_word' id='word_1_361' title='bbox 1048 1760 1057 1775; x_wconf 80' lang='grc' dir='ltr'><strong>ι</strong></span> <span class='ocrx_word' id='word_1_362' title='bbox 1070 1750 1102 1777; x_wconf 87' lang='lat' dir='ltr'><strong>Et</strong></span> <span class='ocrx_word' id='word_1_363' title='bbox 1111 1749 1180 1777; x_wconf 85' lang='lat' dir='ltr'><strong>dabo</strong></span> <span class='ocrx_word' id='word_1_364' title='bbox 1199 1749 1310 1784; x_wconf 77' lang='lat' dir='ltr'><strong>gratiam</strong></span> <span class='ocrx_word' id='word_1_365' title='bbox 1329 1748 1425 1784; x_wconf 89' lang='lat' dir='ltr'><strong>populo</strong></span> <span class='ocrx_word' id='word_1_366' title='bbox 1434 1748 1496 1776; x_wconf 87' lang='lat' dir='ltr'><strong>huic</strong></span> <span class='ocrx_word' id='word_1_367' title='bbox 1512 1756 1602 1776; x_wconf 87' lang='lat' dir='ltr'><strong>coram</strong></span> <span class='ocrx_word' id='word_1_368' title='bbox 1618 1747 1702 1785; x_wconf 66' lang='lat' dir='ltr'><strong>Egy-</strong></span> 
     </span>
    </p>
   </div>
   <div class='ocr_carea' id='block_1_51' title="bbox 79 1794 870 1830">
    <p class='ocr_par' dir='ltr' id='par_1_51' title="bbox 79 1794 870 1830">
     <span class='ocr_line' id='line_1_51' title="bbox 79 1794 870 1830; baseline 0.001 -8"><span class='ocrx_word' id='word_1_369' title='bbox 79 1795 246 1829; x_wconf 66' lang='grc' dir='ltr'>Αἰγυπτίων.</span> <span class='ocrx_word' id='word_1_370' title='bbox 268 1795 351 1821; x_wconf 86' lang='grc' dir='ltr'>Ὅταν</span> <span class='ocrx_word' id='word_1_371' title='bbox 366 1794 393 1820; x_wconf 75' lang='grc' dir='ltr'>δὲ</span> <span class='ocrx_word' id='word_1_372' title='bbox 417 1795 602 1830; x_wconf 84' lang='grc' dir='ltr'>ἁποτρέχοιτε,</span> <span class='ocrx_word' id='word_1_373' title='bbox 620 1795 669 1822; x_wconf 78' lang='grc' dir='ltr'>οὐκ</span> <span class='ocrx_word' id='word_1_374' title='bbox 690 1797 870 1824; x_wconf 81' lang='grc' dir='ltr'>ἀπελεύσεσθε</span> 
     </span>
    </p>
   </div>
   <div class='ocr_carea' id='block_1_52' title="bbox 79 1840 870 1877">
    <p class='ocr_par' dir='ltr' id='par_1_52' title="bbox 79 1840 870 1877">
     <span class='ocr_line' id='line_1_52' title="bbox 79 1840 870 1877; baseline -0.001 -8"><span class='ocrx_word' id='word_1_375' title='bbox 79 1842 164 1868; x_wconf 83' lang='grc' dir='ltr'>κενοί.</span> <span class='ocrx_word' id='word_1_376' title='bbox 176 1851 186 1866; x_wconf 81' lang='grc'><strong>›</strong></span> <span class='ocrx_word' id='word_1_377' title='bbox 207 1840 283 1875; x_wconf 74' lang='grc' dir='ltr'>Αὕτη</span> <span class='ocrx_word' id='word_1_378' title='bbox 297 1841 314 1875; x_wconf 83' lang='grc' dir='ltr'>ἡ</span> <span class='ocrx_word' id='word_1_379' title='bbox 329 1840 477 1874; x_wconf 79' lang='grc' dir='ltr'>ἐπαγγελία</span> <span class='ocrx_word' id='word_1_380' title='bbox 494 1840 532 1875; x_wconf 80' lang='grc' dir='ltr'>τῷ</span> <span class='ocrx_word' id='word_1_381' title='bbox 552 1840 676 1876; x_wconf 79' lang='grc' dir='ltr'><strong>Ἀϐραὰμ</strong></span> <span class='ocrx_word' id='word_1_382' title='bbox 698 1841 870 1877; x_wconf 85' lang='grc' dir='ltr'>προεδέδοτο·</span> 
     </span>
    </p>
   </div>
   <div class='ocr_carea' id='block_1_53' title="bbox 81 1884 871 1919">
    <p class='ocr_par' dir='ltr' id='par_1_53' title="bbox 81 1884 871 1919">
     <span class='ocr_line' id='line_1_53' title="bbox 81 1884 871 1919; baseline 0.003 -7"><span class='ocrx_word' id='word_1_383' title='bbox 81 1897 89 1912; x_wconf 76' lang='grc' dir='ltr'>α</span> <span class='ocrx_word' id='word_1_384' title='bbox 103 1886 183 1914; x_wconf 79' lang='grc' dir='ltr'>Μετὰ</span> <span class='ocrx_word' id='word_1_385' title='bbox 195 1886 294 1918; x_wconf 76' lang='grc' dir='ltr'>ταῦτα,</span> <span class='ocrx_word' id='word_1_386' title='bbox 310 1885 433 1919; x_wconf 81' lang='grc' dir='ltr'>λέγοντος</span> <span class='ocrx_word' id='word_1_387' title='bbox 449 1885 495 1912; x_wconf 78' lang='grc' dir='ltr'>τοῦ</span> <span class='ocrx_word' id='word_1_388' title='bbox 516 1886 583 1912; x_wconf 83' lang='grc' dir='ltr'>Θεοῦ</span> <span class='ocrx_word' id='word_1_389' title='bbox 593 1905 600 1918; x_wconf 90' lang='grc'><strong>,</strong></span> <span class='ocrx_word' id='word_1_390' title='bbox 617 1885 798 1918; x_wconf 79' lang='grc' dir='ltr'>ἐξελεύσονται</span> <span class='ocrx_word' id='word_1_391' title='bbox 820 1884 871 1914; x_wconf 82' lang='grc' dir='ltr'>ὧδε</span> 
     </span>
    </p>
   </div>
   <div class='ocr_carea' id='block_1_54' title="bbox 80 1931 358 1968">
    <p class='ocr_par' dir='ltr' id='par_1_54' title="bbox 80 1931 358 1968">
     <span class='ocr_line' id='line_1_54' title="bbox 80 1931 358 1968; baseline -0.014 -8"><span class='ocrx_word' id='word_1_392' title='bbox 80 1933 150 1968; x_wconf 76' lang='grc' dir='ltr'>μετὰ</span> <span class='ocrx_word' id='word_1_393' title='bbox 167 1931 337 1966; x_wconf 78' lang='grc' dir='ltr'>ἀποσκευῆς.</span> <span class='ocrx_word' id='word_1_394' title='bbox 349 1940 358 1956; x_wconf 80' lang='grc' dir='ltr'><strong>ι</strong></span> 
     </span>
    </p>
   </div>
   <div class='ocr_carea' id='block_1_55' title="bbox 116 1976 872 2013">
    <p class='ocr_par' dir='ltr' id='par_1_55' title="bbox 116 1976 872 2013">
     <span class='ocr_line' id='line_1_55' title="bbox 116 1976 872 2013; baseline -0.001 -8"><span class='ocrx_word' id='word_1_395' title='bbox 116 1989 125 2004; x_wconf 74' lang='grc' dir='ltr'><strong>ι</strong></span> <span class='ocrx_word' id='word_1_396' title='bbox 140 1979 198 2005; x_wconf 71' lang='grc' dir='ltr'>Καὶ</span> <span class='ocrx_word' id='word_1_397' title='bbox 216 1977 382 2012; x_wconf 73' lang='grc' dir='ltr'>κατίσχυσεν</span> <span class='ocrx_word' id='word_1_398' title='bbox 401 1977 419 2013; x_wconf 82' lang='grc' dir='ltr'>ἡ</span> <span class='ocrx_word' id='word_1_399' title='bbox 435 1976 533 2013; x_wconf 77' lang='grc' dir='ltr'>καρδία</span> <span class='ocrx_word' id='word_1_400' title='bbox 548 1976 656 2013; x_wconf 81' lang='grc' dir='ltr'>Φαραὼ,</span> <span class='ocrx_word' id='word_1_401' title='bbox 672 1977 718 2004; x_wconf 68' lang='grc' dir='ltr'>καὶ</span> <span class='ocrx_word' id='word_1_402' title='bbox 734 1977 783 2004; x_wconf 83' lang='grc' dir='ltr'><strong>οὐκ</strong></span> <span class='ocrx_word' id='word_1_403' title='bbox 799 1978 872 2013; x_wconf 87' lang='grc' dir='ltr'>εἰσή-</span> 
     </span>
    </p>
   </div>
   <div class='ocr_carea' id='block_1_56' title="bbox 79 2022 871 2059">
    <p class='ocr_par' dir='ltr' id='par_1_56' title="bbox 79 2022 871 2059">
     <span class='ocr_line' id='line_1_56' title="bbox 79 2022 871 2059; baseline -0.001 -8"><span class='ocrx_word' id='word_1_404' title='bbox 79 2033 177 2051; x_wconf 79' lang='grc' dir='ltr'>κουσεν</span> <span class='ocrx_word' id='word_1_405' title='bbox 202 2023 304 2055; x_wconf 79' lang='grc' dir='ltr'>αὐτῶν,</span> <span class='ocrx_word' id='word_1_406' title='bbox 321 2023 445 2059; x_wconf 83' lang='grc' dir='ltr'>καθάπερ</span> <span class='ocrx_word' id='word_1_407' title='bbox 473 2023 622 2049; x_wconf 79' lang='grc' dir='ltr'>ἐνετείλατο</span> <span class='ocrx_word' id='word_1_408' title='bbox 645 2023 735 2054; x_wconf 83' lang='grc' dir='ltr'>αὐτοῖς</span> <span class='ocrx_word' id='word_1_409' title='bbox 760 2022 871 2059; x_wconf 78' lang='grc' dir='ltr'>Κύριος.</span> 
     </span>
    </p>
   </div>
   <div class='ocr_carea' id='block_1_57' title="bbox 79 2068 873 2105">
    <p class='ocr_par' dir='ltr' id='par_1_57' title="bbox 79 2068 873 2105">
     <span class='ocr_line' id='line_1_57' title="bbox 79 2068 873 2105; baseline 0 -9"><span class='ocrx_word' id='word_1_410' title='bbox 79 2069 148 2097; x_wconf 63' lang='lat' dir='ltr'><strong>Eine</strong></span> <span class='ocrx_word' id='word_1_411' title='bbox 165 2070 194 2096; x_wconf 80' lang='grc' dir='ltr'>δὲ</span> <span class='ocrx_word' id='word_1_412' title='bbox 220 2069 323 2104; x_wconf 79' lang='grc' dir='ltr'>Κύριος</span> <span class='ocrx_word' id='word_1_413' title='bbox 338 2069 405 2104; x_wconf 82' lang='grc' dir='ltr'>πρὸς</span> <span class='ocrx_word' id='word_1_414' title='bbox 425 2069 560 2104; x_wconf 84' lang='grc' dir='ltr'><strong>Μωῠσῆν·</strong></span> <span class='ocrx_word' id='word_1_415' title='bbox 580 2069 730 2105; x_wconf 77' lang='grc' dir='ltr'>Βεσάρυται</span> <span class='ocrx_word' id='word_1_416' title='bbox 746 2069 763 2104; x_wconf 80' lang='grc' dir='ltr'><strong>ἡ</strong></span> <span class='ocrx_word' id='word_1_417' title='bbox 775 2068 873 2104; x_wconf 83' lang='grc' dir='ltr'>καρδία</span> 
     </span>
    </p>
   </div>
   <div class='ocr_carea' id='block_1_58' title="bbox 79 2107 873 2152">
    <p class='ocr_par' dir='ltr' id='par_1_58' title="bbox 79 2107 873 2152">
     <span class='ocr_line' id='line_1_58' title="bbox 79 2107 873 2152; baseline -0.003 -9"><span class='ocrx_word' id='word_1_418' title='bbox 79 2116 192 2152; x_wconf 72' lang='grc' dir='ltr'>Φαραὼ,</span> <span class='ocrx_word' id='word_1_419' title='bbox 213 2115 260 2142; x_wconf 80' lang='grc' dir='ltr'>τοῦ</span> <span class='ocrx_word' id='word_1_420' title='bbox 278 2115 314 2150; x_wconf 81' lang='grc' dir='ltr'><strong>μὴ</strong></span> <span class='ocrx_word' id='word_1_421' title='bbox 329 2114 515 2146; x_wconf 70' lang='grc' dir='ltr'>ἐξαποστεῖλαι</span> <span class='ocrx_word' id='word_1_422' title='bbox 529 2107 573 2141; x_wconf 73' lang='grc' dir='ltr'><strong>τὸν</strong></span> <span class='ocrx_word' id='word_1_423' title='bbox 585 2112 658 2141; x_wconf 71' lang='grc' dir='ltr'>λαόν.</span> <span class='ocrx_word' id='word_1_424' title='bbox 670 2125 679 2141; x_wconf 82' lang='lat' dir='ltr'><strong>I</strong></span> <span class='ocrx_word' id='word_1_425' title='bbox 702 2115 748 2147; x_wconf 89' lang='grc' dir='ltr'>Τὸ,</span> <span class='ocrx_word' id='word_1_426' title='bbox 768 2124 776 2140; x_wconf 83' lang='lat' dir='ltr'><strong>I</strong></span> <span class='ocrx_word' id='word_1_427' title='bbox 789 2115 873 2141; x_wconf 77' lang='grc' dir='ltr'>Βεΰά-</span> 
     </span>
    </p>
   </div>
   <div class='ocr_carea' id='block_1_59' title="bbox 81 2159 871 2197">
    <p class='ocr_par' dir='ltr' id='par_1_59' title="bbox 81 2159 871 2197">
     <span class='ocr_line' id='line_1_59' title="bbox 81 2159 871 2197; baseline -0.003 -9"><span class='ocrx_word' id='word_1_428' title='bbox 81 2170 162 2197; x_wconf 64' lang='grc' dir='ltr'>ρυται</span> <span class='ocrx_word' id='word_1_429' title='bbox 175 2163 192 2196; x_wconf 81' lang='grc' dir='ltr'>ἡ</span> <span class='ocrx_word' id='word_1_430' title='bbox 211 2161 309 2196; x_wconf 76' lang='grc' dir='ltr'>καρδία</span> <span class='ocrx_word' id='word_1_431' title='bbox 322 2159 430 2195; x_wconf 83' lang='grc' dir='ltr'>Φαραὼ,</span> <span class='ocrx_word' id='word_1_432' title='bbox 445 2169 454 2186; x_wconf 84' lang='lat' dir='ltr'><strong>I</strong></span> <span class='ocrx_word' id='word_1_433' title='bbox 473 2160 616 2195; x_wconf 80' lang='grc' dir='ltr'>λεγόμενον</span> <span class='ocrx_word' id='word_1_434' title='bbox 631 2160 683 2186; x_wconf 74' lang='grc' dir='ltr'><strong>ὑπὸ</strong></span> <span class='ocrx_word' id='word_1_435' title='bbox 695 2160 741 2186; x_wconf 81' lang='grc' dir='ltr'>τοῦ</span> <span class='ocrx_word' id='word_1_436' title='bbox 758 2160 871 2195; x_wconf 81' lang='grc' dir='ltr'><strong>Κυρίου,</strong></span> 
     </span>
    </p>
   </div>
   <div class='ocr_carea' id='block_1_60' title="bbox 81 2205 874 2242">
    <p class='ocr_par' dir='ltr' id='par_1_60' title="bbox 81 2205 874 2242">
     <span class='ocr_line' id='line_1_60' title="bbox 81 2205 874 2242; baseline -0.003 -8"><span class='ocrx_word' id='word_1_437' title='bbox 81 2208 152 2242; x_wconf 77' lang='grc' dir='ltr'>μετὰ</span> <span class='ocrx_word' id='word_1_438' title='bbox 164 2207 215 2242; x_wconf 77' lang='grc' dir='ltr'>τὴν</span> <span class='ocrx_word' id='word_1_439' title='bbox 227 2206 430 2242; x_wconf 73' lang='grc' dir='ltr'>μεταϐαλοῦσαν</span> <span class='ocrx_word' id='word_1_440' title='bbox 444 2207 483 2237; x_wconf 84' lang='grc' dir='ltr'><strong>εἰς</strong></span> <span class='ocrx_word' id='word_1_441' title='bbox 495 2206 627 2241; x_wconf 79' lang='grc' dir='ltr'>δράκοντα</span> <span class='ocrx_word' id='word_1_442' title='bbox 642 2206 737 2242; x_wconf 73' lang='grc' dir='ltr'>ῥάϐδον</span> <span class='ocrx_word' id='word_1_443' title='bbox 751 2205 797 2232; x_wconf 77' lang='grc' dir='ltr'>τοῦ</span> <span class='ocrx_word' id='word_1_444' title='bbox 816 2206 874 2232; x_wconf 81' lang='grc' dir='ltr'><strong>’Λα-</strong></span> 
     </span>
    </p>
   </div>
   <div class='ocr_carea' id='block_1_61' title="bbox 81 2251 874 2288">
    <p class='ocr_par' dir='ltr' id='par_1_61' title="bbox 81 2251 874 2288">
     <span class='ocr_line' id='line_1_61' title="bbox 81 2251 874 2288; baseline -0.001 -9"><span class='ocrx_word' id='word_1_445' title='bbox 81 2253 148 2288; x_wconf 75' lang='grc' dir='ltr'>ρὼν,</span> <span class='ocrx_word' id='word_1_446' title='bbox 166 2254 216 2279; x_wconf 72' lang='grc' dir='ltr'>καὶ</span> <span class='ocrx_word' id='word_1_447' title='bbox 227 2251 413 2279; x_wconf 79' lang='grc' dir='ltr'>καταπιοῦσαν</span> <span class='ocrx_word' id='word_1_448' title='bbox 424 2252 472 2284; x_wconf 80' lang='grc' dir='ltr'><strong>τὰς</strong></span> <span class='ocrx_word' id='word_1_449' title='bbox 483 2252 536 2279; x_wconf 84' lang='grc' dir='ltr'><strong>τῶν</strong></span> <span class='ocrx_word' id='word_1_450' title='bbox 546 2252 647 2286; x_wconf 79' lang='grc' dir='ltr'><strong>Μάγων</strong></span> <span class='ocrx_word' id='word_1_451' title='bbox 662 2252 784 2287; x_wconf 75' lang='grc' dir='ltr'>ῥάϐδους,</span> <span class='ocrx_word' id='word_1_452' title='bbox 801 2252 874 2284; x_wconf 80' lang='grc' dir='ltr'>ἄξιον</span> 
     </span>
    </p>
   </div>
   <div class='ocr_carea' id='block_1_62' title="bbox 82 2297 873 2333">
    <p class='ocr_par' dir='ltr' id='par_1_62' title="bbox 82 2297 873 2333">
     <span class='ocr_line' id='line_1_62' title="bbox 82 2297 873 2333; baseline 0 -9"><span class='ocrx_word' id='word_1_453' title='bbox 82 2299 158 2331; x_wconf 77' lang='grc' dir='ltr'>ἰδεῖν,</span> <span class='ocrx_word' id='word_1_454' title='bbox 177 2299 203 2325; x_wconf 71' lang='grc' dir='ltr'>εἰ</span> <span class='ocrx_word' id='word_1_455' title='bbox 229 2298 323 2333; x_wconf 72' lang='grc' dir='ltr'>ἔτερόν</span> <span class='ocrx_word' id='word_1_456' title='bbox 346 2298 403 2324; x_wconf 79' lang='grc' dir='ltr'>ἐστι</span> <span class='ocrx_word' id='word_1_457' title='bbox 418 2297 681 2333; x_wconf 80' lang='grc' dir='ltr'>τοῦ,ιὲσκληρύνοαι</span> <span class='ocrx_word' id='word_1_458' title='bbox 698 2297 746 2333; x_wconf 80' lang='grc' dir='ltr'>τὴν</span> <span class='ocrx_word' id='word_1_459' title='bbox 761 2297 873 2333; x_wconf 78' lang='grc' dir='ltr'>καρδίαν</span> 
     </span>
    </p>
   </div>
   <div class='ocr_carea' id='block_1_63' title="bbox 79 2343 874 2380">
    <p class='ocr_par' dir='ltr' id='par_1_63' title="bbox 79 2343 874 2380">
     <span class='ocr_line' id='line_1_63' title="bbox 79 2343 874 2380; baseline -0.004 -8"><span class='ocrx_word' id='word_1_460' title='bbox 79 2345 192 2380; x_wconf 79' lang='grc' dir='ltr'>Φαραώ,</span> <span class='ocrx_word' id='word_1_461' title='bbox 204 2354 213 2370; x_wconf 78' lang='lat' dir='ltr'><strong>I</strong></span> <span class='ocrx_word' id='word_1_462' title='bbox 231 2343 648 2379; x_wconf 53' lang='grc' dir='ltr'>λεγομένουπολλάκιςμαὶτοῦ,ι</span> <span class='ocrx_word' id='word_1_463' title='bbox 658 2344 856 2378; x_wconf 77' lang='grc' dir='ltr'>κατισχυκέναι.</span> <span class='ocrx_word' id='word_1_464' title='bbox 865 2353 874 2369; x_wconf 71' lang='grc' dir='ltr'><strong>ι</strong></span> 
     </span>
    </p>
   </div>
   <div class='ocr_carea' id='block_1_64' title="bbox 80 2388 872 2426">
    <p class='ocr_par' dir='ltr' id='par_1_64' title="bbox 80 2388 872 2426">
     <span class='ocr_line' id='line_1_64' title="bbox 80 2388 872 2426; baseline -0.004 -9"><span class='ocrx_word' id='word_1_465' title='bbox 80 2392 135 2417; x_wconf 73' lang='grc' dir='ltr'>Καὶ</span> <span class='ocrx_word' id='word_1_466' title='bbox 152 2391 209 2426; x_wconf 79' lang='grc' dir='ltr'><strong>γὰρ</strong></span> <span class='ocrx_word' id='word_1_467' title='bbox 224 2389 272 2416; x_wconf 76' lang='grc' dir='ltr'><strong>καὶ</strong></span> <span class='ocrx_word' id='word_1_468' title='bbox 286 2389 365 2416; x_wconf 77' lang='grc' dir='ltr'>τοῦτο</span> <span class='ocrx_word' id='word_1_469' title='bbox 381 2388 468 2420; x_wconf 71' lang='grc' dir='ltr'>οὕτως</span> <span class='ocrx_word' id='word_1_470' title='bbox 482 2389 598 2424; x_wconf 79' lang='grc' dir='ltr'>εἴρηται,</span> <span class='ocrx_word' id='word_1_471' title='bbox 615 2398 624 2414; x_wconf 76' lang='grc' dir='ltr'><strong>ι</strong></span> <span class='ocrx_word' id='word_1_472' title='bbox 640 2389 694 2415; x_wconf 64' lang='grc' dir='ltr'><strong>Καὶ</strong></span> <span class='ocrx_word' id='word_1_473' title='bbox 711 2389 872 2424; x_wconf 76' lang='grc' dir='ltr'>κατίσχυσεν</span> 
     </span>
    </p>
   </div>
   <div class='ocr_carea' id='block_1_65' title="bbox 921 1794 1698 1832">
    <p class='ocr_par' dir='ltr' id='par_1_65' title="bbox 921 1794 1698 1832">
     <span class='ocr_line' id='line_1_65' title="bbox 921 1794 1698 1832; baseline -0.005 -8"><span class='ocrx_word' id='word_1_474' title='bbox 921 1798 995 1832; x_wconf 77' lang='lat' dir='ltr'><strong>ptiis.</strong></span> <span class='ocrx_word' id='word_1_475' title='bbox 1005 1798 1070 1824; x_wconf 81' lang='lat' dir='ltr'><strong>Cum</strong></span> <span class='ocrx_word' id='word_1_476' title='bbox 1083 1801 1171 1823; x_wconf 86' lang='lat' dir='ltr'><strong>autem</strong></span> <span class='ocrx_word' id='word_1_477' title='bbox 1185 1795 1338 1828; x_wconf 80' lang='lat' dir='ltr'><strong>aufugietis,</strong></span> <span class='ocrx_word' id='word_1_478' title='bbox 1348 1802 1400 1821; x_wconf 92' lang='lat' dir='ltr'><strong>non</strong></span> <span class='ocrx_word' id='word_1_479' title='bbox 1413 1794 1542 1822; x_wconf 83' lang='lat' dir='ltr'><strong>reccdetis</strong></span> <span class='ocrx_word' id='word_1_480' title='bbox 1555 1795 1630 1821; x_wconf 84' lang='lat' dir='ltr'><strong>vacui</strong></span> <span class='ocrx_word' id='word_1_481' title='bbox 1643 1795 1675 1821; x_wconf 75' lang='lat'><strong>“.</strong></span> <span class='ocrx_word' id='word_1_482' title='bbox 1689 1804 1698 1820; x_wconf 76' lang='grc' dir='ltr'><strong>ι</strong></span> 
     </span>
    </p>
   </div>
   <div class='ocr_carea' id='block_1_66' title="bbox 920 1840 1702 1874">
    <p class='ocr_par' dir='ltr' id='par_1_66' title="bbox 920 1840 1702 1874">
     <span class='ocr_line' id='line_1_66' title="bbox 920 1840 1702 1874; baseline -0.005 -5"><span class='ocrx_word' id='word_1_483' title='bbox 920 1842 990 1870; x_wconf 88' lang='lat' dir='ltr'><strong>Olim</strong></span> <span class='ocrx_word' id='word_1_484' title='bbox 1006 1841 1122 1868; x_wconf 61' lang='lat' dir='ltr'><strong>Abrahae</strong></span> <span class='ocrx_word' id='word_1_485' title='bbox 1147 1840 1215 1867; x_wconf 80' lang='lat' dir='ltr'><strong>facta</strong></span> <span class='ocrx_word' id='word_1_486' title='bbox 1233 1841 1319 1867; x_wconf 85' lang='lat' dir='ltr'><strong>fuerat</strong></span> <span class='ocrx_word' id='word_1_487' title='bbox 1346 1840 1401 1867; x_wconf 64' lang='lat' dir='ltr'><strong>haec</strong></span> <span class='ocrx_word' id='word_1_488' title='bbox 1418 1840 1574 1874; x_wconf 80' lang='lat' dir='ltr'><strong>promissio,</strong></span> <span class='ocrx_word' id='word_1_489' title='bbox 1595 1840 1702 1866; x_wconf 82' lang='lat' dir='ltr'><strong>dicente</strong></span> 
     </span>
    </p>
   </div>
   <div class='ocr_carea' id='block_1_67' title="bbox 921 1885 1703 1919">
    <p class='ocr_par' dir='ltr' id='par_1_67' title="bbox 921 1885 1703 1919">
     <span class='ocr_line' id='line_1_67' title="bbox 921 1885 1703 1919; baseline -0.005 -4"><span class='ocrx_word' id='word_1_490' title='bbox 921 1888 975 1916; x_wconf 91' lang='lat' dir='ltr'><strong>Deo</strong></span> <span class='ocrx_word' id='word_1_491' title='bbox 985 1887 1008 1904; x_wconf 84' lang='lat'>&quot;</span> <span class='ocrx_word' id='word_1_492' title='bbox 1024 1895 1031 1914; x_wconf 90' lang='lat'><strong>:</strong></span> <span class='ocrx_word' id='word_1_493' title='bbox 1050 1896 1059 1913; x_wconf 78' lang='grc' dir='ltr'><strong>ι</strong></span> <span class='ocrx_word' id='word_1_494' title='bbox 1072 1887 1136 1914; x_wconf 84' lang='lat' dir='ltr'><strong>Post</strong></span> <span class='ocrx_word' id='word_1_495' title='bbox 1148 1886 1205 1914; x_wconf 63' lang='lat' dir='ltr'><strong>haec</strong></span> <span class='ocrx_word' id='word_1_496' title='bbox 1219 1886 1393 1919; x_wconf 80' lang='lat' dir='ltr'><strong>egredientur</strong></span> <span class='ocrx_word' id='word_1_497' title='bbox 1414 1885 1467 1913; x_wconf 94' lang='lat' dir='ltr'><strong>huc</strong></span> <span class='ocrx_word' id='word_1_498' title='bbox 1481 1893 1542 1912; x_wconf 90' lang='lat' dir='ltr'><strong>cum</strong></span> <span class='ocrx_word' id='word_1_499' title='bbox 1560 1885 1642 1912; x_wconf 87' lang='lat' dir='ltr'><strong>multa</strong></span> <span class='ocrx_word' id='word_1_500' title='bbox 1658 1893 1703 1911; x_wconf 93' lang='lat' dir='ltr'><strong>su-</strong></span> 
     </span>
    </p>
   </div>
   <div class='ocr_carea' id='block_1_68' title="bbox 921 1933 1083 1969">
    <p class='ocr_par' dir='ltr' id='par_1_68' title="bbox 921 1933 1083 1969">
     <span class='ocr_line' id='line_1_68' title="bbox 921 1933 1083 1969; baseline -0.012 -8"><span class='ocrx_word' id='word_1_501' title='bbox 921 1933 1061 1969; x_wconf 83' lang='lat' dir='ltr'><strong>pellectile.</strong></span> <span class='ocrx_word' id='word_1_502' title='bbox 1073 1941 1083 1959; x_wconf 77' lang='grc' dir='ltr'><strong>ι</strong></span> 
     </span>
    </p>
   </div>
   <div class='ocr_carea' id='block_1_69' title="bbox 960 1975 1704 2007">
    <p class='ocr_par' dir='ltr' id='par_1_69' title="bbox 960 1975 1704 2007">
     <span class='ocr_line' id='line_1_69' title="bbox 960 1975 1704 2007; baseline -0.003 -3"><span class='ocrx_word' id='word_1_503' title='bbox 960 1989 969 2004; x_wconf 77' lang='grc' dir='ltr'>ι</span> <span class='ocrx_word' id='word_1_504' title='bbox 981 1980 1014 2006; x_wconf 88' lang='lat' dir='ltr'><strong>Et</strong></span> <span class='ocrx_word' id='word_1_505' title='bbox 1027 1978 1199 2006; x_wconf 79' lang='lat' dir='ltr'><strong>obﬁrmatum</strong></span> <span class='ocrx_word' id='word_1_506' title='bbox 1215 1981 1256 2004; x_wconf 86' lang='lat' dir='ltr'><strong>est</strong></span> <span class='ocrx_word' id='word_1_507' title='bbox 1273 1983 1321 2004; x_wconf 90' lang='lat' dir='ltr'><strong>cor</strong></span> <span class='ocrx_word' id='word_1_508' title='bbox 1336 1975 1497 2007; x_wconf 81' lang='lat' dir='ltr'><strong>Pharaonis,</strong></span> <span class='ocrx_word' id='word_1_509' title='bbox 1514 1979 1542 2002; x_wconf 88' lang='lat' dir='ltr'><strong>et</strong></span> <span class='ocrx_word' id='word_1_510' title='bbox 1557 1983 1609 2002; x_wconf 91' lang='lat' dir='ltr'><strong>non</strong></span> <span class='ocrx_word' id='word_1_511' title='bbox 1627 1975 1704 2003; x_wconf 87' lang='lat' dir='ltr'><strong>audi-</strong></span> 
     </span>
    </p>
   </div>
   <div class='ocr_carea' id='block_1_70' title="bbox 921 2022 1703 2057">
    <p class='ocr_par' dir='ltr' id='par_1_70' title="bbox 921 2022 1703 2057">
     <span class='ocr_line' id='line_1_70' title="bbox 921 2022 1703 2057; baseline -0.009 -3"><span class='ocrx_word' id='word_1_512' title='bbox 921 2026 960 2054; x_wconf 81' lang='lat' dir='ltr'><strong>vit</strong></span> <span class='ocrx_word' id='word_1_513' title='bbox 976 2032 1033 2057; x_wconf 89' lang='lat' dir='ltr'><strong>eos,</strong></span> <span class='ocrx_word' id='word_1_514' title='bbox 1049 2025 1117 2052; x_wconf 88' lang='lat' dir='ltr'><strong>sicut</strong></span> <span class='ocrx_word' id='word_1_515' title='bbox 1133 2027 1299 2057; x_wconf 68' lang='lat' dir='ltr'><strong>praeceperat</strong></span> <span class='ocrx_word' id='word_1_516' title='bbox 1311 2023 1350 2049; x_wconf 87' lang='lat' dir='ltr'><strong>eis</strong></span> <span class='ocrx_word' id='word_1_517' title='bbox 1366 2022 1505 2049; x_wconf 88' lang='lat' dir='ltr'><strong>Dominus.</strong></span> <span class='ocrx_word' id='word_1_518' title='bbox 1526 2022 1597 2049; x_wconf 86' lang='lat' dir='ltr'><strong>Dixit</strong></span> <span class='ocrx_word' id='word_1_519' title='bbox 1611 2027 1703 2048; x_wconf 88' lang='lat' dir='ltr'><strong>autem</strong></span> 
     </span>
    </p>
   </div>
   <div class='ocr_carea' id='block_1_71' title="bbox 922 2067 1704 2104">
    <p class='ocr_par' dir='ltr' id='par_1_71' title="bbox 922 2067 1704 2104">
     <span class='ocr_line' id='line_1_71' title="bbox 922 2067 1704 2104; baseline -0.005 -6"><span class='ocrx_word' id='word_1_520' title='bbox 922 2071 1051 2098; x_wconf 86' lang='lat' dir='ltr'><strong>Dominus</strong></span> <span class='ocrx_word' id='word_1_521' title='bbox 1073 2071 1105 2096; x_wconf 88' lang='lat' dir='ltr'><strong>ad</strong></span> <span class='ocrx_word' id='word_1_522' title='bbox 1120 2069 1227 2104; x_wconf 84' lang='lat' dir='ltr'><strong>Moysen</strong></span> <span class='ocrx_word' id='word_1_523' title='bbox 1243 2075 1250 2094; x_wconf 69' lang='grc' dir='ltr'><em>τ</em></span> <span class='ocrx_word' id='word_1_524' title='bbox 1267 2069 1447 2103; x_wconf 83' lang='lat' dir='ltr'><strong>Aggravatnm</strong></span> <span class='ocrx_word' id='word_1_525' title='bbox 1469 2071 1509 2094; x_wconf 86' lang='lat' dir='ltr'><strong>est</strong></span> <span class='ocrx_word' id='word_1_526' title='bbox 1524 2075 1572 2095; x_wconf 90' lang='lat' dir='ltr'><strong>cor</strong></span> <span class='ocrx_word' id='word_1_527' title='bbox 1585 2067 1704 2094; x_wconf 78' lang='lat' dir='ltr'><strong>Pharao-</strong></span> 
     </span>
    </p>
   </div>
   <div class='ocr_carea' id='block_1_72' title="bbox 923 2113 1704 2148">
    <p class='ocr_par' dir='ltr' id='par_1_72' title="bbox 923 2113 1704 2148">
     <span class='ocr_line' id='line_1_72' title="bbox 923 2113 1704 2148; baseline -0.006 -5"><span class='ocrx_word' id='word_1_528' title='bbox 923 2116 973 2148; x_wconf 79' lang='lat' dir='ltr'><strong>nis.</strong></span> <span class='ocrx_word' id='word_1_529' title='bbox 991 2120 1020 2142; x_wconf 93' lang='lat' dir='ltr'><strong>ut</strong></span> <span class='ocrx_word' id='word_1_530' title='bbox 1039 2123 1090 2142; x_wconf 91' lang='lat' dir='ltr'><strong>non</strong></span> <span class='ocrx_word' id='word_1_531' title='bbox 1105 2115 1222 2141; x_wconf 84' lang='lat' dir='ltr'><strong>dimittat</strong></span> <span class='ocrx_word' id='word_1_532' title='bbox 1237 2114 1363 2148; x_wconf 87' lang='lat' dir='ltr'><strong>populum</strong></span> <span class='ocrx_word' id='word_1_533' title='bbox 1376 2113 1409 2139; x_wconf 80' lang='lat'><strong>&quot;.</strong></span> <span class='ocrx_word' id='word_1_534' title='bbox 1423 2122 1431 2138; x_wconf 77' lang='grc' dir='ltr'><strong>ι</strong></span> <span class='ocrx_word' id='word_1_535' title='bbox 1454 2113 1539 2145; x_wconf 86' lang='lat' dir='ltr'><strong>Quod,</strong></span> <span class='ocrx_word' id='word_1_536' title='bbox 1563 2117 1624 2146; x_wconf 86' lang='lat' dir='ltr'><strong>post</strong></span> <span class='ocrx_word' id='word_1_537' title='bbox 1646 2120 1704 2139; x_wconf 88' lang='lat' dir='ltr'><strong>mu-</strong></span> 
     </span>
    </p>
   </div>
   <div class='ocr_carea' id='block_1_73' title="bbox 922 2158 1701 2194">
    <p class='ocr_par' dir='ltr' id='par_1_73' title="bbox 922 2158 1701 2194">
     <span class='ocr_line' id='line_1_73' title="bbox 922 2158 1701 2194; baseline -0.008 -5"><span class='ocrx_word' id='word_1_538' title='bbox 922 2166 1003 2189; x_wconf 82' lang='lat' dir='ltr'><strong>tatam</strong></span> <span class='ocrx_word' id='word_1_539' title='bbox 1020 2162 1046 2188; x_wconf 93' lang='lat' dir='ltr'><strong>in</strong></span> <span class='ocrx_word' id='word_1_540' title='bbox 1070 2165 1220 2194; x_wconf 83' lang='lat' dir='ltr'><strong>serpentem</strong></span> <span class='ocrx_word' id='word_1_541' title='bbox 1245 2160 1348 2193; x_wconf 72' lang='lat' dir='ltr'><strong>virgam</strong></span> <span class='ocrx_word' id='word_1_542' title='bbox 1376 2158 1475 2188; x_wconf 84' lang='lat' dir='ltr'><strong>Aaron,</strong></span> <span class='ocrx_word' id='word_1_543' title='bbox 1500 2165 1531 2184; x_wconf 76' lang='lat' dir='ltr'><strong>ac</strong></span> <span class='ocrx_word' id='word_1_544' title='bbox 1559 2161 1701 2191; x_wconf 74' lang='lat' dir='ltr'><strong>postquam</strong></span> 
     </span>
    </p>
   </div>
   <div class='ocr_carea' id='block_1_74' title="bbox 923 2203 1703 2242">
    <p class='ocr_par' dir='ltr' id='par_1_74' title="bbox 923 2203 1703 2242">
     <span class='ocr_line' id='line_1_74' title="bbox 923 2203 1703 2242; baseline -0.009 -7"><span class='ocrx_word' id='word_1_545' title='bbox 923 2209 967 2236; x_wconf 86' lang='lat' dir='ltr'><strong>illa</strong></span> <span class='ocrx_word' id='word_1_546' title='bbox 984 2208 1120 2242; x_wconf 79' lang='lat' dir='ltr'><strong>Magorum</strong></span> <span class='ocrx_word' id='word_1_547' title='bbox 1137 2207 1229 2240; x_wconf 80' lang='lat' dir='ltr'><strong>virgas</strong></span> <span class='ocrx_word' id='word_1_548' title='bbox 1245 2204 1415 2239; x_wconf 77' lang='lat' dir='ltr'><strong>deglntierat,</strong></span> <span class='ocrx_word' id='word_1_549' title='bbox 1431 2211 1444 2230; x_wconf 88' lang='lat' dir='ltr'><strong>a</strong></span> <span class='ocrx_word' id='word_1_550' title='bbox 1461 2203 1573 2230; x_wconf 89' lang='lat' dir='ltr'><strong>Domino</strong></span> <span class='ocrx_word' id='word_1_551' title='bbox 1586 2203 1703 2229; x_wconf 77' lang='lat' dir='ltr'><strong>dicitur:</strong></span> 
     </span>
    </p>
   </div>
   <div class='ocr_carea' id='block_1_75' title="bbox 926 2247 1703 2287">
    <p class='ocr_par' dir='ltr' id='par_1_75' title="bbox 926 2247 1703 2287">
     <span class='ocr_line' id='line_1_75' title="bbox 926 2247 1703 2287; baseline -0.009 -8"><span class='ocrx_word' id='word_1_552' title='bbox 926 2262 935 2278; x_wconf 75' lang='grc' dir='ltr'><strong>ι</strong></span> <span class='ocrx_word' id='word_1_553' title='bbox 949 2254 1134 2287; x_wconf 72' lang='lat' dir='ltr'><strong>Aggravatum</strong></span> <span class='ocrx_word' id='word_1_554' title='bbox 1152 2255 1192 2278; x_wconf 84' lang='lat' dir='ltr'><strong>est</strong></span> <span class='ocrx_word' id='word_1_555' title='bbox 1215 2257 1260 2276; x_wconf 90' lang='lat' dir='ltr'><strong>cor</strong></span> <span class='ocrx_word' id='word_1_556' title='bbox 1275 2248 1435 2280; x_wconf 82' lang='lat' dir='ltr'><strong>Pharaonis,</strong></span> <span class='ocrx_word' id='word_1_557' title='bbox 1449 2257 1457 2273; x_wconf 86' lang='lat' dir='ltr'><strong>I</strong></span> <span class='ocrx_word' id='word_1_558' title='bbox 1485 2254 1572 2282; x_wconf 68' lang='lat' dir='ltr'><strong>Operm</strong></span> <span class='ocrx_word' id='word_1_559' title='bbox 1588 2247 1703 2281; x_wconf 80' lang='lat' dir='ltr'><strong>pretium</strong></span> 
     </span>
    </p>
   </div>
   <div class='ocr_carea' id='block_1_76' title="bbox 923 2292 1702 2327">
    <p class='ocr_par' dir='ltr' id='par_1_76' title="bbox 923 2292 1702 2327">
     <span class='ocr_line' id='line_1_76' title="bbox 923 2292 1702 2327; baseline -0.009 -3"><span class='ocrx_word' id='word_1_560' title='bbox 923 2303 965 2325; x_wconf 76' lang='lat' dir='ltr'><strong>es:</strong></span> <span class='ocrx_word' id='word_1_561' title='bbox 988 2297 1081 2323; x_wconf 81' lang='lat' dir='ltr'><strong>videre</strong></span> <span class='ocrx_word' id='word_1_562' title='bbox 1107 2297 1177 2322; x_wconf 86' lang='lat' dir='ltr'><strong>sitne</strong></span> <span class='ocrx_word' id='word_1_563' title='bbox 1195 2294 1266 2321; x_wconf 88' lang='lat' dir='ltr'><strong>aliud</strong></span> <span class='ocrx_word' id='word_1_564' title='bbox 1289 2294 1322 2320; x_wconf 86' lang='lat' dir='ltr'><strong>ab</strong></span> <span class='ocrx_word' id='word_1_565' title='bbox 1340 2301 1381 2325; x_wconf 86' lang='lat' dir='ltr'><strong>eo,</strong></span> <span class='ocrx_word' id='word_1_566' title='bbox 1398 2293 1468 2327; x_wconf 90' lang='lat' dir='ltr'><strong>quod</strong></span> <span class='ocrx_word' id='word_1_567' title='bbox 1488 2294 1585 2326; x_wconf 70' lang='lat' dir='ltr'><strong>saeplus</strong></span> <span class='ocrx_word' id='word_1_568' title='bbox 1603 2292 1702 2318; x_wconf 87' lang='lat' dir='ltr'><strong>dictum</strong></span> 
     </span>
    </p>
   </div>
   <div class='ocr_carea' id='block_1_77' title="bbox 922 2337 1701 2376">
    <p class='ocr_par' dir='ltr' id='par_1_77' title="bbox 922 2337 1701 2376">
     <span class='ocr_line' id='line_1_77' title="bbox 922 2337 1701 2376; baseline -0.009 -7"><span class='ocrx_word' id='word_1_569' title='bbox 922 2348 973 2376; x_wconf 79' lang='lat' dir='ltr'><strong>est,</strong></span> <span class='ocrx_word' id='word_1_570' title='bbox 984 2352 992 2368; x_wconf 76' lang='grc' dir='ltr'><strong>ι</strong></span> <span class='ocrx_word' id='word_1_571' title='bbox 1003 2343 1158 2369; x_wconf 84' lang='lat' dir='ltr'><strong>induratum</strong></span> <span class='ocrx_word' id='word_1_572' title='bbox 1171 2348 1231 2368; x_wconf 85' lang='lat' dir='ltr'><strong>esse</strong></span> <span class='ocrx_word' id='word_1_573' title='bbox 1244 2347 1292 2366; x_wconf 80' lang='lat' dir='ltr'><strong>cor</strong></span> <span class='ocrx_word' id='word_1_574' title='bbox 1303 2339 1463 2371; x_wconf 84' lang='lat' dir='ltr'><strong>Pharaonis,</strong></span> <span class='ocrx_word' id='word_1_575' title='bbox 1479 2345 1510 2365; x_wconf 84' lang='lat' dir='ltr'><strong>ac</strong></span> <span class='ocrx_word' id='word_1_576' title='bbox 1525 2337 1679 2365; x_wconf 82' lang='lat' dir='ltr'><strong>invaluisse.</strong></span> <span class='ocrx_word' id='word_1_577' title='bbox 1693 2346 1701 2361; x_wconf 87' lang='lat' dir='ltr'><strong>I</strong></span> 
     </span>
    </p>
   </div>
   <div class='ocr_carea' id='block_1_78' title="bbox 923 2383 1706 2421">
    <p class='ocr_par' dir='ltr' id='par_1_78' title="bbox 923 2383 1706 2421">
     <span class='ocr_line' id='line_1_78' title="bbox 923 2383 1706 2421; baseline -0.01 -6"><span class='ocrx_word' id='word_1_578' title='bbox 923 2387 990 2415; x_wconf 85' lang='lat' dir='ltr'><strong>Nam</strong></span> <span class='ocrx_word' id='word_1_579' title='bbox 1009 2388 1057 2414; x_wconf 84' lang='lat' dir='ltr'><strong>hoc</strong></span> <span class='ocrx_word' id='word_1_580' title='bbox 1075 2394 1181 2421; x_wconf 84' lang='lat' dir='ltr'><strong>quoque</strong></span> <span class='ocrx_word' id='word_1_581' title='bbox 1201 2387 1235 2412; x_wconf 84' lang='lat' dir='ltr'><strong>ita</strong></span> <span class='ocrx_word' id='word_1_582' title='bbox 1255 2386 1353 2411; x_wconf 85' lang='lat' dir='ltr'><strong>dictum</strong></span> <span class='ocrx_word' id='word_1_583' title='bbox 1377 2389 1418 2411; x_wconf 87' lang='lat' dir='ltr'><strong>est</strong></span> <span class='ocrx_word' id='word_1_584' title='bbox 1434 2393 1439 2410; x_wconf 89' lang='lat'>:</span> <span class='ocrx_word' id='word_1_585' title='bbox 1458 2394 1467 2409; x_wconf 76' lang='grc' dir='ltr'><strong>ε</strong></span> <span class='ocrx_word' id='word_1_586' title='bbox 1481 2384 1512 2410; x_wconf 81' lang='lat' dir='ltr'><strong>Et</strong></span> <span class='ocrx_word' id='word_1_587' title='bbox 1529 2383 1641 2409; x_wconf 77' lang='lat' dir='ltr'><strong>invaluit</strong></span> <span class='ocrx_word' id='word_1_588' title='bbox 1659 2389 1706 2408; x_wconf 71' lang='lat' dir='ltr'><strong>cor</strong></span> 
     </span>
    </p>
   </div>
   <div class='ocr_carea' id='block_1_79' title="bbox 80 2428 861 2474">
    <p class='ocr_par' dir='ltr' id='par_1_79' title="bbox 80 2429 861 2474">
     <span class='ocr_line' id='line_1_79' title="bbox 80 2429 861 2474; baseline -0.005 -10"><span class='ocrx_word' id='word_1_589' title='bbox 80 2438 96 2472; x_wconf 75' lang='grc' dir='ltr'><strong>ἡ</strong></span> <span class='ocrx_word' id='word_1_590' title='bbox 112 2437 217 2474; x_wconf 69' lang='grc' dir='ltr'>καρδία</span> <span class='ocrx_word' id='word_1_591' title='bbox 241 2429 351 2472; x_wconf 70' lang='grc' dir='ltr'>(Ῐάραὼ,</span> <span class='ocrx_word' id='word_1_592' title='bbox 375 2437 422 2463; x_wconf 73' lang='grc' dir='ltr'><strong>καὶ</strong></span> <span class='ocrx_word' id='word_1_593' title='bbox 436 2437 485 2462; x_wconf 82' lang='grc' dir='ltr'><strong>οὺχ</strong></span> <span class='ocrx_word' id='word_1_594' title='bbox 498 2436 656 2471; x_wconf 74' lang='grc' dir='ltr'>είσήκουσεν</span> <span class='ocrx_word' id='word_1_595' title='bbox 678 2434 766 2461; x_wconf 80' lang='grc' dir='ltr'>αὐτῶν</span> <span class='ocrx_word' id='word_1_596' title='bbox 782 2434 861 2461; x_wconf 73' lang='grc' dir='ltr'>καϐὼ.</span> 
     </span>
    </p>
   </div>
   <div class='ocr_carea' id='block_1_80' title="bbox 919 2428 1705 2474">
    <p class='ocr_par' dir='ltr' id='par_1_80' title="bbox 926 2428 1705 2465">
     <span class='ocr_line' id='line_1_80' title="bbox 926 2428 1705 2465; baseline -0.008 -5"><span class='ocrx_word' id='word_1_597' title='bbox 926 2433 1084 2465; x_wconf 79' lang='lat' dir='ltr'><strong>Pharaonis,</strong></span> <span class='ocrx_word' id='word_1_598' title='bbox 1100 2437 1126 2458; x_wconf 86' lang='lat' dir='ltr'><strong>et</strong></span> <span class='ocrx_word' id='word_1_599' title='bbox 1142 2439 1194 2458; x_wconf 89' lang='lat' dir='ltr'><strong>non</strong></span> <span class='ocrx_word' id='word_1_600' title='bbox 1212 2431 1313 2458; x_wconf 84' lang='lat' dir='ltr'><strong>audivit</strong></span> <span class='ocrx_word' id='word_1_601' title='bbox 1328 2438 1383 2462; x_wconf 78' lang='lat' dir='ltr'><strong>eos,</strong></span> <span class='ocrx_word' id='word_1_602' title='bbox 1406 2430 1476 2456; x_wconf 85' lang='lat' dir='ltr'><strong>sicut</strong></span> <span class='ocrx_word' id='word_1_603' title='bbox 1493 2429 1597 2455; x_wconf 87' lang='lat' dir='ltr'><strong>loculus</strong></span> <span class='ocrx_word' id='word_1_604' title='bbox 1617 2428 1705 2454; x_wconf 80' lang='lat' dir='ltr'><strong>fuerat</strong></span> 
     </span>
    </p>
   </div>
   <div class='ocr_carea' id='block_1_81' title="bbox 81 2479 873 2518">
    <p class='ocr_par' dir='ltr' id='par_1_81' title="bbox 81 2479 873 2518">
     <span class='ocr_line' id='line_1_81' title="bbox 81 2479 873 2518; baseline -0.005 -9"><span class='ocrx_word' id='word_1_605' title='bbox 81 2483 198 2518; x_wconf 72' lang='grc' dir='ltr'>ἐλάλησε</span> <span class='ocrx_word' id='word_1_606' title='bbox 214 2481 327 2517; x_wconf 83' lang='grc' dir='ltr'>Κύριος.</span> <span class='ocrx_word' id='word_1_607' title='bbox 339 2491 348 2506; x_wconf 77' lang='grc' dir='ltr'><strong>ι</strong></span> <span class='ocrx_word' id='word_1_608' title='bbox 367 2481 443 2507; x_wconf 84' lang='grc' dir='ltr'>Δοκεῖ</span> <span class='ocrx_word' id='word_1_609' title='bbox 455 2481 483 2507; x_wconf 83' lang='grc' dir='ltr'>δέ</span> <span class='ocrx_word' id='word_1_610' title='bbox 500 2489 544 2516; x_wconf 88' lang='grc' dir='ltr'><strong>μοι</strong></span> <span class='ocrx_word' id='word_1_611' title='bbox 560 2481 576 2515; x_wconf 87' lang='grc' dir='ltr'><strong>ἠ</strong></span> <span class='ocrx_word' id='word_1_612' title='bbox 596 2480 643 2515; x_wconf 80' lang='grc' dir='ltr'>μὲν</span> <span class='ocrx_word' id='word_1_613' title='bbox 658 2479 792 2506; x_wconf 69' lang='grc' dir='ltr'>ἐνδιδοῦσα</span> <span class='ocrx_word' id='word_1_614' title='bbox 806 2488 873 2514; x_wconf 87' lang='grc' dir='ltr'>καρ-</span> 
     </span>
    </p>
   </div>
   <div class='ocr_carea' id='block_1_82' title="bbox 80 2524 873 2564">
    <p class='ocr_par' dir='ltr' id='par_1_82' title="bbox 80 2524 873 2564">
     <span class='ocr_line' id='line_1_82' title="bbox 80 2524 873 2564; baseline -0.005 -9"><span class='ocrx_word' id='word_1_615' title='bbox 80 2529 125 2555; x_wconf 70' lang='grc' dir='ltr'><strong>δία</strong></span> <span class='ocrx_word' id='word_1_616' title='bbox 143 2529 213 2564; x_wconf 53' lang='lat'><strong>7:95;</strong></span> <span class='ocrx_word' id='word_1_617' title='bbox 228 2528 264 2554; x_wconf 78' lang='grc' dir='ltr'>τὰ</span> <span class='ocrx_word' id='word_1_618' title='bbox 281 2528 350 2560; x_wconf 83' lang='grc' dir='ltr'>θεῖα,</span> <span class='ocrx_word' id='word_1_619' title='bbox 374 2526 554 2553; x_wconf 81' lang='grc' dir='ltr'>ἁπαλύνεσθαι</span> <span class='ocrx_word' id='word_1_620' title='bbox 567 2526 614 2552; x_wconf 74' lang='grc' dir='ltr'><strong>καὶ</strong></span> <span class='ocrx_word' id='word_1_621' title='bbox 631 2526 669 2561; x_wconf 79' lang='grc' dir='ltr'><strong>μὴ</strong></span> <span class='ocrx_word' id='word_1_622' title='bbox 686 2524 786 2560; x_wconf 80' lang='grc' dir='ltr'>ἰσχύειν</span> <span class='ocrx_word' id='word_1_623' title='bbox 800 2524 873 2551; x_wconf 81' lang='grc' dir='ltr'>ἀνθί-</span> 
     </span>
    </p>
   </div>
   <div class='ocr_carea' id='block_1_83' title="bbox 83 2569 870 2609">
    <p class='ocr_par' dir='ltr' id='par_1_83' title="bbox 83 2569 870 2609">
     <span class='ocr_line' id='line_1_83' title="bbox 83 2569 870 2609; baseline -0.008 -8"><span class='ocrx_word' id='word_1_624' title='bbox 83 2575 198 2601; x_wconf 76' lang='grc' dir='ltr'>στασθαι</span> <span class='ocrx_word' id='word_1_625' title='bbox 211 2575 244 2609; x_wconf 81' lang='grc' dir='ltr'>τῇ</span> <span class='ocrx_word' id='word_1_626' title='bbox 260 2573 388 2608; x_wconf 79' lang='grc' dir='ltr'>θειότητι,</span> <span class='ocrx_word' id='word_1_627' title='bbox 405 2573 452 2599; x_wconf 72' lang='grc' dir='ltr'><strong>καὶ</strong></span> <span class='ocrx_word' id='word_1_628' title='bbox 467 2572 503 2608; x_wconf 89' lang='grc' dir='ltr'><strong>μὴ</strong></span> <span class='ocrx_word' id='word_1_629' title='bbox 521 2570 693 2608; x_wconf 82' lang='grc' dir='ltr'>βαρύνεσθαι,</span> <span class='ocrx_word' id='word_1_630' title='bbox 711 2570 777 2605; x_wconf 85' lang='grc' dir='ltr'>μηδὲ</span> <span class='ocrx_word' id='word_1_631' title='bbox 793 2569 870 2596; x_wconf 78' lang='grc' dir='ltr'>’ἑλκε-</span> 
     </span>
    </p>
   </div>
   <div class='ocr_carea' id='block_1_84' title="bbox 115 2628 663 2663">
    <p class='ocr_par' dir='ltr' id='par_1_84' title="bbox 115 2628 663 2663">
     <span class='ocr_line' id='line_1_84' title="bbox 115 2628 663 2663; baseline -0.007 -5"><span class='ocrx_word' id='word_1_632' title='bbox 115 2633 139 2649; x_wconf 75' lang='grc' dir='ltr'>ἰ</span> <span class='ocrx_word' id='word_1_633' title='bbox 166 2631 252 2658; x_wconf 74' lang='lat' dir='ltr'><strong>Exod.</strong></span> <span class='ocrx_word' id='word_1_634' title='bbox 271 2638 335 2663; x_wconf 84' lang='lat' dir='ltr'><strong>VIII,</strong></span> <span class='ocrx_word' id='word_1_635' title='bbox 358 2630 385 2656; x_wconf 74' lang='grc'><strong>2.</strong></span> <span class='ocrx_word' id='word_1_636' title='bbox 431 2628 454 2645; x_wconf 84' lang='grc'><strong>⁹²</strong></span> <span class='ocrx_word' id='word_1_637' title='bbox 478 2628 561 2656; x_wconf 81' lang='lat' dir='ltr'><strong>Exod.</strong></span> <span class='ocrx_word' id='word_1_638' title='bbox 583 2636 615 2661; x_wconf 70' lang='grc' dir='ltr'>χ,</span> <span class='ocrx_word' id='word_1_639' title='bbox 637 2628 663 2655; x_wconf 84' lang='grc'><strong>5.</strong></span> 
     </span>
    </p>
   </div>
   <div class='ocr_carea' id='block_1_85' title="bbox 83 2667 251 2697">
    <p class='ocr_par' dir='ltr' id='par_1_85' title="bbox 83 2667 251 2697">
     <span class='ocr_line' id='line_1_85' title="bbox 83 2667 251 2697; baseline -0.006 -5"><span class='ocrx_word' id='word_1_640' title='bbox 83 2675 130 2697; x_wconf 73' lang='grc' dir='ltr'>ιιι,</span> <span class='ocrx_word' id='word_1_641' title='bbox 148 2667 190 2696; x_wconf 72' lang='grc'><strong>15,</strong></span> <span class='ocrx_word' id='word_1_642' title='bbox 206 2667 251 2692; x_wconf 75' lang='grc' dir='ltr'><strong>Η.</strong></span> 
     </span>
    </p>
   </div>
   <div class='ocr_carea' id='block_1_86' title="bbox 119 2709 868 2748">
    <p class='ocr_par' dir='ltr' id='par_1_86' title="bbox 119 2709 868 2748">
     <span class='ocr_line' id='line_1_86' title="bbox 119 2709 868 2748; baseline -0.007 -8"><span class='ocrx_word' id='word_1_643' title='bbox 119 2714 178 2748; x_wconf 83' lang='lat'><strong>(69)</strong></span> <span class='ocrx_word' id='word_1_644' title='bbox 196 2714 267 2739; x_wconf 79' lang='grc' dir='ltr'>Ἔτι.</span> <span class='ocrx_word' id='word_1_645' title='bbox 285 2712 364 2748; x_wconf 78' lang='lat' dir='ltr'><strong>Deest</strong></span> <span class='ocrx_word' id='word_1_646' title='bbox 378 2711 403 2737; x_wconf 88' lang='lat' dir='ltr'><strong>in</strong></span> <span class='ocrx_word' id='word_1_647' title='bbox 420 2711 484 2738; x_wconf 81' lang='lat' dir='ltr'><strong>libb.</strong></span> <span class='ocrx_word' id='word_1_648' title='bbox 496 2715 574 2748; x_wconf 76' lang='lat' dir='ltr'><strong>antea</strong></span> <span class='ocrx_word' id='word_1_649' title='bbox 589 2710 678 2748; x_wconf 57' lang='lat' dir='ltr'><strong>editis,</strong></span> <span class='ocrx_word' id='word_1_650' title='bbox 695 2717 743 2748; x_wconf 77' lang='lat' dir='ltr'><strong>nec</strong></span> <span class='ocrx_word' id='word_1_651' title='bbox 757 2709 868 2748; x_wconf 76' lang='lat' dir='ltr'><strong>no_n_isI_a</strong></span> 
     </span>
    </p>
   </div>
   <div class='ocr_carea' id='block_1_87' title="bbox 82 2744 872 2782">
    <p class='ocr_par' dir='ltr' id='par_1_87' title="bbox 82 2744 872 2782">
     <span class='ocr_line' id='line_1_87' title="bbox 82 2744 872 2782; baseline -0.003 -10"><span class='ocrx_word' id='word_1_652' title='bbox 82 2756 145 2780; x_wconf 65' lang='lat' dir='ltr'><strong>qum.</strong></span> <span class='ocrx_word' id='word_1_653' title='bbox 159 2744 238 2782; x_wconf 73' lang='lat' dir='ltr'><strong>paulo</strong></span> <span class='ocrx_word' id='word_1_654' title='bbox 254 2747 323 2773; x_wconf 73' lang='lat' dir='ltr'><strong>infra</strong></span> <span class='ocrx_word' id='word_1_655' title='bbox 341 2747 479 2781; x_wconf 81' lang='lat' dir='ltr'><strong>leguntur:</strong></span> <span class='ocrx_word' id='word_1_656' title='bbox 496 2746 526 2772; x_wconf 80' lang='grc' dir='ltr'>τὸ</span> <span class='ocrx_word' id='word_1_657' title='bbox 543 2745 606 2780; x_wconf 76' lang='grc' dir='ltr'>γὰρ,</span> <span class='ocrx_word' id='word_1_658' title='bbox 621 2745 672 2777; x_wconf 76' lang='grc' dir='ltr'><strong>ἕως</strong></span> <span class='ocrx_word' id='word_1_659' title='bbox 686 2745 756 2776; x_wconf 88' lang='grc' dir='ltr'>τίνος</span> <span class='ocrx_word' id='word_1_660' title='bbox 768 2746 797 2771; x_wconf 80' lang='grc' dir='ltr'>οὐ</span> <span class='ocrx_word' id='word_1_661' title='bbox 815 2744 872 2779; x_wconf 86' lang='grc' dir='ltr'><strong>βού-</strong></span> 
     </span>
    </p>
   </div>
   <div class='ocr_carea' id='block_1_88' title="bbox 82 2781 871 2818">
    <p class='ocr_par' dir='ltr' id='par_1_88' title="bbox 82 2781 871 2818">
     <span class='ocr_line' id='line_1_88' title="bbox 82 2781 871 2818; baseline 0 -10"><span class='ocrx_word' id='word_1_662' title='bbox 82 2783 123 2809; x_wconf 61' lang='lat' dir='ltr'><strong>3a.</strong></span> <span class='ocrx_word' id='word_1_663' title='bbox 140 2781 309 2818; x_wconf 74' lang='grc' dir='ltr'>ἐντραπῆναί</span> <span class='ocrx_word' id='word_1_664' title='bbox 327 2790 374 2816; x_wconf 82' lang='grc' dir='ltr'>με,</span> <span class='ocrx_word' id='word_1_665' title='bbox 389 2782 435 2808; x_wconf 86' lang='lat' dir='ltr'><strong>sed</strong></span> <span class='ocrx_word' id='word_1_666' title='bbox 456 2782 634 2809; x_wconf 79' lang='lat' dir='ltr'><strong>restituuntur</strong></span> <span class='ocrx_word' id='word_1_667' title='bbox 655 2781 814 2808; x_wconf 57' lang='lat' dir='ltr'><strong>auctoritate</strong></span> <span class='ocrx_word' id='word_1_668' title='bbox 827 2788 871 2808; x_wconf 84' lang='lat' dir='ltr'><strong>c0-</strong></span> 
     </span>
    </p>
   </div>
   <div class='ocr_carea' id='block_1_89' title="bbox 83 2819 456 2851">
    <p class='ocr_par' dir='ltr' id='par_1_89' title="bbox 83 2819 456 2851">
     <span class='ocr_line' id='line_1_89' title="bbox 83 2819 456 2851; baseline -0.003 -8"><span class='ocrx_word' id='word_1_669' title='bbox 83 2819 175 2846; x_wconf 71' lang='lat' dir='ltr'><strong>tilCUlll</strong></span> <span class='ocrx_word' id='word_1_670' title='bbox 193 2822 456 2851; x_wconf 77' lang='lat' dir='ltr'><strong>maIIuscrIplorum.</strong></span> 
     </span>
    </p>
   </div>
   <div class='ocr_carea' id='block_1_90' title="bbox 709 2620 1540 2660">
    <p class='ocr_par' dir='ltr' id='par_1_90' title="bbox 709 2620 1540 2660">
     <span class='ocr_line' id='line_1_90' title="bbox 709 2620 1540 2660; baseline -0.01 -5"><span class='ocrx_word' id='word_1_671' title='bbox 709 2626 732 2642; x_wconf 75' lang='grc'><strong>’³</strong></span> <span class='ocrx_word' id='word_1_672' title='bbox 752 2627 837 2655; x_wconf 78' lang='lat' dir='ltr'><strong>Exod.</strong></span> <span class='ocrx_word' id='word_1_673' title='bbox 862 2635 886 2653; x_wconf 81' lang='lat' dir='ltr'><strong>Ix</strong></span> <span class='ocrx_word' id='word_1_674' title='bbox 898 2626 952 2660; x_wconf 74' lang='lat'><strong>,29,</strong></span> <span class='ocrx_word' id='word_1_675' title='bbox 971 2627 1014 2654; x_wconf 83' lang='grc'><strong>50.</strong></span> <span class='ocrx_word' id='word_1_676' title='bbox 1059 2625 1082 2641; x_wconf 75' lang='grc'><strong>³⁸</strong></span> <span class='ocrx_word' id='word_1_677' title='bbox 1094 2625 1180 2652; x_wconf 73' lang='lat' dir='ltr'><strong>Exod.</strong></span> <span class='ocrx_word' id='word_1_678' title='bbox 1192 2632 1233 2657; x_wconf 88' lang='lat' dir='ltr'><strong>III,</strong></span> <span class='ocrx_word' id='word_1_679' title='bbox 1245 2624 1289 2650; x_wconf 76' lang='lat' dir='ltr'><strong>2i.</strong></span> <span class='ocrx_word' id='word_1_680' title='bbox 1327 2623 1349 2639; x_wconf 67' lang='grc'><strong>⁸⁵</strong></span> <span class='ocrx_word' id='word_1_681' title='bbox 1360 2622 1427 2649; x_wconf 85' lang='lat' dir='ltr'><strong>Gen.</strong></span> <span class='ocrx_word' id='word_1_682' title='bbox 1441 2629 1483 2653; x_wconf 78' lang='lat' dir='ltr'><strong>xv,</strong></span> <span class='ocrx_word' id='word_1_683' title='bbox 1499 2620 1540 2647; x_wconf 63' lang='lat' dir='ltr'><strong>li.</strong></span> 
     </span>
    </p>
   </div>
   <div class='ocr_carea' id='block_1_91' title="bbox 926 2474 1706 2509">
    <p class='ocr_par' dir='ltr' id='par_1_91' title="bbox 926 2474 1706 2509">
     <span class='ocr_line' id='line_1_91' title="bbox 926 2474 1706 2509; baseline -0.008 -3"><span class='ocrx_word' id='word_1_684' title='bbox 926 2479 1064 2507; x_wconf 84' lang='lat' dir='ltr'><strong>Dominus.</strong></span> <span class='ocrx_word' id='word_1_685' title='bbox 1080 2487 1089 2504; x_wconf 70' lang='grc' dir='ltr'><strong><em>ι</em></strong></span> <span class='ocrx_word' id='word_1_686' title='bbox 1112 2477 1176 2504; x_wconf 88' lang='lat' dir='ltr'><strong>Mihi</strong></span> <span class='ocrx_word' id='word_1_687' title='bbox 1189 2477 1294 2503; x_wconf 88' lang='lat' dir='ltr'><strong>videtur</strong></span> <span class='ocrx_word' id='word_1_688' title='bbox 1308 2483 1354 2502; x_wconf 89' lang='lat' dir='ltr'><strong>cor</strong></span> <span class='ocrx_word' id='word_1_689' title='bbox 1370 2475 1432 2501; x_wconf 87' lang='lat' dir='ltr'><strong>illud</strong></span> <span class='ocrx_word' id='word_1_690' title='bbox 1447 2475 1518 2509; x_wconf 87' lang='lat' dir='ltr'><strong>quod</strong></span> <span class='ocrx_word' id='word_1_691' title='bbox 1534 2474 1614 2506; x_wconf 82' lang='lat' dir='ltr'><strong>cedit,</strong></span> <span class='ocrx_word' id='word_1_692' title='bbox 1630 2481 1661 2500; x_wconf 80' lang='lat' dir='ltr'><strong>ac</strong></span> <span class='ocrx_word' id='word_1_693' title='bbox 1677 2481 1706 2500; x_wconf 79' lang='lat' dir='ltr'><strong>se</strong></span> 
     </span>
    </p>
   </div>
   <div class='ocr_carea' id='block_1_92' title="bbox 925 2518 1705 2559">
    <p class='ocr_par' dir='ltr' id='par_1_92' title="bbox 925 2518 1705 2559">
     <span class='ocr_line' id='line_1_92' title="bbox 925 2518 1705 2559; baseline -0.012 -7"><span class='ocrx_word' id='word_1_694' title='bbox 925 2525 1006 2552; x_wconf 81' lang='lat' dir='ltr'><strong>facile</strong></span> <span class='ocrx_word' id='word_1_695' title='bbox 1024 2524 1125 2559; x_wconf 65' lang='lat' dir='ltr'><strong>pra-bet</strong></span> <span class='ocrx_word' id='word_1_696' title='bbox 1151 2524 1184 2550; x_wconf 85' lang='lat' dir='ltr'><strong>ad</strong></span> <span class='ocrx_word' id='word_1_697' title='bbox 1198 2523 1300 2553; x_wconf 87' lang='lat' dir='ltr'><strong>divina,</strong></span> <span class='ocrx_word' id='word_1_698' title='bbox 1324 2520 1450 2552; x_wconf 84' lang='lat' dir='ltr'><strong>emolliri,</strong></span> <span class='ocrx_word' id='word_1_699' title='bbox 1476 2528 1523 2546; x_wconf 83' lang='lat' dir='ltr'><strong>nec</strong></span> <span class='ocrx_word' id='word_1_700' title='bbox 1540 2527 1618 2553; x_wconf 76' lang='lat' dir='ltr'><strong>posse</strong></span> <span class='ocrx_word' id='word_1_701' title='bbox 1636 2518 1705 2544; x_wconf 82' lang='lat' dir='ltr'><strong>resi-</strong></span> 
     </span>
    </p>
   </div>
   <div class='ocr_carea' id='block_1_93' title="bbox 925 2565 1705 2603">
    <p class='ocr_par' dir='ltr' id='par_1_93' title="bbox 925 2565 1705 2603">
     <span class='ocr_line' id='line_1_93' title="bbox 925 2565 1705 2603; baseline -0.013 -5"><span class='ocrx_word' id='word_1_702' title='bbox 925 2576 997 2598; x_wconf 79' lang='lat' dir='ltr'><strong>stere</strong></span> <span class='ocrx_word' id='word_1_703' title='bbox 1028 2570 1133 2602; x_wconf 87' lang='lat' dir='ltr'><strong>dcitati,</strong></span> <span class='ocrx_word' id='word_1_704' title='bbox 1159 2577 1209 2596; x_wconf 81' lang='lat' dir='ltr'><strong>nec</strong></span> <span class='ocrx_word' id='word_1_705' title='bbox 1233 2568 1349 2603; x_wconf 74' lang='lat' dir='ltr'><strong>gravari,</strong></span> <span class='ocrx_word' id='word_1_706' title='bbox 1377 2574 1425 2593; x_wconf 82' lang='lat' dir='ltr'><strong>nec</strong></span> <span class='ocrx_word' id='word_1_707' title='bbox 1441 2566 1544 2592; x_wconf 84' lang='lat' dir='ltr'><strong>inl&#39;erne</strong></span> <span class='ocrx_word' id='word_1_708' title='bbox 1563 2565 1588 2590; x_wconf 90' lang='lat' dir='ltr'><strong>in</strong></span> <span class='ocrx_word' id='word_1_709' title='bbox 1605 2570 1705 2590; x_wconf 80' lang='lat' dir='ltr'><strong>terram</strong></span> 
     </span>
    </p>
   </div>
   <div class='ocr_carea' id='block_1_94' title="bbox 1585 2619 1704 2646">
    <p class='ocr_par' dir='ltr' id='par_1_94' title="bbox 1585 2619 1704 2646">
     <span class='ocr_line' id='line_1_94' title="bbox 1585 2619 1704 2646; baseline 0.008 -1"><span class='ocrx_word' id='word_1_710' title='bbox 1585 2619 1607 2635; x_wconf 69' lang='lat'><strong>9&#39;</strong></span> <span class='ocrx_word' id='word_1_711' title='bbox 1619 2619 1704 2646; x_wconf 77' lang='lat' dir='ltr'><strong>Exod.</strong></span> 
     </span>
    </p>
   </div>
   <div class='ocr_carea' id='block_1_95' title="bbox 961 2700 1706 2744">
    <p class='ocr_par' dir='ltr' id='par_1_95' title="bbox 961 2700 1706 2744">
     <span class='ocr_line' id='line_1_95' title="bbox 961 2700 1706 2744; baseline -0.011 -9"><span class='ocrx_word' id='word_1_712' title='bbox 961 2709 1016 2744; x_wconf 74' lang='lat'><strong>(70)</strong></span> <span class='ocrx_word' id='word_1_713' title='bbox 1037 2708 1195 2744; x_wconf 76' lang='lat' dir='ltr'><strong>Fragmeola</strong></span> <span class='ocrx_word' id='word_1_714' title='bbox 1216 2705 1282 2744; x_wconf 68' lang='lat' dir='ltr'><strong>haec</strong></span> <span class='ocrx_word' id='word_1_715' title='bbox 1308 2704 1446 2744; x_wconf 78' lang='lat' dir='ltr'><strong>desumpta</strong></span> <span class='ocrx_word' id='word_1_716' title='bbox 1471 2707 1534 2729; x_wconf 85' lang='lat' dir='ltr'><strong>sunt</strong></span> <span class='ocrx_word' id='word_1_717' title='bbox 1559 2700 1706 2744; x_wconf 40' lang='lat' dir='ltr'><strong>eqs‘ehe‘dis</strong></span> 
     </span>
    </p>
   </div>
   <div class='ocr_carea' id='block_1_96' title="bbox 925 2735 1707 2805">
    <p class='ocr_par' dir='ltr' id='par_1_96' title="bbox 925 2735 1707 2805">
     <span class='ocr_line' id='line_1_96' title="bbox 925 2735 1707 2805; baseline -0.013 -34"><span class='ocrx_word' id='word_1_718' title='bbox 925 2735 999 2805; x_wconf 49' lang='lat' dir='ltr'><strong>ms‘si.‘</strong></span> <span class='ocrx_word' id='word_1_719' title='bbox 1008 2735 1222 2783; x_wconf 48' lang='lat' dir='ltr'><strong>CothKisiiﬂui</strong></span> <span class='ocrx_word' id='word_1_720' title='bbox 1239 2747 1269 2767; x_wconf 80' lang='lat' dir='ltr'><strong>ea</strong></span> <span class='ocrx_word' id='word_1_721' title='bbox 1285 2735 1427 2772; x_wconf 78' lang='lat' dir='ltr'><strong>exscripsit</strong></span> <span class='ocrx_word' id='word_1_722' title='bbox 1449 2746 1464 2764; x_wconf 69' lang='grc' dir='ltr'><strong>ε</strong></span> <span class='ocrx_word' id='word_1_723' title='bbox 1480 2745 1544 2764; x_wconf 83' lang='lat' dir='ltr'><strong>mss.</strong></span> <span class='ocrx_word' id='word_1_724' title='bbox 1563 2735 1707 2763; x_wconf 64' lang='lat' dir='ltr'><strong>bibliulhev</strong></span> 
     </span>
     <span class='ocr_line' id='line_1_97' title="bbox 925 2786 1075 2805; baseline -0.007 0"><span class='ocrx_word' id='word_1_725' title='bbox 925 2787 962 2805; x_wconf 70' lang='lat' dir='ltr'><strong>uc</strong></span> <span class='ocrx_word' id='word_1_726' title='bbox 1002 2786 1075 2805; x_wconf 70' lang='lat' dir='ltr'><strong>nunc.</strong></span> 
     </span>
    </p>
   </div>
   <div class='ocr_carea' id='block_1_97' title="bbox 925 2786 1075 2814">
    <p class='ocr_par' dir='ltr' id='par_1_97' title="bbox 925 2786 1075 2814">
     <span class='ocr_line' id='line_1_98' title="bbox 925 2786 1075 2814; baseline -0.02 -7"><span class='ocrx_word' id='word_1_727' title='bbox 925 2787 962 2807; x_wconf 71' lang='lat' dir='ltr'><strong>ue</strong></span> <span class='ocrx_word' id='word_1_728' title='bbox 978 2786 1075 2814; x_wconf 62' lang='lat' dir='ltr'><strong>negt-au</strong></span> 
     </span>
    </p>
   </div>
  </div>
