  <div class='ocr_page' id='page_1' title='image "/cluster/home/n/w/nwhite01/storage/ocr_20150623/12/njp.32101077772422/169.png"; bbox 0 0 1900 3060; ppageno 0'>
   <div class='ocr_carea' id='block_1_1' title="bbox 185 142 240 170">
    <p class='ocr_par' dir='ltr' id='par_1_1' title="bbox 185 142 240 170">
     <span class='ocr_line' id='line_1_1' title="bbox 185 142 240 170; baseline 0.018 -1"><span class='ocrx_word' id='word_1_1' title='bbox 185 142 240 170; x_wconf 63' lang='lat'><strong>283</strong></span> 
     </span>
    </p>
   </div>
   <div class='ocr_carea' id='block_1_2' title="bbox 888 127 1107 159">
    <p class='ocr_par' dir='ltr' id='par_1_2' title="bbox 888 127 1107 159">
     <span class='ocr_line' id='line_1_2' title="bbox 888 127 1107 159; baseline -0.023 0"><span class='ocrx_word' id='word_1_2' title='bbox 888 130 934 159; x_wconf 68' lang='lat' dir='ltr'><strong>EX</strong></span> <span class='ocrx_word' id='word_1_3' title='bbox 956 127 1107 158; x_wconf 77' lang='lat' dir='ltr'><strong>ORIGENE</strong></span> 
     </span>
    </p>
   </div>
   <div class='ocr_carea' id='block_1_3' title="bbox 1767 120 1818 148">
    <p class='ocr_par' dir='ltr' id='par_1_3' title="bbox 1767 120 1818 148">
     <span class='ocr_line' id='line_1_3' title="bbox 1767 120 1818 148; baseline -0.02 0"><span class='ocrx_word' id='word_1_4' title='bbox 1767 120 1818 148; x_wconf 63' lang='grc' dir='ltr'><strong>εει</strong></span> 
     </span>
    </p>
   </div>
   <div class='ocr_carea' id='block_1_4' title="bbox 189 180 974 234">
    <p class='ocr_par' dir='ltr' id='par_1_4' title="bbox 189 193 974 234">
     <span class='ocr_line' id='line_1_4' title="bbox 189 193 974 234; baseline -0.011 -7"><span class='ocrx_word' id='word_1_5' title='bbox 189 207 287 234; x_wconf 86' lang='lat' dir='ltr'><strong>resque</strong></span> <span class='ocrx_word' id='word_1_6' title='bbox 304 205 449 233; x_wconf 86' lang='lat' dir='ltr'><strong>corporeas</strong></span> <span class='ocrx_word' id='word_1_7' title='bbox 473 196 561 229; x_wconf 83' lang='lat' dir='ltr'><strong>trahi;</strong></span> <span class='ocrx_word' id='word_1_8' title='bbox 587 195 658 230; x_wconf 87' lang='lat' dir='ltr'><strong>quod</strong></span> <span class='ocrx_word' id='word_1_9' title='bbox 675 197 767 221; x_wconf 83' lang='lat' dir='ltr'><strong>autem</strong></span> <span class='ocrx_word' id='word_1_10' title='bbox 799 193 926 220; x_wconf 87' lang='lat' dir='ltr'><strong>renititur</strong></span> <span class='ocrx_word' id='word_1_11' title='bbox 947 196 974 218; x_wconf 88' lang='lat' dir='ltr'><strong>et</strong></span> 
     </span>
    </p>
   </div>
   <div class='ocr_carea' id='block_1_5' title="bbox 1064 180 1818 234">
    <p class='ocr_par' dir='ltr' id='par_1_5' title="bbox 1064 180 1818 220">
     <span class='ocr_line' id='line_1_5' title="bbox 1064 180 1818 220; baseline -0.011 -6"><span class='ocrx_word' id='word_1_12' title='bbox 1064 197 1091 214; x_wconf 85' lang='grc' dir='ltr'><strong>αι</strong></span> <span class='ocrx_word' id='word_1_13' title='bbox 1105 187 1180 214; x_wconf 87' lang='grc' dir='ltr'>κάτω</span> <span class='ocrx_word' id='word_1_14' title='bbox 1194 186 1235 217; x_wconf 82' lang='grc' dir='ltr'>εις</span> <span class='ocrx_word' id='word_1_15' title='bbox 1257 184 1310 220; x_wconf 86' lang='grc' dir='ltr'><strong>γῆν</strong></span> <span class='ocrx_word' id='word_1_16' title='bbox 1333 183 1380 211; x_wconf 76' lang='grc' dir='ltr'>καὶ</span> <span class='ocrx_word' id='word_1_17' title='bbox 1394 183 1460 218; x_wconf 83' lang='grc' dir='ltr'>ὕλην</span> <span class='ocrx_word' id='word_1_18' title='bbox 1470 190 1477 197; x_wconf 88' lang='grc'><strong><em>“</em></strong></span> <span class='ocrx_word' id='word_1_19' title='bbox 1495 183 1511 217; x_wconf 81' lang='grc' dir='ltr'><strong>ὴ</strong></span> <span class='ocrx_word' id='word_1_20' title='bbox 1527 181 1555 208; x_wconf 81' lang='grc' dir='ltr'><strong>δὲ</strong></span> <span class='ocrx_word' id='word_1_21' title='bbox 1571 180 1758 208; x_wconf 76' lang='grc' dir='ltr'><strong>ἀντιτείνουσα</strong></span> <span class='ocrx_word' id='word_1_22' title='bbox 1773 180 1818 207; x_wconf 73' lang='grc' dir='ltr'>καὶ</span> 
     </span>
    </p>
   </div>
   <div class='ocr_carea' id='block_1_6' title="bbox 188 239 979 273">
    <p class='ocr_par' dir='ltr' id='par_1_6' title="bbox 188 239 979 273">
     <span class='ocr_line' id='line_1_6' title="bbox 188 239 979 273; baseline -0.009 -1"><span class='ocrx_word' id='word_1_23' title='bbox 188 246 287 272; x_wconf 64' lang='lat' dir='ltr'><strong>divina:</strong></span> <span class='ocrx_word' id='word_1_24' title='bbox 304 244 465 271; x_wconf 74' lang='lat' dir='ltr'><strong>adversatur</strong></span> <span class='ocrx_word' id='word_1_25' title='bbox 477 241 618 273; x_wconf 70' lang='lat' dir='ltr'><strong>voluntati,</strong></span> <span class='ocrx_word' id='word_1_26' title='bbox 637 239 756 266; x_wconf 75' lang='lat' dir='ltr'><strong>indurati</strong></span> <span class='ocrx_word' id='word_1_27' title='bbox 770 243 797 266; x_wconf 85' lang='lat' dir='ltr'><strong>et</strong></span> <span class='ocrx_word' id='word_1_28' title='bbox 813 239 898 266; x_wconf 87' lang='lat' dir='ltr'><strong>instar</strong></span> <span class='ocrx_word' id='word_1_29' title='bbox 913 239 979 273; x_wconf 83' lang='lat' dir='ltr'><strong>lapi-</strong></span> 
     </span>
    </p>
   </div>
   <div class='ocr_carea' id='block_1_7' title="bbox 187 290 980 327">
    <p class='ocr_par' dir='ltr' id='par_1_7' title="bbox 187 290 980 327">
     <span class='ocr_line' id='line_1_7' title="bbox 187 290 980 327; baseline -0.008 -7"><span class='ocrx_word' id='word_1_30' title='bbox 187 294 231 321; x_wconf 86' lang='lat' dir='ltr'><strong>dis</strong></span> <span class='ocrx_word' id='word_1_31' title='bbox 245 298 418 327; x_wconf 78' lang='lat' dir='ltr'><strong>repercutere</strong></span> <span class='ocrx_word' id='word_1_32' title='bbox 448 299 481 318; x_wconf 94' lang='lat' dir='ltr'><strong>ac</strong></span> <span class='ocrx_word' id='word_1_33' title='bbox 495 290 625 324; x_wconf 80' lang='lat' dir='ltr'><strong>repellere</strong></span> <span class='ocrx_word' id='word_1_34' title='bbox 639 296 802 322; x_wconf 81' lang='lat' dir='ltr'><strong>sermonem,</strong></span> <span class='ocrx_word' id='word_1_35' title='bbox 819 296 920 323; x_wconf 83' lang='lat' dir='ltr'><strong>perque</strong></span> <span class='ocrx_word' id='word_1_36' title='bbox 934 297 980 315; x_wconf 83' lang='lat' dir='ltr'><strong>su-</strong></span> 
     </span>
    </p>
   </div>
   <div class='ocr_carea' id='block_1_8' title="bbox 190 333 978 372">
    <p class='ocr_par' dir='ltr' id='par_1_8' title="bbox 190 333 978 372">
     <span class='ocr_line' id='line_1_8' title="bbox 190 333 978 372; baseline -0.005 -7"><span class='ocrx_word' id='word_1_37' title='bbox 190 338 314 372; x_wconf 84' lang='lat' dir='ltr'><strong>perbiam</strong></span> <span class='ocrx_word' id='word_1_38' title='bbox 332 345 392 364; x_wconf 91' lang='lat' dir='ltr'><strong>cum</strong></span> <span class='ocrx_word' id='word_1_39' title='bbox 414 335 531 371; x_wconf 88' lang='lat' dir='ltr'><strong>quadam</strong></span> <span class='ocrx_word' id='word_1_40' title='bbox 549 334 608 361; x_wconf 78' lang='lat' dir='ltr'><strong>falsi</strong></span> <span class='ocrx_word' id='word_1_41' title='bbox 629 333 746 360; x_wconf 84' lang='lat' dir='ltr'><strong>nominis</strong></span> <span class='ocrx_word' id='word_1_42' title='bbox 760 334 917 361; x_wconf 75' lang='lat' dir='ltr'><strong>fortitudine</strong></span> <span class='ocrx_word' id='word_1_43' title='bbox 935 341 978 361; x_wconf 86' lang='lat' dir='ltr'><strong>re-</strong></span> 
     </span>
    </p>
   </div>
   <div class='ocr_carea' id='block_1_9' title="bbox 189 379 978 413">
    <p class='ocr_par' dir='ltr' id='par_1_9' title="bbox 189 379 978 413">
     <span class='ocr_line' id='line_1_9' title="bbox 189 379 978 413; baseline -0.008 -3"><span class='ocrx_word' id='word_1_44' title='bbox 189 383 297 410; x_wconf 69' lang='lat' dir='ltr'><strong>sistere.</strong></span> <span class='ocrx_word' id='word_1_45' title='bbox 317 381 433 409; x_wconf 83' lang='lat' dir='ltr'><strong>Necesse</strong></span> <span class='ocrx_word' id='word_1_46' title='bbox 456 384 544 407; x_wconf 88' lang='lat' dir='ltr'><strong>autem</strong></span> <span class='ocrx_word' id='word_1_47' title='bbox 560 383 602 406; x_wconf 82' lang='lat' dir='ltr'><strong>est</strong></span> <span class='ocrx_word' id='word_1_48' title='bbox 624 383 654 405; x_wconf 94' lang='lat' dir='ltr'><strong>ut</strong></span> <span class='ocrx_word' id='word_1_49' title='bbox 668 386 716 406; x_wconf 91' lang='lat' dir='ltr'><strong>cor</strong></span> <span class='ocrx_word' id='word_1_50' title='bbox 729 379 768 406; x_wconf 88' lang='lat' dir='ltr'><strong>sic</strong></span> <span class='ocrx_word' id='word_1_51' title='bbox 782 384 978 413; x_wconf 85' lang='lat' dir='ltr'><strong>comparatum,</strong></span> 
     </span>
    </p>
   </div>
   <div class='ocr_carea' id='block_1_10' title="bbox 191 423 980 462">
    <p class='ocr_par' dir='ltr' id='par_1_10' title="bbox 191 423 980 462">
     <span class='ocr_line' id='line_1_10' title="bbox 191 423 980 462; baseline -0.008 -8"><span class='ocrx_word' id='word_1_52' title='bbox 191 435 206 454; x_wconf 90' lang='lat' dir='ltr'><strong>a</strong></span> <span class='ocrx_word' id='word_1_53' title='bbox 223 427 342 462; x_wconf 91' lang='lat' dir='ltr'><strong>nequitia</strong></span> <span class='ocrx_word' id='word_1_54' title='bbox 357 433 417 460; x_wconf 70' lang='lat' dir='ltr'><strong>quae</strong></span> <span class='ocrx_word' id='word_1_55' title='bbox 434 429 530 459; x_wconf 86' lang='lat' dir='ltr'><strong>suopte</strong></span> <span class='ocrx_word' id='word_1_56' title='bbox 553 424 633 458; x_wconf 66' lang='lat' dir='ltr'><strong>genio</strong></span> <span class='ocrx_word' id='word_1_57' title='bbox 658 423 784 450; x_wconf 90' lang='lat' dir='ltr'><strong>deorsum</strong></span> <span class='ocrx_word' id='word_1_58' title='bbox 801 423 898 456; x_wconf 70' lang='lat' dir='ltr'><strong>vergit,</strong></span> <span class='ocrx_word' id='word_1_59' title='bbox 924 428 980 449; x_wconf 85' lang='lat' dir='ltr'><strong>tra-</strong></span> 
     </span>
    </p>
   </div>
   <div class='ocr_carea' id='block_1_11' title="bbox 189 468 980 507">
    <p class='ocr_par' dir='ltr' id='par_1_11' title="bbox 189 468 980 507">
     <span class='ocr_line' id='line_1_11' title="bbox 189 468 980 507; baseline -0.008 -7"><span class='ocrx_word' id='word_1_60' title='bbox 189 477 264 500; x_wconf 83' lang='lat' dir='ltr'><strong>ctum</strong></span> <span class='ocrx_word' id='word_1_61' title='bbox 277 476 416 507; x_wconf 79' lang='lat' dir='ltr'><strong>gravetur.</strong></span> <span class='ocrx_word' id='word_1_62' title='bbox 437 469 494 497; x_wconf 87' lang='lat' dir='ltr'><strong>Non</strong></span> <span class='ocrx_word' id='word_1_63' title='bbox 513 475 601 496; x_wconf 81' lang='lat' dir='ltr'><strong>tamen</strong></span> <span class='ocrx_word' id='word_1_64' title='bbox 618 469 674 496; x_wconf 73' lang='lat' dir='ltr'><strong>hmc</strong></span> <span class='ocrx_word' id='word_1_65' title='bbox 689 468 784 496; x_wconf 83' lang='lat' dir='ltr'><strong>eadem</strong></span> <span class='ocrx_word' id='word_1_66' title='bbox 803 468 907 495; x_wconf 80' lang='lat' dir='ltr'><strong>ratione</strong></span> <span class='ocrx_word' id='word_1_67' title='bbox 920 475 980 494; x_wconf 83' lang='lat' dir='ltr'><strong>cor-</strong></span> 
     </span>
    </p>
   </div>
   <div class='ocr_carea' id='block_1_12' title="bbox 191 512 980 551">
    <p class='ocr_par' dir='ltr' id='par_1_12' title="bbox 191 512 980 551">
     <span class='ocr_line' id='line_1_12' title="bbox 191 512 980 551; baseline -0.009 -6"><span class='ocrx_word' id='word_1_68' title='bbox 191 519 217 545; x_wconf 78' lang='lat' dir='ltr'><strong>(li</strong></span> <span class='ocrx_word' id='word_1_69' title='bbox 234 518 373 549; x_wconf 83' lang='lat' dir='ltr'><strong>eveniunt,</strong></span> <span class='ocrx_word' id='word_1_70' title='bbox 392 522 549 551; x_wconf 87' lang='lat' dir='ltr'><strong>quanquam</strong></span> <span class='ocrx_word' id='word_1_71' title='bbox 572 515 618 542; x_wconf 91' lang='lat' dir='ltr'><strong>uni</strong></span> <span class='ocrx_word' id='word_1_72' title='bbox 642 515 784 548; x_wconf 76' lang='lat' dir='ltr'><strong>eidemque</strong></span> <span class='ocrx_word' id='word_1_73' title='bbox 809 513 884 541; x_wconf 88' lang='lat' dir='ltr'><strong>cordi</strong></span> <span class='ocrx_word' id='word_1_74' title='bbox 908 512 980 540; x_wconf 79' lang='lat' dir='ltr'><strong>malo</strong></span> 
     </span>
    </p>
   </div>
   <div class='ocr_carea' id='block_1_13' title="bbox 189 559 978 595">
    <p class='ocr_par' dir='ltr' id='par_1_13' title="bbox 189 559 978 595">
     <span class='ocr_line' id='line_1_13' title="bbox 189 559 978 595; baseline -0.005 -5"><span class='ocrx_word' id='word_1_75' title='bbox 189 563 290 591; x_wconf 82' lang='lat' dir='ltr'><strong>accidit</strong></span> <span class='ocrx_word' id='word_1_76' title='bbox 306 567 336 590; x_wconf 92' lang='lat' dir='ltr'><strong>ut</strong></span> <span class='ocrx_word' id='word_1_77' title='bbox 353 563 501 590; x_wconf 81' lang='lat' dir='ltr'><strong>invalescat</strong></span> <span class='ocrx_word' id='word_1_78' title='bbox 526 565 553 588; x_wconf 87' lang='lat' dir='ltr'><strong>et</strong></span> <span class='ocrx_word' id='word_1_79' title='bbox 578 565 715 595; x_wconf 79' lang='lat' dir='ltr'><strong>gravetur.</strong></span> <span class='ocrx_word' id='word_1_80' title='bbox 733 559 812 591; x_wconf 82' lang='lat' dir='ltr'><strong>Nam,</strong></span> <span class='ocrx_word' id='word_1_81' title='bbox 837 563 866 586; x_wconf 91' lang='lat' dir='ltr'><strong>ut</strong></span> <span class='ocrx_word' id='word_1_82' title='bbox 880 559 978 586; x_wconf 84' lang='lat' dir='ltr'><strong>alicubi</strong></span> 
     </span>
    </p>
   </div>
   <div class='ocr_carea' id='block_1_14' title="bbox 190 604 979 641">
    <p class='ocr_par' dir='ltr' id='par_1_14' title="bbox 190 604 979 641">
     <span class='ocr_line' id='line_1_14' title="bbox 190 604 979 641; baseline -0.008 -5"><span class='ocrx_word' id='word_1_83' title='bbox 190 609 292 636; x_wconf 87' lang='lat' dir='ltr'><strong>dictum</strong></span> <span class='ocrx_word' id='word_1_84' title='bbox 316 614 367 641; x_wconf 85' lang='lat' dir='ltr'><strong>est,</strong></span> <span class='ocrx_word' id='word_1_85' title='bbox 392 615 439 635; x_wconf 91' lang='lat' dir='ltr'><strong>cor</strong></span> <span class='ocrx_word' id='word_1_86' title='bbox 459 607 538 634; x_wconf 89' lang='lat' dir='ltr'><strong>modo</strong></span> <span class='ocrx_word' id='word_1_87' title='bbox 553 606 686 640; x_wconf 82' lang='lat' dir='ltr'><strong>lapideum</strong></span> <span class='ocrx_word' id='word_1_88' title='bbox 711 607 740 632; x_wconf 74' lang='grc' dir='ltr'><strong>ιιι</strong></span> <span class='ocrx_word' id='word_1_89' title='bbox 775 610 803 633; x_wconf 78' lang='lat' dir='ltr'><strong>et</strong></span> <span class='ocrx_word' id='word_1_90' title='bbox 819 604 979 636; x_wconf 77' lang='lat' dir='ltr'><strong>indurescit,</strong></span> 
     </span>
    </p>
   </div>
   <div class='ocr_carea' id='block_1_15' title="bbox 190 650 979 687">
    <p class='ocr_par' dir='ltr' id='par_1_15' title="bbox 190 650 979 687">
     <span class='ocr_line' id='line_1_15' title="bbox 190 650 979 687; baseline -0.006 -5"><span class='ocrx_word' id='word_1_91' title='bbox 190 655 272 682; x_wconf 90' lang='lat' dir='ltr'><strong>modo</strong></span> <span class='ocrx_word' id='word_1_92' title='bbox 287 655 387 682; x_wconf 53' lang='lat' dir='ltr'><strong>divina</strong></span> <span class='ocrx_word' id='word_1_93' title='bbox 403 659 507 681; x_wconf 69' lang='lat' dir='ltr'><strong>natum</strong></span> <span class='ocrx_word' id='word_1_94' title='bbox 519 661 571 681; x_wconf 93' lang='lat' dir='ltr'><strong>non</strong></span> <span class='ocrx_word' id='word_1_95' title='bbox 587 653 658 680; x_wconf 87' lang='lat' dir='ltr'><strong>cedit</strong></span> <span class='ocrx_word' id='word_1_96' title='bbox 672 657 702 680; x_wconf 92' lang='lat' dir='ltr'><strong>ut</strong></span> <span class='ocrx_word' id='word_1_97' title='bbox 717 651 917 687; x_wconf 59' lang='lat' dir='ltr'><strong>prastantiori;</strong></span> <span class='ocrx_word' id='word_1_98' title='bbox 933 650 979 677; x_wconf 80' lang='lat' dir='ltr'><strong>sed</strong></span> 
     </span>
    </p>
   </div>
   <div class='ocr_carea' id='block_1_16' title="bbox 189 697 978 733">
    <p class='ocr_par' dir='ltr' id='par_1_16' title="bbox 189 697 978 733">
     <span class='ocr_line' id='line_1_16' title="bbox 189 697 978 733; baseline -0.006 -5"><span class='ocrx_word' id='word_1_99' title='bbox 189 705 285 728; x_wconf 84' lang='lat' dir='ltr'><strong>cantra</strong></span> <span class='ocrx_word' id='word_1_100' title='bbox 308 700 436 727; x_wconf 86' lang='lat' dir='ltr'><strong>obnitens</strong></span> <span class='ocrx_word' id='word_1_101' title='bbox 452 699 582 727; x_wconf 81' lang='lat' dir='ltr'><strong>adversus</strong></span> <span class='ocrx_word' id='word_1_102' title='bbox 597 697 682 725; x_wconf 84' lang='lat' dir='ltr'><strong>Deum</strong></span> <span class='ocrx_word' id='word_1_103' title='bbox 705 703 826 733; x_wconf 76' lang='lat' dir='ltr'><strong>pugnare</strong></span> <span class='ocrx_word' id='word_1_104' title='bbox 855 701 884 724; x_wconf 88' lang='lat' dir='ltr'><strong>et</strong></span> <span class='ocrx_word' id='word_1_105' title='bbox 901 697 978 723; x_wconf 80' lang='lat' dir='ltr'><strong>inva-</strong></span> 
     </span>
    </p>
   </div>
   <div class='ocr_carea' id='block_1_17' title="bbox 189 745 423 773">
    <p class='ocr_par' dir='ltr' id='par_1_17' title="bbox 189 745 423 773">
     <span class='ocr_line' id='line_1_17' title="bbox 189 745 423 773; baseline -0.004 0"><span class='ocrx_word' id='word_1_106' title='bbox 189 745 296 773; x_wconf 82' lang='lat' dir='ltr'><strong>lesccre</strong></span> <span class='ocrx_word' id='word_1_107' title='bbox 313 746 423 772; x_wconf 88' lang='lat' dir='ltr'><strong>dicitur.</strong></span> 
     </span>
    </p>
   </div>
   <div class='ocr_carea' id='block_1_18' title="bbox 228 787 980 825">
    <p class='ocr_par' dir='ltr' id='par_1_18' title="bbox 228 787 980 825">
     <span class='ocr_line' id='line_1_18' title="bbox 228 787 980 825; baseline -0.004 -8"><span class='ocrx_word' id='word_1_108' title='bbox 228 801 238 817; x_wconf 77' lang='grc' dir='ltr'><strong><em>ο</em></strong></span> <span class='ocrx_word' id='word_1_109' title='bbox 253 792 324 819; x_wconf 86' lang='lat' dir='ltr'><strong>Dixit</strong></span> <span class='ocrx_word' id='word_1_110' title='bbox 339 796 429 818; x_wconf 87' lang='lat' dir='ltr'><strong>autem</strong></span> <span class='ocrx_word' id='word_1_111' title='bbox 447 791 472 818; x_wconf 92' lang='lat' dir='ltr'><strong>ei</strong></span> <span class='ocrx_word' id='word_1_112' title='bbox 489 789 616 825; x_wconf 84' lang='lat' dir='ltr'><strong>Moyses:</strong></span> <span class='ocrx_word' id='word_1_113' title='bbox 633 789 700 817; x_wconf 87' lang='lat' dir='ltr'><strong>Cum</strong></span> <span class='ocrx_word' id='word_1_114' title='bbox 716 795 842 823; x_wconf 78' lang='lat' dir='ltr'><strong>egressus</strong></span> <span class='ocrx_word' id='word_1_115' title='bbox 860 788 934 814; x_wconf 78' lang='lat' dir='ltr'><strong>fuero</strong></span> <span class='ocrx_word' id='word_1_116' title='bbox 947 787 980 814; x_wconf 87' lang='lat' dir='ltr'><strong>de</strong></span> 
     </span>
    </p>
   </div>
   <div class='ocr_carea' id='block_1_19' title="bbox 189 834 979 870">
    <p class='ocr_par' dir='ltr' id='par_1_19' title="bbox 189 834 979 870">
     <span class='ocr_line' id='line_1_19' title="bbox 189 834 979 870; baseline -0.008 -5"><span class='ocrx_word' id='word_1_117' title='bbox 189 837 312 868; x_wconf 82' lang='lat' dir='ltr'><strong>civitate,</strong></span> <span class='ocrx_word' id='word_1_118' title='bbox 339 837 492 870; x_wconf 73' lang='lat' dir='ltr'><strong>expandam</strong></span> <span class='ocrx_word' id='word_1_119' title='bbox 514 843 609 863; x_wconf 86' lang='lat' dir='ltr'><strong>manus</strong></span> <span class='ocrx_word' id='word_1_120' title='bbox 629 842 702 862; x_wconf 87' lang='lat' dir='ltr'><strong>meas</strong></span> <span class='ocrx_word' id='word_1_121' title='bbox 727 834 760 861; x_wconf 83' lang='lat' dir='ltr'><strong>ad</strong></span> <span class='ocrx_word' id='word_1_122' title='bbox 780 834 931 866; x_wconf 83' lang='lat' dir='ltr'><strong>Dominum,</strong></span> <span class='ocrx_word' id='word_1_123' title='bbox 952 837 979 860; x_wconf 89' lang='lat' dir='ltr'><strong>et</strong></span> 
     </span>
    </p>
   </div>
   <div class='ocr_carea' id='block_1_20' title="bbox 190 880 979 916">
    <p class='ocr_par' dir='ltr' id='par_1_20' title="bbox 190 880 979 916">
     <span class='ocr_line' id='line_1_20' title="bbox 190 880 979 916; baseline -0.005 -6"><span class='ocrx_word' id='word_1_124' title='bbox 190 891 272 910; x_wconf 78' lang='lat' dir='ltr'><strong>voces</strong></span> <span class='ocrx_word' id='word_1_125' title='bbox 291 883 449 915; x_wconf 87' lang='lat' dir='ltr'><strong>cessabunt,</strong></span> <span class='ocrx_word' id='word_1_126' title='bbox 477 886 505 909; x_wconf 88' lang='lat' dir='ltr'><strong>et</strong></span> <span class='ocrx_word' id='word_1_127' title='bbox 528 882 641 916; x_wconf 75' lang='lat' dir='ltr'><strong>grando,</strong></span> <span class='ocrx_word' id='word_1_128' title='bbox 668 886 695 909; x_wconf 92' lang='lat' dir='ltr'><strong>et</strong></span> <span class='ocrx_word' id='word_1_129' title='bbox 718 880 806 916; x_wconf 87' lang='lat' dir='ltr'><strong>pluvia</strong></span> <span class='ocrx_word' id='word_1_130' title='bbox 833 880 901 906; x_wconf 88' lang='lat' dir='ltr'><strong>ultra</strong></span> <span class='ocrx_word' id='word_1_131' title='bbox 927 887 979 907; x_wconf 90' lang='lat' dir='ltr'><strong>non</strong></span> 
     </span>
    </p>
   </div>
   <div class='ocr_carea' id='block_1_21' title="bbox 189 926 981 962">
    <p class='ocr_par' dir='ltr' id='par_1_21' title="bbox 189 926 981 962">
     <span class='ocr_line' id='line_1_21' title="bbox 189 926 981 962; baseline -0.009 -5"><span class='ocrx_word' id='word_1_132' title='bbox 189 929 244 957; x_wconf 83' lang='lat' dir='ltr'><strong>erit</strong></span> <span class='ocrx_word' id='word_1_133' title='bbox 254 929 288 955; x_wconf 77' lang='grc'><strong>’⁷.</strong></span> <span class='ocrx_word' id='word_1_134' title='bbox 303 937 312 954; x_wconf 79' lang='grc'>›</span> <span class='ocrx_word' id='word_1_135' title='bbox 332 928 458 956; x_wconf 88' lang='lat' dir='ltr'><strong>Omnium</strong></span> <span class='ocrx_word' id='word_1_136' title='bbox 474 927 546 954; x_wconf 88' lang='lat' dir='ltr'><strong>enim</strong></span> <span class='ocrx_word' id='word_1_137' title='bbox 562 926 653 962; x_wconf 81' lang='lat' dir='ltr'><strong>opifex</strong></span> <span class='ocrx_word' id='word_1_138' title='bbox 669 926 781 962; x_wconf 87' lang='lat' dir='ltr'><strong>imperio</strong></span> <span class='ocrx_word' id='word_1_139' title='bbox 797 929 919 952; x_wconf 81' lang='lat' dir='ltr'><strong>naturam</strong></span> <span class='ocrx_word' id='word_1_140' title='bbox 936 930 981 951; x_wconf 88' lang='lat' dir='ltr'><strong>ce-</strong></span> 
     </span>
    </p>
   </div>
   <div class='ocr_carea' id='block_1_22' title="bbox 190 973 413 1001">
    <p class='ocr_par' dir='ltr' id='par_1_22' title="bbox 190 973 413 1001">
     <span class='ocr_line' id='line_1_22' title="bbox 190 973 413 1001; baseline 0 -1"><span class='ocrx_word' id='word_1_141' title='bbox 190 973 302 1000; x_wconf 85' lang='lat' dir='ltr'><strong>dentem</strong></span> <span class='ocrx_word' id='word_1_142' title='bbox 321 973 413 1001; x_wconf 86' lang='lat' dir='ltr'><strong>habet.</strong></span> 
     </span>
    </p>
   </div>
   <div class='ocr_carea' id='block_1_23' title="bbox 247 1014 979 1053">
    <p class='ocr_par' dir='ltr' id='par_1_23' title="bbox 247 1014 979 1053">
     <span class='ocr_line' id='line_1_23' title="bbox 247 1014 979 1053; baseline -0.005 -9"><span class='ocrx_word' id='word_1_143' title='bbox 247 1018 379 1053; x_wconf 74' lang='lat' dir='ltr'><strong>Ejusdem.</strong></span> <span class='ocrx_word' id='word_1_144' title='bbox 421 1017 627 1046; x_wconf 84' lang='lat' dir='ltr'><strong>Observandum</strong></span> <span class='ocrx_word' id='word_1_145' title='bbox 660 1019 702 1043; x_wconf 83' lang='lat' dir='ltr'><strong>est</strong></span> <span class='ocrx_word' id='word_1_146' title='bbox 720 1022 771 1042; x_wconf 90' lang='lat' dir='ltr'><strong>non</strong></span> <span class='ocrx_word' id='word_1_147' title='bbox 796 1015 887 1042; x_wconf 79' lang='lat' dir='ltr'><strong>omnia</strong></span> <span class='ocrx_word' id='word_1_148' title='bbox 904 1014 979 1050; x_wconf 81' lang='lat' dir='ltr'><strong>Moy-</strong></span> 
     </span>
    </p>
   </div>
   <div class='ocr_carea' id='block_1_24' title="bbox 189 1061 977 1096">
    <p class='ocr_par' dir='ltr' id='par_1_24' title="bbox 189 1061 977 1096">
     <span class='ocr_line' id='line_1_24' title="bbox 189 1061 977 1096; baseline 0.003 -10"><span class='ocrx_word' id='word_1_149' title='bbox 189 1066 246 1086; x_wconf 79' lang='lat' dir='ltr'><strong>sem</strong></span> <span class='ocrx_word' id='word_1_150' title='bbox 261 1062 379 1096; x_wconf 76' lang='lat' dir='ltr'><strong>prodigia</strong></span> <span class='ocrx_word' id='word_1_151' title='bbox 399 1061 492 1089; x_wconf 82' lang='lat' dir='ltr'><strong>facere</strong></span> <span class='ocrx_word' id='word_1_152' title='bbox 504 1062 590 1095; x_wconf 74' lang='lat' dir='ltr'><strong>Virga,</strong></span> <span class='ocrx_word' id='word_1_153' title='bbox 605 1062 652 1087; x_wconf 87' lang='lat' dir='ltr'><strong>sed</strong></span> <span class='ocrx_word' id='word_1_154' title='bbox 665 1065 692 1087; x_wconf 89' lang='lat' dir='ltr'><strong>et</strong></span> <span class='ocrx_word' id='word_1_155' title='bbox 707 1061 831 1087; x_wconf 87' lang='lat' dir='ltr'><strong>manibus</strong></span> <span class='ocrx_word' id='word_1_156' title='bbox 844 1065 871 1087; x_wconf 90' lang='lat' dir='ltr'><strong>et</strong></span> <span class='ocrx_word' id='word_1_157' title='bbox 885 1061 977 1093; x_wconf 87' lang='lat' dir='ltr'><strong>verbo,</strong></span> 
     </span>
    </p>
   </div>
   <div class='ocr_carea' id='block_1_25' title="bbox 191 1104 979 1141">
    <p class='ocr_par' dir='ltr' id='par_1_25' title="bbox 191 1104 979 1141">
     <span class='ocr_line' id='line_1_25' title="bbox 191 1104 979 1141; baseline 0.003 -10"><span class='ocrx_word' id='word_1_158' title='bbox 191 1112 225 1131; x_wconf 88' lang='lat' dir='ltr'><strong>ne</strong></span> <span class='ocrx_word' id='word_1_159' title='bbox 250 1105 331 1140; x_wconf 69' lang='lat' dir='ltr'><strong>virga:</strong></span> <span class='ocrx_word' id='word_1_160' title='bbox 355 1106 407 1133; x_wconf 86' lang='lat' dir='ltr'><strong>vim</strong></span> <span class='ocrx_word' id='word_1_161' title='bbox 434 1106 547 1141; x_wconf 73' lang='lat' dir='ltr'><strong>magicis</strong></span> <span class='ocrx_word' id='word_1_162' title='bbox 564 1104 710 1140; x_wconf 66' lang='lat' dir='ltr'><strong>praestigiis</strong></span> <span class='ocrx_word' id='word_1_163' title='bbox 731 1105 839 1140; x_wconf 88' lang='lat' dir='ltr'><strong>plurimi</strong></span> <span class='ocrx_word' id='word_1_164' title='bbox 858 1106 979 1133; x_wconf 87' lang='lat' dir='ltr'><strong>ascribe-</strong></span> 
     </span>
    </p>
   </div>
   <div class='ocr_carea' id='block_1_26' title="bbox 189 1155 259 1177">
    <p class='ocr_par' dir='ltr' id='par_1_26' title="bbox 189 1155 259 1177">
     <span class='ocr_line' id='line_1_26' title="bbox 189 1155 259 1177; baseline 0 0"><span class='ocrx_word' id='word_1_165' title='bbox 189 1155 259 1177; x_wconf 87' lang='lat' dir='ltr'><strong>rent.</strong></span> 
     </span>
    </p>
   </div>
   <div class='ocr_carea' id='block_1_27' title="bbox 226 1193 979 1230">
    <p class='ocr_par' dir='ltr' id='par_1_27' title="bbox 226 1193 979 1230">
     <span class='ocr_line' id='line_1_27' title="bbox 226 1193 979 1230; baseline 0.001 -10"><span class='ocrx_word' id='word_1_166' title='bbox 226 1204 234 1220; x_wconf 78' lang='grc' dir='ltr'><strong>ι</strong></span> <span class='ocrx_word' id='word_1_167' title='bbox 249 1195 337 1222; x_wconf 75' lang='lat' dir='ltr'><strong>Tollnt</strong></span> <span class='ocrx_word' id='word_1_168' title='bbox 363 1195 552 1230; x_wconf 89' lang='lat' dir='ltr'><strong>unusquisque</strong></span> <span class='ocrx_word' id='word_1_169' title='bbox 580 1201 656 1221; x_wconf 88' lang='lat' dir='ltr'><strong>ovem</strong></span> <span class='ocrx_word' id='word_1_170' title='bbox 682 1201 729 1228; x_wconf 86' lang='lat' dir='ltr'><strong>per</strong></span> <span class='ocrx_word' id='word_1_171' title='bbox 745 1193 841 1221; x_wconf 85' lang='lat' dir='ltr'><strong>domos</strong></span> <span class='ocrx_word' id='word_1_172' title='bbox 862 1194 979 1222; x_wconf 72' lang='lat' dir='ltr'><strong>familia-</strong></span> 
     </span>
    </p>
   </div>
   <div class='ocr_carea' id='block_1_28' title="bbox 191 1240 979 1274">
    <p class='ocr_par' dir='ltr' id='par_1_28' title="bbox 191 1240 979 1274">
     <span class='ocr_line' id='line_1_28' title="bbox 191 1240 979 1274; baseline 0.001 -7"><span class='ocrx_word' id='word_1_173' title='bbox 191 1248 251 1268; x_wconf 91' lang='lat' dir='ltr'><strong>rum</strong></span> <span class='ocrx_word' id='word_1_174' title='bbox 262 1241 297 1272; x_wconf 81' lang='lat'><strong>”,</strong></span> <span class='ocrx_word' id='word_1_175' title='bbox 310 1250 319 1266; x_wconf 70' lang='grc' dir='ltr'><strong>ι</strong></span> <span class='ocrx_word' id='word_1_176' title='bbox 344 1245 398 1268; x_wconf 88' lang='lat' dir='ltr'><strong>etc.</strong></span> <span class='ocrx_word' id='word_1_177' title='bbox 419 1241 440 1267; x_wconf 81' lang='grc' dir='ltr'><strong>Α</strong></span> <span class='ocrx_word' id='word_1_178' title='bbox 458 1241 564 1267; x_wconf 87' lang='lat' dir='ltr'><strong>decimo</strong></span> <span class='ocrx_word' id='word_1_179' title='bbox 576 1240 653 1274; x_wconf 86' lang='lat' dir='ltr'><strong>jubet</strong></span> <span class='ocrx_word' id='word_1_180' title='bbox 669 1246 746 1266; x_wconf 88' lang='lat' dir='ltr'><strong>ovem</strong></span> <span class='ocrx_word' id='word_1_181' title='bbox 762 1247 882 1272; x_wconf 80' lang='lat' dir='ltr'><strong>sumere,</strong></span> <span class='ocrx_word' id='word_1_182' title='bbox 898 1246 979 1274; x_wconf 84' lang='lat' dir='ltr'><strong>atque</strong></span> 
     </span>
    </p>
   </div>
   <div class='ocr_carea' id='block_1_29' title="bbox 190 1284 980 1320">
    <p class='ocr_par' dir='ltr' id='par_1_29' title="bbox 190 1284 980 1320">
     <span class='ocr_line' id='line_1_29' title="bbox 190 1284 980 1320; baseline -0.001 -8"><span class='ocrx_word' id='word_1_183' title='bbox 190 1286 224 1313; x_wconf 83' lang='lat' dir='ltr'><strong>ad</strong></span> <span class='ocrx_word' id='word_1_184' title='bbox 241 1290 367 1319; x_wconf 89' lang='lat' dir='ltr'><strong>quartum</strong></span> <span class='ocrx_word' id='word_1_185' title='bbox 387 1285 520 1312; x_wconf 88' lang='lat' dir='ltr'><strong>decimum</strong></span> <span class='ocrx_word' id='word_1_186' title='bbox 545 1292 632 1318; x_wconf 88' lang='lat' dir='ltr'><strong>usque</strong></span> <span class='ocrx_word' id='word_1_187' title='bbox 650 1284 721 1311; x_wconf 86' lang='lat' dir='ltr'><strong>diem</strong></span> <span class='ocrx_word' id='word_1_188' title='bbox 737 1284 820 1316; x_wconf 84' lang='lat' dir='ltr'><strong>alere,</strong></span> <span class='ocrx_word' id='word_1_189' title='bbox 837 1285 915 1320; x_wconf 69' lang='lat'><strong>122</strong></span> <span class='ocrx_word' id='word_1_190' title='bbox 931 1293 980 1311; x_wconf 80' lang='lat' dir='ltr'><strong>no-</strong></span> 
     </span>
    </p>
   </div>
   <div class='ocr_carea' id='block_1_30' title="bbox 187 1329 978 1365">
    <p class='ocr_par' dir='ltr' id='par_1_30' title="bbox 187 1329 978 1365">
     <span class='ocr_line' id='line_1_30' title="bbox 187 1329 978 1365; baseline 0 -7"><span class='ocrx_word' id='word_1_191' title='bbox 187 1338 304 1365; x_wconf 88' lang='lat' dir='ltr'><strong>menque</strong></span> <span class='ocrx_word' id='word_1_192' title='bbox 320 1331 469 1365; x_wconf 85' lang='lat' dir='ltr'><strong>imponere,</strong></span> <span class='ocrx_word' id='word_1_193' title='bbox 488 1330 602 1357; x_wconf 85' lang='lat' dir='ltr'><strong>dicendo</strong></span> <span class='ocrx_word' id='word_1_194' title='bbox 619 1339 626 1357; x_wconf 91' lang='lat'>:</span> <span class='ocrx_word' id='word_1_195' title='bbox 642 1329 706 1358; x_wconf 87' lang='lat' dir='ltr'><strong>Ovis</strong></span> <span class='ocrx_word' id='word_1_196' title='bbox 726 1330 771 1358; x_wconf 90' lang='lat' dir='ltr'><strong>hic</strong></span> <span class='ocrx_word' id='word_1_197' title='bbox 788 1331 821 1357; x_wconf 86' lang='lat' dir='ltr'><strong>ad</strong></span> <span class='ocrx_word' id='word_1_198' title='bbox 838 1331 890 1358; x_wconf 90' lang='lat' dir='ltr'><strong>hoc</strong></span> <span class='ocrx_word' id='word_1_199' title='bbox 905 1337 932 1358; x_wconf 92' lang='lat' dir='ltr'><strong>et</strong></span> <span class='ocrx_word' id='word_1_200' title='bbox 945 1332 978 1358; x_wconf 84' lang='lat' dir='ltr'><strong>ad</strong></span> 
     </span>
    </p>
   </div>
   <div class='ocr_carea' id='block_1_31' title="bbox 187 1375 977 1407">
    <p class='ocr_par' dir='ltr' id='par_1_31' title="bbox 187 1375 977 1407">
     <span class='ocr_line' id='line_1_31' title="bbox 187 1375 977 1407; baseline 0 -3"><span class='ocrx_word' id='word_1_201' title='bbox 187 1376 252 1404; x_wconf 90' lang='lat' dir='ltr'><strong>illud</strong></span> <span class='ocrx_word' id='word_1_202' title='bbox 269 1376 438 1407; x_wconf 84' lang='lat' dir='ltr'><strong>immolatur;</strong></span> <span class='ocrx_word' id='word_1_203' title='bbox 463 1376 500 1402; x_wconf 93' lang='lat' dir='ltr'><strong>ita</strong></span> <span class='ocrx_word' id='word_1_204' title='bbox 519 1380 548 1402; x_wconf 89' lang='lat' dir='ltr'><strong>ut</strong></span> <span class='ocrx_word' id='word_1_205' title='bbox 563 1375 601 1402; x_wconf 89' lang='lat' dir='ltr'><strong>illi</strong></span> <span class='ocrx_word' id='word_1_206' title='bbox 621 1376 714 1403; x_wconf 89' lang='lat' dir='ltr'><strong>decem</strong></span> <span class='ocrx_word' id='word_1_207' title='bbox 733 1377 841 1403; x_wconf 85' lang='lat' dir='ltr'><strong>nomina</strong></span> <span class='ocrx_word' id='word_1_208' title='bbox 857 1384 909 1404; x_wconf 89' lang='lat' dir='ltr'><strong>non</strong></span> <span class='ocrx_word' id='word_1_209' title='bbox 929 1384 977 1404; x_wconf 92' lang='lat' dir='ltr'><strong>su-</strong></span> 
     </span>
    </p>
   </div>
   <div class='ocr_carea' id='block_1_32' title="bbox 188 1421 978 1458">
    <p class='ocr_par' dir='ltr' id='par_1_32' title="bbox 188 1421 978 1458">
     <span class='ocr_line' id='line_1_32' title="bbox 188 1421 978 1458; baseline 0 -8"><span class='ocrx_word' id='word_1_210' title='bbox 188 1427 296 1458; x_wconf 86' lang='lat' dir='ltr'><strong>perent.</strong></span> <span class='ocrx_word' id='word_1_211' title='bbox 318 1422 476 1449; x_wconf 81' lang='lat' dir='ltr'><strong>Immolatur</strong></span> <span class='ocrx_word' id='word_1_212' title='bbox 492 1427 582 1449; x_wconf 81' lang='lat' dir='ltr'><strong>autem</strong></span> <span class='ocrx_word' id='word_1_213' title='bbox 600 1421 662 1448; x_wconf 83' lang='lat' dir='ltr'><strong>luna</strong></span> <span class='ocrx_word' id='word_1_214' title='bbox 676 1427 773 1457; x_wconf 86' lang='lat' dir='ltr'><strong>quarta</strong></span> <span class='ocrx_word' id='word_1_215' title='bbox 790 1423 893 1450; x_wconf 88' lang='lat' dir='ltr'><strong>decima</strong></span> <span class='ocrx_word' id='word_1_216' title='bbox 908 1423 978 1450; x_wconf 88' lang='lat' dir='ltr'><strong>inter</strong></span> 
     </span>
    </p>
   </div>
   <div class='ocr_carea' id='block_1_33' title="bbox 189 1468 977 1503">
    <p class='ocr_par' dir='ltr' id='par_1_33' title="bbox 189 1468 977 1503">
     <span class='ocr_line' id='line_1_33' title="bbox 189 1468 977 1503; baseline 0 -7"><span class='ocrx_word' id='word_1_217' title='bbox 189 1469 293 1496; x_wconf 77' lang='lat' dir='ltr'><strong>medius</strong></span> <span class='ocrx_word' id='word_1_218' title='bbox 308 1476 444 1502; x_wconf 83' lang='lat' dir='ltr'><strong>vesperas,</strong></span> <span class='ocrx_word' id='word_1_219' title='bbox 460 1468 603 1496; x_wconf 84' lang='lat' dir='ltr'><strong>inchoante</strong></span> <span class='ocrx_word' id='word_1_220' title='bbox 619 1471 712 1503; x_wconf 86' lang='lat' dir='ltr'><strong>quinta</strong></span> <span class='ocrx_word' id='word_1_221' title='bbox 727 1469 844 1501; x_wconf 83' lang='lat' dir='ltr'><strong>decima,</strong></span> <span class='ocrx_word' id='word_1_222' title='bbox 861 1474 889 1496; x_wconf 92' lang='lat' dir='ltr'><strong>ut</strong></span> <span class='ocrx_word' id='word_1_223' title='bbox 904 1477 917 1496; x_wconf 81' lang='lat' dir='ltr'><strong>a</strong></span> <span class='ocrx_word' id='word_1_224' title='bbox 934 1470 977 1496; x_wconf 82' lang='lat' dir='ltr'><strong>die</strong></span> 
     </span>
    </p>
   </div>
   <div class='ocr_carea' id='block_1_34' title="bbox 1029 226 1819 267">
    <p class='ocr_par' dir='ltr' id='par_1_34' title="bbox 1029 226 1819 267">
     <span class='ocr_line' id='line_1_34' title="bbox 1029 226 1819 267; baseline -0.008 -7"><span class='ocrx_word' id='word_1_225' title='bbox 1029 232 1223 267; x_wconf 75' lang='grc' dir='ltr'>ὲναντιουμένη</span> <span class='ocrx_word' id='word_1_226' title='bbox 1239 230 1279 266; x_wconf 85' lang='grc' dir='ltr'>τῷ</span> <span class='ocrx_word' id='word_1_227' title='bbox 1294 229 1357 264; x_wconf 84' lang='grc' dir='ltr'><strong>θείῳ</strong></span> <span class='ocrx_word' id='word_1_228' title='bbox 1380 229 1540 265; x_wconf 79' lang='grc' dir='ltr'><strong>βουλήματι,</strong></span> <span class='ocrx_word' id='word_1_229' title='bbox 1560 226 1760 262; x_wconf 81' lang='grc' dir='ltr'>σκληρύνεσθαι</span> <span class='ocrx_word' id='word_1_230' title='bbox 1773 227 1819 254; x_wconf 78' lang='grc' dir='ltr'>καὶ</span> 
     </span>
    </p>
   </div>
   <div class='ocr_carea' id='block_1_35' title="bbox 1028 272 1818 312">
    <p class='ocr_par' dir='ltr' id='par_1_35' title="bbox 1028 272 1818 312">
     <span class='ocr_line' id='line_1_35' title="bbox 1028 272 1818 312; baseline -0.011 -6"><span class='ocrx_word' id='word_1_231' title='bbox 1028 279 1184 306; x_wconf 76' lang='grc' dir='ltr'>ἀντιτυπεϊν</span> <span class='ocrx_word' id='word_1_232' title='bbox 1198 277 1275 312; x_wconf 87' lang='grc' dir='ltr'>δίκην</span> <span class='ocrx_word' id='word_1_233' title='bbox 1289 275 1372 307; x_wconf 88' lang='grc' dir='ltr'>λίθου,</span> <span class='ocrx_word' id='word_1_234' title='bbox 1387 274 1435 301; x_wconf 83' lang='grc' dir='ltr'>καὶ</span> <span class='ocrx_word' id='word_1_235' title='bbox 1456 272 1655 308; x_wconf 76' lang='grc' dir='ltr'><strong>ἀποκρούεσθαι</strong></span> <span class='ocrx_word' id='word_1_236' title='bbox 1667 272 1712 298; x_wconf 73' lang='grc' dir='ltr'>τὸν</span> <span class='ocrx_word' id='word_1_237' title='bbox 1729 272 1818 306; x_wconf 83' lang='grc' dir='ltr'>λόγον,</span> 
     </span>
    </p>
   </div>
   <div class='ocr_carea' id='block_1_36' title="bbox 1029 317 1865 354">
    <p class='ocr_par' dir='ltr' id='par_1_36' title="bbox 1029 317 1865 354">
     <span class='ocr_line' id='line_1_36' title="bbox 1029 317 1865 354; baseline -0.011 -2"><span class='ocrx_word' id='word_1_238' title='bbox 1029 325 1076 352; x_wconf 71' lang='grc' dir='ltr'>καὶ</span> <span class='ocrx_word' id='word_1_239' title='bbox 1101 324 1162 351; x_wconf 80' lang='grc' dir='ltr'>κατ’</span> <span class='ocrx_word' id='word_1_240' title='bbox 1178 323 1305 350; x_wconf 77' lang='grc' dir='ltr'><strong>ἀπόνοιαν</strong></span> <span class='ocrx_word' id='word_1_241' title='bbox 1321 319 1494 348; x_wconf 77' lang='grc' dir='ltr'>ἀνθίστασθαι</span> <span class='ocrx_word' id='word_1_242' title='bbox 1513 319 1582 354; x_wconf 84' lang='grc' dir='ltr'>μετά</span> <span class='ocrx_word' id='word_1_243' title='bbox 1599 326 1670 349; x_wconf 88' lang='grc' dir='ltr'>τινος</span> <span class='ocrx_word' id='word_1_244' title='bbox 1684 317 1819 352; x_wconf 70' lang='grc' dir='ltr'>ψευδωνύ-</span> <span class='ocrx_word' id='word_1_245' title='bbox 1861 325 1865 328; x_wconf 75' lang='grc'><em>”</em></span> 
     </span>
    </p>
   </div>
   <div class='ocr_carea' id='block_1_37' title="bbox 1030 363 1819 405">
    <p class='ocr_par' dir='ltr' id='par_1_37' title="bbox 1030 363 1819 405">
     <span class='ocr_line' id='line_1_37' title="bbox 1030 363 1819 405; baseline -0.009 -9"><span class='ocrx_word' id='word_1_246' title='bbox 1030 378 1081 405; x_wconf 89' lang='grc' dir='ltr'><strong>μου</strong></span> <span class='ocrx_word' id='word_1_247' title='bbox 1097 369 1198 404; x_wconf 73' lang='grc' dir='ltr'>ἰσχύος.</span> <span class='ocrx_word' id='word_1_248' title='bbox 1217 367 1334 401; x_wconf 77' lang='grc' dir='ltr'>Ἀνάγκη</span> <span class='ocrx_word' id='word_1_249' title='bbox 1349 365 1377 392; x_wconf 85' lang='grc' dir='ltr'><strong>δὲ</strong></span> <span class='ocrx_word' id='word_1_250' title='bbox 1392 364 1440 400; x_wconf 83' lang='grc' dir='ltr'><strong>τὴν</strong></span> <span class='ocrx_word' id='word_1_251' title='bbox 1455 363 1582 399; x_wconf 80' lang='grc' dir='ltr'><strong>τοιαύτην</strong></span> <span class='ocrx_word' id='word_1_252' title='bbox 1597 363 1709 398; x_wconf 84' lang='grc' dir='ltr'><strong>καρδίαν</strong></span> <span class='ocrx_word' id='word_1_253' title='bbox 1725 363 1819 390; x_wconf 84' lang='grc' dir='ltr'>καθελ-</span> 
     </span>
    </p>
   </div>
   <div class='ocr_carea' id='block_1_38' title="bbox 1029 408 1819 451">
    <p class='ocr_par' dir='ltr' id='par_1_38' title="bbox 1029 408 1819 451">
     <span class='ocr_line' id='line_1_38' title="bbox 1029 408 1819 451; baseline -0.011 -8"><span class='ocrx_word' id='word_1_254' title='bbox 1029 415 1147 451; x_wconf 83' lang='grc' dir='ltr'>κομένην</span> <span class='ocrx_word' id='word_1_255' title='bbox 1169 414 1221 441; x_wconf 73' lang='grc' dir='ltr'>ὑπὸ</span> <span class='ocrx_word' id='word_1_256' title='bbox 1235 413 1286 448; x_wconf 84' lang='grc' dir='ltr'>τῆς</span> <span class='ocrx_word' id='word_1_257' title='bbox 1310 412 1408 443; x_wconf 86' lang='grc' dir='ltr'>κακίας</span> <span class='ocrx_word' id='word_1_258' title='bbox 1423 410 1506 446; x_wconf 80' lang='grc' dir='ltr'><strong>οὔσης</strong></span> <span class='ocrx_word' id='word_1_259' title='bbox 1534 408 1720 444; x_wconf 70' lang='grc' dir='ltr'>κατωφεροὶς,</span> <span class='ocrx_word' id='word_1_260' title='bbox 1737 409 1819 444; x_wconf 84' lang='grc' dir='ltr'>βαρύ-</span> 
     </span>
    </p>
   </div>
   <div class='ocr_carea' id='block_1_39' title="bbox 1028 454 1818 496">
    <p class='ocr_par' dir='ltr' id='par_1_39' title="bbox 1028 454 1818 496">
     <span class='ocr_line' id='line_1_39' title="bbox 1028 454 1818 496; baseline -0.011 -7"><span class='ocrx_word' id='word_1_261' title='bbox 1028 462 1131 489; x_wconf 88' lang='grc' dir='ltr'>νεσθαι.</span> <span class='ocrx_word' id='word_1_262' title='bbox 1159 461 1196 487; x_wconf 84' lang='grc' dir='ltr'><strong>Οὐ</strong></span> <span class='ocrx_word' id='word_1_263' title='bbox 1216 459 1268 496; x_wconf 83' lang='grc' dir='ltr'><strong>μὴν</strong></span> <span class='ocrx_word' id='word_1_264' title='bbox 1282 458 1353 486; x_wconf 74' lang='grc' dir='ltr'>κατὰ</span> <span class='ocrx_word' id='word_1_265' title='bbox 1376 457 1425 493; x_wconf 82' lang='grc' dir='ltr'>τὴν</span> <span class='ocrx_word' id='word_1_266' title='bbox 1439 457 1524 492; x_wconf 80' lang='grc' dir='ltr'>αὐτὴν</span> <span class='ocrx_word' id='word_1_267' title='bbox 1546 456 1666 482; x_wconf 80' lang='grc' dir='ltr'>διάνοιαν</span> <span class='ocrx_word' id='word_1_268' title='bbox 1679 454 1769 482; x_wconf 79' lang='grc' dir='ltr'>ταῦτα</span> <span class='ocrx_word' id='word_1_269' title='bbox 1786 456 1818 490; x_wconf 79' lang='grc' dir='ltr'>τῇ</span> 
     </span>
    </p>
   </div>
   <div class='ocr_carea' id='block_1_40' title="bbox 1029 500 1819 544">
    <p class='ocr_par' dir='ltr' id='par_1_40' title="bbox 1029 500 1819 544">
     <span class='ocr_line' id='line_1_40' title="bbox 1029 500 1819 544; baseline -0.013 -9"><span class='ocrx_word' id='word_1_270' title='bbox 1029 509 1128 544; x_wconf 68' lang='grc' dir='ltr'>καρδίᾳ</span> <span class='ocrx_word' id='word_1_271' title='bbox 1153 507 1306 542; x_wconf 86' lang='grc' dir='ltr'>συμϐαίνει,</span> <span class='ocrx_word' id='word_1_272' title='bbox 1334 506 1358 532; x_wconf 84' lang='grc' dir='ltr'><strong>εί</strong></span> <span class='ocrx_word' id='word_1_273' title='bbox 1383 504 1430 531; x_wconf 80' lang='grc' dir='ltr'>καὶ</span> <span class='ocrx_word' id='word_1_274' title='bbox 1446 503 1495 538; x_wconf 83' lang='grc' dir='ltr'><strong>μιᾷ</strong></span> <span class='ocrx_word' id='word_1_275' title='bbox 1508 502 1555 529; x_wconf 73' lang='grc' dir='ltr'>καὶ</span> <span class='ocrx_word' id='word_1_276' title='bbox 1574 503 1607 537; x_wconf 83' lang='grc' dir='ltr'>τῇ</span> <span class='ocrx_word' id='word_1_277' title='bbox 1628 501 1697 536; x_wconf 83' lang='grc' dir='ltr'>αὐτῇ</span> <span class='ocrx_word' id='word_1_278' title='bbox 1716 500 1819 535; x_wconf 71' lang='grc' dir='ltr'>συμϐέ-</span> 
     </span>
    </p>
   </div>
   <div class='ocr_carea' id='block_1_41' title="bbox 1029 544 1818 590">
    <p class='ocr_par' dir='ltr' id='par_1_41' title="bbox 1029 544 1818 590">
     <span class='ocr_line' id='line_1_41' title="bbox 1029 544 1818 590; baseline -0.01 -10"><span class='ocrx_word' id='word_1_279' title='bbox 1029 554 1097 590; x_wconf 76' lang='grc' dir='ltr'>ϐηκε</span> <span class='ocrx_word' id='word_1_280' title='bbox 1121 552 1211 587; x_wconf 82' lang='grc' dir='ltr'>φαύλῃ</span> <span class='ocrx_word' id='word_1_281' title='bbox 1227 551 1295 587; x_wconf 71' lang='grc' dir='ltr'>οὔσῃ</span> <span class='ocrx_word' id='word_1_282' title='bbox 1311 550 1342 576; x_wconf 85' lang='grc' dir='ltr'>τὸ</span> <span class='ocrx_word' id='word_1_283' title='bbox 1362 548 1516 584; x_wconf 82' lang='grc' dir='ltr'><strong>κατισχύειν</strong></span> <span class='ocrx_word' id='word_1_284' title='bbox 1533 547 1579 574; x_wconf 75' lang='grc' dir='ltr'>καὶ</span> <span class='ocrx_word' id='word_1_285' title='bbox 1599 546 1628 573; x_wconf 84' lang='grc' dir='ltr'>τὸ</span> <span class='ocrx_word' id='word_1_286' title='bbox 1644 544 1818 581; x_wconf 80' lang='grc' dir='ltr'>βαρύνεσθαι.</span> 
     </span>
    </p>
   </div>
   <div class='ocr_carea' id='block_1_42' title="bbox 1035 591 1819 634">
    <p class='ocr_par' dir='ltr' id='par_1_42' title="bbox 1035 591 1819 634">
     <span class='ocr_line' id='line_1_42' title="bbox 1035 591 1819 634; baseline -0.013 -8"><span class='ocrx_word' id='word_1_287' title='bbox 1035 600 1067 626; x_wconf 86' lang='lat' dir='ltr'><strong>&#39;H</strong></span> <span class='ocrx_word' id='word_1_288' title='bbox 1085 599 1134 634; x_wconf 86' lang='grc' dir='ltr'>μὲν</span> <span class='ocrx_word' id='word_1_289' title='bbox 1148 598 1212 634; x_wconf 79' lang='grc' dir='ltr'>γὰρ,</span> <span class='ocrx_word' id='word_1_290' title='bbox 1235 596 1273 628; x_wconf 84' lang='grc' dir='ltr'>ὡς</span> <span class='ocrx_word' id='word_1_291' title='bbox 1289 595 1395 631; x_wconf 78' lang='grc' dir='ltr'>εἴρηταί</span> <span class='ocrx_word' id='word_1_292' title='bbox 1408 603 1471 625; x_wconf 86' lang='grc' dir='ltr'>που,</span> <span class='ocrx_word' id='word_1_293' title='bbox 1486 593 1573 628; x_wconf 84' lang='grc' dir='ltr'><strong>λιθίνη</strong></span> <span class='ocrx_word' id='word_1_294' title='bbox 1594 592 1699 626; x_wconf 85' lang='grc' dir='ltr'>γίνεται</span> <span class='ocrx_word' id='word_1_295' title='bbox 1720 591 1737 625; x_wconf 85' lang='grc' dir='ltr'><strong>ή</strong></span> <span class='ocrx_word' id='word_1_296' title='bbox 1753 599 1819 626; x_wconf 75' lang='grc' dir='ltr'>καρ-</span> 
     </span>
    </p>
   </div>
   <div class='ocr_carea' id='block_1_43' title="bbox 1029 636 1819 678">
    <p class='ocr_par' dir='ltr' id='par_1_43' title="bbox 1029 636 1819 678">
     <span class='ocr_line' id='line_1_43' title="bbox 1029 636 1819 678; baseline -0.013 -7"><span class='ocrx_word' id='word_1_297' title='bbox 1029 644 1074 670; x_wconf 85' lang='grc' dir='ltr'><strong>δία</strong></span> <span class='ocrx_word' id='word_1_298' title='bbox 1089 643 1136 670; x_wconf 79' lang='grc' dir='ltr'>καὶ</span> <span class='ocrx_word' id='word_1_299' title='bbox 1151 642 1330 678; x_wconf 77' lang='grc' dir='ltr'>σκληρύνεται</span> <span class='ocrx_word' id='word_1_300' title='bbox 1340 649 1347 656; x_wconf 69' lang='grc'>⁸</span> <span class='ocrx_word' id='word_1_301' title='bbox 1364 641 1381 676; x_wconf 82' lang='grc' dir='ltr'>ἡ</span> <span class='ocrx_word' id='word_1_302' title='bbox 1396 639 1424 666; x_wconf 82' lang='grc' dir='ltr'><strong>δὲ</strong></span> <span class='ocrx_word' id='word_1_303' title='bbox 1437 639 1467 666; x_wconf 83' lang='grc' dir='ltr'><strong>οὺ</strong></span> <span class='ocrx_word' id='word_1_304' title='bbox 1491 639 1651 674; x_wconf 85' lang='grc' dir='ltr'>παραχωρεί</span> <span class='ocrx_word' id='word_1_305' title='bbox 1674 637 1713 668; x_wconf 82' lang='grc' dir='ltr'>ὡς</span> <span class='ocrx_word' id='word_1_306' title='bbox 1730 636 1819 671; x_wconf 82' lang='grc' dir='ltr'>κρείτ-</span> 
     </span>
    </p>
   </div>
   <div class='ocr_carea' id='block_1_44' title="bbox 1028 683 1819 724">
    <p class='ocr_par' dir='ltr' id='par_1_44' title="bbox 1028 683 1819 724">
     <span class='ocr_line' id='line_1_44' title="bbox 1028 683 1819 724; baseline -0.01 -8"><span class='ocrx_word' id='word_1_307' title='bbox 1028 698 1086 716; x_wconf 81' lang='grc' dir='ltr'>τονι</span> <span class='ocrx_word' id='word_1_308' title='bbox 1102 690 1135 724; x_wconf 83' lang='grc' dir='ltr'>τῇ</span> <span class='ocrx_word' id='word_1_309' title='bbox 1157 688 1217 723; x_wconf 83' lang='grc' dir='ltr'>θείᾳ</span> <span class='ocrx_word' id='word_1_310' title='bbox 1233 686 1328 722; x_wconf 78' lang='grc' dir='ltr'>φύσει·</span> <span class='ocrx_word' id='word_1_311' title='bbox 1346 684 1413 712; x_wconf 77' lang='grc' dir='ltr'>ἀλλὰ</span> <span class='ocrx_word' id='word_1_312' title='bbox 1435 684 1577 719; x_wconf 80' lang='grc' dir='ltr'><strong>θεομαχεῖν</strong></span> <span class='ocrx_word' id='word_1_313' title='bbox 1605 683 1736 718; x_wconf 77' lang='grc' dir='ltr'>ἱσταμένη</span> <span class='ocrx_word' id='word_1_314' title='bbox 1759 683 1819 709; x_wconf 80' lang='grc' dir='ltr'>κατ’</span> 
     </span>
    </p>
   </div>
   <div class='ocr_carea' id='block_1_45' title="bbox 1029 732 1442 770">
    <p class='ocr_par' dir='ltr' id='par_1_45' title="bbox 1029 732 1442 770">
     <span class='ocr_line' id='line_1_45' title="bbox 1029 732 1442 770; baseline -0.012 -8"><span class='ocrx_word' id='word_1_315' title='bbox 1029 735 1114 770; x_wconf 84' lang='grc' dir='ltr'>αὐτῆς</span> <span class='ocrx_word' id='word_1_316' title='bbox 1132 735 1180 761; x_wconf 80' lang='grc' dir='ltr'>καὶ</span> <span class='ocrx_word' id='word_1_317' title='bbox 1196 733 1297 768; x_wconf 76' lang='grc' dir='ltr'><strong>ἰσχύειν</strong></span> <span class='ocrx_word' id='word_1_318' title='bbox 1311 732 1442 766; x_wconf 60' lang='grc' dir='ltr'>λέγεταιν</span> 
     </span>
    </p>
   </div>
   <div class='ocr_carea' id='block_1_46' title="bbox 1067 771 1820 814">
    <p class='ocr_par' dir='ltr' id='par_1_46' title="bbox 1067 771 1820 814">
     <span class='ocr_line' id='line_1_46' title="bbox 1067 771 1820 814; baseline -0.013 -7"><span class='ocrx_word' id='word_1_319' title='bbox 1067 790 1076 806; x_wconf 72' lang='grc' dir='ltr'><strong>ε</strong></span> <span class='ocrx_word' id='word_1_320' title='bbox 1090 778 1158 807; x_wconf 80' lang='grc' dir='ltr'>Είπε</span> <span class='ocrx_word' id='word_1_321' title='bbox 1174 780 1202 806; x_wconf 79' lang='grc' dir='ltr'><strong>δὲ</strong></span> <span class='ocrx_word' id='word_1_322' title='bbox 1217 779 1291 814; x_wconf 84' lang='grc' dir='ltr'><strong>αὐτῷ</strong></span> <span class='ocrx_word' id='word_1_323' title='bbox 1306 777 1437 812; x_wconf 83' lang='grc' dir='ltr'>Μωῡσῆς,</span> <span class='ocrx_word' id='word_1_324' title='bbox 1453 775 1497 806; x_wconf 84' lang='grc' dir='ltr'>Ὠς</span> <span class='ocrx_word' id='word_1_325' title='bbox 1507 773 1540 801; x_wconf 80' lang='grc' dir='ltr'>ἂν</span> <span class='ocrx_word' id='word_1_326' title='bbox 1553 771 1654 804; x_wconf 71' lang='grc' dir='ltr'>ἐξέλθω</span> <span class='ocrx_word' id='word_1_327' title='bbox 1666 772 1715 808; x_wconf 79' lang='grc' dir='ltr'>τὴν</span> <span class='ocrx_word' id='word_1_328' title='bbox 1730 772 1820 805; x_wconf 77' lang='grc' dir='ltr'>πόλιν,</span> 
     </span>
    </p>
   </div>
   <div class='ocr_carea' id='block_1_47' title="bbox 1030 818 1821 860">
    <p class='ocr_par' dir='ltr' id='par_1_47' title="bbox 1030 818 1821 860">
     <span class='ocr_line' id='line_1_47' title="bbox 1030 818 1821 860; baseline -0.014 -6"><span class='ocrx_word' id='word_1_329' title='bbox 1030 827 1174 854; x_wconf 81' lang='grc' dir='ltr'>ὲκπετάσω</span> <span class='ocrx_word' id='word_1_330' title='bbox 1197 825 1246 857; x_wconf 82' lang='grc' dir='ltr'><strong>τὰς</strong></span> <span class='ocrx_word' id='word_1_331' title='bbox 1264 823 1358 860; x_wconf 81' lang='grc' dir='ltr'>χεῖράς</span> <span class='ocrx_word' id='word_1_332' title='bbox 1382 831 1432 858; x_wconf 88' lang='grc' dir='ltr'><strong>μου</strong></span> <span class='ocrx_word' id='word_1_333' title='bbox 1448 821 1515 857; x_wconf 76' lang='grc' dir='ltr'>πρὸς</span> <span class='ocrx_word' id='word_1_334' title='bbox 1532 819 1644 854; x_wconf 81' lang='grc' dir='ltr'><strong>Κύριον,</strong></span> <span class='ocrx_word' id='word_1_335' title='bbox 1657 818 1704 845; x_wconf 74' lang='grc' dir='ltr'>καὶ</span> <span class='ocrx_word' id='word_1_336' title='bbox 1722 818 1751 845; x_wconf 79' lang='grc' dir='ltr'>αι</span> <span class='ocrx_word' id='word_1_337' title='bbox 1764 827 1821 852; x_wconf 82' lang='grc' dir='ltr'><strong>φω-</strong></span> 
     </span>
    </p>
   </div>
   <div class='ocr_carea' id='block_1_48' title="bbox 1031 864 1821 905">
    <p class='ocr_par' dir='ltr' id='par_1_48' title="bbox 1031 864 1821 905">
     <span class='ocr_line' id='line_1_48' title="bbox 1031 864 1821 905; baseline -0.014 -5"><span class='ocrx_word' id='word_1_338' title='bbox 1031 873 1076 900; x_wconf 79' lang='grc' dir='ltr'>ναὶ</span> <span class='ocrx_word' id='word_1_339' title='bbox 1100 871 1259 902; x_wconf 88' lang='grc' dir='ltr'>παύσονται,</span> <span class='ocrx_word' id='word_1_340' title='bbox 1283 869 1331 896; x_wconf 77' lang='grc' dir='ltr'>καὶ</span> <span class='ocrx_word' id='word_1_341' title='bbox 1345 870 1362 905; x_wconf 85' lang='grc' dir='ltr'>ἡ</span> <span class='ocrx_word' id='word_1_342' title='bbox 1381 867 1495 905; x_wconf 80' lang='grc' dir='ltr'>χάλαζα,</span> <span class='ocrx_word' id='word_1_343' title='bbox 1517 866 1564 893; x_wconf 73' lang='grc' dir='ltr'>καὶ</span> <span class='ocrx_word' id='word_1_344' title='bbox 1590 866 1605 891; x_wconf 83' lang='grc' dir='ltr'><strong>ὁ</strong></span> <span class='ocrx_word' id='word_1_345' title='bbox 1629 864 1705 896; x_wconf 75' lang='grc' dir='ltr'>ὑετὸς</span> <span class='ocrx_word' id='word_1_346' title='bbox 1726 864 1821 890; x_wconf 77' lang='grc' dir='ltr'>οὐκέτι</span> 
     </span>
    </p>
   </div>
   <div class='ocr_carea' id='block_1_49' title="bbox 1031 909 1822 952">
    <p class='ocr_par' dir='ltr' id='par_1_49' title="bbox 1031 909 1822 952">
     <span class='ocr_line' id='line_1_49' title="bbox 1031 909 1822 952; baseline -0.013 -7"><span class='ocrx_word' id='word_1_347' title='bbox 1031 918 1118 945; x_wconf 79' lang='grc' dir='ltr'>ἐσται.</span> <span class='ocrx_word' id='word_1_348' title='bbox 1131 926 1141 943; x_wconf 67' lang='grc' dir='ltr'><strong><em>ι</em></strong></span> <span class='ocrx_word' id='word_1_349' title='bbox 1163 917 1192 943; x_wconf 91' lang='lat'><strong>&#39;0</strong></span> <span class='ocrx_word' id='word_1_350' title='bbox 1210 915 1265 952; x_wconf 83' lang='grc' dir='ltr'>γὰρ</span> <span class='ocrx_word' id='word_1_351' title='bbox 1279 914 1388 942; x_wconf 82' lang='grc' dir='ltr'>πάντων</span> <span class='ocrx_word' id='word_1_352' title='bbox 1399 911 1564 949; x_wconf 82' lang='grc' dir='ltr'>δημιουργὸς</span> <span class='ocrx_word' id='word_1_353' title='bbox 1580 911 1648 946; x_wconf 82' lang='grc' dir='ltr'>πρὸς</span> <span class='ocrx_word' id='word_1_354' title='bbox 1662 910 1711 945; x_wconf 85' lang='grc' dir='ltr'>τὴν</span> <span class='ocrx_word' id='word_1_355' title='bbox 1725 909 1822 936; x_wconf 82' lang='grc' dir='ltr'>κέλευ-</span> 
     </span>
    </p>
   </div>
   <div class='ocr_carea' id='block_1_50' title="bbox 1033 959 1448 998">
    <p class='ocr_par' dir='ltr' id='par_1_50' title="bbox 1033 959 1448 998">
     <span class='ocr_line' id='line_1_50' title="bbox 1033 959 1448 998; baseline -0.012 -8"><span class='ocrx_word' id='word_1_356' title='bbox 1033 972 1074 991; x_wconf 91' lang='grc' dir='ltr'><strong>σιν</strong></span> <span class='ocrx_word' id='word_1_357' title='bbox 1086 962 1135 998; x_wconf 84' lang='grc' dir='ltr'>τὴν</span> <span class='ocrx_word' id='word_1_358' title='bbox 1148 961 1228 997; x_wconf 88' lang='grc' dir='ltr'>φύσιν</span> <span class='ocrx_word' id='word_1_359' title='bbox 1240 961 1367 988; x_wconf 78' lang='grc' dir='ltr'>εἴκουσαν</span> <span class='ocrx_word' id='word_1_360' title='bbox 1381 959 1448 995; x_wconf 74' lang='grc' dir='ltr'>εχει.</span> 
     </span>
    </p>
   </div>
   <div class='ocr_carea' id='block_1_51' title="bbox 1092 1000 1822 1040">
    <p class='ocr_par' dir='ltr' id='par_1_51' title="bbox 1092 1000 1822 1040">
     <span class='ocr_line' id='line_1_51' title="bbox 1092 1000 1822 1040; baseline -0.01 -7"><span class='ocrx_word' id='word_1_361' title='bbox 1092 1005 1151 1033; x_wconf 85' lang='grc' dir='ltr'><strong>Τοῦ</strong></span> <span class='ocrx_word' id='word_1_362' title='bbox 1180 1005 1286 1033; x_wconf 81' lang='grc' dir='ltr'>αὑτοῦ.</span> <span class='ocrx_word' id='word_1_363' title='bbox 1309 1004 1479 1040; x_wconf 83' lang='grc' dir='ltr'>Σημειωτέον</span> <span class='ocrx_word' id='word_1_364' title='bbox 1500 1002 1541 1029; x_wconf 82' lang='grc' dir='ltr'>ὅτι</span> <span class='ocrx_word' id='word_1_365' title='bbox 1563 1002 1594 1028; x_wconf 86' lang='grc' dir='ltr'>οὐ</span> <span class='ocrx_word' id='word_1_366' title='bbox 1612 1001 1700 1028; x_wconf 83' lang='grc' dir='ltr'>πάντα</span> <span class='ocrx_word' id='word_1_367' title='bbox 1722 1001 1755 1035; x_wconf 82' lang='grc' dir='ltr'><strong>τῇ</strong></span> <span class='ocrx_word' id='word_1_368' title='bbox 1772 1000 1822 1035; x_wconf 81' lang='grc' dir='ltr'><strong>ῥά-</strong></span> 
     </span>
    </p>
   </div>
   <div class='ocr_carea' id='block_1_52' title="bbox 1030 1045 1820 1086">
    <p class='ocr_par' dir='ltr' id='par_1_52' title="bbox 1030 1045 1820 1086">
     <span class='ocr_line' id='line_1_52' title="bbox 1030 1045 1820 1086; baseline -0.006 -10"><span class='ocrx_word' id='word_1_369' title='bbox 1030 1049 1084 1085; x_wconf 86' lang='grc' dir='ltr'><strong>ϐδῳ</strong></span> <span class='ocrx_word' id='word_1_370' title='bbox 1096 1049 1274 1086; x_wconf 87' lang='grc' dir='ltr'>τερατουργεῖ</span> <span class='ocrx_word' id='word_1_371' title='bbox 1289 1048 1417 1082; x_wconf 84' lang='grc' dir='ltr'>Μωῠσῆς,</span> <span class='ocrx_word' id='word_1_372' title='bbox 1439 1047 1506 1074; x_wconf 76' lang='grc' dir='ltr'>ἀλλὰ</span> <span class='ocrx_word' id='word_1_373' title='bbox 1519 1046 1566 1073; x_wconf 78' lang='grc' dir='ltr'>καὶ</span> <span class='ocrx_word' id='word_1_374' title='bbox 1584 1046 1661 1082; x_wconf 79' lang='grc' dir='ltr'>χερσὶ</span> <span class='ocrx_word' id='word_1_375' title='bbox 1674 1045 1721 1072; x_wconf 74' lang='grc' dir='ltr'>καὶ</span> <span class='ocrx_word' id='word_1_376' title='bbox 1734 1045 1820 1080; x_wconf 82' lang='grc' dir='ltr'>λόγῳ,</span> 
     </span>
    </p>
   </div>
   <div class='ocr_carea' id='block_1_53' title="bbox 1030 1090 1822 1130">
    <p class='ocr_par' dir='ltr' id='par_1_53' title="bbox 1030 1090 1822 1130">
     <span class='ocr_line' id='line_1_53' title="bbox 1030 1090 1822 1130; baseline -0.005 -10"><span class='ocrx_word' id='word_1_377' title='bbox 1030 1095 1073 1121; x_wconf 82' lang='grc' dir='ltr'>ἵνα</span> <span class='ocrx_word' id='word_1_378' title='bbox 1098 1095 1135 1130; x_wconf 84' lang='grc' dir='ltr'>μὴ</span> <span class='ocrx_word' id='word_1_379' title='bbox 1156 1094 1206 1129; x_wconf 79' lang='grc' dir='ltr'>τὴν</span> <span class='ocrx_word' id='word_1_380' title='bbox 1227 1093 1323 1130; x_wconf 79' lang='grc' dir='ltr'>ῥάϐδον</span> <span class='ocrx_word' id='word_1_381' title='bbox 1348 1093 1478 1128; x_wconf 80' lang='grc' dir='ltr'>μαγικαῖς</span> <span class='ocrx_word' id='word_1_382' title='bbox 1502 1091 1620 1123; x_wconf 83' lang='grc' dir='ltr'><strong>ἀπάταις</strong></span> <span class='ocrx_word' id='word_1_383' title='bbox 1642 1090 1780 1117; x_wconf 79' lang='grc' dir='ltr'><strong>τελεῖσθαι</strong></span> <span class='ocrx_word' id='word_1_384' title='bbox 1795 1091 1822 1117; x_wconf 69' lang='lat' dir='ltr'><strong>ut</strong></span> 
     </span>
    </p>
   </div>
   <div class='ocr_carea' id='block_1_54' title="bbox 1029 1139 1279 1174">
    <p class='ocr_par' dir='ltr' id='par_1_54' title="bbox 1029 1139 1279 1174">
     <span class='ocr_line' id='line_1_54' title="bbox 1029 1139 1279 1174; baseline -0.004 -8"><span class='ocrx_word' id='word_1_385' title='bbox 1029 1139 1121 1166; x_wconf 77' lang='grc' dir='ltr'>πολλοὶ</span> <span class='ocrx_word' id='word_1_386' title='bbox 1136 1139 1279 1174; x_wconf 88' lang='grc' dir='ltr'>νομίσωσι.</span> 
     </span>
    </p>
   </div>
   <div class='ocr_carea' id='block_1_55' title="bbox 1067 1181 1822 1218">
    <p class='ocr_par' dir='ltr' id='par_1_55' title="bbox 1067 1181 1822 1218">
     <span class='ocr_line' id='line_1_55' title="bbox 1067 1181 1822 1218; baseline -0.008 -5"><span class='ocrx_word' id='word_1_387' title='bbox 1067 1185 1252 1212; x_wconf 81' lang='grc' dir='ltr'>«Λαϐέτωσαν</span> <span class='ocrx_word' id='word_1_388' title='bbox 1274 1185 1388 1215; x_wconf 70' lang='grc' dir='ltr'>ἕκαστος</span> <span class='ocrx_word' id='word_1_389' title='bbox 1410 1182 1544 1218; x_wconf 82' lang='grc' dir='ltr'>πρόϐατον</span> <span class='ocrx_word' id='word_1_390' title='bbox 1570 1182 1630 1208; x_wconf 83' lang='grc' dir='ltr'>κατ’</span> <span class='ocrx_word' id='word_1_391' title='bbox 1653 1181 1745 1213; x_wconf 79' lang='grc' dir='ltr'>οἴκους</span> <span class='ocrx_word' id='word_1_392' title='bbox 1769 1189 1822 1208; x_wconf 54' lang='grc' dir='ltr'>πα-</span> 
     </span>
    </p>
   </div>
   <div class='ocr_carea' id='block_1_56' title="bbox 1028 1227 1822 1265">
    <p class='ocr_par' dir='ltr' id='par_1_56' title="bbox 1028 1227 1822 1265">
     <span class='ocr_line' id='line_1_56' title="bbox 1028 1227 1822 1265; baseline -0.004 -9"><span class='ocrx_word' id='word_1_393' title='bbox 1028 1230 1112 1265; x_wconf 81' lang='grc' dir='ltr'>τριῶν</span> <span class='ocrx_word' id='word_1_394' title='bbox 1122 1239 1129 1246; x_wconf 92' lang='grc'><strong>·</strong></span> <span class='ocrx_word' id='word_1_395' title='bbox 1149 1239 1158 1255; x_wconf 74' lang='grc' dir='ltr'><strong><em>ι</em></strong></span> <span class='ocrx_word' id='word_1_396' title='bbox 1179 1231 1226 1257; x_wconf 64' lang='grc' dir='ltr'><strong>καὶ¹</strong></span> <span class='ocrx_word' id='word_1_397' title='bbox 1241 1230 1276 1257; x_wconf 85' lang='grc' dir='ltr'><strong>τὰ</strong></span> <span class='ocrx_word' id='word_1_398' title='bbox 1287 1229 1361 1265; x_wconf 77' lang='grc' dir='ltr'>ἑξῆς.</span> <span class='ocrx_word' id='word_1_399' title='bbox 1375 1228 1441 1255; x_wconf 78' lang='grc' dir='ltr'>Ἀπὸ</span> <span class='ocrx_word' id='word_1_400' title='bbox 1460 1229 1509 1263; x_wconf 87' lang='grc' dir='ltr'>τῆς</span> <span class='ocrx_word' id='word_1_401' title='bbox 1534 1227 1652 1263; x_wconf 81' lang='grc' dir='ltr'><strong>δεκάτης</strong></span> <span class='ocrx_word' id='word_1_402' title='bbox 1666 1227 1734 1262; x_wconf 70' lang='grc' dir='ltr'>φησὶ</span> <span class='ocrx_word' id='word_1_403' title='bbox 1748 1227 1822 1262; x_wconf 86' lang='grc' dir='ltr'>λαμ-</span> 
     </span>
    </p>
   </div>
   <div class='ocr_carea' id='block_1_57' title="bbox 1029 1274 1823 1311">
    <p class='ocr_par' dir='ltr' id='par_1_57' title="bbox 1029 1274 1823 1311">
     <span class='ocr_line' id='line_1_57' title="bbox 1029 1274 1823 1311; baseline -0.004 -9"><span class='ocrx_word' id='word_1_404' title='bbox 1029 1275 1120 1302; x_wconf 85' lang='grc' dir='ltr'>ϐάνειν</span> <span class='ocrx_word' id='word_1_405' title='bbox 1145 1275 1279 1311; x_wconf 85' lang='grc' dir='ltr'>πρόϐατον</span> <span class='ocrx_word' id='word_1_406' title='bbox 1295 1276 1342 1302; x_wconf 77' lang='grc' dir='ltr'>καὶ</span> <span class='ocrx_word' id='word_1_407' title='bbox 1355 1275 1465 1310; x_wconf 78' lang='grc' dir='ltr'>τρέφειν</span> <span class='ocrx_word' id='word_1_408' title='bbox 1490 1274 1543 1305; x_wconf 73' lang='grc' dir='ltr'>ἕως</span> <span class='ocrx_word' id='word_1_409' title='bbox 1560 1274 1599 1300; x_wconf 81' lang='grc' dir='ltr'>ιδ’·</span> <span class='ocrx_word' id='word_1_410' title='bbox 1615 1274 1663 1300; x_wconf 75' lang='grc' dir='ltr'>καὶ</span> <span class='ocrx_word' id='word_1_411' title='bbox 1684 1274 1823 1308; x_wconf 73' lang='grc' dir='ltr'>ἐπονομά-</span> 
     </span>
    </p>
   </div>
   <div class='ocr_carea' id='block_1_58' title="bbox 1029 1318 1823 1356">
    <p class='ocr_par' dir='ltr' id='par_1_58' title="bbox 1029 1318 1823 1356">
     <span class='ocr_line' id='line_1_58' title="bbox 1029 1318 1823 1356; baseline -0.004 -9"><span class='ocrx_word' id='word_1_412' title='bbox 1029 1328 1074 1347; x_wconf 77' lang='grc' dir='ltr'><strong>σαι</strong></span> <span class='ocrx_word' id='word_1_413' title='bbox 1089 1320 1230 1354; x_wconf 81' lang='grc' dir='ltr'>λέγοντας,</span> <span class='ocrx_word' id='word_1_414' title='bbox 1244 1319 1328 1346; x_wconf 85' lang='grc' dir='ltr'>Τοῦτο</span> <span class='ocrx_word' id='word_1_415' title='bbox 1342 1320 1372 1347; x_wconf 83' lang='grc' dir='ltr'>τὸ</span> <span class='ocrx_word' id='word_1_416' title='bbox 1395 1320 1530 1356; x_wconf 82' lang='grc' dir='ltr'>πρόϐατον</span> <span class='ocrx_word' id='word_1_417' title='bbox 1547 1319 1639 1346; x_wconf 84' lang='grc' dir='ltr'>θύεται</span> <span class='ocrx_word' id='word_1_418' title='bbox 1657 1319 1727 1354; x_wconf 83' lang='grc' dir='ltr'>ὑπὲρ</span> <span class='ocrx_word' id='word_1_419' title='bbox 1740 1318 1823 1345; x_wconf 80' lang='grc' dir='ltr'>τοῦδε</span> 
     </span>
    </p>
   </div>
   <div class='ocr_carea' id='block_1_59' title="bbox 1028 1362 1819 1400">
    <p class='ocr_par' dir='ltr' id='par_1_59' title="bbox 1028 1362 1819 1400">
     <span class='ocr_line' id='line_1_59' title="bbox 1028 1362 1819 1400; baseline -0.004 -9"><span class='ocrx_word' id='word_1_420' title='bbox 1028 1365 1074 1392; x_wconf 75' lang='grc' dir='ltr'>καὶ</span> <span class='ocrx_word' id='word_1_421' title='bbox 1097 1364 1190 1391; x_wconf 73' lang='grc' dir='ltr'>τοῦδε”</span> <span class='ocrx_word' id='word_1_422' title='bbox 1215 1364 1264 1400; x_wconf 84' lang='grc' dir='ltr'>οὐχ</span> <span class='ocrx_word' id='word_1_423' title='bbox 1289 1364 1508 1399; x_wconf 80' lang='grc' dir='ltr'>ὑπερϐαινόντων</span> <span class='ocrx_word' id='word_1_424' title='bbox 1529 1362 1618 1390; x_wconf 77' lang='grc' dir='ltr'>αὐτῶν</span> <span class='ocrx_word' id='word_1_425' title='bbox 1635 1366 1650 1389; x_wconf 88' lang='grc' dir='ltr'>ι’</span> <span class='ocrx_word' id='word_1_426' title='bbox 1666 1362 1819 1397; x_wconf 73' lang='grc' dir='ltr'>ὀνομάτων·</span> 
     </span>
    </p>
   </div>
   <div class='ocr_carea' id='block_1_60' title="bbox 1028 1408 1822 1446">
    <p class='ocr_par' dir='ltr' id='par_1_60' title="bbox 1028 1408 1822 1446">
     <span class='ocr_line' id='line_1_60' title="bbox 1028 1408 1822 1446; baseline -0.003 -10"><span class='ocrx_word' id='word_1_427' title='bbox 1028 1410 1076 1437; x_wconf 71' lang='grc' dir='ltr'><strong>καὶ</strong></span> <span class='ocrx_word' id='word_1_428' title='bbox 1091 1412 1124 1446; x_wconf 83' lang='grc' dir='ltr'><strong>τῇ</strong></span> <span class='ocrx_word' id='word_1_429' title='bbox 1151 1409 1181 1436; x_wconf 89' lang='grc' dir='ltr'><strong>ιδ’</strong></span> <span class='ocrx_word' id='word_1_430' title='bbox 1198 1409 1290 1436; x_wconf 82' lang='grc' dir='ltr'>θύεται</span> <span class='ocrx_word' id='word_1_431' title='bbox 1314 1409 1450 1444; x_wconf 81' lang='grc' dir='ltr'>ἀνάμεσον</span> <span class='ocrx_word' id='word_1_432' title='bbox 1473 1409 1527 1436; x_wconf 83' lang='grc' dir='ltr'><strong>τῶν</strong></span> <span class='ocrx_word' id='word_1_433' title='bbox 1549 1408 1711 1444; x_wconf 80' lang='grc' dir='ltr'>ὲσπερινῶν,</span> <span class='ocrx_word' id='word_1_434' title='bbox 1737 1408 1822 1443; x_wconf 84' lang='grc' dir='ltr'>ἀρχο-</span> 
     </span>
    </p>
   </div>
   <div class='ocr_carea' id='block_1_61' title="bbox 1029 1454 1823 1491">
    <p class='ocr_par' dir='ltr' id='par_1_61' title="bbox 1029 1454 1823 1491">
     <span class='ocr_line' id='line_1_61' title="bbox 1029 1454 1823 1491; baseline -0.004 -8"><span class='ocrx_word' id='word_1_435' title='bbox 1029 1456 1112 1491; x_wconf 84' lang='grc' dir='ltr'>μένης</span> <span class='ocrx_word' id='word_1_436' title='bbox 1133 1455 1183 1490; x_wconf 84' lang='grc' dir='ltr'>τῆς</span> <span class='ocrx_word' id='word_1_437' title='bbox 1201 1458 1240 1481; x_wconf 86' lang='grc' dir='ltr'>ιε’·</span> <span class='ocrx_word' id='word_1_438' title='bbox 1257 1455 1294 1487; x_wconf 87' lang='grc' dir='ltr'>ὠς</span> <span class='ocrx_word' id='word_1_439' title='bbox 1317 1455 1439 1489; x_wconf 85' lang='grc' dir='ltr'>γίνεσθαι</span> <span class='ocrx_word' id='word_1_440' title='bbox 1462 1455 1516 1482; x_wconf 82' lang='grc' dir='ltr'>ἀπὸ</span> <span class='ocrx_word' id='word_1_441' title='bbox 1539 1455 1588 1489; x_wconf 81' lang='grc' dir='ltr'>τῆς</span> <span class='ocrx_word' id='word_1_442' title='bbox 1610 1454 1717 1490; x_wconf 72' lang='grc' dir='ltr'>λήψεως</span> <span class='ocrx_word' id='word_1_443' title='bbox 1737 1454 1823 1489; x_wconf 82' lang='grc' dir='ltr'>μέχρι</span> 
     </span>
    </p>
   </div>
   <div class='ocr_carea' id='block_1_62' title="bbox 187 1499 974 1550">
    <p class='ocr_par' dir='ltr' id='par_1_62' title="bbox 187 1514 974 1550">
     <span class='ocr_line' id='line_1_62' title="bbox 187 1514 974 1550; baseline 0.003 -10"><span class='ocrx_word' id='word_1_444' title='bbox 187 1521 242 1550; x_wconf 90' lang='lat' dir='ltr'><strong>quo</strong></span> <span class='ocrx_word' id='word_1_445' title='bbox 257 1514 384 1546; x_wconf 85' lang='lat' dir='ltr'><strong>sumitur,</strong></span> <span class='ocrx_word' id='word_1_446' title='bbox 398 1514 431 1541; x_wconf 84' lang='lat' dir='ltr'><strong>ad</strong></span> <span class='ocrx_word' id='word_1_447' title='bbox 448 1521 510 1541; x_wconf 87' lang='lat' dir='ltr'><strong>eum</strong></span> <span class='ocrx_word' id='word_1_448' title='bbox 523 1522 577 1548; x_wconf 87' lang='lat' dir='ltr'><strong>quo</strong></span> <span class='ocrx_word' id='word_1_449' title='bbox 594 1514 760 1547; x_wconf 85' lang='lat' dir='ltr'><strong>immolatur,</strong></span> <span class='ocrx_word' id='word_1_450' title='bbox 786 1515 905 1549; x_wconf 84' lang='lat' dir='ltr'><strong>quinque</strong></span> <span class='ocrx_word' id='word_1_451' title='bbox 919 1515 974 1542; x_wconf 77' lang='lat' dir='ltr'><strong>dies</strong></span> 
     </span>
    </p>
   </div>
   <div class='ocr_carea' id='block_1_63' title="bbox 1064 1499 1823 1550">
    <p class='ocr_par' dir='ltr' id='par_1_63' title="bbox 1064 1499 1823 1537">
     <span class='ocr_line' id='line_1_63' title="bbox 1064 1499 1823 1537; baseline -0.003 -9"><span class='ocrx_word' id='word_1_452' title='bbox 1064 1511 1076 1534; x_wconf 87' lang='grc' dir='ltr'><strong>ς</strong></span> <span class='ocrx_word' id='word_1_453' title='bbox 1091 1502 1194 1534; x_wconf 83' lang='grc' dir='ltr'>θύσεως</span> <span class='ocrx_word' id='word_1_454' title='bbox 1209 1501 1314 1537; x_wconf 84' lang='grc' dir='ltr'>ἡμέρας</span> <span class='ocrx_word' id='word_1_455' title='bbox 1326 1505 1357 1535; x_wconf 86' lang='grc' dir='ltr'>ε’,</span> <span class='ocrx_word' id='word_1_456' title='bbox 1384 1503 1429 1529; x_wconf 77' lang='grc' dir='ltr'>ὅτε</span> <span class='ocrx_word' id='word_1_457' title='bbox 1445 1501 1549 1537; x_wconf 83' lang='grc' dir='ltr'>πλῆρές</span> <span class='ocrx_word' id='word_1_458' title='bbox 1566 1501 1623 1527; x_wconf 81' lang='grc' dir='ltr'>ἐστι</span> <span class='ocrx_word' id='word_1_459' title='bbox 1643 1500 1688 1535; x_wconf 79' lang='grc' dir='ltr'>τῆς</span> <span class='ocrx_word' id='word_1_460' title='bbox 1703 1499 1823 1536; x_wconf 79' lang='grc' dir='ltr'>σελήνης</span> 
     </span>
    </p>
   </div>
   <div class='ocr_carea' id='block_1_64' title="bbox 187 1560 866 1595">
    <p class='ocr_par' dir='ltr' id='par_1_64' title="bbox 187 1560 866 1595">
     <span class='ocr_line' id='line_1_64' title="bbox 187 1560 866 1595; baseline 0.001 -8"><span class='ocrx_word' id='word_1_461' title='bbox 187 1561 386 1592; x_wconf 87' lang='lat' dir='ltr'><strong>iutercurrant,</strong></span> <span class='ocrx_word' id='word_1_462' title='bbox 404 1560 512 1594; x_wconf 81' lang='lat' dir='ltr'><strong>quando</strong></span> <span class='ocrx_word' id='word_1_463' title='bbox 524 1560 602 1595; x_wconf 88' lang='lat' dir='ltr'><strong>pleno</strong></span> <span class='ocrx_word' id='word_1_464' title='bbox 618 1560 682 1588; x_wconf 89' lang='lat' dir='ltr'><strong>luna</strong></span> <span class='ocrx_word' id='word_1_465' title='bbox 697 1563 764 1588; x_wconf 89' lang='lat' dir='ltr'><strong>orbe</strong></span> <span class='ocrx_word' id='word_1_466' title='bbox 782 1560 866 1588; x_wconf 89' lang='lat' dir='ltr'><strong>lucet.</strong></span> 
     </span>
    </p>
   </div>
   <div class='ocr_carea' id='block_1_65' title="bbox 225 1606 976 1640">
    <p class='ocr_par' dir='ltr' id='par_1_65' title="bbox 225 1606 976 1640">
     <span class='ocr_line' id='line_1_65' title="bbox 225 1606 976 1640; baseline 0.005 -9"><span class='ocrx_word' id='word_1_467' title='bbox 225 1606 312 1634; x_wconf 66' lang='lat' dir='ltr'><strong>«Ovis</strong></span> <span class='ocrx_word' id='word_1_468' title='bbox 337 1606 484 1640; x_wconf 76' lang='lat' dir='ltr'><strong>perlectus,</strong></span> <span class='ocrx_word' id='word_1_469' title='bbox 510 1607 660 1639; x_wconf 89' lang='lat' dir='ltr'><strong>masculus,</strong></span> <span class='ocrx_word' id='word_1_470' title='bbox 685 1607 829 1634; x_wconf 84' lang='lat' dir='ltr'><strong>anniculus</strong></span> <span class='ocrx_word' id='word_1_471' title='bbox 851 1607 905 1635; x_wconf 86' lang='lat' dir='ltr'><strong>erit</strong></span> <span class='ocrx_word' id='word_1_472' title='bbox 927 1615 976 1635; x_wconf 89' lang='lat' dir='ltr'><strong>vo-</strong></span> 
     </span>
    </p>
   </div>
   <div class='ocr_carea' id='block_1_66' title="bbox 188 1651 976 1681">
    <p class='ocr_par' dir='ltr' id='par_1_66' title="bbox 188 1651 976 1681">
     <span class='ocr_line' id='line_1_66' title="bbox 188 1651 976 1681; baseline 0.003 -3"><span class='ocrx_word' id='word_1_473' title='bbox 188 1651 231 1678; x_wconf 86' lang='lat' dir='ltr'><strong>bis</strong></span> <span class='ocrx_word' id='word_1_474' title='bbox 243 1652 276 1678; x_wconf 85' lang='lat'><strong>”.</strong></span> <span class='ocrx_word' id='word_1_475' title='bbox 291 1661 300 1677; x_wconf 82' lang='grc' dir='ltr'><strong><em>ι</em></strong></span> <span class='ocrx_word' id='word_1_476' title='bbox 329 1652 479 1679; x_wconf 82' lang='lat' dir='ltr'><strong>Anniculus</strong></span> <span class='ocrx_word' id='word_1_477' title='bbox 504 1654 563 1680; x_wconf 85' lang='lat' dir='ltr'><strong>ovis</strong></span> <span class='ocrx_word' id='word_1_478' title='bbox 576 1653 702 1680; x_wconf 82' lang='lat' dir='ltr'><strong>Christus</strong></span> <span class='ocrx_word' id='word_1_479' title='bbox 716 1657 769 1680; x_wconf 83' lang='lat' dir='ltr'><strong>est.</strong></span> <span class='ocrx_word' id='word_1_480' title='bbox 790 1653 880 1680; x_wconf 83' lang='lat' dir='ltr'><strong>Nihilo</strong></span> <span class='ocrx_word' id='word_1_481' title='bbox 903 1654 976 1681; x_wconf 86' lang='lat' dir='ltr'><strong>enim</strong></span> 
     </span>
    </p>
   </div>
   <div class='ocr_carea' id='block_1_67' title="bbox 187 1696 976 1733">
    <p class='ocr_par' dir='ltr' id='par_1_67' title="bbox 187 1696 976 1733">
     <span class='ocr_line' id='line_1_67' title="bbox 187 1696 976 1733; baseline 0.006 -12"><span class='ocrx_word' id='word_1_482' title='bbox 187 1703 249 1722; x_wconf 87' lang='lat' dir='ltr'><strong>cum</strong></span> <span class='ocrx_word' id='word_1_483' title='bbox 269 1696 379 1723; x_wconf 82' lang='lat' dir='ltr'><strong>destitui</strong></span> <span class='ocrx_word' id='word_1_484' title='bbox 405 1702 452 1724; x_wconf 86' lang='lat' dir='ltr'><strong>aut</strong></span> <span class='ocrx_word' id='word_1_485' title='bbox 475 1697 500 1725; x_wconf 91' lang='lat' dir='ltr'><strong>ei</strong></span> <span class='ocrx_word' id='word_1_486' title='bbox 525 1697 628 1732; x_wconf 89' lang='lat' dir='ltr'><strong>aliquid</strong></span> <span class='ocrx_word' id='word_1_487' title='bbox 645 1698 740 1726; x_wconf 86' lang='lat' dir='ltr'><strong>deesse</strong></span> <span class='ocrx_word' id='word_1_488' title='bbox 753 1706 802 1733; x_wconf 89' lang='lat' dir='ltr'><strong>per</strong></span> <span class='ocrx_word' id='word_1_489' title='bbox 821 1706 922 1726; x_wconf 84' lang='lat' dir='ltr'><strong>annum</strong></span> <span class='ocrx_word' id='word_1_490' title='bbox 938 1699 976 1726; x_wconf 82' lang='lat' dir='ltr'><strong>si-</strong></span> 
     </span>
    </p>
   </div>
   <div class='ocr_carea' id='block_1_68' title="bbox 187 1741 343 1775">
    <p class='ocr_par' dir='ltr' id='par_1_68' title="bbox 187 1741 343 1775">
     <span class='ocr_line' id='line_1_68' title="bbox 187 1741 343 1775; baseline 0.013 -9"><span class='ocrx_word' id='word_1_491' title='bbox 187 1741 343 1775; x_wconf 78' lang='lat' dir='ltr'><strong>guiticatur.</strong></span> 
     </span>
    </p>
   </div>
   <div class='ocr_carea' id='block_1_69' title="bbox 226 1786 976 1818">
    <p class='ocr_par' dir='ltr' id='par_1_69' title="bbox 226 1786 976 1818">
     <span class='ocr_line' id='line_1_69' title="bbox 226 1786 976 1818; baseline 0.005 -6"><span class='ocrx_word' id='word_1_492' title='bbox 226 1794 236 1812; x_wconf 75' lang='grc' dir='ltr'><strong>σ</strong></span> <span class='ocrx_word' id='word_1_493' title='bbox 250 1786 281 1812; x_wconf 86' lang='grc' dir='ltr'>Ει</span> <span class='ocrx_word' id='word_1_494' title='bbox 297 1787 474 1815; x_wconf 84' lang='lat' dir='ltr'><strong>immolabunt</strong></span> <span class='ocrx_word' id='word_1_495' title='bbox 493 1795 554 1816; x_wconf 90' lang='lat' dir='ltr'><strong>eum</strong></span> <span class='ocrx_word' id='word_1_496' title='bbox 578 1789 667 1816; x_wconf 87' lang='lat' dir='ltr'><strong>omnis</strong></span> <span class='ocrx_word' id='word_1_497' title='bbox 686 1788 828 1816; x_wconf 90' lang='lat' dir='ltr'><strong>multitudo</strong></span> <span class='ocrx_word' id='word_1_498' title='bbox 841 1794 928 1818; x_wconf 76' lang='lat' dir='ltr'><strong>ctetus</strong></span> <span class='ocrx_word' id='word_1_499' title='bbox 944 1789 976 1816; x_wconf 90' lang='lat' dir='ltr'><strong>li-</strong></span> 
     </span>
    </p>
   </div>
   <div class='ocr_carea' id='block_1_70' title="bbox 186 1830 976 1869">
    <p class='ocr_par' dir='ltr' id='par_1_70' title="bbox 186 1830 976 1869">
     <span class='ocr_line' id='line_1_70' title="bbox 186 1830 976 1869; baseline 0.005 -12"><span class='ocrx_word' id='word_1_500' title='bbox 186 1830 284 1858; x_wconf 86' lang='lat' dir='ltr'><strong>liorutu</strong></span> <span class='ocrx_word' id='word_1_501' title='bbox 305 1832 387 1859; x_wconf 81' lang='lat' dir='ltr'><strong>Israel</strong></span> <span class='ocrx_word' id='word_1_502' title='bbox 405 1834 437 1860; x_wconf 79' lang='lat' dir='ltr'><strong>ad</strong></span> <span class='ocrx_word' id='word_1_503' title='bbox 456 1840 598 1868; x_wconf 84' lang='lat' dir='ltr'><strong>vesperam</strong></span> <span class='ocrx_word' id='word_1_504' title='bbox 612 1834 633 1862; x_wconf 79' lang='grc' dir='ltr'>ι.</span> <span class='ocrx_word' id='word_1_505' title='bbox 647 1843 656 1861; x_wconf 79' lang='grc' dir='ltr'><strong>ι</strong></span> <span class='ocrx_word' id='word_1_506' title='bbox 679 1834 720 1862; x_wconf 86' lang='lat' dir='ltr'><strong>Ad</strong></span> <span class='ocrx_word' id='word_1_507' title='bbox 745 1842 886 1869; x_wconf 84' lang='lat' dir='ltr'><strong>vesperam</strong></span> <span class='ocrx_word' id='word_1_508' title='bbox 898 1835 976 1869; x_wconf 87' lang='lat' dir='ltr'><strong>jube-</strong></span> 
     </span>
    </p>
   </div>
   <div class='ocr_carea' id='block_1_71' title="bbox 186 1879 976 1914">
    <p class='ocr_par' dir='ltr' id='par_1_71' title="bbox 186 1879 976 1914">
     <span class='ocr_line' id='line_1_71' title="bbox 186 1879 976 1914; baseline 0.006 -11"><span class='ocrx_word' id='word_1_509' title='bbox 186 1885 247 1904; x_wconf 84' lang='lat' dir='ltr'><strong>mur</strong></span> <span class='ocrx_word' id='word_1_510' title='bbox 261 1885 338 1905; x_wconf 86' lang='lat' dir='ltr'><strong>ovem</strong></span> <span class='ocrx_word' id='word_1_511' title='bbox 357 1879 511 1912; x_wconf 83' lang='lat' dir='ltr'><strong>immolare,</strong></span> <span class='ocrx_word' id='word_1_512' title='bbox 527 1880 599 1914; x_wconf 90' lang='lat' dir='ltr'><strong>quod</strong></span> <span class='ocrx_word' id='word_1_513' title='bbox 613 1885 734 1907; x_wconf 78' lang='lat' dir='ltr'><strong>extrema</strong></span> <span class='ocrx_word' id='word_1_514' title='bbox 749 1881 815 1908; x_wconf 89' lang='lat' dir='ltr'><strong>hora</strong></span> <span class='ocrx_word' id='word_1_515' title='bbox 833 1888 913 1908; x_wconf 88' lang='lat' dir='ltr'><strong>verus</strong></span> <span class='ocrx_word' id='word_1_516' title='bbox 927 1889 976 1908; x_wconf 90' lang='lat' dir='ltr'><strong>no-</strong></span> 
     </span>
    </p>
   </div>
   <div class='ocr_carea' id='block_1_72' title="bbox 185 1923 791 1954">
    <p class='ocr_par' dir='ltr' id='par_1_72' title="bbox 185 1923 791 1954">
     <span class='ocr_line' id='line_1_72' title="bbox 185 1923 791 1954; baseline 0.007 -6"><span class='ocrx_word' id='word_1_517' title='bbox 185 1926 244 1948; x_wconf 77' lang='lat' dir='ltr'><strong>ster</strong></span> <span class='ocrx_word' id='word_1_518' title='bbox 258 1923 325 1954; x_wconf 86' lang='lat' dir='ltr'><strong>ovis,</strong></span> <span class='ocrx_word' id='word_1_519' title='bbox 344 1923 469 1950; x_wconf 78' lang='lat' dir='ltr'><strong>Salvator</strong></span> <span class='ocrx_word' id='word_1_520' title='bbox 486 1924 513 1950; x_wconf 92' lang='lat' dir='ltr'><strong>in</strong></span> <span class='ocrx_word' id='word_1_521' title='bbox 529 1925 658 1952; x_wconf 89' lang='lat' dir='ltr'><strong>mundum</strong></span> <span class='ocrx_word' id='word_1_522' title='bbox 676 1925 791 1952; x_wconf 84' lang='lat' dir='ltr'><strong>venerit.</strong></span> 
     </span>
    </p>
   </div>
   <div class='ocr_carea' id='block_1_73' title="bbox 223 2009 976 2047">
    <p class='ocr_par' dir='ltr' id='par_1_73' title="bbox 223 2009 976 2047">
     <span class='ocr_line' id='line_1_73' title="bbox 223 2009 976 2047; baseline 0.005 -11"><span class='ocrx_word' id='word_1_523' title='bbox 223 2009 278 2037; x_wconf 66' lang='lat' dir='ltr'><strong>«Et</strong></span> <span class='ocrx_word' id='word_1_524' title='bbox 302 2016 409 2038; x_wconf 80' lang='lat' dir='ltr'><strong>sument</strong></span> <span class='ocrx_word' id='word_1_525' title='bbox 435 2012 469 2039; x_wconf 88' lang='lat' dir='ltr'><strong>de</strong></span> <span class='ocrx_word' id='word_1_526' title='bbox 495 2013 640 2047; x_wconf 70' lang='lat' dir='ltr'><strong>sanguine,</strong></span> <span class='ocrx_word' id='word_1_527' title='bbox 664 2017 690 2040; x_wconf 83' lang='lat' dir='ltr'><strong>et</strong></span> <span class='ocrx_word' id='word_1_528' title='bbox 702 2017 802 2047; x_wconf 85' lang='lat' dir='ltr'><strong>ponent</strong></span> <span class='ocrx_word' id='word_1_529' title='bbox 813 2020 894 2047; x_wconf 84' lang='lat' dir='ltr'><strong>super</strong></span> <span class='ocrx_word' id='word_1_530' title='bbox 908 2013 976 2040; x_wconf 88' lang='lat' dir='ltr'><strong>duos</strong></span> 
     </span>
    </p>
   </div>
   <div class='ocr_carea' id='block_1_74' title="bbox 185 2057 975 2092">
    <p class='ocr_par' dir='ltr' id='par_1_74' title="bbox 185 2057 975 2092">
     <span class='ocr_line' id='line_1_74' title="bbox 185 2057 975 2092; baseline 0.003 -8"><span class='ocrx_word' id='word_1_531' title='bbox 185 2062 277 2091; x_wconf 83' lang='lat' dir='ltr'><strong>postes</strong></span> <span class='ocrx_word' id='word_1_532' title='bbox 289 2062 316 2084; x_wconf 84' lang='lat' dir='ltr'><strong>et</strong></span> <span class='ocrx_word' id='word_1_533' title='bbox 329 2065 410 2092; x_wconf 87' lang='lat' dir='ltr'><strong>super</strong></span> <span class='ocrx_word' id='word_1_534' title='bbox 425 2057 517 2092; x_wconf 85' lang='lat' dir='ltr'><strong>limen,</strong></span> <span class='ocrx_word' id='word_1_535' title='bbox 533 2059 559 2085; x_wconf 86' lang='lat' dir='ltr'><strong>in</strong></span> <span class='ocrx_word' id='word_1_536' title='bbox 576 2059 703 2087; x_wconf 87' lang='lat' dir='ltr'><strong>domibus</strong></span> <span class='ocrx_word' id='word_1_537' title='bbox 714 2059 737 2090; x_wconf 84' lang='lat'><strong>’,</strong></span> <span class='ocrx_word' id='word_1_538' title='bbox 747 2067 756 2084; x_wconf 76' lang='grc' dir='ltr'><strong><em>ι</em></strong></span> <span class='ocrx_word' id='word_1_539' title='bbox 776 2063 828 2086; x_wconf 86' lang='lat' dir='ltr'><strong>etc.</strong></span> <span class='ocrx_word' id='word_1_540' title='bbox 848 2058 975 2086; x_wconf 83' lang='lat' dir='ltr'><strong>Immola-</strong></span> 
     </span>
    </p>
   </div>
   <div class='ocr_carea' id='block_1_75' title="bbox 186 2103 975 2140">
    <p class='ocr_par' dir='ltr' id='par_1_75' title="bbox 186 2103 975 2140">
     <span class='ocr_line' id='line_1_75' title="bbox 186 2103 975 2140; baseline 0.003 -11"><span class='ocrx_word' id='word_1_541' title='bbox 186 2110 257 2134; x_wconf 88' lang='lat' dir='ltr'><strong>mus,</strong></span> <span class='ocrx_word' id='word_1_542' title='bbox 275 2110 306 2130; x_wconf 84' lang='lat' dir='ltr'><strong>ac</strong></span> <span class='ocrx_word' id='word_1_543' title='bbox 322 2103 416 2130; x_wconf 85' lang='lat' dir='ltr'><strong>domos</strong></span> <span class='ocrx_word' id='word_1_544' title='bbox 434 2109 551 2135; x_wconf 86' lang='lat' dir='ltr'><strong>nostras.</strong></span> <span class='ocrx_word' id='word_1_545' title='bbox 567 2105 619 2132; x_wconf 86' lang='lat' dir='ltr'><strong>hoc</strong></span> <span class='ocrx_word' id='word_1_546' title='bbox 635 2109 678 2131; x_wconf 88' lang='lat' dir='ltr'><strong>est</strong></span> <span class='ocrx_word' id='word_1_547' title='bbox 701 2112 813 2139; x_wconf 70' lang='lat' dir='ltr'><strong>corpus,</strong></span> <span class='ocrx_word' id='word_1_548' title='bbox 843 2104 975 2140; x_wconf 73' lang='lat' dir='ltr'><strong>sanguine</strong></span> 
     </span>
    </p>
   </div>
   <div class='ocr_carea' id='block_1_76' title="bbox 187 2146 972 2182">
    <p class='ocr_par' dir='ltr' id='par_1_76' title="bbox 187 2146 972 2182">
     <span class='ocr_line' id='line_1_76' title="bbox 187 2146 972 2182; baseline 0.006 -11"><span class='ocrx_word' id='word_1_549' title='bbox 187 2146 324 2180; x_wconf 76' lang='lat' dir='ltr'><strong>ungimus,</strong></span> <span class='ocrx_word' id='word_1_550' title='bbox 349 2146 371 2173; x_wconf 89' lang='lat' dir='ltr'><strong>si</strong></span> <span class='ocrx_word' id='word_1_551' title='bbox 396 2148 504 2181; x_wconf 88' lang='lat' dir='ltr'><strong>quidem</strong></span> <span class='ocrx_word' id='word_1_552' title='bbox 523 2148 614 2175; x_wconf 91' lang='lat' dir='ltr'><strong>unctio</strong></span> <span class='ocrx_word' id='word_1_553' title='bbox 629 2148 696 2176; x_wconf 83' lang='lat' dir='ltr'><strong>ﬁdes</strong></span> <span class='ocrx_word' id='word_1_554' title='bbox 719 2153 761 2176; x_wconf 83' lang='lat' dir='ltr'><strong>est</strong></span> <span class='ocrx_word' id='word_1_555' title='bbox 782 2149 808 2176; x_wconf 90' lang='lat' dir='ltr'><strong>in</strong></span> <span class='ocrx_word' id='word_1_556' title='bbox 824 2149 972 2182; x_wconf 83' lang='lat' dir='ltr'><strong>Christum,</strong></span> 
     </span>
    </p>
   </div>
   <div class='ocr_carea' id='block_1_77' title="bbox 1027 1548 1138 1583">
    <p class='ocr_par' dir='ltr' id='par_1_77' title="bbox 1027 1548 1138 1583">
     <span class='ocr_line' id='line_1_77' title="bbox 1027 1548 1138 1583; baseline 0 -8"><span class='ocrx_word' id='word_1_557' title='bbox 1027 1548 1057 1575; x_wconf 77' lang='grc' dir='ltr'>τὸ</span> <span class='ocrx_word' id='word_1_558' title='bbox 1070 1548 1138 1583; x_wconf 84' lang='grc' dir='ltr'>φῶς.</span> 
     </span>
    </p>
   </div>
   <div class='ocr_carea' id='block_1_78' title="bbox 1064 1591 1821 1630">
    <p class='ocr_par' dir='ltr' id='par_1_78' title="bbox 1064 1591 1821 1630">
     <span class='ocr_line' id='line_1_78' title="bbox 1064 1591 1821 1630; baseline -0.004 -9"><span class='ocrx_word' id='word_1_559' title='bbox 1064 1603 1073 1620; x_wconf 74' lang='grc' dir='ltr'>α</span> <span class='ocrx_word' id='word_1_560' title='bbox 1088 1594 1227 1630; x_wconf 84' lang='grc' dir='ltr'>Πρόϐατον</span> <span class='ocrx_word' id='word_1_561' title='bbox 1243 1594 1356 1626; x_wconf 82' lang='grc' dir='ltr'>τέλειον,</span> <span class='ocrx_word' id='word_1_562' title='bbox 1374 1593 1467 1630; x_wconf 71' lang='grc' dir='ltr'>ἄρσεν,</span> <span class='ocrx_word' id='word_1_563' title='bbox 1481 1591 1615 1620; x_wconf 74' lang='grc' dir='ltr'>ἐνιαύσιον</span> <span class='ocrx_word' id='word_1_564' title='bbox 1625 1592 1700 1618; x_wconf 80' lang='grc' dir='ltr'>ἔσται</span> <span class='ocrx_word' id='word_1_565' title='bbox 1715 1592 1796 1627; x_wconf 77' lang='grc' dir='ltr'>ὑμῖν.</span> <span class='ocrx_word' id='word_1_566' title='bbox 1810 1601 1821 1618; x_wconf 72' lang='grc' dir='ltr'>ι</span> 
     </span>
    </p>
   </div>
   <div class='ocr_carea' id='block_1_79' title="bbox 1032 1637 1824 1676">
    <p class='ocr_par' dir='ltr' id='par_1_79' title="bbox 1032 1637 1824 1676">
     <span class='ocr_line' id='line_1_79' title="bbox 1032 1637 1824 1676; baseline -0.004 -10"><span class='ocrx_word' id='word_1_567' title='bbox 1032 1639 1183 1667; x_wconf 79' lang='grc' dir='ltr'>Ἐνιαύσιον</span> <span class='ocrx_word' id='word_1_568' title='bbox 1198 1640 1331 1676; x_wconf 84' lang='grc' dir='ltr'>πρόϐατον</span> <span class='ocrx_word' id='word_1_569' title='bbox 1352 1641 1366 1666; x_wconf 85' lang='grc' dir='ltr'><strong>ό</strong></span> <span class='ocrx_word' id='word_1_570' title='bbox 1381 1638 1496 1675; x_wconf 78' lang='grc' dir='ltr'>Χριστός</span> <span class='ocrx_word' id='word_1_571' title='bbox 1512 1637 1578 1664; x_wconf 74' lang='grc' dir='ltr'>ἐστι.</span> <span class='ocrx_word' id='word_1_572' title='bbox 1600 1637 1636 1664; x_wconf 84' lang='grc' dir='ltr'><strong>Τὸ</strong></span> <span class='ocrx_word' id='word_1_573' title='bbox 1652 1638 1707 1672; x_wconf 79' lang='grc' dir='ltr'><strong>γὰρ</strong></span> <span class='ocrx_word' id='word_1_574' title='bbox 1722 1639 1754 1664; x_wconf 84' lang='lat' dir='ltr'><strong>t‘v</strong></span> <span class='ocrx_word' id='word_1_575' title='bbox 1769 1646 1824 1673; x_wconf 80' lang='grc' dir='ltr'>μη-</span> 
     </span>
    </p>
   </div>
   <div class='ocr_carea' id='block_1_80' title="bbox 1026 1681 1825 1720">
    <p class='ocr_par' dir='ltr' id='par_1_80' title="bbox 1026 1681 1825 1720">
     <span class='ocr_line' id='line_1_80' title="bbox 1026 1681 1825 1720; baseline 0.001 -11"><span class='ocrx_word' id='word_1_576' title='bbox 1026 1683 1082 1710; x_wconf 76' lang='grc' dir='ltr'>δενὶ</span> <span class='ocrx_word' id='word_1_577' title='bbox 1096 1684 1268 1720; x_wconf 81' lang='grc' dir='ltr'>ὑστερεῖσθαι</span> <span class='ocrx_word' id='word_1_578' title='bbox 1282 1684 1350 1720; x_wconf 80' lang='grc' dir='ltr'>μηδὲ</span> <span class='ocrx_word' id='word_1_579' title='bbox 1366 1683 1474 1715; x_wconf 79' lang='grc' dir='ltr'>ἐλλιπές</span> <span class='ocrx_word' id='word_1_580' title='bbox 1490 1691 1516 1709; x_wconf 85' lang='grc' dir='ltr'><strong>τι</strong></span> <span class='ocrx_word' id='word_1_581' title='bbox 1531 1682 1602 1718; x_wconf 75' lang='grc' dir='ltr'>ἔχειν</span> <span class='ocrx_word' id='word_1_582' title='bbox 1616 1681 1660 1708; x_wconf 84' lang='grc' dir='ltr'><strong>διὰ</strong></span> <span class='ocrx_word' id='word_1_583' title='bbox 1671 1681 1719 1708; x_wconf 86' lang='grc' dir='ltr'><strong>τοῦ</strong></span> <span class='ocrx_word' id='word_1_584' title='bbox 1733 1683 1825 1710; x_wconf 75' lang='grc' dir='ltr'>ἐνιαυ-</span> 
     </span>
    </p>
   </div>
   <div class='ocr_carea' id='block_1_81' title="bbox 1026 1728 1222 1765">
    <p class='ocr_par' dir='ltr' id='par_1_81' title="bbox 1026 1728 1222 1765">
     <span class='ocr_line' id='line_1_81' title="bbox 1026 1728 1222 1765; baseline 0 -9"><span class='ocrx_word' id='word_1_585' title='bbox 1026 1728 1073 1756; x_wconf 81' lang='grc' dir='ltr'>τοῦ</span> <span class='ocrx_word' id='word_1_586' title='bbox 1085 1729 1222 1765; x_wconf 81' lang='grc' dir='ltr'>δηλοῦται.</span> 
     </span>
    </p>
   </div>
   <div class='ocr_carea' id='block_1_82' title="bbox 1064 1773 1824 1810">
    <p class='ocr_par' dir='ltr' id='par_1_82' title="bbox 1064 1773 1824 1810">
     <span class='ocr_line' id='line_1_82' title="bbox 1064 1773 1824 1810; baseline -0.001 -10"><span class='ocrx_word' id='word_1_587' title='bbox 1064 1784 1073 1800; x_wconf 71' lang='grc' dir='ltr'><strong>ε</strong></span> <span class='ocrx_word' id='word_1_588' title='bbox 1085 1775 1140 1802; x_wconf 74' lang='grc' dir='ltr'><strong>Καὶ</strong></span> <span class='ocrx_word' id='word_1_589' title='bbox 1164 1775 1319 1810; x_wconf 70' lang='grc' dir='ltr'>σφάξουσινι</span> <span class='ocrx_word' id='word_1_590' title='bbox 1333 1774 1398 1801; x_wconf 81' lang='grc' dir='ltr'>αὐτὸ</span> <span class='ocrx_word' id='word_1_591' title='bbox 1421 1775 1474 1800; x_wconf 78' lang='grc' dir='ltr'>πᾶν</span> <span class='ocrx_word' id='word_1_592' title='bbox 1488 1773 1518 1800; x_wconf 84' lang='grc' dir='ltr'>τὸ</span> <span class='ocrx_word' id='word_1_593' title='bbox 1534 1773 1633 1808; x_wconf 80' lang='grc' dir='ltr'>πλῆθος</span> <span class='ocrx_word' id='word_1_594' title='bbox 1655 1773 1824 1809; x_wconf 81' lang='grc' dir='ltr'>συναγωγῆς</span> 
     </span>
    </p>
   </div>
   <div class='ocr_carea' id='block_1_83' title="bbox 1026 1818 1824 1856">
    <p class='ocr_par' dir='ltr' id='par_1_83' title="bbox 1026 1818 1824 1856">
     <span class='ocr_line' id='line_1_83' title="bbox 1026 1818 1824 1856; baseline 0.001 -11"><span class='ocrx_word' id='word_1_595' title='bbox 1026 1818 1092 1847; x_wconf 87' lang='grc' dir='ltr'>υίῶν</span> <span class='ocrx_word' id='word_1_596' title='bbox 1114 1820 1222 1856; x_wconf 82' lang='grc' dir='ltr'>Ἰσραὴλ</span> <span class='ocrx_word' id='word_1_597' title='bbox 1247 1819 1314 1856; x_wconf 72' lang='grc' dir='ltr'>πρὸς</span> <span class='ocrx_word' id='word_1_598' title='bbox 1338 1819 1465 1855; x_wconf 78' lang='grc' dir='ltr'>ἑσπέραν.</span> <span class='ocrx_word' id='word_1_599' title='bbox 1478 1828 1487 1844; x_wconf 85' lang='grc'><strong>›</strong></span> <span class='ocrx_word' id='word_1_600' title='bbox 1509 1819 1580 1854; x_wconf 46' lang='lat' dir='ltr'><strong>Urb:</strong></span> <span class='ocrx_word' id='word_1_601' title='bbox 1596 1818 1716 1854; x_wconf 78' lang='grc' dir='ltr'>ἑσπέραν</span> <span class='ocrx_word' id='word_1_602' title='bbox 1731 1819 1763 1845; x_wconf 84' lang='grc' dir='ltr'><strong>δὲ</strong></span> <span class='ocrx_word' id='word_1_603' title='bbox 1776 1828 1824 1846; x_wconf 66' lang='grc' dir='ltr'>κεν</span> 
     </span>
    </p>
   </div>
   <div class='ocr_carea' id='block_1_84' title="bbox 1025 1863 1824 1901">
    <p class='ocr_par' dir='ltr' id='par_1_84' title="bbox 1025 1863 1824 1901">
     <span class='ocr_line' id='line_1_84' title="bbox 1025 1863 1824 1901; baseline -0.003 -10"><span class='ocrx_word' id='word_1_604' title='bbox 1025 1865 1161 1901; x_wconf 86' lang='grc' dir='ltr'>λευόμεθα</span> <span class='ocrx_word' id='word_1_605' title='bbox 1186 1865 1285 1900; x_wconf 77' lang='grc' dir='ltr'>σφάξαι</span> <span class='ocrx_word' id='word_1_606' title='bbox 1300 1865 1330 1891; x_wconf 84' lang='grc' dir='ltr'>τὸ</span> <span class='ocrx_word' id='word_1_607' title='bbox 1352 1864 1498 1901; x_wconf 79' lang='grc' dir='ltr'>πρόϐατον,</span> <span class='ocrx_word' id='word_1_608' title='bbox 1524 1864 1618 1900; x_wconf 75' lang='grc' dir='ltr'>ἐπειδὴ</span> <span class='ocrx_word' id='word_1_609' title='bbox 1643 1863 1691 1890; x_wconf 76' lang='grc' dir='ltr'>καὶ</span> <span class='ocrx_word' id='word_1_610' title='bbox 1715 1864 1824 1901; x_wconf 74' lang='grc' dir='ltr'>ἐσχάτῃ</span> 
     </span>
    </p>
   </div>
   <div class='ocr_carea' id='block_1_85' title="bbox 1026 1908 1824 1947">
    <p class='ocr_par' dir='ltr' id='par_1_85' title="bbox 1026 1908 1824 1947">
     <span class='ocr_line' id='line_1_85' title="bbox 1026 1908 1824 1947; baseline 0 -10"><span class='ocrx_word' id='word_1_611' title='bbox 1026 1910 1086 1947; x_wconf 72' lang='grc' dir='ltr'>ὥρᾳ</span> <span class='ocrx_word' id='word_1_612' title='bbox 1099 1910 1129 1938; x_wconf 86' lang='grc' dir='ltr'><strong>τὺ</strong></span> <span class='ocrx_word' id='word_1_613' title='bbox 1141 1911 1266 1947; x_wconf 79' lang='grc' dir='ltr'>ἀληθινὸν</span> <span class='ocrx_word' id='word_1_614' title='bbox 1279 1911 1356 1946; x_wconf 81' lang='grc' dir='ltr'>ἡμῶν</span> <span class='ocrx_word' id='word_1_615' title='bbox 1368 1910 1502 1947; x_wconf 85' lang='grc' dir='ltr'>πρόϐατον</span> <span class='ocrx_word' id='word_1_616' title='bbox 1513 1911 1553 1942; x_wconf 76' lang='grc' dir='ltr'>εἰς</span> <span class='ocrx_word' id='word_1_617' title='bbox 1568 1910 1612 1936; x_wconf 87' lang='grc' dir='ltr'><strong>τὸν</strong></span> <span class='ocrx_word' id='word_1_618' title='bbox 1623 1909 1726 1945; x_wconf 84' lang='grc' dir='ltr'>κόσμον</span> <span class='ocrx_word' id='word_1_619' title='bbox 1738 1908 1824 1946; x_wconf 80' lang='grc' dir='ltr'>ἦλθεν</span> 
     </span>
    </p>
   </div>
   <div class='ocr_carea' id='block_1_86' title="bbox 1025 1957 1154 1993">
    <p class='ocr_par' dir='ltr' id='par_1_86' title="bbox 1025 1957 1154 1993">
     <span class='ocr_line' id='line_1_86' title="bbox 1025 1957 1154 1993; baseline 0 -10"><span class='ocrx_word' id='word_1_620' title='bbox 1025 1957 1154 1993; x_wconf 85' lang='grc' dir='ltr'>ὁΣωτήρ.</span> 
     </span>
    </p>
   </div>
   <div class='ocr_carea' id='block_1_87' title="bbox 1063 2013 1823 2050">
    <p class='ocr_par' dir='ltr' id='par_1_87' title="bbox 1063 2013 1823 2050">
     <span class='ocr_line' id='line_1_87' title="bbox 1063 2013 1823 2050; baseline -0.001 -8"><span class='ocrx_word' id='word_1_621' title='bbox 1063 2024 1072 2041; x_wconf 75' lang='grc' dir='ltr'><strong>ε</strong></span> <span class='ocrx_word' id='word_1_622' title='bbox 1083 2015 1139 2042; x_wconf 80' lang='grc' dir='ltr'><strong>Καὶ</strong></span> <span class='ocrx_word' id='word_1_623' title='bbox 1155 2014 1285 2050; x_wconf 76' lang='grc' dir='ltr'>λήψονται</span> <span class='ocrx_word' id='word_1_624' title='bbox 1296 2014 1349 2041; x_wconf 81' lang='grc' dir='ltr'><strong>ἀπὸ</strong></span> <span class='ocrx_word' id='word_1_625' title='bbox 1360 2013 1407 2041; x_wconf 87' lang='grc' dir='ltr'>τοῦ</span> <span class='ocrx_word' id='word_1_626' title='bbox 1423 2014 1547 2049; x_wconf 78' lang='grc' dir='ltr'>αἵματος,</span> <span class='ocrx_word' id='word_1_627' title='bbox 1561 2014 1608 2041; x_wconf 81' lang='grc' dir='ltr'><strong>καὶ</strong></span> <span class='ocrx_word' id='word_1_628' title='bbox 1622 2014 1757 2049; x_wconf 80' lang='grc' dir='ltr'>θήσουσιν</span> <span class='ocrx_word' id='word_1_629' title='bbox 1773 2015 1823 2042; x_wconf 68' lang='grc' dir='ltr'><strong>ἐπὶ</strong></span> 
     </span>
    </p>
   </div>
   <div class='ocr_carea' id='block_1_88' title="bbox 1024 2059 1822 2096">
    <p class='ocr_par' dir='ltr' id='par_1_88' title="bbox 1024 2059 1822 2096">
     <span class='ocr_line' id='line_1_88' title="bbox 1024 2059 1822 2096; baseline 0.001 -9"><span class='ocrx_word' id='word_1_630' title='bbox 1024 2061 1078 2088; x_wconf 87' lang='grc' dir='ltr'><strong>τῶν</strong></span> <span class='ocrx_word' id='word_1_631' title='bbox 1090 2061 1137 2089; x_wconf 87' lang='grc' dir='ltr'><strong>δύο</strong></span> <span class='ocrx_word' id='word_1_632' title='bbox 1149 2060 1287 2096; x_wconf 86' lang='grc' dir='ltr'>σταθμῶν,</span> <span class='ocrx_word' id='word_1_633' title='bbox 1304 2060 1351 2087; x_wconf 81' lang='grc' dir='ltr'>καὶ</span> <span class='ocrx_word' id='word_1_634' title='bbox 1363 2060 1409 2087; x_wconf 73' lang='grc' dir='ltr'><strong>ἐπὶ</strong></span> <span class='ocrx_word' id='word_1_635' title='bbox 1423 2060 1473 2094; x_wconf 81' lang='grc' dir='ltr'>τὴν</span> <span class='ocrx_word' id='word_1_636' title='bbox 1485 2059 1574 2094; x_wconf 85' lang='grc' dir='ltr'>φλιὰν,</span> <span class='ocrx_word' id='word_1_637' title='bbox 1588 2060 1617 2086; x_wconf 81' lang='grc' dir='ltr'>ὲν</span> <span class='ocrx_word' id='word_1_638' title='bbox 1629 2061 1685 2091; x_wconf 88' lang='grc' dir='ltr'>τοῖς</span> <span class='ocrx_word' id='word_1_639' title='bbox 1696 2059 1785 2092; x_wconf 81' lang='grc' dir='ltr'>οἴκοις</span> <span class='ocrx_word' id='word_1_640' title='bbox 1793 2069 1822 2087; x_wconf 69' lang='grc'><strong>⁸)</strong></span> 
     </span>
    </p>
   </div>
   <div class='ocr_carea' id='block_1_89' title="bbox 1025 2104 1823 2141">
    <p class='ocr_par' dir='ltr' id='par_1_89' title="bbox 1025 2104 1823 2141">
     <span class='ocr_line' id='line_1_89' title="bbox 1025 2104 1823 2141; baseline -0.004 -7"><span class='ocrx_word' id='word_1_641' title='bbox 1025 2107 1073 2134; x_wconf 77' lang='grc' dir='ltr'>καὶ</span> <span class='ocrx_word' id='word_1_642' title='bbox 1088 2106 1123 2133; x_wconf 82' lang='grc' dir='ltr'>τὰ</span> <span class='ocrx_word' id='word_1_643' title='bbox 1138 2106 1211 2141; x_wconf 76' lang='grc' dir='ltr'>ἑξῆς.</span> <span class='ocrx_word' id='word_1_644' title='bbox 1229 2105 1335 2141; x_wconf 88' lang='grc' dir='ltr'>Θύομεν</span> <span class='ocrx_word' id='word_1_645' title='bbox 1350 2105 1388 2137; x_wconf 85' lang='grc' dir='ltr'><strong>δὲ,</strong></span> <span class='ocrx_word' id='word_1_646' title='bbox 1406 2105 1454 2132; x_wconf 85' lang='grc' dir='ltr'>καὶ</span> <span class='ocrx_word' id='word_1_647' title='bbox 1470 2105 1581 2141; x_wconf 87' lang='grc' dir='ltr'>χρίομεν</span> <span class='ocrx_word' id='word_1_648' title='bbox 1595 2105 1658 2136; x_wconf 70' lang='grc' dir='ltr'>τοὺς</span> <span class='ocrx_word' id='word_1_649' title='bbox 1677 2104 1773 2138; x_wconf 78' lang='grc' dir='ltr'>οῐκους</span> <span class='ocrx_word' id='word_1_650' title='bbox 1788 2106 1823 2141; x_wconf 81' lang='grc' dir='ltr'><strong>ὴ-</strong></span> 
     </span>
    </p>
   </div>
   <div class='ocr_carea' id='block_1_90' title="bbox 1026 2150 1823 2187">
    <p class='ocr_par' dir='ltr' id='par_1_90' title="bbox 1026 2150 1823 2187">
     <span class='ocr_line' id='line_1_90' title="bbox 1026 2150 1823 2187; baseline 0 -9"><span class='ocrx_word' id='word_1_651' title='bbox 1026 2151 1083 2187; x_wconf 86' lang='grc' dir='ltr'>μῶν</span> <span class='ocrx_word' id='word_1_652' title='bbox 1099 2151 1138 2186; x_wconf 89' lang='grc' dir='ltr'>τῷ</span> <span class='ocrx_word' id='word_1_653' title='bbox 1154 2151 1266 2187; x_wconf 82' lang='grc' dir='ltr'>αἵματι·</span> <span class='ocrx_word' id='word_1_654' title='bbox 1285 2150 1355 2185; x_wconf 84' lang='grc' dir='ltr'>λέγω</span> <span class='ocrx_word' id='word_1_655' title='bbox 1371 2150 1399 2177; x_wconf 84' lang='grc' dir='ltr'><strong>δὲ</strong></span> <span class='ocrx_word' id='word_1_656' title='bbox 1413 2150 1443 2177; x_wconf 85' lang='grc' dir='ltr'>τὸ</span> <span class='ocrx_word' id='word_1_657' title='bbox 1460 2150 1549 2186; x_wconf 85' lang='grc' dir='ltr'>σῶμα,</span> <span class='ocrx_word' id='word_1_658' title='bbox 1567 2151 1645 2186; x_wconf 86' lang='grc' dir='ltr'>εῐπερ</span> <span class='ocrx_word' id='word_1_659' title='bbox 1659 2151 1753 2186; x_wconf 83' lang='grc' dir='ltr'>χρίσις</span> <span class='ocrx_word' id='word_1_660' title='bbox 1775 2152 1823 2178; x_wconf 81' lang='grc' dir='ltr'>πί-</span> 
     </span>
    </p>
   </div>
   <div class='ocr_carea' id='block_1_91' title="bbox 185 2187 974 2233">
    <p class='ocr_par' dir='ltr' id='par_1_91' title="bbox 185 2193 972 2227">
     <span class='ocr_line' id='line_1_91' title="bbox 185 2193 972 2227; baseline 0.006 -10"><span class='ocrx_word' id='word_1_661' title='bbox 185 2199 239 2225; x_wconf 86' lang='lat' dir='ltr'><strong>qua</strong></span> <span class='ocrx_word' id='word_1_662' title='bbox 250 2193 470 2220; x_wconf 74' lang='lat' dir='ltr'><strong>exterminatoris</strong></span> <span class='ocrx_word' id='word_1_663' title='bbox 485 2193 631 2227; x_wconf 87' lang='lat' dir='ltr'><strong>potentiam</strong></span> <span class='ocrx_word' id='word_1_664' title='bbox 652 2193 736 2220; x_wconf 85' lang='lat' dir='ltr'><strong>everti</strong></span> <span class='ocrx_word' id='word_1_665' title='bbox 752 2194 896 2221; x_wconf 89' lang='lat' dir='ltr'><strong>credimus.</strong></span> <span class='ocrx_word' id='word_1_666' title='bbox 914 2194 972 2222; x_wconf 75' lang='lat' dir='ltr'><strong>Jnm</strong></span> 
     </span>
    </p>
   </div>
   <div class='ocr_carea' id='block_1_92' title="bbox 1064 2187 1821 2233">
    <p class='ocr_par' dir='ltr' id='par_1_92' title="bbox 1064 2195 1821 2233">
     <span class='ocr_line' id='line_1_92' title="bbox 1064 2195 1821 2233; baseline 0.001 -10"><span class='ocrx_word' id='word_1_667' title='bbox 1064 2206 1083 2229; x_wconf 72' lang='grc' dir='ltr'>,ς</span> <span class='ocrx_word' id='word_1_668' title='bbox 1095 2197 1169 2224; x_wconf 72' lang='grc' dir='ltr'>ἐστὶν</span> <span class='ocrx_word' id='word_1_669' title='bbox 1191 2198 1208 2233; x_wconf 82' lang='grc' dir='ltr'><strong>ἠ</strong></span> <span class='ocrx_word' id='word_1_670' title='bbox 1231 2197 1272 2229; x_wconf 89' lang='grc' dir='ltr'><strong>είς</strong></span> <span class='ocrx_word' id='word_1_671' title='bbox 1289 2196 1380 2228; x_wconf 84' lang='grc' dir='ltr'>αὐτὸν,</span> <span class='ocrx_word' id='word_1_672' title='bbox 1394 2197 1428 2224; x_wconf 82' lang='grc' dir='ltr'><strong>δι’</strong></span> <span class='ocrx_word' id='word_1_673' title='bbox 1440 2195 1474 2233; x_wconf 81' lang='grc' dir='ltr'>ἦς</span> <span class='ocrx_word' id='word_1_674' title='bbox 1496 2196 1616 2223; x_wconf 80' lang='grc' dir='ltr'>πιστεύω</span> <span class='ocrx_word' id='word_1_675' title='bbox 1629 2196 1678 2232; x_wconf 80' lang='grc' dir='ltr'>τὴν</span> <span class='ocrx_word' id='word_1_676' title='bbox 1692 2196 1741 2223; x_wconf 78' lang='grc' dir='ltr'>τοῦ</span> <span class='ocrx_word' id='word_1_677' title='bbox 1759 2197 1821 2224; x_wconf 84' lang='grc' dir='ltr'>ὀλο-</span> 
     </span>
    </p>
   </div>
   <div class='ocr_carea' id='block_1_93' title="bbox 186 2239 974 2278">
    <p class='ocr_par' dir='ltr' id='par_1_93' title="bbox 186 2239 974 2274">
     <span class='ocr_line' id='line_1_93' title="bbox 186 2239 974 2274; baseline 0.005 -10"><span class='ocrx_word' id='word_1_678' title='bbox 186 2242 276 2265; x_wconf 77' lang='lat' dir='ltr'><strong>autem</strong></span> <span class='ocrx_word' id='word_1_679' title='bbox 300 2239 385 2271; x_wconf 92' lang='lat' dir='ltr'><strong>uncti,</strong></span> <span class='ocrx_word' id='word_1_680' title='bbox 403 2239 428 2266; x_wconf 92' lang='lat' dir='ltr'><strong>id</strong></span> <span class='ocrx_word' id='word_1_681' title='bbox 453 2243 505 2270; x_wconf 83' lang='lat' dir='ltr'><strong>est,</strong></span> <span class='ocrx_word' id='word_1_682' title='bbox 530 2243 671 2274; x_wconf 84' lang='lat' dir='ltr'><strong>postquam</strong></span> <span class='ocrx_word' id='word_1_683' title='bbox 696 2239 796 2267; x_wconf 85' lang='lat' dir='ltr'><strong>Christi</strong></span> <span class='ocrx_word' id='word_1_684' title='bbox 821 2241 901 2268; x_wconf 82' lang='lat' dir='ltr'><strong>ﬁdem</strong></span> <span class='ocrx_word' id='word_1_685' title='bbox 919 2249 974 2268; x_wconf 57' lang='lat' dir='ltr'><strong>am.</strong></span> 
     </span>
    </p>
   </div>
   <div class='ocr_carea' id='block_1_94' title="bbox 1064 2239 1822 2278">
    <p class='ocr_par' dir='ltr' id='par_1_94' title="bbox 1064 2241 1822 2278">
     <span class='ocr_line' id='line_1_94' title="bbox 1064 2241 1822 2278; baseline -0.001 -9"><span class='ocrx_word' id='word_1_686' title='bbox 1064 2242 1137 2269; x_wconf 78' lang='grc' dir='ltr'>ευτοῦ</span> <span class='ocrx_word' id='word_1_687' title='bbox 1147 2242 1262 2278; x_wconf 88' lang='grc' dir='ltr'>δύναμιν</span> <span class='ocrx_word' id='word_1_688' title='bbox 1278 2241 1513 2278; x_wconf 80' lang='grc' dir='ltr'>καταργουμένην.</span> <span class='ocrx_word' id='word_1_689' title='bbox 1531 2241 1608 2268; x_wconf 81' lang='grc' dir='ltr'>Μετὰ</span> <span class='ocrx_word' id='word_1_690' title='bbox 1622 2241 1650 2268; x_wconf 79' lang='grc' dir='ltr'><strong>δὲ</strong></span> <span class='ocrx_word' id='word_1_691' title='bbox 1660 2241 1692 2268; x_wconf 68' lang='grc' dir='ltr'>τὸ</span> <span class='ocrx_word' id='word_1_692' title='bbox 1702 2241 1822 2278; x_wconf 84' lang='grc' dir='ltr'>χρισθῆ-</span> 
     </span>
    </p>
   </div>
   <div class='ocr_carea' id='block_1_95' title="bbox 185 2283 974 2324">
    <p class='ocr_par' dir='ltr' id='par_1_95' title="bbox 185 2283 974 2320">
     <span class='ocr_line' id='line_1_95' title="bbox 185 2283 974 2320; baseline 0.006 -10"><span class='ocrx_word' id='word_1_693' title='bbox 185 2283 257 2318; x_wconf 87' lang='lat' dir='ltr'><strong>plexi</strong></span> <span class='ocrx_word' id='word_1_694' title='bbox 273 2292 376 2317; x_wconf 89' lang='lat' dir='ltr'><strong>sumus,</strong></span> <span class='ocrx_word' id='word_1_695' title='bbox 395 2289 449 2312; x_wconf 88' lang='lat' dir='ltr'><strong>tum</strong></span> <span class='ocrx_word' id='word_1_696' title='bbox 466 2285 498 2312; x_wconf 89' lang='lat' dir='ltr'><strong>ad</strong></span> <span class='ocrx_word' id='word_1_697' title='bbox 514 2292 590 2313; x_wconf 87' lang='lat' dir='ltr'><strong>esum</strong></span> <span class='ocrx_word' id='word_1_698' title='bbox 604 2286 697 2314; x_wconf 89' lang='lat' dir='ltr'><strong>venire</strong></span> <span class='ocrx_word' id='word_1_699' title='bbox 716 2285 856 2320; x_wconf 84' lang='lat' dir='ltr'><strong>jubemur,</strong></span> <span class='ocrx_word' id='word_1_700' title='bbox 875 2295 928 2315; x_wconf 89' lang='lat' dir='ltr'><strong>non</strong></span> <span class='ocrx_word' id='word_1_701' title='bbox 945 2293 974 2315; x_wconf 94' lang='lat' dir='ltr'><strong>ut</strong></span> 
     </span>
    </p>
   </div>
   <div class='ocr_carea' id='block_1_96' title="bbox 1064 2283 1821 2324">
    <p class='ocr_par' dir='ltr' id='par_1_96' title="bbox 1064 2287 1821 2324">
     <span class='ocr_line' id='line_1_96' title="bbox 1064 2287 1821 2324; baseline -0.001 -10"><span class='ocrx_word' id='word_1_702' title='bbox 1064 2307 1066 2314; x_wconf 94' lang='lat'><strong>.</strong></span> <span class='ocrx_word' id='word_1_703' title='bbox 1081 2289 1164 2324; x_wconf 81' lang='grc' dir='ltr'>ἡμᾶς,</span> <span class='ocrx_word' id='word_1_704' title='bbox 1182 2288 1306 2315; x_wconf 83' lang='grc' dir='ltr'>τουτέστι</span> <span class='ocrx_word' id='word_1_705' title='bbox 1324 2287 1466 2315; x_wconf 85' lang='grc' dir='ltr'>πιστεῦσαι</span> <span class='ocrx_word' id='word_1_706' title='bbox 1489 2288 1528 2319; x_wconf 84' lang='grc' dir='ltr'><strong>είς</strong></span> <span class='ocrx_word' id='word_1_707' title='bbox 1546 2287 1592 2314; x_wconf 81' lang='grc' dir='ltr'>τὸν</span> <span class='ocrx_word' id='word_1_708' title='bbox 1606 2287 1735 2322; x_wconf 79' lang='grc' dir='ltr'>Χριστὸν,</span> <span class='ocrx_word' id='word_1_709' title='bbox 1757 2287 1821 2314; x_wconf 75' lang='grc' dir='ltr'>τότε</span> 
     </span>
    </p>
   </div>
   <div class='ocr_carea' id='block_1_97' title="bbox 185 2329 974 2370">
    <p class='ocr_par' dir='ltr' id='par_1_97' title="bbox 185 2329 973 2367">
     <span class='ocr_line' id='line_1_97' title="bbox 185 2329 973 2367; baseline 0.005 -11"><span class='ocrx_word' id='word_1_710' title='bbox 185 2329 294 2361; x_wconf 80' lang='lat' dir='ltr'><strong>crudas,</strong></span> <span class='ocrx_word' id='word_1_711' title='bbox 318 2334 366 2356; x_wconf 87' lang='lat' dir='ltr'><strong>aut</strong></span> <span class='ocrx_word' id='word_1_712' title='bbox 383 2334 475 2358; x_wconf 82' lang='lat' dir='ltr'><strong>coctas</strong></span> <span class='ocrx_word' id='word_1_713' title='bbox 499 2338 580 2365; x_wconf 83' lang='lat' dir='ltr'><strong>aqua,</strong></span> <span class='ocrx_word' id='word_1_714' title='bbox 596 2332 644 2359; x_wconf 84' lang='lat' dir='ltr'><strong>sed</strong></span> <span class='ocrx_word' id='word_1_715' title='bbox 669 2335 697 2358; x_wconf 92' lang='lat' dir='ltr'><strong>ut</strong></span> <span class='ocrx_word' id='word_1_716' title='bbox 712 2331 765 2367; x_wconf 73' lang='lat' dir='ltr'><strong>igni</strong></span> <span class='ocrx_word' id='word_1_717' title='bbox 780 2340 856 2360; x_wconf 84' lang='lat' dir='ltr'><strong>assas</strong></span> <span class='ocrx_word' id='word_1_718' title='bbox 875 2339 973 2360; x_wconf 82' lang='lat' dir='ltr'><strong>carnes</strong></span> 
     </span>
    </p>
   </div>
   <div class='ocr_carea' id='block_1_98' title="bbox 1064 2329 1822 2370">
    <p class='ocr_par' dir='ltr' id='par_1_98' title="bbox 1064 2332 1822 2370">
     <span class='ocr_line' id='line_1_98' title="bbox 1064 2332 1822 2370; baseline -0.001 -10"><span class='ocrx_word' id='word_1_719' title='bbox 1064 2333 1129 2360; x_wconf 79' lang='grc' dir='ltr'>ιὲπὶ</span> <span class='ocrx_word' id='word_1_720' title='bbox 1151 2333 1200 2369; x_wconf 85' lang='grc' dir='ltr'>τὴν</span> <span class='ocrx_word' id='word_1_721' title='bbox 1224 2334 1324 2370; x_wconf 85' lang='grc' dir='ltr'>βρῶσιν</span> <span class='ocrx_word' id='word_1_722' title='bbox 1350 2333 1479 2369; x_wconf 79' lang='grc' dir='ltr'>ἔρχεσθαι</span> <span class='ocrx_word' id='word_1_723' title='bbox 1495 2332 1681 2368; x_wconf 81' lang='grc' dir='ltr'>κελευόμεθα·</span> <span class='ocrx_word' id='word_1_724' title='bbox 1700 2333 1772 2369; x_wconf 85' lang='grc' dir='ltr'>μήτε</span> <span class='ocrx_word' id='word_1_725' title='bbox 1792 2333 1822 2360; x_wconf 76' lang='grc' dir='ltr'><strong>δὲ</strong></span> 
     </span>
    </p>
   </div>
   <div class='ocr_carea' id='block_1_99' title="bbox 186 2377 974 2415">
    <p class='ocr_par' dir='ltr' id='par_1_99' title="bbox 186 2377 372 2405">
     <span class='ocr_line' id='line_1_99' title="bbox 186 2377 372 2405; baseline 0.005 -1"><span class='ocrx_word' id='word_1_726' title='bbox 186 2377 298 2404; x_wconf 83' lang='lat' dir='ltr'><strong>comeda</strong></span> <span class='ocrx_word' id='word_1_727' title='bbox 304 2385 372 2405; x_wconf 82' lang='lat' dir='ltr'><strong>mus.</strong></span> 
     </span>
    </p>
   </div>
   <div class='ocr_carea' id='block_1_100' title="bbox 1064 2377 1714 2415">
    <p class='ocr_par' dir='ltr' id='par_1_100' title="bbox 1064 2377 1714 2415">
     <span class='ocr_line' id='line_1_100' title="bbox 1064 2377 1714 2415; baseline -0.002 -10"><span class='ocrx_word' id='word_1_728' title='bbox 1064 2378 1096 2411; x_wconf 79' lang='grc' dir='ltr'>ὰ,</span> <span class='ocrx_word' id='word_1_729' title='bbox 1112 2379 1181 2415; x_wconf 85' lang='grc' dir='ltr'>μήτε</span> <span class='ocrx_word' id='word_1_730' title='bbox 1196 2379 1319 2415; x_wconf 70' lang='grc' dir='ltr'>ἐφημένα</span> <span class='ocrx_word' id='word_1_731' title='bbox 1330 2380 1358 2406; x_wconf 86' lang='lat' dir='ltr'><strong>tv</strong></span> <span class='ocrx_word' id='word_1_732' title='bbox 1376 2379 1462 2411; x_wconf 77' lang='grc' dir='ltr'>ὕδατι,</span> <span class='ocrx_word' id='word_1_733' title='bbox 1477 2379 1535 2406; x_wconf 82' lang='grc' dir='ltr'>ἀλλ’</span> <span class='ocrx_word' id='word_1_734' title='bbox 1552 2378 1622 2406; x_wconf 80' lang='grc' dir='ltr'>ὀπτὰ</span> <span class='ocrx_word' id='word_1_735' title='bbox 1637 2377 1714 2413; x_wconf 83' lang='grc' dir='ltr'>πυρί.</span> 
     </span>
    </p>
   </div>
   <div class='ocr_carea' id='block_1_101' title="bbox 224 2422 971 2461">
    <p class='ocr_par' dir='ltr' id='par_1_101' title="bbox 224 2422 971 2461">
     <span class='ocr_line' id='line_1_101' title="bbox 224 2422 971 2461; baseline 0.009 -12"><span class='ocrx_word' id='word_1_736' title='bbox 224 2422 402 2458; x_wconf 69' lang='lat' dir='ltr'><strong>«Quicunque</strong></span> <span class='ocrx_word' id='word_1_737' title='bbox 426 2429 516 2453; x_wconf 85' lang='lat' dir='ltr'><strong>autem</strong></span> <span class='ocrx_word' id='word_1_738' title='bbox 541 2425 691 2454; x_wconf 86' lang='lat' dir='ltr'><strong>comederit</strong></span> <span class='ocrx_word' id='word_1_739' title='bbox 715 2426 888 2461; x_wconf 78' lang='lat' dir='ltr'><strong>fermentum,</strong></span> <span class='ocrx_word' id='word_1_740' title='bbox 915 2427 971 2456; x_wconf 87' lang='lat' dir='ltr'><strong>dis-</strong></span> 
     </span>
    </p>
   </div>
   <div class='ocr_carea' id='block_1_102' title="bbox 186 2468 970 2507">
    <p class='ocr_par' dir='ltr' id='par_1_102' title="bbox 186 2468 970 2507">
     <span class='ocr_line' id='line_1_102' title="bbox 186 2468 970 2507; baseline 0.008 -13"><span class='ocrx_word' id='word_1_741' title='bbox 186 2468 316 2502; x_wconf 87' lang='lat' dir='ltr'><strong>perdetur</strong></span> <span class='ocrx_word' id='word_1_742' title='bbox 333 2469 421 2496; x_wconf 86' lang='lat' dir='ltr'><strong>anima</strong></span> <span class='ocrx_word' id='word_1_743' title='bbox 437 2469 482 2497; x_wconf 85' lang='lat' dir='ltr'><strong>illa</strong></span> <span class='ocrx_word' id='word_1_744' title='bbox 497 2469 531 2497; x_wconf 89' lang='lat' dir='ltr'><strong>de</strong></span> <span class='ocrx_word' id='word_1_745' title='bbox 543 2469 625 2497; x_wconf 87' lang='lat' dir='ltr'><strong>Israel</strong></span> <span class='ocrx_word' id='word_1_746' title='bbox 638 2471 659 2498; x_wconf 88' lang='grc'><strong>³.</strong></span> <span class='ocrx_word' id='word_1_747' title='bbox 670 2480 679 2497; x_wconf 75' lang='grc' dir='ltr'><strong>ι</strong></span> <span class='ocrx_word' id='word_1_748' title='bbox 698 2471 799 2500; x_wconf 87' lang='lat' dir='ltr'><strong>Peribit</strong></span> <span class='ocrx_word' id='word_1_749' title='bbox 811 2472 892 2500; x_wconf 90' lang='lat' dir='ltr'><strong>homo</strong></span> <span class='ocrx_word' id='word_1_750' title='bbox 907 2481 970 2507; x_wconf 88' lang='lat' dir='ltr'><strong>pro-</strong></span> 
     </span>
    </p>
   </div>
   <div class='ocr_carea' id='block_1_103' title="bbox 187 2513 972 2553">
    <p class='ocr_par' dir='ltr' id='par_1_103' title="bbox 187 2513 972 2553">
     <span class='ocr_line' id='line_1_103' title="bbox 187 2513 972 2553; baseline 0.008 -14"><span class='ocrx_word' id='word_1_751' title='bbox 187 2518 246 2546; x_wconf 86' lang='lat' dir='ltr'><strong>pter</strong></span> <span class='ocrx_word' id='word_1_752' title='bbox 271 2513 446 2547; x_wconf 80' lang='lat' dir='ltr'><strong>fermentum,</strong></span> <span class='ocrx_word' id='word_1_753' title='bbox 471 2519 498 2542; x_wconf 89' lang='lat' dir='ltr'><strong>et</strong></span> <span class='ocrx_word' id='word_1_754' title='bbox 518 2516 704 2543; x_wconf 87' lang='lat' dir='ltr'><strong>universorum</strong></span> <span class='ocrx_word' id='word_1_755' title='bbox 734 2517 803 2544; x_wconf 88' lang='lat' dir='ltr'><strong>Deus</strong></span> <span class='ocrx_word' id='word_1_756' title='bbox 823 2518 869 2552; x_wconf 85' lang='lat' dir='ltr'><strong>qui</strong></span> <span class='ocrx_word' id='word_1_757' title='bbox 901 2517 972 2553; x_wconf 73' lang='lat' dir='ltr'><strong>leges</strong></span> 
     </span>
    </p>
   </div>
   <div class='ocr_carea' id='block_1_104' title="bbox 187 2559 972 2598">
    <p class='ocr_par' dir='ltr' id='par_1_104' title="bbox 187 2559 972 2598">
     <span class='ocr_line' id='line_1_104' title="bbox 187 2559 972 2598; baseline 0.006 -13"><span class='ocrx_word' id='word_1_758' title='bbox 187 2559 284 2591; x_wconf 78' lang='lat' dir='ltr'><strong>sancit,</strong></span> <span class='ocrx_word' id='word_1_759' title='bbox 302 2568 353 2595; x_wconf 86' lang='lat' dir='ltr'><strong>qua</strong></span> <span class='ocrx_word' id='word_1_760' title='bbox 371 2561 475 2588; x_wconf 81' lang='lat' dir='ltr'><strong>ratione</strong></span> <span class='ocrx_word' id='word_1_761' title='bbox 489 2561 622 2596; x_wconf 87' lang='lat' dir='ltr'><strong>disperdit</strong></span> <span class='ocrx_word' id='word_1_762' title='bbox 641 2562 786 2593; x_wconf 83' lang='lat' dir='ltr'><strong>tucechnm.</strong></span> <span class='ocrx_word' id='word_1_763' title='bbox 800 2571 851 2598; x_wconf 83' lang='lat' dir='ltr'><strong>qua</strong></span> <span class='ocrx_word' id='word_1_764' title='bbox 868 2564 972 2590; x_wconf 87' lang='lat' dir='ltr'><strong>ratione</strong></span> 
     </span>
    </p>
   </div>
   <div class='ocr_carea' id='block_1_105' title="bbox 187 2604 970 2643">
    <p class='ocr_par' dir='ltr' id='par_1_105' title="bbox 187 2604 970 2643">
     <span class='ocr_line' id='line_1_105' title="bbox 187 2604 970 2643; baseline 0.006 -12"><span class='ocrx_word' id='word_1_765' title='bbox 187 2604 319 2639; x_wconf 85' lang='lat' dir='ltr'><strong>disperdit</strong></span> <span class='ocrx_word' id='word_1_766' title='bbox 336 2607 500 2639; x_wconf 81' lang='lat' dir='ltr'><strong>adulterum,</strong></span> <span class='ocrx_word' id='word_1_767' title='bbox 523 2615 576 2641; x_wconf 78' lang='lat' dir='ltr'><strong>qua</strong></span> <span class='ocrx_word' id='word_1_768' title='bbox 602 2606 707 2634; x_wconf 85' lang='lat' dir='ltr'><strong>ratione</strong></span> <span class='ocrx_word' id='word_1_769' title='bbox 733 2608 866 2643; x_wconf 87' lang='lat' dir='ltr'><strong>disperdit</strong></span> <span class='ocrx_word' id='word_1_770' title='bbox 887 2609 970 2636; x_wconf 76' lang='lat' dir='ltr'><strong>cina:-</strong></span> 
     </span>
    </p>
   </div>
   <div class='ocr_carea' id='block_1_106' title="bbox 187 2649 970 2686">
    <p class='ocr_par' dir='ltr' id='par_1_106' title="bbox 187 2649 970 2686">
     <span class='ocr_line' id='line_1_106' title="bbox 187 2649 970 2686; baseline 0.009 -12"><span class='ocrx_word' id='word_1_771' title='bbox 187 2649 262 2680; x_wconf 83' lang='lat' dir='ltr'><strong>dutn,</strong></span> <span class='ocrx_word' id='word_1_772' title='bbox 277 2651 371 2678; x_wconf 83' lang='lat' dir='ltr'><strong>eadem</strong></span> <span class='ocrx_word' id='word_1_773' title='bbox 388 2652 518 2686; x_wconf 87' lang='lat' dir='ltr'><strong>disperdit</strong></span> <span class='ocrx_word' id='word_1_774' title='bbox 542 2652 685 2681; x_wconf 79' lang='lat' dir='ltr'><strong>habentem</strong></span> <span class='ocrx_word' id='word_1_775' title='bbox 703 2655 865 2682; x_wconf 79' lang='lat' dir='ltr'><strong>fertueutum</strong></span> <span class='ocrx_word' id='word_1_776' title='bbox 881 2655 907 2681; x_wconf 93' lang='lat' dir='ltr'><strong>in</strong></span> <span class='ocrx_word' id='word_1_777' title='bbox 921 2655 970 2681; x_wconf 90' lang='lat' dir='ltr'><strong>do-</strong></span> 
     </span>
    </p>
   </div>
   <div class='ocr_carea' id='block_1_107' title="bbox 187 2698 972 2736">
    <p class='ocr_par' dir='ltr' id='par_1_107' title="bbox 187 2698 972 2736">
     <span class='ocr_line' id='line_1_107' title="bbox 187 2698 972 2736; baseline 0.008 -15"><span class='ocrx_word' id='word_1_778' title='bbox 187 2704 231 2723; x_wconf 85' lang='lat' dir='ltr'><strong>mo</strong></span> <span class='ocrx_word' id='word_1_779' title='bbox 247 2704 294 2723; x_wconf 79' lang='lat' dir='ltr'><strong>sua</strong></span> <span class='ocrx_word' id='word_1_780' title='bbox 309 2698 352 2724; x_wconf 82' lang='lat' dir='ltr'><strong>die</strong></span> <span class='ocrx_word' id='word_1_781' title='bbox 364 2706 531 2733; x_wconf 81' lang='lat' dir='ltr'><strong>azymorum.</strong></span> <span class='ocrx_word' id='word_1_782' title='bbox 552 2701 593 2728; x_wconf 85' lang='lat' dir='ltr'><strong>Au</strong></span> <span class='ocrx_word' id='word_1_783' title='bbox 612 2701 663 2729; x_wconf 87' lang='lat' dir='ltr'><strong>hoc</strong></span> <span class='ocrx_word' id='word_1_784' title='bbox 679 2701 733 2730; x_wconf 90' lang='lat' dir='ltr'><strong>Deo</strong></span> <span class='ocrx_word' id='word_1_785' title='bbox 747 2701 878 2736; x_wconf 76' lang='lat' dir='ltr'><strong>dignum?</strong></span> <span class='ocrx_word' id='word_1_786' title='bbox 903 2700 972 2727; x_wconf 83' lang='lat' dir='ltr'><strong>lloc-</strong></span> 
     </span>
    </p>
   </div>
   <div class='ocr_carea' id='block_1_108' title="bbox 188 2742 970 2779">
    <p class='ocr_par' dir='ltr' id='par_1_108' title="bbox 188 2742 970 2779">
     <span class='ocr_line' id='line_1_108' title="bbox 188 2742 970 2779; baseline 0.005 -11"><span class='ocrx_word' id='word_1_787' title='bbox 188 2749 222 2769; x_wconf 90' lang='lat' dir='ltr'><strong>nc</strong></span> <span class='ocrx_word' id='word_1_788' title='bbox 245 2742 293 2777; x_wconf 75' lang='lat' dir='ltr'><strong>legi</strong></span> <span class='ocrx_word' id='word_1_789' title='bbox 312 2742 415 2771; x_wconf 60' lang='lat' dir='ltr'><strong>caelesti</strong></span> <span class='ocrx_word' id='word_1_790' title='bbox 429 2748 662 2775; x_wconf 81' lang='lat' dir='ltr'><strong>consentaneum?</strong></span> <span class='ocrx_word' id='word_1_791' title='bbox 682 2748 779 2775; x_wconf 84' lang='lat' dir='ltr'><strong>Verum</strong></span> <span class='ocrx_word' id='word_1_792' title='bbox 805 2746 930 2779; x_wconf 78' lang='lat' dir='ltr'><strong>dixerint,</strong></span> <span class='ocrx_word' id='word_1_793' title='bbox 948 2745 970 2772; x_wconf 89' lang='lat' dir='ltr'><strong>si</strong></span> 
     </span>
    </p>
   </div>
   <div class='ocr_carea' id='block_1_109' title="bbox 1061 2423 1823 2460">
    <p class='ocr_par' dir='ltr' id='par_1_109' title="bbox 1061 2423 1823 2460">
     <span class='ocr_line' id='line_1_109' title="bbox 1061 2423 1823 2460; baseline 0 -10"><span class='ocrx_word' id='word_1_794' title='bbox 1061 2433 1070 2449; x_wconf 85' lang='grc'><em>‹</em></span> <span class='ocrx_word' id='word_1_795' title='bbox 1082 2424 1140 2456; x_wconf 78' lang='grc' dir='ltr'><strong>Πᾶς</strong></span> <span class='ocrx_word' id='word_1_796' title='bbox 1153 2424 1183 2456; x_wconf 80' lang='grc' dir='ltr'>ὃς</span> <span class='ocrx_word' id='word_1_797' title='bbox 1196 2423 1230 2451; x_wconf 82' lang='grc' dir='ltr'>ἂν</span> <span class='ocrx_word' id='word_1_798' title='bbox 1247 2424 1321 2460; x_wconf 80' lang='grc' dir='ltr'><strong>φάγῃ</strong></span> <span class='ocrx_word' id='word_1_799' title='bbox 1339 2423 1440 2460; x_wconf 83' lang='grc' dir='ltr'>ζύμην,</span> <span class='ocrx_word' id='word_1_800' title='bbox 1457 2424 1711 2460; x_wconf 73' lang='grc' dir='ltr'>ἐξολοθρευθήσεται</span> <span class='ocrx_word' id='word_1_801' title='bbox 1726 2424 1744 2459; x_wconf 83' lang='grc' dir='ltr'>ὴ</span> <span class='ocrx_word' id='word_1_802' title='bbox 1767 2424 1823 2459; x_wconf 75' lang='grc' dir='ltr'>ψυ-</span> 
     </span>
    </p>
   </div>
   <div class='ocr_carea' id='block_1_110' title="bbox 1023 2469 1822 2508">
    <p class='ocr_par' dir='ltr' id='par_1_110' title="bbox 1023 2469 1822 2508">
     <span class='ocr_line' id='line_1_110' title="bbox 1023 2469 1822 2508; baseline -0.001 -11"><span class='ocrx_word' id='word_1_803' title='bbox 1023 2470 1057 2506; x_wconf 87' lang='grc' dir='ltr'>χὴ</span> <span class='ocrx_word' id='word_1_804' title='bbox 1071 2470 1161 2506; x_wconf 77' lang='grc' dir='ltr'>ἐκείνη</span> <span class='ocrx_word' id='word_1_805' title='bbox 1175 2470 1206 2503; x_wconf 79' lang='grc' dir='ltr'><strong>ἐξ</strong></span> <span class='ocrx_word' id='word_1_806' title='bbox 1223 2470 1340 2508; x_wconf 84' lang='grc' dir='ltr'>Ἰσραήλ.</span> <span class='ocrx_word' id='word_1_807' title='bbox 1353 2480 1362 2497; x_wconf 74' lang='grc' dir='ltr'>ι</span> <span class='ocrx_word' id='word_1_808' title='bbox 1386 2471 1655 2507; x_wconf 81' lang='grc' dir='ltr'>Ἐξολοθρευθήσεται</span> <span class='ocrx_word' id='word_1_809' title='bbox 1670 2469 1822 2506; x_wconf 78' lang='grc' dir='ltr'>ἄνθρωπος</span> 
     </span>
    </p>
   </div>
   <div class='ocr_carea' id='block_1_111' title="bbox 1022 2516 1822 2553">
    <p class='ocr_par' dir='ltr' id='par_1_111' title="bbox 1022 2516 1822 2553">
     <span class='ocr_line' id='line_1_111' title="bbox 1022 2516 1822 2553; baseline 0.003 -11"><span class='ocrx_word' id='word_1_810' title='bbox 1022 2516 1114 2543; x_wconf 71' lang='grc' dir='ltr'>ἕνεκεν</span> <span class='ocrx_word' id='word_1_811' title='bbox 1131 2516 1237 2553; x_wconf 83' lang='grc' dir='ltr'>ζύμης·</span> <span class='ocrx_word' id='word_1_812' title='bbox 1263 2517 1312 2544; x_wconf 84' lang='grc' dir='ltr'>καὶ</span> <span class='ocrx_word' id='word_1_813' title='bbox 1333 2518 1348 2544; x_wconf 82' lang='grc' dir='ltr'><strong><em>ὸ</em></strong></span> <span class='ocrx_word' id='word_1_814' title='bbox 1361 2517 1414 2544; x_wconf 89' lang='grc' dir='ltr'><strong>τῶν</strong></span> <span class='ocrx_word' id='word_1_815' title='bbox 1431 2517 1498 2544; x_wconf 84' lang='grc' dir='ltr'>ὅλων</span> <span class='ocrx_word' id='word_1_816' title='bbox 1521 2517 1587 2549; x_wconf 82' lang='grc' dir='ltr'>Θεὺς</span> <span class='ocrx_word' id='word_1_817' title='bbox 1603 2517 1617 2543; x_wconf 81' lang='grc' dir='ltr'><strong>ὁ</strong></span> <span class='ocrx_word' id='word_1_818' title='bbox 1637 2516 1822 2552; x_wconf 67' lang='grc' dir='ltr'>χρηματίζων</span> 
     </span>
    </p>
   </div>
   <div class='ocr_carea' id='block_1_112' title="bbox 1023 2562 1822 2599">
    <p class='ocr_par' dir='ltr' id='par_1_112' title="bbox 1023 2562 1822 2599">
     <span class='ocr_line' id='line_1_112' title="bbox 1023 2562 1822 2599; baseline -0.001 -10"><span class='ocrx_word' id='word_1_819' title='bbox 1023 2563 1086 2595; x_wconf 78' lang='grc' dir='ltr'>τοὺς</span> <span class='ocrx_word' id='word_1_820' title='bbox 1099 2563 1207 2598; x_wconf 89' lang='grc' dir='ltr'>νόμους,</span> <span class='ocrx_word' id='word_1_821' title='bbox 1224 2563 1262 2595; x_wconf 86' lang='grc' dir='ltr'>ὡς</span> <span class='ocrx_word' id='word_1_822' title='bbox 1272 2563 1409 2599; x_wconf 87' lang='grc' dir='ltr'>ὀλοθρεύει</span> <span class='ocrx_word' id='word_1_823' title='bbox 1425 2563 1527 2599; x_wconf 74' lang='grc' dir='ltr'>μοιχὸν,</span> <span class='ocrx_word' id='word_1_824' title='bbox 1544 2563 1582 2595; x_wconf 88' lang='grc' dir='ltr'><strong>ὡς</strong></span> <span class='ocrx_word' id='word_1_825' title='bbox 1597 2562 1735 2596; x_wconf 82' lang='grc' dir='ltr'>ὀλοθρεύει</span> <span class='ocrx_word' id='word_1_826' title='bbox 1749 2563 1822 2598; x_wconf 75' lang='grc' dir='ltr'>πόρ-</span> 
     </span>
    </p>
   </div>
   <div class='ocr_carea' id='block_1_113' title="bbox 1024 2608 1822 2645">
    <p class='ocr_par' dir='ltr' id='par_1_113' title="bbox 1024 2608 1822 2645">
     <span class='ocr_line' id='line_1_113' title="bbox 1024 2608 1822 2645; baseline 0.001 -10"><span class='ocrx_word' id='word_1_827' title='bbox 1024 2618 1078 2640; x_wconf 85' lang='grc' dir='ltr'>νον,</span> <span class='ocrx_word' id='word_1_828' title='bbox 1095 2609 1133 2641; x_wconf 87' lang='grc' dir='ltr'>ὼς</span> <span class='ocrx_word' id='word_1_829' title='bbox 1148 2609 1284 2645; x_wconf 85' lang='grc' dir='ltr'>όλοθρεύει</span> <span class='ocrx_word' id='word_1_830' title='bbox 1301 2609 1488 2645; x_wconf 79' lang='grc' dir='ltr'>παιδοφθόρον,</span> <span class='ocrx_word' id='word_1_831' title='bbox 1506 2608 1592 2640; x_wconf 73' lang='grc' dir='ltr'>οὕτως</span> <span class='ocrx_word' id='word_1_832' title='bbox 1607 2608 1744 2644; x_wconf 81' lang='grc' dir='ltr'>ὀλοθρεύει</span> <span class='ocrx_word' id='word_1_833' title='bbox 1770 2609 1822 2636; x_wconf 73' lang='grc' dir='ltr'>τὸν</span> 
     </span>
    </p>
   </div>
   <div class='ocr_carea' id='block_1_114' title="bbox 1024 2654 1821 2691">
    <p class='ocr_par' dir='ltr' id='par_1_114' title="bbox 1024 2654 1821 2691">
     <span class='ocr_line' id='line_1_114' title="bbox 1024 2654 1821 2691; baseline 0.001 -10"><span class='ocrx_word' id='word_1_834' title='bbox 1024 2655 1119 2690; x_wconf 80' lang='grc' dir='ltr'>ἔχοντα</span> <span class='ocrx_word' id='word_1_835' title='bbox 1133 2655 1221 2691; x_wconf 81' lang='grc' dir='ltr'>ζύμην</span> <span class='ocrx_word' id='word_1_836' title='bbox 1242 2656 1271 2682; x_wconf 86' lang='lat' dir='ltr'><strong>tv</strong></span> <span class='ocrx_word' id='word_1_837' title='bbox 1284 2656 1316 2691; x_wconf 84' lang='grc' dir='ltr'>τῇ</span> <span class='ocrx_word' id='word_1_838' title='bbox 1340 2655 1413 2691; x_wconf 77' lang='grc' dir='ltr'>οἰκία</span> <span class='ocrx_word' id='word_1_839' title='bbox 1434 2654 1516 2682; x_wconf 79' lang='grc' dir='ltr'>αὑτοῦ</span> <span class='ocrx_word' id='word_1_840' title='bbox 1533 2656 1562 2682; x_wconf 78' lang='grc' dir='ltr'>ἐν</span> <span class='ocrx_word' id='word_1_841' title='bbox 1576 2656 1609 2690; x_wconf 85' lang='grc' dir='ltr'>τῇ</span> <span class='ocrx_word' id='word_1_842' title='bbox 1624 2654 1679 2681; x_wconf 84' lang='grc' dir='ltr'><strong>τῶν</strong></span> <span class='ocrx_word' id='word_1_843' title='bbox 1699 2654 1821 2690; x_wconf 79' lang='grc' dir='ltr'>ἀζύμων</span> 
     </span>
    </p>
   </div>
   <div class='ocr_carea' id='block_1_115' title="bbox 1024 2700 1822 2736">
    <p class='ocr_par' dir='ltr' id='par_1_115' title="bbox 1024 2700 1822 2736">
     <span class='ocr_line' id='line_1_115' title="bbox 1024 2700 1822 2736; baseline 0.003 -10"><span class='ocrx_word' id='word_1_844' title='bbox 1024 2701 1125 2736; x_wconf 73' lang='grc' dir='ltr'>ἡμέρᾳ.</span> <span class='ocrx_word' id='word_1_845' title='bbox 1146 2701 1231 2728; x_wconf 85' lang='grc' dir='ltr'>Τοῦτο</span> <span class='ocrx_word' id='word_1_846' title='bbox 1244 2701 1314 2727; x_wconf 83' lang='grc' dir='ltr'>κατὰ</span> <span class='ocrx_word' id='word_1_847' title='bbox 1323 2701 1390 2728; x_wconf 87' lang='grc' dir='ltr'>Θεόν</span> <span class='ocrx_word' id='word_1_848' title='bbox 1400 2702 1457 2728; x_wconf 82' lang='grc' dir='ltr'>ἐστι</span> <span class='ocrx_word' id='word_1_849' title='bbox 1470 2709 1477 2733; x_wconf 87' lang='lat'><strong>;</strong></span> <span class='ocrx_word' id='word_1_850' title='bbox 1495 2700 1572 2727; x_wconf 84' lang='grc' dir='ltr'>τοῦτο</span> <span class='ocrx_word' id='word_1_851' title='bbox 1588 2700 1657 2727; x_wconf 81' lang='grc' dir='ltr'>κατὰ</span> <span class='ocrx_word' id='word_1_852' title='bbox 1670 2700 1754 2735; x_wconf 83' lang='grc' dir='ltr'>νόμον</span> <span class='ocrx_word' id='word_1_853' title='bbox 1769 2701 1822 2728; x_wconf 75' lang='grc' dir='ltr'><strong>’ὠν</strong></span> 
     </span>
    </p>
   </div>
   <div class='ocr_carea' id='block_1_116' title="bbox 1023 2745 1820 2782">
    <p class='ocr_par' dir='ltr' id='par_1_116' title="bbox 1023 2745 1820 2782">
     <span class='ocr_line' id='line_1_116' title="bbox 1023 2745 1820 2782; baseline 0 -10"><span class='ocrx_word' id='word_1_854' title='bbox 1023 2746 1147 2781; x_wconf 68' lang='grc' dir='ltr'>οὐράνιόν</span> <span class='ocrx_word' id='word_1_855' title='bbox 1162 2747 1252 2776; x_wconf 54' lang='lat' dir='ltr'><strong>tactv:</strong></span> <span class='ocrx_word' id='word_1_856' title='bbox 1273 2746 1341 2773; x_wconf 77' lang='grc' dir='ltr'>Ἀλλ’</span> <span class='ocrx_word' id='word_1_857' title='bbox 1356 2747 1460 2782; x_wconf 70' lang='grc' dir='ltr'>εἴποιμι</span> <span class='ocrx_word' id='word_1_858' title='bbox 1478 2746 1510 2773; x_wconf 81' lang='grc' dir='ltr'>ἃν</span> <span class='ocrx_word' id='word_1_859' title='bbox 1524 2746 1564 2773; x_wconf 78' lang='grc' dir='ltr'>ὅτι</span> <span class='ocrx_word' id='word_1_860' title='bbox 1578 2745 1625 2772; x_wconf 73' lang='grc' dir='ltr'><strong>ἐὰν</strong></span> <span class='ocrx_word' id='word_1_861' title='bbox 1641 2745 1705 2782; x_wconf 81' lang='grc' dir='ltr'>ἔχῃς</span> <span class='ocrx_word' id='word_1_862' title='bbox 1723 2746 1820 2782; x_wconf 78' lang='grc' dir='ltr'>ζύμην</span> 
     </span>
    </p>
   </div>
   <div class='ocr_carea' id='block_1_117' title="bbox 223 2820 1406 2858">
    <p class='ocr_par' dir='ltr' id='par_1_117' title="bbox 223 2820 1406 2858">
     <span class='ocr_line' id='line_1_117' title="bbox 223 2820 1406 2858; baseline 0.003 -10"><span class='ocrx_word' id='word_1_863' title='bbox 223 2820 245 2836; x_wconf 79' lang='grc'><strong>⁵⁷</strong></span> <span class='ocrx_word' id='word_1_864' title='bbox 259 2821 342 2849; x_wconf 82' lang='lat' dir='ltr'><strong>Exod.</strong></span> <span class='ocrx_word' id='word_1_865' title='bbox 357 2829 394 2857; x_wconf 84' lang='lat' dir='ltr'><strong>Ix,</strong></span> <span class='ocrx_word' id='word_1_866' title='bbox 406 2823 451 2852; x_wconf 75' lang='lat'><strong>29.</strong></span> <span class='ocrx_word' id='word_1_867' title='bbox 490 2825 513 2841; x_wconf 84' lang='lat'><strong>&quot;</strong></span> <span class='ocrx_word' id='word_1_868' title='bbox 524 2824 609 2853; x_wconf 82' lang='lat' dir='ltr'><strong>Exod.</strong></span> <span class='ocrx_word' id='word_1_869' title='bbox 623 2833 671 2858; x_wconf 87' lang='lat' dir='ltr'><strong>xu,</strong></span> <span class='ocrx_word' id='word_1_870' title='bbox 684 2826 712 2854; x_wconf 76' lang='lat'><strong>3.</strong></span> <span class='ocrx_word' id='word_1_871' title='bbox 751 2826 773 2842; x_wconf 84' lang='lat'><strong>&quot;</strong></span> <span class='ocrx_word' id='word_1_872' title='bbox 787 2825 850 2854; x_wconf 78' lang='lat' dir='ltr'><strong>ibid.</strong></span> <span class='ocrx_word' id='word_1_873' title='bbox 865 2826 891 2854; x_wconf 82' lang='lat'><strong>5.</strong></span> <span class='ocrx_word' id='word_1_874' title='bbox 931 2826 941 2842; x_wconf 65' lang='grc' dir='ltr'><strong>ι</strong></span> <span class='ocrx_word' id='word_1_875' title='bbox 952 2826 1017 2854; x_wconf 83' lang='lat' dir='ltr'><strong>ibid.</strong></span> <span class='ocrx_word' id='word_1_876' title='bbox 1031 2827 1057 2853; x_wconf 88' lang='grc'><strong>6.</strong></span> <span class='ocrx_word' id='word_1_877' title='bbox 1095 2828 1106 2842; x_wconf 85' lang='grc'>¹</span> <span class='ocrx_word' id='word_1_878' title='bbox 1117 2826 1182 2854; x_wconf 83' lang='lat' dir='ltr'><strong>ibid.</strong></span> <span class='ocrx_word' id='word_1_879' title='bbox 1197 2827 1223 2855; x_wconf 92' lang='lat'><strong>7.</strong></span> <span class='ocrx_word' id='word_1_880' title='bbox 1262 2827 1272 2842; x_wconf 81' lang='grc'><strong><em>⁸</em></strong></span> <span class='ocrx_word' id='word_1_881' title='bbox 1283 2826 1348 2854; x_wconf 80' lang='lat' dir='ltr'><strong>ibid.</strong></span> <span class='ocrx_word' id='word_1_882' title='bbox 1365 2825 1406 2852; x_wconf 86' lang='lat' dir='ltr'><strong>l5.</strong></span> 
     </span>
    </p>
   </div>
  </div>
