1900 3060
72 126 118 154 285

685 115 840 145 SELECTA
857 114 890 142 ΙΝ
911 113 1064 142 EXODUM.

1638 108 1691 136 286

73 168 210 218 mv'qptac‘.
224 180 274 208 καἸ⁵
292 180 330 216 μὴ
347 179 538 215 ὲξολοθρεὺσῃς
554 178 643 205 πᾶσαν
658 176 747 212 ζύμην
758 176 856 207 κακίας

917 175 1019 209 [uident
1037 172 1138 200 habeas
1163 170 1325 199 fermentum
1353 169 1475 201 malitis.
1501 175 1550 196 nec
1575 167 1691 195 fermen-

72 227 122 256 ὰπδ
133 227 180 254 τοῦ
195 225 363 262 ἡγεμονικοῦ
379 233 440 252 σου·
456 223 525 258 αὓτη
549 223 603 258 γάρ
620 224 693 249 ἐστιν
708 223 725 257 ἡ
742 219 854 256 ἀληθινὴ

73 273 139 302 οἰκία
155 282 203 299 σου
214 280 220 287 ·
238 273 253 298 6
270 271 338 303 Θεὸς
351 270 405 297 τῶν
421 270 489 297 ὅλων
508 268 647 304 νομοθετεῖ
667 266 856 302 ὲξολοθρευθῆ-

73 320 110 347 ναι
127 328 155 346 σε
173 319 211 354 μὴ
227 317 399 345 ἀποὸαλὼτα
424 316 473 351 τὴν
490 316 579 350 ζύμην
593 314 641 349 τὴν
663 312 780 340 παλαιὰν
802 311 855 338 ἀπὺ

72 364 190 392 σεαυτοῦ.
216 364 277 399 Χρὴ
302 362 357 398 γάρ
381 371 409 388 σε
435 361 545 387 ἐλθόντα
571 361 610 391 εἰς
630 359 675 385 τὸν
692 358 785 394 καιρὺν
801 356 856 383 τῶν

71 410 143 441 νέων,
159 409 219 434 νέον
234 408 380 443 γενόμενον
395 406 477 442 μηδὲν
500 405 571 440 ἔχειν
585 405 706 440 ἀρχαῖον,
726 413 735 428 ι
748 402 787 429 Τὰ
805 403 856 437 ἀρ-

71 455 128 490 χαῖα
143 453 275 489 παρῆλθε,
290 463 299 478 ι
316 452 363 478 καὶ
387 451 420 478 τὰ
435 449 507 485 ἑξῆς.
525 451 595 485 Ὅρα
612 449 669 480 πῶς
685 449 738 475 ἔδει
761 448 856 483 ἑορτά-

72 500 123 531 ζειν
139 500 168 526 ἐν
185 498 251 534 μηνὶ
265 497 320 524 τῶν
333 497 400 523 νέων
412 495 460 527 τὴν
474 495 569 531 ἑορτὴν
582 495 635 521 τῶν
650 494 771 529 ἀζύμων.

106 598 114 612 ι
127 586 260 618 Καθὶξετε
271 586 320 620 τῆς
333 585 422 619 φλιᾶς,
435 583 482 610 καὶ
491 583 533 609 ἐπ’
544 582 707 618 ἀμφοτέρων
717 582 771 608 τῶν
780 580 856 608 σταθ-

73 633 138 668 μιῖιν,
164 632 220 659 ἀπὸ
244 631 291 658 τοῦ
316 631 431 666 αἵματος
454 629 468 656 ὃ
491 630 550 656 ἐστι
573 628 648 664 παρὰ
664 628 712 663 τὴν
736 627 830 662 θύραν.
845 637 853 653 ι

70 678 147 709 mea;
164 678 224 713 μὲν,
239 677 276 708 ὡς
288 675 440 703 ἀποδέδωκέ
456 683 498 706 τις
510 674 563 700 τῶν
579 673 632 709 πρὸ
646 672 733 708 ἡμῶν,
748 671 794 698 τοῦ
812 672 852 697 λο-

71 724 160 758 γικοῦ·
181 719 344 758 ἀμφοτέρων
357 721 385 749 δὲ
402 720 538 756 σταθμῶν,
554 718 669 754 θυμικοῦ
698 718 745 745 καὶ
764 717 858 744 ἐπιθυ-

72 769 196 806 μητικοῦ.

115 815 174 844 Τοῦ
194 814 299 842 αὑτοῦ.
325 813 362 840 Οὐ
387 813 442 847 γὰρ
469 811 544 843 ἐντὸς
566 809 709 845 γενόμενον
731 808 776 835 τὸν
798 807 857 835 ὀλο-

909 225 965 246 tum
989 227 1069 246 omne
1094 217 1222 252 nequitia:
1237 215 1377 251 disperdas
1399 216 1433 242 de
1458 219 1501 241 tua
1520 217 1611 240 mente
1623 212 1692 247 (hac

907 267 979 293 enim
994 273 1057 292 vera
1073 269 1117 292 tua
1133 264 1228 291 domus
1243 263 1305 297 est),
1317 262 1503 288 universorum
1521 259 1604 286 Deum
1615 259 1691 294 jube-

908 320 947 343 re.
961 311 1176 345 utdisperdaris,
1192 309 1238 343 qui
1249 313 1325 335 vetus
1339 307 1500 334 fermentum
1511 313 1524 332 a
1539 309 1564 332 te
1578 312 1629 331 non
1643 305 1692 331 ab-

904 357 1014 392 jeceris.
1036 355 1151 382 Necesse
1172 353 1245 380 enim
1261 357 1303 380 est
1318 357 1357 383 ut,
1371 359 1434 379 cum
1448 351 1555 378 veneris
1571 350 1603 378 ad
1623 355 1690 377 tem-

909 410 958 438 pus
974 408 1117 433 novorum,
1147 407 1233 427 novus
1248 399 1303 433 ipse
1317 397 1441 430 eli’ectus,
1454 396 1520 423 nihil
1537 395 1633 422 vetusti
1650 402 1694 422 re-

909 449 1006 476 tineas.
1027 446 1147 474 «Vetera
1172 443 1396 475 transierunt‘,»
1421 447 1474 470 etc.
1496 441 1561 469 Vide
1583 448 1637 476 qua
1653 448 1695 467 ra-

908 497 982 523 tione
1010 493 1125 521 debebat
1148 491 1273 518 solemne
1297 490 1339 525 agi
1363 490 1462 517 festum
1486 495 1640 523 azymorum
1667 493 1693 514 tn

908 547 1001 569 mense
1013 547 1157 566 novorum.

946 585 1095 620 «Tingetis
1121 584 1214 614 limen,
1244 586 1271 608 et
1301 587 1383 614 super
1415 579 1509 606 ambos
1533 582 1633 613 postes,
1661 577 1695 605 de

908 632 1040 667 sanguine
1063 630 1109 665 qui
1136 632 1178 656 est
1190 629 1267 663 juxta
1284 626 1383 653 ostium
1395 625 1415 652 '.
1430 634 1439 651 ι
1461 624 1554 651 Limen
1575 623 1694 658 quidem,

909 685 939 706 ut
954 678 1086 712 majorum
1102 675 1210 710 quidam
1225 673 1361 707 exposuit,
1382 670 1494 698 rationis
1509 670 1580 702 vim;
1603 669 1697 697 ambos

908 730 997 753 autem
1013 727 1115 758 postes,
1132 721 1184 748 vim
1199 721 1246 748 iraa
1262 728 1293 747 ac
1306 718 1473 752 cupiditatis.

962 809 1104 844 Ejusdem.
1142 809 1201 836 Non
1244 808 1317 836 enim
1351 806 1606 834 exlerminatorem.
1636 811 1696 831 cum

73 862 187 898 ορευτὴν
200 861 234 887 δι’
249 859 369 890 ἐπινοίας
386 858 561 892 ἐκϐάλλομεν,
583 856 639 883 ἀλλ’
653 856 727 887 ὅπως
743 854 775 882 ἂν
792 854 856 890 μηδὲ

920 865 963 885 atu
989 858 1063 885 intus
1092 860 1215 890 receptus
1243 859 1297 887 est,
1315 857 1374 880 arte
1397 851 1567 886 expellitnus,
1590 850 1636 877 sed
1663 857 1698 876 ne

72 909 116 944 τὴν
130 907 216 943 ἀρχὴν
234 905 394 942 παρεισδύῃ,
411 903 534 939 φυλακὴν
549 902 592 929 διὰ
606 902 654 928 τοῦ
671 901 753 937 νόμου
769 900 859 927 ποιού-

72 954 148 990 μεθα.
168 952 278 987 Φυλακὴ
291 951 318 978 δέ
334 952 392 977 ἐστι
409 950 456 976 καὶ
473 948 617 982 ἀσφάλεια,
642 947 682 979 τὸ,
706 946 744 982 τῷ
763 946 858 981 αἵματι

70 999 114 1025 τοῦ
131 996 219 1033 ἀμνοῦ
234 997 284 1032 τήν
296 1004 325 1022 τε
339 995 419 1029 φλιέιν
436 994 483 1020 καὶ
497 993 561 1024 τοὺς
575 992 711 1027 σταθμοὺς
724 991 773 1026 τῆς
789 991 860 1017 εἰσό-

70 1046 113 1072 δου
127 1041 390 1078 κατασημαίνεσθαι.

106 1101 115 1117 ι
138 1089 269 1125 Ἑγενήθη
286 1088 314 1115 δὲ
333 1086 467 1122 μεσούσης
490 1086 538 1121 τῆς
560 1085 668 1116 νυκτὸς,
693 1083 740 1111 καὶ
756 1083 860 1119 Κύριος

70 1136 188 1168 ἐπάταξε
208 1136 263 1161 πᾶν
283 1133 453 1168 πρωτότοκον
475 1133 503 1158 ὲν
521 1132 556 1166 γῇ
574 1130 712 1165 Αἰγύπτῳ.
727 1139 736 1155 ι
756 1130 794 1156 Δι’
811 1130 860 1164 ἀγ-

70 1183 154 1217 γέλων
170 1182 226 1217 γὰρ
243 1182 256 1207 ὁ
272 1180 337 1211 Θεὸς
352 1179 401 1210 τὰς
426 1176 627 1212 θανατηφόρους
641 1175 742 1206 ταύτας
762 1175 859 1209 ἐπάγει

70 1229 187 1264 πληγὰς,
205 1228 243 1259 ὼς
260 1227 305 1254 καὶ
321 1227 349 1252 ὲν
365 1227 424 1257 ταῖς
443 1224 597 1255 Βασιλείαις
617 1223 739 1258 ἔγνωμεν
755 1223 813 1254 πῶς
830 1224 859 1249 ἐν

72 1276 119 1309 μιᾷ
133 1273 213 1301 νυκτί
226 1274 241 1299 6
255 1271 368 1306 ἄγγελος
381 1271 468 1297 ἀνεῖλε
482 1269 536 1296 τῶν
544 1268 693 1304 Ἀσσυρίων
709 1272 765 1304 ρπε¹
775 1268 860 1303 χιλιά-

105 1375 114 1392 t
130 1361 216 1396 Οὗτος
236 1364 251 1389 ὁ
273 1363 353 1398 νόμος
370 1360 416 1388 τοῦ
440 1361 545 1396 Πάσχα-
566 1361 623 1391 Πᾶς
641 1358 787 1394 ἀλλογενὴς
811 1358 861 1385 οὐκ

69 1413 157 1439 ἔδεται
174 1411 223 1437 ἀπ’
239 1408 333 1436 αὑτοῦ.
354 1407 409 1434 Καὶ
429 1407 516 1434 πάντα
531 1405 640 1440 οἰκέτην
657 1405 738 1437 τινὸς,
751 1404 798 1431 καὶ
810 1405 860 1440 ἀρ-

69 1457 229 1493 γυρώνητον
254 1454 410 1488 περιτεμεῖς
426 1452 516 1483 αὐτὸν,
539 1451 585 1478 καὶ
604 1450 663 1477 τότε
685 1450 799 1484 φάγεται
813 1450 860 1476 ἀπ’

908 905 1019 933 omnino
1034 903 1181 935 Subintret,
1205 902 1262 931 leue
1286 906 1426 928 caremus.
1446 898 1474 925 In
1487 906 1520 924 eo
1539 901 1626 924 autem
1650 903 1698 931 po—

908 951 959 978 sita
985 949 1077 978 cautio
1103 957 1136 976 ac
1159 948 1328 984 praesidium.
1354 947 1377 974 si
1402 946 1540 980 ingressus
1564 944 1646 971 limen
1667 950 1699 969 ac

909 1001 998 1032 postes
1013 995 1075 1031 agni
1091 995 1224 1030 sanguine
1238 994 1390 1028 signemus.

946 1085 1024 1121 123
1047 1084 1179 1111 «Factum
1203 1087 1245 1110 est
1268 1087 1358 1109 autem
1383 1080 1518 1107 mediante
1549 1085 1638 1111 noete,
1666 1082 1695 1107 et

910 1133 1039 1160 Dominus
1070 1129 1205 1164 percussit
1228 1136 1308 1155 omne
1344 1128 1553 1163 primogenitum
1577 1126 1603 1152 in
1628 1130 1699 1152 terra

910 1177 1070 1213 (Egypti'a
1092 1176 1163 1203 Deus
1191 1182 1306 1208 namque
1333 1181 1382 1207 per
1408 1173 1520 1207 angelos
1536 1173 1618 1198 hasce
1635 1171 1698 1198 leti-

910 1222 983 1250 feras
1003 1221 1095 1256 plagas
1111 1219 1244 1250 immittit,
1258 1218 1295 1245 uti
1309 1219 1392 1245 etiam
1408 1218 1433 1244 iu
1450 1217 1604 1250 Regnorum
1623 1216 1699 1244 libris

911 1267 1025 1303 legimus
1041 1264 1174 1300 quomodo
1195 1263 1308 1298 angelus
1333 1270 1386 1289 una
1406 1267 1484 1289 nocte
1499 1267 1606 1289 centum
1622 1266 1700 1289 octo-

910 1314 984 1349 ginta
998 1312 1118 1347 quinqtte
1137 1310 1219 1337 millia
1239 1310 1412 1345 Assyriorum
1428 1309 1561 1338 occidit'.

949 1369 958 1386 ι
972 1358 1035 1386 Haec.
1058 1362 1100 1385 est
1127 1357 1170 1384 lcx
1199 1356 1311 1383 Pascha:
1329 1355 1442 1383 :Omnis
1464 1354 1616 1388 alienigena
1646 1361 1700 1381 non

910 1405 1034 1434 comedet
1065 1404 1099 1430 tle
1121 1410 1164 1430 eo.
1191 1401 1225 1429 Et
1247 1408 1356 1428 onmem
1382 1401 1534 1435 cuiuspiam
1559 1399 1700 1432 famulum,

911 1457 1074 1485 servumque
1098 1448 1251 1483 emptitium
1276 1447 1456 1474 circumcides
1482 1454 1555 1478 eum,
1583 1449 1610 1472 et
1637 1450 1702 1472 tunc

68 1503 161 1531 αὐτοῦ·
181 1513 190 1528 ι
213 1501 310 1529 καὶτὰ
328 1500 400 1534 ἑξῆς.
423 1497 588 1528 Ἀκολούθως
610 1498 667 1527 τοῖς
683 1495 856 1531 παρατεθεῖσι

917 1497 1035 1524 comedet
1051 1495 1084 1522 de
1097 1495 1158 1524 eo".
1171 1504 1180 1520 ι
1199 1499 1253 1521 etc.
1272 1492 1373 1521 Ordine
1390 1492 1506 1527 quodam
1523 1491 1555 1518 ad
1572 1498 1619 1517 cas
1641 1497 1701 1524 qua:

67 1550 157 1585 τρίτος
179 1547 254 1574 ἐστὶν
269 1542 347 1576 οὗτος
371 1544 462 1580 νόμος.
483 1543 512 1570 ὃν
534 1541 594 1569 εἷπε
619 1541 700 1568 πάλιν
722 1542 736 1567 6
759 1541 861 1576 Κύριος

68 1595 143 1630 παρὰ
165 1593 232 1624 τοὺς
253 1591 300 1618 δύο
311 1591 419 1626 νόμους.
433 1589 553 1624 Πρόσχες
568 1588 596 1615 δὲ
616 1589 648 1623 τῇ
671 1587 797 1622 ἀκριϐείᾳ
814 1587 862 1622 τῆς

67 1640 86 1666 Γ
87 1639 191 1674 ραφῆς,
204 1638 248 1664 ὅτι
261 1637 312 1663 οὐκ
328 1633 388 1662 εἷπε
406 1634 498 1661 τοῦτον
513 1633 558 1660 τὸν
577 1632 657 1668 νόμον
673 1632 719 1658 τὸν
735 1631 799 1667 περὶ
815 1631 860 1657 τοῦ

69 1686 166 1719 Πάσχα
179 1686 194 1711 6
208 1684 314 1719 Κύριος
329 1683 357 1709 ἐν
376 1683 408 1717 τῇ
425 1681 507 1717 ἀρχῇ.
523 1680 555 1706 Εἰ
572 1678 626 1714 γὰρ
642 1679 747 1714 εἰρήκει
764 1678 803 1704 ἔτι
819 1677 862 1704 ὅν-

66 1740 119 1758 ιτων
131 1732 161 1757 ὲν
178 1728 311 1763 Αἰγύπτῳ
328 1727 391 1762 πρὶν
407 1726 512 1760 ἀπᾷραι
533 1725 565 1750 ὲκ
582 1723 632 1757 τῆς
654 1722 792 1756 Αἰγύπτου
815 1721 861 1747 τὸν

75 1775 195 1812 Ἰσραὴλ,
211 1774 254 1806 τὸ,
275 1783 283 1798 t
299 1773 356 1804 Πᾶς
373 1770 518 1805 ἀλλογενὴς
536 1769 586 1796 οὐκ
599 1768 686 1795 ἔδεται
704 1768 750 1794 ἀπ’
768 1766 860 1793 αὐτοῦ.

69 1823 122 1849 Καὶ
139 1820 233 1847 πάντα
251 1817 359 1852 οἰκέτην
379 1816 461 1847 τινὸς,
478 1814 523 1841 καὶ
544 1813 737 1850 ἀργυρώνητον
752 1821 861 1847 περιτε-

68 1867 139 1901 μετς,
157 1864 208 1891 καὶ
222 1863 283 1890 τότε
300 1862 415 1896 φάγεται
436 1861 482 1887 ἀπ’
499 1859 591 1891 αὐτοῦ,
610 1868 619 1884 ι
647 1858 697 1884 οὐκ
720 1857 753 1884 ἂν
770 1857 863 1892 ἐξελη-

68 1912 192 1947 λῠθησαν
207 1911 222 1936 ό
240 1908 404 1943 πολύμικτος
418 1906 499 1936 πολὺς
516 1905 592 1940 ὃχλος
608 1905 622 1930 6
637 1903 751 1936 ἐξελθὼν
769 1903 798 1936 ἐξ
813 1903 862 1928 Αἰ-

69 1959 188 1993 γύπου.
212 1955 360 1990 Ἐτήρησεν
377 1950 422 1979 οὖν
441 1952 486 1978 τὴν
508 1951 588 1985 νόμον
610 1949 714 1981 τοῦτον,
732 1949 777 1975 ἵνα
795 1947 863 1984 μετὰ

68 2005 115 2033 τοῦ
127 2003 250 2038 ἐξελθεῖν
261 2002 324 2033 τοὺς
338 1999 515 2036 βουλομένους
529 1997 592 2033 δοθῇ
608 1997 684 2028 ἄλλος
699 1996 789 2031 νόμος.
807 1995 863 2022 Καὶ

66 2049 129 2084 μετ’
148 2048 250 2082 ὀλίγα.
273 2045 336 2072 Ἐὰν
359 2043 553 2079 ὰλληγορῶμεν
574 2041 661 2069 ταῦτα
683 2042 723 2072 εἰς
745 2041 793 2076 τὴν
813 2040 863 2075 ψυ-

68 2095 119 2131 χὴν
134 2093 228 2130 ἡμῶν,
245 2091 360 2128 ὲροῦμεν
381 2091 421 2117 ὅτι
441 2089 587 2122 οἰκογενεῖς
604 2088 654 2123 μέν
670 2087 738 2113 εἰσιν
755 2088 778 2113 οἱ
794 2095 864 2121 συμ-

69 2140 226 2175 πεφυκότες
238 2139 304 2174 ήμῖν
318 2137 365 2164 καὶ
379 2135 580 2171 γεωργηθέντες
591 2133 674 2167 λόγοι,
690 2133 737 2160 καὶ
750 2133 863 2168 ἐπιστῆ-

914 1541 1058 1578 proposita
1072 1544 1146 1571 sunt,
1163 1540 1221 1566 hazc
1249 1538 1291 1565 lex
1317 1537 1395 1565 tertia
1414 1542 1456 1564 est
1473 1544 1553 1570 quam
1571 1535 1702 1563 Dominus

914 1589 1011 1615 iterum
1039 1585 1219 1621 promulgavit
1249 1588 1348 1619 praeter
1379 1582 1452 1617 leges
1482 1583 1558 1608 duas.
1583 1580 1699 1607 Attende

913 1639 1004 1661 autem
1029 1633 1176 1666 Scriptura:
1204 1629 1395 1664 diligentiam;
1431 1628 1515 1661 legem
1547 1627 1617 1654 hanc
1646 1633 1700 1660 qua

913 1679 1015 1705 Pascha
1034 1677 1165 1708 sancitur,
1194 1684 1248 1703 non
1276 1683 1290 1701 ιι
1317 1673 1451 1708 principio
1477 1672 1538 1699 tulit
1559 1672 1700 1699 Dominus.

913 1724 1019 1758 Alioqui
1037 1731 1097 1750 cum
1116 1722 1204 1748 adhuc
1230 1725 1323 1748 essent
1344 1720 1370 1746 in
1386 1718 1515 1753 Egypto,
1537 1725 1567 1745 ac
1583 1718 1699 1744 necdum

913 1768 1034 1803 profecto
1061 1767 1170 1797 lsraele,
1197 1765 1220 1793 si
1245 1765 1385 1792 dixisset:
1407 1759 1524 1791 (Oinnis
1550 1763 1701 1797 alienigena

915 1824 967 1843 non
986 1814 1109 1842 comedet
1123 1820 1155 1840 ex
1172 1819 1215 1839 eo.
1232 1811 1265 1838 Et
1280 1819 1388 1841 omnem
1414 1809 1568 1845 cuiuspiam
1593 1817 1702 1837 servum

913 1869 945 1889 ac
955 1860 1107 1894 entptitimn
1121 1858 1313 1889 circumcides,
1329 1863 1357 1885 et
1373 1862 1437 1884 tunc
1449 1855 1574 1884 comedet
1589 1863 1621 1882 ex
1639 1863 1699 1887 eo,»

914 1915 967 1936 non
984 1907 1096 1934 exiisset
1112 1906 1207 1940 ingens
1231 1904 1274 1931 illa
1301 1903 1458 1939 promiscua
1481 1902 1627 1928 multitudo
1642 1909 1704 1935 qua

913 1961 945 1980 ex
968 1952 1085 1987 [Egypto
1108 1958 1217 1986 egressa
1243 1954 1294 1977 est.
1324 1948 1448 1976 Retinuit
1464 1948 1555 1982 itaque
1575 1947 1644 1973 hanc
1662 1947 1704 1973 ie—

914 2007 985 2034 gent,
1004 2002 1033 2025 ut
1048 1997 1079 2024 iis
1099 1998 1145 2032 qui
1164 1995 1254 2031 egredi
1272 1995 1434 2027 voluissent,
1451 1995 1564 2021 daretur
1580 1993 1630 2019 alia
1649 1993 1706 2020 lex.

916 2043 949 2070 Et
964 2047 1022 2078 post
1044 2050 1139 2076 pauca.
1155 2042 1182 2068 Si
1199 2042 1255 2069 inec
1272 2041 1305 2067 ad
1322 2045 1439 2068 mentem
1459 2044 1580 2066 nostram
1600 2038 1706 2065 refera—

915 2096 986 2120 tutts,
1009 2088 1133 2115 dicemus
1159 2086 1320 2114 vernaculos
1342 2093 1416 2118 esse.
1443 2085 1601 2120 congenitos
1626 2083 1708 2110 nobis

915 2142 948 2161 ac
966 2138 1058 2162 nostra
1073 2138 1163 2168 partas
1178 2133 1309 2160 industria
1330 2131 1472 2164 scientias,
1486 2130 1585 2166 quibus
1601 2138 1616 2157 a
1639 2137 1706 2157 con-

69 2197 112 2215 ναι
130 2186 188 2213 ἀπὸ
205 2184 352 2219 συμφύτων
367 2181 475 2209 ἐννοιῶν
498 2181 654 2218 ἀρξάμενοι’
675 2178 856 2215 ἀργυρώνητοι

917 2179 1015 2215 genitis
1030 2179 1186 2207 notionibus
1201 2179 1272 2205 scire
1285 2177 1475 2212 auspicantur;
1491 2180 1599 2209 emptos
1612 2179 1707 2201 autem

69 2232 109 2265 δὲ,
125 2233 185 2258 ὅσοι
202 2231 235 2256 ἐκ
248 2227 421 2259 διδασκαλίας
436 2228 501 2263 ἡμῖν
514 2226 680 2261 ἐπιγίνονται
695 2224 794 2258 ἔξωθεν
811 2224 864 2252 ἀπὸ

69 2279 123 2305 τῶν
142 2276 324 2313 μαθημάτων.
341 2274 447 2305 Πάντας
472 2270 519 2300 οὖν
535 2281 602 2308 φησι
620 2271 794 2307 περιτέμνειν
819 2271 866 2298 καὶ⁵

70 2323 227 2358 καθαίρειν,
244 2320 290 2346 καὶ
304 2320 368 2350 τοὺς
385 2319 541 2352 οἰκογενεῖς,
559 2317 606 2343 καὶ
621 2317 682 2348 τοὺς
705 2316 860 2352 ἀργυρωνή-

69 2378 145 2400 τους.
170 2366 314 2400 ’Δλλογενῆ
336 2365 365 2392 δὲ
380 2364 473 2391 οὐδένα
495 2364 536 2390 δεῖ
556 2361 785 2399 προσλαμϐάνειν,
810 2358 864 2388 οἷον

68 2415 213 2449 ἀλλότριον
227 2412 317 2446 δόγμα
333 2410 538 2445 προσιεμένους·
553 2408 682 2444 ἀλλογενῆ
698 2407 752 2443 γὰρ
768 2408 798 2434 οὐ
813 2416 865 2434 πα-

71 2459 228 2493 ραδέχεται,
253 2456 283 2488 ὃς
309 2455 431 2490 βούλεται
455 2453 607 2490 βεΰηλῶσαι
623 2453 672 2488 τὴν
697 2452 792 2488 ἑορτὴν
817 2451 864 2478 τοῦ

70 2505 187 2540 Κυρίου.
203 2503 260 2530 Καὶ
274 2502 338 2536 μετ’
350 2501 449 2535 ὀλίγα.
464 2501 494 2526 Εἰ
503 2499 558 2535 γὰρ
565 2501 595 2527 ὲν
606 2498 753 2534 Ἐκκλησία
766 2497 865 2530 ἐσθίεις

70 2550 167 2583 λόγους
182 2547 264 2580 Θεοῦ,
280 2546 380 2577 ἐσθίεις
395 2546 422 2572 δὲ
437 2545 483 2572 καὶ
506 2546 535 2572 ἐν
557 2545 692 2575 Ἰουδαίων
709 2545 863 2579 συναγωγῇ,

72 2595 254 2632 παραϐαίνεις
269 2593 318 2629 τὴν
331 2592 462 2626 λέγουσαν
479 2591 599 2627 ἐντολὴν,
619 2601 628 2617 ι
652 2591 697 2618 Ἐν
720 2591 793 2626 οἰκίᾳ
818 2591 866 2625 μιᾷ

72 2642 258 2677 βρωοήσεται.
276 2650 285 2665 ι
304 2639 335 2665 Εἰ
348 2638 377 2665 δὲ
395 2637 613 2674 μεταλαμϐάνεις
629 2637 718 2672 λόγων
737 2636 815 2668 Θεοῦ,
837 2638 867 2663 ὲν

70 2687 146 2722 οἰκίᾳ
157 2688 208 2723 μιᾷ
217 2688 251 2722 τῇ
268 2684 425 2720 Ἐκκλησία·
442 2683 500 2710 εἶτα
518 2682 676 2709 καταλιπὼν
692 2682 786 2717 αὐτὴν,
800 2682 868 2708 ὑπο-

70 2731 224 2768 λαμϐάνεις
240 2730 460 2766 μεταλαμϐάνειν
475 2729 542 2756 Θεοῦ
569 2730 597 2755 ἐν
613 2729 736 2765 αἰρετικῇ
752 2737 868 2762 συναγω-

918 2226 1015 2260 pretio,
1031 2232 1079 2252 eas
1103 2232 1162 2259 qum.
1184 2224 1253 2251 foris
1273 2232 1306 2251 ex
1331 2222 1455 2250 doctrina
1481 2230 1531 2257 per
1547 2220 1709 2255 d'mcipliuas

918 2272 1060 2299 accedunt.
1078 2270 1178 2298 Omnes
1198 2278 1263 2306 ergo
1276 2271 1353 2306 jubet
1379 2267 1538 2298 circumcidi
1558 2275 1590 2294 ac
1606 2274 1703 2293 emun-

918 2317 977 2345 dari
996 2321 1050 2344 tum
1069 2317 1240 2349 vernaculos,
1264 2321 1320 2343 tum
1337 2315 1487 2350 emptitios.
1504 2313 1588 2340 Nemo
1612 2317 1707 2339 autem

918 2363 1069 2397 alienigena
1094 2362 1274 2390 assumendus
1296 2367 1355 2394 est,
1381 2360 1534 2396 cujusmodi
1565 2364 1628 2386 sunt
1657 2357 1703 2392 qui

919 2410 1073 2437 doctrinam
1092 2409 1209 2436 alienam
1233 2409 1389 2435 admittunt.
1413 2406 1471 2434 Non
1487 2406 1559 2433 cnim
1575 2405 1706 2439 recipitur

919 2455 1084 2490 alienigena,
1100 2455 1144 2488 qui
1163 2454 1267 2481 Domini
1285 2452 1484 2481 solemnitatem
1501 2451 1558 2478 vult
1573 2450 1705 2484 polluere.

920 2501 954 2527 Et
970 2505 1027 2534 post
1049 2507 1145 2534 pauca.
1168 2499 1205 2526 Si“
1221 2499 1292 2525 enim
1316 2497 1363 2525 Dei
1380 2496 1563 2524 sermones-in
1582 2494 1704 2521 Ecclesia

918 2546 1051 2579 comedis,
1062 2551 1143 2581 atque
1158 2546 1239 2573 etiam
1254 2546 1280 2572 in
1295 2544 1447 2571 Judaeorum
1463 2548 1598 2577 synagoga
1615 2548 1705 2567 come-

916 2593 968 2625 dis,
986 2593 1189 2627 trausgrederis
1213 2591 1370 2619 mandatum
1387 2590 1458 2624 quod
1481 2589 1568 2616 dicit:
1584 2597 1593 2614 ι
1606 2588 1633 2615 lu
1650 2595 1704 2615 una

916 2639 996 2667 domo
1011 2639 1181 2667 comedetnr.
1197 2648 1205 2665 ι
1225 2638 1272 2665 Sin
1286 2637 1332 2664 Dei
1350 2643 1489 2665 sermones
1505 2635 1530 2662 in
1548 2642 1599 2661 una
1612 2634 1706 2668 domo,

915 2691 1014 2717 nempe
1027 2683 1147 2711 Ecclesia
1161 2683 1288 2717 percipis,
1301 2688 1412 2716 tumque
1423 2688 1455 2708 ea
1468 2680 1572 2712 relicta,
1583 2679 1705 2714 opinaris

918 2734 945 2757 te
964 2729 1012 2757 Dei
1029 2730 1188 2764 participem
1205 2728 1272 2756 ellici
1299 2728 1325 2754 in
1345 2727 1535 2754 haereticorum
1557 2732 1703 2761 synagoga,

107 2827 118 2838 °
132 2824 152 2851 ll
165 2824 227 2852 Cor.
243 2831 269 2857 v,
286 2823 328 2850 Π.
362 2823 373 2839 ⁸
385 2823 467 2850 Exod.
481 2823 586 2857 xtt,‘2‘2.
627 2823 636 2838 ⁸
651 2823 717 2851 ibid.
730 2823 775 2851 29.
814 2823 822 2838 ⁷
837 2822 856 2850 l‘

917 2829 949 2856 Vg.
965 2828 1020 2853 XIX,
1034 2819 1078 2847 35.
1119 2818 1225 2847 “Exod.
1241 2825 1288 2852 xu,
1300 2817 1344 2851 45,
1359 2816 1402 2845 Η.
