1900 3060
202 116 252 145 9.9!

906 113 952 141 EX
973 113 1122 142 ORIGENE

1776 112 1827 141 292

204 183 215 201 ι
229 173 283 200 Vos
294 179 326 200 ex
338 176 415 207 patre
427 171 535 200 diabolo
557 171 632 205 estis,
648 171 728 207 126
745 175 771 199 et
790 170 923 199 desideria
940 179 987 206 pa-

1041 179 1088 205 για
1100 170 1134 198 τὰ
1146 169 1216 207 ιερὰ.
1229 169 1310 204 Λέγει
1321 170 1335 197 6
1348 169 1444 205 Σωτὴρ
1455 168 1502 197 καὶ
1513 169 1616 205 Κύριος
1641 168 1746 205 Ἰησοῦς
1762 170 1828 206 Χρι-

203 220 252 247 tris
267 219 349 246 vestri
367 218 449 246 vultis
462 219 561 247 faccre.
579 218 626 245 Ille
643 218 777 245 homicida
791 222 833 245 est
850 218 884 244 ab
897 218 986 249 initio,

201 270 229 291 ct
244 265 270 291 in
283 265 395 292 veritate
408 272 459 292 non
474 266 560 292 stetit.
587 274 597 290 ι
613 264 682 300 Ergo
693 265 714 291 si
736 264 799 299 quis
818 267 923 298 peccat.
954 270 987 290 ex

202 315 280 344 patre
293 309 400 338 diabolo
412 314 463 342 est,
478 317 592 344 eamque
608 312 643 337 ob
673 317 729 336 rem
762 313 904 343 peccatum
932 307 987 335 dia-

202 355 254 383 boli
268 356 294 382 in
309 355 393 382 ﬁlium
413 355 543 383 redditur.
556 355 602 383 Ille
617 355 720 390 primus
732 359 859 390 peccator
875 360 925 387 est,
942 353 987 389 quj

202 402 267 429 mihi
281 407 421 435 peccatum
440 403 581 437 suggerit:
595 410 646 437 ego
661 405 752 429 autem
771 402 908 429 secundus
927 409 987 428 sum

201 451 337 482 peccator,
355 447 400 481 qui
418 447 490 475 illius
509 447 650 474 consilium
680 455 733 474 non
765 447 918 481 rejecenm,
941 447 987 474 sed

201 494 273 520 illius
288 494 342 520 vim
355 493 514 528 receperim,
531 501 593 520 cum
628 498 700 520 stare
722 493 862 521 debuerim
889 492 989 519 instru-

200 544 260 566 ctus
275 543 411 566 armatura
429 539 486 571 Dei,
498 544 526 566 et
551 539 654 566 habens
668 543 771 566 scutum
801 538 878 571 ﬁdei,
893 543 921 565 ut
937 538 987 565 tela

200 584 292 610 omnia
309 583 390 618 ignita
409 582 569 618 nequissimi
587 584 613 610 in
630 591 696 610 mea:
710 583 771 610 ﬁdei
785 589 864 611 scuto
886 583 988 609 exstin-

201 636 310 663 gtlerem
328 629 362 656 “.
378 628 445 655 Cum
460 628 544 662 igitur
561 636 654 662 pecco,
671 636 730 663 quae
747 633 810 655 sunt
824 628 924 655 diaboli
949 627 988 654 fa-

201 675 255 707 cio,
274 675 318 710 qui
334 675 359 701 in
376 682 423 702 cor
439 675 513 701 misit
529 678 558 701 ut
573 675 625 701 hoc
637 675 678 701 vel
697 675 762 702 illud
787 678 927 710 peccatum
948 673 988 700 fa-

202 727 302 747 cerem.
316 719 435 746 Primum
450 718 507 753 ejus
530 718 632 753 recipio
658 717 795 752 jaculum,
823 722 933 752 tumque
956 723 988 743 eo

203 773 323 799 recepto,
340 765 423 792 etiam
453 764 527 790 illum
543 764 671 790 admitto.
697 763 764 790 Nam
789 763 824 790 de
855 761 923 788 Juda
951 761 988 788 ita

200 819 307 847 quoque
322 812 452 845 scriptum
465 815 520 842 est,
536 817 589 836 non
610 809 727 844 primum
747 809 897 843 ingressum
928 814 988 834 esse

202 844 330 884 Satanam
350 844 470 887 inicum,
486 855 534 882 sed
549 855 665 889 primmn
692 861 753 881 cum
780 853 904 880 diabolus
931 852 986 887 jam
1004 844 1025 871 Β

201 903 319 929 misisset
334 902 360 928 in
379 909 425 928 cor
446 906 475 928 ut
493 901 612 928 traderet
634 907 695 926 eum
709 899 793 926 .ludas
808 898 901 926 Simon
920 897 989 925 Isca-

201 947 296 975 rietes.
315 952 369 972 lum
384 950 444 980 post
470 945 618 972 buccellam
634 945 660 971 in
681 951 741 971 eum
759 942 897 970 introiisse
910 942 989 968 Sata-

201 1001 273 1020 nam.
290 993 360 1027 Ergo
374 993 394 1019 si
411 995 522 1018 sanctus
538 998 598 1018 smn
613 1010 620 1023 ,
647 994 752 1024 patrem
776 988 863 1015 habeo
886 987 987 1019 Deum;

200 1040 241 1066 sin
257 1043 346 1066 autem
360 1045 418 1065 Suul
442 1040 582 1071 peccator,
597 1040 702 1071 patrem
733 1033 820 1061 habeo
838 1032 987 1064 diabolum,

200 1087 264 1118 imo,
281 1092 341 1112 eum
354 1084 436 1111 etiam
457 1083 503 1118 qui
518 1081 641 1117 proxime
655 1087 752 1108 aucmr
768 1079 871 1114 peccati
895 1078 986 1110 fuerit,

199 1137 264 1167 puta
277 1131 490 1162 Antichristum,
505 1136 551 1156 seu
578 1128 680 1155 diaboli
705 1126 831 1163 angelum
857 1125 986 1160 aliquem,

199 1183 246 1205 aut
260 1177 422 1205 daemonium
449 1175 527 1209 cujus
542 1174 698 1201 suasionem
722 1172 812 1207 recepi
830 1183 836 1199 :
855 1176 883 1198 et
909 1172 989 1198 innu-

199 1223 266 1250 meri
284 1223 396 1250 omnino
408 1221 474 1248 mihi
490 1225 554 1248 sunt
571 1224 676 1254 patres,
693 1219 714 1246 si
733 1222 861 1253 peccator
871 1217 934 1248 sim,
949 1216 987 1243 uti

200 1268 334 1300 vicissim,
350 1267 372 1294 si
391 1267 482 1301 justus
508 1265 618 1298 fuerim,
639 1269 718 1299 pater
743 1270 819 1290 meus
843 1267 885 1289 est
908 1262 986 1294 Dens,

198 1312 425 1348 quemadmodum
455 1311 494 1338 ait
513 1308 670 1338 Salvator”
692 1317 698 1336 :
737 1317 746 1334 ι
770 1307 870 1339 Filioli,
899 1307 988 1334 adhuc

200 1358 336 1385 modicum
354 1357 494 1384 vobiscum
509 1363 579 1383 sum.
599 1365 608 1381 ι
628 1355 662 1382 Et
677 1355 776 1382 iterum
794 1353 817 1369 “
836 1361 843 1380 :
873 1362 881 1378 ι
907 1352 986 1384 Filia,

200 1402 268 1429 ﬁdes
287 1406 330 1429 tua
344 1406 369 1429 te
386 1401 489 1428 salvam
505 1400 579 1428 fecit.
597 1409 607 1426 ›
637 1400 670 1427 Ει
693 1407 810 1427 rursus:
834 1408 843 1424 ι
863 1398 925 1430 Fili,
947 1398 987 1424 di-

200 1447 403 1476 mittunturtibi
424 1451 546 1482 peccata.
564 1456 573 1472 ι
598 1446 644 1474 Sic
669 1447 737 1474 alios
762 1453 871 1480 quoque
894 1451 988 1480 patres

200 1495 272 1526 novi,
289 1495 437 1522 secundmn
461 1494 486 1521 id
510 1493 582 1529 quod
606 1493 726 1521 Abrahae
753 1493 854 1520 dictum
878 1492 956 1520 est"
978 1500 985 1519 :

203 1551 213 1567 ι
230 1541 270 1569 Τιι
285 1546 374 1568 autem
396 1540 447 1568 ibis
473 1540 506 1567 ad
524 1544 616 1574 patres
649 1545 720 1569 tuos.
741 1548 751 1565 ι
781 1546 833 1566 non
862 1538 987 1566 carnales

201 1593 303 1622 patres,
321 1593 409 1620 neque
425 1586 496 1613 enim
513 1590 590 1613 erant
604 1585 708 1618 ﬁdeles,
735 1591 823 1619 neque
844 1584 943 1617 sancti,
959 1589 987 1611 ut

200 1633 284 1668 liquet
309 1640 341 1659 ex
364 1639 461 1660 eorum
486 1631 611 1659 historia.
638 1631 666 1658 Si
696 1631 768 1657 enim
795 1634 905 1657 sanctus
927 1630 986 1663 ejus

201 1683 287 1712 pater,
306 1685 358 1704 non
374 1678 399 1705 ei
415 1677 552 1704 diceretur
564 1676 587 1692 “
605 1685 612 1702 :
641 1685 651 1702 ‹
685 1675 821 1710 Egredere
850 1676 883 1703 de
913 1679 986 1703 terra

201 1730 257 1757 tua,
270 1728 296 1751 et
311 1725 344 1751 de
360 1724 521 1757 cognatione
538 1728 595 1754 tua,
611 1727 639 1750 et
657 1723 690 1749 de
703 1723 783 1750 domo
800 1722 887 1757 patris
905 1723 953 1749 tui.
974 1732 984 1749 ι

202 1770 288 1798 Habet
304 1770 375 1797 enim
403 1777 493 1797 sermo
518 1776 629 1796 sensum
660 1775 830 1803 corporeum,
859 1767 939 1795 habet
961 1773 989 1795 et

201 1818 360 1854 spiritalem.
376 1817 403 1845 Si
418 1822 510 1852 patres
526 1815 696 1846 intellexisti,
712 1816 774 1843 vide
795 1815 852 1849 jam
869 1816 933 1851 quid
961 1820 987 1842 tu

201 1864 328 1898 recipias,
342 1864 386 1899 qui
405 1872 419 1890 a
436 1862 546 1890 diabolo
564 1868 611 1889 aut
625 1870 638 1888 ιι
658 1861 791 1895 subjectis
808 1862 831 1888 ei
847 1861 988 1896 spiritibus

203 1909 393 1944 impulsionem
416 1909 554 1944 peccando
586 1908 750 1942 susceperis.
786 1907 884 1935 Factus
906 1908 989 1942 igitur

203 1955 311 1981 illorum
332 1954 421 1986 ﬁlius,
449 1962 463 1980 a
497 1954 569 1980 bono
598 1953 653 1980 Deo
678 1958 703 1981 te
726 1954 853 1980 visitaute
879 1953 987 1988 recipis.

202 2002 296 2036 Neque
310 2000 382 2027 enim
396 1999 488 2026 visitat
500 2003 604 2033 patrem
621 2004 710 2031 tuum,
726 2000 772 2026 sed
794 2003 820 2026 te
836 1999 945 2031 visitat,
959 2008 990 2028 ac

202 2047 269 2074 dicit
285 2045 360 2074 tibi"
378 2053 385 2072 :
407 2054 416 2071 ι
436 2044 515 2076 Audi,
533 2043 598 2076 ﬁlia,
612 2049 639 2072 et
655 2045 727 2076 vide,
739 2050 765 2072 et
778 2045 878 2072 inclina
896 2052 988 2072 aurem

204 2097 306 2122 tuam,»
318 2096 382 2122 elc.,
393 2099 494 2126 proque
508 2100 556 2119 sua
570 2091 737 2126 benignitate
751 2091 800 2118 tibi
813 2091 911 2118 dat.Te
920 2098 991 2118 nam-

200 2145 256 2172 que
268 2137 330 2164 mali
346 2137 431 2172 patris
442 2137 524 2164 lilium
534 2137 637 2168 visitat,
645 2141 755 2172 peccata
766 2136 889 2164 reddens.
903 2136 989 2164 «Visi-

1040 215 1102 247 στὺς
1111 216 1168 247 τοῖς
1189 216 1401 251 ἁμαρτάνουσιν,
1418 215 1459 242 δτι
1476 225 1485 242 ι
1505 215 1595 251 Ὑμεῖς
1608 216 1640 242 ὲκ
1662 215 1709 242 τοῦ
1727 216 1828 252 πατρὸς

1038 261 1086 288 τοῦ
1103 261 1226 288 διαϐόλου
1240 261 1312 294 me,
1334 262 1381 288 καὶ
1403 261 1453 294 τὰς
1477 261 1624 298 ἐπιθυμίας
1653 262 1701 289 τοῦ
1724 262 1828 298 πατρὸς

1039 307 1116 343 ὑμῶν
1126 307 1217 334 θέλετε
1233 308 1355 344 ποιῆσαι.
1381 308 1499 339 Ἐκεῖνος
1517 308 1740 344 ἀνθρωποκτόνος
1755 308 1828 336 ἐστὶν
1860 302 1863 305 ’

1038 354 1085 380 ἀπ’
1101 354 1200 390 ἀρχῆς,
1215 354 1260 381 καὶ
1271 355 1299 381 ὲν
1312 356 1345 390 τῇ
1361 354 1475 390 ἀληθείᾳ
1486 355 1534 390 οὐχ
1545 354 1671 390 ἔστηκεν.
1692 365 1702 380 ι
1724 355 1828 382 Οὐκοῦν

1039 399 1066 425 εῐ
1085 408 1127 431 τις
1138 400 1301 435 ἁμαρτάνει,
1317 400 1348 427 ὲκ
1362 400 1408 427 τοῦ
1426 399 1528 436 πατρὸς
1549 399 1598 426 τοῦ
1617 400 1741 427 διαϐόλου
1760 401 1827 431 ἐστὶ,

1039 446 1085 472 καὶ
1099 446 1143 472 διὰ
1159 446 1238 473 τοῦτο
1249 446 1279 473 τὸ
1297 446 1450 482 ἁμάρτημα
1462 446 1508 473 τοῦ
1525 446 1648 473 διαϐόλου
1675 447 1829 474 ἀποδίδοται

1039 493 1085 519 ἐπὶ
1097 492 1141 519 τὸν
1153 493 1220 520 υἱόν.
1235 493 1309 529 Πλὴν
1331 493 1433 524 ἐκεῖνός
1451 493 1523 519 ἐστιν
1543 493 1557 519 6
1577 493 1683 528 πρῶτος
1698 493 1830 528 ἁμαρτω‹

1038 538 1274 572 λὸς,ὁὺποϐαλών
1299 548 1343 575 μοι
1366 539 1579 575 τδ¹ὰμάρτημα·
1606 538 1661 573 ἐγὼ
1682 539 1710 565 δέ
1736 540 1795 574 εἰμι
1813 539 1827 566 6

1038 586 1163 622 δεύτερος
1173 586 1344 621 ἁμαρτωλὸς,
1360 587 1374 613 6
1388 586 1424 622 μὴ
1439 586 1561 614 ἐκϐαλὼν
1589 585 1619 612 τὸ
1643 585 1767 621 βούλημα
1781 585 1824 612 αὑ.

1038 631 1096 664 τοῦ,
1110 631 1178 657 ἀλλὰ
1188 631 1411 667 παραδεξάμενος
1422 631 1504 659 αὑτοῦ
1518 631 1567 666 τὴν
1582 629 1722 665 ἐνέργειαν
1739 639 1746 645 ·
1770 629 1830 657 δέοι·

1041 686 1075 713 με
1090 678 1185 713 στῆναι
1206 677 1431 712 καθωπλισμένον
1452 677 1500 713 τὴν
1515 678 1667 704 πανοπλίαν
1686 676 1734 703 τοῦ
1750 675 1828 708 Θεοῦ,

1039 723 1087 750 καὶ
1099 723 1195 759 ἔχοντα
1210 723 1255 750 τὸν
1276 723 1372 759 θυρεὸν
1395 723 1445 758 τῆς
1468 722 1595 755 πίστεως,
1618 723 1661 749 ἵνα
1684 722 1774 749 πάντα
1796 720 1832 748 τὰ

1041 767 1104 803 βέλη
1129 767 1175 794 τοῦ
1202 767 1320 803 πονηροῦ
1346 767 1380 794 τὰ
1403 767 1588 802 πεπυρωμένα
1618 766 1716 802 σϐεσθῇ
1739 768 1769 792 ὲν
1793 765 1833 800 τῷ

1040 812 1129 849 θυρεῷ
1143 813 1192 848 τῆς
1204 813 1321 845 πίστεώς
1335 822 1395 848 μου.
1405 813 1467 839 Ἐὰν
1478 811 1524 839 οὖν
1538 812 1697 848 ἁμαρτάνω,
1715 812 1786 838 ποιῶ
1797 811 1833 838 τὰ

1039 859 1085 886 τοῦ
1099 859 1221 886 διαϐόλου
1237 859 1397 894 βεϐληκότος
1411 859 1451 890 είς
1467 859 1515 894 τὴν
1527 858 1650 894 καρδίαν,
1665 858 1708 884 ἵνα
1725 858 1787 884 τόδε
1803 857 1834 884 τὸ

1039 904 1201 940 ἁμάρτημα,
1229 904 1245 940 ἢ
1272 904 1331 930 τόδε
1363 904 1478 939 ποιήσω.
1505 903 1616 939 Πρῶτον
1642 903 1833 938 παραδέχομαι

1039 949 1121 975 αὑτοῦ
1139 948 1168 975 τὸ
1184 948 1269 984 βέλος,
1288 949 1334 975 καὶ
1359 949 1422 975 ὅταν
1446 947 1643 984 παραδέξωμαι
1667 947 1744 978 αὐτὸ,
1772 947 1834 973 τότε

1039 996 1085 1022 καὶ
1099 995 1181 1022 αὑτὸν
1202 995 1402 1030 παραδέχομαι.
1435 995 1490 1021 Καὶ
1513 994 1567 1029 γὰρ
1592 994 1638 1020 ἐπὶ
1667 993 1715 1020 τοῦ
1745 992 1833 1019 Ἰούδα

1039 1040 1110 1068 οὕτω
1120 1040 1285 1076 γέγραπται,
1301 1040 1340 1067 ὅτι
1355 1040 1383 1067 οὺ
1398 1040 1502 1075 πρῶτον
1521 1038 1645 1074 εἰσῆλθεν
1667 1039 1681 1065 6
1707 1039 1833 1071 Σατανᾶς

1039 1088 1079 1119 εἰς
1095 1087 1186 1120 αὐτὸν,
1199 1086 1267 1114 ἀλλὰ
1290 1087 1396 1122 πρῶτον
1413 1085 1460 1112 τοῦ
1476 1085 1600 1112 διαϐόλου
1615 1084 1778 1120 βεϐληκότος
1792 1086 1832 1117 εἰς

1038 1133 1088 1168 τὴν
1111 1132 1226 1168 καρδίαν
1250 1132 1293 1159 ἵνα
1317 1131 1431 1168 παραδῷ
1458 1131 1541 1158 αὑτὸν
1574 1131 1673 1162 Ἰούδας
1703 1131 1797 1166 Σίμων
1819 1132 1834 1157 ὁ

1045 1178 1231 1215 Ἰσκαριώτης,
1246 1176 1304 1205 εἶτα
1321 1177 1389 1214 μετὰ
1399 1178 1429 1204 τὸ
1441 1177 1547 1212 ψωμίον
1558 1176 1682 1212 εἰσῆλθεν
1696 1178 1736 1208 εἰς
1748 1177 1834 1203 αὑτὸν

1039 1226 1053 1252 6
1070 1225 1202 1256 Σατανᾶς.
1221 1224 1325 1251 Οὐκοῦν
1343 1224 1396 1259 ἔχω
1408 1224 1525 1260 πατέρα,
1548 1223 1573 1250 εί
1590 1223 1639 1257 μὲν
1658 1222 1737 1255 ἅγιός
1761 1223 1832 1258 εἰμι,

1037 1268 1113 1295 Θεόν·
1124 1269 1150 1295 εί
1164 1269 1192 1295 δὲ
1209 1268 1370 1304 ἁμαρτωλός
1384 1269 1452 1303 εἰμι,
1466 1268 1512 1295 τὸν
1525 1267 1648 1294 διάϐολον
1669 1267 1723 1302 ἔχω
1747 1266 1835 1294 πατέ-

1041 1323 1084 1350 ρα·
1101 1314 1169 1341 ἀλλὰ
1184 1315 1230 1341 καὶ
1246 1314 1291 1341 τὸν
1305 1313 1448 1350 προσεχῶς
1469 1313 1535 1350 φέρε
1555 1314 1643 1340 εἰπεῖν
1665 1313 1836 1348 ὲνεργῄσαν-

1039 1369 1074 1388 τα
1091 1359 1309 1396 Ἀντίχριστον,ἣ
1326 1359 1441 1394 ἄγγελόν
1454 1368 1515 1386 τινα
1528 1359 1575 1385 τοῦ
1592 1358 1727 1390 διαϐόλου,
1744 1358 1762 1394 ἢ
1776 1358 1835 1384 δαι-

1040 1407 1141 1442 μόνιον,
1159 1403 1189 1433 οὗ
1206 1406 1254 1442 τὴν
1271 1406 1410 1441 ἐνέργειαν
1429 1405 1631 1441 παρεδεξάμην.
1653 1404 1707 1431 Kal.
1724 1404 1836 1436 ἁπαξα-

1039 1453 1113 1484 πλῶς
1127 1452 1180 1479 εἰσί
1197 1461 1241 1488 μοι
1252 1451 1368 1487 πατέρες
1392 1451 1494 1487 μυρίοι,
1524 1451 1571 1477 ἐὰν
1591 1450 1714 1486 γένωμαι
1740 1450 1835 1485 ἁμαρ-

1001 1510 1022 1538 c
1038 1498 1132 1530 τωΜς·
1147 1498 1241 1533 ὥσπερ
1257 1497 1337 1524 πάλιν
1352 1496 1398 1523 ἐὰν
1409 1496 1531 1532 γένωμαι
1545 1496 1658 1527 δίκαιος,
1672 1495 1767 1530 πατήρ
1783 1502 1834 1529 μου

1040 1545 1112 1572 ἐστὶν
1128 1545 1140 1570 6
1158 1544 1234 1576 Θεὸς,
1250 1542 1376 1578 καθάπερ
1392 1543 1474 1578 φησὶν
1485 1543 1499 1568 ὁ
1512 1541 1616 1577 Σωτὴρ,
1635 1551 1644 1566 ι
1667 1540 1834 1571 Τεκνία,ἔτι

1040 1590 1137 1626 μικρὸν
1174 1589 1232 1625 μεθ’
1260 1588 1337 1624 ὑμῶν
1360 1588 1426 1623 εἰμι.
1460 1597 1468 1613 ι
1501 1587 1556 1614 Kal.
1581 1586 1681 1619 πάλιν,
1713 1595 1722 1611 ε
1744 1586 1836 1620 Θύγα-

1037 1645 1096 1672 τερ,
1143 1635 1232 1667 πίστις
1249 1643 1295 1660 σου
1313 1633 1416 1660 σέσωκέ
1435 1642 1474 1660 σε.
1492 1642 1501 1659 ›
1518 1633 1573 1660 Καὶ
1589 1633 1679 1663 πάλιν,
1700 1632 1833 1663 «Tim/ev,

1038 1681 1175 1720 ἀφέωνταί
1190 1689 1236 1707 σου
1253 1682 1279 1708 αἱ
1294 1680 1437 1715 ἁμαρτίαι.
1453 1689 1461 1705 ι
1482 1678 1575 1710 Οὕτως
1589 1677 1647 1705 οἴδα
1664 1678 1711 1704 καὶ
1731 1678 1834 1709 ἄλλους

1039 1727 1169 1763 πατέρας,
1184 1727 1254 1754 κατὰ
1269 1726 1299 1753 τὸ
1314 1726 1506 1762 γεγραμμένον
1519 1724 1557 1759 τῷ
1580 1724 1714 1760 Ἀϐραάμ·
1734 1725 1790 1750 ίΣῦ
1805 1724 1834 1750 δὲ

1039 1771 1176 1807 ἀπελεύσῃ
1189 1771 1258 1807 πρὸς
1267 1771 1329 1802 τοὺς
1342 1771 1462 1806 πατέρας
1481 1778 1537 1796 σου·
1546 1780 1554 1795 ι
1573 1770 1602 1796 οὐ
1612 1770 1678 1804 πρὸς
1686 1769 1752 1800 τοὺς
1762 1769 1834 1796 κατὰ

1041 1817 1130 1852 σάρκα
1146 1817 1275 1852 πατέρας·
1292 1816 1322 1842 οὑ
1338 1816 1393 1852 γὰρ
1405 1814 1474 1851 ἦσαν
1485 1815 1584 1845 πιστοὶ,
1600 1815 1649 1841 οὐκ
1665 1813 1736 1850 ἦσαν
1747 1815 1833 1850 ἅγιοι,

1039 1861 1077 1893 ὡς
1094 1861 1172 1897 δῆλον
1189 1864 1221 1889 ὲκ
1242 1863 1291 1897 τῆς
1320 1862 1438 1897 ἱστορίας
1464 1861 1513 1896 τῆς
1540 1860 1739 1896 γεγραμμένης
1769 1861 1833 1896 περὶ

1041 1908 1141 1935 αὐτῶν.
1159 1909 1190 1934 Ei
1207 1908 1260 1944 γὰρ
1273 1907 1349 1942 ἅγιος
1366 1907 1447 1934 αὑτοῦ
1463 1908 1477 1933 6
1493 1907 1593 1942 πατὴρ,
1605 1907 1655 1933 οὐκ
1671 1906 1705 1933 ἂν
1720 1907 1836 1941 ἐλέγετο

1041 1953 1126 1988 αὐτῷ,
1143 1953 1270 1986 «Ἔξελθε
1289 1954 1321 1979 ὲκ
1333 1953 1382 1988 τῆς
1397 1953 1447 1988 γῆς
1464 1961 1521 1983 σου,
1536 1953 1582 1979 καὶ
1611 1953 1643 1978 ὲκ
1659 1952 1710 1987 τῆς
1738 1961 1837 1988 συγγε-

1040 1999 1114 2031 νείας
1131 2007 1188 2030 σου,
1200 1999 1247 2026 καὶ
1261 1999 1293 2025 ὲκ
1309 1999 1355 2025 τοῦ
1369 1999 1443 2025 οἴκου
1459 1998 1505 2024 τοῦ
1523 1998 1626 2034 πατρός
1643 2006 1700 2025 σου.
1721 2008 1731 2024 ι
1757 2000 1836 2035 Ἔχει

1041 2044 1096 2080 γὰρ
1110 2046 1124 2071 6
1140 2044 1219 2078 λόγος
1231 2044 1262 2071 τὸ
1280 2045 1447 2080 σωματικὸν,
1473 2044 1528 2079 ἔχει
1557 2043 1604 2070 καὶ
1632 2043 1663 2069 τὸ
1680 2052 1836 2079 πνευματι-

1041 2088 1098 2114 κόν.
1119 2087 1150 2114 Εἰ
1177 2087 1309 2124 νενόηκας
1336 2089 1398 2120 τοὺς
1423 2087 1559 2122 πατέρας,
1591 2088 1642 2123 ὅρα
1668 2087 1765 2115 λοιπὸν
1795 2090 1837 2115 ὅτι

1042 2132 1246 2168 ἀπολαμϐάνεις
1261 2133 1304 2164 σὺ,
1319 2135 1333 2160 6
1355 2132 1577 2169 παραδεξάμενος
1603 2132 1653 2167 τὴν
1673 2132 1833 2168 ἐνέργειαν,

203 2181 266 2209 tabo
279 2182 305 2208 in
316 2182 389 2216 virga
403 2182 561 2217 iniquitates
574 2191 583 2207 ι
596 2186 700 2208 vestras
707 2181 741 2213 ’⁸,
752 2181 908 2208 licetsancti
917 2180 987 2213 sitis,

1042 2179 1086 2205 διὰ
1100 2179 1130 2206 τὸ
1145 2179 1344 2215 ἡμαρτηκέναι,
1359 2179 1411 2205 ὑπὸ
1426 2179 1472 2205 τοῦ
1486 2178 1621 2209 διαϐόλου,
1634 2179 1651 2214 ἠ
1679 2187 1756 2210 τινος
1781 2180 1836 2206 τῶν

205 2226 284 2261 127
298 2227 411 2254 visitabo
430 2235 439 2252 ι
458 2232 484 2255 et
501 2227 528 2254 in
543 2226 701 2253 verberibus
726 2230 837 2259 peccata
863 2233 986 2253 eorum.»

202 2273 356 2306 Quorsum?
369 2277 398 2300 ut
410 2283 420 2299 ι
441 2273 653 2301 misericordiam
667 2279 754 2299 meam
770 2279 822 2299 non
834 2271 988 2307 dispergam

204 2318 238 2345 ab
254 2318 293 2346 eis
310 2319 345 2347 ”.
366 2328 376 2345 ›
396 2319 445 2347 Ubi
460 2319 532 2346 enim
553 2319 669 2353 aliquem
686 2317 837 2353 reliquerit,
856 2325 909 2344 non
928 2325 988 2344 am-

202 2363 272 2398 plius
289 2365 407 2399 castigat
422 2370 467 2391 aut
484 2364 614 2400 ﬂagellat.
644 2373 653 2390 ι
670 2363 800 2399 Flagellat
816 2373 825 2390 ι
844 2364 915 2391 enim
933 2371 986 2390 non

201 2417 308 2443 omnes,
324 2411 371 2437 sed
398 2420 406 2434 ι
431 2418 540 2438 omnem
567 2411 652 2438 ﬁlium
669 2417 748 2446 quem
771 2410 869 2445 recipit
897 2409 988 2437 Domi-

202 2463 254 2484 nus
267 2456 307 2489 “;
328 2466 338 2483 ι
356 2457 509 2492 diciturque
537 2458 606 2493 apud
629 2457 790 2492 prophetam
808 2457 843 2483 de
862 2455 988 2483 maximis

203 2501 393 2535 peccatoribus
406 2501 427 2520 ⁸·
448 2511 454 2528 ;
473 2511 481 2527 ι
499 2501 557 2529 Non
570 2503 686 2529 visitabo
700 2509 782 2537 super
799 2502 867 2529 ﬁlias
883 2505 988 2528 vestras

201 2553 263 2573 cum
278 2545 416 2573 fornicatzn
431 2546 542 2580 ruerint,
561 2552 588 2575 et
601 2555 682 2582 super
694 2551 918 2582 sponsasvestras
926 2553 987 2573 cum

203 2591 303 2618 fuerint
319 2596 512 2627 constuprataa.
532 2603 541 2620 ι
564 2593 668 2620 Tandiu
694 2598 736 2619 est
761 2600 793 2618 ex
821 2599 874 2626 quo
896 2595 989 2626 peccat

203 2636 327 2664 diabolus
341 2645 355 2663 a
370 2638 509 2666 creatione
521 2645 553 2665 ac
567 2638 659 2665 mundi
677 2637 881 2669 constitutione,
900 2643 950 2663 nec
963 2637 988 2663 ei

205 2683 275 2718 ignis
290 2691 338 2710 nec
354 2683 499 2718 ﬂagellum.
517 2683 574 2711 Non
591 2684 663 2711 enim
682 2690 822 2719 pinnarum
838 2682 934 2717 dignus
947 2686 989 2709 est

240 2767 262 2781 “
276 2767 375 2800 Ephes.
388 2775 425 2798 vi,
442 2767 484 2794 16.
522 2768 546 2783 ¹³
559 2767 638 2795 Joan.
656 2776 712 2801 xm,
725 2769 770 2796 55.
815 2769 839 2785 “
854 2769 949 2796 Matth.
965 2769 1048 2802 “,2:
1062 2773 1084 2796 e:
1100 2769 1127 2795 '2.
1167 2768 1190 2784 "
1209 2768 1276 2796 Gen.
1298 2767 1399 2801 xv,15.

731 2804 753 2819 "
766 2805 837 2832 l’sal.
857 2811 989 2837 Luxvln,
1007 2805 1052 2832 5L
1091 2803 1113 2819 '°
1132 2803 1198 2831 lleb.
1225 2812 1273 2836 χιι,
1287 2803 1314 2830 6.
1354 2803 1453 2831 "Osce
1468 2810 1505 2836 tv,
1526 2802 1567 2829 14.

205 2809 276 2834 ιιιν,
295 2803 336 2828 tt.
375 2804 396 2820 ⁷³
413 2802 484 2829 l’sat.
502 2810 634 2836 Lxxxvm,
648 2803 693 2829 55.

1043 2226 1088 2251 ὑπ’
1105 2225 1185 2252 αὐτὸν
1197 2225 1369 2260 πνευμάτων.
1391 2225 1538 2259 Γενόμενος
1557 2222 1604 2251 οὖν
1619 2225 1733 2252 ἐκείνων
1763 2225 1834 2257 υἱὸς,

1042 2270 1311 2310 ὰπολαμϐάνειςήὰπὸ
1327 2270 1429 2304 ἀγαθοῦ
1445 2269 1513 2296 Θεοῦ
1533 2278 1561 2296 σε
1581 2270 1834 2305 ἐπισκεπτομένου.

1042 2317 1079 2343 Οὐ
1091 2315 1145 2352 γὰρ
1159 2316 1353 2343 ὲπισκέπτεται
1368 2316 1413 2343 τὸν
1436 2315 1541 2351 πατέρα
1556 2324 1603 2342 σου
1614 2335 1621 2347 ,
1644 2315 1702 2342 ἀλλ’
1716 2315 1829 2342 ἐπισκέ-

1040 2362 1137 2390 πτεταί
1168 2371 1208 2394 σε,
1236 2362 1283 2388 καὶ
1303 2361 1377 2396 λέγει
1409 2371 1466 2394 σοι,
1493 2372 1501 2387 ι
1529 2363 1671 2393 Ἄκουσον,
1698 2361 1834 2398 θύγατερ,

1039 2410 1087 2437 καὶ
1099 2409 1147 2443 ἴδε,
1169 2410 1217 2436 καὶ
1240 2409 1329 2436 κλῖνον
1356 2409 1385 2435 τὸ
1411 2407 1457 2441 οὖς
1483 2417 1549 2440 σου,
1578 2418 1587 2434 ι
1615 2407 1717 2434 καὶτὰ
1746 2408 1834 2443 ἑξῆς·

1040 2456 1087 2482 καὶ
1114 2455 1205 2482 δίδωσί
1238 2464 1279 2482 σοι
1306 2455 1343 2486 ὡς
1377 2454 1487 2489 ἀγαθός.
1524 2453 1736 2480 Ἐπισκέπτεται
1779 2453 1837 2489 γάρ

1041 2507 1071 2525 σε
1095 2498 1141 2525 τὸν
1170 2499 1226 2525 υἱὸν
1262 2498 1308 2525 τοῦ
1339 2498 1457 2534 πονηροῦ
1493 2498 1598 2534 πατρὸς
1614 2518 1621 2531 ,
1664 2497 1698 2524 τὰ
1738 2498 1833 2533 ἁμαρ-

1039 2545 1148 2580 τήματα
1181 2545 1332 2576 ἀποδιδούς.
1366 2554 1376 2570 ι
1409 2544 1609 2579 Ἐπισκέψομαι
1646 2540 1692 2570 οὗν
1719 2544 1750 2569 ὲν
1785 2544 1836 2579 ῥά·-

1039 2591 1093 2627 6δῳ
1113 2591 1163 2622 τὰς
1189 2591 1303 2626 ἀνομίας
1327 2600 1336 2616 )
1358 2590 1434 2625 ὑμῶν
1449 2591 1504 2617 τῶν
1525 2590 1621 2624 ἁγίων·
1643 2588 1836 2624 ἐπισκέψομαι

1039 2637 1067 2663 δὲ
1078 2646 1086 2662 ι
1099 2637 1145 2663 καὶ
1157 2638 1186 2664 ὲν
1197 2636 1304 2672 μάστιξι
1318 2636 1367 2668 τὰς
1375 2636 1482 2668 ἀδικίας
1490 2635 1588 2662 αὐτῶν.
1603 2645 1612 2661 ι
1623 2635 1672 2661 Διὰ
1684 2634 1710 2660 τί
1723 2642 1731 2666 ;
1748 2635 1796 2661 ἵνα
1805 2634 1837 2660 τὸ

1043 2691 1052 2707 ι
1068 2681 1141 2714 ἔλεός
1157 2691 1207 2718 μου
1223 2683 1260 2718 μὴ
1275 2681 1441 2709 διασκεδάσω
1449 2682 1496 2708 ἀπ’
1505 2680 1604 2708 αὐτῶν.
1623 2689 1633 2706 ›
1647 2681 1710 2707 Ὅτε
1718 2679 1778 2715 γὰρ
1789 2688 1835 2706 κα.

1447 2767 1470 2783 ¹³
1486 2766 1555 2794 Gen.
1573 2774 1622 2800 xu,
1635 2766 1661 2793 L
1708 2764 1731 2781 "
1755 2763 1832 2793 Paul.
