1900 3060
89 104 141 132 295

708 102 865 131 SELECTA
882 101 916 129 IN
934 101 1090 131 EXOllUM.

1662 102 1718 131 593

85 164 187 200 ταλὶπῃ
199 165 273 196 τινὰ,
295 164 389 192 οὐκέτι
415 164 495 191 αὐτὸν
516 164 636 197 κολάζει,
656 163 718 191 οὔτε
744 164 880 199 μαστιγοῖ.

934 170 995 198 quae
1015 171 1030 190 a
1053 163 1106 190 Deo
1130 163 1296 198 iniliguntur,
1319 170 1369 191 nec
1391 166 1479 196 potest
1502 161 1626 190 diabolus
1640 143 1714 190 dicis-

89 219 98 236 ι
122 211 259 244 Μαστιγοῐ
274 220 284 236 ο
300 211 355 247 γὰρ
377 211 406 237 οὐ
428 212 542 244 πάντας,
558 211 626 238 ἀλλὰ
642 220 652 236 ‹
677 211 765 237 πάντα
778 210 835 237 υἱὸν
848 210 877 236 ὃν

86 255 271 290 παραδέχεται
292 255 405 292 Κύριος.
423 266 432 282 ι
459 256 514 282 Καὶ
529 256 637 290 λέγεται
654 256 683 282 ἐν
697 256 735 291 τῷ
751 256 878 291 προφήτῃ

87 299 221 334 περὶτῶν
235 301 306 327 πάνυ
318 301 497 337 ἁμαρτωλῶν·
519 311 528 326 ι
548 301 605 328 Οὺκ
626 300 810 335 ἐπισκέψομαι
832 300 879 326 ἐπὶ

85 345 136 377 τὰς
149 345 306 382 θυγατέρας
330 347 406 382 ὑμῶν
424 348 489 373 ὅταν
504 347 683 383 πορνεύσωσι,
703 347 749 374 καὶ
764 346 811 373 ἐπὶ
829 345 878 377 τὰς

85 391 198 426 νύμφας
213 392 292 427 ὑμῶν
305 393 370 420 ὅταν
387 393 562 429 μοιχευθῶσι.
582 403 591 420 ›
610 393 735 428 Τοσούτῳ
757 393 846 429 χρόνῳ
864 393 878 419 ὁ

84 436 212 469 διάϐολος
229 438 382 474 ἁμαρτάνει
398 438 452 464 ἀπὸ
464 439 588 470 κτίσεως,
604 439 651 465 καὶ
664 438 815 473 καταϐολῆς
833 438 879 464 κό-

84 490 168 517 σμου,
186 483 235 509 καὶ
245 483 307 510 οὕτε
326 483 393 520 πῦρ,
407 484 468 510 οὔτε
484 483 597 520 μάστιῇ
607 484 646 510 -οὑ
663 483 716 520 γὰρ
731 484 804 516 ἄξιός
819 485 878 510 ἐστι

932 217 960 236 re
975 209 997 225 ³¹
1012 217 1019 235 :
1042 217 1050 234 ι
1072 209 1193 242 Domine,
1210 218 1243 237 ne
1265 209 1292 236 in
1319 209 1359 236 ira
1384 214 1428 236 tua
1446 216 1544 242 arguas
1559 215 1614 241 me,
1634 217 1643 235 ι
1660 215 1714 236 etc.

931 256 1061 290 Quisquis
1076 263 1141 291 ergo
1151 256 1201 284 sibi
1216 256 1318 291 peccati
1330 256 1454 283 conscius
1474 260 1526 288 est,
1542 259 1602 282 oret
1622 258 1650 282 ut
1665 263 1714 291 pu-

931 301 1033 329 niatur.
1047 301 1162 329 Praestat
1177 302 1285 336 quidem
1309 302 1376 329 nihil
1387 302 1559 330 commisisse
1569 301 1640 336 quod
1658 308 1716 336 p0-

931 354 993 374 nam
1010 353 1156 375 mereatur.
1179 347 1226 375 Sin
1242 352 1436 382 autem-poena
1452 347 1561 382 dignum
1578 346 1714 381 quidpiam

931 394 1050 428 egimus,
1066 394 1106 421 sic
1128 395 1272 430 puniamur
1289 398 1316 421 ιιι
1337 394 1463 429 praesenti
1477 394 1584 428 quidem
1599 400 1656 420 τεειό
1673 399 1716 420 re-

931 440 1076 474 cipiamus,
1090 445 1149 475 post
1162 440 1219 468 haec
1234 447 1298 468 vero
1312 440 1338 467 in
1352 440 1413 467 sinu
1428 439 1544 466 Abrahae
1556 438 1714 473 requiesca-

932 492 1004 512 mus.

82 530 138 557 τῶν
168 531 307 558 κολάσεων
323 532 378 558 τῶν
397 533 451 559 ἀπὸ
466 532 513 560 τοῦ
534 531 612 559 Θεοῦ.
632 533 668 559 Οὐ
696 532 750 568 γὰρ
763 531 874 558 δύναται
902 533 989 559 εἰπεῖν
1014 533 1028 559 ὁ
1053 532 1181 565 διάϐολος,
1204 542 1214 558 ι
1238 532 1333 568 Κύριε,
1348 532 1385 568 μὴ
1399 532 1437 568 τῷ
1449 532 1526 568 θυμῷ
1541 541 1588 559 σου
1604 531 1716 568 ἐλέγξῃς

86 586 131 612 με,
153 586 164 602 ι
188 578 237 604 καὶ
257 577 293 604 τὰ
318 578 392 613 ἑξῆς.
411 579 545 610 Ἕκαστος
564 576 611 604 οὖν
637 577 765 609 συνειδὼς
790 577 879 613 ἑαυτῴ
899 579 1054 614 ἁμαρτιας,
1081 579 1201 614 εὐχέσθω
1221 578 1394 614 κολασθῆναι.
1413 578 1501 605 Καλὸν
1531 578 1579 614 μὲν
1601 578 1655 614 γὰρ
1685 578 1717 605 τὸ

85 623 172 659 μηδὲν
187 623 263 655 ἀξιον
287 623 424 656 κολάσεως
447 624 638 659 πεποιηκέναι.
659 624 691 650 El
710 624 738 650 δέ
758 633 784 650 τι
801 623 875 656 ἄξιον
900 625 1037 657 κολάσεως
1065 626 1271 660 πεποιήκαμεν,
1289 625 1358 652 οὕτω
1383 625 1568 660 κολασθῶμεν,
1585 625 1656 652 ὥστε
1673 625 1716 652 ὲν-

85 669 152 697 θάδε
170 671 220 705 μὲν
234 670 392 703 ἀπολαϐεῖν,
415 671 484 706 μετὰ
504 671 533 698 δὲ
555 671 641 697 ταῦτα
661 671 702 703 εἰς
722 671 786 703 τοὺς
804 670 921 702 κόλπους
940 671 1066 707 Ἀϐραὰμ
1079 671 1295 698 ἀναπαύσασθαι.

123 728 134 744 ε
149 719 207 746 Καὶ
220 719 305 745 ταῦτα
312 719 346 746 τὰ
359 719 530 755 δικαιώματά
543 728 604 755 μου,
621 719 639 746 ἃ
651 719 796 756 παραθήσῃ
812 719 877 746 ὲνώα

965 729 975 746 ι
996 720 1030 748 Ει
1049 720 1089 747 hae
1100 720 1458 755 suntjustilicationesquas
1473 727 1608 755 propones
1623 728 1714 748 coram

84 771 150 790 πιον
176 763 277 791 αὐτῶν.
296 764 358 791 Ἐὰν
385 765 472 800 κτήσῃ
494 765 577 791 παῖδα
606 764 815 800 Ἑϐραῖον,›καὶ
841 763 877 791 τὰ

84 809 162 844 ἑξῆς.
198 810 363 844 Ἀναγκαῖον
397 810 522 843 ἐξετάσαι
536 810 563 836 τί
579 810 669 845 νόμος,
685 810 733 837 καὶ
749 810 776 837 τί
795 811 880 846 πρόσ-

84 864 191 891 ταγμα,
201 855 228 882 τί
239 855 269 882 δὲ
281 854 461 891 δικαιώματα,
474 856 519 882 καὶ
527 856 659 891 κρίματα,
671 856 718 882 καὶ
732 856 878 892 μαρτύρια,

87 901 135 927 καὶ
152 900 269 928 ὲντολαί.
285 900 461 937 Δικαιώματα
479 902 529 937 μὲν
542 900 588 928 οὖν
605 902 673 934 ἐστι,
688 902 718 928 τὸ
731 901 823 928 ἐνθάδε
839 903 879 928 εἰ-

87 946 219 982 ρημένον,
241 955 251 972 ι
279 946 343 973 Ἐὰν
362 947 450 984 κτήσῃ
475 947 557 973 παῖδα
582 946 717 982 Ἐϐραῖον,
737 956 746 973 ι
766 948 813 974 καὶ
845 947 879 974 τὰ

85 991 161 1026 ἑξῆς,
174 992 241 1026 περὶ
251 991 334 1018 αὐτοῦ
347 992 481 1027 εἰρημένα
490 1000 497 1006 '
511 992 597 1027 κρίμα
612 991 651 1023 δὲ,
669 991 711 1017 ἵνα
728 991 823 1027 ἱερέως
834 991 880 1017 θυ-

85 1037 178 1074 γάτηρ
195 1038 244 1064 ἐὰν
263 1038 403 1073 μοιχευθῇ,
427 1038 492 1073 πυρὶ
504 1037 686 1072 κατακαίηται
697 1046 705 1052 ·
723 1037 828 1064 ἐντολαὶ
839 1037 878 1071 δὲ,

87 1091 98 1108 ι
111 1083 170 1109 οὐκ
180 1082 288 1110 ἔσονταί
296 1092 337 1110 σοι
352 1082 408 1109 θεοὶ
414 1083 511 1118 ἕτεροι·
519 1092 528 1109 ι
544 1082 708 1118 πρόσταγμα
718 1082 756 1114 δὲ,
767 1091 776 1108 ι
787 1083 880 1109 Κατα-

87 1129 140 1161 ϐἐις
156 1129 342 1165 διαμάρτυραι
365 1128 404 1164 τῷ
423 1128 490 1164 λαῷ,
507 1129 554 1155 καὶ
571 1128 749 1155 πλυνάτωσαν
765 1127 800 1154 τὰ
817 1128 880 1163 ἱμά-

84 1183 130 1202 τια
154 1175 257 1202 αὐτῶν
282 1184 292 1201 ι
312 1173 448 1210 μαρτύρια
468 1174 506 1206 δὲ,
538 1183 548 1200 ι
567 1173 791 1209 Διαμαρτύρομαι
816 1174 880 1210 ὑμῖν

86 1221 209 1256 σήμερον
219 1221 267 1247 τὸν
281 1221 394 1256 οὐρανὸν
407 1220 454 1247 καὶ
469 1220 519 1256 τὴν
529 1220 590 1255 γῆν.
611 1229 621 1246 ›

124 1275 134 1292 ι
155 1266 207 1298 Ἐξ
233 1266 280 1302 ἐτη
300 1265 438 1293 δουλεύσει
454 1274 513 1292 σοι·
530 1265 569 1301 τῷ
585 1266 613 1292 δὲ
639 1265 694 1292 ἔτει
713 1265 751 1301 τῷ
764 1265 878 1301 ἑϐδόμῳ,

86 1312 271 1339 ἀπελεύσεται
288 1312 430 1347 ἐλεύθερος
453 1311 568 1347 δωρεάν.
586 1321 595 1336 ι
607 1311 738 1347 Σημαίνει
761 1313 777 1347 ἡ
795 1312 824 1338 ὲν
839 1311 878 1346 τῷ

87 1357 193 1393 ἑϐδόμῳ
208 1357 400 1393 ἐλευθέρωσις,
416 1356 456 1383 ἔτι
465 1357 495 1383 δὲ
510 1357 556 1384 καὶ
566 1358 582 1392 ἠ
594 1357 623 1383 ὲν
635 1356 675 1392 τῷ
689 1356 815 1392 σαϐϐάτῳ
825 1356 879 1383 τῶν

87 1403 175 1438 ἔργων
197 1403 369 1435 κατάπαυσις
393 1403 443 1438 τὴν
460 1403 489 1430 ὲν
513 1403 603 1439 χάριτι
618 1404 685 1439 ἡμῖν
699 1403 744 1430 διὰ
758 1403 878 1440 Χριστοῦ

87 1449 180 1475 ἐλευθε
185 1449 248 1484 ρίαν
253 1470 260 1477 .

124 1503 134 1520 ι
151 1494 289 1530 Πρω-ἁξει
305 1495 386 1521 αὐτὸν
401 1496 414 1521 ὁ
430 1494 523 1530 κύριος
546 1493 630 1520 αὑτοῦ
650 1494 719 1529 πρὸς
741 1494 772 1520 τὸ
791 1494 881 1530 κριτή-

88 1550 144 1577 ριον
158 1540 207 1567 τοῦ
219 1540 299 1567 Θεοῦ.
314 1551 322 1566 ι
340 1541 454 1572 Ἀκύλας
465 1540 512 1566 καὶ
526 1539 670 1575 Σύμμαχος
683 1538 769 1573 εἷπον,
786 1550 795 1565 ι
812 1540 880 1576 πρὸς

86 1588 149 1618 τοὺς
167 1586 257 1617 θεούς.
276 1596 286 1612 ›
302 1586 385 1617 Θεοὺς
399 1586 426 1613 δὲ
440 1587 503 1618 τοὺς
524 1585 619 1620 κριτὰς
638 1584 810 1620 ὀνομάζουσι,
833 1586 880 1612 καὶ

86 1632 147 1659 θεοῦ
169 1633 323 1667 κριτήριον,
337 1632 386 1667 τὴν
399 1631 501 1658 τούτων
513 1631 615 1666 ψῆφον.

122 1687 132 1702 ι
152 1677 238 1712 Τρεῖς
251 1676 364 1712 καιροὺς
377 1676 424 1702 τοῦ
445 1676 568 1703 ἐνιαυτοῦ
584 1675 733 1712 ἐορτάσατέ
752 1684 808 1710 μοι.
823 1675 880 1711 Τὴν

86 1725 185 1760 ἑορτὴν
198 1723 254 1749 τῶν
269 1723 380 1757 ἀζύμων
391 1721 554 1756 φυλάξασϐε.
572 1721 657 1748 Ἑπτὰ
668 1720 774 1756 ἡμέρας
789 1720 879 1747 ἔδεσθε

86 1771 192 1806 ἄζυμα,
214 1769 340 1804 καθάπερ
366 1768 542 1804 ἐνετειλάμην
567 1776 618 1800 σοι,
638 1767 709 1794 κατὰ
726 1768 771 1793 τὸν
786 1767 880 1803 καιρὸν

85 1815 134 1842 τοῦ
152 1815 239 1851 μηνὸς
256 1815 310 1841 τῶν
326 1813 402 1840 νέων.
426 1813 470 1840 Ἐν
486 1813 540 1847 γὰρ
561 1812 635 1848 αὐτῷ
653 1812 764 1848 ἐξῆλθες
782 1812 812 1844 ἐξ
831 1813 879 1840 Αι-

86 1861 206 1895 γύπτου.
225 1861 282 1886 Οὐκ
295 1859 400 1895 ὀφθήσῃ
415 1858 529 1886 ἐνώπιόν
545 1867 595 1894 μου
609 1859 697 1889 κενὸς,
721 1858 768 1885 καὶ
784 1859 880 1894 ἑορτὴν

87 1907 135 1933 τοῦ
156 1905 290 1941 θερισμοῦ
300 1904 567 1940 πρωτογεννημάτων
583 1904 706 1940 ποιήσεις
719 1904 775 1930 τῶν
792 1904 880 1940 ἔργων

89 1961 148 1980 σου.
169 1961 179 1977 ι
200 1952 234 1977 Al
250 1951 342 1985 ἑορταὶ
357 1950 446 1977 τοίνυν
465 1949 512 1976 τοῦ
528 1950 606 1981 Θεοῦ,
623 1948 664 1982 οἷς
679 1951 736 1977 ἐστι
760 1950 879 1985 πνεῦμα,

89 1995 275 2031 ’πνευματικαι
297 1996 368 2021 εισι·
389 1995 436 2022 καὶ
459 1994 547 2026 οὐδεὶς
569 1994 661 2029 χοῖκὸς
688 1994 811 2030 ἑορτάζει
830 1995 880 2027 τὰς

930 765 979 793 eis.
997 766 1025 793 Si
1038 766 1139 793 cineris
1153 773 1260 792 servum
1281 765 1424 793 Hebraeum
1436 766 1471 799 ³³,
1491 776 1500 792 ι
1519 771 1571 794 etc.
1596 766 1715 794 Necesse

929 815 971 838 est
987 815 1017 838 ut
1027 812 1202 846 exquiramus
1225 810 1290 845 quid
1318 811 1354 838 sit
1377 811 1432 842 lex,
1449 811 1513 845 quid
1538 816 1714 845 praeceptum,

929 855 994 890 quid
1010 856 1073 883 item
1087 856 1308 891 iustiﬁcationes.
1323 863 1354 883 ac
1368 855 1481 889 judicia,
1501 861 1529 883 et
1546 857 1714 888 testimonia,

929 905 956 928 et
968 902 1105 928 mandata.
1134 901 1349 930 Jnstilicationes
1370 902 1461 936 itaque
1483 906 1556 934 sunt,
1582 902 1653 936 quod
1671 902 1716 930 hic

930 946 1030 974 dictum
1046 953 1086 975 est
1104 957 1110 975 :
1129 956 1138 974 ι
1160 947 1188 975 Si
1214 947 1313 975 emeris
1337 954 1446 974 servum
1473 947 1628 981 Hebrmum,
1646 957 1656 974 ι
1683 955 1717 977 ac

929 1000 990 1027 quae
1006 999 1159 1028 sequuntur
1171 994 1204 1026 de
1219 1001 1252 1021 eo
1265 993 1354 1026 dicta;
1368 993 1510 1028 judicium,
1523 999 1552 1021 ut
1566 995 1587 1021 si
1606 994 1659 1022 lilia
1672 1003 1716 1022 sa-

930 1039 1050 1067 cerdotis
1062 1044 1237 1075 constuprata
1254 1040 1349 1072 fuerit,
1359 1041 1421 1075 igne
1433 1041 1622 1074 comburatur;
1640 1050 1717 1068 man-

930 1083 992 1111 data
1011 1091 1075 1112 vero
1091 1085 1114 1101 ³⁸
1131 1094 1138 1112 :
1161 1095 1169 1111 ι
1190 1085 1247 1114 Non
1266 1091 1347 1114 erunt
1365 1086 1412 1114 tibi
1439 1086 1475 1113 dii
1500 1086 1563 1118 alii;
1582 1095 1592 1112 ι
1613 1094 1716 1121 praece-

931 1134 1006 1164 ptum
1018 1129 1040 1146 "
1057 1138 1064 1157 :
1083 1140 1094 1157 ‹
1116 1131 1291 1159 Descendens
1308 1136 1409 1160 testare
1425 1131 1538 1167 populo,
1555 1136 1582 1159 et
1603 1133 1717 1160 abluant

930 1174 1092 1202 vestimenta
1108 1183 1175 1208 sua;
1196 1185 1206 1201 ι
1223 1177 1376 1204 testimonia
1394 1177 1510 1211 denique
1526 1176 1549 1192 "
1565 1185 1572 1204 :
1590 1186 1600 1203 ι
1616 1177 1715 1205 Testor

931 1220 1009 1248 vobis
1023 1220 1109 1248 hodie
1120 1221 1219 1249 caelum
1228 1226 1255 1248 et
1267 1226 1378 1249 terram.
1403 1231 1414 1248 ι

969 1275 979 1292 ι
995 1265 1047 1294 Sex
1069 1267 1147 1295 annis
1169 1268 1272 1295 serviet
1294 1268 1359 1300 tibi;
1384 1275 1456 1296 anno
1483 1272 1574 1295 autem
1600 1265 1715 1304 septimo

931 1312 1017 1340 abibit
1033 1312 1100 1339 liber
1119 1313 1204 1348 gratis
1221 1313 1253 1339 ".
1284 1323 1294 1339 ι
1315 1312 1458 1348 Signiﬁcat
1472 1320 1533 1348 qua:
1549 1313 1576 1340 in
1601 1314 1716 1348 septimo

932 1357 1119 1392 indulgebatur
1143 1358 1267 1391 libertas.
1289 1359 1377 1386 adhuc
1400 1364 1492 1386 autent
1518 1363 1545 1386 et
1569 1367 1629 1394 qua
1646 1358 1715 1386 Sab—

931 1403 994 1430 bato
1011 1404 1117 1430 eratab
1145 1405 1276 1438 operibus
1292 1404 1410 1439 requies,
1431 1409 1552 1432 nostram
1578 1405 1604 1431 in
1628 1405 1716 1439 gratia

929 1456 977 1482 per
987 1448 1126 1476 Christum
1146 1448 1311 1476 libertatem.

968 1501 977 1518 ι
1001 1493 1123 1520 Adducet
1133 1501 1193 1530 eum
1210 1493 1335 1521 dominus
1350 1493 1408 1528 ejus
1424 1494 1456 1521 ad
1471 1495 1588 1522 tribunal
1606 1495 1650 1522 Dei
1664 1495 1713 1522 ³⁸.»

929 1538 1025 1572 Aquila
1040 1543 1066 1565 ct
1083 1537 1265 1573 Symmachus
1279 1539 1420 1572 dixerunt,
1438 1548 1448 1565 ι
1470 1541 1505 1567 ad
1525 1540 1599 1568 deos.
1621 1550 1630 1567 ι
1645 1541 1715 1569 Deos

931 1588 1033 1615 autem,
1051 1583 1158 1617 iudices
1175 1583 1324 1618 appellant,
1346 1592 1377 1611 ac
1399 1584 1446 1612 Dei
1465 1585 1598 1618 judicium
1619 1593 1714 1613 eorum

930 1628 1105 1656 sententiam.

968 1681 977 1698 ι
996 1673 1095 1700 'l‘ribns
1121 1674 1287 1708 temporibus
1307 1674 1371 1701 anni
1400 1673 1499 1702 festum
1525 1674 1612 1710 agetis
1637 1674 1714 1702 mihi.

931 1717 1135 1746 Solemnitatem
1152 1727 1311 1754 azymorum
1329 1720 1474 1747 custodite.
1494 1719 1603 1754 Septem
1619 1720 1716 1747 diebus

929 1764 1016 1791 edetis
1042 1772 1150 1799 azyma,
1178 1766 1249 1792 sicut
1272 1766 1386 1799 prmcepi
1411 1765 1458 1792 tibi
1475 1770 1598 1800 tempore
1615 1766 1716 1792 mensis

931 1817 1073 1837 novorum.
1091 1810 1119 1836 ln
1147 1810 1205 1844 ipso
1225 1810 1298 1837 enim
1323 1817 1451 1845 egressus
1476 1818 1506 1837 es
1529 1810 1562 1838 de
1584 1810 1715 1846 Egypto.

930 1854 988 1881 Non
1006 1854 1149 1890 apparebis
1165 1855 1192 1881 in
1210 1860 1357 1889 conspectu
1375 1862 1434 1883 meo
1447 1863 1561 1888 vacuus,
1575 1860 1602 1882 et
1615 1856 1716 1883 solem—

931 1899 1043 1926 nitatem
1074 1899 1170 1926 messis
1197 1900 1344 1933 primarum
1368 1900 1473 1934 frugum
1496 1899 1580 1927 facies
1603 1908 1715 1935 operum

932 1951 1038 1974 tuorum
1056 1947 1089 1973 ³³.
1111 1956 1120 1972 ›
1137 1947 1183 1974 Dei
1209 1947 1302 1981 itaque
1321 1947 1506 1974 solemnitate:
1526 1948 1559 1975 iis
1580 1949 1716 1982 spiritales

931 1997 1005 2024 sunt,
1024 1992 1121 2026 quibus
1146 1992 1256 2027 spiritus
1273 1997 1323 2026 est,
1343 2000 1394 2020 nec
1406 1993 1476 2020 ullus"
1495 1998 1622 2020 terrenus
1637 1993 1717 2028 spiri-

89 2043 188 2078 ὲορτὰς
203 2040 407 2076 πνευματικῶς.
432 2049 441 2066 ι
459 2040 507 2071 Τίς
519 2039 574 2076 γὰρ
593 2039 735 2075 συμφωνία
748 2040 880 2066 δικαιοσύ-

934 2037 1022 2064 taliter
1038 2036 1104 2064 festa
1125 2037 1240 2071 peragit.
1258 2046 1267 2062 ι
1285 2037 1350 2070 Quae
1363 2037 1436 2064 enim
1452 2037 1595 2064 concordia
1605 2037 1717 2071 iustitiae

90 2095 139 2121 γης
155 2086 204 2112 καὶ
215 2085 366 2120 ἀνομίαςςι
385 2085 427 2111 ἵνα
445 2084 482 2120 μὴ
495 2084 529 2111 τὰ
541 2084 603 2120 ἑξῆς
619 2084 701 2119 λέγω,
719 2085 755 2110 Οὐ
771 2085 881 2112 δύναται

91 2131 184 2167 ιοῑκδς
212 2131 340 2166 ἑορτάσαι
362 2130 457 2166 ἑορτὰς
480 2130 678 2165 πνευματικὰς,
707 2130 799 2166 ὥσπερ
822 2131 883 2158 οὐδὲ

92 2178 277 2213 πνευματικὸς
301 2177 396 2212 ἑορτήν
424 2177 527 2212 χοῐκήν.
555 2176 609 2203 Kal
631 2177 694 2210 μετ’
723 2176 821 2211 ὀλίγα.
849 2177 882 2202 Ti

93 2227 168 2252 ἐστιν
182 2226 197 2251 ὸ
216 2225 267 2260 μὴν
286 2224 342 2251 τῶν
358 2223 444 2256 νέων;
460 2217 525 2255 τοὺς
540 2222 686 2258 αἰσθητοὺς
702 2223 800 2257 φήσεις
814 2231 882 2259 καρ-

93 2271 170 2302 πούς·
184 2270 262 2296 οΰπω
275 2269 420 2304 ἐνέστηκεν
434 2269 449 2294 ὁ
469 2269 521 2304 μὴν
534 2268 588 2295 τῶν
606 2268 683 2302 νέων,
695 2267 743 2294 τοῦ
758 2268 881 2295 ἐνιαυτοῦ

93 2317 161 2352 φέρε
177 2318 263 2343 εἰπεῖν
279 2315 449 2350 ὸψιμωτέρου
471 2315 556 2346 ῦντος.
583 2314 620 2341 Τὸ
641 2314 679 2345 δὲ,
705 2313 752 2340 ἐὰν
771 2313 882 2349 γένηται

93 2370 158 2389 ποτε
169 2361 302 2392 ὲνιαυτδς,
320 2360 390 2387 ὥστε
408 2361 475 2396 μηδὲ
493 2359 586 2395 φέρειν
603 2359 652 2394 τὴν
668 2359 719 2395 γῆν
734 2359 798 2391 τοὺς
819 2367 884 2395 καρ-

93 2409 172 2439 ποὺς,
190 2405 245 2442 ἄρα
257 2406 396 2442 δυνάμεθα
410 2405 548 2441 ἑορτάζειν
567 2406 596 2432 ἐν
609 2404 648 2440 τῷ
661 2405 726 2440 μηνὶ
736 2404 789 2431 τῶν
803 2405 881 2438 νέων,

93 2453 130 2485 ὡς
144 2452 308 2479 κεκέλευκεν
323 2453 337 2477 ὁ
363 2451 429 2483 Θεὸς
448 2451 587 2487 ἑορτάζειν
603 2450 665 2482 τοὺς
688 2449 881 2486 ἑορτάζονταςς

95 2499 199 2526 οὐκοῦν
210 2499 250 2525 δεῖ
265 2498 326 2525 κατ’
337 2497 458 2524 ἐνιαυτὸν
470 2497 519 2532 τὴν
528 2496 622 2532 ἑορτὴν
638 2495 785 2531 ἑορτάζειν.
801 2496 883 2522 Ἐπα-

94 2545 171 2580 πορῶ
193 2544 223 2571 δὲ
244 2543 326 2571 πάλιν
342 2543 390 2570 καὶ
413 2543 478 2578 περὶ
500 2542 547 2568 τοῦ
572 2541 699 2577 δευτέρου
721 2541 816 2577 νόμου,
835 2540 882 2568 τοῦ

94 2591 164 2618 κατὰ
183 2591 232 2627 τὴν
253 2590 350 2626 ἑορτὴν
365 2589 413 2624 τὴν
429 2589 567 2624 δευτέραν.
583 2589 652 2624 Φησὶ
677 2587 732 2623 γὰρ
753 2596 762 2614 ι
787 2586 883 2622 ἑορτὴν

95 2637 141 2664 τοῦ
157 2636 288 2673 θερισμοῦ
303 2635 358 2662 τῶν
373 2633 737 2670 πρωτογεννημάτων.1Ὲάν
749 2641 791 2665 τις
806 2632 883 2659 σπεί-

98 2691 143 2719 ρῃ,
157 2684 205 2709 καὶ
223 2682 260 2718 μὴ
273 2680 408 2715 γένωνται
422 2680 446 2706 οἰ
458 2679 558 2714 καρποὶ
574 2678 686 2714 πρῶτοι,
704 2677 772 2705 ἀλλὰ
788 2677 882 2704 τελευ-

932 2087 959 2111 et
971 2083 1124 2117 iniquitatis
1140 2081 1183 2107 “'1
1200 2092 1209 2107 ι
1236 2090 1269 2109 ne
1283 2090 1344 2117 quae
1361 2082 1487 2118 deinceps
1508 2089 1658 2118 sequuntur
1674 2085 1716 2111 di-

932 2135 1001 2155 cam.
1017 2127 1075 2155 Non
1089 2132 1176 2162 potest
1193 2132 1318 2155 terrenus
1334 2127 1404 2155 festa
1418 2128 1551 2163 spiritalia
1566 2129 1714 2161 celebrare.

932 2173 968 2199 uti
985 2180 1072 2206 neque
1091 2172 1223 2206 spiritalis
1247 2171 1315 2199 festa
1340 2178 1458 2199 terrena.
1481 2172 1513 2199 Et
1534 2178 1592 2207 pou
1613 2181 1714 2208 pauca:

931 2218 1000 2251 Quid
1017 2223 1058 2244 est
1074 2217 1154 2251 128
1167 2218 1267 2244 mensis
1279 2217 1430 2244 novorum?
1448 2218 1572 2250 Fructus,
1596 2218 1716 2253 inquies,

930 2263 1052 2291 sensiles.
1078 2263 1204 2290 Nondum
1231 2264 1341 2291 advenit
1368 2264 1471 2291 mensis
1491 2271 1633 2297 novorum,
1654 2271 1716 2291 cum

930 2309 1047 2344 exempli
1065 2316 1146 2336 causa
1163 2316 1251 2336 annus
1267 2309 1371 2336 tardior
1384 2314 1435 2336 est.
1456 2308 1532 2342 Quod
1548 2309 1569 2336 si
1582 2309 1715 2344 ejusmodi

931 2355 1075 2390 aliquando
1089 2354 1229 2389 contingat
1242 2362 1339 2388 annus,
1357 2359 1386 2382 ut
1406 2355 1494 2382 nullos
1513 2360 1585 2382 terra
1605 2355 1713 2382 fructus

931 2399 1011 2432 ferat,
1025 2407 1089 2427 num
1107 2407 1251 2434 possumus
1275 2400 1301 2427 in
1323 2407 1417 2427 mense
1431 2408 1563 2427 novorum
1586 2400 1657 2426 diem
1676 2399 1717 2427 fe-

931 2449 1002 2472 stum
1022 2452 1114 2479 agere,
1146 2446 1217 2473 sicut
1242 2446 1370 2480 praecepit
1391 2445 1480 2472 Deus?
1507 2452 1571 2480 ergo
1599 2444 1715 2480 singulis

932 2491 1012 2518 annis
1029 2490 1126 2518 festum
1142 2492 1341 2526 percolendum.
1363 2491 1443 2518 Subit
1468 2499 1563 2518 rursus
1582 2490 1663 2518 etiam
1680 2490 1715 2518 de

931 2537 1047 2565 secunda
1064 2538 1132 2573 lege.
1151 2545 1211 2572 qute
1228 2538 1373 2565 secundam
1388 2537 1575 2564 celebritatem
1594 2541 1713 2571 spectat,

931 2583 1072 2611 dubitatio.
1092 2583 1136 2610 Ait
1152 2583 1224 2609 enim
1241 2591 1248 2608 ι
1269 2591 1277 2608 ι
1298 2582 1491 2610 Celebritatem
1507 2582 1604 2609 messis
1618 2581 1717 2615 prima-

931 2637 989 2656 rum
1004 2628 1121 2663 frugum.
1137 2637 1147 2654 ι
1163 2627 1191 2654 Si
1214 2627 1275 2661 quis
1301 2628 1426 2660 setninet,
1442 2635 1493 2654 nec
1517 2627 1609 2662 prima:
1626 2626 1716 2661 fruges

931 2673 1104 2709 proveniant,
1128 2671 1174 2699 sed
1194 2671 1360 2706 novissimae,
1380 2673 1403 2700 is
1423 2672 1530 2700 initium
1550 2672 1645 2699 messis
1660 2672 1717 2708 pri-

131 2773 232 2800 ”Psal.
244 2772 322 2803 v1.2.
353 2769 533 2798 "Erodnm.
551 2768 576 2795 l.
615 2768 636 2784 "
653 2768 735 2794 Exod.
751 2775 796 2798 xx,
822 2768 849 2795 3.

933 2767 1010 2794 Exod.
1039 2773 1095 2798 χιχ,
1121 2764 1163 2792 ιο.
1203 2764 1225 2780 ³⁶
1238 2764 1315 2791 Dcut.
1330 2771 1394 2796 xxx,
1410 2763 1450 2790 l9.
1489 2761 1596 2790 "Exod.
1614 2768 1670 2794 nt,
1685 2760 1715 2790 2.

99 2808 119 2825 ³⁸
134 2809 210 2842 ibid.,
225 2810 252 2836 ὕ.
295 2807 317 2821 ³³
339 2805 422 2832 Exod.
436 2811 513 2836 nul,
532 2804 575 2836 Η,
591 2804 634 2836 lii,
649 2804 688 2831 l6.

728 2803 750 2818 "°
763 2803 784 2829 ll
801 2803 861 2830 Cor.
879 2810 916 2836 νι,
934 2803 976 2829 14.
