1900 3060
195 117 250 145 295

908 117 951 145 EX
972 117 1121 146 OBIGENE

1766 120 1814 148 296

196 182 304 202 marum
317 174 424 210 frugum
439 174 578 203 celebrare
590 183 642 202 non
657 175 768 210 poterit.
783 175 895 203 Necesse
909 177 974 203 enin‘

1035 178 1112 209 ταῖοι,
1129 172 1204 208 οὗτος
1219 175 1269 203 οὐκ
1291 176 1323 202 ἂν
1336 175 1444 203 δύναιτο
1462 176 1587 213 ἑορτάσαι
1607 175 1655 213 τὴν
1669 177 1757 214 ἀρχὴν
1771 179 1814 205 τοῦ

196 225 239 248 est
254 221 356 248 habere
373 225 399 247 lc
416 221 518 256 fruges,
534 226 563 248 ul
581 222 678 248 festum
699 229 779 256 agere
798 222 896 256 possis.
911 221 979 254 Quid

198 274 276 299 vero,
290 267 310 293 si
326 274 420 301 agrum
445 275 497 293 non
524 267 621 299 habeo,
649 269 785 301 quomodo
805 267 902 294 festum
929 268 980 295 hoc

198 319 279 346 agere
293 316 396 345 potero,
413 319 472 338 cum
489 311 629 345 Scriptura
646 312 717 339 dicat
732 320 739 338 :
756 322 765 337 ‹
778 311 810 338 Et
826 311 981 339 solemnita-

198 366 250 386 lt‘lll
279 361 375 386 messis
400 359 548 393 primarum
568 360 676 395 frugum
689 360 772 387 facies
792 368 904 394 operum
920 365 981 388 tuo-

198 414 267 438 rum,
281 414 450 440 qna'eunque
476 406 655 433 seminaveris
676 407 702 433 in
720 414 784 441 agro
797 407 862 434 tuo?
885 416 894 432 ι
923 406 979 434 Non

196 451 339 484 seminari,
360 451 527 478 architectus
553 459 623 479 sum.
647 452 705 479 Non
731 453 874 485 semiuavi,
893 457 981 480 textor

195 505 272 528 sum;
291 505 386 531 agrum
409 505 461 524 non
479 497 575 528 habeo,
592 499 726 532 quomodo
743 506 852 532 possum
866 499 979 526 alterunt

195 542 292 568 festum
320 543 420 576 agere?
448 543 519 576 quod
552 542 615 569 item
649 548 752 576 spectat
782 544 815 570 ad
847 545 978 570 tertium:

197 599 206 614 ι
226 589 255 614 Et
269 588 465 616 solemnitatem
480 590 725 617 consummationis
739 591 764 617 in
779 591 851 617 exitu
871 591 945 619 anni.
967 600 976 617 ι

230 679 263 706 EI
276 685 333 714 post
348 680 413 708 alia.
442 680 511 713 Quid
528 681 578 708 sibi
599 681 656 708 vult
679 681 819 716 Scriptura
834 689 893 709 cum
909 682 979 710 cele-

194 727 274 753 brare
289 735 338 754 nos
352 727 428 762 jubet
446 728 542 754 festum
565 735 720 762 azymorum
741 727 767 754 in
782 735 875 755 mense
895 736 978 755 novo-

195 775 274 800 rum?
295 774 404 808 Depone
418 778 536 801 veterem
550 774 687 800 hominem
703 781 765 801 cum
780 774 885 801 actibus
903 774 978 801 suis:

193 825 220 845 et
235 823 263 844 ut
280 819 305 845 in
321 826 415 846 mense
434 826 563 846 novorum
587 818 788 845 solemnitatem
805 817 936 851 celebres,
952 824 978 846 tu

194 870 301 897 quoque
314 870 401 889 novus
414 862 529 895 eﬂieere,
547 866 576 889 ut
592 863 694 889 mensis
710 862 878 890 celebritatis
893 870 978 890 novo-

195 917 266 938 rum.
281 913 340 935 luus
355 909 456 936 mensis
471 908 527 936 fiat.
543 908 676 935 Novorum
692 909 774 941 enim,
790 916 843 936 non
858 914 979 936 veterum

195 955 296 982 mensis
311 959 353 981 est
367 955 427 982 iste.
443 955 500 987 Qua
518 962 582 987 ergo
600 955 704 982 ratione
719 962 817 981 navum
834 962 941 990 quoque
953 960 979 983 te

194 1000 254 1026 fieri
277 1000 433 1034 oportebit?
447 999 514 1027 Cum
527 1000 729 1027 solenmitatnm
748 1002 867 1027 rationes
883 1000 977 1034 explo-

194 1051 267 1072 ratas
285 1045 399 1072 haberet
415 1045 552 1078 apostolus
571 1044 679 1077 Paulus,
701 1045 736 1072 de
763 1045 832 1073 festo
847 1052 977 1073 novorum

191 1092 228 1117 ait
240 1091 260 1106 "
280 1099 306 1116 τι
326 1091 510 1125 Exspoliautes
525 1097 572 1117 vos
584 1095 701 1117 veterem
715 1092 849 1117 hominem
858 1098 919 1118 cum
934 1098 979 1118 ac-

191 1137 263 1163 tibus
280 1136 347 1168 suis,
369 1141 397 1163 et
413 1136 555 1163 induentes
574 1144 673 1162 novum
688 1143 750 1163 eum
771 1137 817 1170 qui
832 1141 978 1163 renovatur

191 1182 217 1208 in
232 1182 410 1217 agnitionem,
426 1182 574 1210 secundum
591 1181 735 1216 imaginem
755 1182 824 1216 ejus,
841 1183 884 1216 qui
899 1190 976 1209 ert-a-

191 1229 240 1254 vit.
260 1237 268 1253 ι
283 1227 317 1254 Ul
332 1227 414 1262 igitur
432 1227 529 1254 festum
544 1235 608 1262 agas
621 1227 647 1254 in
665 1234 757 1254 mense
772 1234 912 1259 novorum,
930 1235 977 1254 ne-

191 1282 267 1301 cesse
282 1278 323 1300 est
339 1279 367 1300 ut
385 1281 471 1300 n0vus
484 1275 543 1306 llas,
560 1278 587 1300 et
600 1280 709 1300 omnem
725 1273 848 1307 deponas
860 1278 978 1300 vetusta-

193 1324 255 1345 tem.
274 1319 372 1345 Deinde
386 1327 465 1353 quam
483 1318 598 1354 primam
615 1319 674 1353 agis
689 1318 908 1345 solemnitatem?
925 1318 976 1345 So-

192 1364 358 1391 lemnitatem
381 1371 478 1399 nempe
503 1371 674 1399 azymorum,
694 1364 809 1391 docente
825 1364 976 1399 Apostolo:

193 1419 203 1435 ι
224 1410 326 1437 Pascha
342 1410 426 1442 enim,
441 1411 571 1446 inquit“,
590 1415 710 1438 nostrum
722 1418 770 1445 pro
786 1410 863 1437 nobis
879 1410 977 1437 inuno-

193 1456 264 1483 latus
279 1461 319 1483 est
335 1456 469 1483 Christus.
488 1456 580 1490 Itaque
601 1455 699 1482 festum
725 1463 849 1490 agamus,
870 1463 924 1483 non
947 1457 975 1482 in

191 1502 327 1528 ferntcnto
341 1502 436 1534 veteri,
453 1508 539 1535 neque
562 1502 587 1528 in
612 1502 747 1528 lermento
759 1501 870 1528 malitia
887 1506 914 1528 et
928 1508 974 1528 ne-
988 1517 1008 1546 ρ

191 1548 294 1582 quitize,
313 1549 359 1575 sed
379 1547 405 1575 in
421 1548 523 1582 azymis
537 1547 702 1574 sinceritatis
714 1551 740 1574 et
754 1547 886 1574 veritatis.
905 1556 915 1572 ι
930 1546 974 1574 Si-

191 1593 247 1620 mul
264 1597 354 1620 autem
369 1593 463 1626 collige
480 1592 551 1627 leges
563 1593 595 1619 de
607 1593 720 1628 azymis,
734 1600 765 1619 ac
777 1592 881 1619 videbis
894 1600 974 1627 quam

190 1640 246 1666 sint
265 1647 279 1666 a
295 1640 401 1666 ratione
418 1639 497 1667 alieni
521 1640 565 1674 qui
581 1641 612 1666 ad
631 1640 780 1674 spiritalem
800 1640 897 1667 litterae
914 1647 976 1667 sen-

190 1694 250 1713 sum
265 1693 316 1712 uou
335 1686 487 1720 attendunt,
502 1686 548 1714 sed
564 1686 698 1721 spiritalia
716 1691 844 1720 tanquam
869 1685 974 1712 inutilia

191 1736 334 1766 spernunt.

226 1785 236 1802 ι
254 1777 310 1803 Non
330 1777 473 1812 apparebis
497 1777 523 1804 ir.
549 1782 697 1811 conspectu
720 1784 780 1804 meo
794 1784 898 1805 vacuus
911 1777 943 1804 ⁸³.
962 1786 971 1803 ι

190 1822 265 1850 Scito
280 1831 384 1850 onmem
397 1823 533 1850 hominem
548 1827 594 1849 aut
606 1830 721 1850 vacuum
731 1828 777 1850 aut
787 1823 893 1858 plenum
903 1831 973 1851 esse.

190 1869 217 1895 Si
234 1869 305 1895 enim
323 1877 377 1896 non
404 1869 486 1896 habet
506 1869 637 1902 Spiritum
661 1873 796 1901 sanetum,
821 1876 875 1896 non
893 1870 974 1897 habet

188 1917 328 1943 Creatoris
340 1916 475 1947 notitiam,
490 1923 543 1942 nor.
559 1916 662 1950 recepit
681 1916 765 1942 vitam
782 1914 874 1943 Iesum
891 1915 972 1943 Chri-

187 1968 277 1996 suun;
295 1963 317 1988 si
333 1969 384 1988 non
400 1962 474 1988 novit
485 1961 592 1988 Patrem
607 1962 653 1996 qui
668 1962 693 1988 in
710 1961 786 1988 caelis
802 1965 854 1994 est,
875 1961 897 1988 si
919 1969 972 1989 non

188 2008 255 2034 vivit
273 2015 307 2034 ex
330 2007 447 2040 ratione,
472 2006 506 2033 ad
527 2006 596 2041 legis
615 2006 735 2034 caelestis
759 2014 894 2040 normam,
918 2015 971 2034 non

188 2052 288 2084 sobrie,
309 2060 361 2079 non
375 2051 447 2085 juste
459 2051 533 2086 agit;
551 2057 650 2078 vacuus
661 2055 704 2078 est
719 2051 763 2084 qui
776 2051 906 2084 ejusmodi
918 2055 970 2079 est.

188 2099 238 2132 Qui
256 2103 344 2125 autem
360 2097 440 2132 129
454 2097 528 2131 capit
549 2097 632 2124 Deum
647 2097 692 2132 qui
710 2097 777 2124 dixit
797 2097 854 2114 κδ’
873 2106 879 2124 :
896 2106 905 2123 ι
923 2096 970 2125 Iu-

187 2144 317 2172 habilabo
332 2144 358 2170 in
373 2144 422 2175 eis,
436 2148 464 2170 et
486 2143 673 2176 inambulabo,
692 2148 720 2171 et
735 2150 782 2170 ero
801 2143 840 2171 eis
854 2143 934 2177 Deus,
957 2153 967 2170 ι

187 2192 211 2217 is
226 2198 277 2217 non
294 2197 406 2220 vacuus,
422 2189 468 2216 sed
488 2189 583 2223 plenus
605 2193 656 2216 est.

225 2244 234 2261 ι
250 2235 518 2269 Tribustemporibus
528 2235 589 2262 anni
606 2235 746 2270 apparebit
759 2243 838 2263 omne
859 2239 968 2263 mascu-

188 2282 271 2309 linum
288 2286 360 2309 tuum
386 2288 476 2309 coram
504 2281 616 2309 Domino
641 2281 695 2309 Deo
723 2287 767 2309 tuo
787 2281 820 2309 “.
843 2291 852 2308 ι
877 2282 968 2309 Dicam

188 2328 250 2363 quid
269 2328 318 2356 sibi
337 2328 411 2355 locus
427 2326 477 2354 iste
493 2327 566 2354 velit.
592 2327 668 2360 Quod
687 2328 804 2361 agimus,
824 2332 871 2353 aut
888 2326 969 2353 femi-

187 2384 231 2407 tta,
247 2380 292 2402 aut
307 2381 364 2401 mas
378 2379 429 2403 est.
445 2374 472 2401 Si
490 2373 633 2401 femineum
647 2378 689 2400 est
700 2373 771 2407 quod
791 2372 906 2407 agimus,
923 2376 969 2399 aut

186 2428 344 2455 corporeum
370 2424 411 2447 est
437 2425 480 2446 aut
507 2419 626 2446 carnale.
653 2419 822 2446 Seminantes
842 2419 913 2445 enim
940 2419 966 2445 in

185 2475 277 2499 came,
296 2474 348 2494 non
363 2474 464 2493 marem
482 2467 528 2493 sed
546 2465 672 2492 feminam
691 2465 796 2492 edimus
816 2464 912 2491 anima:
929 2463 969 2491 fe-

187 2518 253 2545 tum,
272 2520 367 2546 nempe
387 2519 525 2544 enervem,
541 2511 700 2545 mollemque
716 2518 747 2537 ac
765 2512 876 2537 materia
890 2517 968 2537 cras-

186 2567 255 2585 sum.
273 2558 301 2584 Si
314 2565 377 2584 vero
389 2563 488 2584 atterna
501 2561 650 2591 spectantes
661 2560 687 2582 et
700 2556 732 2582 ad
754 2555 969 2582 meliora'atten-

187 2611 241 2632 tum
269 2605 400 2632 habentes
422 2604 551 2636 animum,
579 2601 685 2629 fructus
716 2601 827 2636 spiritus
849 2601 965 2636 edimus,

185 2658 278 2678 omnes
297 2649 366 2676 fetus
380 2649 462 2676 nostri
482 2655 570 2675 mares
581 2651 652 2675 sunt.
669 2647 733 2679 Quae
748 2647 829 2681 igitur
850 2646 967 2674 offerun-

185 2700 229 2722 tur
252 2696 278 2723 in
302 2700 446 2730 conspectu
459 2694 518 2727 Dei,
537 2701 648 2728 qumque
666 2693 803 2721 Creatoris
825 2693 911 2720 oculis
926 2700 970 2727 ap-

222 2786 240 2802 ⁸¹
260 2787 368 2814 Coloss.
394 2795 434 2816 tn.
455 2787 482 2818 9.
509 2787 551 2815 10.

184 2822 205 2838 ¹⁶
225 2823 308 2850 Exod.
330 2830 406 2856 χχιιι,
431 2823 470 2849 l7.

605 2787 627 2802 δ’
642 2787 723 2815 lCor.
750 2793 775 2820 v,
791 2787 817 2814 8.

872 2785 896 2802 “
912 2785 998 2813 Exod.
1025 2792 1103 2816 mn.
1123 2785 1165 2812 15.

1031 221 1160 258 θερισμοῦ
1181 221 1235 247 τῶν
1263 222 1598 258 πρυηογεννημάτων.Δεῖ
1616 223 1669 258 γὰρ
1693 223 1766 258 ἔχειν
1787 231 1814 250 σε

1030 266 1195 301 γεννήματα,
1204 267 1247 293 ἵνα
1264 267 1379 302 δυνηθῇς
1396 268 1544 302 ἑορτάζειν.
1565 269 1597 295 Τί
1612 269 1650 301 δὲ,
1668 269 1701 297 ἃν
1726 270 1816 306 χώραν

1033 310 1069 345 μὴ
1081 310 1144 345 ἔχω,
1156 311 1213 342 πῶς
1227 311 1258 338 ἂν
1273 312 1405 348 δυναίμην
1423 314 1472 348 τὴν
1487 314 1583 350 ἑορτὴν
1599 315 1701 351 ταύτην
1723 317 1817 352 ἑορτά·
1857 316 1859 319 ’

1031 353 1097 387 ζειν,
1118 355 1168 390 τῆς
1188 355 1285 388 λέξεως
1302 356 1446 392 λεγούσης,
1470 367 1478 382 ι
1499 359 1553 384 Καὶ
1573 359 1668 395 ἑορτὴν
1685 360 1816 396 θερισμοῦ

1031 399 1083 426 τῶν
1100 401 1368 436 πρωτογεννημάτων
1376 403 1499 438 ποιήσεις
1523 403 1576 430 τῶν
1599 405 1686 440 ἔργων
1705 415 1764 437 σου,
1781 403 1817 433 ὧν

1032 446 1078 473 ἐὰν
1096 447 1210 484 σπείρῃς
1228 448 1257 474 ὲν
1272 447 1310 482 τῷ
1329 448 1407 483 ἀγρῷ
1423 458 1489 481 σου;
1508 460 1516 476 ι
1533 451 1582 477 οὐκ
1604 451 1728 487 ἔσπειρα,
1750 453 1819 479 olm

1030 492 1110 527 δόμος
1124 494 1196 528 εἶμί·
1211 494 1261 520 οὐκ
1287 494 1410 531 ἔσπειρα,
1428 495 1549 531 ὑφάντης
1571 498 1642 532 εἰμί·
1660 497 1746 533 ἀγρὸν
1769 498 1816 526 οὐκ

1031 538 1094 572 ἔχω,
1113 539 1171 570 πῶς
1192 539 1308 575 δύναμαι
1323 541 1372 576 τὴν
1390 541 1518 577 δευτέραν
1540 542 1676 577 ἑορτάζειν
1700 543 1810 578 ἑορτήν;

1031 582 1084 609 Καὶ
1109 583 1140 618 δὴ
1155 584 1202 610 καὶ
1226 585 1288 621 περὶ
1314 585 1362 621 τὴν
1379 587 1484 622 τρίτην,
1500 597 1509 612 ι
1534 587 1589 613 Καὶ
1608 588 1703 623 ἑορτὴν
1725 596 1817 615 συντε-

1030 628 1104 660 λείας
1121 630 1163 656 ἐπ’
1183 630 1264 665 ἐξόδῳ
1278 630 1324 657 τοῦ
1338 631 1471 658 ἐνιαυτοῦ.
1488 641 1497 657 ι

1067 674 1122 701 Καὶ
1135 676 1199 710 μεθ’
1216 676 1311 709 ἕτερα.
1333 677 1364 702 Τί
1382 677 1502 712 βούλεται
1522 677 1598 712 λόγος
1611 679 1675 713 ἡμῖν
1693 678 1784 712 λέγειν
1802 679 1818 706 ὁ

1031 721 1149 748 κελεύων
1165 722 1239 757 ἡμᾶς
1251 722 1388 757 ἑορτάζειν
1406 724 1454 758 τὴν
1475 724 1571 759 ἑορτὴν
1583 725 1636 751 τῶν
1652 724 1767 760 ἀζύμων
1779 726 1817 761 τῷ

1032 768 1097 802 μηνὶ
1110 767 1164 793 τῶν
1178 768 1263 799 νέων;
1287 768 1399 795 Ἀπόθου
1419 769 1465 795 τὸν
1481 770 1592 797 παλαιὸν
1608 770 1750 806 ἄνθρωπον
1769 772 1817 798 σῦν

1031 813 1089 844 ταῖς
1101 812 1230 848 πράξεσιν
1247 813 1340 840 αὑτοῦ.
1355 815 1409 847 Καὶ
1425 815 1467 841 ἴνα
1482 823 1513 850 γε
1528 816 1643 851 ποιήσῃς
1656 817 1705 851 τὴν
1719 816 1817 851 ἑορτὴν

1030 859 1059 885 ἐν
1072 857 1111 893 τῷ
1125 858 1191 894 μηνὶ
1201 858 1255 886 τῶν
1273 859 1350 892 νέων,
1362 861 1410 886 καὶ
1427 861 1460 887 σὺ
1472 861 1530 892 νέος
1542 860 1631 895 γενοῦ,
1645 862 1687 887 ἵνα
1704 861 1818 896 γένηται

1030 904 1044 930 ὁ
1056 904 1109 939 μὴν
1124 904 1173 938 τῆς
1184 904 1282 940 ἑορτῆς
1297 905 1351 932 τῶν
1365 906 1443 938 νέων,
1458 906 1506 934 καὶ
1520 906 1566 938 σὸς
1581 907 1643 942 μήν.
1660 907 1738 934 Νέων
1750 907 1817 942 γὰρ,

1030 952 1077 978 καὶ
1093 952 1123 978 οὐ
1155 951 1276 978 παλαιῶν
1295 951 1369 978 ἐστιν
1395 949 1471 984 οὗτος
1485 953 1500 978 ό
1519 953 1583 988 μήν.
1599 953 1661 984 Πῶς
1684 952 1731 979 οὖν
1753 953 1817 987 δεή-

1030 1005 1071 1023 σει
1086 997 1145 1024 νέον
1168 997 1214 1023 κοιὶ
1238 996 1267 1022 σὲ
1288 996 1429 1030 γενέσθαις
1448 997 1556 1031 Νοήσας
1575 997 1625 1029 τὰς
1645 997 1752 1033 ἑορτὰς,
1767 997 1817 1032 τὴν

1029 1043 1126 1078 ἑορτὴν
1141 1042 1194 1069 τῶν
1209 1042 1276 1069 νέων
1297 1043 1312 1068 ό
1327 1041 1473 1073 ἀπόστολος
1482 1041 1586 1074 Παῦλὸς
1598 1051 1689 1078 φησιν,
1699 1052 1708 1069 ‹
1721 1043 1818 1069 Ἐκδυ-

1029 1089 1140 1125 σάμενοι
1157 1087 1202 1115 τὸν
1226 1088 1340 1115 παλαιὸν
1369 1086 1509 1124 ἄνθρωπον
1531 1089 1579 1115 σὺν
1604 1090 1662 1120 ταῖς
1683 1088 1818 1124 πράξεσιν

1028 1134 1110 1161 αὐτοῦ
1123 1155 1130 1167 ,
1166 1133 1212 1160 καὶ
1257 1134 1432 1169 ἐνδυσάμενοι
1448 1134 1494 1160 τὸν
1511 1134 1573 1164 νέον¹
1592 1134 1637 1161 τὸν
1650 1135 1817 1162 ἀνακαινού-

1029 1189 1108 1216 μενον
1135 1181 1174 1213 εῑς
1196 1181 1342 1215 ἐπίγνωσιν
1366 1181 1426 1207 κατ’
1449 1181 1540 1208 εἰκόνα
1564 1180 1610 1207 τοῦ
1626 1181 1782 1213 κτίσαντος.
1806 1191 1816 1207 ι

1026 1227 1131 1254 Οὐκοῦν
1155 1227 1198 1254 ἵνα
1219 1227 1327 1262 ἀγάγῃς
1343 1226 1392 1262 τὴν
1409 1227 1505 1262 ἑορτὴν
1530 1227 1557 1253 ἐν
1583 1227 1647 1262 μηνὶ
1662 1227 1716 1254 τῶν
1733 1227 1817 1259 νέων,

1027 1274 1086 1301 νέον
1108 1283 1137 1300 σε
1152 1273 1279 1308 γενέσθαι
1291 1274 1340 1306 δεῖ,
1356 1273 1402 1300 καὶ
1421 1274 1509 1300 πᾶσαν
1525 1273 1674 1300 ἀποθέσθαι
1700 1273 1819 1301 παλαιός

1027 1328 1105 1354 τητα.
1121 1316 1187 1345 Εἶτα
1201 1319 1280 1346 ποίαν
1296 1319 1391 1355 ἑορτὴν
1405 1319 1515 1355 πρώτην
1528 1319 1621 1352 ᾶγεις;
1637 1319 1677 1345 ὅτι
1693 1319 1742 1354 τὴν
1760 1320 1820 1355 ἑορ-

1026 1365 1075 1399 τὴν
1087 1364 1140 1392 τῶν
1156 1365 1278 1401 ἀζύμων,
1298 1366 1414 1401 μάνθανε
1431 1365 1485 1392 ἀπὸ
1501 1365 1546 1392 τοῦ
1561 1365 1734 1392 Ἀποστόλου-
1751 1375 1761 1392 ‹
1781 1366 1819 1392 To

1027 1409 1081 1445 γὰρ
1097 1411 1189 1446 πάσχα
1204 1412 1292 1447 ἡμῶν,
1308 1412 1400 1448 φησὶν,
1412 1412 1483 1447 ὑπὲρ
1498 1412 1575 1447 ἡμῶν
1590 1411 1670 1447 ἐτύθη
1684 1412 1817 1447 Χριστός·

1027 1456 1097 1483 ὥστε
1115 1456 1286 1492 ἑορτάζωμεν
1299 1457 1336 1493 μὴ
1349 1459 1376 1484 ὲν
1393 1456 1466 1494 ζύμῃ
1483 1457 1595 1493 παλαιᾷ,
1612 1458 1678 1493 μηδὲ
1691 1458 1721 1484 ἐν
1737 1457 1818 1494 ζύμῃ

1027 1502 1126 1533 κακίας
1141 1503 1187 1529 καὶ
1215 1503 1356 1538 πονηρίας,
1376 1502 1433 1530 ἀλλ’
1448 1504 1476 1529 ὲν
1499 1502 1613 1538 ἀζύμοις
1638 1503 1819 1538 εἰλικρινείας

1027 1548 1074 1575 καὶ
1095 1547 1234 1583 ἀληθείας.
1255 1558 1264 1574 ι
1282 1549 1357 1584 ’Ἅμα
1377 1549 1405 1576 δὲ
1421 1549 1557 1583 συνάγαγε
1578 1549 1614 1576 τὰ
1635 1548 1819 1584 νενομοθετη..

1029 1594 1098 1629 μένα
1114 1595 1178 1630 περὶ
1193 1595 1241 1630 τῆς
1254 1595 1350 1630 ἑορτῆς
1368 1594 1422 1622 τῶν
1435 1595 1556 1630 ἀζύμων,
1577 1595 1624 1622 καὶ
1638 1595 1697 1629 ὄψει
1720 1595 1772 1629 μὲν
1786 1595 1820 1622 ei

1026 1639 1122 1674 ἄλογον
1146 1639 1201 1667 τῶν
1219 1639 1258 1675 τῷ
1278 1639 1352 1675 ῥητῷ
1364 1640 1402 1672 ὼς
1416 1639 1592 1676 πνευματικῷ
1608 1639 1644 1675 μὴ
1664 1640 1821 1675 προσεχόν-

1026 1693 1091 1716 των,
1109 1685 1348 1720 καταφρονούντων
1368 1685 1396 1712 δὲ
1419 1685 1473 1712 τῶν
1498 1685 1690 1720 πνευματικῶν
1712 1685 1753 1717 ὡς
1779 1686 1821 1722 μὴ

1027 1731 1180 1766 χρησίμων.

1065 1786 1074 1802 ι
1092 1777 1149 1803 Οὐκ
1162 1777 1266 1814 ὀφθήσῃ
1279 1777 1392 1804 ἐνώπιόν
1409 1786 1459 1812 μου
1477 1778 1564 1811 κενός.
1581 1788 1589 1804 ι
1611 1778 1679 1805 Ἵσθι
1698 1778 1741 1805 ὃτι
1759 1779 1821 1810 πᾶς

1025 1822 1194 1859 ἅνθρωποςῆ
1211 1824 1287 1855 κενός
1303 1824 1387 1856 ἐστιν,
1401 1824 1417 1859 ἢ
1436 1823 1551 1860 πλήρης.
1574 1825 1604 1851 El
1621 1825 1668 1860 μὲν
1686 1825 1743 1860 γὰρ
1764 1825 1822 1851 οὑκ

1023 1868 1167 1904 ἐχειᾰγιον
1185 1868 1306 1904 Πνεῦμα,
1321 1869 1371 1895 οὐκ
1392 1868 1447 1904 ἔχει
1467 1869 1565 1903 γνῶσιν
1587 1869 1633 1896 τοῦ
1656 1869 1820 1904 κτίσαντος,

1023 1916 1054 1942 οὒ
1066 1915 1232 1951 παρεδέξατο
1247 1915 1318 1951 ζωὴν
1337 1915 1440 1950 Ἰησοῦν
1453 1915 1498 1942 τὸν
1513 1916 1638 1952 Χριστόν·
1656 1917 1680 1942 ει
1694 1916 1746 1942 οὐκ
1759 1914 1820 1943 οἶδε

1023 1963 1068 1990 τὸν
1079 1963 1191 1998 Πατέρα
1200 1962 1244 1988 τὸν
1261 1963 1289 1988 ὲν
1305 1962 1438 1997 οὐρανοῖς,
1456 1962 1480 1988 et
1493 1961 1523 1988 οὐ
1545 1962 1597 1997 βιοῖ
1615 1963 1685 1988 κατὰ
1707 1962 1755 1990 τὸν
1769 1963 1821 1990 λό-

1022 2017 1080 2043 γον,
1099 2008 1169 2034 κατὰ
1180 2007 1225 2034 τὸν
1246 2008 1327 2042 νόμον
1343 2008 1467 2044 οὐράνιον
1479 2016 1486 2023 ·
1509 2008 1540 2034 οὺ
1559 2009 1701 2043 σωφρονεῖ,
1724 2009 1756 2035 οὗ
1774 2009 1821 2035 δι-

1024 2054 1203 2089 καιοπραγεῖ·
1216 2053 1230 2079 ὁ
1245 2053 1365 2085 τοιοῦτος
1380 2053 1458 2084 κενός
1476 2054 1557 2080 ὲστιν.
1571 2053 1602 2080 Εἰ
1621 2053 1648 2080 δὲ
1664 2053 1819 2090 κεχώρηκε

1021 2100 1067 2126 τὸν
1074 2100 1186 2126 εἰπόντα
1196 2098 1271 2125 Θεὸν·
1288 2107 1296 2124 ι
1318 2099 1465 2134 Ἐνοικήσω
1478 2100 1506 2125 ὲν
1521 2099 1678 2131 autem-mat
1694 2100 1821 2136 ἐμπερι-

1023 2146 1147 2180 πατήσω,
1162 2145 1208 2171 καὶ
1222 2144 1318 2179 ἔσομαι
1334 2144 1424 2176 αὐτοῖς
1435 2141 1608 2177 Θεὸς,ιοῦτος
1621 2145 1671 2171 οὐκ
1686 2145 1746 2172 ἐστι
1764 2155 1820 2173 κε-

987 2186 1009 2213 Ῑ)
1024 2191 1077 2222 νδς,
1096 2190 1173 2216 am:
1185 2189 1300 2225 πλήρης.

1060 2244 1069 2260 ι
1082 2235 1161 2270 Τρεῖς
1174 2235 1284 2270 καιροὺς
1299 2233 1345 2260 τοῦ
1353 2233 1476 2261 ἐνιαυτοῦ
1493 2234 1639 2270 ὀφθήσεται
1658 2235 1712 2261 πᾶν
1729 2235 1822 2270 ἀρσε-

1022 2281 1095 2308 νικόν
1112 2289 1158 2307 σου
1175 2279 1288 2306 ἐνώπιον
1305 2279 1408 2316 Κυρίου
1423 2280 1467 2306 τοῦ
1483 2279 1549 2306 Θεοῦ
1571 2289 1627 2306 σου.
1650 2289 1658 2305 ι
1669 2279 1702 2306 Τί
1713 2281 1775 2307 ὲστι
1785 2281 1822 2307 τὸ

1022 2327 1102 2362 ῥητὸν
1127 2326 1230 2361 εἴποιμι
1247 2326 1289 2352 ἄν.
1310 2326 1343 2352 Ὀ
1372 2326 1536 2362 πράττομεν,
1561 2326 1576 2361 ἤ
1604 2325 1670 2360 Οῆλύ
1687 2327 1776 2358 ἐστιν,
1800 2327 1820 2362 ἦ

1022 2371 1174 2407 ἀρσενικόν.
1187 2371 1216 2396 Εἰ
1235 2370 1284 2405 μὲν
1306 2368 1352 2397 οὖν
1369 2371 1482 2406 θηλυκόν
1498 2372 1570 2397 ἐστιν
1589 2371 1603 2397 ὃ
1629 2371 1776 2406 ποιοῦμεν,
1800 2372 1820 2407 ἢ

1021 2417 1176 2453 σωματικόν
1189 2418 1271 2448 ἐστιν,
1283 2416 1299 2451 ἦ
1317 2417 1456 2452 σαρκικὸν.
1472 2417 1630 2452 Σπείροντες
1638 2417 1692 2452 γὰρ
1711 2418 1753 2449 εἱς
1761 2418 1822 2453 τὴν

1021 2464 1120 2499 σάρκα,
1141 2462 1269 2497 ποιοῦμεν
1290 2461 1354 2497 θῆλυ
1375 2462 1405 2488 τὸ
1421 2463 1540 2498 γέννημα
1567 2463 1617 2497 τῆς
1633 2462 1732 2497 ψυχῆς,
1759 2463 1822 2490 οὐκ

1018 2510 1110 2546 ἄρρεν·
1128 2509 1184 2536 ἀλλ’
1204 2510 1451 2545 ὲκνενευρισμὲνον,
1469 2509 1572 2536 ἁπαλόν
1595 2517 1624 2535 τε
1640 2509 1685 2535 καὶ
1703 2509 1820 2536 ὑλικόν.

1018 2556 1049 2582 El
1067 2556 1157 2591 μέντοι
1175 2555 1317 2590 βλέποντες
1334 2556 1367 2583 τὰ
1386 2555 1489 2588 αἰώνια,
1501 2556 1548 2583 καὶ
1563 2556 1629 2590 πρὸς
1642 2557 1696 2587 τοῖς
1716 2557 1820 2591 κρείτ-

1016 2610 1091 2628 τοσιν
1123 2601 1229 2636 ἔχοντες
1256 2601 1303 2637 τὴν
1333 2601 1459 2633 διάνοιαν,
1490 2600 1717 2637 καρποφοροῦμεν
1744 2601 1821 2633 τοὺς

1019 2648 1141 2683 καρποὺς
1167 2646 1214 2673 τοῦ
1233 2647 1397 2683 πνεύματος,
1414 2648 1461 2673 καὶ
1480 2647 1568 2673 πάντα
1595 2646 1627 2673 τὰ
1647 2646 1822 2681 γεννήματα

1022 2692 1099 2729 ἡμῶν
1115 2693 1216 2728 άρρενά
1237 2694 1302 2719 ἔστι.
1319 2692 1359 2719 Τὰ
1373 2693 1461 2720 τοίνυν
1481 2693 1616 2728 φερόμενα
1628 2691 1745 2718 ἐνώπιον
1761 2693 1823 2720 τοῦ

1222 2786 1281 2802 ⁵⁸·“⁵
1303 2785 1388 2813 Levil.
1410 2793 1483 2819 sxw,
1507 2785 1556 2819 Ως
1575 2785 1593 2812 ll
1617 2784 1680 2813 Cor.
1699 2793 1737 2819 vt,
1763 2786 1821 2815 i6.
