1902 3065
65 97 115 125 297

680 91 713 120 IN
731 90 876 119 EXODUM
897 88 1038 118 HOMILIA
1060 88 1081 116 Ι.

1655 81 1709 108 298

65 153 141 186 θεώ,
158 153 193 180 τὰ
211 153 262 180 καὶ
275 153 452 189 egon-Mitem
467 153 500 188 τῇ
512 151 572 186 ὄψει
584 150 631 178 τοῦ
648 135 800 182 κτίσαιιτος,
815 150 867 186 ἀρ⁴
884 152 905 181 Α
921 156 969 183 par

932 151 1027 179 iarent,
1055 147 1112 174 hanc
1137 145 1270 177 mascula.
1294 151 1347 172 non
1375 143 1491 171 feminea
1513 147 1588 170 sunt.
1616 142 1709 178 Neque

68 200 159 228 σενικά
173 200 264 232 ἐστιν,
275 200 339 234 οὐχὶ
357 199 449 234 θήλεα.
467 198 504 225 Οὐ
519 197 575 233 γὰρ
588 197 622 224 τὰ
639 196 753 232 θηλυκὰ,
771 195 818 223 τιιὶ
831 195 865 222 τὰ

69 245 212 281 σωματικὰ
232 244 308 277 ἀξιοῖ
322 244 431 280 βλέπειν
445 245 461 271 ὁ
477 243 553 274 Θεόςι

918 195 990 222 enim
1018 193 1135 221 feminea
1152 197 1201 220 aut
1228 199 1359 226 corporea
1385 191 1510 226 dignatur
1538 190 1609 218 Deus
1623 190 1712 226 respio

919 247 950 267 ειι
954 246 993 267 re.

447 317 518 326 _,_
1233 317 1314 321 _
1451 315 1454 317 _

483 404 820 464 ORIGENIS
863 405 935 462 ΙΝ
982 403 1301 461 EXODUM.

325 594 466 627 llOdllLlA
500 593 617 625 PRIMA.

106 647 132 675 ι.
148 647 267 675 Videtur
281 645 348 672 mihi
363 645 548 679 unusquisque
563 651 653 671 sermo
679 643 777 670 divina:
792 644 868 671 Scri-

74 701 156 728 ptune
167 692 270 720 similis
284 699 346 719 esse
360 691 440 718 alicui
457 691 602 723 seminum,
612 691 691 726 cujus
705 695 801 718 natura
813 691 870 718 base

74 747 124 772 est,
142 745 171 766 ut
185 747 250 766 cum
266 738 372 773 jactum
396 737 476 764 fuerit
494 737 520 765 in
543 741 657 769 terram,
679 741 868 772 regeneratqu

924 593 1062 623 triarcha'.
1082 605 1090 621 I
1114 591 1213 630 Ioseph
1229 598 1330 626 aulam,
1348 593 1446 629 inquit,
1464 596 1523 621 erat
1539 593 1565 621 in
1585 588 1712 630 Egyplo.

923 641 1006 668 Enim
1029 644 1117 668 autem
1142 647 1237 668 omnes
1253 639 1350 666 anima:
1377 639 1410 666 de
1433 638 1518 667 Jacob
1541 641 1714 674 septuaginta

923 687 1053 722 quinque.
1070 697 1079 713 ι
1097 686 1190 714 Simile
1203 686 1265 713 huic
1289 685 1418 720 mysterio
1434 690 1461 713 et
1479 685 1543 713 illud
1559 692 1620 714 esse
1635 691 1714 722 puto.

924 735 995 769 quod
1017 739 1064 768 per
1090 730 1248 768 prophetam
1265 731 1375 764 dicitur,
1397 732 1419 759 si
1433 731 1496 766 quis
1508 732 1649 760 advenere
1663 736 1715 767 po-

76 786 101 813 in
124 786 241 820 spiram,
269 785 310 811 vel
335 784 362 811 iu
377 791 569 818 quamcunque
592 783 674 810 aliam
699 784 740 810 sui
764 783 871 818 generis
888 783 907 809 Β
924 786 975 809 test
991 791 997 808 :
1014 790 1022 807 ι
1036 775 1218 816 lqugyptum
1238 777 1378 806 descendit
1393 779 1509 814 populus
1525 786 1613 811 meus,
1626 784 1655 807 ut
1666 780 1717 808 has

75 832 191 866 speciem
210 829 399 865 multipliciter
415 828 592 862 ditl'undatur,
614 831 642 856 et
658 832 733 856 tanto
748 829 871 856 cmuula-

77 879 138 910 tius,
155 882 261 912 quanto
277 875 319 903 vel
337 872 440 910 peritus
452 875 572 911 agricola
587 875 648 910 plus
670 876 820 902 seminibus
835 874 872 902 la-

78 925 147 950 boris
171 922 350 958 impenderit,
367 921 407 948 vel
428 921 587 949 beneﬁcium
607 926 685 949 terra:
706 918 873 949 iecundioris

78 969 231 996 indulserit.
257 969 303 995 Sic
330 975 396 1003 ergo
420 967 537 995 ellicitur
551 973 580 994 ut
596 967 710 994 culturae
732 967 871 1003 diligentia

78 1016 204 1049 exiguiun
224 1022 330 1047 semen,
349 1014 423 1041 verbi
439 1021 535 1045 causa,
554 1013 668 1049 sinapis,
682 1013 755 1048 qdod
767 1018 808 1040 est
824 1010 874 1040 mi-

79 1062 179 1087 nimum
191 1060 327 1092 omnium,
354 1056 486 1086 elliciatur
503 1058 588 1092 majus
600 1059 726 1086 omnibus
741 1059 872 1090 oleribus,

78 1107 158 1135 ctliat
171 1107 256 1133 urbor
275 1114 281 1131 :
297 1118 306 1131 ι
330 1106 367 1132 lta
385 1110 412 1132 ut
425 1107 534 1133 veniant
553 1104 670 1132 volatilia
688 1104 761 1135 caeli,
781 1109 807 1132 et
826 1105 873 1130 ba—

80 1154 102 1180 bi
117 1157 162 1180 ent
174 1153 203 1180 in
226 1153 310 1180 ramis
331 1152 388 1185 ejus
406 1148 439 1181 ⁸⁷.
456 1162 464 1179 ι
484 1146 522 1179 ita
534 1157 561 1179 et
576 1152 619 1179 hic
639 1159 731 1179 sermo
747 1151 791 1186 qui
804 1159 874 1178 llllltc

79 1200 156 1227 nobis
175 1207 208 1226 ex
228 1199 330 1226 divinis
346 1198 529 1225 voluminibus
544 1198 675 1225 recitatus
694 1201 744 1229 est,
761 1198 783 1224 si
800 1197 873 1232 perid-

81 1251 134 1273 tum
159 1244 283 1272 inveniat
307 1249 334 1271 et
363 1244 519 1279 diligentem
542 1243 677 1277 colonum,
699 1251 759 1270 cum
786 1244 874 1278 primo

80 1297 181 1317 ςιιιςινιιι
198 1291 327 1318 videnlur
339 1290 487 1324 exiguuset
497 1290 599 1322 brevis,
616 1295 644 1316 ut
662 1290 776 1322 emperit
788 1285 875 1316 excoli

81 1343 106 1364 et
124 1337 290 1372 spiritaliter
304 1336 428 1367 tractari,
444 1336 543 1363 crescit
570 1335 596 1362 iu
622 1336 756 1367 arborem,
783 1335 810 1362 in
829 1341 870 1362 ra-

83 1393 138 1411 mos
155 1389 183 1411 et
201 1384 228 1410 iu
248 1382 365 1417 virgulta
385 1381 560 1414 diﬂumlitur;
573 1382 607 1408 ita
620 1386 649 1408 ut
667 1378 876 1416 possintvemre

83 1431 278 1465 disputatores,
304 1429 437 1461 rhetores,
455 1433 577 1455 oratores
602 1427 680 1461 hujus
702 1427 792 1454 mutuli
807 1422 876 1462 (ill,

83 1477 126 1512 qui
141 1476 215 1504 velut
231 1483 297 1502 aves
312 1475 374 1502 cmli
393 1473 496 1502 levibus
519 1474 625 1509 pennis,
643 1474 789 1501 verbormn
807 1475 875 1501 dun-

84 1528 152 1550 taxat
173 1529 286 1557 pompa,
302 1521 410 1548 excelsa
424 1525 564 1548 sectantur
575 1525 602 1547 et
614 1520 709 1550 ardua.
723 1525 749 1547 et
765 1520 878 1548 rationi-

85 1569 132 1596 bus
146 1569 220 1602 capti
238 1567 323 1594 velint
346 1566 468 1594 habitare
485 1566 510 1593 in
537 1566 621 1593 ramis
644 1566 714 1597 istis,
731 1566 756 1592 in
780 1575 813 1600 qu
828 1568 878 1594 bus

85 1623 135 1643 non
153 1614 282 1649 loqui-udi
295 1614 378 1640 decor
390 1617 442 1646 est,
454 1612 500 1640 sed
515 1613 585 1639 ratio
599 1613 715 1639 vivendi.
727 1613 796 1646 Quid
812 1621 878 1648 ergo

86 1661 217 1687 faciemus
229 1666 256 1686 et
268 1667 317 1686 nos
328 1659 362 1686 de
379 1658 422 1686 his
431 1667 490 1694 quin
501 1658 568 1686 lecta
580 1663 642 1686 sunt
653 1658 750 1686 nobis?
766 1659 794 1686 Si
812 1659 877 1686 mibi

87 1704 215 1734 Dominus
232 1706 386 1734 concedere
399 1705 556 1739 dignaretur
568 1705 698 1739 spiritalis
714 1705 771 1738 agri
789 1705 877 1732 Cllllll-

85 1761 120 1780 re
132 1752 318 1788 disciplinam,
342 1751 366 1778 si
393 1751 517 1785 peritiam
536 1751 641 1778 colendi
668 1751 738 1778 ruris
754 1752 877 1784 donaret,

86 1807 154 1826 unus
167 1807 262 1826 sermo
277 1805 308 1824 ex
324 1797 366 1824 bis
380 1805 440 1832 qua:
456 1797 568 1824 recitata
582 1802 645 1824 sunt
659 1798 798 1824 intuntum
815 1805 878 1831 pus-

86 1851 125 1873 set
146 1847 228 1881 longe
248 1845 357 1879 lateque
382 1843 506 1875 diﬂ‘undi,
531 1844 553 1871 si
577 1848 666 1870 lanient
683 1849 710 1870 et
724 1844 878 1870 auditorum

87 1893 226 1926 capacitas
242 1892 357 1922 sineret,
376 1895 403 1916 ιιι
415 1890 458 1916 vix
474 1888 552 1917 nobis
567 1890 599 1916 ad
615 1890 805 1924 explicandum
821 1888 879 1917 sui.

88 1939 179 1966 ﬁceret
193 1938 262 1965 dies.
283 1936 464 1964 Tentabimus
485 1941 574 1962 tamen
598 1944 646 1970 pro
662 1935 766 1963 viribus
779 1936 881 1963 nostris

87 1984 174 2019 aliqua
186 1984 338 2014 disserere,
358 1983 440 2009 etiam
461 1983 483 2010 si
497 1989 584 2016 neque
600 1982 677 2009 nobis
691 1982 815 2009 universa
831 1989 879 2009 cx-

89 2030 201 2064 plicare,
231 2035 320 2063 neque
339 2024 417 2055 vobis
441 2032 538 2055 cuncta
556 2028 650 2055 audire
672 2023 800 2062 possibile
828 2032 879 2055 est.

88 2076 154 2108 Quia
167 2081 196 2103 et
211 2078 264 2104 hoc
281 2074 369 2108 ipsum
387 2080 544 2108 agnoscere,
560 2073 633 2108 quod
651 2081 730 2108 supra
747 2073 818 2100 vires
834 2082 882 2100 uo-

924 828 1023 855 bitarct
1039 827 1086 860 ibi,
1103 831 1129 854 et
1147 827 1173 853 iu
1193 826 1318 861 As~yrios
1337 826 1361 852 vi
1378 825 1511 853 abductus
1523 830 1564 852 est
1578 824 1634 862 (72)
1649 825 1683 853 δ’.
1703 830 1714 852 ι

924 873 953 901 Si
968 874 1028 908 quis
1043 880 1107 907 ergo
1119 874 1206 907 potest
1223 871 1339 898 invicem
1355 868 1406 899 sibi
1424 871 1474 898 ista
1492 868 1629 904 conferre,
1644 876 1672 899 et
1682 873 1716 899 ei

925 921 966 948 his
982 928 1042 956 qua:
1055 917 1096 947 vel
1110 919 1270 954 aprici-ibus
1282 919 1395 950 nostris,
1414 918 1454 946 vel
1468 918 1549 946 etiam
1562 926 1576 946 a
1593 924 1718 953 cozequas

925 967 1006 999 libus,
1021 966 1067 994 sed
1083 971 1109 994 ct
1124 972 1139 993 a
1166 962 1243 993 nobis
1260 970 1454 1001 nonnunquam
1480 965 1618 1000 disputata
1641 965 1716 999 sunt.

926 1014 1076 1048 intelligere
1092 1013 1188 1047 pntcrit
1204 1021 1263 1047 qua:
1280 1013 1316 1039 sit
1338 1007 1474 1048 .IEgyptus
1493 1013 1519 1040 in
1534 1017 1614 1048 quam
1630 1021 1717 1049 popus

926 1060 966 1087 lus
985 1060 1030 1087 Dei
1049 1068 1101 1086 non
1127 1065 1180 1086 tam
1196 1060 1227 1085 ad
1249 1059 1423 1086 habitandum
1443 1067 1524 1093 quam
1544 1060 1577 1087 ad
1594 1060 1718 1088 incolens

925 1107 988 1134 dmn
1005 1107 1154 1137 descendit,
1171 1107 1216 1141 qvi
1231 1106 1312 1133 etiam
1328 1107 1383 1133 siut
1398 1106 1512 1141 Assyrii,
1534 1107 1580 1141 qui
1599 1114 1646 1135 eos
1663 1107 1718 1134 vim

927 1153 1058 1180 facientes
1072 1153 1254 1184 abduxerunt,
1273 1157 1473 1187 consequenter
1490 1153 1611 1180 advertat
1637 1149 1718 1189 13o

926 1200 988 1234 quis
1013 1199 1049 1227 sit
1073 1199 1289 1233 patriarcharum
1320 1203 1449 1226 numerus
1473 1203 1501 1226 et
1524 1200 1602 1233 ordo,
1624 1202 1718 1235 quam!

926 1252 1019 1272 eorum
1031 1245 1128 1272 domus
1147 1249 1173 1272 et
1186 1242 1294 1271 familia:
1308 1244 1495 1279 designentur,
1514 1250 1573 1280 qum
1588 1251 1640 1273 una
1655 1252 1719 1274 eunt

926 1290 1009 1318 Jaeob
1033 1295 1109 1325 palrc
1135 1299 1185 1318 suo
1211 1291 1341 1325 ingressa!
1366 1292 1496 1319 dicuntur
1514 1292 1540 1320 in
1557 1288 1716 1330 Aig'yptum.

928 1334 1072 1364 Descendit
1088 1338 1158 1376 enim
1179 1333 1272 1363 Ruben
1286 1343 1347 1363 cum
1365 1338 1419 1364 tota
1441 1338 1521 1365 dumo
1536 1347 1596 1373 sua,
1613 1345 1640 1367 et
1652 1336 1719 1368 chl

928 1390 990 1410 cum
1009 1384 1063 1410 tota
1085 1384 1165 1410 domo
1186 1392 1246 1415 sua,
1265 1385 1310 1411 sed
1332 1388 1359 1411 et
1381 1385 1471 1412 caeteri
1494 1393 1600 1413 ῡιιιιιοεδ
1617 1386 1718 1422 Josopll

929 1432 1031 1461 autem,
1049 1429 1146 1464 inquit,
1163 1435 1220 1457 erat
1240 1431 1265 1456 iu
1280 1430 1408 1466 Egypto,
1426 1436 1452 1458 et
1469 1438 1579 1458 uxorem
1593 1436 1626 1459 ue
1636 1429 1719 1467 ίΕρδνι

929 1481 975 1511 plu
988 1476 1102 1510 accepit,
1117 1481 1142 1502 et
1156 1475 1217 1502 licet
1227 1476 1261 1503 ibi
1275 1477 1387 1510 positus,
1402 1481 1491 1505 tamen
1506 1477 1533 1504 in
1551 1476 1720 1510 patriarchas

928 1529 988 1548 rum
1006 1529 1120 1548 numero
1137 1522 1260 1549 habetur.
1277 1523 1304 1549 Si
1333 1523 1394 1556 quis
1414 1530 1479 1557 ergo
1499 1528 1587 1556 potest
1607 1524 1716 1558 spirits;

930 1566 992 1593 liter
1011 1566 1060 1593 ista
1082 1567 1218 1594 discutere
1235 1567 1389 1602 etApostoli
1406 1575 1517 1595 sensum
1533 1569 1607 1604 sequi
1621 1566 1656 1602 '°,
1667 1574 1722 1605 quo

929 1608 1060 1640 discornit
1076 1618 1102 1640 et
1121 1619 1246 1648 segregat
1261 1610 1353 1645 Israel,
1380 1619 1405 1641 et
1423 1612 1488 1641 dicit
1506 1619 1566 1643 esse
1576 1614 1719 1649 qltcmdant

930 1658 1078 1685 secunddm
1099 1663 1210 1685 carnmn
1232 1658 1327 1691 Israel,
1343 1665 1371 1687 ut
1385 1659 1467 1687 alium
1480 1661 1538 1688 sine
1556 1661 1636 1688 dubio
1649 1661 1721 1689 india

931 1706 974 1731 cut
987 1709 1047 1730 esse
1068 1705 1215 1731 secundum
1233 1705 1376 1739 spiritum;
1398 1706 1445 1732 sed
1462 1706 1522 1733 etsi
1538 1705 1599 1740 quis
1617 1713 1722 1734 sermo<

931 1756 992 1778 near
1014 1750 1118 1778 Domini
1132 1749 1287 1783 tllllgt‘ntltls
1304 1751 1466 1781 consideret.
1483 1753 1554 1786 quod
1570 1750 1621 1780 hoc
1633 1752 1721 1787 ipsum

931 1798 1055 1832 designat
1078 1805 1139 1823 cum
1162 1797 1225 1824 dicit
1250 1797 1283 1824 de
1300 1797 1417 1832 quodam
1435 1793 1481 1824 "z
1507 1806 1516 1823 ι
1539 1797 1609 1825 Ecce
1638 1802 1724 1825 verus

932 1844 1069 1876 Israelita,
1098 1844 1124 1871 in
1149 1851 1202 1878 quo
1225 1842 1301 1870 dolus
1324 1852 1377 1870 non
1392 1847 1447 1876 est;
1469 1853 1478 1869 ι
1497 1848 1524 1871 et
1539 1844 1584 1870 dat
1609 1843 1723 1877 intelligi

932 1899 992 1918 esse
1011 1890 1118 1924 aliquos
1134 1898 1212 1918 veros
1227 1888 1378 1921 lsraelitas,
1392 1890 1500 1924 aliquos
1509 1890 1567 1917 sine
1579 1889 1660 1917 dubio
1670 1895 1724 1918 non

933 1943 1033 1969 veros;
1060 1936 1159 1971 poterit
1178 1931 1295 1964 fortasse
1314 1935 1485 1971 spiritalibus
1509 1936 1640 1971 Spiritalia
1657 1941 1724 1964 cort«

933 1984 1025 2010 ferens
1053 1987 1081 2009 et
1098 1983 1176 2010 novis
1194 1987 1286 2008 vrtera
1305 1990 1336 2009 ac
1359 1981 1498 2009 veteribus
1525 1989 1594 2010 nova
1613 1987 1724 2016 compo-

935 2037 1011 2061 nens,
1036 2028 1195 2064 mysterium
1211 2027 1320 2063 {Egypll
1334 2031 1361 2054 et
1381 2028 1598 2063 patriarcharum
1615 2028 1641 2055 in
1665 2034 1724 2056 eam

934 2074 1118 2103 descettsionis
1135 2074 1192 2109 (Ἱῦ)
1211 2075 1365 2101 advertere.
1382 2072 1434 2100 Sed
1449 2079 1476 2101 et
1495 2067 1662 2101 differentias
1679 2075 1728 2102 tri-

87 2127 158 2148 ιιι-εις
186 2122 222 2148 sit
238 2121 335 2147 borum
359 2120 483 2151 scientia,
498 2127 551 2147 non
571 2126 662 2153 parva:
675 2120 794 2147 arbitror
823 2127 882 2146 esse
901 2128 920 2156 ῃ
936 2121 1017 2147 buum
1040 2120 1278 2154 contemplabitur,
1298 2122 1327 2146 ut
1344 2119 1472 2153 conjiciat
1498 2121 1564 2154 quid
1594 2119 1727 2148 eximium

89 2168 202 2202 peritiae.
223 2164 369 2193 Videamus
383 2173 446 2201 ergo
459 2165 523 2201 quid
539 2166 630 2193 statim
646 2166 672 2192 in
688 2165 772 2193 initiis
795 2165 882 2193 Exodi

89 2213 170 2240 lectio
183 2213 373 2244 coutineat,et
388 2219 440 2245 qua
454 2218 596 2245 possumus
610 2211 881 2246 brevitatequaatmn

89 2261 121 2286 ad
136 2259 349 2286 mililieationent
364 2257 519 2284 auditorum
542 2257 650 2289 suilicit,
666 2264 882 2292 persequamur;

90 2305 111 2332 si
139 2310 232 2332 t:uueu
260 2304 389 2339 precibus
414 2303 510 2330 vestris
535 2303 646 2337 iuvetis,
669 2308 696 2329 ut
723 2304 885 2332 ndsiluobis

91 2359 182 2378 sermo
209 2350 269 2378 Dei.
287 2355 315 2377 et
340 2350 399 2384 ipse
414 2350 468 2376 dux
485 2349 573 2376 nostri
601 2349 725 2383 dignetur
744 2357 805 2377 esse
824 2358 884 2378 ser-

93 2396 190 2422 monis.

126 2442 153 2469 ‘2.
170 2451 179 2467 ι
201 2441 265 2468 ΙΙιυε
284 2445 359 2474 sunt,
376 2440 465 2475 inquit
485 2436 517 2472 ⁸⁸,
538 2439 646 2468 nomina
660 2434 777 2467 liliorum
792 2436 884 2473 Israel,

93 2488 136 2522 qui
149 2487 266 2522 ingressi
282 2491 346 2514 sunt
361 2487 388 2513 in
400 2486 548 2521 Egyptqu
563 2493 617 2512 una
634 2494 696 2513 cum
712 2480 796 2513 dacob
809 2491 886 2521 patre

94 2542 153 2567 suo,
169 2535 357 2569 unusquisque
370 2541 433 2562 cum
455 2534 583 2561 universa
602 2534 683 2562 domo
697 2541 745 2560 sua
764 2534 885 2561 intrave-

97 2586 167 2616 mnt,
184 2580 293 2614 Ruben,
307 2577 431 2614 Simeon,
448 2579 523 2614 Levi,
544 2578 640 2614 ludas,
662 2589 671 2607 ι
693 2585 719 2608 et
732 2580 822 2608 caztet-i
837 2588 886 2615 pa-

133 2651 155 2668 "
171 2650 271 2678 Matth.
290 2657 351 2682 ml,
367 2650 414 2677 52.
451 2648 568 2677 “Exod.
582 2657 602 2683 ι,
621 2648 687 2682 με.

128 2712 184 2748 (Ἡ)
211 2712 257 2740 Sic
279 2720 347 2740 mss.
367 2711 453 2743 Alias,
477 2720 486 2737 ι
506 2711 693 2746 disputatores
715 2714 743 2738 et
762 2710 887 2738 rhetores

96 2747 287 2780 hujustnundi.
311 2756 321 2772 ι

128 2783 181 2818 (72)
200 2784 311 2817 Aliquot
334 2789 415 2813 tttss.,
441 2791 451 2806 ι
467 2786 496 2808 ιιι
511 2781 654 2818 habitaret
668 2780 704 2808 ibi
721 2786 748 2808 et
761 2780 887 2818 Assyrio:

89 2811 151 2874 “illi
173 2811 203 2847 Ivi
233 2811 371 2845 abductus
400 2811 453 2844 est.
472 2826 481 2842 ι
511 2814 593 2844 l’uulo
619 2818 788 2852 post'mss.,
814 2811 826 2842 ἶ
847 2811 889 2843 Vel

249 2866 270 2874 η
347 2873 373 2874 7,
416 2863 458 2874 n-
497 2862 556 2874 vn

247 2866 391 2896 ΡΔτιιοι.
415 2863 473 2894 Gn.
497 2862 568 2893 ΧΠ.

937 2167 1022 2194 visunt
1038 2168 1072 2194 sit
1088 2167 1114 2193 in
1133 2167 1205 2194 trlbu
1220 2165 1296 2200 Levi,
1309 2167 1380 2201 quod
1395 2174 1428 2194 ex
1451 2174 1484 2194 ea
1498 2166 1655 2195 sacerdotes
1676 2164 1729 2193 ho-

937 2213 1002 2239 mini
1029 2209 1163 2248 eliguntur
1188 2220 1221 2240 ac
1244 2213 1379 2246 ministri;
1409 2211 1474 2247 quid
1500 2212 1584 2240 etiam
1605 2212 1632 2240 in
1657 2213 1729 2240 tribu

934 2257 1001 2286 Juda
1017 2258 1182 2292 pl‘;L‘Clplllllll
1197 2257 1326 2285 Dominus
1337 2258 1463 2291 senserit,
1477 2258 1547 2293 quod
1558 2262 1590 2286 ex
1602 2265 1633 2286 ea
1652 2261 1731 2291 reges

935 2309 1112 2332 assumuntur
1137 2309 1161 2331 et
1182 2304 1339 2339 principes;
1360 2305 1388 2330 et
1413 2304 1485 2339 quod
1507 2308 1549 2332 est
1564 2304 1651 2339 majus
1670 2308 1722 2329 0m-

937 2351 1022 2383 nium,
1039 2350 1110 2384 quod
1124 2354 1158 2376 ex
1175 2350 1229 2384 ipsa
1247 2350 1329 2377 etiam
1356 2349 1487 2377 Dominus
1500 2354 1527 2377 et
1544 2349 1668 2377 Salvator
1683 2355 1737 2377 Ito-’-

935 2402 992 2424 sier
1017 2397 1166 2424 secundum
1190 2402 1301 2423 carnem
1325 2396 1455 2423 nascitur.
1478 2394 1577 2424 Nescio
1602 2395 1675 2423 enlm
1703 2396 1727 2423 si

936 2442 1123 2478 lmjuscemoilt
1142 2442 1282 2477 privilegia
1297 2442 1329 2469 ad
1346 2438 1454 2469 illorum
1470 2442 1568 2469 merita
1581 2441 1726 2469 referenda

935 2490 1000 2522 sint,
1015 2496 1047 2517 es
1061 2495 1175 2524 quorum
1194 2489 1279 2522 stirpe
1292 2493 1390 2515 nomen
1405 2487 1447 2515 Vel
1461 2487 1593 2523 originem
1611 2487 1726 2519 ducunt,

936 2535 962 2563 id
984 2536 1026 2563 est
1043 2531 1084 2562 Vel
1109 2535 1143 2562 ad
1168 2535 1255 2569 ipsum
1277 2529 1386 2568 ludam,
1410 2533 1453 2561 vel
1472 2534 1506 2561 ad
1535 2532 1611 2566 Levi,
1630 2532 1672 2560 vel
1693 2532 1728 2559 ad

936 2584 1157 2616 unamquamque
1171 2588 1278 2614 eorum,
1297 2580 1343 2616 qui
1362 2580 1443 2608 tribui
1457 2585 1557 2608 nomen
1573 2579 1656 2607 dedita
1671 2577 1729 2607 Mo-

727 2648 749 2665 "
791 2648 842 2676 lsa.
871 2657 918 2683 ut,
933 2650 960 2677 ι.
997 2649 1020 2666 ⁸⁸
1039 2649 1049 2676 l
1074 2650 1139 2678 (lor.
1156 2658 1183 2683 ι,
1207 2649 1250 2676 l8.
1288 2649 1311 2666 "
1331 2648 1410 2678 Joan.
1433 2658 1452 2683 ι.
1470 2650 1512 2679 ιτ.

1036 2718 1049 2737 a
1063 2709 1257 2744 comqualibus.
1277 2719 1286 2736 ι
1302 2709 1386 2744 Alias,
1405 2719 1415 2737 ι
1432 2710 1475 2739 vel
1490 2710 1572 2739 etiam
1585 2711 1618 2739 ab
1637 2712 1730 2746 aqua

952 2754 958 2773 ι
989 2754 996 2771 ι
1016 2766 1021 2772 .
1046 2754 1054 2770 ι

952 2754 1021 2773 IDUS.
1046 2754 1054 2770 ι

977 2780 1033 2816 (75)
1049 2780 1135 2814 Alias,
1153 2786 1162 2806 ι
1182 2779 1398 2809 descensionem.
1415 2788 1425 2808 ι

1537 2860 1575 2890 10
