1900 3060
161 85 215 113 939

890 73 1052 103 OIIIGENIS

1747 68 1796 96 500

162 147 295 176 veterum
316 153 358 174 me
374 146 400 173 iu
413 145 465 172 hac
485 142 636 171 intentione
650 145 677 169 et
692 140 768 172 illud,
792 139 863 174 quod
877 137 959 165 Ioan-
974 138 996 166 Α
1012 137 1129 169 habere.
1156 138 1201 162 aut
1222 136 1368 169 nequeunt.
1393 131 1516 166 Denique
1545 129 1639 157 statim
1664 128 1690 155 in
1718 128 1797 156 initiis

163 201 212 222 nes
232 194 258 220 in
275 190 437 227 Apovalypsi
452 190 483 217 de
501 187 599 224 populo
614 187 665 214 hoc
680 185 724 226 qui
742 184 850 212 Clll'lSlO
865 181 953 209 credi-

163 240 213 273 dit.
226 239 320 266 scribit
336 237 368 265 ¹¹.
385 237 452 264 Dicit
466 235 537 262 enim
549 233 611 268 quia
629 240 660 259 ex
679 231 750 258 tribti
767 229 861 256 Ruben
884 228 953 255 duo-

163 286 251 313 dec‘m
271 284 364 317 millia,
376 291 409 310 ex
428 281 497 308 tribu
522 280 631 306 Siiueon
648 277 790 305 duodecim
806 274 901 306 millia,
917 274 953 301 si-

163 332 265 360 militer
289 336 378 358 autem
403 333 429 355 et
454 335 486 354 ex
513 324 628 361 singulis
655 323 807 358 quibusque
830 321 954 348 tribubus

163 380 286 408 duodena
304 377 397 408 millia,
409 383 476 410 quos
489 373 568 402 simul
581 378 676 399 omnes
689 369 757 396 dicit
772 375 833 396 esse
846 372 953 395 centum

163 425 344 462 quadraginta
372 427 490 458 quatuor
512 420 607 451 millia,
619 418 664 453 qui
681 424 710 444 se
722 424 782 443 eum
797 414 954 442 mulieribus

164 481 216 500 non
226 468 471 505 coiiiqiiiuaverint,
481 468 526 494 sed
535 466 653 498 virgines-
661 461 869 499 permanserint.
878 459 954 493 Quod

163 519 257 552 ntique
284 523 346 544 cuin
371 515 483 548 dicitur,
510 519 559 539 iicc
580 511 780 546 qualiscunque.
805 507 846 535 vel
864 507 954 541 inepta

163 569 254 600 potest
266 571 328 591 esse
345 562 464 596 suspicio
487 560 552 595 quin
570 559 602 586 ad
618 559 684 585 istas
698 558 784 584 tribus
800 555 954 583 Iudaeorum

164 608 287 642 Simeoii,
300 614 324 636 ct
343 608 417 640 Levi,
430 611 457 634 et
471 611 582 634 cieteras
595 612 654 640 quae
666 604 698 631 de
712 602 796 630 Iacob
810 609 894 638 genus
905 601 955 627 du-

164 661 241 688 cunt,
268 655 374 690 possint
402 651 534 679 revocari.
551 651 589 678 Ad
614 658 683 685 quos
696 650 778 685 igitur
794 654 884 684 patres
905 648 958 675 iste

166 709 294 729 nuiiicrtis
310 699 446 734 virginum
462 696 620 725 referendus
631 696 675 726 sit,
690 700 744 722 lam
763 694 890 729 :cqitalis,
902 698 955 720 tam

165 751 283 785 integer,
303 753 412 781 tamque
437 743 617 780 compositus,
640 742 676 769 ita
706 746 735 768 ut
764 740 854 767 nullus
870 739 957 766 altero

165 797 290 832 superior
312 798 357 820 aut
372 792 484 820 inferior
511 793 680 820 numeretur,
703 794 753 820 ego
770 785 879 821 quidem
893 792 957 819 pro-

165 844 241 878 gredi
257 842 327 870 ultra
350 838 513 874 inquirendo
540 844 593 864 non
611 836 708 867 audeo,
725 833 771 861 sed
784 838 811 860 et
824 832 956 860 hactenus

165 896 314 926 pcnecum
332 887 423 921 aliquo
447 883 603 912 discrimine
621 881 727 909 incedo.
745 878 893 914 Apostolus
918 883 956 905 ta-

166 944 228 964 men
243 934 376 970 quasdam
390 930 558 966 suspiciones
574 929 616 956 liis
630 928 674 963 qui
693 927 774 954 altius
785 925 882 952 intueri
896 932 958 958 pos-

166 987 239 1015 sunt,
255 980 381 1015 subjecit,
395 986 455 1006 eum
477 976 543 1004 dicit
557 975 602 1002 ":
620 984 628 1000 ι
648 973 764 1008 Propter
782 972 854 1006 quod
876 970 956 997 ﬂecto

167 1037 254 1063 genua
269 1036 329 1054 mea
353 1027 385 1053 ad
401 1025 510 1052 Patrem
527 1022 633 1050 Domini
651 1020 737 1048 nostri
752 1018 816 1046 Iesu
844 1017 957 1049 Christi,

166 1086 198 1105 ex
214 1086 268 1112 quo
284 1074 372 1103 omnis
392 1071 540 1108 pateriiitas
557 1070 583 1097 iii
601 1068 679 1096 caelis
692 1067 757 1094 etin
777 1071 849 1092 terra
869 1063 958 1090 nomi-

168 1129 257 1152 natur.
277 1132 285 1148 ι
307 1122 336 1149 Ει
353 1121 460 1155 quidem
483 1118 516 1145 de
540 1115 659 1144 terrenis
687 1111 899 1148 paternitatihus
918 1110 960 1136 iii-

168 1171 291 1197 tclleclus
308 1176 359 1194 iinii
377 1166 482 1192 videtur
498 1169 560 1190 esse
579 1160 698 1188 diﬂicilis
719 1167 725 1185 :
745 1162 836 1193 patres
858 1156 958 1182 eteuiui

168 1217 287 1244 tribuum
302 1213 341 1241 vel
355 1214 509 1242 domorum,
519 1209 552 1235 ad
563 1215 632 1242 quos
644 1204 784 1233 successio
793 1202 961 1237 posteritatis

170 1264 298 1293 refertur,
324 1258 406 1286 simul
421 1256 511 1285 omnis
527 1253 678 1290 paternitas
704 1249 875 1285 appellantur
891 1247 960 1282 (7i).

169 1310 197 1336 lu
213 1308 282 1335 ctnlo
298 1314 361 1333 vero
376 1304 445 1339 quod
466 1301 542 1334 dicit,
558 1298 695 1335 quomodo
709 1301 756 1323 aut
771 1295 890 1331 qualiter
905 1294 962 1321 sint

170 1359 273 1390 patres,
296 1357 343 1379 aut
361 1359 410 1385 pro
426 1349 525 1384 quibus
552 1342 757 1380 posteritatibiis
778 1340 898 1368 cwlestis
914 1347 961 1374 pa-

171 1400 285 1428 ternitas
313 1397 479 1425 nominetur,
503 1393 588 1427 ipsius
609 1395 651 1417 est
669 1395 749 1416 nosse
775 1387 872 1418 solius,
886 1385 963 1419 cujus

173 1456 183 1472 ι
204 1443 374 1473 εωΙιιιιιεωΙὶ
389 1446 441 1474 est,
458 1445 557 1467 terrain
584 1441 674 1464 autem
690 1435 765 1462 dedit
786 1433 849 1460 filiis
874 1432 962 1459 homi-

173 1503 236 1521 num
251 1493 284 1518 “.
305 1501 314 1516 ι

208 1542 235 1568 ὅ.
252 1536 454 1565 Descenderuut
465 1532 564 1566 crgoin
577 1529 725 1566 :Egyptum
743 1532 845 1562 patres,
855 1525 962 1555 Ruben,

174 1588 296 1615 Simeou,
326 1582 402 1614 chi,
430 1590 439 1606 t
472 1578 659 1613 unusquisque
689 1583 751 1602 cum
785 1572 859 1601 omni
885 1571 965 1598 (IOiIIO

174 1643 222 1661 sua
234 1634 268 1660 ".
287 1642 296 1658 ι
312 1628 451 1664 Quomodo
469 1627 531 1662 quis
545 1631 572 1653 et
588 1625 638 1652 hoc
653 1623 798 1654 edisserat,
813 1618 884 1654 quod
902 1625 964 1645 cum

175 1680 247 1708 nimii
279 1679 359 1705 domo
375 1683 423 1702 sua
440 1673 602 1702 introierunt
619 1671 646 1697 in
668 1665 833 1704 Egyptum?
862 1663 966 1697 Quibus

176 1727 283 1754 additur
297 1723 353 1759 (75)
372 1731 378 1748 :
403 1730 412 1746 ι
433 1720 466 1747 Ει
492 1724 600 1750 omnes,
616 1713 717 1749 inquit,
732 1711 829 1738 anima:
843 1716 902 1744 qua:
924 1707 950 1733 iu

178 1753 310 1800 tt'OlCI‘lllll
329 1770 389 1795 cum
412 1765 507 1797 Iacob,
531 1769 612 1789 Lxxv.
636 1770 645 1786 ι
665 1758 715 1786 llic
728 1757 784 1793 jam
800 1753 968 1782 nominando

177 1819 281 1846 animas
299 1821 368 1850 pene
391 1807 541 1840 nudaverat
564 1806 726 1843 mysterium
741 1809 834 1830 sermo
850 1799 968 1835 prophe-

177 1866 247 1892 ticus
269 1843 340 1897 qiiod
368 1859 468 1893 ubique
492 1856 663 1882 contexerat,
687 1855 717 1876 ut
742 1847 870 1883 proderet
897 1843 968 1879 quod

177 1918 229 1938 non
243 1889 462 1941 tle-corporibus,
473 1901 521 1928 sed
538 1899 571 1926 de
585 1896 731 1924 animabus
742 1894 800 1921 haec
822 1890 899 1919 dicit.
916 1889 968 1916 Vc-

178 1960 331 1983 rumtameii
346 1951 426 1979 habet
438 1949 526 1976 adhuc
542 1944 665 1972 velamen
681 1947 772 1969 suum.
789 1938 818 1965 In
834 1944 883 1964 usu
892 1943 971 1962 nani-

177 2010 230 2038 que
247 2007 306 2029 esse
322 1997 454 2028 creditur,
469 1993 577 2021 animas
592 1998 640 2025 pro
655 1987 812 2016 hominibus
825 1982 969 2019 appellari.

178 2028 288 2075 Interim
315 2051 385 2073 uxv
409 2041 507 2068 animae
527 2037 729 2065 descenderunt
754 2039 815 2060 cum
838 2028 923 2057 Iacob
944 2029 971 2056 in

178 2094 336 2128 [Egyptuun
363 2089 423 2116 Ista:
448 2090 512 2114 sunt
539 2085 648 2115 animae,
672 2087 741 2115 quas
759 2077 854 2113 genuit
876 2074 971 2103 Iacob.

179 2122 241 2175 izgl;
251 2122 303 2166 I|0Il
319 2141 383 2172 puto
394 2133 464 2169 quod
473 2132 587 2167 quilibet
599 2128 738 2156 hominum
753 2124 837 2160 possit
851 2122 970 2149 animam

181 2168 302 2222 gignere,
319 2168 372 2210 nisi
391 2168 412 2209 si
430 2180 493 2216 quis
515 2178 585 2206 forte
604 2175 668 2203 talis
688 2175 737 2206 sit,
751 2171 840 2207 qualis
857 2169 904 2197 illc
926 2168 971 2203 qui
988 2170 1012 2200 ι)

180 2218 290 2261 dicebat
311 2230 355 2257 l‘7:
378 2238 387 2254 ‹
406 2227 473 2255 Nam
490 2225 542 2254 etsi
561 2223 644 2252 multa
662 2221 744 2249 millia
763 2218 970 2254 paedagogorum

181 2278 307 2308 habeatis
323 2278 350 2304 in
365 2275 487 2305 Christo,
502 2272 549 2300 sed
562 2277 614 2298 non
631 2268 730 2296 multos
745 2270 847 2301 patres.
864 2262 931 2290 Nam
945 2260 971 2287 iu

180 2327 291 2355 Christo
311 2323 375 2352 Iesu
399 2329 448 2357 per
462 2318 638 2354 Evangeliiiiii
652 2322 703 2350 ego
718 2320 768 2341 vos
785 2310 877 2347 genui.
898 2316 907 2334 ι
927 2306 972 2334 Isti

182 2371 251 2400 tales
268 2374 342 2402 sunt,
358 2354 408 2404 qui
419 2368 552 2402 generant
574 2361 690 2394 animas,
703 2363 731 2386 et
747 2354 902 2392 parturiunt
913 2358 971 2383 eas,

182 2419 253 2446 sicut
271 2421 298 2444 et
321 2400 384 2443 alibi
412 2400 480 2440 dicit
490 2411 534 2438 ἐς
559 2418 569 2435 ο
589 2407 679 2436 Filioli
699 2404 762 2437 mei,
779 2409 849 2438 quos
874 2400 972 2446 iterum

182 2464 304 2501 parturio
318 2462 404 2489 donec
429 2458 561 2486 formetur
585 2454 713 2482 Christus
735 2451 761 2478 in
789 2447 876 2475 vobis.
895 2454 906 2471 ι
922 2442 974 2470 Alii

619 2500 622 2501 ,
848 2497 852 2501 _
879 2499 892 2501 _

182 2490 255 2539 enim
279 2506 433 2543 huiusmodi
456 2500 640 2540 generationis
667 2504 777 2528 curam,
809 2497 857 2521 aut
879 2490 975 2518 noluiit

217 2569 241 2585 "
253 2568 339 2602 Αυοε.
350 2573 400 2602 νει.
438 2563 467 2602 '_'_
476 2562 578 2602 Ephes.
596 2559 669 2602 liqut
676 2557 704 2583 ι.
718 2591 741 2602 ﬂ
752 2545 1017 2602 :‘r‘ifs‘alquuiut‘li.

218 2581 240 2585 "
253 2581 339 2602 npuc.
353 2581 400 2593 vn.
478 2581 578 2597 μνη-..π
597 2581 637 2591 ...,
660 2581 669 2585 -
681 2581 704 2583 η

185 2602 207 2620 ’⁸
217 2603 305 2631 Calai.
317 2609 341 2629 iv
363 2601 406 2628 19.
445 2599 469 2615 ⁸³
480 2598 580 2626 Cenes.
593 2603 621 2626 ll,
632 2594 678 2620 ‘23.
718 2591 741 2607 “
752 2590 851 2617 Cenes.
870 2593 946 2618 xxix,
959 2581 1002 2610 M.

978 1495 1000 1524 C

221 2680 277 2717 (τι)
289 2680 334 2707 Sic
346 2687 412 2717 mss.
426 2678 499 2705 Alias
513 2683 587 2717 vero,
605 2683 614 2700 ε
634 2673 675 2700 vel
687 2672 835 2713 domorum
850 2672 924 2699 sunt,
940 2666 973 2692 ad

186 2709 257 2752 quos
268 2709 442 2752 successio...
458 2712 607 2748 pateriiitas
621 2709 788 2752 nominatur.
811 2714 820 2730 ι

222 2741 277 2786 (v75)
293 2750 401 2786 Aliquot
418 2741 494 2786 IIISS._.
508 2748 567 2786 cile
583 2746 682 2786 quibiis
695 2741 817 2786 dicitur.
828 2748 838 2765 ι

293 2772 579 2818 dicit.
592 2772 611 2806 ἰ
635 2779 697 2819 lilox
721 2783 772 2820 pro
792 2775 834 2815 his
852 2772 973 2803 vocibus,

189 2832 199 2848 ι
219 2811 278 2849 ὑπ’
294 2811 386 2847 tatiicu
415 2811 527 2848 addidit,
552 2821 580 2843 ct
598 2815 686 2842 aiiitiia
711 2813 744 2839 de
761 2811 851 2838 atiiiiia
872 2816 943 2841 inea,
965 2816 974 2832 ι

1006 183 1064 217 ipse
1078 182 1165 209 Adam
1179 180 1243 216 quid
1267 180 1333 207 dicit
1346 178 1424 212 (76)?
1449 186 1457 203 I
1477 177 1533 204 Hoc
1549 184 1621 203 nunc
1634 183 1665 203 os
1679 176 1715 203 de
1732 176 1798 204 ossi-

1005 229 1056 257 bus
1080 228 1157 258 ineis,
1177 232 1204 254 et
1233 233 1297 254 caro
1319 225 1353 252 de
1366 231 1450 251 carne
1474 231 1533 250 mea
1552 222 1586 254 ",
1606 232 1615 248 ι
1643 229 1693 249 nec
1709 226 1796 249 tamen

1005 273 1108 302 addidit
1123 282 1129 300 :
1143 272 1173 300 Et
1197 272 1286 298 anima
1306 271 1339 298 de
1360 269 1450 296 anima
1472 276 1543 296 mea.
1560 268 1613 295 Sed
1627 268 1709 294 velim
1736 268 1798 296 mihi

1005 320 1122 348 diceres.
1135 325 1152 344 ο
1168 317 1265 348 Adam,
1281 316 1302 343 si
1320 323 1350 342 os
1365 315 1398 342 de
1413 313 1467 340 luis
1482 313 1590 341 ossibus
1612 312 1761 348 agnovisti,
1774 317 1800 340 et

1006 372 1115 392 carnem
1138 363 1171 391 de
1186 367 1230 390 tua
1247 369 1329 389 carne
1354 360 1474 391 sensisti,
1499 367 1548 387 cur
1568 366 1622 385 non
1641 358 1799 386 intellexisti

1005 411 1087 439 etiam
1102 410 1220 437 animam
1231 408 1265 435 de
1282 412 1328 434 tua
1345 407 1435 434 anima
1463 405 1652 440 processisse?
1669 405 1699 431 Si
1729 404 1799 431 enim

1006 457 1098 486 omnia
1119 464 1179 492 qua:
1195 455 1222 482 iii
1242 459 1267 482 te
1291 458 1369 480 erant
1389 451 1535 484 tradidisti,
1560 459 1610 478 cur
1634 459 1688 478 non
1718 451 1798 478 etiam

1007 504 1107 530 animae
1121 501 1188 529 facis
1215 508 1276 528 cum
1303 498 1409 526 caeteris
1423 498 1601 529 mentionem,
1622 504 1683 531 qii.e
1707 495 1800 523 melior

1008 549 1092 576 totius
1111 546 1229 575 hominis
1252 553 1316 580 pars
1333 544 1395 572 est?
1422 543 1475 572 Sed
1491 543 1600 570 videtur
1617 550 1667 577 per
1686 542 1745 569 haec
1762 542 1800 568 iii-

1008 593 1194 630 telligentibus
1208 591 1342 619 indicium
1369 590 1446 622 dare,
1462 589 1534 624 quod
1550 588 1607 624 (77)
1625 595 1686 615 cum
1717 587 1800 615 dicit:

1011 651 1021 667 ι
1039 641 1075 669 0s
1092 641 1126 668 de
1143 639 1252 667 ossibus
1267 638 1346 671 meis,
1358 641 1386 663 ct
1402 644 1468 664 caro
1487 637 1521 663 de
1534 642 1616 663 carne
1632 642 1701 667 mea,
1719 643 1729 660 ›
1743 640 1801 669 qua

1008 689 1041 715 de
1056 692 1126 714 terra
1140 691 1261 714 suiitsua
1273 691 1334 711 esse
1349 682 1482 718 profiteri,
1497 689 1550 709 non
1567 681 1668 708 audere
1681 687 1745 707 vero
1754 687 1801 707 sua

1009 734 1099 761 dicere
1121 739 1181 767 quae
1196 731 1248 759 scit
1266 737 1321 758 non
1344 736 1407 756 esse
1423 729 1456 755 de
1478 733 1561 755 terra.
1579 726 1633 754 Sed
1658 731 1684 753 et
1709 724 1800 753 Laban

1010 779 1135 807 similiter
1150 786 1210 805 cum
1227 777 1293 804 dicit
1315 776 1347 803 ad
1366 774 1460 806 Iacob,
1473 774 1605 809 quoniam
1623 782 1632 798 ι
1651 780 1682 800 os
1701 779 1802 804 meum,

973 822 994 849 Β
1009 832 1036 854 et
1050 833 1114 854 caro
1129 832 1187 852 mea
1203 831 1232 851 es
1248 829 1274 850 tu
1286 823 1322 855 ‘°,
1341 831 1350 848 i
1367 829 1417 849 nec
1438 821 1496 855 ipse
1509 819 1626 854 amplius
1643 818 1749 853 aliquid
1763 817 1802 844 vi-

1009 874 1088 900 detur
1104 872 1205 898 audere
1230 877 1307 897 suum
1325 868 1427 901 dicere,
1445 867 1496 894 nisi
1509 865 1582 900 quod
1605 870 1723 892 terrena:
1745 870 1805 891 esse

1009 917 1253 954 consanguinitatis
1268 917 1400 952 agnoscit.
1412 914 1469 942 Alia
1481 914 1580 948 quippe
1595 917 1637 940 est
1650 912 1804 938 auiinaruin

1010 967 1150 1002 cognatio,
1173 971 1233 1000 quae
1246 964 1284 990 vel
1309 961 1394 990 Iacob
1410 958 1583 988 descendenti
1607 958 1634 985 in
1656 957 1804 993 Egyptum

1011 1013 1141 1043 sociatur,
1153 1010 1193 1037 vel
1209 1009 1317 1037 cmteris
1334 1006 1500 1042 patriarchis
1516 1009 1544 1032 et
1556 1003 1660 1031 sanctis
1671 1004 1724 1030 sub
1741 1011 1807 1030 enti-

1011 1058 1164 1086 meratione
1195 1055 1272 1091 131
1303 1052 1425 1089 mystica:
1451 1049 1620 1086 posteritatis
1647 1049 1806 1076 ascribitur.

1012 1105 1066 1132 Sed
1096 1103 1141 1138 qui
1160 1102 1280 1129 vicinum
1311 1104 1391 1126 terra:
1409 1098 1568 1133 navigantes
1585 1103 1698 1123 servare
1717 1095 1808 1129 dispo-

1012 1149 1116 1177 suimus
1145 1154 1267 1179 cursum,
1285 1149 1312 1173 et
1330 1146 1417 1180 ipsam
1444 1143 1644 1178 quodammodo
1670 1149 1748 1168 oram
1766 1141 1808 1167 lit-

1014 1197 1080 1224 toris
1093 1195 1239 1229 stringere,
1261 1193 1288 1220 in
1305 1192 1388 1219 altum
1409 1191 1501 1218 nescio
1522 1189 1656 1223 quomodo
1674 1188 1808 1214 undarum

1014 1252 1062 1271 nos
1075 1241 1220 1269 violentior
1231 1243 1314 1266 :estus
1328 1236 1447 1264 abducit.
1471 1235 1625 1262 lleileamus
1636 1233 1722 1269 igitur
1731 1238 1764 1260 ait
1778 1239 1809 1259 ea

1014 1297 1074 1325 quae
1090 1289 1290 1321 consequenter
1303 1283 1454 1310 adduntur.

1049 1340 1075 1362 4.
1097 1343 1106 1360 ‹
1123 1333 1244 1360 Mortuus
1260 1335 1311 1361 est,
1325 1328 1452 1363 inquit“,
1473 1326 1574 1360 Ioseph
1589 1332 1616 1354 et
1633 1332 1732 1353 omnes
1750 1323 1804 1350 frao

1016 1387 1070 1410 tri-s
1080 1379 1150 1415 ejus,
1167 1383 1195 1406 et
1207 1377 1297 1405 omnis
1314 1374 1457 1411 generatio
1471 1374 1527 1401 illa.
1543 1372 1603 1400 Filii
1616 1377 1708 1398 autem
1727 1369 1809 1397 Israel

1015 1430 1161 1455 creverunt
1180 1429 1206 1451 et
1228 1421 1399 1457 muliiplicali
1420 1425 1495 1451 sunt,
1523 1425 1551 1446 ct
1575 1418 1602 1445 iii
1627 1415 1805 1444 multitudine

1017 1481 1114 1508 magna
1128 1469 1219 1497 diffusi
1234 1472 1307 1499 sunt,
1331 1471 1358 1493 et
1383 1465 1560 1492 invalueriiiit
1583 1462 1696 1490 multum
1715 1461 1811 1492 valde;

1018 1516 1206 1553 multiplicavit
1221 1514 1295 1541 euiin
1310 1512 1371 1539 illos
1391 1516 1476 1538 terra.
1498 1519 1507 1536 ι
1527 1510 1617 1536 Donec
1643 1507 1752 1534 vivi-ret
1767 1505 1812 1533 Io-

1016 1552 1165 1600 sepli,rnon
1193 1561 1311 1588 refertur
1334 1558 1406 1594 quod
1431 1556 1601 1591 multiplicati
1628 1554 1735 1581 fuerint
1766 1552 1812 1581 lilii

1018 1611 1111 1643 Israel,
1127 1617 1177 1637 nec
1190 1606 1293 1643 aliquid
1316 1605 1429 1633 omnino
1445 1604 1472 1631 in
1495 1603 1537 1630 his
1562 1603 1595 1630 de
1616 1600 1772 1636 angmeutis
1788 1604 1813 1627 et

1018 1655 1216 1684 numerositate
1243 1657 1420 1681 memoratur.
1438 1650 1493 1684 Ego
1513 1649 1628 1675 credens
1652 1647 1747 1674 verbis
1762 1645 1814 1672 Do-

1019 1702 1086 1730 mini
1100 1701 1151 1728 uiei
1167 1699 1230 1727 Iesu
1247 1697 1360 1730 Christi,
1373 1697 1401 1724 in
1417 1696 1477 1730 lege
1491 1699 1517 1721 et
1530 1692 1670 1730 prophetis
1687 1697 1744 1720 iota
1756 1690 1816 1725 qui-

1019 1750 1080 1776 di-m
1097 1755 1181 1775 iiiitiiii
1200 1750 1246 1773 aut
1264 1751 1346 1772 unum
1361 1743 1464 1777 apicem
1482 1750 1535 1768 non
1555 1745 1620 1775 pulo
1637 1745 1701 1766 esse
1714 1741 1815 1771 myste-

1020 1795 1068 1822 riis
1100 1800 1234 1824 vaeuiim,
1261 1798 1310 1817 nec
1340 1793 1406 1824 puto
1437 1787 1539 1822 aliquid
1566 1787 1662 1813 horuin
1697 1784 1817 1812 transire

1020 1848 1110 1877 posse.
1123 1841 1209 1866 donec
1226 1837 1318 1865 omnia
1337 1835 1416 1862 ﬁant.
1442 1833 1545 1862 Verum
1564 1831 1697 1867 quoniam
1713 1830 1817 1864 exigua:

1021 1887 1181 1922 capacitatis
1194 1891 1300 1917 sumus,
1315 1890 1345 1910 ea
1358 1888 1431 1909 nunc
1445 1884 1550 1907 tantum
1560 1878 1712 1914 pulsemos,
1722 1875 1819 1911 quibus

1022 1935 1107 1962 tutius
1121 1931 1290 1960 incedamus.
1315 1928 1467 1962 Antequam
1483 1929 1638 1953 moreretur
1659 1928 1757 1951 noster
1771 1921 1818 1948 Io-

1023 1980 1103 2015 seph,
1119 1978 1164 2006 ille
1182 1977 1228 2012 qui
1255 1976 1409 2003 distractus
1433 1976 1476 2000 est
1495 1971 1606 2006 triginta
1624 1969 1766 2004 argenteis
1787 1967 1821 1994 ab

1024 2013 1078 2054 uno
1093 2033 1126 2053 ex
1143 2023 1275 2052 fratribus
1289 2022 1347 2049 suis
1362 2019 1443 2051 Iuda,
1458 2017 1536 2045 valde
1563 2016 1642 2052 pauci
1664 2019 1748 2042 erant
1769 2013 1816 2041 [itii

1024 2072 1117 2101 Israel.
1132 2070 1199 2099 Cum
1215 2076 1279 2096 vero
1291 2075 1341 2103 pro
1353 2064 1481 2094 omnibus
1493 2063 1613 2099 gustavit
1629 2066 1761 2094 mortem,
1774 2066 1822 2095 per

1023 2126 1105 2154 quam
1120 2114 1255 2144 destruxit
1272 2121 1333 2141 cuin
1348 2111 1394 2146 qui
1412 2110 1530 2137 habebat
1547 2108 1646 2135 mortis
1660 2107 1820 2141 imperium,

1027 2153 1052 2193 id
1069 2168 1112 2192 est
1125 2161 1265 2191 diabolum
1279 2160 1314 2194 ⁶’,
1329 2156 1525 2192 multiplicatus
1543 2159 1584 2182 est
1597 2153 1720 2180 fidelium
1735 2158 1822 2187 popu-

1027 2213 1078 2244 lus,
1094 2215 1121 2238 et
1138 2208 1229 2236 dillusi
1256 2211 1320 2234 sunt
1335 2205 1381 2232 lilii
1404 2202 1499 2236 Israel,
1520 2206 1547 2229 et
1562 2198 1760 2234 multiplicavit
1775 2204 1823 2224 eos

1028 2263 1113 2290 terra,
1132 2260 1160 2283 et
1185 2257 1331 2282 creverunt
1347 2253 1428 2280 uimis
1450 2249 1538 2278 valde.
1556 2246 1613 2274 Nisi
1630 2246 1705 2273 enim
1719 2265 1728 2277 ,
1752 2243 1823 2271 sicut

1029 2302 1087 2337 ipse
1101 2300 1170 2328 dixit
1188 2299 1221 2332 ",
1234 2298 1380 2326 cecidisset
1395 2303 1510 2332 granum
1527 2291 1655 2320 frumenti
1675 2291 1704 2317 in
1723 2295 1824 2317 teriam

1028 2336 1056 2377 et
1073 2352 1208 2376 mortuum
1225 2346 1332 2377 fuisset,
1345 2351 1399 2371 non
1419 2343 1517 2377 utique
1531 2341 1649 2367 fructum
1672 2337 1751 2364 hunc
1765 2336 1824 2371 plu-

1029 2395 1128 2422 rimum
1145 2392 1230 2420 totius
1242 2391 1319 2419 orbis
1334 2396 1416 2417 terra:
1436 2385 1558 2415 Ecclesia
1572 2384 1725 2412 attulisset.
1741 2382 1825 2417 Igitur

1029 2445 1210 2475 posteaquam
1226 2437 1325 2465 cecidit
1341 2443 1457 2471 granum
1476 2434 1502 2461 in
1517 2437 1619 2459 terram
1637 2434 1665 2457 et
1684 2433 1826 2456 mortuum

1030 2491 1082 2519 est,
1101 2484 1191 2513 omnis
1208 2484 1268 2511 haec
1286 2491 1318 2511 ex
1336 2482 1395 2517 ipso
1414 2479 1534 2509 surrexit
1555 2477 1672 2504 fidelium
1690 2482 1784 2510 seges,
1801 2479 1828 2500 ei

1070 2545 1092 2561 ⁵⁵
1108 2544 1192 2572 Exod.
1209 2551 1228 2576 ι,
1244 2543 1270 2570 I.
1325 2542 1348 2557 "
1364 2541 1449 2568 Exod.
1466 2547 1485 2572 ι,
1502 2539 1528 2576 _5.
1583 2537 1605 2576 ξξ
1643 2536 1710 2564 Cor.
1728 2542 1768 2568 iv,

1042 2581 1064 2597 ⁶¹
1081 2568 1198 2611 Εἷοὶιῖῖ,
1209 2568 1279 2612 ὖβ.
1317 2578 1340 2593 "
1355 2576 1435 2603 Ilebr.
1456 2568 1487 2608 ii,
1500 2574 1544 2600 It.
1581 2572 1605 2588 “
1615 2572 1694 2599 Ioan.
1709 2579 1761 2604 ιιι,
1782 2568 1828 2597 ἳι.

1030 2666 1114 2692 codex
1145 2663 1322 2697 itemigianus
1353 2661 1432 2688 habet
1452 2669 1458 2686 :
1480 2669 1488 2684 ι
1507 2658 1563 2685 Cur
1584 2664 1637 2697 n_on
1656 2653 1828 2697 jntellexisti

1030 2702 1112 2728 ctiaiu
1127 2691 1246 2727 animam
1263 2700 1296 2725 de
1312 2704 1355 2724 tua
1374 2698 1463 2722 anima
1482 2691 1668 2728 processisse?
1689 2700 1698 2716 ι

1067 2725 1183 2771 (ἧίνέι
1197 2725 1495 2771 expungendum“illud
1513 2738 1521 2754 ι
1540 2729 1623 2762 quod,
1640 2735 1656 2771 1»
1667 2726 1722 2771 ,τρι
1757 2725 1827 2752 infra

1032 2763 1174 2806 legi-nium
1190 2779 1199 2795 ι
1216 2763 1264 2805 sua
1281 2763 1342 2795 esse
1360 2767 1514 2802 prol‘itctiir,
1525 2772 1577 2790 non
1595 2763 1677 2789 audet
1691 2769 1769 2789 vero.
1784 2770 1795 2786 ι
