1902 3063
169 105 230 134 ΞΜ

903 106 949 132 Oli
955 104 1032 132 lGEN
1037 107 1043 133 i
1049 105 1068 134 S

1755 111 1805 137 5M

178 172 204 194 et
221 168 282 193 inde
306 167 377 194 scire
403 167 474 202 quod
501 167 551 193 sibi
572 167 711 197 immineat
735 167 846 194 bellum.
876 167 964 194 Sentit
979 169 1001 195 Λ
1018 167 1152 202 pcrdiccm
1167 175 1195 195 se
1208 168 1320 200 dictum,
1341 175 1400 203 qua!
1413 176 1466 195 nen
1487 168 1590 203 peperit
1612 175 1805 204 congregasse,

179 218 323 240 venturum
340 213 385 248 qui
410 218 494 240 exuat
519 213 689 248 principatus
706 212 764 247 ejus
791 218 817 240 et
843 219 964 248 potesta-

180 264 221 285 trs
240 259 274 292 7',
287 264 315 286 et
332 267 394 286 cum
411 259 507 286 ﬁducia
528 259 676 293 triumphet
699 266 757 292 eos,
775 263 803 287 et
819 259 910 295 alligat
940 261 965 287 in

179 305 253 339 ligno
271 306 360 332 crucis
376 314 441 332 stuc.
458 306 541 341 Igitur
561 312 709 333 convocata
732 307 805 334 nmui
823 312 902 342 gente
918 315 966 334 Sua

178 351 377 378 circumvenire
403 356 426 379 ct
454 352 680 379 circumscribere
703 353 819 386 cupitin
846 352 967 380 homini-

178 398 227 424 bus
240 398 427 425 rationabilem
445 406 565 431 sensum,
582 398 628 433 qui
646 406 716 426 nunc
733 398 882 434 ﬁguraliter
899 400 966 426 dici-

178 449 222 470 tur
235 442 336 475 Israel;
359 449 386 470 ct
402 444 462 470 ideo
486 443 610 479 pra-fecit
628 443 668 470 eis
684 444 827 478 magistros
842 451 964 478 operum,

176 489 221 523 qui
246 497 293 516 eos
316 495 413 522 rogant
439 490 546 517 discere
561 497 643 524 opera
666 490 767 521 carnis,
792 490 862 516 sicut
887 494 914 516 et
938 490 965 516 in

175 535 290 562 Psalmis
304 535 403 563 dicit"
420 545 426 563 :
444 545 452 561 ι
473 536 504 563 Et
522 537 631 564 admisti
648 542 714 564 sunt
742 536 867 571 gentibus
883 541 911 563 et
925 536 966 562 di-

173 581 298 607 dicerunt
321 589 402 615 opera
429 589 538 609 eorum.
562 591 570 607 ι
599 582 682 610 Docet
709 589 757 609 eos
783 586 811 608 ct
841 581 965 608 civitates

175 628 309 655 :rditicare
324 627 469 657 l‘haramti.
490 628 595 655 I‘hitom
608 628 675 663 (85),
694 635 753 663 qum
767 628 793 654 in
807 633 899 654 nostra
910 627 964 654 lin-

177 682 229 706 gua
243 674 381 708 siguilirat
406 683 434 700 os
459 674 624 708 dejectionis,
643 674 683 701 vel
701 682 729 700 us
745 673 894 709 abyssi;et
908 673 962 699 ﬂa-

176 728 278 746 messes
306 719 361 754 (84)
376 740 383 752 ,
409 727 468 753 qum
486 719 680 754 intetpr'etatur
705 720 844 746 commotio
866 719 962 751 tineu';

176 767 274 800 Ethou,
295 767 320 794 id
339 772 379 793 est
396 766 540 800 llclioliolis
555 774 614 801 quae
639 766 737 793 dicitur
765 765 858 792 cit-itas
887 765 961 792 :o’is.

181 814 260 840 Vides
277 813 374 847 quales
389 813 439 838 sibi
455 812 580 839 civitates
597 812 726 838 :edilicari
752 812 876 846 prmeipit
892 810 963 838 Pha-

178 859 240 884 raol
261 858 307 889 0s,
321 857 419 892 inquit,
435 856 565 883 deficiens
580 864 586 888 ;
605 856 697 883 deﬁcit
715 864 832 891 namque
845 863 885 886 os,
902 863 964 882 cum

178 904 349 930 ιιιιιιιιῐλσίιιιιὶ
376 902 506 936 loquitur,
525 907 550 928 et
576 909 590 927 a
621 901 734 928 veritate
757 901 966 935 probationibus

174 951 279 977 dctit-it.
305 949 350 976 Ille
373 949 444 976 enitn
464 950 497 976 ab
513 948 592 975 initio
610 949 725 975 tnendax
750 947 799 974 fuit
811 947 845 980 ⁷³,
862 952 890 974 et
905 947 966 973 ideo

175 997 243 1023 talt‘s
269 996 319 1023 sibi
347 995 474 1022 civitates
498 994 629 1021 :e.liticari
657 993 727 1021 vult.
756 993 802 1020 Vel
831 993 916 1020 etiam
934 1000 965 1020 os

175 1043 276 1078 abyssi,
303 1043 365 1076 quia
381 1042 494 1076 ahyssus
521 1041 694 1076 perditionis,
723 1045 750 1068 et
769 1041 897 1067 interitus
923 1046 965 1067 cst

175 1090 258 1116 locas.
273 1089 303 1115 lit
321 1088 370 1114 alia
385 1087 442 1121 ejus
455 1087 553 1114 civitas
571 1087 719 1114 commotio
733 1086 813 1114 tinea:
830 1091 883 1115 est.
900 1086 964 1114 0m-

170 1143 221 1162 nes
239 1135 312 1161 enim
327 1134 446 1169 quicum
463 1138 626 1168 sequuntur,
652 1133 688 1160 ibi
716 1138 884 1168 congregant
904 1134 963 1161 tlte—

175 1189 270 1207 sauros
290 1188 364 1212 suos,
389 1180 433 1206 tibi
463 1180 534 1207 tiuca
562 1179 743 1210 exterminat,
771 1184 801 1206 et
828 1180 872 1207 ubi
891 1180 966 1207 fures

171 1226 303 1253 cﬂudiunt
318 1231 346 1252 et
368 1225 505 1252 furantur.
527 1224 578 1251 Sed
596 1229 623 1252 et
638 1225 776 1252 civitatem
796 1226 861 1253 solis
878 1226 964 1252 militi-

169 1277 235 1298 <‘ant
255 1272 323 1298 Ialso
341 1271 460 1303 nomine,
482 1278 532 1305 pro
548 1277 581 1297 eo
595 1271 668 1305 quod
686 1271 823 1298 convertit
840 1278 870 1297 se
892 1271 965 1298 sicut

172 1318 287 1352 angelus
304 1318 382 1344 lucis.
397 1316 424 1342 lu
443 1317 485 1343 his
506 1323 570 1350 ergo
593 1316 737 1351 praevenit,
752 1316 778 1343 in
794 1316 835 1343 bis
849 1321 966 1352 occupat

177 1369 293 1396 tuentes,
309 1369 369 1396 qum
381 1362 413 1388 ad
429 1361 479 1388 hoc
498 1362 576 1387 facta:
598 1366 672 1391 sunt,
694 1365 723 1388 ut
740 1361 852 1388 videattt
868 1362 963 1390 Deum.

175 1409 307 1442 Prospicit
326 1413 414 1434 tamen
432 1407 575 1434 iuuttincrc
591 1406 641 1433 sibi
660 1407 769 1439 bellum,
787 1413 814 1435 et
828 1415 964 1436 tuaturtuu

172 1456 250 1490 .gcuti
264 1463 320 1482 sua:
334 1454 490 1481 adfuturum
504 1454 587 1480 sentit
603 1453 729 1481 exitium.
742 1454 804 1481 Ideo
823 1455 889 1482 dicit
902 1456 964 1490 quia

175 1510 243 1536 gens
257 1501 339 1529 Israel
356 1500 425 1527 valet
440 1507 521 1534 super
541 1507 600 1526 nos.
616 1499 723 1526 Utinam
736 1505 763 1527 et
777 1500 811 1527 de
823 1501 964 1529 nobishoc

176 1550 257 1581 dicat,
274 1548 374 1575 sentiat
388 1554 436 1573 nos
447 1545 536 1572 valere
551 1553 635 1581 super
645 1547 692 1573 se!
708 1545 848 1580 Quomodo
863 1549 966 1576 sentire

172 1595 229 1621 hoc
243 1593 365 1629 poterit?
381 1592 409 1619 Si
426 1599 486 1619 cum
505 1591 570 1617 tnihi
597 1593 778 1626 cogitationes
805 1593 894 1628 injicit
910 1601 966 1620 ma-

171 1641 228 1674 ias,
245 1645 273 1667 et
289 1638 526 1674 concupiscentias
544 1637 696 1671 pessimas,
723 1646 773 1673 ego
797 1646 851 1665 non
877 1639 962 1667 susci-

172 1688 260 1722 piam,
278 1686 424 1720 sedjacula
438 1686 497 1722 cjus
509 1686 595 1722 ignita
607 1690 685 1712 scuto
700 1684 761 1712 ﬁdei
781 1685 922 1719 repellam,
943 1685 965 1712 si

172 1734 204 1760 in
221 1733 346 1760 onmilius
365 1740 535 1767 qutecunque
565 1731 686 1767 suggerit
710 1732 793 1758 menti
812 1737 895 1762 mem,
914 1739 966 1765 ego

176 1787 280 1807 menter
294 1779 395 1806 Chriin
411 1779 462 1806 tnei
480 1778 609 1812 Domini,
625 1778 713 1806 dicam
730 1777 754 1793 ⁷⁸
769 1785 776 1804 :
799 1787 808 1803 ι
834 1777 910 1805 Vade
923 1785 966 1804 re-

176 1832 231 1858 tro,
245 1826 360 1853 Satana.
379 1825 518 1860 Scriptum
544 1831 587 1853 est
607 1825 701 1852 enim:
719 1824 865 1852 Dominum
881 1824 965 1851 Deum

172 1878 251 1900 tuum
271 1873 409 1905 adorabis,
436 1878 462 1900 et
479 1873 527 1907 ipsi
541 1873 590 1900 soli
609 1871 722 1900 servies.
741 1881 751 1898 ι
772 1871 800 1899 Si
818 1879 884 1906 ergo
907 1871 966 1899 ha-e

175 1920 248 1946 tuitui
267 1920 331 1952 lide,
359 1920 432 1947 omni
462 1920 616 1947 constantia
641 1926 764 1954 agamus,
789 1919 855 1945 dicit
881 1923 908 1945 ct
933 1919 966 1946 de

177 1968 264 1999 Imhis,
280 1968 342 2001 quia
351 1967 506 2002 genslsrael
518 1974 613 2000 magna
624 1971 676 1999 est,
689 1970 717 1993 et
731 1965 801 1992 valet
815 1973 965 2000 supernos.

177 2014 231 2040 Sed
250 2020 275 2041 et
289 2015 342 2040 hoc
354 2013 424 2047 quod
447 2013 513 2039 dicit
527 2013 549 2028 ⁷⁸
563 2021 569 2040 :
591 2022 600 2038 ι
627 2012 665 2040 No
681 2012 752 2040 forte
767 2012 873 2039 accidat
888 2012 966 2039 nobis

177 2060 287 2091 bellum,
312 2065 340 2086 et
363 2059 534 2086 consentiant
556 2063 584 2086 et
603 2059 629 2086 hi
648 2066 710 2086 cuin
735 2058 899 2084 adversariis
917 2065 966 2084 uo-

177 2106 264 2138 stris;
285 2115 294 2131 ι
313 2113 347 2132 ex
362 2105 529 2140 propheticis
549 2105 664 2132 vocibus
680 2104 807 2139 praevidit
822 2109 966 2131 venturttm

178 2152 229 2178 sibi
248 2151 346 2178 bellum
361 2157 388 2178 et
403 2152 644 2186 derelinquendum
666 2158 695 2178 se
709 2158 724 2177 a
749 2150 811 2177 liliis
829 2150 924 2182 Israel,
940 2155 966 2177 et

1020 220 1047 241 ct
1073 215 1143 249 qttod
1169 215 1194 242 bi
1211 223 1278 250 quos
1295 223 1346 242 non
1368 223 1429 242 cmn
1450 216 1554 250 judicio
1571 217 1756 251 congregavit,
1779 217 1804 245 in

1020 261 1133 288 dimidio
1156 261 1260 288 dierum
1278 269 1389 288 suormn
1411 261 1603 296 tlerelinquent
1617 271 1690 295 eum,
1718 269 1745 290 ct
1768 272 1806 291 se<

1019 312 1136 341 qucutur
1163 306 1306 334 Dominum
1331 312 1358 334 et
1375 308 1533 336 Creatorem
1564 316 1643 336 suum
1668 309 1806 337 Christum

1018 352 1121 386 Jesum,
1136 354 1180 388 qui
1198 362 1245 381 eos
1265 354 1358 388 genuit
1381 354 1448 390 (85).
1465 355 1510 381 Ille
1523 359 1613 382 autem
1630 357 1806 390 congregavit

1018 407 1086 434 quos
1108 408 1159 426 non
1176 400 1278 434 genuit.
1298 400 1329 426 Et
1345 400 1404 427 ideo
1422 401 1573 428 tentanebit
1597 401 1696 428 stultus
1712 402 1738 428 in
1759 409 1806 429 no-

1019 446 1138 473 vissimis
1154 446 1220 477 suis,
1231 455 1292 473 cum
1306 446 1338 473 ad
1353 446 1481 473 factorem
1494 451 1521 474 et
1534 446 1566 473 ad
1578 453 1717 481 parentem
1729 456 1807 475 suum

1018 489 1156 522 universa,
1178 498 1237 524 qua:
1255 498 1326 516 nunc
1343 498 1391 525 pro
1407 491 1486 526 hujus
1511 491 1655 526 tyrannide
1671 494 1806 527 congemi-

1018 534 1078 565 scit,
1100 539 1227 561 creatura
1254 535 1418 570 confugerit.
1448 537 1480 564 l-Il
1506 539 1557 565 hoc
1583 539 1750 574 indignatur,
1780 545 1807 566 ct

991 580 1084 606 rdicit
1099 580 1133 612 ’⁷,
1145 590 1153 605 ‹
1169 589 1202 608 ne
1215 587 1412 615 cxpuguautes,
1443 583 1527 618 inquit
1542 604 1549 616 ,
1579 592 1638 617 uos,
1663 590 1762 611 exeant
1775 586 1807 612 de

1018 630 1089 652 terra
1103 631 1206 653 nostra.
1228 636 1236 652 ι
1256 626 1314 653 Non
1337 629 1392 654 vult
1413 636 1463 655 nos
1484 630 1559 656 exire
1585 630 1618 656 de
1640 635 1712 657 terra
1740 638 1805 663 sua,

1018 673 1064 698 sed
1083 672 1138 698 vult
1155 678 1183 698 ut
1197 681 1304 707 semper
1318 679 1460 708 portemus
1481 674 1628 710 imaginem
1650 676 1762 703 terreni.
1778 676 1806 702 Si

1017 719 1090 745 cuiu.
1108 719 1140 745 ad
1159 719 1350 746 adversarium
1369 721 1427 754 ejus
1440 720 1655 756 confugeriutus,
1678 729 1740 749 cutn
1761 722 1806 756 qui

1018 765 1095 790 nobis
1108 767 1270 799 pra‘paravit
1292 774 1375 801 regna
1404 767 1547 799 ccelorum,
1577 774 1688 794 necesse
1709 772 1752 794 est
1779 771 1808 794 ut

1019 810 1204 845 relinquamus
1219 813 1363 846 imaginem
1377 812 1488 844 terreni,
1503 817 1530 838 et
1543 812 1728 846 susclpiamus
1742 813 1808 839 ima-

1018 856 1107 890 ginem
1121 858 1249 885 t'wlestis.
1267 859 1414 893 Propterea
1436 866 1501 893 ergo
1516 858 1625 886 Pharao
1637 859 1736 886 statuit
1751 867 1807 886 nta-

1016 903 1116 937 gistros
1133 911 1257 938 operum,
1270 905 1315 939 qui
1329 913 1379 932 nos
1396 913 1460 932 suas
1472 909 1547 931 artes
1560 905 1685 937 doceant,
1701 905 1747 939 qui
1761 912 1809 932 nos

1017 948 1137 975 artiliccs
1165 950 1274 977 malitia:
1306 950 1418 982 faciant,
1447 952 1492 984 qui
1522 950 1600 977 nobis
1620 950 1809 985 magisterium

1018 995 1149 1021 malortttn
1164 996 1314 1029 przebcant.
1331 996 1362 1022 Et.
1378 996 1440 1030 quia
1460 995 1609 1022 multisunt
1623 995 1666 1023 isti
1685 996 1808 1030 magistri

1016 1046 1042 1068 et
1059 1041 1184 1068 doctores
1197 1042 1317 1074 malitia‘,
1334 1049 1401 1076 quos
1417 1041 1538 1076 pra-fecit
1553 1042 1670 1074 l'harao,
1690 1046 1718 1069 et
1731 1041 1808 1076 133

1016 1092 1057 1114 est
1070 1087 1165 1121 ingens
1185 1088 1328 1114 ntult'itutlo
1341 1087 1525 1122 hujuscemodi
1537 1086 1754 1121 compulsorutn,
1764 1087 1808 1121 qui

1016 1141 1111 1160 omnes
1125 1134 1248 1169 exigunt,
1261 1134 1404 1167 imperant,
1417 1138 1445 1160 et
1461 1138 1715 1167 extorquentOpCra
1726 1138 1809 1160 terre-

1018 1188 1050 1207 na
1063 1188 1069 1205 :
1080 1180 1140 1207 ideo
1150 1179 1262 1207 veniens
1269 1179 1400 1207 Dominus
1411 1179 1491 1206 Jesus
1502 1179 1564 1206 fecit
1573 1178 1640 1205 alios
1651 1179 1809 1213 magistros.

1017 1230 1045 1252 et
1065 1226 1202 1257 dortores,
1218 1225 1263 1259 qui
1279 1228 1432 1259 pugnantes
1448 1225 1593 1251 adversum
1615 1223 1686 1255 illos,
1707 1227 1735 1249 et
1751 1224 1810 1250 sub-

1014 1270 1143 1305 jicicntes
1161 1278 1257 1297 omnes
1272 1278 1365 1296 eoruut
1382 1269 1560 1304 ptincipatus,
1590 1273 1617 1295 et
1642 1272 1807 1302 potcSLatcs,

1017 1323 1045 1346 et
1070 1318 1204 1349 virtutes,
1233 1317 1381 1344 defendant
1406 1323 1421 1342 a
1450 1315 1586 1342 violentiis
1615 1322 1713 1342 eorum
1743 1314 1810 1341 tilioe

1018 1364 1110 1396 Israel,
1124 1369 1152 1391 et
1168 1366 1283 1391 doceant
1300 1371 1349 1390 nos
1368 1370 1450 1398 opera
1466 1361 1615 1389 Israelitica
1631 1368 1638 1387 :
1657 1366 1684 1388 et
1699 1369 1809 1388 rursum

1018 1412 1135 1438 doceant
1151 1419 1200 1438 nos
1215 1415 1305 1437 tuente
1318 1409 1401 1436 Deum
1420 1408 1526 1440 videre.
1548 1408 1704 1442 relinquere
1725 1415 1810 1442 opera

1018 1457 1180 1489 Pharaonis,
1209 1457 1285 1483 exire
1304 1457 1337 1483 de
1352 1461 1422 1482 terra
1441 1454 1564 1490 z’Egypti,
1590 1453 1712 1488 abjicerc
1726 1452 1811 1488 Egy-

979 1520 1000 1548 ε
1019 1503 1091 1538 ptios
1106 1508 1133 1530 et
1162 1503 1296 1530 barbaros
1311 1510 1416 1534 mores,
1433 1503 1568 1537 deponere
1585 1505 1669 1528 totunt
1687 1506 1810 1527 veterem

1018 1552 1154 1578 hominem
1173 1558 1233 1577 cum
1249 1550 1356 1577 actibus
1369 1550 1437 1582 suis,
1450 1554 1477 1575 et
1494 1549 1608 1575 induere
1623 1554 1738 1580 novum,
1760 1546 1808 1581 qui

1018 1596 1167 1622 secundum
1195 1596 1278 1621 Deum
1304 1598 1414 1621 creatus
1438 1598 1481 1621 est
1506 1593 1632 1620 renovari
1650 1599 1764 1626 semper
1778 1592 1810 1618 de

1017 1642 1060 1668 die
1080 1642 1104 1668 itt
1119 1642 1189 1668 diem
1217 1642 1250 1668 ad
1279 1641 1422 1674 imaginem
1449 1639 1508 1674 ejus
1528 1639 1573 1674 qui
1599 1638 1664 1666 fecit
1682 1646 1736 1666 nos
1755 1636 1810 1672 (86)

1017 1687 1119 1715 (ibt-isti
1137 1687 1199 1715 .lesit
1221 1687 1328 1714 Domini
1350 1688 1433 1714 nostri
1454 1686 1497 1714 ctti
1516 1690 1560 1713 est
1577 1685 1663 1720 gloria
1682 1688 1713 1711 et
1728 1685 1811 1719 impe-

1018 1735 1088 1762 t'ium
1106 1735 1130 1762 in
1145 1734 1243 1761 szecula
1257 1734 1427 1761 saeculorum.
1445 1733 1543 1760 Amen.

1316 1777 1454 1805 llOMlLlA
1486 1777 1517 1805 ΙΙ.

1282 1824 1320 1852 De
1333 1825 1523 1852 obstetricibus.

1054 1873 1078 1901 1.
1103 1872 1182 1900 Multa
1204 1873 1312 1908 quidem
1334 1874 1477 1900 adversum
1501 1877 1609 1907 gentem
1630 1872 1678 1901 Dei
1700 1873 1814 1901 molitur

1019 1928 1064 1948 rex
1083 1921 1134 1947 iste
1147 1940 1154 1951 ,
1171 1920 1217 1954 qui
1242 1927 1296 1946 non
1320 1920 1394 1946 novit
1407 1918 1508 1954 Joscph
1524 1940 1530 1951 ,
1549 1923 1577 1947 et
1601 1925 1676 1947 artes
1697 1919 1813 1947 nocendi

1019 1973 1104 1992 novas
1126 1973 1234 1998 semper
1251 1965 1372 1999 inquirit.
1391 1963 1490 1992 Verum
1507 1972 1579 1992 nunc
1596 1965 1736 1993 calliditas
1756 1965 1814 2000 ejus

1018 2013 1204 2046 supereminet
1225 2013 1333 2038 modmn
1350 2030 1358 2043 ,
1374 2018 1436 2037 cum
1461 2011 1641 2038 obstetricum
1658 2011 1815 2039 ministerio

1019 2058 1114 2085 sobole
1127 2067 1140 2084 ιι
1165 2058 1255 2093 gentis
1270 2061 1388 2084 conatur
1404 2057 1579 2092 exstinguere
1592 2077 1600 2090 ,
1617 2065 1736 2092 qttarttm
1757 2063 1815 2085 arte

1019 2104 1088 2132 solet
1104 2105 1156 2131 vita
1171 2104 1288 2131 servari.
1307 2105 1376 2137 Quid
1395 2105 1469 2131 enim
1488 2103 1576 2131 dicit?
1596 2103 1650 2130 tEt
1668 2103 1753 2136 dixit,
1771 2104 1814 2131 in-

1019 2150 1077 2185 quit
1092 2151 1183 2182 ",rcx
1198 2150 1387 2186 JEgyptiorum
1405 2150 1597 2177 obstetricibus
1611 2149 1794 2178 Ilebraaorum
1804 2171 1812 2182 ,

177 2196 241 2230 quia
257 2195 432 2223 consentient
448 2197 605 2223 adversario
622 2195 692 2228 ejus,
708 2200 736 2222 et
751 2195 916 2229 adjiciantur
931 2196 964 2223 ad
983 2192 1005 2219 Ι)
1020 2203 1134 2230 quarum
1152 2197 1197 2223 uni
1225 2204 1320 2222 nomen
1343 2200 1401 2222 erat
1416 2195 1539 2230 Sephora
1554 2215 1561 2227 ,
1581 2200 1609 2222 ct
1628 2202 1731 2223 nomen
1749 2195 1814 2223 alte-

180 2243 333 2270 Domiuum.
353 2242 409 2269 lloc
420 2247 462 2269 est
478 2243 550 2269 enim
562 2242 633 2276 quod
648 2242 681 2269 de
704 2248 738 2268 eo
749 2241 883 2269 Jeretnias
903 2249 966 2276 pro-

179 2290 260 2324 pheta
272 2288 469 2324 pra'dixerat”
485 2297 492 2315 :
508 2297 517 2314 ι
536 2287 669 2315 Clamavit
685 2287 778 2322 perdix
791 2307 798 2320 ,
816 2295 966 2322 congrega-

179 2339 215 2364 vit
231 2344 292 2371 quae
317 2344 371 2363 non
394 2335 510 2370 peperit,
536 2335 601 2362 fecit
616 2334 725 2362 divitias
748 2341 811 2361 suas
827 2342 879 2361 non
906 2343 967 2362 ctttn

177 2383 289 2419 judicio,
305 2382 332 2409 in
348 2381 460 2409 dimidio
480 2381 585 2408 dierum
610 2379 669 2414 ejus
685 2380 876 2414 derelinqucut
894 2388 968 2414 eum,

177 2435 206 2460 et
222 2431 248 2457 iu
262 2429 419 2458 novissimis
442 2429 500 2456 suis
515 2428 568 2455 erit
591 2427 701 2455 stultus.
722 2436 733 2453 ι
750 2426 877 2463 lntclligit
901 2435 969 2464 ergo

217 2541 240 2559 '“
257 2539 348 2567 Col.l.
371 2538 404 2565 15

177 2577 201 2593 '"
215 2576 298 2602 Exod.
314 2583 334 2607 ι,
349 2575 391 2601 10.

441 2538 468 2553 ‘"
483 2536 554 2564 Psa‘l.
575 2536 687 2568 evt,"55.

437 2573 460 2589 "
475 2573 561 2600 Exod.
585 2571 724 2605 1.15.16.
765 2571 787 2587 ⁷⁹
802 2572 867 2599 ibid.
885 2573 930 2599 l7.

219 2657 273 2691 (35)
290 2656 407 2687 Philam.
426 2657 559 2685 ﬂehraice
571 2659 634 2685 una
652 2654 680 2681 St
699 2654 815 2681 ducatur
833 2662 866 2681 ex
882 2659 917 2684 τε)
929 2664 970 2687 os,

181 2694 236 2720 σι’ιί
248 2699 275 2722 et
289 2698 358 2721 Dm
372 2693 482 2722 ultaolvi.
497 2693 611 2724 «hinni,
624 2691 745 2724 dcﬁrere.
766 2695 903 2724 utcunque
929 2691 970 2716 in-

181 2729 375 2762 terpretahitur
389 2735 418 2752 os
433 2727 599 2761 defectionis.
617 2733 678 2752 nam
693 2725 789 2751 melius
809 2726 970 2762 redderetur

179 2771 210 2789 οι
222 2760 400 2797 perfectionis,
414 2763 437 2788 si
455 2760 518 2788 vero
533 2766 596 2791 una
609 2769 640 2788 ex
652 2765 691 2790 n3
709 2765 735 2797 cl
753 2764 827 2789 man
837 2760 951 2797 utryssnx
961 2780 969 2791 ,

181 2794 462 2833 abyssialcrivaretur,
471 2798 538 2823 verti
551 2801 642 2830 posset
650 2805 678 2823 os
688 2795 785 2830 abyssi,
800 2800 826 2822 ut
837 2794 970 2824 Hebraicc

179 2833 312 2861 scribitur
321 2836 394 2866 una,
412 2838 465 2860 non
474 2836 579 2864 ειτηλε).

886 2882 896 2900 ἐ
938 2896 942 2898 .

739 2535 762 2551 ⁷³
774 2535 853 2563 Joan.
871 2544 929 2568 vut,
943 2537 988 2567 Η.

1022 2243 1080 2269 rius
1093 2241 1168 2268 Phua
1184 2261 1192 2275 ,
1208 2246 1235 2268 et
1249 2241 1304 2268 ait;
1319 2241 1384 2268 Cum
1398 2240 1612 2268 obstetricabitis
1628 2240 1772 2273 Hebrteas,
1789 2246 1815 2268 ct

1023 2297 1105 2324 prope
1115 2294 1225 2323 partum
1241 2292 1333 2318 erunt,
1351 2288 1374 2314 si
1390 2286 1526 2314 masculus
1540 2286 1632 2318 fuerit,
1646 2286 1766 2314 occidite
1781 2286 1814 2314 il-

1023 2335 1077 2362 lum
1092 2354 1098 2366 ,
1117 2335 1138 2362 si
1155 2334 1256 2361 fetuina
1269 2353 1276 2365 ,
1294 2333 1439 2360 vivilicate.
1455 2342 1464 2358 ι
1485 2331 1538 2359 Sed
1553 2332 1594 2359 Itis
1610 2331 1769 2368 adjuugitur
1788 2332 1814 2359 in

1023 2381 1255 2416 consequentibus
1272 2381 1311 2407 ἐς
1332 2389 1341 2406 ι
1359 2379 1521 2407 'I‘imuerunt
1546 2384 1636 2406 autem
1652 2379 1815 2406 obstetrices

1026 2430 1110 2457 Deum
1124 2450 1132 2463 ,
1157 2433 1184 2456 et
1207 2437 1260 2456 non
1278 2428 1403 2455 fecerunt
1424 2427 1496 2454 sicut
1515 2431 1683 2462 prmceperat
1697 2426 1752 2454 illis
1768 2433 1815 2453 rex

1028 2538 1051 2554 "
1064 2537 1157 2566 Matth.
1176 2544 1213 2568 iv,
1230 2537 1273 2563 10.
1311 2533 1422 2561 “Exod.
1436 2541 1457 2566 I,
1482 2532 1525 2560 to.
1562 2531 1586 2547 ἐ
1603 2530 1658 2559 Jer.
1673 2537 1743 2560 xvu.
1770 2528 1815 2556 ﬂ.

1057 2652 1114 2688 (84)
1129 2651 1275 2683 Rnnteuca,
1295 2650 1429 2677 llehraicc
1556 2655 1569 2674 a
1588 2646 1673 2688 verbo
1683 2647 1748 2677 mn
1772 2649 1815 2688 to:

1021 2682 1288 2720 nareﬁcomnwrcri,
1309 2691 1336 2712 et
1359 2692 1421 2712 voce
1444 2691 1484 2717 co
1503 2686 1585 2716 ttuca,
1610 2682 1710 2713 blatta;
1740 2684 1814 2708 recte

1021 2725 1217 2755 interpretatur
1233 2721 1372 2748 commotio
1387 2721 1473 2746 tinem.

1056 2753 1112 2794 (83)
1131 2759 1176 2784 Sic
1191 2765 1256 2784 mss.
1268 2756 1356 2794 ﬁlias,
1375 2766 1385 2794 ι
1404 2755 1449 2789 qui
1467 2761 1515 2794 nos
1531 2753 1634 2794 genuit.
1655 2761 1665 2778 ι

1056 2786 1113 2828 (8ϋῇ
1129 2794 1202 2820 Alias
1214 2812 1222 2824 ,
1244 2791 1313 2824 ιριιί
1337 2786 1400 2817 fecit
1414 2786 1465 2816 nos
1486 2790 1512 2816 iu
1530 2786 1643 2822 gluriaut
1659 2792 1685 2815 ct
1702 2786 1813 2815 laudem

1018 2837 1106 2857 suam.
1120 2837 1129 2854 ι
1152 2828 1206 2856 Sed
1221 2834 1286 2856 tuss.
1303 2831 1330 2854 ιιι
1345 2828 1372 2854 ιιι
1387 2831 1481 2854 nostro
1500 2829 1584 2853 textu.

1688 2912 1732 2923 ..ο
