  <div class='ocr_page' id='page_1' title='image "/cluster/home/n/w/nwhite01/storage/ocr_20150623/12/njp.32101077772422/180.png"; bbox 0 0 1900 3060; ppageno 0'>
   <div class='ocr_carea' id='block_1_1' title="bbox 95 140 146 170">
    <p class='ocr_par' dir='ltr' id='par_1_1' title="bbox 95 140 146 170">
     <span class='ocr_line' id='line_1_1' title="bbox 95 140 146 170; baseline -0.039 0"><span class='ocrx_word' id='word_1_1' title='bbox 95 140 146 170; x_wconf 74' lang='grc' dir='ltr'><strong>5υ5</strong></span> 
     </span>
    </p>
   </div>
   <div class='ocr_carea' id='block_1_2' title="bbox 94 190 931 234">
    <p class='ocr_par' dir='ltr' id='par_1_2' title="bbox 94 190 931 234">
     <span class='ocr_line' id='line_1_2' title="bbox 94 190 931 234; baseline -0.011 -9"><span class='ocrx_word' id='word_1_2' title='bbox 94 199 202 234; x_wconf 59' lang='lat' dir='ltr'><strong>Egypti</strong></span> <span class='ocrx_word' id='word_1_3' title='bbox 216 218 224 230; x_wconf 86' lang='lat'><strong>,</strong></span> <span class='ocrx_word' id='word_1_4' title='bbox 241 202 271 224; x_wconf 87' lang='lat' dir='ltr'><strong>et</strong></span> <span class='ocrx_word' id='word_1_5' title='bbox 294 194 471 223; x_wconf 79' lang='lat' dir='ltr'><strong>ririficabant</strong></span> <span class='ocrx_word' id='word_1_6' title='bbox 492 192 637 220; x_wconf 87' lang='lat' dir='ltr'><strong>masculos.</strong></span> <span class='ocrx_word' id='word_1_7' title='bbox 657 202 666 217; x_wconf 69' lang='grc' dir='ltr'><strong>ι</strong></span> <span class='ocrx_word' id='word_1_8' title='bbox 695 191 724 219; x_wconf 86' lang='lat' dir='ltr'><strong>Si</strong></span> <span class='ocrx_word' id='word_1_9' title='bbox 740 190 891 218; x_wconf 87' lang='lat' dir='ltr'><strong>secundum</strong></span> <span class='ocrx_word' id='word_1_10' title='bbox 908 190 931 219; x_wconf 85' lang='lat' dir='ltr'><strong>A</strong></span> 
     </span>
    </p>
   </div>
   <div class='ocr_carea' id='block_1_3' title="bbox 95 238 892 276">
    <p class='ocr_par' dir='ltr' id='par_1_3' title="bbox 95 238 892 276">
     <span class='ocr_line' id='line_1_3' title="bbox 95 238 892 276; baseline -0.013 -3"><span class='ocrx_word' id='word_1_11' title='bbox 95 245 216 274; x_wconf 77' lang='lat' dir='ltr'><strong>historia:</strong></span> <span class='ocrx_word' id='word_1_12' title='bbox 235 244 425 271; x_wconf 90' lang='lat' dir='ltr'><strong>narrationem</strong></span> <span class='ocrx_word' id='word_1_13' title='bbox 448 241 505 276; x_wconf 81' lang='grc'><strong>(87)</strong></span> <span class='ocrx_word' id='word_1_14' title='bbox 521 238 693 273; x_wconf 87' lang='lat' dir='ltr'><strong>suscipienda</strong></span> <span class='ocrx_word' id='word_1_15' title='bbox 719 242 811 265; x_wconf 87' lang='lat' dir='ltr'><strong>essent</strong></span> <span class='ocrx_word' id='word_1_16' title='bbox 830 243 892 271; x_wconf 71' lang='lat' dir='ltr'><strong>qua“:</strong></span> 
     </span>
    </p>
   </div>
   <div class='ocr_carea' id='block_1_4' title="bbox 95 283 891 326">
    <p class='ocr_par' dir='ltr' id='par_1_4' title="bbox 95 283 891 326">
     <span class='ocr_line' id='line_1_4' title="bbox 95 283 891 326; baseline -0.014 -7"><span class='ocrx_word' id='word_1_17' title='bbox 95 291 198 326; x_wconf 69' lang='lat' dir='ltr'><strong>scripta</strong></span> <span class='ocrx_word' id='word_1_18' title='bbox 211 295 288 324; x_wconf 86' lang='lat' dir='ltr'><strong>sunt,</strong></span> <span class='ocrx_word' id='word_1_19' title='bbox 307 288 413 316; x_wconf 89' lang='lat' dir='ltr'><strong>videtur</strong></span> <span class='ocrx_word' id='word_1_20' title='bbox 427 288 480 314; x_wconf 90' lang='lat' dir='ltr'><strong>hoc</strong></span> <span class='ocrx_word' id='word_1_21' title='bbox 493 287 565 321; x_wconf 88' lang='lat' dir='ltr'><strong>quod</strong></span> <span class='ocrx_word' id='word_1_22' title='bbox 580 285 646 312; x_wconf 92' lang='lat' dir='ltr'><strong>dicit</strong></span> <span class='ocrx_word' id='word_1_23' title='bbox 663 284 814 319; x_wconf 88' lang='lat' dir='ltr'><strong>Scriptttra,</strong></span> <span class='ocrx_word' id='word_1_24' title='bbox 828 283 891 317; x_wconf 87' lang='lat' dir='ltr'><strong>quia</strong></span> 
     </span>
    </p>
   </div>
   <div class='ocr_carea' id='block_1_5' title="bbox 97 331 894 367">
    <p class='ocr_par' dir='ltr' id='par_1_5' title="bbox 97 331 894 367">
     <span class='ocr_line' id='line_1_5' title="bbox 97 331 894 367; baseline -0.014 0"><span class='ocrx_word' id='word_1_25' title='bbox 97 346 150 367; x_wconf 89' lang='lat' dir='ltr'><strong>non</strong></span> <span class='ocrx_word' id='word_1_26' title='bbox 168 338 296 366; x_wconf 83' lang='lat' dir='ltr'><strong>fecerunt</strong></span> <span class='ocrx_word' id='word_1_27' title='bbox 316 335 483 363; x_wconf 72' lang='lat' dir='ltr'><strong>obstetrices</strong></span> <span class='ocrx_word' id='word_1_28' title='bbox 504 332 654 362; x_wconf 83' lang='lat' dir='ltr'><strong>secundum</strong></span> <span class='ocrx_word' id='word_1_29' title='bbox 671 331 742 366; x_wconf 88' lang='lat' dir='ltr'><strong>quod</strong></span> <span class='ocrx_word' id='word_1_30' title='bbox 759 337 894 365; x_wconf 73' lang='lat' dir='ltr'><strong>prmecpc-</strong></span> 
     </span>
    </p>
   </div>
   <div class='ocr_carea' id='block_1_6' title="bbox 96 376 895 417">
    <p class='ocr_par' dir='ltr' id='par_1_6' title="bbox 96 376 895 417">
     <span class='ocr_line' id='line_1_6' title="bbox 96 376 895 417; baseline -0.013 -5"><span class='ocrx_word' id='word_1_31' title='bbox 96 389 140 412; x_wconf 80' lang='lat' dir='ltr'><strong>nt</strong></span> <span class='ocrx_word' id='word_1_32' title='bbox 155 383 196 411; x_wconf 86' lang='lat' dir='ltr'><strong>eis</strong></span> <span class='ocrx_word' id='word_1_33' title='bbox 211 391 259 410; x_wconf 80' lang='lat' dir='ltr'><strong>rex</strong></span> <span class='ocrx_word' id='word_1_34' title='bbox 281 381 403 417; x_wconf 63' lang='lat' dir='ltr'><strong>Egypti,</strong></span> <span class='ocrx_word' id='word_1_35' title='bbox 421 385 495 408; x_wconf 86' lang='lat' dir='ltr'><strong>stare</strong></span> <span class='ocrx_word' id='word_1_36' title='bbox 515 387 569 406; x_wconf 90' lang='lat' dir='ltr'><strong>non</strong></span> <span class='ocrx_word' id='word_1_37' title='bbox 588 386 676 413; x_wconf 83' lang='lat' dir='ltr'><strong>posse.</strong></span> <span class='ocrx_word' id='word_1_38' title='bbox 693 377 750 404; x_wconf 85' lang='lat' dir='ltr'><strong>Non</strong></span> <span class='ocrx_word' id='word_1_39' title='bbox 768 377 840 404; x_wconf 90' lang='lat' dir='ltr'><strong>cnim</strong></span> <span class='ocrx_word' id='word_1_40' title='bbox 857 376 895 403; x_wconf 91' lang='lat' dir='ltr'><strong>in-</strong></span> 
     </span>
    </p>
   </div>
   <div class='ocr_carea' id='block_1_7' title="bbox 98 423 895 457">
    <p class='ocr_par' dir='ltr' id='par_1_7' title="bbox 98 423 895 457">
     <span class='ocr_line' id='line_1_7' title="bbox 98 423 895 457; baseline -0.011 0"><span class='ocrx_word' id='word_1_41' title='bbox 98 430 246 457; x_wconf 84' lang='lat' dir='ltr'><strong>veniuntur</strong></span> <span class='ocrx_word' id='word_1_42' title='bbox 258 428 423 456; x_wconf 85' lang='lat' dir='ltr'><strong>obstetrices</strong></span> <span class='ocrx_word' id='word_1_43' title='bbox 446 434 498 453; x_wconf 93' lang='lat' dir='ltr'><strong>non</strong></span> <span class='ocrx_word' id='word_1_44' title='bbox 511 425 666 453; x_wconf 82' lang='lat' dir='ltr'><strong>viviﬁcasse</strong></span> <span class='ocrx_word' id='word_1_45' title='bbox 684 423 810 453; x_wconf 85' lang='lat' dir='ltr'><strong>feminas.</strong></span> <span class='ocrx_word' id='word_1_46' title='bbox 826 429 895 457; x_wconf 87' lang='lat' dir='ltr'><strong>quas</strong></span> 
     </span>
    </p>
   </div>
   <div class='ocr_carea' id='block_1_8' title="bbox 99 467 895 511">
    <p class='ocr_par' dir='ltr' id='par_1_8' title="bbox 99 467 895 511">
     <span class='ocr_line' id='line_1_8' title="bbox 99 467 895 511; baseline -0.013 -7"><span class='ocrx_word' id='word_1_47' title='bbox 99 475 229 511; x_wconf 65' lang='lat' dir='ltr'><strong>pracepit</strong></span> <span class='ocrx_word' id='word_1_48' title='bbox 246 483 293 502; x_wconf 76' lang='lat' dir='ltr'><strong>rex</strong></span> <span class='ocrx_word' id='word_1_49' title='bbox 311 473 423 509; x_wconf 52' lang='grc' dir='ltr'><strong>Ευριί</strong></span> <span class='ocrx_word' id='word_1_50' title='bbox 438 471 579 500; x_wconf 80' lang='lat' dir='ltr'><strong>vivificari.</strong></span> <span class='ocrx_word' id='word_1_51' title='bbox 597 471 643 498; x_wconf 85' lang='lat' dir='ltr'><strong>Sic</strong></span> <span class='ocrx_word' id='word_1_52' title='bbox 658 470 729 497; x_wconf 89' lang='lat' dir='ltr'><strong>enim</strong></span> <span class='ocrx_word' id='word_1_53' title='bbox 746 470 784 496; x_wconf 86' lang='lat' dir='ltr'><strong>ait</strong></span> <span class='ocrx_word' id='word_1_54' title='bbox 797 469 831 501; x_wconf 77' lang='grc' dir='ltr'><strong>³ο,</strong></span> <span class='ocrx_word' id='word_1_55' title='bbox 850 477 859 494; x_wconf 83' lang='grc' dir='ltr'><strong>ι</strong></span> <span class='ocrx_word' id='word_1_56' title='bbox 873 467 895 495; x_wconf 82' lang='lat' dir='ltr'><strong>si</strong></span> 
     </span>
    </p>
   </div>
   <div class='ocr_carea' id='block_1_9' title="bbox 100 516 893 553">
    <p class='ocr_par' dir='ltr' id='par_1_9' title="bbox 100 516 893 553">
     <span class='ocr_line' id='line_1_9' title="bbox 100 516 893 553; baseline -0.01 -4"><span class='ocrx_word' id='word_1_57' title='bbox 100 522 241 549; x_wconf 79' lang='lat' dir='ltr'><strong>ntaSculns</strong></span> <span class='ocrx_word' id='word_1_58' title='bbox 253 525 305 553; x_wconf 87' lang='lat' dir='ltr'><strong>est,</strong></span> <span class='ocrx_word' id='word_1_59' title='bbox 321 519 438 547; x_wconf 75' lang='lat' dir='ltr'><strong>orcidite</strong></span> <span class='ocrx_word' id='word_1_60' title='bbox 453 518 544 550; x_wconf 85' lang='lat' dir='ltr'><strong>illum;</strong></span> <span class='ocrx_word' id='word_1_61' title='bbox 561 517 583 545; x_wconf 90' lang='lat' dir='ltr'><strong>si</strong></span> <span class='ocrx_word' id='word_1_62' title='bbox 598 516 710 548; x_wconf 90' lang='lat' dir='ltr'><strong>femina,</strong></span> <span class='ocrx_word' id='word_1_63' title='bbox 723 516 868 542; x_wconf 79' lang='lat' dir='ltr'><strong>virilicate.</strong></span> <span class='ocrx_word' id='word_1_64' title='bbox 884 523 893 540; x_wconf 77' lang='grc' dir='ltr'><strong>ι</strong></span> 
     </span>
    </p>
   </div>
   <div class='ocr_carea' id='block_1_10' title="bbox 91 562 896 607">
    <p class='ocr_par' dir='ltr' id='par_1_10' title="bbox 91 562 896 607">
     <span class='ocr_line' id='line_1_10' title="bbox 91 562 896 607; baseline -0.011 -12"><span class='ocrx_word' id='word_1_65' title='bbox 91 566 132 607; x_wconf 52' lang='lat' dir='ltr'><strong>&#39;Et</strong></span> <span class='ocrx_word' id='word_1_66' title='bbox 150 567 172 594; x_wconf 89' lang='lat' dir='ltr'><strong>si</strong></span> <span class='ocrx_word' id='word_1_67' title='bbox 187 574 241 594; x_wconf 92' lang='lat' dir='ltr'><strong>non</strong></span> <span class='ocrx_word' id='word_1_68' title='bbox 256 566 382 594; x_wconf 88' lang='lat' dir='ltr'><strong>fecerunt</strong></span> <span class='ocrx_word' id='word_1_69' title='bbox 398 564 559 592; x_wconf 80' lang='lat' dir='ltr'><strong>obstetrices</strong></span> <span class='ocrx_word' id='word_1_70' title='bbox 580 562 650 590; x_wconf 90' lang='lat' dir='ltr'><strong>sicut</strong></span> <span class='ocrx_word' id='word_1_71' title='bbox 669 565 834 597; x_wconf 73' lang='lat' dir='ltr'><strong>praeceperat</strong></span> <span class='ocrx_word' id='word_1_72' title='bbox 850 567 896 607; x_wconf 43' lang='lat' dir='ltr'><strong>rex‘</strong></span> 
     </span>
    </p>
   </div>
   <div class='ocr_carea' id='block_1_11' title="bbox 99 594 918 650">
    <p class='ocr_par' dir='ltr' id='par_1_11' title="bbox 99 594 918 650">
     <span class='ocr_line' id='line_1_11' title="bbox 99 594 918 650; baseline -0.013 -6"><span class='ocrx_word' id='word_1_73' title='bbox 99 614 215 650; x_wconf 70' lang='lat' dir='ltr'><strong>Egypti</strong></span> <span class='ocrx_word' id='word_1_74' title='bbox 227 635 235 648; x_wconf 90' lang='lat'><strong>,</strong></span> <span class='ocrx_word' id='word_1_75' title='bbox 253 613 408 641; x_wconf 84' lang='lat' dir='ltr'><strong>debuerant</strong></span> <span class='ocrx_word' id='word_1_76' title='bbox 423 611 518 646; x_wconf 81' lang='lat' dir='ltr'><strong>utique</strong></span> <span class='ocrx_word' id='word_1_77' title='bbox 537 610 609 637; x_wconf 85' lang='lat' dir='ltr'><strong>sicut</strong></span> <span class='ocrx_word' id='word_1_78' title='bbox 625 594 918 636; x_wconf 19' lang='lat' dir='ltr'><strong>tua—sculosrvivilica,</strong></span> 
     </span>
    </p>
   </div>
   <div class='ocr_carea' id='block_1_12' title="bbox 101 652 897 693">
    <p class='ocr_par' dir='ltr' id='par_1_12' title="bbox 101 652 897 693">
     <span class='ocr_line' id='line_1_12' title="bbox 101 652 897 693; baseline -0.011 -6"><span class='ocrx_word' id='word_1_79' title='bbox 101 660 169 687; x_wconf 83' lang='lat' dir='ltr'><strong>bant</strong></span> <span class='ocrx_word' id='word_1_80' title='bbox 184 663 282 687; x_wconf 85' lang='lat' dir='ltr'><strong>contra</strong></span> <span class='ocrx_word' id='word_1_81' title='bbox 298 660 465 693; x_wconf 76' lang='lat' dir='ltr'><strong>pra-ceptum</strong></span> <span class='ocrx_word' id='word_1_82' title='bbox 480 654 563 690; x_wconf 68' lang='lat' dir='ltr'><strong>regis,</strong></span> <span class='ocrx_word' id='word_1_83' title='bbox 581 654 616 681; x_wconf 90' lang='lat' dir='ltr'><strong>ita</strong></span> <span class='ocrx_word' id='word_1_84' title='bbox 631 654 748 681; x_wconf 86' lang='lat' dir='ltr'><strong>fetninas</strong></span> <span class='ocrx_word' id='word_1_85' title='bbox 759 652 897 683; x_wconf 88' lang='lat' dir='ltr'><strong>occidere,</strong></span> 
     </span>
    </p>
   </div>
   <div class='ocr_carea' id='block_1_13' title="bbox 102 698 898 735">
    <p class='ocr_par' dir='ltr' id='par_1_13' title="bbox 102 698 898 735">
     <span class='ocr_line' id='line_1_13' title="bbox 102 698 898 735; baseline -0.01 -3"><span class='ocrx_word' id='word_1_86' title='bbox 102 711 134 732; x_wconf 91' lang='lat' dir='ltr'><strong>ut</strong></span> <span class='ocrx_word' id='word_1_87' title='bbox 154 710 183 732; x_wconf 90' lang='lat' dir='ltr'><strong>et</strong></span> <span class='ocrx_word' id='word_1_88' title='bbox 207 705 259 732; x_wconf 91' lang='lat' dir='ltr'><strong>hoc</strong></span> <span class='ocrx_word' id='word_1_89' title='bbox 276 707 350 730; x_wconf 84' lang='lat' dir='ltr'><strong>esset</strong></span> <span class='ocrx_word' id='word_1_90' title='bbox 367 706 462 731; x_wconf 86' lang='lat' dir='ltr'><strong>contra</strong></span> <span class='ocrx_word' id='word_1_91' title='bbox 483 704 646 735; x_wconf 70' lang='lat' dir='ltr'><strong>prazceptuttt</strong></span> <span class='ocrx_word' id='word_1_92' title='bbox 671 699 752 734; x_wconf 81' lang='lat' dir='ltr'><strong>regis.</strong></span> <span class='ocrx_word' id='word_1_93' title='bbox 773 699 838 726; x_wconf 83' lang='lat' dir='ltr'><strong>Nam</strong></span> <span class='ocrx_word' id='word_1_94' title='bbox 857 698 898 725; x_wconf 86' lang='lat' dir='ltr'><strong>fe-</strong></span> 
     </span>
    </p>
   </div>
   <div class='ocr_carea' id='block_1_14' title="bbox 103 745 899 782">
    <p class='ocr_par' dir='ltr' id='par_1_14' title="bbox 103 745 899 782">
     <span class='ocr_line' id='line_1_14' title="bbox 103 745 899 782; baseline -0.006 -5"><span class='ocrx_word' id='word_1_95' title='bbox 103 751 195 778; x_wconf 88' lang='lat' dir='ltr'><strong>minas</strong></span> <span class='ocrx_word' id='word_1_96' title='bbox 207 749 371 782; x_wconf 84' lang='lat' dir='ltr'><strong>vivificasse,</strong></span> <span class='ocrx_word' id='word_1_97' title='bbox 400 748 548 775; x_wconf 86' lang='lat' dir='ltr'><strong>secundum</strong></span> <span class='ocrx_word' id='word_1_98' title='bbox 563 752 729 782; x_wconf 65' lang='lat' dir='ltr'><strong>prteccptum</strong></span> <span class='ocrx_word' id='word_1_99' title='bbox 745 751 784 773; x_wconf 89' lang='lat' dir='ltr'><strong>est</strong></span> <span class='ocrx_word' id='word_1_100' title='bbox 802 745 899 772; x_wconf 81' lang='lat' dir='ltr'><strong>fecisse</strong></span> 
     </span>
    </p>
   </div>
   <div class='ocr_carea' id='block_1_15' title="bbox 102 793 899 830">
    <p class='ocr_par' dir='ltr' id='par_1_15' title="bbox 102 793 899 830">
     <span class='ocr_line' id='line_1_15' title="bbox 102 793 899 830; baseline -0.009 -4"><span class='ocrx_word' id='word_1_101' title='bbox 102 798 270 826; x_wconf 87' lang='lat' dir='ltr'><strong>l&#39;haraonis.</strong></span> <span class='ocrx_word' id='word_1_102' title='bbox 289 797 352 825; x_wconf 69' lang='lat' dir='ltr'><strong>llam</strong></span> <span class='ocrx_word' id='word_1_103' title='bbox 372 796 480 824; x_wconf 86' lang='lat' dir='ltr'><strong>interim</strong></span> <span class='ocrx_word' id='word_1_104' title='bbox 495 799 604 830; x_wconf 77' lang='lat' dir='ltr'><strong>propter</strong></span> <span class='ocrx_word' id='word_1_105' title='bbox 619 802 665 822; x_wconf 86' lang='lat' dir='ltr'><strong>eos</strong></span> <span class='ocrx_word' id='word_1_106' title='bbox 681 794 725 828; x_wconf 87' lang='lat' dir='ltr'><strong>qui</strong></span> <span class='ocrx_word' id='word_1_107' title='bbox 740 793 820 821; x_wconf 87' lang='lat' dir='ltr'><strong>amici</strong></span> <span class='ocrx_word' id='word_1_108' title='bbox 837 797 899 820; x_wconf 91' lang='lat' dir='ltr'><strong>sunt</strong></span> 
     </span>
    </p>
   </div>
   <div class='ocr_carea' id='block_1_16' title="bbox 101 839 939 891">
    <p class='ocr_par' dir='ltr' id='par_1_16' title="bbox 101 839 939 891">
     <span class='ocr_line' id='line_1_16' title="bbox 101 839 939 891; baseline -0.006 -20"><span class='ocrx_word' id='word_1_109' title='bbox 101 843 216 877; x_wconf 76' lang='lat' dir='ltr'><strong>littcrze,</strong></span> <span class='ocrx_word' id='word_1_110' title='bbox 231 848 258 871; x_wconf 77' lang='lat' dir='ltr'><strong>et</strong></span> <span class='ocrx_word' id='word_1_111' title='bbox 273 852 326 870; x_wconf 84' lang='lat' dir='ltr'><strong>non</strong></span> <span class='ocrx_word' id='word_1_112' title='bbox 342 847 439 878; x_wconf 85' lang='lat' dir='ltr'><strong>putant</strong></span> <span class='ocrx_word' id='word_1_113' title='bbox 456 844 543 878; x_wconf 81' lang='lat' dir='ltr'><strong>legem</strong></span> <span class='ocrx_word' id='word_1_114' title='bbox 557 841 707 877; x_wconf 90' lang='lat' dir='ltr'><strong>spiritalem</strong></span> <span class='ocrx_word' id='word_1_115' title='bbox 725 848 785 868; x_wconf 86' lang='lat' dir='ltr'><strong>esse</strong></span> <span class='ocrx_word' id='word_1_116' title='bbox 799 845 826 867; x_wconf 88' lang='lat' dir='ltr'><strong>ct</strong></span> <span class='ocrx_word' id='word_1_117' title='bbox 844 839 900 874; x_wconf 93' lang='lat' dir='ltr'><strong>spi-</strong></span> <span class='ocrx_word' id='word_1_118' title='bbox 916 860 939 891; x_wconf 69' lang='grc' dir='ltr'><strong>Β</strong></span> 
     </span>
    </p>
   </div>
   <div class='ocr_carea' id='block_1_17' title="bbox 105 887 901 926">
    <p class='ocr_par' dir='ltr' id='par_1_17' title="bbox 105 887 901 926">
     <span class='ocr_line' id='line_1_17' title="bbox 105 887 901 926; baseline -0.005 -9"><span class='ocrx_word' id='word_1_119' title='bbox 105 889 225 918; x_wconf 88' lang='lat' dir='ltr'><strong>ritaliler</strong></span> <span class='ocrx_word' id='word_1_120' title='bbox 250 890 464 926; x_wconf 55' lang='lat' dir='ltr'><strong>intelligendam.</strong></span> <span class='ocrx_word' id='word_1_121' title='bbox 493 889 546 916; x_wconf 90' lang='lat' dir='ltr'><strong>Sed</strong></span> <span class='ocrx_word' id='word_1_122' title='bbox 574 895 623 915; x_wconf 86' lang='lat' dir='ltr'><strong>nos</strong></span> <span class='ocrx_word' id='word_1_123' title='bbox 649 887 694 922; x_wconf 85' lang='lat' dir='ltr'><strong>qui</strong></span> <span class='ocrx_word' id='word_1_124' title='bbox 724 887 815 914; x_wconf 92' lang='lat' dir='ltr'><strong>onmia</strong></span> <span class='ocrx_word' id='word_1_125' title='bbox 841 894 901 921; x_wconf 82' lang='lat' dir='ltr'><strong>qua:</strong></span> 
     </span>
    </p>
   </div>
   <div class='ocr_carea' id='block_1_18' title="bbox 103 933 902 972">
    <p class='ocr_par' dir='ltr' id='par_1_18' title="bbox 103 933 902 972">
     <span class='ocr_line' id='line_1_18' title="bbox 103 933 902 972; baseline -0.005 -9"><span class='ocrx_word' id='word_1_126' title='bbox 103 938 209 972; x_wconf 79' lang='lat' dir='ltr'><strong>scripta</strong></span> <span class='ocrx_word' id='word_1_127' title='bbox 230 941 294 963; x_wconf 90' lang='lat' dir='ltr'><strong>sunt</strong></span> <span class='ocrx_word' id='word_1_128' title='bbox 313 944 364 963; x_wconf 93' lang='lat' dir='ltr'><strong>nou</strong></span> <span class='ocrx_word' id='word_1_129' title='bbox 388 944 436 972; x_wconf 90' lang='lat' dir='ltr'><strong>pro</strong></span> <span class='ocrx_word' id='word_1_130' title='bbox 459 934 662 963; x_wconf 82' lang='lat' dir='ltr'><strong>narrationibus</strong></span> <span class='ocrx_word' id='word_1_131' title='bbox 685 933 880 968; x_wconf 82' lang='lat' dir='ltr'><strong>antiquitatum</strong></span> <span class='ocrx_word' id='word_1_132' title='bbox 894 952 902 965; x_wconf 92' lang='lat'><strong>,</strong></span> 
     </span>
    </p>
   </div>
   <div class='ocr_carea' id='block_1_19' title="bbox 104 980 903 1018">
    <p class='ocr_par' dir='ltr' id='par_1_19' title="bbox 104 980 903 1018">
     <span class='ocr_line' id='line_1_19' title="bbox 104 980 903 1018; baseline -0.004 -9"><span class='ocrx_word' id='word_1_133' title='bbox 104 982 153 1009; x_wconf 85' lang='lat' dir='ltr'><strong>scd</strong></span> <span class='ocrx_word' id='word_1_134' title='bbox 180 990 230 1017; x_wconf 87' lang='lat' dir='ltr'><strong>pro</strong></span> <span class='ocrx_word' id='word_1_135' title='bbox 262 982 407 1018; x_wconf 81' lang='lat' dir='ltr'><strong>disciplina</strong></span> <span class='ocrx_word' id='word_1_136' title='bbox 435 987 462 1009; x_wconf 89' lang='lat' dir='ltr'><strong>et</strong></span> <span class='ocrx_word' id='word_1_137' title='bbox 491 981 609 1008; x_wconf 84' lang='lat' dir='ltr'><strong>utilitate</strong></span> <span class='ocrx_word' id='word_1_138' title='bbox 635 985 727 1008; x_wconf 90' lang='lat' dir='ltr'><strong>nostra</strong></span> <span class='ocrx_word' id='word_1_139' title='bbox 757 980 903 1006; x_wconf 85' lang='lat' dir='ltr'><strong>didicimus</strong></span> 
     </span>
    </p>
   </div>
   <div class='ocr_carea' id='block_1_20' title="bbox 104 1025 904 1063">
    <p class='ocr_par' dir='ltr' id='par_1_20' title="bbox 104 1025 904 1063">
     <span class='ocr_line' id='line_1_20' title="bbox 104 1025 904 1063; baseline -0.005 -9"><span class='ocrx_word' id='word_1_140' title='bbox 104 1028 222 1063; x_wconf 82' lang='lat' dir='ltr'><strong>scripta,</strong></span> <span class='ocrx_word' id='word_1_141' title='bbox 238 1028 295 1056; x_wconf 64' lang='lat' dir='ltr'><strong>haec</strong></span> <span class='ocrx_word' id='word_1_142' title='bbox 307 1036 366 1062; x_wconf 70' lang='lat' dir='ltr'><strong>qua:</strong></span> <span class='ocrx_word' id='word_1_143' title='bbox 380 1028 515 1063; x_wconf 79' lang='lat' dir='ltr'><strong>leguntur,</strong></span> <span class='ocrx_word' id='word_1_144' title='bbox 531 1028 613 1055; x_wconf 88' lang='lat' dir='ltr'><strong>etiam</strong></span> <span class='ocrx_word' id='word_1_145' title='bbox 631 1034 703 1054; x_wconf 90' lang='lat' dir='ltr'><strong>nunc</strong></span> <span class='ocrx_word' id='word_1_146' title='bbox 720 1025 777 1053; x_wconf 85' lang='lat' dir='ltr'><strong>fieri</strong></span> <span class='ocrx_word' id='word_1_147' title='bbox 793 1033 844 1052; x_wconf 90' lang='lat' dir='ltr'><strong>non</strong></span> <span class='ocrx_word' id='word_1_148' title='bbox 860 1033 904 1051; x_wconf 82' lang='lat' dir='ltr'><strong>so-</strong></span> 
     </span>
    </p>
   </div>
   <div class='ocr_carea' id='block_1_21' title="bbox 105 1072 905 1109">
    <p class='ocr_par' dir='ltr' id='par_1_21' title="bbox 105 1072 905 1109">
     <span class='ocr_line' id='line_1_21' title="bbox 105 1072 905 1109; baseline -0.004 -9"><span class='ocrx_word' id='word_1_149' title='bbox 105 1073 163 1100; x_wconf 88' lang='lat' dir='ltr'><strong>lntn</strong></span> <span class='ocrx_word' id='word_1_150' title='bbox 182 1073 208 1100; x_wconf 90' lang='lat' dir='ltr'><strong>in</strong></span> <span class='ocrx_word' id='word_1_151' title='bbox 225 1073 277 1100; x_wconf 93' lang='lat' dir='ltr'><strong>hoc</strong></span> <span class='ocrx_word' id='word_1_152' title='bbox 293 1074 404 1103; x_wconf 86' lang='lat' dir='ltr'><strong>mundo.</strong></span> <span class='ocrx_word' id='word_1_153' title='bbox 420 1074 464 1108; x_wconf 89' lang='lat' dir='ltr'><strong>qui</strong></span> <span class='ocrx_word' id='word_1_154' title='bbox 479 1073 613 1109; x_wconf 63' lang='lat' dir='ltr'><strong>Egyptns</strong></span> <span class='ocrx_word' id='word_1_155' title='bbox 628 1072 779 1108; x_wconf 73' lang='lat' dir='ltr'><strong>ﬁguraliter</strong></span> <span class='ocrx_word' id='word_1_156' title='bbox 794 1072 905 1103; x_wconf 77' lang='lat' dir='ltr'><strong>dicitur,</strong></span> 
     </span>
    </p>
   </div>
   <div class='ocr_carea' id='block_1_22' title="bbox 107 1118 906 1155">
    <p class='ocr_par' dir='ltr' id='par_1_22' title="bbox 107 1118 906 1155">
     <span class='ocr_line' id='line_1_22' title="bbox 107 1118 906 1155; baseline -0.004 -8"><span class='ocrx_word' id='word_1_157' title='bbox 107 1120 156 1147; x_wconf 84' lang='lat' dir='ltr'><strong>sed</strong></span> <span class='ocrx_word' id='word_1_158' title='bbox 167 1119 194 1146; x_wconf 94' lang='lat' dir='ltr'><strong>in</strong></span> <span class='ocrx_word' id='word_1_159' title='bbox 208 1127 375 1155; x_wconf 88' lang='lat' dir='ltr'><strong>unoquoque</strong></span> <span class='ocrx_word' id='word_1_160' title='bbox 387 1125 509 1147; x_wconf 89' lang='lat' dir='ltr'><strong>nostrum</strong></span> <span class='ocrx_word' id='word_1_161' title='bbox 522 1119 761 1154; x_wconf 88' lang='lat' dir='ltr'><strong>deprehendimus.</strong></span> <span class='ocrx_word' id='word_1_162' title='bbox 776 1118 906 1152; x_wconf 75' lang='lat' dir='ltr'><strong>ltequira-</strong></span> 
     </span>
    </p>
   </div>
   <div class='ocr_carea' id='block_1_23' title="bbox 110 1163 908 1199">
    <p class='ocr_par' dir='ltr' id='par_1_23' title="bbox 110 1163 908 1199">
     <span class='ocr_line' id='line_1_23' title="bbox 110 1163 908 1199; baseline -0.001 -9"><span class='ocrx_word' id='word_1_163' title='bbox 110 1170 174 1191; x_wconf 84' lang='lat' dir='ltr'><strong>ntus</strong></span> <span class='ocrx_word' id='word_1_164' title='bbox 189 1170 256 1199; x_wconf 81' lang='lat' dir='ltr'><strong>ergo</strong></span> <span class='ocrx_word' id='word_1_165' title='bbox 279 1165 416 1198; x_wconf 87' lang='lat' dir='ltr'><strong>quomodo</strong></span> <span class='ocrx_word' id='word_1_166' title='bbox 437 1172 484 1191; x_wconf 79' lang='lat' dir='ltr'><strong>rex</strong></span> <span class='ocrx_word' id='word_1_167' title='bbox 502 1163 612 1199; x_wconf 70' lang='lat' dir='ltr'><strong>[Egypti</strong></span> <span class='ocrx_word' id='word_1_168' title='bbox 626 1184 634 1197; x_wconf 90' lang='lat'><strong>,</strong></span> <span class='ocrx_word' id='word_1_169' title='bbox 657 1164 705 1199; x_wconf 91' lang='lat' dir='ltr'><strong>qui</strong></span> <span class='ocrx_word' id='word_1_170' title='bbox 722 1168 764 1190; x_wconf 88' lang='lat' dir='ltr'><strong>est</strong></span> <span class='ocrx_word' id='word_1_171' title='bbox 781 1164 908 1198; x_wconf 72' lang='lat' dir='ltr'><strong>princeps</strong></span> 
     </span>
    </p>
   </div>
   <div class='ocr_carea' id='block_1_24' title="bbox 111 1209 909 1244">
    <p class='ocr_par' dir='ltr' id='par_1_24' title="bbox 111 1209 909 1244">
     <span class='ocr_line' id='line_1_24' title="bbox 111 1209 909 1244; baseline 0.003 -9"><span class='ocrx_word' id='word_1_172' title='bbox 111 1209 195 1244; x_wconf 86' lang='lat' dir='ltr'><strong>hujus</strong></span> <span class='ocrx_word' id='word_1_173' title='bbox 220 1210 313 1237; x_wconf 86' lang='lat' dir='ltr'><strong>mundi</strong></span> <span class='ocrx_word' id='word_1_174' title='bbox 328 1230 336 1243; x_wconf 88' lang='lat'><strong>,</strong></span> <span class='ocrx_word' id='word_1_175' title='bbox 352 1210 484 1238; x_wconf 82' lang='lat' dir='ltr'><strong>vivificari</strong></span> <span class='ocrx_word' id='word_1_176' title='bbox 506 1217 596 1238; x_wconf 85' lang='lat' dir='ltr'><strong>mares</strong></span> <span class='ocrx_word' id='word_1_177' title='bbox 621 1218 675 1237; x_wconf 86' lang='lat' dir='ltr'><strong>non</strong></span> <span class='ocrx_word' id='word_1_178' title='bbox 698 1210 773 1241; x_wconf 84' lang='lat' dir='ltr'><strong>vult,</strong></span> <span class='ocrx_word' id='word_1_179' title='bbox 792 1210 909 1237; x_wconf 82' lang='lat' dir='ltr'><strong>feminas</strong></span> 
     </span>
    </p>
   </div>
   <div class='ocr_carea' id='block_1_25' title="bbox 109 1255 908 1291">
    <p class='ocr_par' dir='ltr' id='par_1_25' title="bbox 109 1255 908 1291">
     <span class='ocr_line' id='line_1_25' title="bbox 109 1255 908 1291; baseline 0.005 -10"><span class='ocrx_word' id='word_1_180' title='bbox 109 1255 179 1282; x_wconf 71' lang='lat' dir='ltr'><strong>vult.</strong></span> <span class='ocrx_word' id='word_1_181' title='bbox 197 1255 228 1282; x_wconf 89' lang='lat' dir='ltr'><strong>Si</strong></span> <span class='ocrx_word' id='word_1_182' title='bbox 246 1256 421 1290; x_wconf 88' lang='lat' dir='ltr'><strong>meministis,</strong></span> <span class='ocrx_word' id='word_1_183' title='bbox 438 1263 510 1291; x_wconf 80' lang='lat' dir='ltr'><strong>saepe</strong></span> <span class='ocrx_word' id='word_1_184' title='bbox 523 1256 696 1284; x_wconf 69' lang='lat' dir='ltr'><strong>Ostendimus</strong></span> <span class='ocrx_word' id='word_1_185' title='bbox 713 1256 887 1291; x_wconf 77' lang='lat' dir='ltr'><strong>disputantes</strong></span> <span class='ocrx_word' id='word_1_186' title='bbox 900 1277 908 1290; x_wconf 89' lang='lat'><strong>,</strong></span> 
     </span>
    </p>
   </div>
   <div class='ocr_carea' id='block_1_26' title="bbox 108 1301 909 1336">
    <p class='ocr_par' dir='ltr' id='par_1_26' title="bbox 108 1301 909 1336">
     <span class='ocr_line' id='line_1_26' title="bbox 108 1301 909 1336; baseline 0.004 -9"><span class='ocrx_word' id='word_1_187' title='bbox 108 1301 182 1336; x_wconf 86' lang='lat' dir='ltr'><strong>quod</strong></span> <span class='ocrx_word' id='word_1_188' title='bbox 202 1301 229 1328; x_wconf 92' lang='lat' dir='ltr'><strong>in</strong></span> <span class='ocrx_word' id='word_1_189' title='bbox 244 1301 352 1329; x_wconf 88' lang='lat' dir='ltr'><strong>feminis</strong></span> <span class='ocrx_word' id='word_1_190' title='bbox 366 1309 433 1329; x_wconf 89' lang='lat' dir='ltr'><strong>caro</strong></span> <span class='ocrx_word' id='word_1_191' title='bbox 448 1307 475 1329; x_wconf 87' lang='lat' dir='ltr'><strong>et</strong></span> <span class='ocrx_word' id='word_1_192' title='bbox 492 1302 607 1330; x_wconf 80' lang='lat' dir='ltr'><strong>affectus</strong></span> <span class='ocrx_word' id='word_1_193' title='bbox 621 1303 714 1329; x_wconf 84' lang='lat' dir='ltr'><strong>carnis</strong></span> <span class='ocrx_word' id='word_1_194' title='bbox 732 1303 909 1335; x_wconf 68' lang='lat' dir='ltr'><strong>designatur,</strong></span> 
     </span>
    </p>
   </div>
   <div class='ocr_carea' id='block_1_27' title="bbox 108 1347 911 1382">
    <p class='ocr_par' dir='ltr' id='par_1_27' title="bbox 108 1347 911 1382">
     <span class='ocr_line' id='line_1_27' title="bbox 108 1347 911 1382; baseline 0.005 -9"><span class='ocrx_word' id='word_1_195' title='bbox 108 1347 153 1374; x_wconf 78' lang='lat' dir='ltr'><strong>vir</strong></span> <span class='ocrx_word' id='word_1_196' title='bbox 171 1351 265 1374; x_wconf 87' lang='lat' dir='ltr'><strong>autem</strong></span> <span class='ocrx_word' id='word_1_197' title='bbox 292 1347 463 1376; x_wconf 86' lang='lat' dir='ltr'><strong>rationabilis</strong></span> <span class='ocrx_word' id='word_1_198' title='bbox 480 1356 577 1376; x_wconf 84' lang='lat' dir='ltr'><strong>sensus</strong></span> <span class='ocrx_word' id='word_1_199' title='bbox 590 1370 597 1382; x_wconf 90' lang='lat'><strong>,</strong></span> <span class='ocrx_word' id='word_1_200' title='bbox 615 1353 642 1376; x_wconf 87' lang='lat' dir='ltr'><strong>et</strong></span> <span class='ocrx_word' id='word_1_201' title='bbox 667 1349 859 1376; x_wconf 82' lang='lat' dir='ltr'><strong>intellectualis</strong></span> <span class='ocrx_word' id='word_1_202' title='bbox 877 1350 911 1377; x_wconf 91' lang='lat' dir='ltr'><strong>sit</strong></span> 
     </span>
    </p>
   </div>
   <div class='ocr_carea' id='block_1_28' title="bbox 110 1392 914 1430">
    <p class='ocr_par' dir='ltr' id='par_1_28' title="bbox 110 1392 914 1430">
     <span class='ocr_line' id='line_1_28' title="bbox 110 1392 914 1430; baseline 0.006 -12"><span class='ocrx_word' id='word_1_203' title='bbox 110 1392 238 1426; x_wconf 85' lang='lat' dir='ltr'><strong>spiritus.</strong></span> <span class='ocrx_word' id='word_1_204' title='bbox 263 1392 381 1420; x_wconf 81' lang='lat' dir='ltr'><strong>Sensum</strong></span> <span class='ocrx_word' id='word_1_205' title='bbox 405 1398 499 1420; x_wconf 88' lang='lat' dir='ltr'><strong>autem</strong></span> <span class='ocrx_word' id='word_1_206' title='bbox 522 1394 736 1428; x_wconf 87' lang='lat' dir='ltr'><strong>rationabilem,</strong></span> <span class='ocrx_word' id='word_1_207' title='bbox 753 1396 799 1429; x_wconf 90' lang='lat' dir='ltr'><strong>qui</strong></span> <span class='ocrx_word' id='word_1_208' title='bbox 823 1400 914 1430; x_wconf 85' lang='lat' dir='ltr'><strong>potest</strong></span> 
     </span>
    </p>
   </div>
   <div class='ocr_carea' id='block_1_29' title="bbox 111 1438 915 1478">
    <p class='ocr_par' dir='ltr' id='par_1_29' title="bbox 111 1438 915 1478">
     <span class='ocr_line' id='line_1_29' title="bbox 111 1438 915 1478; baseline 0.007 -14"><span class='ocrx_word' id='word_1_209' title='bbox 111 1438 238 1466; x_wconf 62' lang='lat' dir='ltr'><strong>coelestia</strong></span> <span class='ocrx_word' id='word_1_210' title='bbox 254 1446 362 1474; x_wconf 81' lang='lat' dir='ltr'><strong>sapere,</strong></span> <span class='ocrx_word' id='word_1_211' title='bbox 377 1440 422 1473; x_wconf 88' lang='lat' dir='ltr'><strong>qui</strong></span> <span class='ocrx_word' id='word_1_212' title='bbox 437 1444 527 1474; x_wconf 76' lang='lat' dir='ltr'><strong>potest</strong></span> <span class='ocrx_word' id='word_1_213' title='bbox 540 1439 693 1475; x_wconf 74' lang='lat' dir='ltr'><strong>intelligere</strong></span> <span class='ocrx_word' id='word_1_214' title='bbox 706 1441 801 1474; x_wconf 78' lang='lat' dir='ltr'><strong>Dentri,</strong></span> <span class='ocrx_word' id='word_1_215' title='bbox 815 1446 842 1470; x_wconf 91' lang='lat' dir='ltr'><strong>et</strong></span> <span class='ocrx_word' id='word_1_216' title='bbox 854 1450 915 1478; x_wconf 75' lang='lat' dir='ltr'><strong>qua:</strong></span> 
     </span>
    </p>
   </div>
   <div class='ocr_carea' id='block_1_30' title="bbox 113 1486 916 1519">
    <p class='ocr_par' dir='ltr' id='par_1_30' title="bbox 113 1486 916 1519">
     <span class='ocr_line' id='line_1_30' title="bbox 113 1486 916 1519; baseline 0.005 -7"><span class='ocrx_word' id='word_1_217' title='bbox 113 1492 226 1512; x_wconf 82' lang='lat' dir='ltr'><strong>sursum</strong></span> <span class='ocrx_word' id='word_1_218' title='bbox 250 1489 314 1511; x_wconf 90' lang='lat' dir='ltr'><strong>sunt</strong></span> <span class='ocrx_word' id='word_1_219' title='bbox 337 1492 482 1519; x_wconf 68' lang='lat' dir='ltr'><strong>qnaarere,</strong></span> <span class='ocrx_word' id='word_1_220' title='bbox 503 1486 577 1513; x_wconf 91' lang='lat' dir='ltr'><strong>hunc</strong></span> <span class='ocrx_word' id='word_1_221' title='bbox 602 1488 658 1514; x_wconf 91' lang='lat' dir='ltr'><strong>odit</strong></span> <span class='ocrx_word' id='word_1_222' title='bbox 678 1488 786 1516; x_wconf 87' lang='lat' dir='ltr'><strong>l‘barao</strong></span> <span class='ocrx_word' id='word_1_223' title='bbox 813 1496 859 1516; x_wconf 84' lang='lat' dir='ltr'><strong>rex</strong></span> <span class='ocrx_word' id='word_1_224' title='bbox 888 1493 916 1516; x_wconf 89' lang='lat' dir='ltr'><strong>et</strong></span> 
     </span>
    </p>
   </div>
   <div class='ocr_carea' id='block_1_31' title="bbox 112 1533 944 1570">
    <p class='ocr_par' dir='ltr' id='par_1_31' title="bbox 112 1533 944 1570">
     <span class='ocr_line' id='line_1_31' title="bbox 112 1533 944 1570; baseline 0.004 -10"><span class='ocrx_word' id='word_1_225' title='bbox 112 1534 244 1568; x_wconf 80' lang='lat' dir='ltr'><strong>princeps</strong></span> <span class='ocrx_word' id='word_1_226' title='bbox 256 1533 377 1570; x_wconf 64' lang='lat' dir='ltr'><strong>Egypti,</strong></span> <span class='ocrx_word' id='word_1_227' title='bbox 392 1535 463 1562; x_wconf 88' lang='lat' dir='ltr'><strong>hunc</strong></span> <span class='ocrx_word' id='word_1_228' title='bbox 478 1535 570 1563; x_wconf 87' lang='lat' dir='ltr'><strong>necari</strong></span> <span class='ocrx_word' id='word_1_229' title='bbox 585 1536 659 1570; x_wconf 89' lang='lat' dir='ltr'><strong>cupit</strong></span> <span class='ocrx_word' id='word_1_230' title='bbox 672 1540 699 1562; x_wconf 90' lang='lat' dir='ltr'><strong>et</strong></span> <span class='ocrx_word' id='word_1_231' title='bbox 712 1535 842 1563; x_wconf 84' lang='lat' dir='ltr'><strong>interimi.</strong></span> <span class='ocrx_word' id='word_1_232' title='bbox 857 1535 910 1563; x_wconf 85' lang='lat' dir='ltr'><strong>Cn-</strong></span> <span class='ocrx_word' id='word_1_233' title='bbox 923 1533 944 1563; x_wconf 85' lang='lat' dir='ltr'><strong><em>C</em></strong></span> 
     </span>
    </p>
   </div>
   <div class='ocr_carea' id='block_1_32' title="bbox 113 1580 912 1616">
    <p class='ocr_par' dir='ltr' id='par_1_32' title="bbox 113 1580 912 1616">
     <span class='ocr_line' id='line_1_32' title="bbox 113 1580 912 1616; baseline 0.001 -10"><span class='ocrx_word' id='word_1_234' title='bbox 113 1580 152 1615; x_wconf 89' lang='lat' dir='ltr'><strong>pit</strong></span> <span class='ocrx_word' id='word_1_235' title='bbox 170 1584 266 1608; x_wconf 80' lang='lat' dir='ltr'><strong>autem</strong></span> <span class='ocrx_word' id='word_1_236' title='bbox 290 1588 459 1616; x_wconf 79' lang='lat' dir='ltr'><strong>qua:chqu</strong></span> <span class='ocrx_word' id='word_1_237' title='bbox 484 1581 580 1609; x_wconf 85' lang='lat' dir='ltr'><strong>carnis</strong></span> <span class='ocrx_word' id='word_1_238' title='bbox 597 1586 660 1608; x_wconf 90' lang='lat' dir='ltr'><strong>sunt</strong></span> <span class='ocrx_word' id='word_1_239' title='bbox 683 1581 792 1614; x_wconf 88' lang='lat' dir='ltr'><strong>vivere,</strong></span> <span class='ocrx_word' id='word_1_240' title='bbox 810 1586 837 1608; x_wconf 92' lang='lat' dir='ltr'><strong>et</strong></span> <span class='ocrx_word' id='word_1_241' title='bbox 852 1589 912 1616; x_wconf 64' lang='lat' dir='ltr'><strong>quas</strong></span> 
     </span>
    </p>
   </div>
   <div class='ocr_carea' id='block_1_33' title="bbox 113 1626 912 1663">
    <p class='ocr_par' dir='ltr' id='par_1_33' title="bbox 113 1626 912 1663">
     <span class='ocr_line' id='line_1_33' title="bbox 113 1626 912 1663; baseline 0.003 -11"><span class='ocrx_word' id='word_1_242' title='bbox 113 1626 147 1652; x_wconf 91' lang='lat' dir='ltr'><strong>ad</strong></span> <span class='ocrx_word' id='word_1_243' title='bbox 163 1628 310 1653; x_wconf 87' lang='lat' dir='ltr'><strong>materiam</strong></span> <span class='ocrx_word' id='word_1_244' title='bbox 327 1627 465 1661; x_wconf 82' lang='lat' dir='ltr'><strong>pertinent</strong></span> <span class='ocrx_word' id='word_1_245' title='bbox 480 1627 662 1663; x_wconf 81' lang='lat' dir='ltr'><strong>corporalem,</strong></span> <span class='ocrx_word' id='word_1_246' title='bbox 678 1627 735 1655; x_wconf 71' lang='lat' dir='ltr'><strong>lucc</strong></span> <span class='ocrx_word' id='word_1_247' title='bbox 752 1635 803 1654; x_wconf 89' lang='lat' dir='ltr'><strong>non</strong></span> <span class='ocrx_word' id='word_1_248' title='bbox 822 1627 912 1654; x_wconf 87' lang='lat' dir='ltr'><strong>solum</strong></span> 
     </span>
    </p>
   </div>
   <div class='ocr_carea' id='block_1_34' title="bbox 113 1672 914 1708">
    <p class='ocr_par' dir='ltr' id='par_1_34' title="bbox 113 1672 914 1708">
     <span class='ocr_line' id='line_1_34' title="bbox 113 1672 914 1708; baseline 0.004 -10"><span class='ocrx_word' id='word_1_249' title='bbox 113 1672 227 1704; x_wconf 75' lang='lat' dir='ltr'><strong>vivere,</strong></span> <span class='ocrx_word' id='word_1_250' title='bbox 243 1673 292 1700; x_wconf 87' lang='lat' dir='ltr'><strong>sed</strong></span> <span class='ocrx_word' id='word_1_251' title='bbox 308 1677 335 1700; x_wconf 90' lang='lat' dir='ltr'><strong>et</strong></span> <span class='ocrx_word' id='word_1_252' title='bbox 349 1673 442 1708; x_wconf 73' lang='lat' dir='ltr'><strong>augeri</strong></span> <span class='ocrx_word' id='word_1_253' title='bbox 463 1678 491 1700; x_wconf 87' lang='lat' dir='ltr'><strong>et</strong></span> <span class='ocrx_word' id='word_1_254' title='bbox 506 1673 594 1702; x_wconf 74' lang='lat' dir='ltr'><strong>excoli</strong></span> <span class='ocrx_word' id='word_1_255' title='bbox 610 1674 694 1708; x_wconf 85' lang='lat' dir='ltr'><strong>cupit.</strong></span> <span class='ocrx_word' id='word_1_256' title='bbox 712 1673 777 1700; x_wconf 82' lang='lat' dir='ltr'><strong>Vult</strong></span> <span class='ocrx_word' id='word_1_257' title='bbox 794 1673 867 1701; x_wconf 88' lang='lat' dir='ltr'><strong>enim</strong></span> <span class='ocrx_word' id='word_1_258' title='bbox 884 1677 914 1701; x_wconf 93' lang='lat' dir='ltr'><strong>ut</strong></span> 
     </span>
    </p>
   </div>
   <div class='ocr_carea' id='block_1_35' title="bbox 114 1717 913 1753">
    <p class='ocr_par' dir='ltr' id='par_1_35' title="bbox 114 1717 913 1753">
     <span class='ocr_line' id='line_1_35' title="bbox 114 1717 913 1753; baseline -0.001 -7"><span class='ocrx_word' id='word_1_259' title='bbox 114 1725 213 1746; x_wconf 83' lang='lat' dir='ltr'><strong>omnes</strong></span> <span class='ocrx_word' id='word_1_260' title='bbox 229 1717 351 1746; x_wconf 83' lang='lat' dir='ltr'><strong>carnalia</strong></span> <span class='ocrx_word' id='word_1_261' title='bbox 367 1719 484 1753; x_wconf 88' lang='lat' dir='ltr'><strong>sapiant,</strong></span> <span class='ocrx_word' id='word_1_262' title='bbox 499 1719 660 1753; x_wconf 84' lang='lat' dir='ltr'><strong>temporalia</strong></span> <span class='ocrx_word' id='word_1_263' title='bbox 673 1719 839 1752; x_wconf 82' lang='lat' dir='ltr'><strong>desiderent,</strong></span> <span class='ocrx_word' id='word_1_264' title='bbox 852 1727 913 1753; x_wconf 63' lang='lat' dir='ltr'><strong>quze</strong></span> 
     </span>
    </p>
   </div>
   <div class='ocr_carea' id='block_1_36' title="bbox 116 1765 912 1799">
    <p class='ocr_par' dir='ltr' id='par_1_36' title="bbox 116 1765 912 1799">
     <span class='ocr_line' id='line_1_36' title="bbox 116 1765 912 1799; baseline 0.001 -9"><span class='ocrx_word' id='word_1_265' title='bbox 116 1770 201 1798; x_wconf 86' lang='lat' dir='ltr'><strong>supra</strong></span> <span class='ocrx_word' id='word_1_266' title='bbox 216 1768 318 1791; x_wconf 88' lang='lat' dir='ltr'><strong>terram</strong></span> <span class='ocrx_word' id='word_1_267' title='bbox 332 1769 396 1791; x_wconf 91' lang='lat' dir='ltr'><strong>sunt</strong></span> <span class='ocrx_word' id='word_1_268' title='bbox 413 1769 537 1799; x_wconf 69' lang='lat' dir='ltr'><strong>quatrant</strong></span> <span class='ocrx_word' id='word_1_269' title='bbox 547 1784 554 1797; x_wconf 93' lang='lat'><strong>,</strong></span> <span class='ocrx_word' id='word_1_270' title='bbox 572 1772 652 1792; x_wconf 88' lang='lat' dir='ltr'><strong>nemo</strong></span> <span class='ocrx_word' id='word_1_271' title='bbox 663 1765 750 1792; x_wconf 89' lang='lat' dir='ltr'><strong>elevet</strong></span> <span class='ocrx_word' id='word_1_272' title='bbox 765 1766 797 1791; x_wconf 90' lang='lat' dir='ltr'><strong>ad</strong></span> <span class='ocrx_word' id='word_1_273' title='bbox 813 1765 912 1791; x_wconf 81' lang='lat' dir='ltr'><strong>ccclnm</strong></span> 
     </span>
    </p>
   </div>
   <div class='ocr_carea' id='block_1_37' title="bbox 115 1809 914 1844">
    <p class='ocr_par' dir='ltr' id='par_1_37' title="bbox 115 1809 914 1844">
     <span class='ocr_line' id='line_1_37' title="bbox 115 1809 914 1844; baseline 0.001 -8"><span class='ocrx_word' id='word_1_274' title='bbox 115 1810 212 1837; x_wconf 88' lang='lat' dir='ltr'><strong>oculos</strong></span> <span class='ocrx_word' id='word_1_275' title='bbox 229 1817 305 1841; x_wconf 89' lang='lat' dir='ltr'><strong>suos,</strong></span> <span class='ocrx_word' id='word_1_276' title='bbox 323 1817 402 1837; x_wconf 76' lang='lat' dir='ltr'><strong>neuio</strong></span> <span class='ocrx_word' id='word_1_277' title='bbox 416 1811 537 1844; x_wconf 91' lang='lat' dir='ltr'><strong>requirat</strong></span> <span class='ocrx_word' id='word_1_278' title='bbox 553 1810 624 1837; x_wconf 90' lang='lat' dir='ltr'><strong>unde</strong></span> <span class='ocrx_word' id='word_1_279' title='bbox 639 1809 692 1838; x_wconf 89' lang='lat' dir='ltr'><strong>bne</strong></span> <span class='ocrx_word' id='word_1_280' title='bbox 705 1810 820 1843; x_wconf 84' lang='lat' dir='ltr'><strong>venerit,</strong></span> <span class='ocrx_word' id='word_1_281' title='bbox 835 1818 914 1837; x_wconf 85' lang='lat' dir='ltr'><strong>nemo</strong></span> 
     </span>
    </p>
   </div>
   <div class='ocr_carea' id='block_1_38' title="bbox 116 1855 915 1891">
    <p class='ocr_par' dir='ltr' id='par_1_38' title="bbox 116 1855 915 1891">
     <span class='ocr_line' id='line_1_38' title="bbox 116 1855 915 1891; baseline 0.001 -9"><span class='ocrx_word' id='word_1_282' title='bbox 116 1857 238 1891; x_wconf 89' lang='lat' dir='ltr'><strong>patriam</strong></span> <span class='ocrx_word' id='word_1_283' title='bbox 261 1855 418 1891; x_wconf 84' lang='lat' dir='ltr'><strong>paradisum</strong></span> <span class='ocrx_word' id='word_1_284' title='bbox 442 1858 613 1884; x_wconf 86' lang='lat' dir='ltr'><strong>recordetur.</strong></span> <span class='ocrx_word' id='word_1_285' title='bbox 639 1856 705 1883; x_wconf 81' lang='lat' dir='ltr'><strong>Cum</strong></span> <span class='ocrx_word' id='word_1_286' title='bbox 721 1863 788 1891; x_wconf 80' lang='lat' dir='ltr'><strong>ergo</strong></span> <span class='ocrx_word' id='word_1_287' title='bbox 813 1856 915 1884; x_wconf 86' lang='lat' dir='ltr'><strong>videris</strong></span> 
     </span>
    </p>
   </div>
   <div class='ocr_carea' id='block_1_39' title="bbox 118 1902 914 1937">
    <p class='ocr_par' dir='ltr' id='par_1_39' title="bbox 118 1902 914 1937">
     <span class='ocr_line' id='line_1_39' title="bbox 118 1902 914 1937; baseline -0.001 -7"><span class='ocrx_word' id='word_1_288' title='bbox 118 1903 247 1931; x_wconf 80' lang='lat' dir='ltr'><strong>homines</strong></span> <span class='ocrx_word' id='word_1_289' title='bbox 272 1903 298 1930; x_wconf 94' lang='lat' dir='ltr'><strong>in</strong></span> <span class='ocrx_word' id='word_1_290' title='bbox 313 1903 499 1937; x_wconf 85' lang='lat' dir='ltr'><strong>voluptatibus</strong></span> <span class='ocrx_word' id='word_1_291' title='bbox 523 1909 551 1930; x_wconf 89' lang='lat' dir='ltr'><strong>et</strong></span> <span class='ocrx_word' id='word_1_292' title='bbox 566 1902 672 1930; x_wconf 88' lang='lat' dir='ltr'><strong>deliciis</strong></span> <span class='ocrx_word' id='word_1_293' title='bbox 693 1903 775 1929; x_wconf 87' lang='lat' dir='ltr'><strong>vitam</strong></span> <span class='ocrx_word' id='word_1_294' title='bbox 795 1904 893 1931; x_wconf 81' lang='lat' dir='ltr'><strong>dueere</strong></span> <span class='ocrx_word' id='word_1_295' title='bbox 907 1923 914 1936; x_wconf 93' lang='lat'><strong>,</strong></span> 
     </span>
    </p>
   </div>
   <div class='ocr_carea' id='block_1_40' title="bbox 118 1948 915 1984">
    <p class='ocr_par' dir='ltr' id='par_1_40' title="bbox 118 1948 915 1984">
     <span class='ocr_line' id='line_1_40' title="bbox 118 1948 915 1984; baseline -0.001 -7"><span class='ocrx_word' id='word_1_296' title='bbox 118 1949 183 1977; x_wconf 78' lang='lat' dir='ltr'><strong>luxu</strong></span> <span class='ocrx_word' id='word_1_297' title='bbox 209 1949 318 1976; x_wconf 82' lang='lat' dir='ltr'><strong>ﬂuitare</strong></span> <span class='ocrx_word' id='word_1_298' title='bbox 329 1970 336 1983; x_wconf 92' lang='lat'><strong>,</strong></span> <span class='ocrx_word' id='word_1_299' title='bbox 352 1949 455 1984; x_wconf 85' lang='lat' dir='ltr'><strong>epulis,</strong></span> <span class='ocrx_word' id='word_1_300' title='bbox 469 1949 548 1982; x_wconf 88' lang='lat' dir='ltr'><strong>vino,</strong></span> <span class='ocrx_word' id='word_1_301' title='bbox 564 1949 713 1981; x_wconf 66' lang='lat' dir='ltr'><strong>conviviis,</strong></span> <span class='ocrx_word' id='word_1_302' title='bbox 731 1948 867 1976; x_wconf 86' lang='lat' dir='ltr'><strong>cubilibus</strong></span> <span class='ocrx_word' id='word_1_303' title='bbox 887 1954 915 1976; x_wconf 86' lang='lat' dir='ltr'><strong>et</strong></span> 
     </span>
    </p>
   </div>
   <div class='ocr_carea' id='block_1_41' title="bbox 119 1993 914 2030">
    <p class='ocr_par' dir='ltr' id='par_1_41' title="bbox 119 1993 914 2030">
     <span class='ocr_line' id='line_1_41' title="bbox 119 1993 914 2030; baseline -0.001 -8"><span class='ocrx_word' id='word_1_304' title='bbox 119 1995 304 2030; x_wconf 88' lang='lat' dir='ltr'><strong>impudicitiis</strong></span> <span class='ocrx_word' id='word_1_305' title='bbox 323 2001 434 2029; x_wconf 87' lang='lat' dir='ltr'><strong>operam</strong></span> <span class='ocrx_word' id='word_1_306' title='bbox 456 1995 536 2026; x_wconf 85' lang='lat' dir='ltr'><strong>dare,</strong></span> <span class='ocrx_word' id='word_1_307' title='bbox 563 1994 589 2020; x_wconf 94' lang='lat' dir='ltr'><strong>in</strong></span> <span class='ocrx_word' id='word_1_308' title='bbox 613 1993 672 2021; x_wconf 80' lang='lat' dir='ltr'><strong>istis</strong></span> <span class='ocrx_word' id='word_1_309' title='bbox 688 1993 760 2021; x_wconf 89' lang='lat' dir='ltr'><strong>scias</strong></span> <span class='ocrx_word' id='word_1_310' title='bbox 781 1994 853 2028; x_wconf 88' lang='lat' dir='ltr'><strong>quod</strong></span> <span class='ocrx_word' id='word_1_311' title='bbox 868 2001 914 2021; x_wconf 81' lang='lat' dir='ltr'><strong>rex</strong></span> 
     </span>
    </p>
   </div>
   <div class='ocr_carea' id='block_1_42' title="bbox 119 2039 915 2078">
    <p class='ocr_par' dir='ltr' id='par_1_42' title="bbox 119 2039 915 2078">
     <span class='ocr_line' id='line_1_42' title="bbox 119 2039 915 2078; baseline -0.001 -9"><span class='ocrx_word' id='word_1_312' title='bbox 119 2041 232 2078; x_wconf 59' lang='lat' dir='ltr'><strong>Egypti</strong></span> <span class='ocrx_word' id='word_1_313' title='bbox 255 2041 391 2068; x_wconf 83' lang='lat' dir='ltr'><strong>masculos</strong></span> <span class='ocrx_word' id='word_1_314' title='bbox 419 2045 516 2073; x_wconf 86' lang='lat' dir='ltr'><strong>necat,</strong></span> <span class='ocrx_word' id='word_1_315' title='bbox 542 2045 570 2067; x_wconf 90' lang='lat' dir='ltr'><strong>et</strong></span> <span class='ocrx_word' id='word_1_316' title='bbox 593 2040 712 2068; x_wconf 78' lang='lat' dir='ltr'><strong>vivitical</strong></span> <span class='ocrx_word' id='word_1_317' title='bbox 733 2039 860 2067; x_wconf 85' lang='lat' dir='ltr'><strong>feminas.</strong></span> <span class='ocrx_word' id='word_1_318' title='bbox 886 2040 915 2068; x_wconf 88' lang='lat' dir='ltr'><strong>Si</strong></span> 
     </span>
    </p>
   </div>
   <div class='ocr_carea' id='block_1_43' title="bbox 119 2086 917 2122">
    <p class='ocr_par' dir='ltr' id='par_1_43' title="bbox 119 2086 917 2122">
     <span class='ocr_line' id='line_1_43' title="bbox 119 2086 917 2122; baseline -0.001 -7"><span class='ocrx_word' id='word_1_319' title='bbox 119 2096 185 2116; x_wconf 73' lang='lat' dir='ltr'><strong>vero</strong></span> <span class='ocrx_word' id='word_1_320' title='bbox 203 2095 297 2115; x_wconf 86' lang='lat' dir='ltr'><strong>rarum</strong></span> <span class='ocrx_word' id='word_1_321' title='bbox 314 2094 447 2122; x_wconf 83' lang='lat' dir='ltr'><strong>quemque</strong></span> <span class='ocrx_word' id='word_1_322' title='bbox 464 2086 558 2114; x_wconf 86' lang='lat' dir='ltr'><strong>videas</strong></span> <span class='ocrx_word' id='word_1_323' title='bbox 574 2094 656 2114; x_wconf 90' lang='lat' dir='ltr'><strong>unum</strong></span> <span class='ocrx_word' id='word_1_324' title='bbox 674 2094 706 2114; x_wconf 80' lang='lat' dir='ltr'><strong>ex</strong></span> <span class='ocrx_word' id='word_1_325' title='bbox 726 2087 798 2113; x_wconf 90' lang='lat' dir='ltr'><strong>mille</strong></span> <span class='ocrx_word' id='word_1_326' title='bbox 815 2086 848 2114; x_wconf 77' lang='lat' dir='ltr'><strong>ad</strong></span> <span class='ocrx_word' id='word_1_327' title='bbox 865 2086 917 2114; x_wconf 86' lang='lat' dir='ltr'><strong>Do-</strong></span> 
     </span>
    </p>
   </div>
   <div class='ocr_carea' id='block_1_44' title="bbox 121 2133 918 2168">
    <p class='ocr_par' dir='ltr' id='par_1_44' title="bbox 121 2133 918 2168">
     <span class='ocr_line' id='line_1_44' title="bbox 121 2133 918 2168; baseline -0.003 -7"><span class='ocrx_word' id='word_1_328' title='bbox 121 2134 227 2161; x_wconf 89' lang='lat' dir='ltr'><strong>minum</strong></span> <span class='ocrx_word' id='word_1_329' title='bbox 245 2133 386 2166; x_wconf 78' lang='lat' dir='ltr'><strong>converti,</strong></span> <span class='ocrx_word' id='word_1_330' title='bbox 404 2133 497 2160; x_wconf 89' lang='lat' dir='ltr'><strong>oculos</strong></span> <span class='ocrx_word' id='word_1_331' title='bbox 514 2139 624 2160; x_wconf 83' lang='lat' dir='ltr'><strong>surSum</strong></span> <span class='ocrx_word' id='word_1_332' title='bbox 641 2133 761 2167; x_wconf 74' lang='lat' dir='ltr'><strong>erigere,</strong></span> <span class='ocrx_word' id='word_1_333' title='bbox 782 2141 842 2168; x_wconf 73' lang='lat' dir='ltr'><strong>quzc</strong></span> <span class='ocrx_word' id='word_1_334' title='bbox 857 2140 918 2167; x_wconf 90' lang='lat' dir='ltr'><strong>per-</strong></span> 
     </span>
    </p>
   </div>
   <div class='ocr_carea' id='block_1_45' title="bbox 120 2179 915 2216">
    <p class='ocr_par' dir='ltr' id='par_1_45' title="bbox 120 2179 915 2216">
     <span class='ocr_line' id='line_1_45' title="bbox 120 2179 915 2216; baseline -0.001 -9"><span class='ocrx_word' id='word_1_335' title='bbox 120 2187 204 2216; x_wconf 82' lang='lat' dir='ltr'><strong>petua</strong></span> <span class='ocrx_word' id='word_1_336' title='bbox 220 2185 286 2208; x_wconf 86' lang='lat' dir='ltr'><strong>sunt</strong></span> <span class='ocrx_word' id='word_1_337' title='bbox 301 2184 328 2207; x_wconf 89' lang='lat' dir='ltr'><strong>cl.</strong></span> <span class='ocrx_word' id='word_1_338' title='bbox 344 2184 446 2207; x_wconf 73' lang='lat' dir='ltr'><strong>:tzterna</strong></span> <span class='ocrx_word' id='word_1_339' title='bbox 462 2186 602 2214; x_wconf 68' lang='lat' dir='ltr'><strong>quaerere,</strong></span> <span class='ocrx_word' id='word_1_340' title='bbox 619 2179 797 2214; x_wconf 77' lang='lat' dir='ltr'><strong>contemplari</strong></span> <span class='ocrx_word' id='word_1_341' title='bbox 814 2187 867 2206; x_wconf 88' lang='lat' dir='ltr'><strong>non</strong></span> <span class='ocrx_word' id='word_1_342' title='bbox 884 2187 915 2206; x_wconf 87' lang='lat' dir='ltr'><strong>ea</strong></span> 
     </span>
    </p>
   </div>
   <div class='ocr_carea' id='block_1_46' title="bbox 121 2225 914 2263">
    <p class='ocr_par' dir='ltr' id='par_1_46' title="bbox 121 2225 914 2263">
     <span class='ocr_line' id='line_1_46' title="bbox 121 2225 914 2263; baseline -0.004 -8"><span class='ocrx_word' id='word_1_343' title='bbox 121 2236 182 2263; x_wconf 74' lang='lat' dir='ltr'><strong>qua:</strong></span> <span class='ocrx_word' id='word_1_344' title='bbox 192 2228 329 2260; x_wconf 69' lang='lat' dir='ltr'><strong>videntur,</strong></span> <span class='ocrx_word' id='word_1_345' title='bbox 344 2228 391 2254; x_wconf 84' lang='lat' dir='ltr'><strong>sed</strong></span> <span class='ocrx_word' id='word_1_346' title='bbox 401 2234 461 2261; x_wconf 84' lang='lat' dir='ltr'><strong>qua:</strong></span> <span class='ocrx_word' id='word_1_347' title='bbox 474 2234 526 2253; x_wconf 91' lang='lat' dir='ltr'><strong>non</strong></span> <span class='ocrx_word' id='word_1_348' title='bbox 538 2225 674 2255; x_wconf 82' lang='lat' dir='ltr'><strong>videntur.</strong></span> <span class='ocrx_word' id='word_1_349' title='bbox 688 2226 779 2253; x_wconf 85' lang='lat' dir='ltr'><strong>odisse</strong></span> <span class='ocrx_word' id='word_1_350' title='bbox 791 2225 914 2258; x_wconf 78' lang='lat' dir='ltr'><strong>delicias,</strong></span> 
     </span>
    </p>
   </div>
   <div class='ocr_carea' id='block_1_47' title="bbox 121 2271 916 2306">
    <p class='ocr_par' dir='ltr' id='par_1_47' title="bbox 121 2271 916 2306">
     <span class='ocr_line' id='line_1_47' title="bbox 121 2271 916 2306; baseline -0.004 -4"><span class='ocrx_word' id='word_1_351' title='bbox 121 2283 217 2302; x_wconf 81' lang='lat' dir='ltr'><strong>amare</strong></span> <span class='ocrx_word' id='word_1_352' title='bbox 242 2273 438 2302; x_wconf 74' lang='lat' dir='ltr'><strong>continentiam</strong></span> <span class='ocrx_word' id='word_1_353' title='bbox 457 2293 464 2305; x_wconf 89' lang='lat'><strong>,</strong></span> <span class='ocrx_word' id='word_1_354' title='bbox 486 2272 619 2298; x_wconf 70' lang='lat' dir='ltr'><strong>luxuriam</strong></span> <span class='ocrx_word' id='word_1_355' title='bbox 648 2271 741 2306; x_wconf 69' lang='lat' dir='ltr'><strong>fugere</strong></span> <span class='ocrx_word' id='word_1_356' title='bbox 758 2292 765 2304; x_wconf 93' lang='lat'><strong>,</strong></span> <span class='ocrx_word' id='word_1_357' title='bbox 791 2272 916 2300; x_wconf 80' lang='lat' dir='ltr'><strong>excolere</strong></span> 
     </span>
    </p>
   </div>
   <div class='ocr_carea' id='block_1_48' title="bbox 122 2319 917 2355">
    <p class='ocr_par' dir='ltr' id='par_1_48' title="bbox 122 2319 917 2355">
     <span class='ocr_line' id='line_1_48' title="bbox 122 2319 917 2355; baseline -0.006 -6"><span class='ocrx_word' id='word_1_358' title='bbox 122 2323 260 2353; x_wconf 71' lang='lat' dir='ltr'><strong>virtutes,</strong></span> <span class='ocrx_word' id='word_1_359' title='bbox 277 2321 361 2348; x_wconf 88' lang='lat' dir='ltr'><strong>isttnn</strong></span> <span class='ocrx_word' id='word_1_360' title='bbox 379 2320 455 2355; x_wconf 88' lang='lat' dir='ltr'><strong>quasi</strong></span> <span class='ocrx_word' id='word_1_361' title='bbox 478 2319 646 2351; x_wconf 76' lang='lat' dir='ltr'><strong>masculum,</strong></span> <span class='ocrx_word' id='word_1_362' title='bbox 667 2319 744 2354; x_wconf 85' lang='lat' dir='ltr'><strong>quasi</strong></span> <span class='ocrx_word' id='word_1_363' title='bbox 760 2319 849 2346; x_wconf 87' lang='lat' dir='ltr'><strong>virum</strong></span> <span class='ocrx_word' id='word_1_364' title='bbox 868 2326 917 2345; x_wconf 89' lang='lat' dir='ltr'><strong>nc-</strong></span> 
     </span>
    </p>
   </div>
   <div class='ocr_carea' id='block_1_49' title="bbox 123 2365 919 2403">
    <p class='ocr_par' dir='ltr' id='par_1_49' title="bbox 123 2365 919 2403">
     <span class='ocr_line' id='line_1_49' title="bbox 123 2365 919 2403; baseline -0.004 -8"><span class='ocrx_word' id='word_1_365' title='bbox 123 2369 180 2396; x_wconf 89' lang='lat' dir='ltr'><strong>cari</strong></span> <span class='ocrx_word' id='word_1_366' title='bbox 206 2368 282 2403; x_wconf 89' lang='lat' dir='ltr'><strong>cupit</strong></span> <span class='ocrx_word' id='word_1_367' title='bbox 301 2367 408 2395; x_wconf 81' lang='lat' dir='ltr'><strong>Pharao</strong></span> <span class='ocrx_word' id='word_1_368' title='bbox 420 2387 426 2399; x_wconf 87' lang='lat'><strong>,</strong></span> <span class='ocrx_word' id='word_1_369' title='bbox 450 2367 641 2402; x_wconf 84' lang='lat' dir='ltr'><strong>persequitur,</strong></span> <span class='ocrx_word' id='word_1_370' title='bbox 661 2366 810 2392; x_wconf 82' lang='lat' dir='ltr'><strong>insectatur</strong></span> <span class='ocrx_word' id='word_1_371' title='bbox 822 2385 829 2398; x_wconf 87' lang='lat'><strong>,</strong></span> <span class='ocrx_word' id='word_1_372' title='bbox 845 2365 919 2392; x_wconf 88' lang='lat' dir='ltr'><strong>mille</strong></span> 
     </span>
    </p>
   </div>
   <div class='ocr_carea' id='block_1_50' title="bbox 125 2411 920 2448">
    <p class='ocr_par' dir='ltr' id='par_1_50' title="bbox 125 2411 920 2448">
     <span class='ocr_line' id='line_1_50' title="bbox 125 2411 920 2448; baseline -0.005 -6"><span class='ocrx_word' id='word_1_373' title='bbox 125 2415 259 2442; x_wconf 75' lang='lat' dir='ltr'><strong>adversus</strong></span> <span class='ocrx_word' id='word_1_374' title='bbox 275 2422 337 2442; x_wconf 90' lang='lat' dir='ltr'><strong>eum</strong></span> <span class='ocrx_word' id='word_1_375' title='bbox 359 2413 493 2441; x_wconf 86' lang='lat' dir='ltr'><strong>machinis</strong></span> <span class='ocrx_word' id='word_1_376' title='bbox 510 2417 621 2448; x_wconf 80' lang='lat' dir='ltr'><strong>pugnat.</strong></span> <span class='ocrx_word' id='word_1_377' title='bbox 639 2412 701 2440; x_wconf 89' lang='lat' dir='ltr'><strong>Odit</strong></span> <span class='ocrx_word' id='word_1_378' title='bbox 720 2411 803 2445; x_wconf 87' lang='lat' dir='ltr'><strong>tales,</strong></span> <span class='ocrx_word' id='word_1_379' title='bbox 825 2412 920 2439; x_wconf 80' lang='lat' dir='ltr'><strong>vivere</strong></span> 
     </span>
    </p>
   </div>
   <div class='ocr_carea' id='block_1_51' title="bbox 124 2457 920 2496">
    <p class='ocr_par' dir='ltr' id='par_1_51' title="bbox 124 2457 920 2496">
     <span class='ocr_line' id='line_1_51' title="bbox 124 2457 920 2496; baseline -0.004 -8"><span class='ocrx_word' id='word_1_380' title='bbox 124 2469 172 2489; x_wconf 85' lang='lat' dir='ltr'><strong>eos</strong></span> <span class='ocrx_word' id='word_1_381' title='bbox 189 2463 216 2487; x_wconf 89' lang='lat' dir='ltr'><strong>in</strong></span> <span class='ocrx_word' id='word_1_382' title='bbox 230 2461 349 2496; x_wconf 56' lang='lat' dir='ltr'><strong>{Egypto</strong></span> <span class='ocrx_word' id='word_1_383' title='bbox 365 2469 417 2487; x_wconf 94' lang='lat' dir='ltr'><strong>non</strong></span> <span class='ocrx_word' id='word_1_384' title='bbox 432 2460 506 2487; x_wconf 84' lang='lat' dir='ltr'><strong>sinit.</strong></span> <span class='ocrx_word' id='word_1_385' title='bbox 523 2459 586 2487; x_wconf 89' lang='lat' dir='ltr'><strong>inde</strong></span> <span class='ocrx_word' id='word_1_386' title='bbox 602 2466 666 2492; x_wconf 74' lang='lat' dir='ltr'><strong>ergo</strong></span> <span class='ocrx_word' id='word_1_387' title='bbox 680 2463 721 2485; x_wconf 86' lang='lat' dir='ltr'><strong>cst</strong></span> <span class='ocrx_word' id='word_1_388' title='bbox 733 2458 804 2493; x_wconf 87' lang='lat' dir='ltr'><strong>quod</strong></span> <span class='ocrx_word' id='word_1_389' title='bbox 821 2457 848 2484; x_wconf 92' lang='lat' dir='ltr'><strong>in</strong></span> <span class='ocrx_word' id='word_1_390' title='bbox 868 2458 920 2485; x_wconf 90' lang='lat' dir='ltr'><strong>hoc</strong></span> 
     </span>
    </p>
   </div>
   <div class='ocr_carea' id='block_1_52' title="bbox 125 2503 918 2538">
    <p class='ocr_par' dir='ltr' id='par_1_52' title="bbox 125 2503 918 2538">
     <span class='ocr_line' id='line_1_52' title="bbox 125 2503 918 2538; baseline -0.004 -6"><span class='ocrx_word' id='word_1_391' title='bbox 125 2505 229 2532; x_wconf 84' lang='lat' dir='ltr'><strong>mundo</strong></span> <span class='ocrx_word' id='word_1_392' title='bbox 245 2505 317 2532; x_wconf 82' lang='lat' dir='ltr'><strong>servi</strong></span> <span class='ocrx_word' id='word_1_393' title='bbox 335 2504 382 2532; x_wconf 86' lang='lat' dir='ltr'><strong>Dei</strong></span> <span class='ocrx_word' id='word_1_394' title='bbox 399 2510 425 2532; x_wconf 85' lang='lat' dir='ltr'><strong>et</strong></span> <span class='ocrx_word' id='word_1_395' title='bbox 438 2511 534 2532; x_wconf 85' lang='lat' dir='ltr'><strong>omnes</strong></span> <span class='ocrx_word' id='word_1_396' title='bbox 549 2503 595 2538; x_wconf 85' lang='lat' dir='ltr'><strong>qui</strong></span> <span class='ocrx_word' id='word_1_397' title='bbox 612 2503 694 2530; x_wconf 87' lang='lat' dir='ltr'><strong>Deum</strong></span> <span class='ocrx_word' id='word_1_398' title='bbox 708 2507 851 2538; x_wconf 79' lang='lat' dir='ltr'><strong>quaerunt,</strong></span> <span class='ocrx_word' id='word_1_399' title='bbox 871 2503 918 2530; x_wconf 89' lang='lat' dir='ltr'><strong>de-</strong></span> 
     </span>
    </p>
   </div>
   <div class='ocr_carea' id='block_1_53' title="bbox 162 2571 591 2605">
    <p class='ocr_par' dir='ltr' id='par_1_53' title="bbox 162 2571 591 2605">
     <span class='ocr_line' id='line_1_53' title="bbox 162 2571 591 2605; baseline -0.009 -4"><span class='ocrx_word' id='word_1_400' title='bbox 162 2574 185 2590; x_wconf 80' lang='lat'><strong>&quot;</strong></span> <span class='ocrx_word' id='word_1_401' title='bbox 208 2573 293 2600; x_wconf 67' lang='lat' dir='ltr'><strong>Exod.</strong></span> <span class='ocrx_word' id='word_1_402' title='bbox 311 2581 329 2605; x_wconf 85' lang='grc' dir='ltr'>ι,</span> <span class='ocrx_word' id='word_1_403' title='bbox 348 2573 391 2600; x_wconf 79' lang='lat' dir='ltr'><strong>iii.</strong></span> <span class='ocrx_word' id='word_1_404' title='bbox 429 2572 450 2588; x_wconf 80' lang='grc'><strong>⁸¹</strong></span> <span class='ocrx_word' id='word_1_405' title='bbox 466 2571 531 2599; x_wconf 87' lang='lat' dir='ltr'><strong>ibid.</strong></span> <span class='ocrx_word' id='word_1_406' title='bbox 549 2571 591 2598; x_wconf 81' lang='grc' dir='ltr'><strong>Π.</strong></span> 
     </span>
    </p>
   </div>
   <div class='ocr_carea' id='block_1_54' title="bbox 163 2641 731 2680">
    <p class='ocr_par' dir='ltr' id='par_1_54' title="bbox 163 2641 731 2680">
     <span class='ocr_line' id='line_1_54' title="bbox 163 2641 731 2680; baseline -0.012 -7"><span class='ocrx_word' id='word_1_407' title='bbox 163 2646 220 2680; x_wconf 84' lang='lat'><strong>(87)</strong></span> <span class='ocrx_word' id='word_1_408' title='bbox 238 2645 305 2672; x_wconf 67' lang='lat' dir='ltr'><strong>\‘ide</strong></span> <span class='ocrx_word' id='word_1_409' title='bbox 324 2644 420 2680; x_wconf 15' lang='lat' dir='ltr'><strong>libuit,</strong></span> <span class='ocrx_word' id='word_1_410' title='bbox 439 2643 560 2680; x_wconf 55' lang='lat' dir='ltr'><strong>Urigcnn</strong></span> <span class='ocrx_word' id='word_1_411' title='bbox 576 2646 669 2675; x_wconf 72' lang='lat' dir='ltr'><strong>tllltl‘sl.</strong></span> 
     </span>
    </p>
   </div>
   <div class='ocr_carea' id='block_1_55' title="bbox 164 2676 924 2717">
    <p class='ocr_par' dir='ltr' id='par_1_55' title="bbox 164 2676 924 2717">
     <span class='ocr_line' id='line_1_55' title="bbox 164 2676 924 2717; baseline -0.008 -10"><span class='ocrx_word' id='word_1_412' title='bbox 164 2676 223 2717; x_wconf 70' lang='grc'><strong>(88)</strong></span> <span class='ocrx_word' id='word_1_413' title='bbox 235 2680 366 2717; x_wconf 65' lang='lat' dir='ltr'><strong>Sep/rora,</strong></span> <span class='ocrx_word' id='word_1_414' title='bbox 378 2678 509 2705; x_wconf 77' lang='lat' dir='ltr'><strong>llebraice</strong></span> <span class='ocrx_word' id='word_1_415' title='bbox 518 2682 624 2708; x_wconf 61' lang='lat' dir='ltr'><strong>Tityo</strong></span> <span class='ocrx_word' id='word_1_416' title='bbox 640 2678 731 2716; x_wconf 73' lang='lat' dir='ltr'><strong>radice</strong></span> <span class='ocrx_word' id='word_1_417' title='bbox 740 2680 807 2706; x_wconf 60' lang='grc' dir='ltr'><strong>Ἕω</strong></span> <span class='ocrx_word' id='word_1_418' title='bbox 819 2676 924 2711; x_wconf 62' lang='lat' dir='ltr'><strong>elegans</strong></span> 
     </span>
    </p>
   </div>
   <div class='ocr_carea' id='block_1_56' title="bbox 129 2712 924 2748">
    <p class='ocr_par' dir='ltr' id='par_1_56' title="bbox 129 2712 924 2748">
     <span class='ocr_line' id='line_1_56' title="bbox 129 2712 924 2748; baseline -0.009 -3"><span class='ocrx_word' id='word_1_419' title='bbox 129 2712 195 2747; x_wconf 66' lang='lat' dir='ltr'><strong>esse,</strong></span> <span class='ocrx_word' id='word_1_420' title='bbox 214 2712 289 2742; x_wconf 74' lang='lat' dir='ltr'><strong>male</strong></span> <span class='ocrx_word' id='word_1_421' title='bbox 304 2715 504 2748; x_wconf 83' lang='lat' dir='ltr'><strong>interpretatur</strong></span> <span class='ocrx_word' id='word_1_422' title='bbox 516 2721 617 2746; x_wconf 71' lang='lat' dir='ltr'><strong>passer,</strong></span> <span class='ocrx_word' id='word_1_423' title='bbox 635 2712 739 2745; x_wconf 82' lang='lat' dir='ltr'><strong>optime</strong></span> <span class='ocrx_word' id='word_1_424' title='bbox 757 2719 820 2737; x_wconf 63' lang='lat' dir='ltr'><strong>\‘cro</strong></span> <span class='ocrx_word' id='word_1_425' title='bbox 837 2718 924 2738; x_wconf 79' lang='lat' dir='ltr'><strong>verte-</strong></span> 
     </span>
    </p>
   </div>
   <div class='ocr_carea' id='block_1_57' title="bbox 130 2747 924 2784">
    <p class='ocr_par' dir='ltr' id='par_1_57' title="bbox 130 2747 924 2784">
     <span class='ocr_line' id='line_1_57' title="bbox 130 2747 924 2784; baseline -0.005 -5"><span class='ocrx_word' id='word_1_426' title='bbox 130 2759 202 2780; x_wconf 81' lang='lat' dir='ltr'><strong>retur</strong></span> <span class='ocrx_word' id='word_1_427' title='bbox 211 2758 307 2784; x_wconf 71' lang='lat' dir='ltr'><strong>passer.</strong></span> <span class='ocrx_word' id='word_1_428' title='bbox 315 2750 334 2777; x_wconf 84' lang='lat' dir='ltr'><strong>si</strong></span> <span class='ocrx_word' id='word_1_429' title='bbox 348 2749 481 2777; x_wconf 87' lang='lat' dir='ltr'><strong>llebraice</strong></span> <span class='ocrx_word' id='word_1_430' title='bbox 491 2749 621 2783; x_wconf 86' lang='lat' dir='ltr'><strong>scriptum</strong></span> <span class='ocrx_word' id='word_1_431' title='bbox 629 2752 710 2780; x_wconf 69' lang='lat' dir='ltr'><strong>esset,</strong></span> <span class='ocrx_word' id='word_1_432' title='bbox 720 2751 797 2777; x_wconf 68' lang='lat' dir='ltr'><strong>mar</strong></span> <span class='ocrx_word' id='word_1_433' title='bbox 805 2755 819 2773; x_wconf 78' lang='grc' dir='ltr'><strong>ιι</strong></span> <span class='ocrx_word' id='word_1_434' title='bbox 834 2747 924 2775; x_wconf 84' lang='lat' dir='ltr'><strong>radice</strong></span> 
     </span>
    </p>
   </div>
   <div class='ocr_carea' id='block_1_58' title="bbox 130 2786 321 2817">
    <p class='ocr_par' dir='ltr' id='par_1_58' title="bbox 130 2786 321 2817">
     <span class='ocr_line' id='line_1_58' title="bbox 130 2786 321 2817; baseline -0.021 -2"><span class='ocrx_word' id='word_1_435' title='bbox 130 2792 189 2817; x_wconf 64' lang='grc' dir='ltr'><strong><em>Ἕν</em></strong></span> <span class='ocrx_word' id='word_1_436' title='bbox 199 2786 321 2814; x_wconf 75' lang='lat' dir='ltr'><strong>evolarit.</strong></span> 
     </span>
    </p>
   </div>
   <div class='ocr_carea' id='block_1_59' title="bbox 167 2818 923 2855">
    <p class='ocr_par' dir='ltr' id='par_1_59' title="bbox 167 2818 923 2855">
     <span class='ocr_line' id='line_1_59' title="bbox 167 2818 923 2855; baseline 0 -9"><span class='ocrx_word' id='word_1_437' title='bbox 167 2823 223 2855; x_wconf 72' lang='lat'><strong>(39)</strong></span> <span class='ocrx_word' id='word_1_438' title='bbox 239 2819 469 2852; x_wconf 79' lang='lat' dir='ltr'><strong>Plum,llcbraicc</strong></span> <span class='ocrx_word' id='word_1_439' title='bbox 482 2824 553 2850; x_wconf 60' lang='lat' dir='ltr'><strong>n31:</strong></span> <span class='ocrx_word' id='word_1_440' title='bbox 567 2818 636 2844; x_wconf 87' lang='lat' dir='ltr'><strong>unde</strong></span> <span class='ocrx_word' id='word_1_441' title='bbox 650 2818 824 2855; x_wconf 78' lang='lat' dir='ltr'><strong>interpretari</strong></span> <span class='ocrx_word' id='word_1_442' title='bbox 839 2819 923 2855; x_wconf 77' lang='lat' dir='ltr'><strong>possit</strong></span> 
     </span>
    </p>
   </div>
   <div class='ocr_carea' id='block_1_60' title="bbox 132 2853 922 2890">
    <p class='ocr_par' dir='ltr' id='par_1_60' title="bbox 132 2853 922 2890">
     <span class='ocr_line' id='line_1_60' title="bbox 132 2853 922 2890; baseline -0.006 -5"><span class='ocrx_word' id='word_1_443' title='bbox 132 2853 226 2886; x_wconf 61' lang='lat' dir='ltr'><strong>sulcus</strong></span> <span class='ocrx_word' id='word_1_444' title='bbox 239 2876 248 2890; x_wconf 88' lang='lat'><strong>,</strong></span> <span class='ocrx_word' id='word_1_445' title='bbox 267 2856 310 2883; x_wconf 84' lang='lat' dir='ltr'><strong>vel</strong></span> <span class='ocrx_word' id='word_1_446' title='bbox 327 2855 470 2883; x_wconf 72' lang='lat' dir='ltr'><strong>verecunda</strong></span> <span class='ocrx_word' id='word_1_447' title='bbox 483 2874 490 2888; x_wconf 90' lang='lat'><strong>,</strong></span> <span class='ocrx_word' id='word_1_448' title='bbox 510 2856 637 2890; x_wconf 66' lang='lat' dir='ltr'><strong>ignorare</strong></span> <span class='ocrx_word' id='word_1_449' title='bbox 663 2862 705 2882; x_wconf 89' lang='lat' dir='ltr'><strong>me</strong></span> <span class='ocrx_word' id='word_1_450' title='bbox 725 2854 822 2881; x_wconf 76' lang='lat' dir='ltr'><strong>lateor.</strong></span> <span class='ocrx_word' id='word_1_451' title='bbox 846 2853 922 2882; x_wconf 77' lang='lat' dir='ltr'><strong>l‘bua</strong></span> 
     </span>
    </p>
   </div>
   <div class='ocr_carea' id='block_1_61' title="bbox 705 127 1110 159">
    <p class='ocr_par' dir='ltr' id='par_1_61' title="bbox 705 127 1110 159">
     <span class='ocr_line' id='line_1_61' title="bbox 705 127 1110 159; baseline -0.015 0"><span class='ocrx_word' id='word_1_452' title='bbox 705 131 738 159; x_wconf 86' lang='lat' dir='ltr'><strong>lN</strong></span> <span class='ocrx_word' id='word_1_453' title='bbox 755 130 898 159; x_wconf 71' lang='lat' dir='ltr'><strong>EXODUM</strong></span> <span class='ocrx_word' id='word_1_454' title='bbox 917 128 1059 157; x_wconf 69' lang='grc' dir='ltr'><strong>ῙΙΟΜΊΗᾹ</strong></span> <span class='ocrx_word' id='word_1_455' title='bbox 1078 127 1110 154; x_wconf 81' lang='lat' dir='ltr'><strong>if.</strong></span> 
     </span>
    </p>
   </div>
   <div class='ocr_carea' id='block_1_62' title="bbox 1682 119 1736 146">
    <p class='ocr_par' dir='ltr' id='par_1_62' title="bbox 1682 119 1736 146">
     <span class='ocr_line' id='line_1_62' title="bbox 1682 119 1736 146; baseline 0.019 -2"><span class='ocrx_word' id='word_1_456' title='bbox 1682 119 1736 146; x_wconf 72' lang='lat'><strong>506</strong></span> 
     </span>
    </p>
   </div>
   <div class='ocr_carea' id='block_1_63' title="bbox 946 176 1736 223">
    <p class='ocr_par' dir='ltr' id='par_1_63' title="bbox 946 176 1736 223">
     <span class='ocr_line' id='line_1_63' title="bbox 946 176 1736 223; baseline -0.015 -8"><span class='ocrx_word' id='word_1_457' title='bbox 946 187 1049 223; x_wconf 89' lang='lat' dir='ltr'><strong>spectui</strong></span> <span class='ocrx_word' id='word_1_458' title='bbox 1066 185 1200 213; x_wconf 85' lang='lat' dir='ltr'><strong>habentur</strong></span> <span class='ocrx_word' id='word_1_459' title='bbox 1221 186 1248 210; x_wconf 85' lang='lat' dir='ltr'><strong>et</strong></span> <span class='ocrx_word' id='word_1_460' title='bbox 1270 179 1450 215; x_wconf 88' lang='lat' dir='ltr'><strong>contemptui.</strong></span> <span class='ocrx_word' id='word_1_461' title='bbox 1475 178 1538 206; x_wconf 89' lang='lat' dir='ltr'><strong>lude</strong></span> <span class='ocrx_word' id='word_1_462' title='bbox 1564 176 1736 205; x_wconf 78' lang='lat' dir='ltr'><strong>contumeliis</strong></span> 
     </span>
    </p>
   </div>
   <div class='ocr_carea' id='block_1_64' title="bbox 943 226 1735 270">
    <p class='ocr_par' dir='ltr' id='par_1_64' title="bbox 943 226 1735 270">
     <span class='ocr_line' id='line_1_64' title="bbox 943 226 1735 270; baseline -0.013 -8"><span class='ocrx_word' id='word_1_463' title='bbox 943 233 1062 270; x_wconf 87' lang='lat' dir='ltr'><strong>expositi</strong></span> <span class='ocrx_word' id='word_1_464' title='bbox 1081 235 1158 265; x_wconf 86' lang='lat' dir='ltr'><strong>sunt,</strong></span> <span class='ocrx_word' id='word_1_465' title='bbox 1176 231 1237 258; x_wconf 89' lang='lat' dir='ltr'><strong>inde</strong></span> <span class='ocrx_word' id='word_1_466' title='bbox 1254 229 1392 264; x_wconf 89' lang='lat' dir='ltr'><strong>replentur</strong></span> <span class='ocrx_word' id='word_1_467' title='bbox 1409 226 1579 262; x_wconf 84' lang='lat' dir='ltr'><strong>opprobriis,</strong></span> <span class='ocrx_word' id='word_1_468' title='bbox 1600 226 1661 252; x_wconf 88' lang='lat' dir='ltr'><strong>inde</strong></span> <span class='ocrx_word' id='word_1_469' title='bbox 1674 226 1735 252; x_wconf 87' lang='lat' dir='ltr'><strong>odia</strong></span> 
     </span>
    </p>
   </div>
   <div class='ocr_carea' id='block_1_65' title="bbox 946 272 1738 314">
    <p class='ocr_par' dir='ltr' id='par_1_65' title="bbox 946 272 1738 314">
     <span class='ocr_line' id='line_1_65' title="bbox 946 272 1738 314; baseline -0.014 -5"><span class='ocrx_word' id='word_1_470' title='bbox 946 282 971 309; x_wconf 94' lang='lat' dir='ltr'><strong>in</strong></span> <span class='ocrx_word' id='word_1_471' title='bbox 998 288 1045 308; x_wconf 90' lang='lat' dir='ltr'><strong>eos</strong></span> <span class='ocrx_word' id='word_1_472' title='bbox 1061 284 1089 307; x_wconf 91' lang='lat' dir='ltr'><strong>et</strong></span> <span class='ocrx_word' id='word_1_473' title='bbox 1110 277 1315 314; x_wconf 81' lang='lat' dir='ltr'><strong>persecutiones</strong></span> <span class='ocrx_word' id='word_1_474' title='bbox 1339 275 1478 310; x_wconf 83' lang='lat' dir='ltr'><strong>agitantur</strong></span> <span class='ocrx_word' id='word_1_475' title='bbox 1493 293 1500 305; x_wconf 89' lang='lat'><strong>,</strong></span> <span class='ocrx_word' id='word_1_476' title='bbox 1519 273 1583 307; x_wconf 86' lang='lat' dir='ltr'><strong>quia</strong></span> <span class='ocrx_word' id='word_1_477' title='bbox 1606 272 1663 299; x_wconf 88' lang='lat' dir='ltr'><strong>odit</strong></span> <span class='ocrx_word' id='word_1_478' title='bbox 1689 279 1738 299; x_wconf 81' lang='lat' dir='ltr'><strong>cos</strong></span> 
     </span>
    </p>
   </div>
   <div class='ocr_carea' id='block_1_66' title="bbox 946 317 1738 359">
    <p class='ocr_par' dir='ltr' id='par_1_66' title="bbox 946 317 1738 359">
     <span class='ocr_line' id='line_1_66' title="bbox 946 317 1738 359; baseline -0.016 -4"><span class='ocrx_word' id='word_1_479' title='bbox 946 328 1053 355; x_wconf 83' lang='lat' dir='ltr'><strong>Pharao</strong></span> <span class='ocrx_word' id='word_1_480' title='bbox 1064 346 1071 359; x_wconf 88' lang='lat'><strong>,</strong></span> <span class='ocrx_word' id='word_1_481' title='bbox 1087 325 1143 353; x_wconf 88' lang='lat' dir='ltr'><strong>odit</strong></span> <span class='ocrx_word' id='word_1_482' title='bbox 1161 323 1314 357; x_wconf 88' lang='lat' dir='ltr'><strong>lmjusmodi</strong></span> <span class='ocrx_word' id='word_1_483' title='bbox 1337 327 1438 352; x_wconf 88' lang='lat' dir='ltr'><strong>mares,</strong></span> <span class='ocrx_word' id='word_1_484' title='bbox 1453 319 1499 354; x_wconf 89' lang='lat' dir='ltr'><strong>qui</strong></span> <span class='ocrx_word' id='word_1_485' title='bbox 1523 317 1636 344; x_wconf 89' lang='lat' dir='ltr'><strong>feminas</strong></span> <span class='ocrx_word' id='word_1_486' title='bbox 1652 321 1738 344; x_wconf 88' lang='lat' dir='ltr'><strong>amat.</strong></span> 
     </span>
    </p>
   </div>
   <div class='ocr_carea' id='block_1_67' title="bbox 947 364 1740 402">
    <p class='ocr_par' dir='ltr' id='par_1_67' title="bbox 947 364 1740 402">
     <span class='ocr_line' id='line_1_67' title="bbox 947 364 1740 402; baseline -0.018 0"><span class='ocrx_word' id='word_1_487' title='bbox 947 375 1000 402; x_wconf 88' lang='lat' dir='ltr'><strong>Istc</strong></span> <span class='ocrx_word' id='word_1_488' title='bbox 1011 373 1094 401; x_wconf 84' lang='lat' dir='ltr'><strong>etiam</strong></span> <span class='ocrx_word' id='word_1_489' title='bbox 1108 370 1270 398; x_wconf 81' lang='lat' dir='ltr'><strong>obstetrices</strong></span> <span class='ocrx_word' id='word_1_490' title='bbox 1281 373 1458 400; x_wconf 85' lang='lat' dir='ltr'><strong>corrumpere</strong></span> <span class='ocrx_word' id='word_1_491' title='bbox 1469 364 1638 400; x_wconf 75' lang='lat' dir='ltr'><strong>aggreditur,</strong></span> <span class='ocrx_word' id='word_1_492' title='bbox 1650 368 1677 389; x_wconf 90' lang='lat' dir='ltr'><strong>et</strong></span> <span class='ocrx_word' id='word_1_493' title='bbox 1692 370 1740 398; x_wconf 77' lang='lat' dir='ltr'><strong>per</strong></span> 
     </span>
    </p>
   </div>
   <div class='ocr_carea' id='block_1_68' title="bbox 948 410 1740 455">
    <p class='ocr_par' dir='ltr' id='par_1_68' title="bbox 948 410 1740 455">
     <span class='ocr_line' id='line_1_68' title="bbox 948 410 1740 455; baseline -0.018 -7"><span class='ocrx_word' id='word_1_494' title='bbox 948 421 1020 455; x_wconf 87' lang='lat' dir='ltr'><strong>ipsas</strong></span> <span class='ocrx_word' id='word_1_495' title='bbox 1037 419 1151 453; x_wconf 84' lang='lat' dir='ltr'><strong>implere</strong></span> <span class='ocrx_word' id='word_1_496' title='bbox 1168 415 1241 451; x_wconf 83' lang='lat' dir='ltr'><strong>quod</strong></span> <span class='ocrx_word' id='word_1_497' title='bbox 1270 414 1406 441; x_wconf 76' lang='lat' dir='ltr'><strong>desiderat</strong></span> <span class='ocrx_word' id='word_1_498' title='bbox 1419 433 1426 445; x_wconf 87' lang='lat'><strong>,</strong></span> <span class='ocrx_word' id='word_1_499' title='bbox 1446 419 1562 446; x_wconf 81' lang='lat' dir='ltr'><strong>quarunt</strong></span> <span class='ocrx_word' id='word_1_500' title='bbox 1580 410 1665 437; x_wconf 89' lang='lat' dir='ltr'><strong>etiam</strong></span> <span class='ocrx_word' id='word_1_501' title='bbox 1691 416 1740 436; x_wconf 93' lang='lat' dir='ltr'><strong>no-</strong></span> 
     </span>
    </p>
   </div>
   <div class='ocr_carea' id='block_1_69' title="bbox 948 456 1748 498">
    <p class='ocr_par' dir='ltr' id='par_1_69' title="bbox 948 456 1748 498">
     <span class='ocr_line' id='line_1_69' title="bbox 948 456 1748 498; baseline -0.015 -4"><span class='ocrx_word' id='word_1_502' title='bbox 948 466 1019 494; x_wconf 87' lang='lat' dir='ltr'><strong>tnina</strong></span> <span class='ocrx_word' id='word_1_503' title='bbox 1046 465 1125 492; x_wconf 90' lang='lat' dir='ltr'><strong>nobis</strong></span> <span class='ocrx_word' id='word_1_504' title='bbox 1146 471 1194 498; x_wconf 89' lang='lat' dir='ltr'><strong>pcr</strong></span> <span class='ocrx_word' id='word_1_505' title='bbox 1217 460 1398 497; x_wconf 81' lang='lat' dir='ltr'><strong>prm‘isioueut</strong></span> <span class='ocrx_word' id='word_1_506' title='bbox 1425 458 1544 492; x_wconf 88' lang='lat' dir='ltr'><strong>Spiritus</strong></span> <span class='ocrx_word' id='word_1_507' title='bbox 1564 456 1651 484; x_wconf 78' lang='lat' dir='ltr'><strong>sancti</strong></span> <span class='ocrx_word' id='word_1_508' title='bbox 1665 476 1673 487; x_wconf 84' lang='lat'><strong>,</strong></span> <span class='ocrx_word' id='word_1_509' title='bbox 1693 456 1748 496; x_wconf 76' lang='lat' dir='ltr'><strong>quil</strong></span> 
     </span>
    </p>
   </div>
   <div class='ocr_carea' id='block_1_70' title="bbox 950 501 1740 541">
    <p class='ocr_par' dir='ltr' id='par_1_70' title="bbox 950 501 1740 541">
     <span class='ocr_line' id='line_1_70' title="bbox 950 501 1740 541; baseline -0.019 0"><span class='ocrx_word' id='word_1_510' title='bbox 950 513 1007 541; x_wconf 77' lang='lat' dir='ltr'><strong>lucc</strong></span> <span class='ocrx_word' id='word_1_511' title='bbox 1024 510 1106 539; x_wconf 89' lang='lat' dir='ltr'><strong>scribi</strong></span> <span class='ocrx_word' id='word_1_512' title='bbox 1125 509 1218 540; x_wconf 84' lang='lat' dir='ltr'><strong>voluit,</strong></span> <span class='ocrx_word' id='word_1_513' title='bbox 1235 507 1399 534; x_wconf 75' lang='lat' dir='ltr'><strong>indit-antur.</strong></span> <span class='ocrx_word' id='word_1_514' title='bbox 1416 504 1536 537; x_wconf 88' lang='lat' dir='ltr'><strong>Sephora</strong></span> <span class='ocrx_word' id='word_1_515' title='bbox 1556 502 1623 538; x_wconf 83' lang='lat'><strong>(88),</strong></span> <span class='ocrx_word' id='word_1_516' title='bbox 1640 501 1740 536; x_wconf 85' lang='lat' dir='ltr'><strong>inquit,</strong></span> 
     </span>
    </p>
   </div>
   <div class='ocr_carea' id='block_1_71' title="bbox 949 548 1743 592">
    <p class='ocr_par' dir='ltr' id='par_1_71' title="bbox 949 548 1743 592">
     <span class='ocr_line' id='line_1_71' title="bbox 949 548 1743 592; baseline -0.016 -6"><span class='ocrx_word' id='word_1_517' title='bbox 949 566 1013 592; x_wconf 89' lang='lat' dir='ltr'><strong>una,</strong></span> <span class='ocrx_word' id='word_1_518' title='bbox 1031 565 1092 592; x_wconf 69' lang='lat' dir='ltr'><strong>qua:</strong></span> <span class='ocrx_word' id='word_1_519' title='bbox 1106 557 1302 590; x_wconf 86' lang='lat' dir='ltr'><strong>interpretatur</strong></span> <span class='ocrx_word' id='word_1_520' title='bbox 1323 559 1436 586; x_wconf 77' lang='lat' dir='ltr'><strong>passer;</strong></span> <span class='ocrx_word' id='word_1_521' title='bbox 1453 554 1480 577; x_wconf 88' lang='lat' dir='ltr'><strong>et</strong></span> <span class='ocrx_word' id='word_1_522' title='bbox 1497 549 1572 576; x_wconf 82' lang='lat' dir='ltr'><strong>Pbua</strong></span> <span class='ocrx_word' id='word_1_523' title='bbox 1591 548 1659 584; x_wconf 82' lang='lat'><strong>(89),</strong></span> <span class='ocrx_word' id='word_1_524' title='bbox 1682 555 1743 581; x_wconf 81' lang='lat' dir='ltr'><strong>qua:</strong></span> 
     </span>
    </p>
   </div>
   <div class='ocr_carea' id='block_1_72' title="bbox 950 591 1743 639">
    <p class='ocr_par' dir='ltr' id='par_1_72' title="bbox 950 591 1743 639">
     <span class='ocr_line' id='line_1_72' title="bbox 950 591 1743 639; baseline -0.02 -7"><span class='ocrx_word' id='word_1_525' title='bbox 950 604 1021 639; x_wconf 85' lang='lat' dir='ltr'><strong>apud</strong></span> <span class='ocrx_word' id='word_1_526' title='bbox 1034 591 1083 630; x_wconf 82' lang='lat' dir='ltr'><strong>nos</strong></span> <span class='ocrx_word' id='word_1_527' title='bbox 1097 601 1138 628; x_wconf 85' lang='lat' dir='ltr'><strong>vel</strong></span> <span class='ocrx_word' id='word_1_528' title='bbox 1156 602 1266 630; x_wconf 75' lang='lat' dir='ltr'><strong>rubens,</strong></span> <span class='ocrx_word' id='word_1_529' title='bbox 1285 597 1326 624; x_wconf 86' lang='lat' dir='ltr'><strong>vel</strong></span> <span class='ocrx_word' id='word_1_530' title='bbox 1342 594 1488 623; x_wconf 79' lang='lat' dir='ltr'><strong>verecunda</strong></span> <span class='ocrx_word' id='word_1_531' title='bbox 1507 593 1560 620; x_wconf 90' lang='lat' dir='ltr'><strong>dici</strong></span> <span class='ocrx_word' id='word_1_532' title='bbox 1575 596 1674 627; x_wconf 82' lang='lat' dir='ltr'><strong>potest.</strong></span> <span class='ocrx_word' id='word_1_533' title='bbox 1690 591 1743 617; x_wconf 85' lang='lat' dir='ltr'><strong>Per</strong></span> 
     </span>
    </p>
   </div>
   <div class='ocr_carea' id='block_1_73' title="bbox 952 637 1745 685">
    <p class='ocr_par' dir='ltr' id='par_1_73' title="bbox 952 637 1745 685">
     <span class='ocr_line' id='line_1_73' title="bbox 952 637 1745 685; baseline -0.018 -7"><span class='ocrx_word' id='word_1_534' title='bbox 952 637 1001 678; x_wconf 71' lang='lat' dir='ltr'><strong>has</strong></span> <span class='ocrx_word' id='word_1_535' title='bbox 1019 650 1102 685; x_wconf 80' lang='lat' dir='ltr'><strong>igitur</strong></span> <span class='ocrx_word' id='word_1_536' title='bbox 1118 647 1210 675; x_wconf 82' lang='lat' dir='ltr'><strong>necari</strong></span> <span class='ocrx_word' id='word_1_537' title='bbox 1228 651 1319 673; x_wconf 83' lang='lat' dir='ltr'><strong>mares</strong></span> <span class='ocrx_word' id='word_1_538' title='bbox 1331 648 1359 671; x_wconf 86' lang='lat' dir='ltr'><strong>et</strong></span> <span class='ocrx_word' id='word_1_539' title='bbox 1379 640 1510 669; x_wconf 82' lang='lat' dir='ltr'><strong>viviﬁcari</strong></span> <span class='ocrx_word' id='word_1_540' title='bbox 1535 639 1607 668; x_wconf 88' lang='lat' dir='ltr'><strong>solas</strong></span> <span class='ocrx_word' id='word_1_541' title='bbox 1630 637 1745 665; x_wconf 82' lang='lat' dir='ltr'><strong>fetninas</strong></span> 
     </span>
    </p>
   </div>
   <div class='ocr_carea' id='block_1_74' title="bbox 951 698 1060 734">
    <p class='ocr_par' dir='ltr' id='par_1_74' title="bbox 951 698 1060 734">
     <span class='ocr_line' id='line_1_74' title="bbox 951 698 1060 734; baseline -0.037 -8"><span class='ocrx_word' id='word_1_542' title='bbox 951 698 1060 734; x_wconf 70' lang='lat' dir='ltr'><strong>(puer-it.</strong></span> 
     </span>
    </p>
   </div>
   <div class='ocr_carea' id='block_1_75' title="bbox 984 733 1746 777">
    <p class='ocr_par' dir='ltr' id='par_1_75' title="bbox 984 733 1746 777">
     <span class='ocr_line' id='line_1_75' title="bbox 984 733 1746 777; baseline -0.017 -6"><span class='ocrx_word' id='word_1_543' title='bbox 984 745 1013 771; x_wconf 73' lang='lat'><strong>2.</strong></span> <span class='ocrx_word' id='word_1_544' title='bbox 1029 743 1083 771; x_wconf 87' lang='lat' dir='ltr'><strong>Sed</strong></span> <span class='ocrx_word' id='word_1_545' title='bbox 1100 741 1164 777; x_wconf 84' lang='lat' dir='ltr'><strong>quid</strong></span> <span class='ocrx_word' id='word_1_546' title='bbox 1186 740 1250 768; x_wconf 90' lang='lat' dir='ltr'><strong>dicit</strong></span> <span class='ocrx_word' id='word_1_547' title='bbox 1269 735 1432 772; x_wconf 74' lang='lat' dir='ltr'><strong>Scriptura?</strong></span> <span class='ocrx_word' id='word_1_548' title='bbox 1458 743 1467 760; x_wconf 83' lang='grc' dir='ltr'><strong>ι</strong></span> <span class='ocrx_word' id='word_1_549' title='bbox 1482 734 1513 761; x_wconf 83' lang='grc' dir='ltr'>Ει</span> <span class='ocrx_word' id='word_1_550' title='bbox 1533 734 1665 761; x_wconf 86' lang='lat' dir='ltr'><strong>timebant</strong></span> <span class='ocrx_word' id='word_1_551' title='bbox 1680 756 1685 766; x_wconf 82' lang='lat'><strong>,</strong></span> <span class='ocrx_word' id='word_1_552' title='bbox 1703 733 1746 758; x_wconf 56' lang='lat' dir='ltr'><strong>in-</strong></span> 
     </span>
    </p>
   </div>
   <div class='ocr_carea' id='block_1_76' title="bbox 952 780 1748 826">
    <p class='ocr_par' dir='ltr' id='par_1_76' title="bbox 952 780 1748 826">
     <span class='ocr_line' id='line_1_76' title="bbox 952 780 1748 826; baseline -0.019 -7"><span class='ocrx_word' id='word_1_553' title='bbox 952 791 1011 826; x_wconf 84' lang='lat' dir='ltr'><strong>quit</strong></span> <span class='ocrx_word' id='word_1_554' title='bbox 1032 790 1054 806; x_wconf 79' lang='lat'><strong>&quot;</strong></span> <span class='ocrx_word' id='word_1_555' title='bbox 1067 811 1075 824; x_wconf 90' lang='lat'><strong>,</strong></span> <span class='ocrx_word' id='word_1_556' title='bbox 1101 787 1264 817; x_wconf 85' lang='lat' dir='ltr'><strong>obstetrices</strong></span> <span class='ocrx_word' id='word_1_557' title='bbox 1288 785 1372 812; x_wconf 88' lang='lat' dir='ltr'><strong>Deum</strong></span> <span class='ocrx_word' id='word_1_558' title='bbox 1387 803 1395 815; x_wconf 89' lang='lat'><strong>,</strong></span> <span class='ocrx_word' id='word_1_559' title='bbox 1414 789 1442 811; x_wconf 90' lang='lat' dir='ltr'><strong>et</strong></span> <span class='ocrx_word' id='word_1_560' title='bbox 1460 790 1514 809; x_wconf 90' lang='lat' dir='ltr'><strong>non</strong></span> <span class='ocrx_word' id='word_1_561' title='bbox 1534 781 1656 809; x_wconf 85' lang='lat' dir='ltr'><strong>fecerunt</strong></span> <span class='ocrx_word' id='word_1_562' title='bbox 1677 780 1748 806; x_wconf 88' lang='lat' dir='ltr'><strong>sicut</strong></span> 
     </span>
    </p>
   </div>
   <div class='ocr_carea' id='block_1_77' title="bbox 954 825 1748 873">
    <p class='ocr_par' dir='ltr' id='par_1_77' title="bbox 954 825 1748 873">
     <span class='ocr_line' id='line_1_77' title="bbox 954 825 1748 873; baseline -0.018 -8"><span class='ocrx_word' id='word_1_563' title='bbox 954 825 1082 873; x_wconf 69' lang='lat' dir='ltr'><strong>praecepit</strong></span> <span class='ocrx_word' id='word_1_564' title='bbox 1105 835 1145 863; x_wconf 91' lang='lat' dir='ltr'><strong>eis</strong></span> <span class='ocrx_word' id='word_1_565' title='bbox 1164 841 1210 862; x_wconf 77' lang='lat' dir='ltr'><strong>rex</strong></span> <span class='ocrx_word' id='word_1_566' title='bbox 1229 831 1352 867; x_wconf 64' lang='lat' dir='ltr'><strong>Aigypti.</strong></span> <span class='ocrx_word' id='word_1_567' title='bbox 1369 840 1378 856; x_wconf 85' lang='grc'><strong>›</strong></span> <span class='ocrx_word' id='word_1_568' title='bbox 1405 829 1472 856; x_wconf 84' lang='lat' dir='ltr'><strong>Istas</strong></span> <span class='ocrx_word' id='word_1_569' title='bbox 1489 827 1652 856; x_wconf 88' lang='lat' dir='ltr'><strong>obstetrices</strong></span> <span class='ocrx_word' id='word_1_570' title='bbox 1672 825 1748 852; x_wconf 80' lang='lat' dir='ltr'><strong>dixe-</strong></span> 
     </span>
    </p>
   </div>
   <div class='ocr_carea' id='block_1_78' title="bbox 955 872 1748 915">
    <p class='ocr_par' dir='ltr' id='par_1_78' title="bbox 955 872 1748 915">
     <span class='ocr_line' id='line_1_78' title="bbox 955 872 1748 915; baseline -0.019 -3"><span class='ocrx_word' id='word_1_571' title='bbox 955 872 1017 912; x_wconf 83' lang='lat' dir='ltr'><strong>runt</strong></span> <span class='ocrx_word' id='word_1_572' title='bbox 1033 888 1095 910; x_wconf 85' lang='lat' dir='ltr'><strong>ante</strong></span> <span class='ocrx_word' id='word_1_573' title='bbox 1127 890 1177 910; x_wconf 89' lang='lat' dir='ltr'><strong>nos</strong></span> <span class='ocrx_word' id='word_1_574' title='bbox 1194 875 1494 915; x_wconf 77' lang='lat' dir='ltr'><strong>quidam.rationabil~is</strong></span> <span class='ocrx_word' id='word_1_575' title='bbox 1509 872 1673 902; x_wconf 87' lang='lat' dir='ltr'><strong>eruditionis</strong></span> <span class='ocrx_word' id='word_1_576' title='bbox 1692 872 1748 898; x_wconf 87' lang='lat' dir='ltr'><strong>fur-</strong></span> 
     </span>
    </p>
   </div>
   <div class='ocr_carea' id='block_1_79' title="bbox 955 918 1748 959">
    <p class='ocr_par' dir='ltr' id='par_1_79' title="bbox 955 918 1748 959">
     <span class='ocr_line' id='line_1_79' title="bbox 955 918 1748 959; baseline -0.019 -1"><span class='ocrx_word' id='word_1_577' title='bbox 955 939 1027 959; x_wconf 85' lang='lat' dir='ltr'><strong>mant</strong></span> <span class='ocrx_word' id='word_1_578' title='bbox 1056 934 1160 956; x_wconf 86' lang='lat' dir='ltr'><strong>tenere.</strong></span> <span class='ocrx_word' id='word_1_579' title='bbox 1193 925 1363 955; x_wconf 87' lang='lat' dir='ltr'><strong>Obstetrices</strong></span> <span class='ocrx_word' id='word_1_580' title='bbox 1388 923 1461 951; x_wconf 90' lang='lat' dir='ltr'><strong>enim</strong></span> <span class='ocrx_word' id='word_1_581' title='bbox 1490 920 1603 948; x_wconf 62' lang='lat' dir='ltr'><strong>medicae</strong></span> <span class='ocrx_word' id='word_1_582' title='bbox 1625 918 1748 953; x_wconf 64' lang='lat' dir='ltr'><strong>quaedam</strong></span> 
     </span>
    </p>
   </div>
   <div class='ocr_carea' id='block_1_80' title="bbox 955 964 1749 1010">
    <p class='ocr_par' dir='ltr' id='par_1_80' title="bbox 955 964 1749 1010">
     <span class='ocr_line' id='line_1_80' title="bbox 955 964 1749 1010; baseline -0.02 -5"><span class='ocrx_word' id='word_1_583' title='bbox 955 981 1018 1005; x_wconf 88' lang='lat' dir='ltr'><strong>sunt</strong></span> <span class='ocrx_word' id='word_1_584' title='bbox 1031 974 1099 1010; x_wconf 85' lang='lat'><strong>(90),</strong></span> <span class='ocrx_word' id='word_1_585' title='bbox 1117 979 1144 1001; x_wconf 92' lang='lat' dir='ltr'><strong>et</strong></span> <span class='ocrx_word' id='word_1_586' title='bbox 1171 977 1226 1000; x_wconf 84' lang='lat' dir='ltr'><strong>tam</strong></span> <span class='ocrx_word' id='word_1_587' title='bbox 1243 970 1381 999; x_wconf 85' lang='lat' dir='ltr'><strong>masculos</strong></span> <span class='ocrx_word' id='word_1_588' title='bbox 1402 971 1548 996; x_wconf 82' lang='lat' dir='ltr'><strong>nascentes</strong></span> <span class='ocrx_word' id='word_1_589' title='bbox 1565 964 1646 1001; x_wconf 65' lang='grc'><strong>134</strong></span> <span class='ocrx_word' id='word_1_590' title='bbox 1668 970 1749 999; x_wconf 86' lang='lat' dir='ltr'><strong>quam</strong></span> 
     </span>
    </p>
   </div>
   <div class='ocr_carea' id='block_1_81' title="bbox 958 1011 1750 1051">
    <p class='ocr_par' dir='ltr' id='par_1_81' title="bbox 958 1011 1750 1051">
     <span class='ocr_line' id='line_1_81' title="bbox 958 1011 1750 1051; baseline -0.019 0"><span class='ocrx_word' id='word_1_591' title='bbox 958 1024 1075 1051; x_wconf 81' lang='lat' dir='ltr'><strong>feminas</strong></span> <span class='ocrx_word' id='word_1_592' title='bbox 1089 1021 1191 1048; x_wconf 84' lang='lat' dir='ltr'><strong>fovent.</strong></span> <span class='ocrx_word' id='word_1_593' title='bbox 1208 1017 1334 1045; x_wconf 81' lang='lat' dir='ltr'><strong>Eruditio</strong></span> <span class='ocrx_word' id='word_1_594' title='bbox 1351 1023 1415 1050; x_wconf 79' lang='lat' dir='ltr'><strong>ergo</strong></span> <span class='ocrx_word' id='word_1_595' title='bbox 1431 1015 1481 1042; x_wconf 87' lang='lat' dir='ltr'><strong>ista</strong></span> <span class='ocrx_word' id='word_1_596' title='bbox 1500 1011 1655 1041; x_wconf 85' lang='lat' dir='ltr'><strong>communis</strong></span> <span class='ocrx_word' id='word_1_597' title='bbox 1671 1011 1750 1037; x_wconf 84' lang='lat' dir='ltr'><strong>ratio-</strong></span> 
     </span>
    </p>
   </div>
   <div class='ocr_carea' id='block_1_82' title="bbox 959 1056 1752 1098">
    <p class='ocr_par' dir='ltr' id='par_1_82' title="bbox 959 1056 1752 1098">
     <span class='ocr_line' id='line_1_82' title="bbox 959 1056 1752 1098; baseline -0.018 -1"><span class='ocrx_word' id='word_1_598' title='bbox 959 1069 1056 1097; x_wconf 87' lang='lat' dir='ltr'><strong>nabilis</strong></span> <span class='ocrx_word' id='word_1_599' title='bbox 1071 1066 1208 1098; x_wconf 67' lang='lat' dir='ltr'><strong>scientiae,</strong></span> <span class='ocrx_word' id='word_1_600' title='bbox 1226 1064 1262 1091; x_wconf 84' lang='lat' dir='ltr'><strong>ad</strong></span> <span class='ocrx_word' id='word_1_601' title='bbox 1281 1069 1390 1090; x_wconf 82' lang='lat' dir='ltr'><strong>onmem</strong></span> <span class='ocrx_word' id='word_1_602' title='bbox 1414 1059 1609 1095; x_wconf 78' lang='lat' dir='ltr'><strong>propemodum</strong></span> <span class='ocrx_word' id='word_1_603' title='bbox 1628 1056 1752 1093; x_wconf 87' lang='lat' dir='ltr'><strong>pervenit</strong></span> 
     </span>
    </p>
   </div>
   <div class='ocr_carea' id='block_1_83' title="bbox 958 1104 1751 1147">
    <p class='ocr_par' dir='ltr' id='par_1_83' title="bbox 958 1104 1751 1147">
     <span class='ocr_line' id='line_1_83' title="bbox 958 1104 1751 1147; baseline -0.018 -4"><span class='ocrx_word' id='word_1_604' title='bbox 958 1122 1080 1147; x_wconf 86' lang='lat' dir='ltr'><strong>sensum,</strong></span> <span class='ocrx_word' id='word_1_605' title='bbox 1097 1120 1192 1140; x_wconf 88' lang='lat' dir='ltr'><strong>omnes</strong></span> <span class='ocrx_word' id='word_1_606' title='bbox 1209 1109 1329 1142; x_wconf 79' lang='lat' dir='ltr'><strong>instruit,</strong></span> <span class='ocrx_word' id='word_1_607' title='bbox 1347 1115 1442 1135; x_wconf 84' lang='lat' dir='ltr'><strong>omnes</strong></span> <span class='ocrx_word' id='word_1_608' title='bbox 1459 1107 1541 1134; x_wconf 84' lang='lat' dir='ltr'><strong>fovet.</strong></span> <span class='ocrx_word' id='word_1_609' title='bbox 1559 1105 1587 1132; x_wconf 90' lang='lat' dir='ltr'><strong>Si</strong></span> <span class='ocrx_word' id='word_1_610' title='bbox 1603 1105 1664 1139; x_wconf 90' lang='lat' dir='ltr'><strong>quis</strong></span> <span class='ocrx_word' id='word_1_611' title='bbox 1680 1104 1705 1131; x_wconf 93' lang='lat' dir='ltr'><strong>in</strong></span> <span class='ocrx_word' id='word_1_612' title='bbox 1719 1111 1751 1130; x_wconf 89' lang='lat' dir='ltr'><strong>ea</strong></span> 
     </span>
    </p>
   </div>
   <div class='ocr_carea' id='block_1_84' title="bbox 959 1153 1753 1190">
    <p class='ocr_par' dir='ltr' id='par_1_84' title="bbox 959 1153 1753 1190">
     <span class='ocr_line' id='line_1_84' title="bbox 959 1153 1753 1190; baseline -0.019 0"><span class='ocrx_word' id='word_1_613' title='bbox 959 1162 1046 1190; x_wconf 83' lang='lat' dir='ltr'><strong>virilis</strong></span> <span class='ocrx_word' id='word_1_614' title='bbox 1062 1159 1145 1188; x_wconf 86' lang='lat' dir='ltr'><strong>animi</strong></span> <span class='ocrx_word' id='word_1_615' title='bbox 1163 1158 1262 1190; x_wconf 86' lang='lat' dir='ltr'><strong>fuerit,</strong></span> <span class='ocrx_word' id='word_1_616' title='bbox 1275 1161 1302 1183; x_wconf 90' lang='lat' dir='ltr'><strong>et</strong></span> <span class='ocrx_word' id='word_1_617' title='bbox 1317 1153 1433 1182; x_wconf 89' lang='lat' dir='ltr'><strong>voluerit</strong></span> <span class='ocrx_word' id='word_1_618' title='bbox 1447 1153 1569 1180; x_wconf 72' lang='lat' dir='ltr'><strong>cwlestia</strong></span> <span class='ocrx_word' id='word_1_619' title='bbox 1587 1157 1710 1185; x_wconf 71' lang='lat' dir='ltr'><strong>quaerere</strong></span> <span class='ocrx_word' id='word_1_620' title='bbox 1725 1153 1753 1176; x_wconf 81' lang='lat' dir='ltr'><strong>et</strong></span> 
     </span>
    </p>
   </div>
   <div class='ocr_carea' id='block_1_85' title="bbox 960 1196 1751 1238">
    <p class='ocr_par' dir='ltr' id='par_1_85' title="bbox 960 1196 1751 1238">
     <span class='ocr_line' id='line_1_85' title="bbox 960 1196 1751 1238; baseline -0.018 -2"><span class='ocrx_word' id='word_1_621' title='bbox 960 1209 1051 1236; x_wconf 88' lang='lat' dir='ltr'><strong>divina</strong></span> <span class='ocrx_word' id='word_1_622' title='bbox 1066 1206 1179 1238; x_wconf 85' lang='lat' dir='ltr'><strong>sectari,</strong></span> <span class='ocrx_word' id='word_1_623' title='bbox 1194 1203 1276 1232; x_wconf 79' lang='lat' dir='ltr'><strong>veluti</strong></span> <span class='ocrx_word' id='word_1_624' title='bbox 1289 1202 1449 1233; x_wconf 83' lang='lat' dir='ltr'><strong>medicatus,</strong></span> <span class='ocrx_word' id='word_1_625' title='bbox 1463 1204 1490 1226; x_wconf 91' lang='lat' dir='ltr'><strong>et</strong></span> <span class='ocrx_word' id='word_1_626' title='bbox 1507 1199 1579 1225; x_wconf 79' lang='lat' dir='ltr'><strong>lotus</strong></span> <span class='ocrx_word' id='word_1_627' title='bbox 1595 1205 1642 1232; x_wconf 89' lang='lat' dir='ltr'><strong>per</strong></span> <span class='ocrx_word' id='word_1_628' title='bbox 1655 1196 1751 1230; x_wconf 85' lang='lat' dir='ltr'><strong>hujus-</strong></span> 
     </span>
    </p>
   </div>
   <div class='ocr_carea' id='block_1_86' title="bbox 962 1242 1754 1286">
    <p class='ocr_par' dir='ltr' id='par_1_86' title="bbox 962 1242 1754 1286">
     <span class='ocr_line' id='line_1_86' title="bbox 962 1242 1754 1286; baseline -0.02 -3"><span class='ocrx_word' id='word_1_629' title='bbox 962 1255 1032 1283; x_wconf 89' lang='lat' dir='ltr'><strong>modi</strong></span> <span class='ocrx_word' id='word_1_630' title='bbox 1060 1253 1239 1282; x_wconf 87' lang='lat' dir='ltr'><strong>eruditionem</strong></span> <span class='ocrx_word' id='word_1_631' title='bbox 1263 1249 1329 1286; x_wconf 81' lang='lat'><strong>(9|),</strong></span> <span class='ocrx_word' id='word_1_632' title='bbox 1356 1248 1390 1275; x_wconf 90' lang='lat' dir='ltr'><strong>ad</strong></span> <span class='ocrx_word' id='word_1_633' title='bbox 1413 1247 1567 1274; x_wconf 88' lang='lat' dir='ltr'><strong>divinormn</strong></span> <span class='ocrx_word' id='word_1_634' title='bbox 1599 1242 1754 1277; x_wconf 71' lang='lat' dir='ltr'><strong>intelligen-</strong></span> 
     </span>
    </p>
   </div>
   <div class='ocr_carea' id='block_1_87' title="bbox 963 1292 1754 1336">
    <p class='ocr_par' dir='ltr' id='par_1_87' title="bbox 963 1292 1754 1336">
     <span class='ocr_line' id='line_1_87' title="bbox 963 1292 1754 1336; baseline -0.019 -5"><span class='ocrx_word' id='word_1_635' title='bbox 963 1303 1027 1331; x_wconf 86' lang='lat' dir='ltr'><strong>tiam</strong></span> <span class='ocrx_word' id='word_1_636' title='bbox 1041 1301 1162 1336; x_wconf 85' lang='lat' dir='ltr'><strong>paratior</strong></span> <span class='ocrx_word' id='word_1_637' title='bbox 1175 1298 1276 1325; x_wconf 82' lang='lat' dir='ltr'><strong>veniet.</strong></span> <span class='ocrx_word' id='word_1_638' title='bbox 1289 1296 1345 1323; x_wconf 88' lang='lat' dir='ltr'><strong>Una</strong></span> <span class='ocrx_word' id='word_1_639' title='bbox 1359 1299 1400 1322; x_wconf 85' lang='lat' dir='ltr'><strong>est</strong></span> <span class='ocrx_word' id='word_1_640' title='bbox 1414 1294 1486 1321; x_wconf 82' lang='lat' dir='ltr'><strong>enim</strong></span> <span class='ocrx_word' id='word_1_641' title='bbox 1501 1292 1574 1319; x_wconf 87' lang='lat' dir='ltr'><strong>velut</strong></span> <span class='ocrx_word' id='word_1_642' title='bbox 1588 1297 1683 1326; x_wconf 89' lang='lat' dir='ltr'><strong>passer</strong></span> <span class='ocrx_word' id='word_1_643' title='bbox 1694 1297 1754 1324; x_wconf 74' lang='lat' dir='ltr'><strong>qua:</strong></span> 
     </span>
    </p>
   </div>
   <div class='ocr_carea' id='block_1_88' title="bbox 964 1335 1754 1377">
    <p class='ocr_par' dir='ltr' id='par_1_88' title="bbox 964 1335 1754 1377">
     <span class='ocr_line' id='line_1_88' title="bbox 964 1335 1754 1377; baseline -0.019 0"><span class='ocrx_word' id='word_1_644' title='bbox 964 1335 1080 1377; x_wconf 81' lang='lat' dir='ltr'><strong>celsiora</strong></span> <span class='ocrx_word' id='word_1_645' title='bbox 1102 1346 1184 1374; x_wconf 82' lang='lat' dir='ltr'><strong>docet</strong></span> <span class='ocrx_word' id='word_1_646' title='bbox 1202 1349 1230 1372; x_wconf 90' lang='lat' dir='ltr'><strong>ct</strong></span> <span class='ocrx_word' id='word_1_647' title='bbox 1247 1340 1453 1370; x_wconf 85' lang='lat' dir='ltr'><strong>ralionabilibus</strong></span> <span class='ocrx_word' id='word_1_648' title='bbox 1468 1339 1600 1366; x_wconf 78' lang='lat' dir='ltr'><strong>doctrina:</strong></span> <span class='ocrx_word' id='word_1_649' title='bbox 1615 1337 1712 1372; x_wconf 86' lang='lat' dir='ltr'><strong>pennis</strong></span> <span class='ocrx_word' id='word_1_650' title='bbox 1728 1335 1754 1362; x_wconf 93' lang='lat' dir='ltr'><strong>iu</strong></span> 
     </span>
    </p>
   </div>
   <div class='ocr_carea' id='block_1_89' title="bbox 965 1384 1757 1427">
    <p class='ocr_par' dir='ltr' id='par_1_89' title="bbox 965 1384 1757 1427">
     <span class='ocr_line' id='line_1_89' title="bbox 965 1384 1757 1427; baseline -0.019 -3"><span class='ocrx_word' id='word_1_651' title='bbox 965 1397 1049 1424; x_wconf 86' lang='lat' dir='ltr'><strong>altum</strong></span> <span class='ocrx_word' id='word_1_652' title='bbox 1065 1394 1158 1422; x_wconf 89' lang='lat' dir='ltr'><strong>volare</strong></span> <span class='ocrx_word' id='word_1_653' title='bbox 1173 1394 1306 1427; x_wconf 73' lang='lat' dir='ltr'><strong>provocat</strong></span> <span class='ocrx_word' id='word_1_654' title='bbox 1320 1389 1435 1416; x_wconf 88' lang='lat' dir='ltr'><strong>animos.</strong></span> <span class='ocrx_word' id='word_1_655' title='bbox 1451 1387 1508 1414; x_wconf 80' lang='lat' dir='ltr'><strong>Alia</strong></span> <span class='ocrx_word' id='word_1_656' title='bbox 1526 1393 1585 1420; x_wconf 72' lang='lat' dir='ltr'><strong>qua:</strong></span> <span class='ocrx_word' id='word_1_657' title='bbox 1600 1384 1699 1412; x_wconf 85' lang='lat' dir='ltr'><strong>rubens</strong></span> <span class='ocrx_word' id='word_1_658' title='bbox 1714 1387 1757 1409; x_wconf 83' lang='lat' dir='ltr'><strong>est</strong></span> 
     </span>
    </p>
   </div>
   <div class='ocr_carea' id='block_1_90' title="bbox 966 1431 1756 1472">
    <p class='ocr_par' dir='ltr' id='par_1_90' title="bbox 966 1431 1756 1472">
     <span class='ocr_line' id='line_1_90' title="bbox 966 1431 1756 1472; baseline -0.019 -1"><span class='ocrx_word' id='word_1_659' title='bbox 966 1443 1008 1470; x_wconf 88' lang='lat' dir='ltr'><strong>vel</strong></span> <span class='ocrx_word' id='word_1_660' title='bbox 1023 1439 1187 1472; x_wconf 84' lang='lat' dir='ltr'><strong>verecunda,</strong></span> <span class='ocrx_word' id='word_1_661' title='bbox 1207 1436 1318 1464; x_wconf 82' lang='lat' dir='ltr'><strong>moralis</strong></span> <span class='ocrx_word' id='word_1_662' title='bbox 1333 1440 1384 1466; x_wconf 88' lang='lat' dir='ltr'><strong>est,</strong></span> <span class='ocrx_word' id='word_1_663' title='bbox 1406 1441 1496 1460; x_wconf 81' lang='lat' dir='ltr'><strong>mores</strong></span> <span class='ocrx_word' id='word_1_664' title='bbox 1514 1431 1662 1467; x_wconf 83' lang='lat' dir='ltr'><strong>componit,</strong></span> <span class='ocrx_word' id='word_1_665' title='bbox 1678 1437 1756 1457; x_wconf 88' lang='lat' dir='ltr'><strong>vere-</strong></span> 
     </span>
    </p>
   </div>
   <div class='ocr_carea' id='block_1_91' title="bbox 968 1477 1756 1520">
    <p class='ocr_par' dir='ltr' id='par_1_91' title="bbox 968 1477 1756 1520">
     <span class='ocr_line' id='line_1_91' title="bbox 968 1477 1756 1520; baseline -0.023 -1"><span class='ocrx_word' id='word_1_666' title='bbox 968 1490 1094 1520; x_wconf 86' lang='lat' dir='ltr'><strong>cundiam</strong></span> <span class='ocrx_word' id='word_1_667' title='bbox 1117 1487 1216 1518; x_wconf 87' lang='lat' dir='ltr'><strong>docet,</strong></span> <span class='ocrx_word' id='word_1_668' title='bbox 1230 1482 1346 1510; x_wconf 79' lang='lat' dir='ltr'><strong>instituit</strong></span> <span class='ocrx_word' id='word_1_669' title='bbox 1369 1481 1549 1507; x_wconf 78' lang='lat' dir='ltr'><strong>honestatem.</strong></span> <span class='ocrx_word' id='word_1_670' title='bbox 1568 1477 1631 1504; x_wconf 85' lang='lat' dir='ltr'><strong>Mihi</strong></span> <span class='ocrx_word' id='word_1_671' title='bbox 1648 1482 1756 1506; x_wconf 85' lang='lat' dir='ltr'><strong>tamen,</strong></span> 
     </span>
    </p>
   </div>
   <div class='ocr_carea' id='block_1_92' title="bbox 962 1521 1754 1575">
    <p class='ocr_par' dir='ltr' id='par_1_92' title="bbox 962 1521 1754 1575">
     <span class='ocr_line' id='line_1_92' title="bbox 962 1521 1754 1575; baseline -0.025 -8"><span class='ocrx_word' id='word_1_672' title='bbox 962 1538 1091 1575; x_wconf 79' lang='lat' dir='ltr'><strong>quoniam</strong></span> <span class='ocrx_word' id='word_1_673' title='bbox 1116 1533 1184 1561; x_wconf 85' lang='lat' dir='ltr'><strong>dicit</strong></span> <span class='ocrx_word' id='word_1_674' title='bbox 1211 1532 1244 1558; x_wconf 88' lang='lat' dir='ltr'><strong>de</strong></span> <span class='ocrx_word' id='word_1_675' title='bbox 1272 1529 1314 1556; x_wconf 88' lang='lat' dir='ltr'><strong>bis</strong></span> <span class='ocrx_word' id='word_1_676' title='bbox 1343 1528 1507 1562; x_wconf 81' lang='lat' dir='ltr'><strong>Scriptura,</strong></span> <span class='ocrx_word' id='word_1_677' title='bbox 1541 1524 1603 1559; x_wconf 85' lang='lat' dir='ltr'><strong>quia</strong></span> <span class='ocrx_word' id='word_1_678' title='bbox 1625 1521 1754 1550; x_wconf 79' lang='lat' dir='ltr'><strong>timebant</strong></span> 
     </span>
    </p>
   </div>
   <div class='ocr_carea' id='block_1_93' title="bbox 964 1568 1755 1616">
    <p class='ocr_par' dir='ltr' id='par_1_93' title="bbox 964 1568 1755 1616">
     <span class='ocr_line' id='line_1_93' title="bbox 964 1568 1755 1616; baseline -0.023 -4"><span class='ocrx_word' id='word_1_679' title='bbox 964 1568 1048 1614; x_wconf 55' lang='lat' dir='ltr'><strong>licunt</strong></span> <span class='ocrx_word' id='word_1_680' title='bbox 1059 1603 1067 1616; x_wconf 90' lang='lat'><strong>,</strong></span> <span class='ocrx_word' id='word_1_681' title='bbox 1082 1584 1109 1608; x_wconf 87' lang='lat' dir='ltr'><strong>et</strong></span> <span class='ocrx_word' id='word_1_682' title='bbox 1124 1586 1177 1606; x_wconf 86' lang='lat' dir='ltr'><strong>non</strong></span> <span class='ocrx_word' id='word_1_683' title='bbox 1192 1577 1314 1604; x_wconf 80' lang='lat' dir='ltr'><strong>iecerunt</strong></span> <span class='ocrx_word' id='word_1_684' title='bbox 1335 1577 1469 1610; x_wconf 71' lang='lat' dir='ltr'><strong>prteccpta</strong></span> <span class='ocrx_word' id='word_1_685' title='bbox 1487 1571 1559 1606; x_wconf 82' lang='lat' dir='ltr'><strong>regis</strong></span> <span class='ocrx_word' id='word_1_686' title='bbox 1574 1569 1696 1605; x_wconf 72' lang='lat' dir='ltr'><strong>A‘Zgypti,</strong></span> <span class='ocrx_word' id='word_1_687' title='bbox 1713 1568 1755 1594; x_wconf 93' lang='lat' dir='ltr'><strong>vi-</strong></span> 
     </span>
    </p>
   </div>
   <div class='ocr_carea' id='block_1_94' title="bbox 964 1615 1756 1660">
    <p class='ocr_par' dir='ltr' id='par_1_94' title="bbox 964 1615 1756 1660">
     <span class='ocr_line' id='line_1_94' title="bbox 964 1615 1756 1660; baseline -0.024 -1"><span class='ocrx_word' id='word_1_688' title='bbox 964 1615 1064 1660; x_wconf 86' lang='lat' dir='ltr'><strong>dentur</strong></span> <span class='ocrx_word' id='word_1_689' title='bbox 1083 1624 1248 1655; x_wconf 86' lang='lat' dir='ltr'><strong>obstetrices</strong></span> <span class='ocrx_word' id='word_1_690' title='bbox 1266 1623 1325 1650; x_wconf 50' lang='lat' dir='ltr'><strong>ista).</strong></span> <span class='ocrx_word' id='word_1_691' title='bbox 1347 1622 1406 1648; x_wconf 68' lang='lat' dir='ltr'><strong>dua:</strong></span> <span class='ocrx_word' id='word_1_692' title='bbox 1429 1619 1570 1652; x_wconf 80' lang='lat' dir='ltr'><strong>utriusque</strong></span> <span class='ocrx_word' id='word_1_693' title='bbox 1588 1615 1756 1643; x_wconf 85' lang='lat' dir='ltr'><strong>Testamenti</strong></span> 
     </span>
    </p>
   </div>
   <div class='ocr_carea' id='block_1_95' title="bbox 964 1662 1758 1712">
    <p class='ocr_par' dir='ltr' id='par_1_95' title="bbox 964 1662 1758 1712">
     <span class='ocr_line' id='line_1_95' title="bbox 964 1662 1758 1712; baseline -0.024 -8"><span class='ocrx_word' id='word_1_694' title='bbox 964 1678 1077 1712; x_wconf 71' lang='lat' dir='ltr'><strong>figurant</strong></span> <span class='ocrx_word' id='word_1_695' title='bbox 1095 1677 1205 1700; x_wconf 83' lang='lat' dir='ltr'><strong>servare</strong></span> <span class='ocrx_word' id='word_1_696' title='bbox 1220 1689 1227 1701; x_wconf 89' lang='lat'><strong>,</strong></span> <span class='ocrx_word' id='word_1_697' title='bbox 1250 1673 1277 1695; x_wconf 82' lang='lat' dir='ltr'><strong>et</strong></span> <span class='ocrx_word' id='word_1_698' title='bbox 1300 1667 1421 1702; x_wconf 89' lang='lat' dir='ltr'><strong>Scpltora</strong></span> <span class='ocrx_word' id='word_1_699' title='bbox 1438 1672 1498 1701; x_wconf 69' lang='lat' dir='ltr'><strong>qum</strong></span> <span class='ocrx_word' id='word_1_700' title='bbox 1515 1670 1606 1698; x_wconf 77' lang='lat' dir='ltr'><strong>passer</strong></span> <span class='ocrx_word' id='word_1_701' title='bbox 1623 1662 1758 1695; x_wconf 87' lang='lat' dir='ltr'><strong>interpre-</strong></span> 
     </span>
    </p>
   </div>
   <div class='ocr_carea' id='block_1_96' title="bbox 966 1707 1758 1754">
    <p class='ocr_par' dir='ltr' id='par_1_96' title="bbox 966 1707 1758 1754">
     <span class='ocr_line' id='line_1_96' title="bbox 966 1707 1758 1754; baseline -0.018 -7"><span class='ocrx_word' id='word_1_702' title='bbox 966 1707 1051 1754; x_wconf 58' lang='lat' dir='ltr'><strong>uiiur,</strong></span> <span class='ocrx_word' id='word_1_703' title='bbox 1070 1719 1132 1754; x_wconf 70' lang='lat' dir='ltr'><strong>legi,</strong></span> <span class='ocrx_word' id='word_1_704' title='bbox 1149 1725 1207 1751; x_wconf 84' lang='lat' dir='ltr'><strong>qme</strong></span> <span class='ocrx_word' id='word_1_705' title='bbox 1221 1713 1352 1750; x_wconf 86' lang='lat' dir='ltr'><strong>spiritalis</strong></span> <span class='ocrx_word' id='word_1_706' title='bbox 1365 1715 1416 1744; x_wconf 80' lang='lat' dir='ltr'><strong>est,</strong></span> <span class='ocrx_word' id='word_1_707' title='bbox 1432 1718 1512 1746; x_wconf 85' lang='lat' dir='ltr'><strong>posse</strong></span> <span class='ocrx_word' id='word_1_708' title='bbox 1528 1708 1665 1740; x_wconf 85' lang='lat' dir='ltr'><strong>conferri;</strong></span> <span class='ocrx_word' id='word_1_709' title='bbox 1683 1707 1758 1733; x_wconf 78' lang='lat' dir='ltr'><strong>[’lma</strong></span> 
     </span>
    </p>
   </div>
   <div class='ocr_carea' id='block_1_97' title="bbox 965 1754 1759 1802">
    <p class='ocr_par' dir='ltr' id='par_1_97' title="bbox 965 1754 1759 1802">
     <span class='ocr_line' id='line_1_97' title="bbox 965 1754 1759 1802; baseline -0.021 -5"><span class='ocrx_word' id='word_1_710' title='bbox 965 1776 1030 1797; x_wconf 89' lang='lat' dir='ltr'><strong>vero</strong></span> <span class='ocrx_word' id='word_1_711' title='bbox 1047 1775 1106 1802; x_wconf 61' lang='lat' dir='ltr'><strong>qua:</strong></span> <span class='ocrx_word' id='word_1_712' title='bbox 1121 1764 1213 1791; x_wconf 77' lang='lat' dir='ltr'><strong>rubens</strong></span> <span class='ocrx_word' id='word_1_713' title='bbox 1228 1782 1235 1795; x_wconf 89' lang='lat'><strong>,</strong></span> <span class='ocrx_word' id='word_1_714' title='bbox 1249 1761 1289 1788; x_wconf 77' lang='lat' dir='ltr'><strong>vel</strong></span> <span class='ocrx_word' id='word_1_715' title='bbox 1302 1759 1446 1787; x_wconf 77' lang='lat' dir='ltr'><strong>uerecunda</strong></span> <span class='ocrx_word' id='word_1_716' title='bbox 1461 1761 1501 1786; x_wconf 81' lang='lat' dir='ltr'><strong>est</strong></span> <span class='ocrx_word' id='word_1_717' title='bbox 1514 1778 1522 1791; x_wconf 85' lang='grc'><strong>,</strong></span> <span class='ocrx_word' id='word_1_718' title='bbox 1537 1756 1658 1783; x_wconf 85' lang='lat' dir='ltr'><strong>indicare</strong></span> <span class='ocrx_word' id='word_1_719' title='bbox 1670 1754 1759 1782; x_wconf 74' lang='lat' dir='ltr'><strong>Evan-</strong></span> 
     </span>
    </p>
   </div>
   <div class='ocr_carea' id='block_1_98' title="bbox 967 1801 1757 1852">
    <p class='ocr_par' dir='ltr' id='par_1_98' title="bbox 967 1801 1757 1852">
     <span class='ocr_line' id='line_1_98' title="bbox 967 1801 1757 1852; baseline -0.023 -9"><span class='ocrx_word' id='word_1_720' title='bbox 967 1801 1127 1852; x_wconf 23' lang='lat' dir='ltr'><strong>geliapquze</strong></span> <span class='ocrx_word' id='word_1_721' title='bbox 1143 1809 1243 1837; x_wconf 65' lang='lat' dir='ltr'><strong>Christi</strong></span> <span class='ocrx_word' id='word_1_722' title='bbox 1262 1806 1392 1841; x_wconf 78' lang='lat' dir='ltr'><strong>sanguine</strong></span> <span class='ocrx_word' id='word_1_723' title='bbox 1409 1806 1506 1831; x_wconf 89' lang='lat' dir='ltr'><strong>rttbcnt</strong></span> <span class='ocrx_word' id='word_1_724' title='bbox 1517 1823 1524 1836; x_wconf 90' lang='lat'><strong>,</strong></span> <span class='ocrx_word' id='word_1_725' title='bbox 1544 1807 1571 1830; x_wconf 89' lang='lat' dir='ltr'><strong>et</strong></span> <span class='ocrx_word' id='word_1_726' title='bbox 1586 1810 1633 1836; x_wconf 87' lang='lat' dir='ltr'><strong>per</strong></span> <span class='ocrx_word' id='word_1_727' title='bbox 1648 1801 1757 1827; x_wconf 76' lang='lat' dir='ltr'><strong>univer-</strong></span> 
     </span>
    </p>
   </div>
   <div class='ocr_carea' id='block_1_99' title="bbox 967 1845 1758 1889">
    <p class='ocr_par' dir='ltr' id='par_1_99' title="bbox 967 1845 1758 1889">
     <span class='ocr_line' id='line_1_99' title="bbox 967 1845 1758 1889; baseline -0.021 -2"><span class='ocrx_word' id='word_1_728' title='bbox 967 1845 1027 1889; x_wconf 63' lang='lat' dir='ltr'><strong>sum</strong></span> <span class='ocrx_word' id='word_1_729' title='bbox 1043 1845 1184 1888; x_wconf 17' lang='lat' dir='ltr'><strong>itu-nntium</strong></span> <span class='ocrx_word' id='word_1_730' title='bbox 1212 1851 1346 1888; x_wconf 83' lang='lat' dir='ltr'><strong>passionis</strong></span> <span class='ocrx_word' id='word_1_731' title='bbox 1368 1849 1425 1883; x_wconf 80' lang='lat' dir='ltr'><strong>ejus</strong></span> <span class='ocrx_word' id='word_1_732' title='bbox 1453 1848 1566 1876; x_wconf 84' lang='lat' dir='ltr'><strong>rutilant</strong></span> <span class='ocrx_word' id='word_1_733' title='bbox 1588 1853 1697 1873; x_wconf 77' lang='lat' dir='ltr'><strong>cruore.</strong></span> <span class='ocrx_word' id='word_1_734' title='bbox 1718 1845 1758 1870; x_wconf 86' lang='lat' dir='ltr'><strong>Ab</strong></span> 
     </span>
    </p>
   </div>
   <div class='ocr_carea' id='block_1_100' title="bbox 967 1892 1760 1938">
    <p class='ocr_par' dir='ltr' id='par_1_100' title="bbox 967 1892 1760 1938">
     <span class='ocr_line' id='line_1_100' title="bbox 967 1892 1760 1938; baseline -0.021 -4"><span class='ocrx_word' id='word_1_735' title='bbox 967 1907 1009 1935; x_wconf 88' lang='lat' dir='ltr'><strong>bis</strong></span> <span class='ocrx_word' id='word_1_736' title='bbox 1035 1911 1099 1938; x_wconf 68' lang='lat' dir='ltr'><strong>ergo</strong></span> <span class='ocrx_word' id='word_1_737' title='bbox 1115 1903 1211 1930; x_wconf 68' lang='lat' dir='ltr'><strong>anima:</strong></span> <span class='ocrx_word' id='word_1_738' title='bbox 1225 1906 1284 1934; x_wconf 76' lang='lat' dir='ltr'><strong>quae</strong></span> <span class='ocrx_word' id='word_1_739' title='bbox 1309 1901 1457 1924; x_wconf 88' lang='lat' dir='ltr'><strong>nascnutttr</strong></span> <span class='ocrx_word' id='word_1_740' title='bbox 1475 1896 1500 1922; x_wconf 89' lang='lat' dir='ltr'><strong>in</strong></span> <span class='ocrx_word' id='word_1_741' title='bbox 1522 1893 1642 1921; x_wconf 81' lang='lat' dir='ltr'><strong>Ecclesia</strong></span> <span class='ocrx_word' id='word_1_742' title='bbox 1655 1913 1662 1924; x_wconf 91' lang='lat'><strong>,</strong></span> <span class='ocrx_word' id='word_1_743' title='bbox 1687 1892 1760 1918; x_wconf 75' lang='lat' dir='ltr'><strong>velut</strong></span> 
     </span>
    </p>
   </div>
   <div class='ocr_carea' id='block_1_101' title="bbox 966 1938 1759 1981">
    <p class='ocr_par' dir='ltr' id='par_1_101' title="bbox 966 1938 1759 1981">
     <span class='ocr_line' id='line_1_101' title="bbox 966 1938 1759 1981; baseline -0.023 -1"><span class='ocrx_word' id='word_1_744' title='bbox 966 1949 1164 1981; x_wconf 88' lang='lat' dir='ltr'><strong>obstetricibus</strong></span> <span class='ocrx_word' id='word_1_745' title='bbox 1179 1946 1360 1978; x_wconf 85' lang='lat' dir='ltr'><strong>medicantur,</strong></span> <span class='ocrx_word' id='word_1_746' title='bbox 1378 1943 1440 1978; x_wconf 89' lang='lat' dir='ltr'><strong>quia</strong></span> <span class='ocrx_word' id='word_1_747' title='bbox 1455 1949 1486 1968; x_wconf 80' lang='lat' dir='ltr'><strong>ex</strong></span> <span class='ocrx_word' id='word_1_748' title='bbox 1502 1940 1705 1974; x_wconf 83' lang='lat' dir='ltr'><strong>Scripturarum</strong></span> <span class='ocrx_word' id='word_1_749' title='bbox 1721 1938 1759 1966; x_wconf 83' lang='lat' dir='ltr'><strong>lc-</strong></span> 
     </span>
    </p>
   </div>
   <div class='ocr_carea' id='block_1_102' title="bbox 967 1984 1758 2025">
    <p class='ocr_par' dir='ltr' id='par_1_102' title="bbox 967 1984 1758 2025">
     <span class='ocr_line' id='line_1_102' title="bbox 967 1984 1758 2025; baseline -0.019 0"><span class='ocrx_word' id='word_1_750' title='bbox 967 1998 1057 2025; x_wconf 83' lang='lat' dir='ltr'><strong>ctione</strong></span> <span class='ocrx_word' id='word_1_751' title='bbox 1073 1999 1171 2022; x_wconf 90' lang='lat' dir='ltr'><strong>cuncta</strong></span> <span class='ocrx_word' id='word_1_752' title='bbox 1186 1992 1212 2020; x_wconf 89' lang='lat' dir='ltr'><strong>in</strong></span> <span class='ocrx_word' id='word_1_753' title='bbox 1225 1988 1443 2019; x_wconf 78' lang='lat' dir='ltr'><strong>caseruditiunis</strong></span> <span class='ocrx_word' id='word_1_754' title='bbox 1459 1986 1591 2014; x_wconf 82' lang='lat' dir='ltr'><strong>medicina</strong></span> <span class='ocrx_word' id='word_1_755' title='bbox 1606 1984 1758 2012; x_wconf 75' lang='lat' dir='ltr'><strong>confertur.</strong></span> 
     </span>
    </p>
   </div>
   <div class='ocr_carea' id='block_1_103' title="bbox 968 2032 1761 2073">
    <p class='ocr_par' dir='ltr' id='par_1_103' title="bbox 968 2032 1761 2073">
     <span class='ocr_line' id='line_1_103' title="bbox 968 2032 1761 2073; baseline -0.021 0"><span class='ocrx_word' id='word_1_756' title='bbox 968 2045 1067 2073; x_wconf 88' lang='lat' dir='ltr'><strong>Tentat</strong></span> <span class='ocrx_word' id='word_1_757' title='bbox 1081 2047 1172 2069; x_wconf 89' lang='lat' dir='ltr'><strong>tamen</strong></span> <span class='ocrx_word' id='word_1_758' title='bbox 1189 2039 1295 2066; x_wconf 82' lang='lat' dir='ltr'><strong>Pharao</strong></span> <span class='ocrx_word' id='word_1_759' title='bbox 1311 2045 1358 2072; x_wconf 90' lang='lat' dir='ltr'><strong>per</strong></span> <span class='ocrx_word' id='word_1_760' title='bbox 1374 2037 1430 2063; x_wconf 70' lang='lat' dir='ltr'><strong>inec</strong></span> <span class='ocrx_word' id='word_1_761' title='bbox 1449 2042 1545 2062; x_wconf 84' lang='lat' dir='ltr'><strong>nccare</strong></span> <span class='ocrx_word' id='word_1_762' title='bbox 1561 2032 1688 2060; x_wconf 71' lang='lat' dir='ltr'><strong>Ecclesia:</strong></span> <span class='ocrx_word' id='word_1_763' title='bbox 1705 2039 1761 2057; x_wconf 86' lang='lat' dir='ltr'><strong>ma-</strong></span> 
     </span>
    </p>
   </div>
   <div class='ocr_carea' id='block_1_104' title="bbox 969 2077 1761 2124">
    <p class='ocr_par' dir='ltr' id='par_1_104' title="bbox 969 2077 1761 2124">
     <span class='ocr_line' id='line_1_104' title="bbox 969 2077 1761 2124; baseline -0.021 -5"><span class='ocrx_word' id='word_1_764' title='bbox 969 2091 1071 2124; x_wconf 86' lang='lat' dir='ltr'><strong>sculos,</strong></span> <span class='ocrx_word' id='word_1_765' title='bbox 1086 2095 1147 2115; x_wconf 92' lang='lat' dir='ltr'><strong>cum</strong></span> <span class='ocrx_word' id='word_1_766' title='bbox 1164 2085 1293 2114; x_wconf 89' lang='lat' dir='ltr'><strong>studiosis</strong></span> <span class='ocrx_word' id='word_1_767' title='bbox 1313 2083 1465 2118; x_wconf 86' lang='lat' dir='ltr'><strong>quibusque</strong></span> <span class='ocrx_word' id='word_1_768' title='bbox 1482 2082 1506 2108; x_wconf 93' lang='lat' dir='ltr'><strong>in</strong></span> <span class='ocrx_word' id='word_1_769' title='bbox 1523 2079 1674 2114; x_wconf 86' lang='lat' dir='ltr'><strong>Scripturis</strong></span> <span class='ocrx_word' id='word_1_770' title='bbox 1689 2077 1761 2104; x_wconf 42' lang='lat' dir='ltr'><strong>divi.-</strong></span> 
     </span>
    </p>
   </div>
   <div class='ocr_carea' id='block_1_105' title="bbox 969 2124 1759 2166">
    <p class='ocr_par' dir='ltr' id='par_1_105' title="bbox 969 2124 1759 2166">
     <span class='ocr_line' id='line_1_105' title="bbox 969 2124 1759 2166; baseline -0.02 0"><span class='ocrx_word' id='word_1_771' title='bbox 969 2138 1012 2166; x_wconf 85' lang='lat' dir='ltr'><strong>nis</strong></span> <span class='ocrx_word' id='word_1_772' title='bbox 1029 2134 1171 2164; x_wconf 65' lang='lat' dir='ltr'><strong>ba‘reticos</strong></span> <span class='ocrx_word' id='word_1_773' title='bbox 1187 2139 1281 2160; x_wconf 88' lang='lat' dir='ltr'><strong>sensus</strong></span> <span class='ocrx_word' id='word_1_774' title='bbox 1297 2135 1322 2157; x_wconf 91' lang='lat' dir='ltr'><strong>ct</strong></span> <span class='ocrx_word' id='word_1_775' title='bbox 1341 2136 1468 2164; x_wconf 85' lang='lat' dir='ltr'><strong>perversa</strong></span> <span class='ocrx_word' id='word_1_776' title='bbox 1485 2127 1611 2161; x_wconf 82' lang='lat' dir='ltr'><strong>dogmata</strong></span> <span class='ocrx_word' id='word_1_777' title='bbox 1626 2124 1759 2160; x_wconf 74' lang='lat' dir='ltr'><strong>suggerit.</strong></span> 
     </span>
    </p>
   </div>
   <div class='ocr_carea' id='block_1_106' title="bbox 971 2169 1759 2211">
    <p class='ocr_par' dir='ltr' id='par_1_106' title="bbox 971 2169 1759 2211">
     <span class='ocr_line' id='line_1_106' title="bbox 971 2169 1759 2211; baseline -0.018 -1"><span class='ocrx_word' id='word_1_778' title='bbox 971 2184 1024 2211; x_wconf 79' lang='lat' dir='ltr'><strong>Sed</strong></span> <span class='ocrx_word' id='word_1_779' title='bbox 1044 2185 1099 2209; x_wconf 90' lang='lat' dir='ltr'><strong>stat</strong></span> <span class='ocrx_word' id='word_1_780' title='bbox 1115 2177 1254 2206; x_wconf 87' lang='lat' dir='ltr'><strong>immobile</strong></span> <span class='ocrx_word' id='word_1_781' title='bbox 1270 2176 1475 2202; x_wconf 88' lang='lat' dir='ltr'><strong>fundamentum</strong></span> <span class='ocrx_word' id='word_1_782' title='bbox 1491 2172 1548 2200; x_wconf 89' lang='lat' dir='ltr'><strong>Dei.</strong></span> <span class='ocrx_word' id='word_1_783' title='bbox 1565 2171 1675 2199; x_wconf 81' lang='lat' dir='ltr'><strong>Timent</strong></span> <span class='ocrx_word' id='word_1_784' title='bbox 1688 2169 1759 2198; x_wconf 81' lang='lat' dir='ltr'><strong>enini</strong></span> 
     </span>
    </p>
   </div>
   <div class='ocr_carea' id='block_1_107' title="bbox 967 2218 1760 2254">
    <p class='ocr_par' dir='ltr' id='par_1_107' title="bbox 967 2218 1760 2254">
     <span class='ocr_line' id='line_1_107' title="bbox 967 2218 1760 2254; baseline -0.009 -2"><span class='ocrx_word' id='word_1_785' title='bbox 967 2224 1129 2252; x_wconf 75' lang='lat' dir='ltr'><strong>obstetrices</strong></span> <span class='ocrx_word' id='word_1_786' title='bbox 1149 2223 1245 2254; x_wconf 89' lang='lat' dir='ltr'><strong>Deum,</strong></span> <span class='ocrx_word' id='word_1_787' title='bbox 1266 2222 1291 2249; x_wconf 92' lang='lat' dir='ltr'><strong>id</strong></span> <span class='ocrx_word' id='word_1_788' title='bbox 1313 2227 1354 2248; x_wconf 88' lang='lat' dir='ltr'><strong>cst</strong></span> <span class='ocrx_word' id='word_1_789' title='bbox 1369 2220 1494 2247; x_wconf 88' lang='lat' dir='ltr'><strong>timorem</strong></span> <span class='ocrx_word' id='word_1_790' title='bbox 1510 2219 1555 2247; x_wconf 84' lang='lat' dir='ltr'><strong>Dei</strong></span> <span class='ocrx_word' id='word_1_791' title='bbox 1572 2219 1680 2249; x_wconf 84' lang='lat' dir='ltr'><strong>docent,</strong></span> <span class='ocrx_word' id='word_1_792' title='bbox 1699 2218 1760 2253; x_wconf 76' lang='lat' dir='ltr'><strong>quia</strong></span> 
     </span>
    </p>
   </div>
   <div class='ocr_carea' id='block_1_108' title="bbox 971 2266 1762 2305">
    <p class='ocr_par' dir='ltr' id='par_1_108' title="bbox 971 2266 1762 2305">
     <span class='ocr_line' id='line_1_108' title="bbox 971 2266 1762 2305; baseline -0.006 -7"><span class='ocrx_word' id='word_1_793' title='bbox 971 2281 981 2298; x_wconf 74' lang='grc' dir='ltr'><strong>ι</strong></span> <span class='ocrx_word' id='word_1_794' title='bbox 1001 2271 1106 2299; x_wconf 91' lang='lat' dir='ltr'><strong>initium</strong></span> <span class='ocrx_word' id='word_1_795' title='bbox 1123 2269 1263 2305; x_wconf 63' lang='lat' dir='ltr'><strong>sapientiae</strong></span> <span class='ocrx_word' id='word_1_796' title='bbox 1285 2269 1366 2296; x_wconf 87' lang='lat' dir='ltr'><strong>timor</strong></span> <span class='ocrx_word' id='word_1_797' title='bbox 1382 2267 1487 2294; x_wconf 85' lang='lat' dir='ltr'><strong>Domini</strong></span> <span class='ocrx_word' id='word_1_798' title='bbox 1506 2268 1540 2294; x_wconf 70' lang='grc' dir='ltr'><strong>υ.</strong></span> <span class='ocrx_word' id='word_1_799' title='bbox 1559 2277 1567 2292; x_wconf 73' lang='grc' dir='ltr'><strong>ι</strong></span> <span class='ocrx_word' id='word_1_800' title='bbox 1585 2266 1629 2294; x_wconf 86' lang='lat' dir='ltr'><strong>Sic</strong></span> <span class='ocrx_word' id='word_1_801' title='bbox 1643 2266 1762 2301; x_wconf 80' lang='lat' dir='ltr'><strong>denique</strong></span> 
     </span>
    </p>
   </div>
   <div class='ocr_carea' id='block_1_109' title="bbox 968 2311 1763 2352">
    <p class='ocr_par' dir='ltr' id='par_1_109' title="bbox 968 2311 1763 2352">
     <span class='ocr_line' id='line_1_109' title="bbox 968 2311 1763 2352; baseline -0.009 -8"><span class='ocrx_word' id='word_1_802' title='bbox 968 2316 1168 2352; x_wconf 82' lang='lat' dir='ltr'><strong>competentius</strong></span> <span class='ocrx_word' id='word_1_803' title='bbox 1180 2315 1264 2350; x_wconf 87' lang='lat' dir='ltr'><strong>aptari</strong></span> <span class='ocrx_word' id='word_1_804' title='bbox 1279 2318 1344 2348; x_wconf 88' lang='lat' dir='ltr'><strong>puto</strong></span> <span class='ocrx_word' id='word_1_805' title='bbox 1355 2319 1382 2340; x_wconf 89' lang='lat' dir='ltr'><strong>et.</strong></span> <span class='ocrx_word' id='word_1_806' title='bbox 1393 2313 1457 2341; x_wconf 91' lang='lat' dir='ltr'><strong>illud</strong></span> <span class='ocrx_word' id='word_1_807' title='bbox 1473 2313 1545 2347; x_wconf 88' lang='lat' dir='ltr'><strong>qttod</strong></span> <span class='ocrx_word' id='word_1_808' title='bbox 1564 2312 1590 2339; x_wconf 84' lang='lat' dir='ltr'><strong>in</strong></span> <span class='ocrx_word' id='word_1_809' title='bbox 1603 2311 1763 2346; x_wconf 83' lang='lat' dir='ltr'><strong>posteriori-</strong></span> 
     </span>
    </p>
   </div>
   <div class='ocr_carea' id='block_1_110' title="bbox 969 2358 1787 2398">
    <p class='ocr_par' dir='ltr' id='par_1_110' title="bbox 969 2358 1787 2398">
     <span class='ocr_line' id='line_1_110' title="bbox 969 2358 1787 2398; baseline -0.009 -7"><span class='ocrx_word' id='word_1_810' title='bbox 969 2365 1020 2392; x_wconf 80' lang='lat' dir='ltr'><strong>bus</strong></span> <span class='ocrx_word' id='word_1_811' title='bbox 1032 2363 1162 2398; x_wconf 88' lang='lat' dir='ltr'><strong>scriptum</strong></span> <span class='ocrx_word' id='word_1_812' title='bbox 1174 2366 1225 2392; x_wconf 85' lang='lat' dir='ltr'><strong>est,</strong></span> <span class='ocrx_word' id='word_1_813' title='bbox 1239 2360 1284 2388; x_wconf 84' lang='lat' dir='ltr'><strong>tibi</strong></span> <span class='ocrx_word' id='word_1_814' title='bbox 1297 2360 1361 2387; x_wconf 80' lang='lat' dir='ltr'><strong>dicit</strong></span> <span class='ocrx_word' id='word_1_815' title='bbox 1372 2360 1409 2385; x_wconf 68' lang='lat' dir='ltr'><strong>ﬂ&#39;1</strong></span> <span class='ocrx_word' id='word_1_816' title='bbox 1428 2370 1437 2386; x_wconf 76' lang='grc' dir='ltr'><strong>ι</strong></span> <span class='ocrx_word' id='word_1_817' title='bbox 1451 2359 1519 2392; x_wconf 86' lang='lat' dir='ltr'><strong>Quia</strong></span> <span class='ocrx_word' id='word_1_818' title='bbox 1531 2359 1663 2385; x_wconf 81' lang='lat' dir='ltr'><strong>timebant</strong></span> <span class='ocrx_word' id='word_1_819' title='bbox 1674 2358 1764 2385; x_wconf 57' lang='lat' dir='ltr'><strong>obslcv</strong></span> <span class='ocrx_word' id='word_1_820' title='bbox 1784 2387 1787 2393; x_wconf 58' lang='grc'>,</span> 
     </span>
    </p>
   </div>
   <div class='ocr_carea' id='block_1_111' title="bbox 971 2403 1762 2439">
    <p class='ocr_par' dir='ltr' id='par_1_111' title="bbox 971 2403 1762 2439">
     <span class='ocr_line' id='line_1_111' title="bbox 971 2403 1762 2439; baseline -0.008 -3"><span class='ocrx_word' id='word_1_821' title='bbox 971 2410 1051 2437; x_wconf 81' lang='lat' dir='ltr'><strong>triccs</strong></span> <span class='ocrx_word' id='word_1_822' title='bbox 1066 2409 1167 2439; x_wconf 88' lang='lat' dir='ltr'><strong>Deum,</strong></span> <span class='ocrx_word' id='word_1_823' title='bbox 1185 2408 1310 2434; x_wconf 83' lang='lat' dir='ltr'><strong>fecerunt</strong></span> <span class='ocrx_word' id='word_1_824' title='bbox 1327 2406 1376 2432; x_wconf 87' lang='lat' dir='ltr'><strong>sibi</strong></span> <span class='ocrx_word' id='word_1_825' title='bbox 1400 2406 1495 2433; x_wconf 87' lang='lat' dir='ltr'><strong>domos</strong></span> <span class='ocrx_word' id='word_1_826' title='bbox 1520 2405 1637 2439; x_wconf 65' lang='grc' dir='ltr'><strong>(ΒΞ-95).</strong></span> <span class='ocrx_word' id='word_1_827' title='bbox 1658 2413 1666 2428; x_wconf 77' lang='grc' dir='ltr'><strong>ι</strong></span> <span class='ocrx_word' id='word_1_828' title='bbox 1685 2403 1762 2435; x_wconf 80' lang='lat' dir='ltr'><strong>Quod</strong></span> 
     </span>
    </p>
   </div>
   <div class='ocr_carea' id='block_1_112' title="bbox 969 2449 1782 2487">
    <p class='ocr_par' dir='ltr' id='par_1_112' title="bbox 969 2449 1782 2487">
     <span class='ocr_line' id='line_1_112' title="bbox 969 2449 1782 2487; baseline -0.009 -5"><span class='ocrx_word' id='word_1_829' title='bbox 969 2456 1071 2483; x_wconf 79' lang='lat' dir='ltr'><strong>dictum</strong></span> <span class='ocrx_word' id='word_1_830' title='bbox 1097 2455 1198 2482; x_wconf 88' lang='lat' dir='ltr'><strong>nullatn</strong></span> <span class='ocrx_word' id='word_1_831' title='bbox 1226 2452 1447 2487; x_wconf 78' lang='lat' dir='ltr'><strong>consequentiam</strong></span> <span class='ocrx_word' id='word_1_832' title='bbox 1475 2450 1623 2478; x_wconf 81' lang='lat' dir='ltr'><strong>scentulum</strong></span> <span class='ocrx_word' id='word_1_833' title='bbox 1645 2449 1782 2484; x_wconf 62' lang='lat' dir='ltr'><strong>litterata</strong></span> 
     </span>
    </p>
   </div>
   <div class='ocr_carea' id='block_1_113' title="bbox 971 2494 1763 2537">
    <p class='ocr_par' dir='ltr' id='par_1_113' title="bbox 971 2494 1763 2537">
     <span class='ocr_line' id='line_1_113' title="bbox 971 2494 1763 2537; baseline -0.011 -8"><span class='ocrx_word' id='word_1_834' title='bbox 971 2502 1069 2529; x_wconf 84' lang='lat' dir='ltr'><strong>habere</strong></span> <span class='ocrx_word' id='word_1_835' title='bbox 1081 2505 1179 2537; x_wconf 83' lang='lat' dir='ltr'><strong>potest.</strong></span> <span class='ocrx_word' id='word_1_836' title='bbox 1197 2499 1262 2536; x_wconf 82' lang='lat' dir='ltr'><strong>Quis</strong></span> <span class='ocrx_word' id='word_1_837' title='bbox 1279 2499 1351 2527; x_wconf 88' lang='lat' dir='ltr'><strong>enim</strong></span> <span class='ocrx_word' id='word_1_838' title='bbox 1367 2498 1434 2526; x_wconf 91' lang='lat' dir='ltr'><strong>ordo</strong></span> <span class='ocrx_word' id='word_1_839' title='bbox 1449 2502 1500 2530; x_wconf 78' lang='lat' dir='ltr'><strong>est,</strong></span> <span class='ocrx_word' id='word_1_840' title='bbox 1518 2501 1544 2524; x_wconf 92' lang='lat' dir='ltr'><strong>ut</strong></span> <span class='ocrx_word' id='word_1_841' title='bbox 1560 2495 1632 2522; x_wconf 85' lang='lat' dir='ltr'><strong>dicat</strong></span> <span class='ocrx_word' id='word_1_842' title='bbox 1646 2504 1651 2521; x_wconf 88' lang='lat'>:</span> <span class='ocrx_word' id='word_1_843' title='bbox 1669 2505 1677 2520; x_wconf 86' lang='grc' dir='ltr'><strong>ι</strong></span> <span class='ocrx_word' id='word_1_844' title='bbox 1695 2494 1763 2527; x_wconf 86' lang='lat' dir='ltr'><strong>Quia</strong></span> 
     </span>
    </p>
   </div>
   <div class='ocr_carea' id='block_1_114' title="bbox 628 2569 1111 2604">
    <p class='ocr_par' dir='ltr' id='par_1_114' title="bbox 628 2569 1111 2604">
     <span class='ocr_line' id='line_1_114' title="bbox 628 2569 1111 2604; baseline -0.002 -7"><span class='ocrx_word' id='word_1_845' title='bbox 628 2571 650 2586; x_wconf 80' lang='lat'><strong>&quot;</strong></span> <span class='ocrx_word' id='word_1_846' title='bbox 665 2570 736 2598; x_wconf 79' lang='lat' dir='ltr'><strong>Psal.</strong></span> <span class='ocrx_word' id='word_1_847' title='bbox 757 2579 800 2604; x_wconf 81' lang='lat' dir='ltr'><strong>cx,</strong></span> <span class='ocrx_word' id='word_1_848' title='bbox 820 2571 860 2598; x_wconf 89' lang='lat' dir='ltr'><strong>l0.</strong></span> <span class='ocrx_word' id='word_1_849' title='bbox 896 2571 919 2589; x_wconf 78' lang='grc'><strong>⁸³</strong></span> <span class='ocrx_word' id='word_1_850' title='bbox 932 2570 1013 2599; x_wconf 82' lang='lat' dir='ltr'><strong>Exod.</strong></span> <span class='ocrx_word' id='word_1_851' title='bbox 1032 2578 1050 2602; x_wconf 85' lang='grc' dir='ltr'>ι,</span> <span class='ocrx_word' id='word_1_852' title='bbox 1065 2569 1111 2597; x_wconf 70' lang='grc'><strong>21.</strong></span> 
     </span>
    </p>
   </div>
   <div class='ocr_carea' id='block_1_115' title="bbox 970 2630 1764 2666">
    <p class='ocr_par' dir='ltr' id='par_1_115' title="bbox 970 2630 1764 2666">
     <span class='ocr_line' id='line_1_115' title="bbox 970 2630 1764 2666; baseline -0.011 0"><span class='ocrx_word' id='word_1_853' title='bbox 970 2639 1041 2666; x_wconf 83' lang='lat' dir='ltr'><strong>cuitu</strong></span> <span class='ocrx_word' id='word_1_854' title='bbox 1061 2638 1127 2666; x_wconf 87' lang='lat' dir='ltr'><strong>Inibi</strong></span> <span class='ocrx_word' id='word_1_855' title='bbox 1155 2637 1263 2664; x_wconf 76' lang='lat' dir='ltr'><strong>vitietur</strong></span> <span class='ocrx_word' id='word_1_856' title='bbox 1288 2634 1406 2661; x_wconf 87' lang='lat' dir='ltr'><strong>radicem</strong></span> <span class='ocrx_word' id='word_1_857' title='bbox 1431 2633 1533 2660; x_wconf 86' lang='lat' dir='ltr'><strong>habere</strong></span> <span class='ocrx_word' id='word_1_858' title='bbox 1553 2636 1609 2665; x_wconf 64' lang='grc' dir='ltr'><strong>ττςὲ</strong></span> <span class='ocrx_word' id='word_1_859' title='bbox 1628 2630 1764 2658; x_wconf 73' lang='lat' dir='ltr'><strong>exclama-</strong></span> 
     </span>
    </p>
   </div>
   <div class='ocr_carea' id='block_1_116' title="bbox 970 2681 1016 2702">
    <p class='ocr_par' dir='ltr' id='par_1_116' title="bbox 970 2681 1016 2702">
     <span class='ocr_line' id='line_1_116' title="bbox 970 2681 1016 2702; baseline -0.043 0"><span class='ocrx_word' id='word_1_860' title='bbox 970 2681 1016 2702; x_wconf 80' lang='lat' dir='ltr'><strong>l‘ll.</strong></span> 
     </span>
    </p>
   </div>
   <div class='ocr_carea' id='block_1_117' title="bbox 1007 2704 1690 2745">
    <p class='ocr_par' dir='ltr' id='par_1_117' title="bbox 1007 2704 1690 2745">
     <span class='ocr_line' id='line_1_117' title="bbox 1007 2704 1690 2745; baseline -0.015 -8"><span class='ocrx_word' id='word_1_861' title='bbox 1007 2709 1060 2745; x_wconf 73' lang='lat'><strong>(90)</strong></span> <span class='ocrx_word' id='word_1_862' title='bbox 1078 2708 1122 2745; x_wconf 86' lang='lat' dir='ltr'><strong>Sic</strong></span> <span class='ocrx_word' id='word_1_863' title='bbox 1136 2710 1200 2734; x_wconf 86' lang='lat' dir='ltr'><strong>m&#39;ss.</strong></span> <span class='ocrx_word' id='word_1_864' title='bbox 1216 2706 1298 2745; x_wconf 72' lang='lat' dir='ltr'><strong>Alias,</strong></span> <span class='ocrx_word' id='word_1_865' title='bbox 1316 2715 1325 2730; x_wconf 73' lang='grc' dir='ltr'><strong>ι</strong></span> <span class='ocrx_word' id='word_1_866' title='bbox 1344 2705 1431 2732; x_wconf 87' lang='lat' dir='ltr'><strong>media</strong></span> <span class='ocrx_word' id='word_1_867' title='bbox 1446 2704 1570 2740; x_wconf 75' lang='lat' dir='ltr'><strong>quaedam</strong></span> <span class='ocrx_word' id='word_1_868' title='bbox 1587 2707 1660 2730; x_wconf 90' lang='lat' dir='ltr'><strong>sunt.</strong></span> <span class='ocrx_word' id='word_1_869' title='bbox 1682 2711 1690 2727; x_wconf 80' lang='grc' dir='ltr'><strong>ι</strong></span> 
     </span>
    </p>
   </div>
   <div class='ocr_carea' id='block_1_118' title="bbox 1007 2741 1400 2778">
    <p class='ocr_par' dir='ltr' id='par_1_118' title="bbox 1007 2741 1400 2778">
     <span class='ocr_line' id='line_1_118' title="bbox 1007 2741 1400 2778; baseline -0.018 -6"><span class='ocrx_word' id='word_1_870' title='bbox 1007 2741 1062 2778; x_wconf 66' lang='grc' dir='ltr'><strong>(9η</strong></span> <span class='ocrx_word' id='word_1_871' title='bbox 1078 2744 1150 2770; x_wconf 79' lang='lat' dir='ltr'><strong>Alias</strong></span> <span class='ocrx_word' id='word_1_872' title='bbox 1168 2753 1176 2767; x_wconf 80' lang='grc' dir='ltr'><strong>ι</strong></span> <span class='ocrx_word' id='word_1_873' title='bbox 1194 2741 1370 2778; x_wconf 74' lang='lat' dir='ltr'><strong>eruditioncs.</strong></span> <span class='ocrx_word' id='word_1_874' title='bbox 1392 2751 1400 2764; x_wconf 74' lang='grc' dir='ltr'><strong>ι</strong></span> 
     </span>
    </p>
   </div>
   <div class='ocr_carea' id='block_1_119' title="bbox 1009 2774 1763 2815">
    <p class='ocr_par' dir='ltr' id='par_1_119' title="bbox 1009 2774 1763 2815">
     <span class='ocr_line' id='line_1_119' title="bbox 1009 2774 1763 2815; baseline -0.009 -8"><span class='ocrx_word' id='word_1_875' title='bbox 1009 2774 1114 2815; x_wconf 49' lang='lat' dir='ltr'><strong>(Siti-95)</strong></span> <span class='ocrx_word' id='word_1_876' title='bbox 1133 2778 1256 2815; x_wconf 55' lang='lat' dir='ltr'><strong>Fecerunt</strong></span> <span class='ocrx_word' id='word_1_877' title='bbox 1271 2776 1320 2815; x_wconf 61' lang='lat' dir='ltr'><strong>sibi</strong></span> <span class='ocrx_word' id='word_1_878' title='bbox 1336 2776 1481 2815; x_wconf 38' lang='lat' dir='ltr'><strong>domos.‘I_n</strong></span> <span class='ocrx_word' id='word_1_879' title='bbox 1498 2775 1610 2802; x_wconf 67' lang='lat' dir='ltr'><strong>&quot;l‘ill’iL‘O</strong></span> <span class='ocrx_word' id='word_1_880' title='bbox 1627 2774 1699 2801; x_wconf 78' lang='lat' dir='ltr'><strong>fonte</strong></span> <span class='ocrx_word' id='word_1_881' title='bbox 1715 2774 1763 2800; x_wconf 83' lang='lat' dir='ltr'><strong>ba-</strong></span> 
     </span>
    </p>
   </div>
   <div class='ocr_carea' id='block_1_120' title="bbox 972 2810 1763 2847">
    <p class='ocr_par' dir='ltr' id='par_1_120' title="bbox 972 2810 1763 2847">
     <span class='ocr_line' id='line_1_120' title="bbox 972 2810 1763 2847; baseline -0.01 -4"><span class='ocrx_word' id='word_1_882' title='bbox 972 2810 1060 2847; x_wconf 82' lang='lat' dir='ltr'><strong>bctur,</strong></span> <span class='ocrx_word' id='word_1_883' title='bbox 1078 2826 1086 2840; x_wconf 84' lang='grc' dir='ltr'><strong>ι</strong></span> <span class='ocrx_word' id='word_1_884' title='bbox 1105 2810 1132 2841; x_wconf 75' lang='lat' dir='ltr'><strong>ct</strong></span> <span class='ocrx_word' id='word_1_885' title='bbox 1148 2813 1212 2840; x_wconf 78' lang='lat' dir='ltr'><strong>fecit</strong></span> <span class='ocrx_word' id='word_1_886' title='bbox 1230 2812 1269 2838; x_wconf 76' lang='lat' dir='ltr'><strong>eis</strong></span> <span class='ocrx_word' id='word_1_887' title='bbox 1286 2811 1398 2840; x_wconf 83' lang='lat' dir='ltr'><strong>domos.</strong></span> <span class='ocrx_word' id='word_1_888' title='bbox 1417 2821 1432 2847; x_wconf 22' lang='lat' dir='ltr'><strong>Ir</strong></span> <span class='ocrx_word' id='word_1_889' title='bbox 1443 2811 1467 2837; x_wconf 88' lang='lat' dir='ltr'><strong>id</strong></span> <span class='ocrx_word' id='word_1_890' title='bbox 1487 2815 1529 2837; x_wconf 72' lang='lat' dir='ltr'><strong>est</strong></span> <span class='ocrx_word' id='word_1_891' title='bbox 1546 2810 1702 2844; x_wconf 64' lang='lat' dir='ltr'><strong>propagavit</strong></span> <span class='ocrx_word' id='word_1_892' title='bbox 1717 2817 1763 2835; x_wconf 83' lang='lat' dir='ltr'><strong>ea-</strong></span> 
     </span>
    </p>
   </div>
   <div class='ocr_carea' id='block_1_121' title="bbox 974 2846 1673 2882">
    <p class='ocr_par' dir='ltr' id='par_1_121' title="bbox 974 2846 1673 2882">
     <span class='ocr_line' id='line_1_121' title="bbox 974 2846 1673 2882; baseline -0.011 -3"><span class='ocrx_word' id='word_1_893' title='bbox 974 2861 1032 2879; x_wconf 89' lang='lat' dir='ltr'><strong>rutn</strong></span> <span class='ocrx_word' id='word_1_894' title='bbox 1046 2850 1174 2878; x_wconf 76' lang='lat' dir='ltr'><strong>sobolem.</strong></span> <span class='ocrx_word' id='word_1_895' title='bbox 1192 2864 1227 2867; x_wconf 87' lang='lat'><em>—</em></span> <span class='ocrx_word' id='word_1_896' title='bbox 1247 2847 1306 2874; x_wconf 74' lang='lat' dir='ltr'><strong>Vide</strong></span> <span class='ocrx_word' id='word_1_897' title='bbox 1319 2847 1365 2874; x_wconf 89' lang='lat' dir='ltr'><strong>lib.</strong></span> <span class='ocrx_word' id='word_1_898' title='bbox 1383 2855 1401 2874; x_wconf 89' lang='grc' dir='ltr'><strong>ιι</strong></span> <span class='ocrx_word' id='word_1_899' title='bbox 1417 2846 1500 2882; x_wconf 70' lang='lat' dir='ltr'><strong>0rig.,</strong></span> <span class='ocrx_word' id='word_1_900' title='bbox 1518 2850 1612 2882; x_wconf 58' lang='lat' dir='ltr'><strong>qtaest.</strong></span> <span class='ocrx_word' id='word_1_901' title='bbox 1633 2846 1673 2872; x_wconf 76' lang='grc'><strong>15.</strong></span> 
     </span>
    </p>
   </div>
  </div>
