1902 3063
171 123 223 148 ὃΙὶἸ

910 126 1070 163 ontuExts

1747 127 1799 155 308

173 182 306 209 limi-bant
321 183 484 211 obstetrices
500 184 595 218 Deum,
613 186 734 214 fecerunt
748 187 798 215 sibi
815 188 928 216 domos?
944 198 953 214 ι
973 190 992 217 Α
1008 192 1035 215 et
1059 187 1228 216 orationibus
1255 188 1451 223 superandum.
1481 187 1627 222 Propterea
1653 192 1681 215 et
1705 186 1798 215 oblata

173 228 250 261 quasi
268 234 411 263 propterea
433 231 527 259 domus
554 232 600 258 fiat
615 252 623 263 .
649 233 712 267 quia
739 233 850 261 timetur
874 234 956 263 Deus.

169 271 229 300 .lloc
243 273 264 300 si
283 278 319 300 ita
337 275 485 309 accipiatur
516 282 544 303 ut
563 277 691 311 Scriptum
709 284 770 311 est,
794 288 847 313 non
871 280 957 310 solum

171 318 240 346 nihil
256 322 467 354 consequentiae,
485 323 531 350 sed
548 328 577 350 et
591 323 732 357 inanitatis
747 324 892 359 plurimum
909 327 957 357 ha-

172 363 239 390 bere
263 365 405 392 videbitur.
431 366 479 394 Sin
505 372 594 396 autem
620 370 714 397 videas
728 371 864 408 quomodo
879 371 957 399 Scri-

172 413 259 441 ptura:
272 410 337 437 Novi
356 419 389 438 ac
406 410 510 441 Veteris
525 413 691 450 Testameuti
707 416 831 447 timorem
849 418 896 447 Dei
909 419 953 445 do-

171 459 265 482 centes
278 455 372 484 domos
385 456 513 488 Eccleiiie
527 459 638 494 faciant,
651 466 681 488 ut
694 463 848 497 universum
862 465 956 498 orbem

171 503 252 550 terra
272 502 428 535 orationum
469 503 598 541 domibus
633 507 771 542 repleam.
798 513 861 544 tunc
885 510 955 545 quod

170 550 300 580 scriptum
315 552 368 581 est,
385 550 584 582 rationabiliter
598 553 729 588 scriptum
746 554 892 582 videbitur.
910 556 956 584 Sic

168 597 235 625 ergo
248 592 306 619 istan
320 593 490 628 obs'etriccs,
506 597 568 631 quia
582 598 676 626 timent
692 599 776 632 [leum
789 606 815 628 et
830 601 954 635 timorem

169 636 217 663 Dei
234 638 330 665 tloceut
343 660 350 672 ,
368 648 420 667 non
438 641 542 670 faciunt
559 649 720 678 pra-ceptum
737 647 807 682 regis
823 647 932 684 [Egypti
946 668 954 681 ,

170 683 217 710 sed
232 685 367 717 vivificant
381 688 514 716 masculos
528 698 602 723 suos,
618 699 667 722 nec
681 697 769 719 tatncn
782 694 880 721 dicitur
891 695 955 730 quia

168 730 308 762 paruerint
324 738 457 767 pracepto
474 735 543 769 regis
562 735 680 771 Egypti,
695 742 723 765 ut
737 739 903 767 \‘ivilicarent
916 740 955 768 fe-

168 775 266 802 minas.
297 777 352 812 E30
380 780 549 811 conﬁdenter
574 783 661 809 audeo
690 784 780 814 dicere
803 789 953 816 secundum

169 819 316 854 SCI’lpllll‘tl!
332 829 443 860 sensum
459 823 513 860 (94)
525 826 706 854 :Qbstetrices
722 827 780 855 ista:
796 836 847 855 non
865 829 952 857 viviﬁ-

168 871 230 893 cant
248 866 371 896 feminas.
394 869 485 905 Ni'qne
499 872 571 899 enim
591 873 656 907 vitia
670 874 801 902 docentur
817 875 842 902 in
860 875 952 904 Ecclc-
969 861 990 888 Β

168 912 217 939 siis
234 917 281 940 aut
297 913 403 943 luxuria
418 916 592 955 praedicatur,
608 923 654 945 aut
670 925 779 950 peccata
796 921 953 948 nutriuntur

168 959 232 992 (hoc
244 961 315 988 eiiim
329 961 384 994 vult
395 962 510 996 Pharao.
525 972 585 996 eum
595 964 956 1000 vivificarifeminasjulM),

167 1006 213 1032 sed
229 1006 286 1034 sola
306 1008 391 1045 virtus
408 1010 552 1043 excolitur.
567 1015 594 1039 et
608 1011 664 1046 ipsa
682 1011 737 1038 sola
751 1013 881 1040 nutritur.
899 1010 951 1040 Ve-

168 1058 227 1078 rum
246 1051 302 1081 hate
317 1053 351 1080 ad
368 1062 587 1091 unumquemque
606 1061 726 1088 nostrum
744 1057 902 1085 referamus.
920 1059 953 1087 Et

167 1100 194 1122 tu
211 1095 233 1124 si
251 1097 329 1126 times
343 1098 424 1137 Deum
434 1119 442 1131 ,
457 1107 509 1127 non
525 1100 592 1135 facis
608 1108 772 1136 pratceptnnt
786 1103 856 1137 regis
870 1103 953 1139 Egy-

165 1143 213 1176 pti.
228 1142 273 1170 Ille
285 1144 355 1173 enim
373 1145 419 1172 tibi
436 1147 557 1182 praecipit
585 1152 615 1175 ut
639 1148 665 1175 in
692 1149 796 1181 deliciis
809 1151 886 1177 vivas
899 1170 905 1182 ,
923 1155 952 1176 ut

167 1187 262 1223 diligas
277 1197 395 1225 prgsens
407 1192 547 1225 saeculum,
562 1197 592 1220 ut
603 1194 746 1228 praisentia
761 1195 951 1233 concupiscas.

165 1232 205 1260 'l‘u
220 1235 243 1262 si
270 1236 353 1267 Deum
377 1237 457 1265 times
471 1257 479 1270 .
495 1243 522 1265 et
537 1239 650 1270 exhibes
664 1241 820 1268 obstetricis
835 1242 951 1271 alliciunt

165 1280 263 1308 anima-
278 1286 341 1314 une,
356 1282 378 1320 si
394 1283 417 1310 ci
433 1283 547 1321 sabitem
560 1285 685 1318 couferrc
703 1286 779 1320 cupis
790 1306 798 1318 ,
818 1294 871 1313 non
887 1286 953 1314 facis

166 1326 224 1353 hmc
236 1346 242 1358 .
258 1328 304 1354 sed
320 1328 440 1360 vivificas
460 1330 609 1362 masculum
625 1331 670 1373 qui
687 1331 713 1359 iu
731 1337 756 1358 te
771 1336 822 1365 est,
839 1331 952 1360 interio-

166 1380 223 1399 rem
241 1378 315 1400 tuum
331 1374 466 1412 hominem
483 1376 627 1404 medicaris
641 1381 668 1404 et
689 1376 775 1410 foves,
790 1382 818 1404 et
834 1378 883 1412 ipsi
904 1385 953 1413 per

165 1423 244 1446 actus
267 1424 315 1452 aut
340 1419 493 1458 intellectus
510 1421 596 1458 bonos
619 1422 702 1458 vitam
719 1423 859 1462 conquiris
873 1428 953 1455 atter-

164 1472 237 1492 nam.

201 1510 228 1538 '5.
245 1511 298 1539 Sed
314 1517 373 1546 post
389 1512 446 1550 haec
459 1513 502 1541 ubi
517 1513 583 1541 vidit
597 1514 703 1542 Pharao
718 1515 788 1551 quod
804 1523 853 1551 per
865 1516 952 1544 obste-

167 1554 249 1582 trices
267 1564 319 1588 nou
336 1562 424 1590 posset
438 1565 537 1585 necare
554 1560 687 1587 masculos
705 1559 785 1587 Israel
797 1580 805 1593 ,
827 1569 950 1596 cpi-tece-

166 1598 224 1632 pit,
241 1599 328 1634 inquit
343 1600 376 1633 3‘,
394 1602 467 1628 omni
486 1602 584 1636 populo
595 1604 709 1631 dicens:
725 1604 810 1633 Omne
824 1606 950 1634 masculi-

165 1651 230 1670 ntnn
247 1647 427 1681 quodcunque
453 1653 544 1675 uatum
561 1649 640 1677 fuerit
655 1650 788 1682 llebrmis,
805 1652 830 1678 in
853 1651 949 1679 flumen

166 1690 302 1724 projicilc,
314 1697 340 1719 et
352 1701 431 1721 omne
447 1693 606 1730 femininum
617 1695 874 1725 viviticateJVidete
886 1698 950 1733 quid

165 1736 291 1770 princeps
303 1738 382 1772 hujus
396 1740 486 1767 mundi
503 1740 629 1776 praecipit
649 1741 705 1770 suis
718 1747 746 1770 ut
762 1743 880 1772 infantes
901 1751 951 1772 no-

164 1787 236 1810 stros
254 1785 368 1818 rapiant,
386 1790 413 1812 et
428 1786 454 1812 in
470 1786 568 1814 flumen
583 1788 734 1822 projiciant,
751 1791 845 1824 primae
857 1790 949 1819 statim

165 1830 299 1857 nalit‘itali
318 1837 471 1868 nostrorum
489 1831 648 1871 insidiantes
665 1836 810 1868 continuo,
827 1841 855 1864 ut
867 1837 950 1865 ubera

166 1873 294 1904 Ecclcsm-
309 1878 395 1911 prima
412 1879 589 1913 contigerint,
608 1880 723 1914 irruaul,
737 1881 875 1917 diripiant,
891 1890 952 1916 pcr-

165 1927 332 1955 sequanlur,
357 1924 436 1951 titulis
455 1929 482 1952 et
503 1924 631 1954 fhtctibus
653 1927 731 1961 hujus
743 1928 835 1955 saeculi
855 1918 951 1958 absor-

165 1966 256 1994 bcimt.
275 1968 367 2003 Videte
381 1970 445 2003 quid
461 1971 588 2005 audiatis,
604 1972 738 2007 sapientia
755 1974 801 2001 Dei
815 1981 864 2009 per
874 1975 952 2007 Salo-

164 2021 271 2042 moncm
291 2015 358 2043 dicit
371 2015 412 2042 o'1:
437 2025 446 2042 ι
462 2016 667 2053 Intelligibiliter
690 2019 808 2055 intellige
823 2028 882 2055 qum
902 2028 950 2054 ap-

165 2066 301 2094 ponuntur
313 2062 391 2090 tibi.i
408 2063 475 2091 Vide
485 2065 574 2099 statim
590 2071 619 2099 ut
632 2070 720 2098 natus.
735 2066 789 2098 into
799 2071 828 2103 ut
842 2073 951 2096 renatus

164 2106 249 2134 fueris
261 2126 269 2139 ,
292 2107 356 2142 quid
381 2108 428 2136 tibi
445 2109 579 2138 imminet.
606 2110 663 2139 Hoc
684 2112 749 2140 illud
766 2117 817 2147 est,
834 2113 905 2148 quod
923 2114 950 2141 in

165 2152 310 2187 Evangelio
325 2153 390 2188 legis
403 2155 438 2188 ⁸⁸,
455 2156 517 2190 quia
532 2157 610 2191 {esus
628 2159 720 2186 statim
736 2163 764 2185 ut
778 2159 902 2188 ascendit
917 2160 951 2188 de

1009 233 1060 263 sibi
1075 233 1164 260 omnia
1181 241 1261 273 regna
1273 234 1378 268 mundi,
1394 238 1421 261 et
1432 233 1544 269 glorianti
1562 240 1657 264 eorum
1671 237 1796 261 conteru-

1010 279 1069 312 nit,
1088 284 1161 307 utet
1189 285 1217 309 tu
1240 284 1419 311 contemnens
1449 279 1562 314 gloriam
1589 280 1682 307 mundi
1707 280 1799 314 possis

1008 332 1139 359 superare
1160 330 1319 354 lentautem.
1337 325 1456 362 Egyptii
1472 333 1552 358 vero,
1569 326 1669 360 quibus
1689 325 1798 353 Pharao

1008 371 1084 399 dedit
1098 377 1243 406 praecepta,
1258 372 1375 400 feminas
1390 376 1494 399 tanttun
1515 371 1666 404 vivificaut,
1680 372 1798 399 oderunt

1007 417 1162 450 masculos;
1177 420 1295 446 oderunt
1319 426 1436 454 namque
1456 418 1571 445 virtutes
1582 439 1590 454 ,
1611 418 1675 445 vitia
1690 423 1796 445 tantum

1007 467 1034 491 et
1047 463 1199 499 voluptates
1218 464 1353 494 nutriunt.
1376 465 1409 501 Et
1434 473 1506 493 nunc
1532 465 1616 501 igitur
1631 464 1798 492 imidiautur

1005 508 1138 544 Egyptii,
1150 510 1172 537 si
1186 510 1254 538 forte
1270 510 1390 538 Hebraais
1399 515 1530 544 nascatur
1540 511 1638 547 aliquis
1647 509 1796 542 masculus,

1007 559 1036 582 ut
1052 555 1143 582 statim
1156 561 1353 591 persequantur
1368 561 1396 584 et
1411 557 1586 589 interliciant,
1602 556 1653 584 nisi
1667 561 1796 589 caveant,

999 601 1057 636 'iiisi
1073 602 1241 636 observent,
1265 607 1292 629 et
1307 603 1444 630 occultent
1466 611 1576 638 germen
1601 603 1795 631 masculinum.

1006 647 1128 682 Denique
1144 649 1226 678 refert
1241 648 1381 684 Scriptura
1394 649 1418 665 ⁸⁸
1430 650 1501 684 quod
1515 649 1548 677 de
1561 649 1631 676 tribu
1647 649 1711 679 Levi
1726 657 1797 683 qua).

1005 694 1066 721 dam
1079 695 1331 730 genuitmasculum
1345 695 1412 731 (95).
1435 700 1463 723 et
1489 696 1581 729 videns
1596 696 1796 723 infan‘emesse

1004 740 1167 775 elegantem,
1180 741 1328 770 occultavit
1345 749 1406 769 eum
1420 742 1560 769 mensibus
1579 742 1674 769 tribus.
1692 741 1761 768 Vide
1772 742 1794 768 si

1003 795 1057 814 non
1074 792 1215 822 propterea
1235 788 1314 818 nobis
1329 789 1488 823 praecipitur
1498 807 1506 820 ,
1521 795 1554 815 ne
1569 789 1655 816 bonos
1670 793 1752 815 actus
1767 788 1793 814 in

1004 833 1111 867 publico
1122 840 1260 868 geramus,
1274 842 1307 861 ne
1319 834 1452 869 justitiam
1467 837 1589 860 nostram
1604 842 1696 861 coram
1711 834 1795 860 bonn-

1005 879 1083 906 nibus
1094 878 1237 913 faciamus,
1247 880 1293 907 sed
1304 884 1332 907 ut
1340 880 1432 907 clauso
1443 880 1513 907 ostio
1522 887 1633 907 oremus
1645 879 1688 905 l’a:
1696 887 1753 906 rem
1768 880 1793 906 in

1006 924 1083 959 135
1091 925 1206 958 occulto,
1217 925 1322 960 etquod
1337 925 1402 953 facit
1411 926 1520 952 dextera
1534 929 1637 958 nostra,
1651 925 1676 951 id
1689 927 1795 952 nesciat

1003 971 1122 999 sinistra.
1145 970 1200 999 Nisi
1212 972 1283 999 enim
1305 971 1331 998 in
1358 971 1464 999 occulto
1485 970 1578 1002 fuerit,
1597 971 1744 1004 diripietur
1759 971 1794 998 ab

1002 1015 1149 1052 Egyptiis,
1166 1016 1325 1050 invadetur,
1345 1017 1371 1045 iu
1386 1016 1485 1044 ﬂumen
1499 1016 1659 1051 jactahitur,
1674 1016 1758 1044 undis
1768 1021 1794 1044 ct

1003 1062 1133 1090 ﬂuctibus
1142 1064 1343 1098 submergetur.
1361 1062 1434 1098 Ergo
1450 1063 1472 1090 si
1492 1062 1562 1090 facio
1578 1062 1794 1098 eleemosyuam,

1003 1109 1066 1142 quia
1095 1117 1163 1142 opus
1190 1109 1235 1137 Dei
1265 1116 1317 1143 est,
1343 1108 1495 1137 masculum
1517 1117 1629 1145 genero.
1651 1109 1706 1136 Sed
1719 1109 1742 1136 si
1756 1111 1792 1136 ita

1004 1155 1113 1189 faciam,
1137 1160 1166 1182 ut
1191 1156 1523 1190 bomiuibusinnotescat,
1539 1162 1566 1184 et
1588 1157 1621 1183 ab
1633 1156 1793 1185 hominibus

1004 1202 1112 1230 laudem
1126 1210 1258 1237 quaeram,
1272 1207 1299 1231 et
1315 1210 1368 1231 non
1384 1211 1443 1231 eam
1461 1203 1646 1234 occultavero.
1662 1208 1742 1238 rapta
1751 1208 1794 1233 οει

1003 1249 1037 1278 ab
1048 1248 1182 1284 [Egyptiis
1197 1249 1367 1285 eleemosyua
1380 1257 1452 1282 mea,
1464 1254 1491 1277 et
1509 1249 1534 1276 in
1551 1249 1650 1276 ﬂumen
1666 1249 1793 1279 demersa

1002 1298 1053 1324 est.
1068 1299 1095 1321 ct
1111 1298 1185 1322 lauto
1200 1294 1304 1327 labore,
1321 1299 1451 1330 tantoque
1459 1295 1550 1322 studio
1561 1294 1698 1329 [Egyptiis
1714 1301 1789 1321 mas-

1003 1340 1092 1367 culum
1118 1339 1211 1375 genui.
1237 1339 1428 1375 Propterea,o
1454 1348 1513 1372 vos,
1531 1340 1645 1375 populus
1672 1340 1720 1367 Dei
1746 1339 1792 1374 qui

1002 1384 1059 1417 hac
1073 1385 1182 1417 auditis,
1192 1384 1273 1412 nolite
1284 1389 1388 1420 putare,
1400 1391 1429 1412 ut
1440 1393 1510 1420 sa-pe
1520 1385 1576 1420 jam
1592 1385 1713 1414 diximus
1723 1384 1790 1420 (96),

1002 1435 1125 1458 veterum
1143 1430 1220 1458 vobis
1245 1430 1351 1459 fabulas
1367 1432 1490 1464 recitari,
1507 1432 1553 1459 sed
1569 1432 1660 1459 doceri
1679 1439 1728 1459 vos
1744 1438 1791 1466 per

1003 1476 1073 1508 hinc,
1086 1479 1116 1503 ut
1134 1476 1291 1510 agnoscatis
1302 1476 1427 1505 ordinem
1443 1477 1514 1510 vitia,
1529 1477 1653 1504 instituta
1669 1485 1788 1507 tuorum,

964 1529 987 1560 (ι
1005 1522 1077 1554 ﬁdei,
1092 1521 1254 1557 virtutisque
1271 1522 1435 1550 certamina.

1037 1566 1065 1593 Δ.
1084 1575 1093 1592 ι
1109 1565 1256 1596 νὶιιειιιρδι
1270 1574 1335 1602 ergo
1351 1566 1396 1593 isti
1410 1565 1444 1593 de
1458 1565 1528 1592 tribu
1538 1564 1602 1592 Levi
1614 1574 1623 1591 ι
1636 1565 1789 1600 elegantem

1001 1620 1063 1643 esse
1087 1612 1217 1641 infantem
1235 1633 1244 1646 ,
1262 1613 1422 1640 celaverunt
1447 1620 1507 1640 eutn
1529 1612 1671 1639 mensibus
1692 1611 1788 1638 tribus.

1002 1658 1125 1692 Cumque
1140 1665 1192 1685 non
1215 1661 1325 1692 possent
1342 1657 1458 1691 amplius
1472 1656 1561 1684 celare
1574 1664 1645 1689 eum,
1660 1654 1789 1689 sumpsit,

1003 1705 1092 1739 inquit
1109 1705 1143 1737 ⁸⁸,
1161 1709 1248 1731 mater
1261 1703 1321 1738 ejus
1337 1702 1404 1730 libin
1418 1702 1485 1738 (97),
1498 1708 1524 1729 et
1536 1702 1624 1729 liuivit
1642 1702 1788 1734 bitumine,

1002 1756 1029 1778 et
1047 1750 1137 1784 injecit
1157 1749 1287 1777 infantem
1302 1750 1329 1776 iit
1346 1756 1419 1781 eam,
1443 1754 1470 1776 ct
1485 1749 1576 1783 posuit
1588 1748 1614 1774 in
1630 1748 1732 1783 palude
1745 1754 1788 1774 se—

1001 1805 1050 1825 cus
1066 1797 1176 1829 tinnien,
1202 1801 1230 1823 et
1249 1796 1413 1823 observabat
1437 1803 1515 1824 soror
1537 1795 1595 1830 eius
1607 1795 1640 1821 de
1655 1794 1745 1828 longe.
1762 1797 1790 1820 nt

1003 1843 1110 1870 videret
1121 1842 1186 1877 quid
1200 1842 1337 1869 accideret
1347 1842 1381 1869 ei.
1396 1842 1543 1872 Descendit
1552 1846 1643 1867 autem
1654 1840 1709 1866 tilia
1723 1840 1789 1866 ['ba-

1003 1890 1106 1921 raouis.
1133 1878 1162 1916 ut
1190 1888 1328 1920 lavaretur
1344 1888 1371 1915 iu
1385 1888 1506 1924 (lumine.
1519 1887 1660 1916 etandirit
1680 1886 1790 1920 ploran-

1003 1941 1056 1963 tem
1072 1935 1214 1966 infantem,
1229 1939 1255 1962 ct
1283 1934 1367 1968 misit,
1389 1933 1487 1969 inquit,
1509 1938 1537 1960 et
1555 1933 1789 1966 assumpsitctnn,

1002 1985 1029 2011 ct
1042 1981 1111 2008 dixit
1125 1981 1177 2007 lilia
1191 1980 1351 2013 Pharaonis,
1367 1980 1431 2014 quia
1448 1980 1481 2006 tle
1495 1979 1645 2010 infantibus
1661 1979 1789 2006 Hebraei»

1003 2033 1061 2056 rum
1075 2029 1116 2058 est
1133 2026 1190 2055 bic.
1207 2034 1216 2052 ι
1235 2024 1298 2061 Post
1319 2024 1443 2058 luecjam
1459 2024 1577 2052 refertur
1588 2024 1728 2060 quomodo
1742 2030 1787 2050 so-

1004 2078 1049 2098 ror
1074 2071 1133 2106 ejus
1145 2070 1225 2102 dixit,
1253 2074 1282 2097 ut
1295 2075 1409 2102 matrem
1426 2070 1503 2105 pueri
1517 2074 1637 2102 vocaret,
1651 2076 1714 2104 qua:
1727 2075 1787 2096 eum

1003 2116 1127 2144 nutriret.
1134 2124 1144 2148 ι
1151 2116 1182 2143 Ει
1194 2117 1273 2149 dixit,
1284 2116 1372 2150 inquit
1379 2116 1414 2149 νο,
1423 2116 1456 2143 ad
1470 2115 1542 2142 illam
1554 2116 1608 2142 filia
1620 2114 1785 2142 Pharaonis:

1002 2163 1114 2193 Custodi
1140 2163 1204 2189 Inibi
1228 2162 1299 2189 lntnc
1326 2161 1471 2195 infantem,
1490 2166 1517 2189 ct
1540 2162 1614 2189 nutri
1630 2169 1693 2188 cum
1708 2161 1786 2190 Inibi.

165 2199 324 2232 baptismo,
342 2209 350 2226 ι
366 2202 464 2229 ductus
487 2207 528 2229 est
552 2211 566 2229 a
601 2205 696 2238 spiritu
718 2204 743 2231 in
764 2198 898 2232 desertum
920 2211 950 2233 ut
965 2205 987 2232 ι)
1001 2218 1053 2245 ego
1068 2214 1158 2237 autem
1177 2209 1246 2236 dabo
1265 2208 1312 2235 tibi
1337 2208 1502 2235 mercedem.
1521 2208 1643 2242 Cumque
1657 2207 1787 2235 nntrisset

167 2251 318 2273 tentaretur
328 2254 343 2273 ιι
357 2247 474 2276 diabolo.
487 2258 496 2274 ι
512 2248 567 2276 lloc
577 2257 641 2285 ergo
652 2255 691 2277 est
704 2252 775 2286 quod
787 2257 813 2279 ct
826 2252 876 2280 boc
890 2252 950 2281 loco

164 2292 271 2319 l’barao
285 2294 412 2328 prmcepit
428 2295 525 2332 potiqu
540 2303 600 2328 suo,
616 2295 744 2324 llebraaos
759 2297 877 2325 infantes
893 2303 949 2329 sta.-

164 2339 212 2365 tim
228 2343 256 2365 ut
269 2340 323 2366 nati
338 2339 582 2374 fuerintiuvadant.
592 2342 812 2377 dit‘ipial.t,aqnis
826 2344 949 2371 submer—

163 2391 237 2420 gant.
249 2386 304 2413 lloc
316 2386 489 2414 fortassisest
498 2387 568 2422 quod
580 2395 626 2422 per
638 2387 797 2424 Propheta".
807 2391 948 2423 dicitur":

166 2442 174 2457 ι
189 2433 256 2466 Quia
280 2433 450 2461 intraverunt
463 2442 540 2470 aqua:
562 2443 647 2470 usqtte
662 2436 695 2462 ad
711 2436 829 2464 animam
847 2446 947 2465 meatu.

164 2479 271 2507 Dctixus
286 2488 345 2507 sum
362 2480 387 2507 in
404 2480 469 2508 lnno
491 2482 632 2515 profundi,
646 2487 673 2512 et
690 2490 742 2509 non
759 2489 803 2510 est
819 2484 947 2511 substan-

164 2527 211 2552 tia.
226 2536 234 2551 ι
255 2526 308 2553 Sed
324 2532 468 2561 prOpterea
486 2527 608 2556 Christus
624 2529 761 2562 superavit
776 2535 803 2556 et
819 2529 883 2556 vicit
895 2550 902 2561 ,
920 2535 950 2557 ιιι

164 2572 210 2600 tibi
229 2573 349 2599 vincendi
365 2574 416 2600 iter
430 2573 558 2607 aperiret.
575 2573 718 2608 Propterea
732 2573 858 2609 jejunans
873 2575 947 2608 \‘lcit,

164 2624 193 2646 ut
207 2624 234 2645 et
246 2623 272 2645 tn
285 2619 356 2646 scias
370 2619 522 2654 hujusmodi
537 2627 621 2655 genus
633 2621 825 2657 dtemoniorum
838 2620 949 2655 jejuniis

199 2667 222 2683 "
237 2667 320 2695 l‘lmd.
336 2668 414 2705 ιχὲᾂ.
451 2668 474 2705 Ρδ
488 2668 567 2705 Ριρν⁴
585 2676 662 2702 xxnt,
679 2669 703 2696 Ι.
741 2668 765 2685 ⁸⁸
784 2668 878 2705 Matth.
895 2677 931 2703 ιν,
949 2670 973 2696 ι.

163 2703 180 2730 2
192 2708 216 2730 ct
227 2710 305 2737 seqq.
344 2704 366 2719 '°
382 2704 467 2730 Exod.
482 2712 511 2735 ιι,
529 2703 556 2731 9.

202 2751 258 2783 (9d)
276 2750 358 2782 Alias.
379 2760 387 2776 ι
401 2751 549 2785 Scriptura;
563 2759 667 2780 sensus.
684 2762 692 2778 I

201 2787 257 2819 (“)5)
273 2787 357 2816 Alias,
377 2796 385 2810 ι
400 2787 588 2815 masculinmn.
603 2797 611 2813 ι

203 2823 258 2855 ι96)
278 2820 341 2847 Vide
356 2821 401 2847 lib.
416 2828 434 2847 ιι
461 2821 578 2856 Οιόιιιηι.1
595 2828 688 2858 quaest.
710 2823 749 2849 l3.

1002 2265 1076 2288 eum,
1093 2262 1119 2284 et
1132 2256 1229 2284 fortior
1243 2257 1330 2286 factus
1344 2261 1425 2291 esset,
1442 2257 1551 2285 induxit
1567 2256 1641 2284 illum
1654 2256 1688 2283 ad
1705 2256 1784 2283 tiliam

1003 2303 1165 2334 Pharaonis,
1187 2307 1214 2330 et
1240 2302 1326 2330 factus
1338 2308 1380 2330 est
1394 2304 1419 2330 ei
1433 2304 1459 2330 in
1479 2303 1576 2336 filium,
1590 2307 1616 2330 et
1633 2301 1784 2329 nominavit

1003 2357 1101 2379 nomen
1117 2348 1174 2382 ejus
1190 2348 1311 2383 Moysen,
1340 2349 1432 2381 dicens
1454 2349 1517 2383 quia
1538 2349 1571 2379 de
1585 2356 1654 2383 aqua
1668 2356 1730 2374 eum
1745 2354 1786 2373 as-

1003 2396 1116 2430 sumpsi.
1135 2405 1145 2421 ι
1160 2395 1271 2430 Singula
1287 2395 1344 2422 haec
1361 2394 1505 2422 immensis
1518 2393 1619 2429 repleta
1639 2393 1784 2428 mysteriis.

1004 2448 1108 2477 tempus
1118 2442 1228 2476 exigunt
1241 2441 1354 2479 grande,
1369 2446 1395 2468 et
1410 2441 1491 2468 totius
1505 2440 1556 2467 diei
1580 2440 1699 2474 spatium
1721 2440 1742 2466 si
1757 2441 1781 2465 in

1003 2489 1046 2516 his
1073 2494 1282 2517 consumantus.
1297 2488 1340 2513 vix
1374 2487 1488 2513 fortasse
1513 2485 1641 2513 sufficiet.
1662 2485 1784 2512 Breviter

1004 2539 1095 2571 tamen
1119 2534 1208 2568 aliqua
1229 2534 1307 2561 nobis
1323 2541 1373 2568 pro
1396 2533 1524 2560 Ecclesiae
1539 2532 1718 2561 :editlcatione
1729 2530 1784 2565 pul-

1002 2579 1086 2612 sanda
1098 2583 1171 2614 sunt.
1188 2576 1257 2605 Puto
1285 2578 1367 2605 filiam
1384 2578 1536 2605 Pharaonis
1552 2576 1699 2605 Ecclesiam
1727 2583 1784 2610 qua:

1004 2627 1185 2657 congregatur
1201 2630 1233 2650 ex
1248 2623 1373 2657 gentibus
1390 2623 1474 2650 videri
1489 2630 1579 2658 posse,
1593 2630 1653 2657 qua:
1662 2620 1785 2656 quamvis

1011 2670 1033 2686 ⁸⁷
1048 2670 1119 2699 Psal.
1138 2679 1231 2704 vatu,
1250 2671 1275 2702 l.
1291 2670 1320 2698 2.
1358 2670 1484 2697 ".Etoil.
1510 2678 1539 2702 ιι,
1560 2671 1585 2698 t.
1615 2670 1638 2685 "
1654 2668 1740 2696 Exod.
1752 2674 1782 2699 ll,

1040 2753 1096 2786 (97)
1116 2752 1200 2779 Tibin.
1225 2752 1404 2786 Septuaginta
1435 2752 1603 2786 reliquerunt
1621 2759 1711 2778 voceu.
1733 2749 1781 2775 Ile-

1004 2789 1125 2815 braicam
1145 2791 1218 2817 nam
1235 2796 1295 2822 qua:
1308 2787 1442 2822 significat
1455 2795 1545 2814 arcam
1562 2791 1606 2813 aut
1625 2787 1714 2821 potius
1736 2789 1780 2811 vas

1002 2824 1167 2857 navigationi
1188 2828 1292 2858 aptum.
