1900 3060
111 120 169 148 309

717 117 751 146 ΙΝ
768 117 912 148 EXODUM
933 117 1073 148 ﬂOMlLlA
1089 118 1131 146 Ill‘

1689 118 1749 144 3‘10-

113 179 229 213 impium
242 181 272 205 et
294 177 417 213 iniquum
434 178 537 206 habeat
558 184 674 213 patrem,
692 184 781 208 tatnen
806 181 905 208 dicitur
919 183 943 211 Α
959 181 1111 216 egregium,
1137 185 1222 207 totum
1245 180 1365 214 elegans.
1393 179 1496 207 Totum
1520 178 1592 207 enim
1612 186 1740 213 magnum

111 226 144 252 ad
164 232 226 252 eam
255 232 305 260 per
323 225 489 260 Prophetam
506 226 527 242 ⁹¹
545 235 551 253 :
571 235 581 252 t
597 226 679 258 Audi,
703 227 768 260 ﬁlia,
787 232 814 255 et
829 227 901 258 vide.

110 275 144 299 et-
159 270 263 297 inclina
288 278 384 298 aurem
411 275 505 304 tuam,
531 276 559 299 et
587 272 753 300 obliviscere
775 273 902 308 populum

112 322 199 348 tuum.
210 323 237 345 et
252 319 361 346 domum
377 319 463 353 patris
481 319 529 352 lui,
543 320 605 354 quia
616 321 773 354 concupivit
786 328 833 348 rex
845 326 903 355 spe-

108 363 178 390 ciem
197 367 283 391 tuam.
297 373 307 390 ›
328 363 390 390 Haec
405 371 470 399 ergo
486 370 528 392 est
545 372 608 399 quae
624 365 691 392 exiit
703 366 737 392 de
753 365 834 394 domo
852 373 901 400 pa-

110 407 161 435 tris
177 412 204 434 et
221 409 296 436 venit
307 409 341 437 ad
354 416 439 444 aquas
450 430 459 444 ,
473 415 503 438 ut
519 410 656 439 lavaretur
670 420 684 439 a
697 412 815 446 peccatis
841 420 902 448 qua:

108 457 292 481 contraxerat
318 453 345 482 iu
377 455 458 483 domo
480 457 567 491 patris
587 457 640 486 sui.
662 458 784 493 Denique
803 459 898 486 statim

110 498 219 526 viscera
246 499 442 528 misericordiae
460 501 582 537 suseipit.
601 507 629 530 et
650 503 798 531 miseratur
812 503 900 531 infan-

119 551 174 571 em.
189 544 254 572 Haec
269 552 335 581 ergo
346 545 467 574 Ecclesia
486 554 518 574 ex
535 548 795 583 gentibnsveniens.
809 549 836 576 in
853 556 902 583 pa-

108 588 172 616 lude
191 590 296 617 invenit
317 591 453 626 jacentem
475 591 584 628 Moysen
598 613 605 625 ,
623 593 759 629 abiectum
773 601 788 621 a
804 595 861 622 suis
873 599 900 623 et

107 636 276 671 expositum,
292 637 336 664 dat
352 645 414 664 eum
433 638 543 671 nutrici,
563 644 590 667 et
605 640 727 666 nutritur
738 641 808 675 apud
818 648 897 674 suos,

108 679 145 707 ibi
160 681 217 716 agit
237 682 391 711 infantiam.
415 683 482 711 Cum
506 688 596 711 autetn
618 685 716 713 fortior
736 686 825 714 factus
845 691 898 720 est,

108 729 174 753 tunc
205 726 343 754 inducitur
363 729 397 755 ad
425 735 497 761 eam,
526 733 554 755 et
580 729 726 764 adoptatur
747 730 774 756 iu
800 730 897 759 ﬁlium.

107 771 216 808 Moyses
231 778 323 801 autem
344 775 406 808 quia
424 774 467 801 lex
487 774 651 810 appellatur,
667 774 696 802 in
718 774 813 802 multis
831 775 898 803 locis

103 818 160 853 jam
178 826 252 853 saepe
264 820 409 848 disserlum
427 824 479 847 est.
504 820 622 848 Veniens
641 827 708 855 ergo
726 820 847 848 Ecclesia
864 821 897 848 ad

106 873 195 899 aquas
213 865 343 899 baptismi
371 867 493 902 suscepit
515 867 598 894 etiam
616 867 712 902 legem,
729 875 790 902 qua-
805 872 897 895 tamen

107 908 149 936 lex
170 914 234 936 erat
256 909 327 937 intra
363 911 428 937 libin
463 911 607 944 conclusa,
633 911 694 946 pice
715 915 742 940 et
766 911 898 940 bitumine

105 953 202 981 oblita.
221 954 297 981 Tihis
313 962 398 989 genus
413 959 454 982 cst
479 955 616 990 tegminis,
632 963 665 982 ex
694 956 843 996 virgis.aut
861 964 895 984 ex

104 1007 210 1035 papyro
240 1005 410 1033 contextum,
429 1001 471 1028 vel
498 1001 581 1028 etiam
600 1008 633 1028 ex
647 1000 777 1029 arborum
796 1003 898 1030 cortice

106 1046 267 1077 l'ormalum,
294 1046 365 1073 intra
395 1047 466 1081 quod
499 1046 614 1082 injectus
638 1047 728 1075 infans
754 1049 898 1076 videbatur

103 1091 259 1127 expositus.
274 1091 387 1120 Iacebat
407 1100 471 1128 ergo
501 1093 543 1120 lex
561 1092 689 1120 conclusa
709 1093 781 1120 intra
799 1093 896 1128 hujus-

104 1136 178 1163 ntodi
196 1138 325 1172 tegmina,
351 1143 379 1166 et
396 1139 455 1173 pice
470 1146 502 1166 ac
530 1138 663 1166 bitumine
683 1139 779 1172 oblita,
799 1140 899 1168 vilibus

104 1187 133 1208 et
164 1183 264 1209 terreis
288 1182 444 1210 Judazorum
469 1183 594 1211 sensibus
616 1182 675 1219 (98)
699 1184 827 1212 sordebat
849 1186 898 1213 ob-

104 1233 196 1262 septa,
230 1236 371 1263 usquequo
398 1229 519 1257 Ecclesia
547 1230 653 1257 veniret
673 1237 706 1258 ex
727 1230 855 1266 gentibus
871 1235 899 1258 et

105 1279 263 1302 assumeret
280 1282 338 1302 eam
356 1275 389 1302 tie
406 1275 485 1303 luteis
495 1280 522 1303 et
535 1276 704 1310 palustribus
720 1277 798 1310 locis,
816 1282 898 1312 atque

105 1321 180 1348 intra
195 1321 336 1355 sapientiai
355 1321 434 1349 aulas
461 1327 489 1350 et
507 1323 605 1356 regalia
619 1327 688 1351 !ecta
703 1323 896 1351 conscisceret.

106 1367 171 1395 llaec
187 1373 278 1394 tamen
291 1368 333 1394 lex
349 1368 490 1395 iuiantiam
507 1377 583 1397 suam
594 1371 664 1405 apttd
681 1378 745 1398 suos
759 1370 896 1405 transigit.

105 1414 187 1448 Apud
202 1413 264 1441 illos
275 1413 347 1440 enim
364 1415 408 1449 qui
426 1414 588 1448 spiritaliter
600 1423 660 1442 eam
685 1416 835 1451 intelligere
849 1424 897 1444 ne-

105 1460 219 1494 sciuutL
230 1459 341 1494 parrula
357 1465 437 1488 estet
451 1460 553 1493 infans,
571 1466 598 1489 et
621 1461 777 1489 iacientium
796 1462 899 1490 habens

106 1515 114 1530 ι
125 1505 280 1533 thos.‘Cum
297 1513 361 1532 vero
377 1506 410 1533 ad
427 1506 577 1534 Ecclesiam
596 1508 683 1539 venit,
696 1516 758 1535 cuin
771 1508 897 1535 Ecclesiae
911 1521 932 1550 ο

107 1551 263 1586 ingreditur
276 1552 397 1585 donmm,
415 1551 515 1580 fortior
539 1559 581 1581 cst
601 1559 629 1582 et
651 1554 765 1582 validior
780 1552 912 1591 Moyses?

105 1597 207 1624 Amoto
223 1597 296 1624 enim
314 1597 451 1626 velamine
474 1598 582 1632 litteras,
593 1599 730 1634 perfectus
742 1602 767 1629 in
782 1601 899 1629 lectione

105 1645 167 1678 ejus
192 1645 270 1672 cibus
289 1651 316 1672 et
344 1646 447 1673 solidus
461 1646 609 1674 invenitur.
640 1647 710 1681 Quid
745 1653 833 1676 tamen
857 1653 899 1676 est

105 1691 181 1725 quod
193 1695 220 1718 et
236 1691 389 1720 mercedem
418 1693 647 1720 nutrimentorunt
671 1701 686 1721 a
710 1694 763 1722 ﬁlia
782 1695 899 1730 percipit

105 1736 272 1768 Pharaonis,
292 1738 336 1764 illa
356 1739 426 1772 apud
454 1747 535 1774 quam
557 1739 600 1767 lex
617 1744 645 1768 et
661 1746 722 1768 nata
738 1747 790 1776 est,
807 1747 834 1770 et
849 1751 898 1770 nu-

106 1783 173 1809 trita
183 1782 196 1809 2
210 1782 281 1815 Quid
292 1787 334 1810 est
347 1785 418 1818 quod
430 1784 573 1820 Synagoga
588 1785 688 1820 accipit
705 1787 737 1814 de
757 1787 899 1816 Ecclesia?

106 1829 177 1856 Puto
197 1829 264 1856 illud
292 1830 407 1865 intelligi
429 1838 522 1865 posse,
535 1833 607 1867 quod
620 1832 691 1860 idem
715 1832 820 1869 Moyses
833 1834 898 1861 scri-

105 1876 159 1910 bit,
186 1876 282 1904 dicens
292 1877 337 1904 “z
358 1886 367 1902 ι
384 1876 440 1912 Ego
455 1877 481 1904 in
509 1885 562 1906 non
577 1882 684 1913 gentem
701 1878 728 1906 in
744 1879 897 1908 temulatio-

104 1929 169 1949 nem
193 1929 243 1949 vos
260 1921 400 1954 inducant,
416 1922 443 1948 in
459 1927 568 1957 gentem
585 1923 761 1958 insipientem
780 1925 807 1951 in
828 1926 895 1952 iram

105 1975 154 1994 vos
171 1966 326 1994 concitabo.
352 1967 542 2003 «etSynagoga
554 1975 621 2003 ergo
639 1968 672 1996 de
688 1969 809 1997 Ecclesia
824 1970 896 1999 istud

104 2013 242 2040 mercedis
255 2012 366 2047 accipit,
393 2019 423 2039 ut
442 2013 513 2040 ultra
540 2012 610 2041 idola
624 2021 677 2042 non
696 2015 777 2043 colat.
797 2015 896 2045 Videus

102 2059 178 2086 enitn
189 2066 240 2086 eos
252 2059 299 2094 qui
313 2066 348 2086 ex
371 2059 499 2094 gentibus
515 2065 592 2092 sunt,
612 2060 648 2088 ita
668 2062 702 2088 ad
731 2061 816 2090 Deum
828 2071 896 2091 con-

104 2111 201 2131 versos
217 2111 290 2136 esse,
308 2108 338 2131 ut
354 2105 423 2132 ultra
439 2104 511 2133 idola
538 2105 673 2138 nesciant,
700 2106 783 2134 Deum
798 2114 897 2142 praeter

103 2157 189 2176 unum
212 2149 349 2176 neminem
380 2155 563 2183 venerentur,
587 2150 643 2186 ipsa
661 2151 800 2181 erubescit
824 2153 895 2182 idola

956 230 1007 258 est,
1023 226 1155 261 quidquid
1182 225 1316 259 spiritale,
1332 226 1466 261 quidquid
1492 225 1618 253 sublimis
1640 224 1742 252 intelli-

954 272 1053 306 gentia:
1077 276 1130 299 est.
1146 272 1179 299 Et
1197 279 1307 299 oremus
1326 272 1470 298 Dominum
1487 270 1581 298 Jesum
1599 271 1740 298 Christum

955 320 985 343 ut
999 316 1056 349 ipse
1070 316 1149 343 nobis
1164 316 1262 344 revelet
1279 321 1305 343 et
1332 317 1458 344 ostendat
1476 317 1612 351 quomodo
1626 324 1743 352 magnus

954 366 997 389 est
1012 361 1131 398 Moyses,
1145 367 1172 390 et
1188 363 1323 397 quomodo
1334 362 1457 390 sublimis
1472 367 1525 389 est.
1542 362 1599 397 Ipse
1613 363 1683 390 enim
1700 369 1744 391 re-

953 405 1037 438 velat,
1068 407 1168 441 quibus
1204 406 1272 439 rult,
1292 415 1339 441 per
1368 407 1502 441 Spiritum
1527 412 1664 435 sanctum.
1688 408 1739 441 ipsi

953 452 1040 487 gloria
1065 458 1092 480 et
1121 452 1265 488 Imperium
1290 453 1317 480 in
1335 453 1434 481 saecula
1455 455 1629 481 saeculorum.
1642 454 1741 482 Amen.

1241 505 1380 534 llOMlLlA
1407 505 1451 533 ιιι.

954 549 992 578 De
1013 558 1044 578 eo
1055 551 1126 586 quod
1138 551 1265 584 scriptum
1278 556 1314 577 est
1333 558 1342 577 :
1359 560 1368 576 ι
1393 549 1450 585 Ego
1463 555 1548 578 autem
1565 551 1659 586 gracili
1681 559 1741 578 voca

1162 594 1232 618 sunt,
1248 590 1272 612 et
1288 587 1380 613 turdus
1398 586 1502 620 lingua.
1516 595 1526 612 ι

987 631 1013 660 1.
1027 631 1116 659 Donec
1139 637 1211 659 esset
1227 631 1335 667 Moyses
1354 632 1381 659 in
1398 631 1514 667 Egypto
1542 636 1569 658 et
1585 632 1742 658 erudiretur

951 678 1026 706 omni
1047 678 1180 713 sapientia
1196 677 1399 712 Egyptiorum,
1420 686 1472 705 non
1492 682 1553 704 erat
1566 678 1660 712 gracili
1677 685 1742 705 voce

951 730 1002 751 nec
1027 727 1122 751 tardus
1156 724 1258 759 lingua,
1280 724 1360 759 136
1378 731 1427 751 nec
1441 724 1621 759 proﬁtebatur
1638 724 1694 760 (99)
1711 733 1742 752 so

949 777 1010 798 esse
1036 770 1247 806 ineloquentem.
1272 771 1336 798 Erat
1364 771 1437 797 cuitu
1459 775 1592 805 quantum
1606 771 1641 798 ad
1657 770 1742 807 Aigy-

949 815 1033 850 ptios,
1044 821 1185 844 etsonora
1201 816 1284 848 recis,
1294 822 1320 843 et
1333 816 1494 850 eloanntia:
1509 816 1744 850 incomparabilis.

914 852 935 879 Β
953 860 1002 889 Ubi
1018 867 1110 889 autem
1135 862 1220 897 cmpit
1236 862 1331 889 audire
1359 869 1453 889 vocem
1472 862 1517 889 Dei
1538 867 1565 888 et
1578 861 1686 896 eloquia
1701 863 1742 889 di-

950 907 1014 934 vina
1030 907 1180 943 suscipere,
1204 913 1266 935 tunc
1280 908 1366 935 sensit
1382 908 1486 935 exilem
1499 912 1528 935 et
1549 908 1678 942 gracilem
1692 916 1741 935 vo—

950 961 1009 981 cem
1024 962 1114 986 suam,
1126 955 1286 990 tardamque
1302 958 1330 982 et
1345 954 1504 988 impeditam
1523 962 1585 982 esse
1598 962 1678 981 suam
1700 955 1741 982 in-

951 1000 1046 1035 telligit
1063 1000 1200 1036 lingttam;
1221 1006 1283 1028 tunc
1293 1008 1323 1028 se
1342 1001 1500 1035 pronuntiat
1512 1006 1617 1027 mutqu
1630 1001 1663 1034 ",
1674 1008 1737 1027 cum

950 1046 1034 1081 cmpit
1061 1053 1212 1081 agnoscere
1233 1054 1327 1074 verum
1353 1047 1416 1074 illud
1433 1046 1566 1078 Verbum,
1585 1047 1657 1081 quod
1679 1051 1739 1074 erat

950 1094 975 1120 in
989 1092 1126 1128 principio
1147 1093 1217 1127 apud
1241 1092 1326 1119 Deum
1345 1093 1379 1122 “.
1398 1092 1451 1120 Sed
1472 1101 1526 1127 quo
1545 1093 1652 1120 facilius
1668 1093 1740 1127 quod

950 1138 1067 1166 dicimus
1083 1138 1170 1174 possit
1183 1138 1298 1171 adverti,
1312 1144 1420 1166 utamur
1434 1138 1589 1173 hujusmodi
1608 1139 1738 1166 similitu-

950 1184 1021 1212 dine.
1040 1183 1120 1211 Mutis
1152 1183 1320 1211 animalibus
1347 1184 1472 1219 quantt‘is
1485 1184 1521 1211 sit
1545 1183 1687 1218 imperitus
1711 1189 1739 1212 et

951 1229 1086 1263 indoctus,
1103 1229 1274 1257 rationabilis
1289 1229 1371 1256 homo
1388 1230 1410 1256 si
1427 1234 1613 1264 comparetur,
1631 1230 1737 1257 videbi-

951 1280 995 1304 tur
1018 1277 1149 1312 eloquens
1180 1277 1214 1304 ad
1238 1276 1474 1311 cmnparatiouem
1502 1282 1596 1303 eorum
1617 1283 1678 1310 qut}:
1709 1281 1737 1304 et

951 1322 1067 1350 rationis
1080 1327 1108 1350 et
1120 1322 1196 1350 vocis
1209 1322 1331 1357 expertia
1348 1327 1430 1354 sunt;
1446 1322 1467 1349 si
1486 1329 1552 1349 vero
1573 1322 1689 1349 eruditis
1710 1327 1739 1349 et

951 1361 1142 1404 eloquentibus
1163 1368 1241 1401 viris,
1257 1371 1337 1402 atque
1351 1367 1376 1394 in
1394 1367 1468 1396 omni
1486 1367 1623 1402 sapientia
1639 1368 1738 1402 proba-

951 1414 1064 1442 tissimis
1078 1415 1250 1448 conferatur,
1268 1418 1295 1441 et
1310 1413 1472 1449 ineloquens
1486 1419 1514 1442 et
1529 1419 1619 1442 mutus
1633 1413 1738 1442 videbi-

951 1467 1006 1488 tur.
1031 1461 1067 1488 At
1089 1462 1112 1489 si
1126 1462 1213 1496 ipsum
1229 1461 1291 1496 quis
1312 1461 1513 1495 contempletur
1532 1461 1655 1488 divinum
1672 1459 1739 1487 Ver-

951 1508 1024 1540 bum,
1038 1508 1176 1543 ipsamque
1188 1508 1306 1535 divinam
1322 1507 1451 1542 respiciat
1467 1507 1736 1542 sapicntiam,quan-

952 1554 1028 1581 tzevis
1052 1554 1088 1581 sit
1106 1553 1280 1586 eruditionis.
1302 1558 1563 1589 ctquanta-cunque
1584 1553 1736 1586 sapientiae,

950 1598 1036 1627 multo
1046 1599 1164 1634 amplius
1189 1607 1270 1634 quant
1287 1599 1357 1634 apud
1380 1606 1428 1625 nos
1451 1602 1514 1625 sunt
1531 1597 1659 1632 pecudes.
1680 1598 1737 1631 litat:

950 1645 1020 1681 apud
1036 1645 1119 1672 Deum
1135 1651 1237 1672 ututum
1253 1653 1282 1672 se
1301 1644 1401 1672 animal
1415 1644 1599 1678 prolitebitur.
1614 1644 1671 1671 lloc
1689 1645 1732 1670 ui-

950 1692 1047 1718 mirurn
1059 1697 1117 1718 erat
1133 1691 1250 1726 Moyses.
1262 1691 1337 1724 Quod
1353 1696 1380 1717 ct
1395 1691 1495 1718 beatus
1511 1690 1596 1717 David
1613 1690 1735 1721 intuens,

949 1740 976 1763 et
992 1736 1143 1764 taliordine
1168 1736 1343 1771 semetipsum
1371 1736 1404 1763 ad
1434 1736 1554 1763 divinam
1573 1735 1734 1773 sapientiam

949 1782 1062 1814 librans,
1088 1783 1196 1810 dicebat
1219 1783 1268 1810 9';
1290 1792 1298 1808 ι
1325 1782 1360 1810 Ut
1382 1782 1536 1817 jumentum
1561 1781 1650 1808 factus
1675 1789 1734 1807 sum

949 1830 1018 1865 apttd
1047 1834 1085 1858 te.
1113 1839 1122 1856 ι
1141 1829 1298 1856 Secundum
1323 1830 1375 1857 hoc
1397 1833 1503 1862 ergoet
1535 1828 1735 1863 prephetarmu

948 1876 1083 1904 maximus
1097 1875 1203 1911 Moyses
1216 1875 1242 1903 in
1256 1876 1383 1911 praesenti
1396 1875 1513 1903 lectione
1529 1875 1596 1902 dicit
1607 1875 1640 1901 ad
1661 1882 1735 1905 cum,

947 1922 1017 1958 quod
1027 1922 1122 1957 gracili
1141 1929 1206 1949 voce
1215 1922 1261 1955 sit,
1279 1926 1306 1950 et
1320 1922 1411 1949 tardus
1425 1922 1526 1956 lingua,
1546 1921 1617 1956 quod
1635 1925 1661 1947 ct
1681 1928 1735 1947 non

946 1968 982 1996 sit
1010 1967 1150 2002 eloquens.
1169 1967 1270 1995 Omnes
1295 1969 1369 1995 enim
1395 1968 1518 1995 homines
1543 1967 1576 1994 ad
1594 1973 1736 2002 compara-

948 2013 1048 2041 tionem
1068 2012 1147 2040 Verbi
1167 2013 1264 2046 divini,
1286 2022 1340 2041 non
1364 2014 1450 2041 solum
1472 2013 1673 2049 incloquentes,
1687 2014 1736 2041 sed

945 2064 973 2088 et
987 2059 1053 2087 muti
1065 2061 1174 2095 putandi
1195 2065 1268 2087 sunt.

981 2103 1008 2133 2.
1034 2104 1103 2139 Quia
1125 2105 1207 2141 igitur
1236 2105 1262 2133 in
1289 2105 1315 2133 id
1344 2097 1534 2141 intelligentia}
1560 2105 1675 2141 profecit
1706 2110 1736 2133 ut

948 2156 1106 2186 agnosceret
1120 2152 1335 2187 semetipsum,in
1355 2159 1409 2187 quo
1425 2157 1466 2179 est
1477 2159 1541 2187 pars
1559 2152 1678 2179 maxima
1689 2159 1734 2179 sa-

103 2196 177 2222 ultra
203 2195 260 2230 jam
284 2195 384 2223 colere.
414 2195 488 2223 Istud
511 2204 575 2232 ergo
601 2197 699 2233 recipit
718 2198 845 2228 beneﬁcii
861 2200 894 2228 de
911 2193 1075 2232 Dpientite,
1104 2203 1261 2226 retnunerat
1289 2205 1351 2226 eum
1383 2198 1474 2226 divina
1504 2198 1637 2234 dignatio.
1665 2199 1734 2226 Audi

103 2241 227 2268 Ecclesia
239 2241 393 2276 Syuagnga,
412 2241 485 2275 quod
498 2242 521 2269 ei
541 2242 681 2276 parvulam
703 2244 824 2272 nutrisse
836 2245 893 2272 visa

102 2289 146 2312 est
166 2286 268 2320 legem.
292 2285 346 2314 Sed
372 2290 400 2313 et
412 2293 460 2313 nos
471 2287 553 2314 etiatn
570 2287 592 2315 si
604 2287 777 2317 Pharaonem
796 2290 893 2318 habui-

103 2339 165 2360 mus
180 2337 301 2366 palrem,
315 2332 398 2359 etiam
413 2332 437 2360 si
449 2340 500 2361 nos
513 2333 539 2360 in
555 2334 685 2368 operibus
705 2335 784 2363 malis
801 2338 896 2371 genuit

106 2378 239 2412 princeps
256 2377 337 2412 hujus
361 2379 467 2412 mundi,
494 2386 558 2406 cum
581 2379 706 2408 venimus
733 2383 767 2408 ad
796 2390 896 2417 aquas,

109 2431 291 2454 assunmnus.
307 2424 348 2452 ad,
367 2432 417 2452 nos
435 2425 521 2460 legem
543 2425 602 2457 Dei,
627 2434 678 2454 nec
694 2427 772 2454 nobis
786 2429 895 2456 sordeat

109 2469 208 2497 littera
219 2469 343 2503 ejusvile
362 2474 490 2505 tegumen
516 2475 542 2499 et
555 2470 713 2504 obscurant,
732 2481 792 2507 quae
810 2482 894 2509 parva

105 2516 164 2550 ejus
179 2520 245 2542 sunt
268 2519 296 2541 et
317 2515 456 2543 lactentia.
472 2517 666 2550 concedamus,
689 2526 750 2555 qua:
776 2519 905 2554 perfecta.

103 2567 133 2588 et
147 2561 237 2588 valida
264 2564 337 2594 sunt,
357 2569 522 2594 .sumamus,
542 2567 624 2598 atque
645 2563 702 2590 luce
718 2564 787 2593 intra
806 2567 909 2595 cordis.

104 2607 193 2634 nostri
212 2611 282 2634 lecta
311 2607 412 2642 regalia
431 2608 610 2636 collocemus.
627 2608 765 2637 Grandem
782 2615 809 2637 et
823 2611 892 2638 vali-

103 2653 169 2680 dum
192 2653 345 2680 habeamus
362 2653 483 2688 Moysen,
497 2654 564 2681 nihil
581 2655 615 2682 de
631 2662 664 2683 eo
678 2663 806 2690 parvum,
823 2657 891 2685 nihil

105 2699 208 2727 humile
234 2699 406 2732 sentiamus;
432 2700 477 2727 sed
502 2701 678 2735 magniﬁcum
696 2706 890 2734 totum,totum

139 2747 160 2762 "
176 2745 248 2773 Psal.
265 2753 340 2776 xuv,
359 2745 402 2772 ll.
426 2747 448 2762 "
481 2746 588 2773 Denter.
602 2754 688 2779 xxxtt,
704 2747 749 2774 2|.

105 2788 140 2811 Iv,
155 2781 197 2807 12.
237 2781 260 2796 ’⁷
276 2781 348 2807 l’sal.
363 2781 501 2811 LxxxIJO.
540 2781 563 2797 ³⁸
579 2782 679 2817 Ephes.
697 2790 735 2815 v1,
756 2783 797 2810 ιθ.

141 2830 196 2862 ('98)
215 2827 293 2860 Μέθη
311 2837 319 2853 ι
341 2829 415 2856 tetris
431 2827 583 2858 luti-morum
596 2830 729 2858 sensibus.
745 2840 755 2857 ν

788 2747 811 2765 ⁹³
830 2749 913 2780 Exod.
928 2759 964 2785 tv,
982 2752 1024 2780 l0.
1063 2752 1085 2768 “
1098 2753 1175 2780 Joan.
1193 2760 1212 2785 1,
1229 2752 1254 2780 l.

948 2250 1030 2278 quam
1045 2242 1155 2278 optimis
1180 2243 1384 2279 magniﬁcisque
1405 2245 1572 2272 muneribus.
1589 2253 1599 2271 ι
1615 2244 1680 2280 Ego,
1695 2244 1736 2271 in-

947 2290 1008 2325 quit
1021 2289 1056 2323 “,
1074 2290 1195 2324 aperiam
1205 2297 1236 2317 os
1252 2295 1338 2324 tuttm,
1353 2296 1379 2318 et
1392 2291 1526 2318 iustruam
1542 2295 1568 2318 te
1583 2299 1643 2325 qua:
1653 2299 1736 2326 opor-

950 2339 1004 2363 teat
1019 2339 1045 2362 te
1059 2335 1142 2370 loqui.
1161 2344 1171 2362 ι
1187 2335 1263 2364 Beati
1291 2341 1364 2370 sunt,
1382 2345 1498 2372 quorum
1516 2337 1587 2365 Deus
1603 2344 1634 2364 os
1646 2338 1734 2372 aperit

948 2387 978 2408 ιιι
1006 2381 1161 2417 loquantur.
1187 2381 1332 2418 Prophetis
1362 2384 1432 2411 Deus
1453 2383 1540 2418 aperit
1550 2391 1591 2417 os,
1607 2389 1635 2411 et
1650 2383 1738 2417 replet.

947 2428 1011 2456 illud
1037 2428 1145 2463 eloquio
1160 2435 1224 2462 suo,
1241 2429 1312 2457 sicut
1339 2430 1366 2457 in
1391 2431 1518 2466 pra-senti
1539 2430 1605 2457 dicit
1622 2439 1629 2458 :
1648 2439 1656 2455 ι
1676 2430 1734 2465 Ego

946 2475 1066 2510 aperiam
1083 2483 1113 2504 os
1138 2481 1223 2508 tilum,
1244 2482 1279 2504 et.
1299 2476 1430 2504 instruant
1454 2481 1479 2502 te
1497 2483 1556 2511 quae
1569 2481 1693 2509 oporteat
1708 2481 1734 2504 te

947 2521 1032 2557 loqui.
1050 2531 1060 2548 ι
1080 2522 1133 2550 Sed
1148 2527 1175 2551 et
1187 2530 1234 2557 per
1246 2522 1329 2550 David
1349 2522 1415 2550 dicit
1432 2522 1501 2550 Deus
1514 2522 1536 2537 ³⁷
1551 2531 1557 2548 :
1572 2531 1581 2547 ι
1603 2521 1688 2548 Dilata
1701 2529 1734 2549 os

949 2573 1035 2601 tuum,
1056 2573 1084 2596 et
1111 2569 1222 2603 replebo
1249 2568 1323 2596 illud.
1345 2577 1356 2595 ι
1374 2567 1506 2595 Similiter
1523 2572 1551 2594 et
1574 2566 1674 2594 Paulus
1691 2567 1733 2594 di~

947 2615 985 2642 cit
1007 2615 1030 2631 "
1049 2623 1056 2642 :
1072 2624 1081 2641 ι
1099 2615 1133 2643 Ui
1155 2616 1233 2642 detur
1253 2615 1317 2642 mihi
1333 2622 1422 2642 sermo
1440 2614 1466 2641 in
1481 2614 1658 2649 adapertione
1674 2614 1734 2641 oris

946 2660 1010 2688 mei.
1032 2671 1042 2687 ι
1060 2661 1158 2689 Eorum
1186 2668 1252 2696 ergo
1265 2661 1310 2695 qui
1338 2660 1419 2687 verba
1447 2659 1493 2687 Dei
1515 2660 1673 2695 loquuntur,
1698 2666 1730 2686 os

947 2706 1020 2734 Deus
1033 2707 1130 2741 aperit.
1159 2706 1261 2735 Vereor
1279 2713 1368 2733 autent
1384 2714 1417 2734 ne
1431 2706 1487 2734 sint
1500 2706 1595 2741 aliqui.
1614 2713 1731 2741 quorum

1292 2752 1315 2768 "‘
1331 2751 1402 2780 Psal.
1421 2760 1504 2787 uxu,
1520 2753 1566 2780 25.
1604 2751 1627 2768 ’⁸
1642 2751 1730 2780 Exod.

986 2830 1041 2865 (99)
1057 2830 1141 2865 Alias,
1161 2840 1169 2857 ι
1192 2832 1343 2867 proﬁtetur.
1358 2842 1368 2860 ι
