1900 3060
181 125 230 153 5Ιέ

923 125 1085 154 OHiGENiS

1757 122 1808 150 312

178 185 339 212 econtrario
356 191 387 213 os
404 184 530 213 dlabolus
550 184 666 220 aperiat.
696 185 763 214 Nam
787 187 833 222 qtti
851 186 973 221 loquitur
990 191 1011 218 Α
1026 187 1055 215 Si
1075 187 1184 223 quando
1209 194 1273 223 ergo
1301 193 1372 214 vana
1396 184 1567 218 dicuntttr,si
1586 184 1695 216 quando
1709 183 1808 216 inania,

183 231 369 264 mendacium,
389 237 493 259 certum
517 235 557 258 est
578 231 641 265 quia
668 231 794 260 diabolus
811 233 917 268 aper-uit
942 241 973 261 os

181 276 243 310 ejus
258 280 288 305 ut
316 277 487 304 mendacium
518 277 688 312 loqueretur.
707 278 756 311 Qui
783 278 879 306 falsum
897 280 974 307 testi-

183 322 307 350 monium
335 321 410 353 dicit,
425 322 471 356 qui
493 322 677 350 scurrilitates
696 330 728 350 ac
752 324 934 358 turpitudines
946 329 974 352 et

184 371 284 395 omtera
301 367 455 402 huiusmodi
472 369 506 396 de
538 376 586 396 ore
603 376 652 395 suo
675 369 827 404 proferunt,
847 371 971 399 diaboltts

183 415 290 448 aperuit
301 421 332 441 os
346 422 452 442 eorum.
469 415 572 442 Vcreer
588 422 621 441 ne
641 419 669 441 et
688 422 867 443 susurronum
884 422 908 444 et
925 417 973 444 de-

183 463 332 487 tractorttm
359 467 390 488 os
409 461 534 488 diabolus
560 462 678 496 aperiat,
697 463 744 489 sed
770 468 797 489 et
817 471 910 490 eorum
925 464 970 498 qui

182 505 271 533 otiosa
287 505 369 533 verba
385 506 536 541 proferunt,
553 515 602 542 pro
618 508 716 542 quibus
738 509 872 536 reddenda
889 509 914 536 iu
928 510 971 536 die

178 549 276 583 judicii
298 553 368 580 ratio
389 557 442 580 est.
467 552 527 580 Jatu
546 561 611 581 vero
631 554 676 588 qui
691 554 863 589 iniquitatem
883 556 909 582 itt
924 564 972 583 cx-

181 596 285 624 cclsum
299 597 455 632 loquuntur,
470 599 514 633 qui
533 604 632 634 negant
655 599 797 631 Domittunt
823 607 911 627 meum
927 599 972 628 Je-

182 650 242 670 sutn
268 643 404 675 Christum
432 643 459 671 itt
475 652 558 672 carne
580 645 700 679 venisse,
718 645 758 672 vel
774 646 818 680 qni
838 646 969 680 Spiritum

182 693 307 719 sanctum
333 689 540 724 blasphemaut,
564 691 661 728 quibus
683 699 772 726 neque
796 692 820 719 itt
845 691 972 726 pra-senti

182 742 272 771 neque
295 735 321 763 in
341 736 430 764 futuro
459 737 560 764 saeclo
585 738 759 771 retuittetur,
784 739 845 773 quis
865 738 971 770 dubitet

167 781 255 815 'quod
273 787 305 808 os
317 788 412 809 eorum
430 782 555 810 diabolus
568 783 694 823 aperiat?
711 783 756 813 Vis
772 776 819 815 tibi
832 789 859 811 et
875 785 925 812 hoc
938 786 970 812 de

185 826 338 862 Scripturis
367 828 530 861 ostendam,
547 828 684 863 quomodo
708 829 859 869 huiusmodi
883 829 971 857 homi-

1027 234 1133 269 inepta,
1161 234 1262 268 turpia,
1277 233 1403 268 profana,
1424 233 1543 260 scelesta
1561 230 1748 266 proferuntur,
1763 230 1808 266 qui

1026 281 1100 308 novit
1117 280 1223 308 Domini
1238 279 1432 312 eruditionem,
1446 278 1551 306 ciattdit
1562 284 1652 308 aures,
1665 281 1691 303 et
1709 276 1808 303 avertit

1026 327 1161 359 auditum,
1177 331 1204 353 et
1221 325 1287 353 dicit
1302 325 1324 341 ¹⁶
1340 333 1347 352 :
1366 333 1374 350 ι
1391 325 1447 360 Ego
1458 329 1549 351 autem
1562 323 1633 351 siettt
1647 322 1745 350 Surdus
1757 329 1808 348 non

1024 372 1178 405 attdiebam,
1202 377 1230 399 et
1254 371 1325 399 sicut
1348 375 1456 403 mutus,
1487 369 1533 406 qui
1562 377 1617 396 non
1643 369 1750 403 aperuit
1779 375 1809 395 os

1024 425 1113 445 suum.
1133 427 1142 443 ι
1155 417 1182 444 Si
1195 425 1260 445 vero
1274 417 1306 444 ad
1327 416 1471 444 utilitatem
1488 416 1587 443 animm
1598 415 1738 450 pertinent
1752 421 1810 448 qua:

1024 463 1153 491 dicuntur
1177 463 1200 491 si
1213 463 1247 491 de
1264 463 1318 490 Deo
1330 469 1421 490 sermo
1433 467 1486 495 est,
1503 462 1526 489 si
1544 468 1635 488 mores
1651 461 1742 490 docet,
1757 459 1810 485 vir-

1025 514 1097 537 tutes
1124 509 1231 542 invitat,
1265 509 1328 536 vitia
1355 513 1473 540 resecat,
1494 513 1586 542 patere.
1611 507 1710 533 debent
1733 511 1810 532 aures

1024 555 1211 590 hujuscemodi
1237 555 1368 590 eloquiis;
1396 559 1423 582 et
1447 562 1500 582 non
1536 553 1621 580 solum
1640 559 1741 584 aures,
1764 551 1808 578 sed

1023 604 1051 626 et
1075 607 1133 632 cor,
1157 603 1299 632 et4mens,
1327 604 1354 626 et
1378 603 1432 626 tota
1462 600 1496 625 ad
1521 597 1706 633 hujuscemodi
1735 595 1808 623 audi-

1024 650 1080 672 tum
1098 645 1195 672 animae
1220 645 1304 680 janea
1332 644 1474 680 pandenda
1502 649 1553 671 est.
1583 643 1693 670 Sutntna
1721 647 1808 668 tamen

1025 691 1104 726 137
1120 691 1303 718 moderatione
1317 691 1442 726 praecepti
1461 699 1508 718 usa
1527 695 1569 717 est
1582 689 1622 717 lex
1638 698 1645 716 :
1662 694 1755 716 utnon
1773 687 1810 714 di-

1022 742 1115 764 ceret:
1130 736 1189 764 Non
1208 737 1302 765 audies
1318 737 1440 764 auditum
1457 743 1569 768 vanum,
1588 735 1634 762 scd
1656 742 1708 762 non
1740 733 1808 760 reci-

1023 783 1090 818 pies.
1107 782 1173 810 Nam
1188 790 1256 809 vana
1272 782 1427 817 frequentet
1451 783 1587 810 audimus.
1616 780 1737 808 Marcion
1752 786 1810 814 qua:

1024 829 1153 864 loqttilur,
1184 836 1252 855 vana
1268 833 1340 856 sunt.
1356 828 1517 856 Valentinus
1534 835 1595 863 quae
1616 826 1745 861 loquitur,
1764 832 1810 851 ra-

182 872 275 906 nibus,
289 874 335 908 qui
358 873 502 900 adversum
517 873 656 901 Christum
680 875 839 909 loquuntur,
858 883 888 902 os
910 876 969 902 dia-
987 869 1006 896 Β
1024 883 1057 902 ua
1073 880 1154 905 sunt;
1170 880 1197 906 ct
1212 883 1307 902 omnes
1322 874 1367 909 qui
1386 881 1481 902 contra
1496 879 1646 901 creatorem
1666 872 1751 899 Deum
1770 870 1810 896 io-

182 918 261 946 bolus
287 918 391 954 aperit?
417 918 483 946 Vide
508 919 573 954 quid
604 922 735 955 scriptum
752 926 793 948 est
807 921 829 937 ⁸³
845 921 876 948 dc
887 921 967 954 Jula,

182 965 322 1005 quomodo
340 965 459 993 refertur
487 966 548 1000 quia
570 959 731 993 introivitin
749 966 822 993 illuttt
842 966 967 999 Satanas,

181 1015 209 1037 et
225 1010 288 1049 quia
315 1011 391 1038 misit
411 1012 437 1040 itt
455 1019 504 1043 cor
518 1012 575 1047 ejus
594 1012 730 1048 diabolus,
745 1019 773 1040 ut
786 1013 906 1040 traderet
919 1014 970 1041 Do-

181 1056 298 1087 minum.
319 1056 379 1093 ipse
400 1065 466 1094 ergo
491 1058 599 1092 aperuit
625 1066 656 1086 os
671 1059 746 1094 ejus,
762 1064 790 1085 ttt
813 1059 969 1093 loqueretur

181 1110 243 1130 cum
261 1103 429 1138 principibus
438 1109 466 1132 et
480 1104 636 1136 Pharisaeis,
649 1105 787 1139 qttontodo
800 1113 860 1132 euttt
877 1105 968 1132 trade-

180 1152 233 1182 ret,
244 1153 355 1184 accepta
385 1150 498 1184 pecunia
512 1150 531 1177 ι.
552 1149 626 1177 Unde
643 1149 707 1176 tuihi
725 1150 831 1177 videtur
845 1158 896 1177 non
909 1157 969 1177 esse

178 1200 269 1233 parva:
281 1196 375 1230 gratiae
386 1195 537 1231 intelligere
544 1203 574 1223 os
582 1196 654 1234 quod
663 1196 751 1231 aperit
763 1197 846 1229 Deus,
857 1201 882 1223 et
892 1196 970 1223 intel-

180 1239 265 1275 ligere
280 1248 311 1268 os
330 1242 402 1281 quod
417 1243 504 1282 aperit
524 1242 658 1270 diabolus.
674 1241 731 1269 Non
748 1247 790 1269 est
804 1242 864 1270 sine
879 1243 966 1272 sancti

180 1285 300 1321 Spiritus
315 1287 401 1322 gratia
432 1288 586 1324 hujusmodi
609 1297 639 1317 os
655 1295 682 1322 et
697 1289 779 1320 verba
795 1289 966 1316 discernere.

179 1331 215 1360 Et
230 1332 292 1360 ideo
311 1333 338 1360 in
355 1333 538 1362 divisionibus
551 1335 713 1370 spiritalium
727 1336 876 1370 gratiarum
891 1335 969 1362 addi-

179 1384 225 1410 tur
239 1379 321 1406 etiam
345 1378 412 1412 hoc,
438 1381 510 1416 qttod
538 1382 619 1409 tldllll'
642 1382 804 1417 quibusdam
832 1382 963 1409 discretio

179 1424 325 1466 spirituum
346 1426 367 1452 ’.
394 1425 466 1461 Ergo
487 1427 616 1461 spiritalis
642 1432 682 1454 est
706 1427 792 1462 gratia
818 1435 865 1461 per
886 1434 966 1461 quam

178 1471 291 1508 spiritus
304 1471 477 1506 discernitur,
494 1473 565 1500 sicut
575 1477 601 1500 et
616 1472 678 1500 alibi
692 1473 757 1500 dicit
774 1473 922 1507 Apostolus
938 1473 965 1500 ³τ

181 1525 191 1544 ι
212 1516 330 1545 Probate
347 1517 459 1553 spiritus
474 1518 497 1546 si
517 1526 551 1547 ex
577 1518 633 1546 Deo
649 1524 711 1546 sunt
730 1519 778 1555 (l).
792 1527 801 1543 ι
823 1519 875 1546 Sed
897 1519 966 1546 sicut

178 1563 254 1591 Deus
279 1563 367 1603 aperit
382 1571 413 1592 os
438 1569 608 1598 sanctorum,
631 1566 668 1593 ita
683 1566 830 1606 putoquod
847 1570 872 1592 et
886 1572 966 1593 aures

179 1613 337 1641 sanctorum
359 1610 429 1637 Deus
442 1610 545 1645 aperiat
563 1611 596 1638 ad
616 1611 750 1640 audienda
766 1611 846 1638 verba
863 1611 965 1638 divina.

178 1653 226 1681 Sic
242 1653 313 1682 ettitn
327 1653 394 1681 dicit
404 1652 488 1682 lsaias
503 1655 634 1692 proplteta
646 1655 657 1671 "
672 1666 678 1684 :
693 1665 702 1682 ‹
720 1655 849 1686 Dominus
861 1656 968 1690 aperuit

177 1699 246 1728 mihi
276 1707 382 1733 aurem,
406 1705 435 1729 ut
457 1701 540 1729 sciatn
563 1701 670 1736 quando
684 1705 810 1735 oporteat
831 1701 883 1728 dici
903 1709 966 1728 ver-

177 1746 256 1775 bum.
274 1755 285 1773 »
303 1746 349 1774 Sic
371 1751 398 1775 et
428 1747 521 1775 oculos
547 1747 636 1782 aperit
650 1747 790 1781 Dominus,
812 1747 880 1774 sicut
901 1754 964 1782 ape-

177 1793 234 1825 ruit
246 1793 341 1820 oculos
352 1791 445 1828 Agar:
462 1801 472 1818 ι
493 1792 527 1819 Ει
542 1792 609 1821 vidit
626 1798 738 1832 puteum
750 1800 826 1827 aqua:
840 1793 907 1820 viva:
925 1793 962 1820 '.t

176 1840 230 1872 Sed
245 1845 272 1868 et
282 1840 395 1872 Elismus
420 1840 551 1879 propheta
576 1840 686 1874 dicit‘;
703 1849 713 1866 ‹
731 1840 823 1875 Aperi,
840 1840 964 1872 Domine,

175 1886 268 1915 oculos
283 1887 370 1923 pueri,
385 1891 414 1914 ttt
431 1886 522 1914 videat
553 1887 616 1921 qttia
636 1886 726 1921 plures
745 1887 885 1915 nobiscum
902 1891 965 1913 sunt

175 1940 258 1968 quam
289 1940 350 1961 cum
382 1933 556 1961 adversariis.
576 1933 611 1960 Et
626 1933 743 1968 aperuit,
760 1933 856 1967 iuqttit,
874 1933 965 1960 Domi-

174 1987 227 2007 nus
241 1979 336 2007 oculos
357 1980 447 2015 pueri,
474 1984 501 2008 et
512 1985 575 2007 ecce
593 1984 665 2006 totus
687 1986 766 2006 mons
793 1979 889 2017 plettus
905 1984 965 2006 erat

175 2025 326 2060 equitibus,
341 2030 370 2052 et
383 2025 519 2058 curribus,
536 2025 701 2059 auxiliisque
721 2024 888 2052 coelestibus.
905 2024 963 2052 Cir-

174 2071 286 2099 cumdat
302 2070 374 2098 enim
389 2070 501 2106 angelus
515 2071 621 2099 Domini
634 2071 660 2097 itt
676 2071 794 2098 circuitu
809 2070 963 2099 timentium

173 2124 248 2151 eum,
266 2121 296 2145 ut
320 2117 419 2152 eripiat
441 2124 489 2144 eos
505 2117 527 2144 ⁷.
549 2127 558 2144 ι
579 2116 673 2152 Aperit
693 2124 768 2151 ergo,
787 2122 816 2143 ttt
832 2116 962 2150 diximus,

173 2162 257 2196 Deus,
270 2167 297 2190 et
311 2170 352 2196 os,
369 2168 397 2191 et
427 2171 519 2196 aures,
537 2167 563 2190 ct
581 2163 684 2194 oculos,
698 2167 728 2189 ttt
745 2162 786 2189 vel
804 2163 959 2198 loquantur,

1021 926 1151 956 quur-tur,
1165 928 1234 947 vana
1249 925 1313 948 sunt
1330 929 1391 955 qua:
1403 921 1560 956 loquuntur.
1586 919 1639 946 Sed
1655 923 1746 945 tamen
1761 917 1810 945 fre-

1020 972 1134 1005 quettter
1150 974 1199 993 nos
1219 966 1347 994 audimus
1371 975 1414 1000 ca,
1440 973 1469 994 ut
1486 967 1630 993 adversum
1653 972 1682 992 ea
1699 971 1811 997 respuu-

1022 1012 1085 1040 derc
1099 1012 1236 1047 possimus
1253 1020 1259 1039 :
1286 1020 1319 1039 ne
1333 1011 1402 1040 forte
1415 1012 1566 1046 subripiant
1593 1010 1810 1045 simplicioribus

1020 1058 1171 1093 quibusque
1186 1057 1301 1085 fratrum
1321 1063 1474 1085 nostrorum
1496 1065 1543 1092 per
1572 1057 1706 1084 sermonis
1727 1062 1810 1083 orna-

1021 1108 1090 1131 tutu.
1104 1103 1236 1131 Audimus
1246 1111 1310 1138 ergo
1327 1104 1397 1136 lucc;
1419 1104 1466 1130 scd
1481 1111 1533 1130 non
1553 1102 1707 1136 recipimus.
1735 1101 1808 1129 Dicta

1020 1154 1083 1177 sunt
1100 1150 1172 1176 enim
1201 1149 1234 1176 de
1246 1157 1294 1177 ore
1317 1149 1362 1176 illo
1387 1151 1458 1183 quod
1489 1148 1614 1176 diabolus
1640 1148 1758 1182 aperuit.
1779 1147 1809 1174 Et

1020 1197 1080 1224 ideo
1092 1196 1224 1224 orandum
1247 1195 1324 1223 nobis
1340 1200 1391 1228 est,
1407 1199 1437 1222 ut
1460 1196 1586 1232 dignetur
1598 1195 1732 1222 Dominus
1746 1201 1809 1228 ape-

1020 1243 1076 1270 rire
1087 1250 1118 1270 os
1134 1247 1273 1274 nostrum;
1290 1248 1319 1269 ut
1334 1242 1470 1277 possimus
1485 1246 1510 1268 et
1530 1241 1751 1269 contradicentes
1765 1247 1809 1267 re-

1021 1289 1140 1322 vincere,
1156 1293 1183 1316 et
1198 1289 1328 1316 obturare
1340 1296 1371 1316 os
1390 1289 1461 1323 quod
1477 1287 1600 1315 diabolus
1616 1289 1735 1321 aperuit.
1750 1286 1810 1314 llzec

1019 1335 1053 1363 de
1067 1343 1100 1362 eo
1111 1336 1181 1370 quod
1198 1336 1328 1370 scriptum
1344 1341 1385 1363 est
1397 1336 1415 1351 “
1433 1345 1439 1362 :
1458 1346 1466 1361 ι
1482 1336 1537 1370 Ego
1549 1336 1711 1370 aperiamus
1724 1339 1808 1365 tuuttt,

1020 1387 1047 1408 et
1062 1382 1194 1408 instruam
1212 1385 1247 1414 le,
1261 1389 1320 1416 qua:
1333 1386 1455 1415 oporteat
1474 1386 1498 1409 te
1511 1382 1594 1415 loqui.
1613 1390 1622 1406 ›
1648 1379 1705 1407 Non
1724 1380 1809 1406 solum

1020 1432 1110 1455 autem
1129 1427 1214 1463 Moysi
1229 1428 1397 1462 promittitur
1413 1435 1444 1457 os
1465 1427 1563 1466 aperiri
1590 1435 1603 1453 a
1622 1427 1750 1457 Domino,
1765 1426 1810 1452 sed

1019 1480 1046 1501 et
1063 1478 1164 1501 Aaron.
1189 1473 1291 1501 Dicitur
1305 1473 1377 1501 enim
1394 1478 1421 1501 et
1437 1473 1470 1500 de
1495 1474 1553 1508 ipso
1571 1473 1590 1488 ¹¹
1613 1481 1620 1499 :
1641 1481 1650 1498 ι
1665 1472 1722 1506 Ego
1748 1479 1810 1506 ςιιιθ

1020 1520 1087 1547 riam
1104 1527 1135 1547 os
1151 1524 1236 1552 tutttn,
1252 1523 1279 1546 et
1296 1527 1328 1546 os
1344 1518 1427 1552 illius,
1444 1523 1471 1546 et
1488 1519 1618 1545 instruant
1634 1525 1682 1545 vos
1696 1525 1760 1552 qua}
1772 1516 1810 1543 t'a-

1019 1566 1109 1593 ciatis.
1132 1575 1140 1591 t
1156 1566 1283 1594 Occurrit
1298 1566 1368 1593 enim
1385 1570 1411 1592 et
1423 1566 1512 1592 Aaron
1525 1564 1609 1600 Moysi
1622 1583 1629 1596 ,
1651 1569 1677 1590 et
1694 1563 1763 1589 exiit
1778 1563 1810 1589 de

1017 1612 1145 1648 Aigyplo.
1158 1612 1283 1640 Occurrit
1297 1617 1386 1639 autem
1399 1612 1434 1638 ci.
1452 1611 1522 1639 Ubi?
1537 1611 1561 1637 itt
1583 1609 1655 1645 quali
1673 1609 1756 1636 loco?
1770 1609 1810 1635 in-

1019 1661 1102 1684 tercst
1115 1657 1186 1684 enim
1202 1657 1247 1684 ubi
1261 1661 1388 1684 occurrat
1404 1656 1487 1691 Moysi
1501 1656 1533 1689 is,
1549 1655 1625 1690 cujus
1640 1662 1671 1681 os
1683 1655 1810 1689 aperien-

1017 1703 1080 1730 dunt
1095 1708 1135 1730 est
1150 1710 1164 1729 a
1183 1702 1248 1730 Deo.
1266 1702 1393 1730 Occurrit
1413 1702 1497 1733 enim,
1515 1701 1614 1737 inquit,
1635 1702 1661 1728 itt
1685 1705 1809 1728 montem

1018 1749 1074 1776 Dei.
1092 1748 1173 1777 Vides
1185 1749 1246 1789 quia
1264 1749 1361 1776 merito
1374 1749 1497 1783 aperitur
1512 1756 1543 1775 os
1566 1749 1636 1783 cjus,
1657 1747 1704 1783 qui
1722 1752 1810 1783 potest

1016 1801 1162 1821 occurrere
1184 1794 1210 1821 itt
1232 1798 1351 1821 montem
1375 1793 1431 1821 Dei.
1454 1793 1561 1826 Petrus,
1585 1799 1612 1820 ct
1629 1792 1764 1826 Jacobus,
1785 1796 1811 1819 et

1015 1840 1144 1871 Joannes.
1159 1841 1184 1867 in
1202 1846 1322 1868 tnontettt
1341 1840 1386 1867 Dei
1412 1840 1604 1872 ascenderunt,
1629 1844 1658 1866 ut
1675 1839 1811 1866 transfor-

1017 1891 1119 1912 tnatutn
1133 1885 1224 1913 Jesum
1242 1886 1334 1913 videre
1358 1890 1537 1917 mererentur,
1564 1890 1591 1913 ct
1615 1885 1731 1921 Moysen
1749 1893 1808 1912 eum

1017 1930 1076 1964 ipso
1092 1936 1173 1966 atque
1187 1931 1273 1958 Etiam
1287 1931 1410 1958 viderent
1428 1931 1453 1958 iu
1470 1930 1565 1965 gloria.
1583 1930 1616 1958 Et
1629 1935 1656 1957 tu
1673 1938 1743 1965 ergo
1759 1929 1809 1957 ttisi

1017 1976 1172 2003 ascenderis
1183 1976 1216 2002 ad
1230 1980 1350 2005 montem
1367 1975 1427 2007 Dei,
1441 1982 1469 2002 et
1481 1975 1515 2003 Lhi
1533 1976 1690 2003 occurreris
1712 1974 1808 2010 Moysi,

1017 2023 1099 2050 ilcst.
1126 2022 1176 2050 nisi
1195 2022 1332 2050 excelsum
1346 2023 1414 2058 legis
1434 2023 1590 2050 ascenderis
1614 2030 1739 2056 seusuttt,
1760 2021 1808 2048 nisi

1016 2069 1049 2095 ad
1066 2068 1389 2104 spiritalisintelligentia:
1402 2076 1531 2095 cacumen
1545 2075 1593 2094 cra
1612 2068 1677 2100 eris,
1697 2077 1751 2094 non
1769 2072 1810 2095 est

1015 2122 1047 2142 os
1064 2119 1137 2141 tttum
1157 2119 1279 2148 apertum
1297 2122 1311 2141 a
1325 2114 1447 2142 Doutino.
1463 2115 1491 2140 Si
1507 2114 1532 2140 itt
1550 2114 1643 2140 humili
1659 2114 1720 2141 loco
1734 2114 1807 2141 litte—

1016 2168 1053 2188 περ
1069 2160 1217 2194 steteris,et
1231 2160 1351 2188 historia
1370 2165 1474 2187 textum
1491 2160 1611 2188 .ludaicis
1637 2159 1808 2187 narrationi-

171 2208 215 2236 νει
231 2216 387 2243 cernamus,
402 2209 443 2237 vei
457 2209 600 2236 audiamus
630 2216 690 2247 qua:
703 2209 748 2235 Dei
773 2213 847 2236 sunt.
867 2207 920 2236 Sed
934 2213 961 2236 et
978 2213 1000 2240 Ι)
1015 2207 1066 2234 btts
1083 2207 1218 2240 innectes,
1237 2214 1290 2234 tton
1305 2207 1450 2234 occurristi
1466 2206 1526 2243 Mny
1544 2207 1550 2233 i
1565 2207 1591 2233 in
1609 2212 1732 2234 tnontctn
1747 2207 1807 2237 Dei,

171 2254 241 2282 illud
254 2263 306 2283 non
322 2255 409 2283 otiose
423 2256 526 2291 accipio
537 2255 610 2291 qttod
626 2255 691 2283 dicit
703 2255 832 2290 propheta
849 2264 856 2282 :
871 2264 880 2281 t
894 2255 963 2282 Eru-

171 2300 250 2333 ditio,
269 2300 358 2336 inquit
373 2300 395 2334 ‘,
411 2299 518 2328 Domini
548 2293 654 2336 aperuit
677 2300 743 2328 mihi
762 2307 866 2333 aurem.
883 2310 892 2326 ι
907 2299 962 2332 Hoc

171 2346 238 2374 mihi
255 2347 362 2374 videtur
374 2347 408 2374 ad
421 2354 480 2380 nos,
499 2346 525 2374 id
544 2351 586 2374 est
606 2347 791 2374 communiter
806 2347 839 2374 ad
853 2353 961 2374 omttem

170 2392 218 2420 Dei
237 2392 386 2420 Ecciesiam
403 2393 552 2429 pertinere.
570 2391 598 2419 Si
616 2392 689 2419 enim
708 2392 734 2419 in
763 2391 871 2419 Domini
895 2399 960 2420 cru-

170 2439 275 2467 tlitione
298 2447 453 2472 versentur,
482 2439 570 2474 aperit
585 2442 614 2465 et
640 2438 719 2466 nobis
739 2446 834 2465 aurem
851 2437 957 2465 Domini

169 2485 299 2514 eruditio.
328 2485 412 2514 Auris
436 2492 500 2514 vero
513 2492 574 2520 qua:
590 2492 638 2523 per
658 2485 838 2513 eruditionem
851 2484 958 2512 Domini

169 2533 304 2567 aperitur,
332 2541 386 2561 tton
415 2540 524 2568 semper
544 2537 637 2569 aperta
661 2536 714 2563 est,
743 2531 790 2559 sed
810 2531 959 2566 aliquando

168 2583 273 2612 aperta,
291 2577 438 2613 aliquando
463 2578 555 2605 clausa
587 2582 641 2605 est.
667 2576 738 2604 Audi
777 2575 959 2615 legislatorem

168 2622 310 2652 dit-cutem
323 2624 334 2641 '
349 2632 357 2652 :
372 2633 382 2650 t
398 2623 438 2652 Ne
461 2624 601 2661 receperis
617 2623 656 2659 (Ξ)
676 2623 797 2650 auditum
816 2630 923 2650 vanum.
948 2632 957 2648 ι

193 2718 217 2736 ⁸⁹
230 2718 310 2746 Joan.
328 2718 441 2749 xttt,27.

167 2753 180 2770 ⁶
195 2752 227 2781 IV
242 2753 310 2786 Reg.
324 2761 362 2787 vt,
379 2753 423 2781 t7.

167 2788 190 2806 "
203 2789 270 2817 ibid.
285 2787 330 2816 l5.

202 2844 242 2882 (1)
257 2844 344 2880 Alias,
362 2855 371 2873 ι
384 2845 430 2883 qui
441 2852 473 2874 ex
487 2845 543 2874 Deo
558 2849 632 2873 sunt.
650 2854 661 2872 ι

462 2754 471 2770 ⁷
483 2754 664 2788 Parthum",
677 2753 704 2780 7.
741 2753 752 2769 ⁸
770 2752 820 2780 lsa.
841 2760 867 2786 L,
885 2752 912 2780 5.

482 2719 490 2734 ¹
507 2717 602 2746 Matth.
623 2725 698 2749 rxvt,
711 2717 755 2744 t5.
793 2718 804 2732 ¹
819 2716 898 2744 lCor.
916 2724 964 2747 ιιι.
984 2716 1028 2743 10.
1067 2716 1077 2732 ³
1093 2716 1095 2742 |

483 2754 664 2780 Parthum".
677 2753 704 2780 7.
741 2753 752 2769 ⁸
770 2752 820 2780 lsa.
841 2760 867 2780 L.
885 2752 912 2780 5.
950 2753 959 2768 ’
975 2751 1060 2780 Exod.
1078 2758 1095 2777 ι

986 2759 1060 2780 ¹ιΧοαο
1078 2759 1157 2785 In",
1167 2759 1186 2779 Ι.

1014 2260 1065 2280 uce
1080 2260 1111 2280 es
1130 2258 1205 2279 tttunt
1226 2254 1332 2287 aperuit
1350 2253 1432 2286 Detts,
1449 2260 1536 2288 tthue
1558 2253 1688 2279 instruxit
1707 2257 1734 2279 te
1749 2260 1808 2286 qua:

1012 2303 1137 2337 oporteat
1153 2303 1177 2325 te
1191 2299 1273 2333 loqui.
1294 2299 1350 2327 SiSI
1364 2306 1431 2336 ergo
1444 2299 1535 2326 Aaron
1552 2299 1721 2326 oecurrisset
1734 2298 1809 2333 Muty-

1011 2345 1032 2371 si
1051 2345 1077 2371 itt
1093 2348 1196 2377 tuente,
1215 2344 1264 2375 uisi
1282 2344 1341 2379 ejus
1353 2353 1464 2373 sensum
1485 2344 1630 2371 sublimem
1652 2344 1767 2371 vidisset
1781 2347 1809 2370 et

1011 2391 1137 2425 arduum,
1161 2391 1213 2419 nisi
1236 2392 1372 2420 excelsam
1388 2391 1447 2426 ejtts
1470 2390 1676 2426 intelligentiam
1694 2397 1808 2425 perspe-

1010 2438 1111 2471 xisset;
1137 2446 1274 2474 nunquam
1297 2439 1322 2466 ei
1341 2439 1446 2466 locutus
1461 2438 1556 2465 fuisset
1581 2437 1661 2464 verba
1678 2437 1740 2468 Dei,
1759 2443 1806 2463 ne-

1010 2491 1063 2519 qtte
1077 2483 1205 2511 virtutem
1221 2485 1361 2519 signorum
1377 2484 1620 2519 prodigiorumque
1634 2482 1806 2513 tradidisset,

1010 2538 1098 2565 neque
1122 2531 1281 2566 partieipetn
1303 2538 1365 2558 eum
1389 2531 1457 2558 tanti
1471 2529 1596 2566 mysterii
1612 2528 1806 2556 conseivissct.

1045 2576 1072 2604 5.
1098 2576 1196 2603 Verum
1219 2577 1348 2611 quoniam
1373 2577 1483 2611 longum
1504 2581 1547 2604 est
1568 2575 1602 2603 de
1620 2574 1740 2609 singulis
1758 2580 1808 2608 per

1010 2623 1134 2651 ordinem
1155 2623 1257 2655 dicere,
1281 2623 1422 2651 videamus
1444 2622 1560 2658 ingrcssi
1581 2622 1613 2648 at
1631 2621 1805 2648 Pharaonem

1539 2714 1549 2730 '
1565 2712 1664 2741 Genes.
1681 2718 1743 2742 nt,
1759 2709 1804 2737 l9.

1067 2716 1077 2732 ³
1093 2715 1100 2742 |
1116 2714 1240 2747 Joan.tv.
1255 2716 1280 2742 t.
1329 2714 1437 2747 ‘Isa.t.,
1453 2714 1480 2742 5.
1539 2714 1549 2730 '
1565 2714 1664 2741 Genes.
1681 2718 1743 2742 nt,
1759 2714 1804 2737 ut.

1078 2758 1186 2776 num.
1226 2751 1248 2768 “
1266 2750 1337 2776 Psal.
1362 2749 1522 2776 xxxvtt.15.
1563 2749 1584 2765 ”
1603 2747 1689 2776 Exod.
1704 2753 1743 2776 tv.
1761 2744 1805 2773 12.

1627 2756 1689 2776 xou.
1704 2756 1743 2781 tv,

1226 2751 1248 2768 “
1266 2750 1337 2778 Psal.
1362 2758 1467 2785 xxxvtt,
1481 2749 1522 2778 l5.

1051 2843 1090 2881 (2)
1105 2844 1192 2874 Alias.
1212 2853 1222 2871 ι
1238 2844 1405 2882 respexeris.
1419 2853 1430 2872 ι
