1900 3060
90 116 142 144 513

699 120 732 148 IN
753 119 895 148 EXODUM
917 119 1060 148 llOMILlA
1079 120 1121 147 Ill.

1674 119 1727 148 5M

92 174 197 210 onses
211 179 237 203 et
256 175 351 204 Aaron
365 177 429 211 quid
443 177 534 205 dicunt
549 178 591 205 ¹³;
610 187 621 205 ι
643 177 705 206 Πίιιο
717 178 784 206 dicit
799 177 888 205 Domi-
901 178 924 206 Α
939 178 965 204 in
980 178 1043 205 aliis
1059 183 1146 204 totutn
1165 177 1283 205 triduum
1302 177 1360 212 ipse
1376 176 1508 212 possidet.
1525 176 1578 204 Sed
1597 176 1636 203 illi
1655 178 1726 204 beati

92 213 164 248 nus:
184 221 295 249 Dimitte
311 222 439 257 populum
464 231 565 257 meum,
586 229 615 251 ut
628 225 753 251 serviant
776 223 842 250 mihi
858 223 884 249 in

92 274 195 294 eremo.
220 277 230 294 ι
255 268 314 296 Non
335 269 510 305 vultMoyscs
531 276 561 297 ut
580 269 695 304 populus
721 270 747 297 in
769 269 886 305 A‘Igypto

93 314 200 348 positus
213 315 318 342 serviat
344 315 468 347 Domino,
487 316 533 343 sed
548 321 577 343 ut
591 322 670 344 exeat
686 317 712 344 in
734 317 884 348 desertum,

91 364 118 386 et
133 359 170 388 ibi
198 362 303 389 serviat
327 363 451 390 Domino.
481 362 537 390 lloc
562 368 605 391 est
630 364 689 391 sine
710 364 792 390 dubio
813 363 885 398 quod

93 405 225 438 ostendit,
242 407 305 441 quia
325 407 412 435 donec
428 407 488 442 quis
518 408 545 434 in
573 409 693 436 tenebris
711 408 887 436 saecularibus

93 456 198 485 manet,
211 457 239 480 et
256 453 282 480 in
303 454 474 486 negotiorum
493 455 659 483 obscuritate
671 460 810 488 versatur,
833 463 886 482 non

88 499 183 523 potest
203 497 309 523 servire
330 497 456 525 Domino.
486 499 545 526 Non
572 500 643 526 enim
673 505 761 534 potest
781 500 886 527 duobus

87 541 214 570 dominis
240 544 344 571 servire
373 552 381 573 :
403 553 456 572 non
482 551 570 580 potest
591 547 706 574 Domino
726 547 830 574 servire
852 553 885 574 -ει

87 595 259 617 mammonae
273 590 305 616 ".
325 590 482 618 Exeundum
502 592 585 627 igitur
604 593 680 620 nobis
695 597 736 620 est
755 593 788 620 de
800 593 886 628 Egy-

86 638 155 668 pto;
172 635 371 670 relinquendus
391 642 434 665 est
453 639 579 671 mundus,
600 639 621 666 si
637 639 760 667 volumus
774 639 886 667 Domino

93 683 209 710 servire.
236 683 440 718 lleliuqueudus
460 690 561 718 autem,
582 687 653 720 dico,
677 695 728 714 non
751 687 819 719 loco,
841 688 886 715 sed

94 730 203 763 animo;
225 739 279 759 non
300 731 400 759 itinere
419 732 634 767 proﬁciscendo.
659 734 706 761 sed
734 733 785 760 lide
805 734 887 767 proli-

94 777 202 804 cicndo.
228 777 299 804 Audi
322 779 380 806 hate
404 778 498 805 eadem
527 778 658 806 Joannem
679 780 813 807 dicentem
835 781 856 796 "
877 787 886 808 :

96 831 106 848 ι
130 822 233 857 Filioli,
256 824 341 852 nolite
357 824 471 860 diligere
493 826 641 858 mundum,
663 834 754 861 neque
774 834 804 854 ea
827 835 887 862 qum

93 868 120 896 in
149 870 256 897 mundo
275 875 354 903 sunt,
381 872 511 906 quoniam
536 880 617 900 omne
637 873 709 907 quod
738 873 763 900 iu
786 875 885 900 mundo

93 921 149 950 est,
170 917 336 945 desiderium
361 921 451 946 carnls
471 925 528 952 est,
555 924 582 946 et
602 920 767 947 desiderium
789 920 886 947 oculi.

94 970 165 991 rum.
184 972 195 990 ι
219 963 254 990 Et
273 964 337 998 quid
353 969 441 992 tamen
464 966 545 993 dicit?
565 965 716 999 Quomodo,
734 966 773 993 vel
790 972 885 999 quale-

94 1017 143 1037 nus
160 1010 298 1044 proﬁcisci
316 1011 394 1046 jubet
406 1019 440 1040 ex
453 1012 583 1048 IEgypto,
599 1013 737 1040 videamus
752 1022 758 1039 :
779 1013 884 1045 «Viam,

94 1055 181 1090 inquit
198 1057 230 1089 ”,
262 1058 343 1084 trium
369 1058 473 1086 dierum
502 1060 600 1087 ibimus
625 1060 650 1087 in
672 1067 779 1092 eremo,
802 1065 829 1087 ct
849 1060 884 1087 ibi

93 1101 297 1130 lmmolabimus
322 1103 438 1131 Domino
459 1105 513 1132 Deo
533 1110 635 1133 nostro.
665 1115 674 1132 ι
702 1107 766 1140 Qua:
781 1111 822 1133 est
843 1107 885 1134 via

92 1147 175 1174 trium
194 1148 311 1182 dierum,
332 1157 393 1185 qua:
413 1150 490 1178 nobis
507 1151 656 1179 iucedeuda
676 1157 727 1185 est,
741 1157 770 1180 ut
785 1160 887 1180 exetm-

92 1199 133 1223 tes
152 1196 188 1223 de
207 1193 331 1230 Egypto
349 1197 492 1231 pervenire
516 1198 651 1232 possimus
680 1199 713 1226 ad
740 1199 827 1226 locum
859 1200 885 1226 in

90 1249 144 1276 quo
165 1241 312 1269 immolare
332 1242 494 1272 debeamus?
518 1243 573 1279 Ego
589 1244 659 1270 viam
673 1244 746 1272 illum
768 1245 886 1280 intelligo

91 1288 136 1322 qui
159 1288 230 1315 dixit
251 1287 294 1316 ":
314 1298 324 1315 ι
348 1288 403 1323 Ego
422 1296 480 1316 sum
502 1290 554 1321 via,
576 1294 603 1317 ct
618 1291 728 1323 veritas,
743 1296 770 1318 et
790 1292 852 1318 vita.
874 1302 883 1318 ι

90 1333 154 1362 llaec
170 1335 214 1362 via
237 1334 328 1362 triduo
348 1336 426 1362 nobis
439 1336 585 1363 incedenda
598 1341 649 1364 est.
671 1337 721 1371 Qui
742 1339 888 1366 enimcau-

89 1380 184 1407 fessus
202 1379 284 1407 fuerit
305 1380 331 1407 in
352 1388 400 1408 ore
420 1388 468 1408 suo
487 1381 629 1408 Dominum
648 1381 753 1413 Jesum,
781 1389 807 1411 et
827 1391 887 1412 ere-

91 1427 196 1454 diderit
216 1427 243 1454 in
263 1427 344 1454 corde
364 1434 423 1459 suo,
445 1427 516 1462 quod
536 1427 608 1456 Deus
622 1429 696 1455 illum
712 1430 853 1458 suscitavit
872 1438 886 1457 a

91 1471 211 1499 mortuis
230 1471 312 1498 tertia
340 1471 395 1504 die,
416 1472 508 1500 salvus
534 1474 586 1500 erit
615 1474 646 1500 ’⁸.
675 1474 737 1502 ll.cc
761 1483 826 1510 ergo
845 1481 887 1503 est

937 224 983 259 qui
1000 224 1133 258 integrum
1150 223 1184 251 ab
1199 231 1232 251 co
1246 224 1364 250 triduunt
1379 221 1520 254 secedunt.
1534 227 1562 250 et
1581 222 1683 249 nullatn
1699 223 1725 250 in

938 271 978 297 eis
989 278 1064 297 suam
1078 269 1197 304 possidet
1213 269 1295 297 diem.
1310 268 1368 295 Non
1380 275 1445 302 ergo
1461 269 1572 303 putetis,
1585 269 1648 302 quia
1662 272 1727 296 tunc

939 316 1125 344 tantummodo
1136 317 1231 344 eduxit
1247 315 1352 351 Moyses
1365 314 1492 349 populum
1507 315 1540 342 de
1556 314 1685 350 Egypto.
1695 315 1728 342 Et

938 371 1012 390 nunc
1032 362 1148 398 Moyses,
1173 371 1253 398 quem
1275 363 1406 390 habemus
1429 362 1570 390 nobiscum
1584 362 1728 389 (habemus

938 409 1010 437 enim
1029 409 1150 445 Moysen,
1165 415 1191 437 et
1203 409 1372 446 prophetas),
1388 410 1413 437 id
1427 414 1469 437 est
1495 410 1537 436 lex
1567 408 1613 436 Dei
1631 409 1687 435 vult
1702 414 1727 435 te

938 456 1055 483 educere
1075 457 1106 483 de
1123 455 1257 491 Egypto;
1275 456 1296 482 si
1312 456 1407 484 audias
1421 463 1492 488 eam,
1516 455 1575 482 vult
1596 459 1623 482 te
1648 454 1727 488 longe

940 503 1028 530 facere
1042 511 1056 530 ει
1074 502 1226 530 Pharaone.
1244 502 1345 530 Eruere
1359 507 1384 529 te
1398 502 1473 537 cupit
1490 503 1523 529 de
1536 509 1621 537 opere
1637 501 1686 528 loti
1711 510 1733 528 e-

939 549 1096 585 palearum;
1112 549 1133 575 si
1147 554 1236 575 tamen
1256 549 1351 575 audias
1363 549 1451 582 legem
1467 548 1524 581 Dei,
1540 553 1567 575 et
1582 548 1663 586 138
1675 549 1724 582 spi

941 596 1059 624 ritaliter
1079 595 1223 631 intelligas.
1240 595 1298 622 Non
1315 595 1371 621 vult
1387 599 1412 622 te
1429 595 1455 621 iu
1480 594 1572 621 carnis
1599 599 1627 621 et
1654 599 1699 631 ten
1711 601 1725 618 ρ

939 643 1049 670 bracum
1069 641 1174 669 actibus
1198 648 1370 675 permanere,
1386 639 1432 667 sed
1456 639 1532 667 exire
1548 640 1581 666 ad
1595 630 1717 667 ercmmn
1731 659 1736 666 .

939 689 1031 716 venire
1045 688 1078 715 ad
1092 687 1180 715 locmn
1196 687 1447 727 perturbationibus
1460 690 1486 714 et
1496 685 1623 714 ﬂuctibus
1636 686 1727 713 secuti

940 743 1068 765 vacuum,
1082 735 1175 762 venire
1187 734 1220 761 ad
1235 733 1355 768 quietem
1375 733 1485 760 silentii.
1502 733 1590 760 Verba
1603 732 1673 758 enim
1689 739 1731 758 sa-

940 783 1048 818 pientiae
1064 782 1089 809 in
1120 781 1229 809 silentio
1255 785 1283 807 et
1305 779 1397 814 quiete
1418 780 1570 807 discuntur.
1597 778 1637 806 Ad
1656 779 1729 805 lmuc

939 837 1005 864 ergo
1023 829 1110 856 locant
1129 827 1228 862 quietis
1244 834 1306 854 cum
1324 827 1441 858 veneris,
1454 825 1490 852 ibi
1509 825 1612 860 poteris
1628 823 1727 850 Ῑιιιιιιο-

939 875 996 902 lare
1011 874 1133 905 Domiuo,
1151 873 1186 900 ibi
1205 873 1292 907 legem
1313 873 1358 900 Dei
1372 878 1399 900 et
1422 873 1549 899 virtutem
1570 870 1668 898 divina:
1683 876 1731 895 vo-

938 922 978 948 (is
990 927 1146 956 agnoscere.
1158 919 1303 956 Propterea
1311 926 1375 953 ergo
1388 918 1460 953 cupit
1474 925 1499 945 te
1512 917 1617 952 Moyses
1630 918 1730 952 ejicere

938 967 971 994 de
996 967 1085 994 tnedio
1105 966 1298 994 fluctuantium
1326 967 1507 1001 negotiorum,
1530 971 1557 993 et
1581 966 1613 992 de
1641 966 1730 993 medio

938 1013 1166 1048 pcrstrepeulium
1179 1012 1352 1047 populorum.
1367 1012 1517 1046 Propterea
1528 1012 1601 1046 cupit
1617 1016 1643 1038 te
1656 1012 1731 1038 exire

938 1059 972 1086 de
989 1059 1116 1094 {Egyptm
1134 1059 1159 1086 id
1171 1062 1213 1085 est
1225 1059 1258 1086 de
1274 1058 1394 1085 tenebris
1407 1058 1583 1093 ignorantitc;
1603 1062 1631 1084 ut
1645 1058 1729 1092 legem
1758 1057 1761 1060 ’

939 1108 985 1135 Dei
1004 1108 1108 1141 audias,
1130 1113 1158 1135 et
1175 1109 1263 1136 lucem
1286 1107 1405 1135 scicntim
1429 1107 1533 1141 capias.
1553 1106 1606 1133 Sed
1623 1106 1732 1132 obsistit

939 1153 1060 1187 Pharao;
1088 1153 1214 1182 relaxare
1242 1159 1268 1182 te
1291 1162 1343 1181 non
1368 1153 1424 1180 vult
1440 1158 1532 1181 rector
1556 1153 1730 1180 tenebrarum

939 1201 1051 1233 harum;
1068 1209 1120 1228 non
1133 1201 1188 1228 vult
1203 1205 1228 1228 te
1242 1200 1364 1228 abstrahi
1381 1200 1414 1227 de
1437 1200 1557 1227 tenebris
1573 1199 1640 1232 suis,
1654 1203 1680 1225 et
1694 1199 1728 1225 ad

937 1248 1058 1275 scicntim
1074 1247 1164 1275 lumen
1183 1248 1280 1275 adduci
1298 1257 1304 1274 :
1321 1252 1348 1274 ct
1363 1247 1424 1274 audi
1442 1247 1505 1281 quid
1520 1246 1585 1273 dicit
1608 1255 1614 1272 :
1640 1255 1648 1270 ι
1664 1245 1731 1278 Quis

938 1299 990 1325 est,
1008 1294 1093 1328 inquit
1106 1294 1138 1324 “.
1168 1293 1244 1328 cujus
1263 1293 1370 1320 audiam
1386 1292 1500 1320 vocem?
1524 1291 1621 1319 Nescio
1636 1291 1729 1318 Domi-

939 1347 1013 1371 num,
1031 1345 1054 1366 et
1075 1339 1157 1366 lsracl
1180 1348 1232 1366 tton
1249 1340 1396 1366 dimittam.
1420 1349 1428 1365 ι
1454 1338 1522 1365 Audi
1536 1338 1600 1373 quid
1617 1345 1729 1372 respon-

939 1385 977 1412 dit
1002 1385 1129 1419 princcps
1152 1385 1231 1418 hujus
1249 1385 1354 1417 mundi,
1380 1384 1486 1410 nesrire
1502 1390 1530 1410 se
1555 1383 1638 1410 Deum
1653 1381 1728 1411 dicit.

939 1432 1021 1460 Vides
1037 1433 1101 1468 quid
1116 1432 1171 1467 agit
1187 1431 1270 1459 cruda
1288 1431 1424 1465 superbia.
1446 1431 1534 1457 Donec
1552 1430 1577 1456 in
1591 1429 1731 1456 laboribus

941 1480 1079 1506 hominum
1095 1488 1147 1506 non
1170 1484 1221 1511 cst,
1243 1484 1342 1506 etcum
1364 1477 1520 1504 hominibus
1535 1484 1586 1503 non
1609 1474 1726 1510 ﬂagella-

91 1517 175 1544 tridui
194 1517 255 1549 via,
279 1524 328 1551 per
347 1523 427 1551 quam
447 1518 606 1552 pervenitur
627 1518 652 1545 iu
674 1519 762 1547 lorum
785 1521 810 1547 in
833 1529 841 1546 ‹

978 1534 987 1552 ι·
999 1526 1038 1558 ¹²;
1058 1530 1200 1560 propterea
1215 1525 1301 1551 tenuit
1314 1531 1375 1550 eum
1392 1523 1532 1558 superbia.
1551 1521 1674 1556 Denique
1687 1521 1728 1547 vi-

96 1563 217 1591 Domino
236 1562 390 1589 lmmoletur
409 1567 436 1590 et
456 1563 584 1591 reddatur
604 1565 766 1592 sacrificium
788 1566 887 1595 laudis.

96 1609 172 1641 Ilaec.
194 1614 326 1644 quantum
347 1609 380 1636 ad
405 1609 548 1644 mysticum
566 1611 683 1645 pertinet
711 1611 887 1639 intellectum.

92 1657 121 1684 Si
143 1663 210 1684 vero
231 1656 313 1683 etiam
344 1655 485 1688 moralem,
513 1656 558 1690 qui
585 1656 662 1684 nobis
687 1658 811 1692 perutilis
835 1663 887 1692 est,

92 1702 263 1737 requirimus
291 1701 391 1733 locum,
413 1701 465 1728 iter
484 1701 566 1728 tridui
588 1702 620 1730 de
640 1703 757 1739 Aigypto
777 1705 888 1739 prolici-

91 1749 209 1780 scimur,
225 1748 247 1775 si
263 1748 301 1775 ita
323 1754 372 1775 nos
388 1747 422 1775 ab
441 1747 514 1775 omni
531 1748 737 1783 inqttinameuto
749 1751 847 1777 animm
861 1755 889 1777 et

93 1794 222 1830 corporis
233 1801 266 1821 ac
286 1794 399 1829 spiritus
419 1801 623 1827 conservemus,
645 1800 683 1825 ut,
709 1797 890 1830 quemadmo-

93 1841 157 1869 dum
179 1840 250 1867 dixit
270 1839 415 1874 Apostolus
428 1841 460 1874 “,
476 1849 485 1866 ι
510 1840 616 1875 integer
627 1841 740 1876 spiritus
760 1846 850 1869 vester
861 1846 888 1869 et

93 1888 199 1919 anima,
229 1891 256 1914 et
276 1894 375 1922 corpus
395 1887 422 1914 in
444 1887 487 1914 die
505 1885 569 1913 Jesu
591 1886 692 1914 Christi
715 1893 851 1915 servetur.
876 1898 885 1915 ι

92 1932 190 1960 Tridui
220 1931 273 1959 iter
293 1931 492 1967 proficiscimur
512 1932 544 1958 de
563 1930 702 1967 Egypto,
725 1932 746 1960 si
769 1933 889 1960 rationa—

94 1979 160 2011 lem.
191 1978 364 2010 naturalem,
395 1979 524 2005 moralem
551 1979 712 2012 sapientiam
743 1979 776 2006 de
807 1979 889 2008 rebus

92 2025 284 2054 mundialibus
303 2024 459 2052 auferentes
479 2024 512 2051 ad
534 2029 636 2052 statuta
657 2024 748 2052 divina
775 2033 889 2053 conver-

93 2073 194 2104 timus;
217 2071 299 2099 tridui
316 2071 366 2097 iter
379 2071 412 2098 de
432 2070 549 2107 Egypto
564 2071 772 2106 proficiscimur,
793 2073 815 2099 si
837 2079 887 2107 pu-

94 2119 239 2146 riﬁcantes
259 2117 286 2144 in
302 2117 379 2144 nobis
399 2117 470 2144 dicta
484 2138 491 2149 ,
512 2117 584 2145 facta
597 2137 604 2149 ,
623 2117 664 2144 vel
685 2118 802 2153 cogitata
824 2118 887 2152 (tria

93 2169 160 2192 sunt
175 2164 249 2192 enim
265 2163 333 2197 haec,
350 2171 397 2198 per
411 2171 470 2198 qum
487 2171 599 2198 peccare
614 2164 738 2190 homines
751 2165 886 2200 possunt),

93 2212 250 2240 efﬁciamur
269 2210 362 2238 mundi
384 2210 474 2243 corde,
488 2214 517 2236 ut
538 2210 672 2244 possimus
688 2210 770 2238 Deum
786 2211 887 2238 videre.

94 2258 142 2286 Vis
163 2264 258 2285 autem
282 2257 376 2284 videre
403 2263 463 2291 qua:
493 2255 648 2294 huiusmodi
679 2262 755 2288 sunt,
780 2265 838 2292 qua:
860 2258 886 2284 in

95 2304 249 2339 Seripturis
268 2303 371 2331 indicat
396 2303 514 2337 Spiritus
538 2302 669 2334 sanctus?
696 2302 802 2330 Pharao
833 2305 887 2337 hic,

95 2351 141 2386 qui
153 2354 197 2378 est
217 2350 345 2385 princeps
359 2348 480 2384 (Egypti,
501 2350 545 2375 ubi
567 2356 595 2376 se
611 2349 684 2376 videt
699 2350 888 2378 vehementius

94 2395 250 2431 perurgeri,
271 2399 300 2422 ut
319 2394 437 2422 dimittat
455 2394 585 2430 populum
607 2393 664 2426 Dei,
687 2394 808 2422 secundo
828 2395 890 2423 loco

96 2443 148 2470 hoc
165 2441 242 2477 cupit
262 2441 411 2476 impetrare
433 2445 466 2465 ne
483 2439 588 2473 longius
608 2440 720 2471 abeant,
744 2447 777 2467 ne
801 2445 888 2473 totum

96 2489 220 2516 triduum
242 2487 459 2524 proﬁciscantur,
483 2490 510 2513 et
529 2485 595 2513 dicit
616 2486 638 2501 ’⁸
664 2494 670 2512 :
692 2495 701 2512 ι
730 2486 788 2514 Non
810 2486 889 2520 longe

95 2536 215 2564 abeatis.
231 2544 241 2561 ι
265 2533 322 2561 Non
343 2533 400 2560 vult
419 2533 498 2568 longe
517 2540 531 2559 a
548 2540 578 2561 se
598 2532 655 2560 lieri
674 2533 800 2567 populum
822 2532 888 2568 Dei;

95 2582 154 2609 vult
173 2588 237 2609 eum
258 2580 280 2608 si
301 2587 355 2607 non
368 2580 393 2606 in
409 2579 490 2611 facto,
511 2578 552 2605 vcl
567 2578 592 2605 in
608 2586 733 2606 sermone
752 2586 887 2613 peccare:

96 2628 117 2654 si
140 2635 195 2655 non
209 2627 236 2654 in
257 2633 397 2659 sermone,
421 2625 464 2653 vel
484 2626 509 2653 iu
531 2623 697 2660 cogitatione
718 2624 887 2659 delinquere.

96 2673 155 2701 Non
171 2673 230 2701 vult
247 2678 278 2700 ut
295 2677 379 2701 totum
394 2681 408 2700 a
422 2681 451 2701 se
465 2673 582 2700 triduum
595 2671 813 2707 proﬁciscantur.
829 2671 889 2699 Vult

95 2719 124 2748 in
140 2719 220 2747 nobis
233 2718 275 2746 vel
287 2726 371 2746 unum
387 2719 458 2747 diem
473 2727 550 2750 suum
563 2720 682 2750 habere;
698 2717 723 2744 in
736 2716 796 2744 aliis
807 2717 886 2752 duos;

129 2802 152 2818 "
165 2802 289 2834 Exod.v,
308 2801 334 2829 1.
373 2801 394 2818 ’⁸
405 2802 469 2830 Luc.
485 2810 540 2835 xvt,
557 2802 600 2830 l3.

100 2837 121 2852 "
137 2838 144 2864 Ι
173 2837 272 2864 Thess.
290 2846 316 2868 ν,
333 2837 377 2864 25.
416 2839 438 2854 ³ο
452 2838 536 2864 Exod.
553 2846 610 2870 \‘lll,
624 2838 670 2865 28.

639 2803 660 2820 ”
680 2801 688 2829 Ι
703 2801 781 2830 Joan.
798 2811 827 2834 tt,
843 2802 941 2834 l5,16.

709 2839 728 2853 ²¹
745 2838 829 2864 Exod.
855 2846 881 2869 ν,
895 2839 923 2864 ἓ.

941 1573 1018 1599 debis
1037 1580 1099 1599 eum
1116 1572 1195 1606 patilo
1211 1576 1270 1606 post
1285 1575 1416 1605 quantum
1429 1569 1536 1604 prolicit
1555 1569 1580 1595 in
1598 1567 1729 1603 ﬂagellis;

940 1622 1041 1652 quanto
1063 1617 1156 1644 melior
1179 1617 1339 1644 verberatus
1358 1616 1483 1642 ellicitur.
1507 1615 1559 1642 Iste
1581 1616 1627 1649 qui
1650 1615 1730 1641 modo

941 1663 1026 1691 dicit:
1043 1673 1053 1690 ‹
1073 1662 1171 1690 Nescio
1183 1662 1335 1696 Dominum,
1355 1672 1364 1688 ι
1384 1668 1475 1696 postea
1494 1669 1554 1688 cum
1571 1661 1624 1687 vim
1637 1666 1730 1686 sense.

941 1710 976 1737 rit
996 1709 1151 1740 verberum,
1167 1709 1290 1735 dicturus
1305 1712 1347 1734 est
1361 1707 1384 1723 “
1400 1715 1407 1734 :
1427 1717 1436 1733 ‹
1452 1706 1535 1734 Orate
1551 1714 1601 1741 pro
1618 1713 1661 1732 me
1677 1706 1728 1732 Do-

940 1756 1053 1787 minum,
1072 1764 1081 1781 ι
1099 1760 1124 1782 et
1142 1761 1194 1781 non
1210 1754 1297 1781 solum
1310 1753 1372 1785 ltoc,
1399 1753 1445 1780 sed
1458 1752 1538 1779 etiam
1553 1750 1730 1779 contestauti-

940 1802 991 1829 bus
1008 1802 1093 1836 magis
1108 1801 1240 1828 fatebitur
1261 1801 1324 1839 quia
1340 1800 1441 1835 digitus
1458 1799 1503 1826 Dei
1521 1804 1564 1827 est
1585 1798 1610 1825 iu
1627 1798 1729 1825 virtute

941 1849 1090 1883 signorum.
1107 1847 1191 1875 Nemo
1210 1855 1274 1882 ergo
1289 1848 1324 1874 ita
1344 1845 1496 1873 ineruditus
1521 1844 1619 1871 divina:
1637 1844 1671 1871 sit
1685 1844 1728 1870 di-

940 1895 1073 1929 sciplinac,
1090 1899 1117 1920 ut
1129 1893 1232 1928 ﬂagella
1248 1893 1337 1920 divina
1356 1892 1504 1928 perniciem
1523 1895 1609 1926 putet,
1629 1895 1658 1917 ut
1672 1898 1730 1916 vcr-

941 1939 1006 1967 bera
1023 1940 1126 1966 Domini
1147 1938 1280 1973 pmnaletr.
1294 1938 1387 1964 credat
1404 1937 1554 1964 interitum.
1574 1936 1642 1963 Ecce
1657 1935 1730 1962 Pha-

942 1993 990 2013 rao
1012 1985 1191 2012 durissimus:
1221 1988 1309 2010 tamen
1335 1983 1441 2017 prolicit
1463 1982 1631 2009 verberatus.
1659 1981 1730 2008 Ante

940 2032 1052 2059 verbera
1069 2031 1211 2059 Demittunt
1225 2031 1327 2063 nescit;
1344 2031 1502 2056 verberatus
1517 2028 1661 2063 supplicari
1680 2035 1729 2063 pro

940 2085 969 2104 se
991 2077 1132 2103 Doutintttn
1152 2081 1239 2110 rogat.
1268 2074 1317 2102 Est
1343 2075 1480 2109 profectus
1502 2074 1527 2100 itt
1555 2073 1653 2108 pannis,
1677 2073 1728 2100 huc

940 2123 1028 2158 ipsum
1052 2128 1201 2156 agnoscere
1220 2120 1291 2154 quod
1308 2119 1440 2146 tncrueris
1461 2125 1580 2152 poenam.
1602 2125 1611 2142 ι
1632 2117 1729 2143 NcSeio

941 2173 1013 2201 ergo,
1033 2165 1081 2198 ait,
1110 2164 1264 2196 Dominum,
1285 2169 1312 2190 et
1329 2163 1410 2190 Israel
1437 2171 1490 2190 non
1508 2162 1625 2190 dimitto.
1647 2171 1656 2188 ι
1675 2161 1728 2188 Sed

940 2214 1001 2240 vide
1029 2212 1054 2239 in
1072 2210 1236 2245 Evangeliis,
1259 2209 1395 2244 quomodo
1422 2209 1578 2235 verberatus
1602 2207 1729 2234 emendet

938 2261 1008 2288 hanc
1023 2264 1126 2284 vocem.
1146 2256 1284 2290 Scriptum
1299 2259 1341 2282 est
1366 2254 1437 2281 enim
1454 2254 1516 2289 quia
1544 2253 1730 2280 clamaverunt

938 2307 1077 2334 (Immunes
1093 2304 1127 2331 ad
1143 2302 1286 2330 Dominun:
1298 2323 1305 2336 ,
1324 2307 1350 2330 et
1365 2302 1493 2329 dixerunt
1509 2301 1532 2318 ⁹¹⁸
1549 2309 1555 2327 :
1572 2310 1581 2326 ι
1598 2300 1667 2333 Quid
1685 2307 1729 2326 rev

939 2351 1001 2380 nisti
1016 2356 1077 2378 ante
1091 2355 1198 2384 tempus
1213 2354 1341 2383 torquere
1358 2348 1428 2375 nos?
1440 2347 1548 2374 Scimus
1568 2353 1594 2373 te
1608 2346 1652 2380 qui
1671 2346 1726 2372 sis'

939 2399 980 2426 Tu
1001 2405 1030 2425 cs
1055 2396 1140 2424 Filius
1163 2396 1209 2423 Dei
1233 2395 1298 2423 vivi.
1318 2404 1327 2420 ›
1346 2394 1394 2422 Ubi
1416 2397 1549 2421 tormenta
1573 2398 1731 2422 senserunt.

942 2446 1030 2473 sciuttt
1045 2443 1202 2471 Doutinum.
1225 2442 1295 2469 Ante
1311 2441 1415 2476 ﬂagella
1437 2439 1503 2468 dicit
1517 2448 1523 2465 ί
1539 2447 1549 2466 ί
1569 2438 1664 2467 Nescio
1679 2438 1728 2467 DC»

944 2492 1057 2522 ndnum,
1075 2494 1102 2516 et
1127 2487 1209 2516 Israel
1232 2495 1285 2515 non
1302 2487 1418 2518 dimitto,
1438 2495 1447 2512 ι
1474 2485 1521 2512 sed
1539 2489 1633 2519 postca
1649 2483 1731 2511 lsracl

943 2538 1066 2568 dimittit,
1085 2541 1111 2563 et
1128 2544 1179 2563 non
1195 2535 1281 2562 solum
1305 2534 1430 2566 dimittit,
1447 2533 1493 2560 sed
1518 2536 1544 2559 et
1563 2532 1619 2565 ipse
1636 2539 1731 2565 perur-

943 2582 1015 2618 gebit
1030 2590 1091 2609 cum
1108 2581 1193 2608 exire.
1209 2580 1286 2608 Nulla
1303 2581 1375 2607 enim
1396 2579 1513 2606 societas
1530 2577 1596 2604 lucis
1607 2578 1639 2603 ad
1654 2582 1731 2605 lt‘lle-v

942 2629 1022 2661 bras;
1050 2628 1123 2655 nulla
1153 2634 1216 2662 pars
1235 2625 1305 2652 fideli
1322 2633 1383 2652 cum
1414 2624 1560 2651 inﬁdeli".
1588 2623 1640 2650 Sed
1665 2624 1731 2658 quid

943 2675 1033 2701 adhuc
1047 2674 1123 2701 addit
1141 2673 1167 2700 in
1188 2671 1329 2706 responsis
1345 2670 1420 2699 suis?
1438 2680 1447 2697 ι
1466 2670 1573 2705 Quare,
1595 2670 1682 2704 inquit
1695 2670 1730 2700 ",

942 2719 1048 2756 Moyses
1060 2725 1088 2748 ct
1099 2720 1201 2753 Aaron,
1217 2719 1373 2756 pervertitis
1392 2719 1521 2753 populum
1537 2719 1571 2746 ab
1585 2716 1732 2753 operibus?

1531 2801 1551 2818 ¹⁶
1565 2800 1644 2828 Rom.
1657 2808 1683 2830 κ.
1701 2803 1727 2831 9,

1587 2836 1610 2853 ³⁸
1631 2835 1730 2865 Matth.

981 2802 1002 2818 ¹⁶
1018 2802 1103 2830 Evod.
1121 2810 1159 2835 Ill,
1180 2801 1221 2830 IS.

962 2839 985 2853 “
999 2838 1158 2872 l’sal.t.xxtt,
1176 2838 1202 2865 5.

1263 2802 1283 2818 ¹⁷
1298 2801 1376 2829 Joan.
1390 2809 1446 2834 xiv,
1463 2801 1490 2828 6.

1259 2837 1282 2854 "
1311 2838 1398 2866 Exod.
1427 2844 1485 2870 vur,
1503 2838 1532 2865 8.

99 2879 156 2905 πη.
171 2873 227 2905 ἳθς
244 2873 330 2904 Marc.
344 2881 363 2906 ι,
379 2872 423 2901 23.
465 2873 486 2889 ³⁵
499 2873 519 2901 ιι
535 2873 598 2902 αυτ,
617 2881 653 2906 γι.
678 2873 719 2906 η,
733 2873 773 2900 ιδ.
812 2874 834 2889 ,ο

272 2881 330 2904 are.
344 2881 363 2906 ι,
379 2872 423 2901 23.
465 2873 486 2889 ³⁵
499 2873 519 2901 ll
535 2873 598 2902 Cor.
617 2881 653 2906 vi,
678 2873 719 2906 lt,
733 2873 773 2900 l5.
812 2874 834 2889 ’°
853 2873 938 2902 Exod.
955 2881 981 2904 ν,
995 2877 1018 2900 t.
