1902 3063
203 139 256 172 815

944 140 1103 169 OlilGEMS

1779 143 1824 170 316

205 199 343 228 Discedite
365 203 551 237 unusquisque
577 202 611 228 ad
631 209 699 236 opus
716 206 846 229 vestrum.
870 211 879 228 ι
902 201 993 228 Donec
1007 202 1030 231 Α
1045 208 1126 235 quant
1147 200 1306 234 prmdicatio
1322 200 1412 228 divina
1437 205 1575 233 nascatur,
1594 208 1646 228 non
1662 205 1701 228 est
1719 201 1826 229 tribula-

204 253 296 272 secum
315 251 357 273 est
373 248 498 282 populus.
514 254 540 274 ct
553 248 637 274 luttttn
657 252 786 282 operatur
805 255 837 274 ac
863 247 989 279 laterem,

204 292 292 318 donec
311 291 337 318 in
354 293 439 326 paleis
450 298 599 327 occupatus
610 297 662 326 est,
689 301 742 320 non
762 297 840 326 putat
855 299 916 319 eum
929 300 989 320 esse

204 343 371 370 perversum,
385 339 431 365 sed
448 345 520 366 tecto
531 339 629 367 itinere
640 339 774 366 incedere.
789 339 817 366 Si
829 346 892 365 vero
904 339 988 371 dicat,

203 383 269 411 Volo
280 385 319 411 ire
330 385 402 412 viam
414 385 497 414 trium
516 385 621 412 dierum
633 390 659 412 et
674 385 780 413 servire
796 385 920 416 Domino,
930 392 989 420 per-

204 428 272 454 Verli
289 431 414 462 populum
431 430 496 456 dicit
511 438 559 464 per
572 430 682 464 Moysen
697 435 725 458 et
740 430 841 457 Aaron.
856 430 912 458 Hoc
928 430 989 465 qui-

203 474 263 500 dem
283 473 427 502 dicebatur
452 476 582 511 antiquis.
611 476 664 504 Sed
683 482 711 504 et
736 477 818 504 hodie
840 478 861 504 si
883 477 989 512 Moyses

201 525 229 545 et
246 520 348 552 Aaron,
363 520 389 547 id
404 526 446 548 est
465 522 641 556 propheticus
660 527 687 549 et
702 523 882 550 sacerdotalis
897 530 989 551 sermo

201 565 321 592 animam
336 566 464 594 sollicitet
478 568 510 594 ad
525 568 666 595 servitium
688 568 745 599 Dei.
765 569 914 603 invitetque
929 577 989 597 eam

201 612 280 639 exire
295 612 328 639 de
342 613 451 644 saeculo,
470 614 629 642 renuntiare
643 615 769 642 omnibus
785 623 845 649 quae
858 616 989 650 possidet.

201 664 313 691 operam
326 658 391 686 dare
403 659 500 686 divina:
517 659 567 693 legi
581 665 609 687 et
626 660 701 694 sequi
718 661 829 688 verbtnn
847 661 905 694 llei,
929 669 990 689 con-

203 705 280 732 tinuo
292 705 386 733 audies
401 706 453 733 dici
474 706 507 733 ab
522 707 565 734 his
581 707 627 741 qni
644 707 779 735 Pharaoni
801 709 943 736 unanimes
961 713 990 736 et

203 751 283 778 amici
299 757 362 779 sttnt
379 761 386 779 :
403 752 497 780 Videte
511 753 647 787 quomodo
670 754 839 781 sctlucnutnr
867 755 990 782 homines

201 801 443 830 etpervertnnturI
465 799 559 833 quales
581 799 767 827 adnlesren'es
795 807 828 827 ne
854 800 990 835 laborent,

203 850 237 869 ne
257 843 384 874 militent.
398 852 432 872 ne
451 850 532 878 agant
551 845 653 879 aliquid
672 847 744 879 quod
759 846 799 873 eis
815 847 910 881 prosit,
926 848 990 876 reli-

203 889 254 917 cn's
274 890 354 917 rebus
366 891 528 918 necessariis
544 896 571 918 et
590 892 702 920 utilibus
718 893 833 925 ineptias
849 899 988 921 sectantur

202 941 232 964 et
249 935 345 962 otium.
363 936 433 968 Quid
453 942 494 964 est
509 938 613 965 servire
635 937 767 965 Domino?
787 938 926 967 Laborare
942 948 990 966 nn-

203 980 272 1012 lunt,
288 986 316 1008 ct
330 980 426 1008 inertis
437 982 484 1009 otii
496 983 656 1010 occasiones
672 984 825 1017 requirunt.
839 983 900 1012 litec
912 989 990 1012 erant

204 1032 268 1054 tunc
282 1027 362 1054 verba
384 1027 544 1060 Pharaonis,
575 1029 632 1056 hazc
653 1034 679 1057 et
691 1037 762 1057 nunc
782 1031 862 1059 amici
887 1031 946 1064 ejus
963 1035 991 1059 et

203 1071 351 1100 familiares
367 1073 522 1108 loquuntur.
544 1075 600 1102 Non
617 1076 703 1103 solum
722 1077 811 1104 verbis
826 1085 870 1104 res
889 1078 989 1112 agitur,

202 1122 354 1152 sequuntur
377 1124 405 1146 ct
419 1120 531 1146 verbera
545 1129 554 1152 ;
582 1120 710 1156 ﬂagellari
722 1121 799 1155 jubet
819 1123 926 1150 scribas
940 1123 991 1150 lle-

202 1161 346 1196 lmeorum,
366 1164 456 1198 paleas
469 1173 520 1192 non
537 1166 607 1200 dari,
622 1174 690 1201 opus
707 1168 777 1202 exigi
793 1176 799 1200 ;
820 1168 877 1195 haec
898 1173 991 1202 pertu-

201 1207 293 1236 lerunt
308 1215 410 1243 patres,
433 1211 467 1237 ad
490 1219 606 1244 quorum
623 1212 737 1246 figurant
753 1220 824 1246 saepe
844 1214 925 1240 etiam
941 1221 990 1247 po-

202 1254 281 1288 pulus
301 1254 346 1281 Dei
366 1256 466 1289 quiest
485 1257 510 1283 in
525 1257 643 1285 Ecrlcsia
658 1258 992 1293 patitur.lnvcniesenim,

201 1300 224 1326 si
243 1301 400 1328 consideres
413 1309 461 1328 eos
475 1303 519 1336 qni
536 1311 565 1330 se
583 1311 615 1330 ex
642 1304 747 1338 integro
771 1306 887 1340 principi
909 1305 989 1338 hujus

201 1345 294 1372 mundi
325 1347 510 1379 tradiderunt,
536 1349 673 1383 prosperis
698 1350 869 1377 successibus
895 1358 988 1385 agere.

203 1391 293 1418 Omnia
309 1392 359 1424 eis,
377 1396 405 1418 ιιι
423 1392 473 1426 ipsi
494 1399 599 1427 putant,
618 1395 735 1423 lelicitcr
754 1396 880 1428 evenire;
903 1398 990 1424 servis

201 1440 292 1469 autem
313 1437 359 1464 Dei
384 1446 455 1472 stupe
480 1446 513 1466 ne
554 1440 611 1467 haec
630 1441 738 1475 quidem
765 1442 875 1468 bmnani
902 1443 990 1470 vi'ctns

202 1481 313 1509 humilia
339 1489 367 1510 et
383 1491 465 1518 parva
480 1486 637 1513 succedere.
653 1486 720 1513 Istas
732 1487 803 1513 enim
821 1492 884 1521 puto
903 1487 987 1514 videri

1042 247 1090 278 tio,
1106 254 1157 273 tton
1174 251 1215 274 est
1227 247 1341 274 teutatio
1357 255 1364 274 :
1381 247 1443 281 quia
1466 247 1518 274 nisi
1540 247 1663 274 bnecinet
1678 247 1751 276 tuba.
1776 255 1825 274 non

1041 293 1220 320 committitur
1246 293 1362 325 bellum;
1391 293 1434 320 ubi
1467 300 1531 320 vero
1558 292 1665 327 signum
1690 292 1751 320 belli
1767 293 1826 320 tuba

1040 338 1242 373 pra-,dicaIimtis
1283 339 1444 371 ostenderit,
1483 339 1532 370 ibi,
1573 338 1673 372 ittqnit,
1708 338 1827 372 sequitur

1041 383 1171 417 alllietio,
1205 383 1240 411 ibi
1273 383 1363 411 ontnis
1399 383 1604 411 tribulationum
1637 391 1724 417 pugna
1761 391 1825 411 con.

1040 429 1138 462 Surgit.
1177 429 1214 456 Ex
1253 437 1307 464 quo
1339 437 1405 464 ergo
1443 429 1514 463 loqui
1549 429 1632 463 coepit
1674 428 1778 464 Moyses
1802 433 1827 456 et

1043 476 1125 512 139
1142 476 1232 503 Aaron
1247 478 1281 504 ad
1310 476 1491 510 Pharaonem,
1505 475 1631 510 allligitur
1646 477 1759 511 populus
1773 477 1825 504 Dei.

1040 522 1079 549 Ex
1094 531 1149 557 quo
1168 523 1194 550 in
1213 523 1331 550 anitnam
1361 527 1433 550 tuam
1449 529 1540 550 sermo
1566 523 1612 550 Dei
1634 523 1755 556 perlatus
1776 526 1826 556 est,

1041 571 1197 598 necessario
1219 576 1358 598 certamen
1378 571 1448 597 intra
1475 575 1500 598 te
1519 571 1666 598 virtutibus
1685 571 1826 598 adversum

1041 617 1106 643 vitia
1132 617 1302 649 suscitatur;
1330 617 1406 650 prius
1423 623 1488 643 vero
1509 624 1589 651 quam
1612 616 1718 644 veniret
1741 624 1827 643 sermo

1040 662 1085 695 qui
1099 666 1237 696 argueret,
1253 662 1318 689 vitia
1340 662 1410 688 intra
1430 666 1456 690 te
1477 663 1503 688 in
1528 670 1594 696 pace
1612 662 1750 689 durabant
1764 671 1770 689 :
1783 663 1826 689 sed

1041 708 1086 734 ubi
1103 715 1193 735 sermo
1214 708 1260 736 Dei
1287 708 1376 735 facere
1390 709 1474 742 cmpit
1501 709 1718 742 uniuscujusque
1735 708 1828 735 discrio

1041 761 1123 786 tuen,
1148 758 1213 781 tunc
1237 754 1406 788 perturbatio
1427 762 1525 789 magna
1550 754 1703 788 consurgit,
1722 760 1750 781 et
1771 755 1828 781 sine

1042 799 1144 826 findere
1156 800 1276 827 nascitur
1288 800 1399 828 bellum.
1414 801 1481 827 Cum
1498 801 1628 835 injnsulia
1639 801 1710 827 enim
1724 801 1828 835 quando

1042 850 1130 880 potest
1149 846 1294 873 convenire
1313 845 1419 881 justitta
1431 866 1438 879 ,
1458 846 1625 881 impudicitia
1642 855 1704 873 cum
1727 846 1830 873 sobrie-

1043 898 1108 926 tate,
1123 901 1185 921 cum
1203 893 1317 921 veritate
1335 894 1525 921 mendacium?
1538 893 1568 920 Et
1581 894 1642 920 ideo
1655 901 1708 920 non
1725 900 1824 928 magno-

1041 945 1105 973 pere
1120 938 1321 973 perturbentur,
1339 937 1361 965 si
1384 938 1490 965 videtur
1508 939 1576 965 odor
1593 943 1687 965 noster
1703 945 1828 964 exsurrao

1041 984 1103 1012 bilis
1118 992 1179 1012 esse
1198 984 1343 1011 Pharaoni.
1372 985 1555 1012 Exsecralioni
1577 992 1695 1018 namque
1715 989 1743 1011 ct
1762 983 1827 1010 vitiis

1041 1029 1151 1056 ducitttr
1179 1029 1278 1057 virtus.
1302 1030 1373 1062 Quin
1402 1030 1493 1064 potitus
1519 1034 1547 1056 ut
1577 1029 1602 1056 iit
1634 1028 1828 1063 posterioribus

1041 1074 1118 1108 dicit,
1134 1075 1197 1110 quia
1209 1076 1284 1102 stetit
1306 1075 1410 1110 Moyses
1430 1081 1492 1102 ante
1516 1076 1708 1106 Pharaonem,
1731 1079 1827 1102 stemus

1041 1121 1122 1147 etiam
1137 1129 1185 1149 nos
1203 1125 1300 1149 contra
1319 1121 1486 1148 Pharaonem
1503 1126 1530 1148 et
1544 1129 1595 1147 uolt
1613 1121 1764 1152 ﬂectantur,
1785 1121 1828 1146 sed

1042 1173 1146 1194 stemus
1173 1175 1182 1191 ι
1199 1167 1331 1194 sucriucti
1355 1167 1462 1194 lumbos
1482 1173 1590 1195 nostros
1606 1167 1631 1193 itt
1655 1167 1780 1198 veritate,
1803 1171 1828 1193 et

1041 1213 1153 1240 Calceati
1173 1213 1253 1247 pedes
1268 1213 1294 1240 itt
1310 1214 1510 1248 praeparatione
1527 1214 1669 1249 Evangelii
1683 1214 1759 1247 pacis
1773 1213 1803 1240 ³¹.
1816 1222 1824 1238 ι

1041 1257 1088 1286 Sic
1100 1259 1172 1286 enim
1188 1267 1236 1286 nos
1253 1259 1379 1286 hortatur
1394 1260 1540 1292 Apostolus
1552 1260 1646 1287 dicens
1663 1260 1686 1276 ³³
1705 1271 1711 1288 :
1731 1269 1740 1286 ι
1755 1259 1827 1287 State

1041 1312 1106 1340 ergo
1125 1310 1152 1332 et
1179 1305 1261 1332 nolite
1288 1306 1385 1332 iterum
1408 1305 1473 1340 jngo
1497 1306 1638 1333 servitutis
1656 1306 1799 1333 inhaerere.
1815 1314 1824 1331 ι

1040 1349 1139 1378 lterum
1154 1351 1219 1377 dicit
1238 1351 1260 1367 ”
1278 1358 1286 1378 ι
1305 1360 1314 1376 ι
1330 1351 1357 1378 ltt
1374 1359 1427 1386 quo
1442 1355 1564 1385 stamus,
1585 1356 1613 1378 et
1640 1351 1788 1386 gloriamur
1803 1351 1825 1378 in

1041 1403 1089 1431 spe
1116 1397 1208 1431 gloria:
1236 1397 1292 1424 Dei.
1310 1407 1319 1423 ι
1346 1396 1458 1425 Statnus
1480 1402 1571 1425 autettt
1598 1397 1782 1429 confidenter,
1805 1397 1824 1423 si

1042 1443 1184 1469 Dominnttt
1215 1443 1405 1478 deprecemur,
1433 1448 1462 1470 ut
1490 1447 1591 1471 statuat
1615 1444 1698 1476 pedes
1724 1448 1825 1470 nostros

1041 1497 1122 1523 super
1142 1494 1259 1523 petram,
1281 1497 1314 1516 ne
1336 1489 1413 1516 nobis
1439 1490 1502 1516 illud
1528 1490 1646 1522 eveniat,
1670 1489 1742 1525 quod
1759 1489 1824 1516 idctu

203 1527 306 1562 paleas,
333 1537 393 1563 qua:
417 1537 432 1556 a
459 1529 603 1558 Pharaone
623 1531 823 1559 ministrantur.
851 1531 895 1559 Fit
922 1540 988 1566 ergo
1003 1540 1023 1568 ο
1041 1533 1175 1568 Propheta
1204 1534 1270 1561 dicit
1288 1533 1334 1561 “:
1356 1543 1366 1560 ι
1384 1533 1435 1561 Mei
1457 1539 1546 1561 autem
1566 1534 1741 1568 paulontinns
1765 1533 1824 1560 ntoti

201 1581 282 1608 sa‘pe,
311 1579 340 1602 ut
364 1576 446 1602 Deum
471 1577 599 1604 timentes
620 1577 663 1604 vili
686 1579 737 1605 hoc
748 1578 831 1605 etiam
851 1583 877 1605 et
902 1578 988 1613 pali-is

201 1619 284 1646 simili
310 1621 450 1655 indigeant
472 1623 554 1650 victu.
578 1622 655 1658 Saepe
678 1624 761 1650 etiam
786 1626 989 1659 persecutiones

201 1665 337 1692 suistinent
351 1670 542 1701 tyrannorum,
558 1668 698 1702 perferunt
718 1671 855 1697 cruciatus
870 1675 897 1697 et
916 1678 987 1698 szcva

202 1714 348 1744 tormenta,
364 1711 398 1738 ita
415 1717 443 1738 ut
458 1713 560 1747 fatigati
571 1714 692 1741 nonnulli
712 1715 805 1743 dicant
819 1716 851 1742 ad
867 1716 988 1742 Pharao-

202 1764 284 1783 nem:
305 1756 405 1792 Ulquid
422 1764 449 1785 In
468 1759 563 1794 afﬂigis
594 1761 720 1794 populum
744 1762 838 1788 tuum?
863 1761 988 1797 Snperati

200 1810 317 1838 namque
334 1805 493 1832 verberibus
508 1807 628 1834 nonttnlli
643 1815 657 1834 a
675 1807 726 1835 fide
739 1808 869 1835 decidunt
881 1814 907 1836 et
922 1817 989 1836 con-

201 1847 311 1876 ﬁtentur
329 1858 359 1877 se
382 1858 442 1878 esse
473 1852 600 1886 populum
630 1852 788 1881 Pharaonis.
812 1863 822 1880 ι
837 1854 894 1881 Νοιι
914 1855 987 1882 enim

199 1902 294 1922 omnes
317 1895 361 1930 qui
382 1903 415 1923 ex
437 1896 529 1929 lsrael,
553 1898 578 1924 bi
603 1904 667 1925 sunt
691 1899 831 1932 Israelitzc,
856 1908 905 1928 nec
924 1901 987 1935 quia

200 1945 266 1968 sunt
292 1949 395 1973 semen,
419 1948 483 1969 sunt
505 1951 600 1971 omnes
619 1948 645 1971 et
671 1945 716 1972 lilii
741 1946 774 1972 ".
791 1946 837 1974 Isti
857 1954 922 1982 ergo
941 1949 987 1982 qui

200 1986 274 2013 dubii
289 1992 362 2019 sunt,
383 1993 409 2014 et
429 1989 455 2014 iu
472 1989 691 2018 tribulationibus
717 1991 879 2027 fatigantur,
905 1997 986 2020 etiam

200 2037 294 2059 tontra
318 2033 428 2068 Moysen
447 2039 472 2060 el
495 2034 585 2062 Aaron
611 2035 768 2070 loqmnttur,
794 2042 822 2064 et
836 2038 986 2067 dicunt":

201 2087 211 2106 ι
226 2077 264 2104 Ex
284 2085 336 2112 qua
355 2078 398 2106 die
419 2079 540 2107 intrastis
551 2085 577 2108 ct
589 2082 684 2109 existis
695 2089 742 2110 vos
758 2083 791 2109 ad
804 2081 986 2118 Pharaonem,

198 2125 392 2152 exsecrabilem
409 2125 511 2154 fecistis
527 2128 638 2155 adorent
659 2133 782 2160 nostrum
802 2137 893 2157 coram
910 2138 952 2159 eo.
973 2140 987 2159 ι,

199 2169 298 2198 Verum
313 2172 406 2199 dicunt
421 2173 475 2206 isti,
491 2174 554 2201 licet
576 2175 702 2209 ignorent
722 2177 838 2205 fortasse
855 2179 928 2212 quod
944 2179 985 2207 tli-

197 2219 273 2247 cunt,
302 2216 372 2243 sicut
396 2223 422 2244 et
437 2217 555 2252 Caiphas
582 2219 626 2246 ille
653 2227 746 2247 verum
769 2213 893 2254 dicebat,
919 2223 983 2258 quia

200 2270 210 2289 ι
229 2262 337 2294 expedit
361 2262 436 2289 vobis
457 2268 486 2289 ιιι
501 2263 632 2292 moriatur
653 2273 723 2293 unus
739 2273 789 2300 pro
807 2267 906 2302 popqu
920 2269 954 2302 ι’,
973 2278 982 2295 ι

197 2306 244 2334 sed
263 2307 326 2340 quid
343 2307 445 2336 diceret
460 2309 611 2337 nesciebat.
632 2309 711 2344 Nam,
733 2316 762 2338 ut
783 2312 928 2347 Apostolus
943 2315 984 2342 di-

196 2353 234 2387 cit
247 2353 280 2386 '°,
296 2363 304 2378 ι
321 2354 420 2382 Christi
446 2356 533 2382 bottns
547 2356 616 2383 odor
631 2365 739 2391 sumus;
772 2359 819 2386 sed
848 2360 919 2393 aliis,
942 2361 984 2388 itt-

197 2399 265 2433 quit,
290 2400 357 2427 odor
380 2401 413 2428 de
442 2401 496 2428 vita
521 2401 547 2428 itt
575 2401 668 2434 vitam,
682 2403 744 2430 aliis
763 2409 853 2431 autem
866 2407 933 2432 odor
951 2408 984 2436 de

197 2446 322 2476 morlein
343 2452 468 2474 mortem.
488 2457 497 2473 ι
516 2448 556 2474 Ita
580 2453 606 2475 et
623 2449 796 2483 propheticus
816 2458 907 2478 sermo
919 2461 983 2480 sna-

196 2492 236 2519 vis
249 2493 316 2520 odor
335 2499 377 2520 est
393 2493 586 2527 credentibus;
602 2495 692 2522 dubiis
703 2502 768 2522 vero
780 2500 807 2522 et
822 2496 980 2530 incredulis,

194 2538 275 2570 cthis
289 2538 335 2573 qui
354 2546 383 2565 se
396 2539 524 2574 populum
548 2540 710 2567 conﬁtentur
739 2547 802 2568 esse
821 2541 981 2575 Pharaonis,

195 2584 262 2617 oder
276 2586 450 2613 exsecrabilis
465 2585 590 2613 ellicitur.
610 2585 662 2614 Sed
679 2591 707 2614 et
722 2586 779 2621 ipse
793 2587 898 2622 Moyses
914 2589 982 2616 dicit

195 2629 228 2654 ad
246 2628 398 2661 Dominum,
415 2632 476 2665 quia
497 2641 506 2657 ι
523 2640 555 2659 ex
565 2640 620 2668 quo
635 2632 739 2659 locutus
751 2640 810 2659 smn
832 2641 892 2660 cum
908 2633 980 2662 Pha—

197 2681 290 2706 raone,
318 2676 412 2704 alllixit
443 2677 569 2711 populum
599 2683 673 2705 tuum
697 2678 730 2704 ³¹.
759 2688 769 2704 t
796 2678 906 2706 Certum
937 2686 979 2708 est

195 2720 266 2754 enim
295 2721 358 2755 quia
384 2727 528 2756 antequam
548 2731 638 2751 sermo
658 2723 703 2750 Dei
734 2724 872 2756 audiatur,
904 2730 981 2752 antc-

233 2767 254 2780 ’τ
273 2766 349 2792 llntn.
368 2775 406 2794 lx.
420 2767 446 2795 li.
462 2768 487 2794 7.
526 2769 549 2784 ’³
567 2769 650 2796 Exod.
669 2777 694 2801 ν,
710 2770 755 2796 9-i-

196 2808 233 2831 \t,
251 2801 294 2831 l5.
311 2802 350 2827 Ιῖὶ.
390 2803 412 2818 ³³
429 2803 515 2829 Calai.
531 2812 559 2831 ν.
580 2805 601 2830 Ι.
640 2805 662 2820 ³³
677 2805 782 2837 lluth‘,
797 2805 825 2830 ‘2.

198 2843 252 2869 ιιι,
278 2838 321 2863 ait).
363 2837 383 2853 "
418 2838 490 2865 I'Laod
529 2847 592 2870 xvu,
628 2839 667 2866 ll.
708 2839 730 2855 "‘
750 2840 841 2873 qurnb.
867 2848 902 2872 tv,
925 2842 950 2867 7.

795 2770 816 2785 ²⁹
829 2769 906 2796 Joan.
927 2779 963 2803 tt,
979 2772 1023 2798 50.

865 2805 962 2832 “i‘sat.
979 2807 1108 2840 Lxxlll,':’..

1041 1584 1103 1607 sunt
1117 1580 1208 1614 pedes,
1222 1584 1249 1607 et
1265 1579 1438 1614 paulominus
1449 1579 1526 1607 emisi
1544 1585 1607 1606 sunt
1621 1587 1733 1614 gressus
1749 1579 1822 1606 mei.»

1040 1626 1150 1654 Stemus
1176 1634 1242 1660 ergo
1260 1631 1322 1654 ante
1343 1626 1525 1658 Pharaonem,
1543 1626 1569 1653 id
1591 1631 1633 1653 est
1665 1627 1824 1654 obsistannzs

1039 1673 1063 1700 ci
1080 1673 1107 1700 in
1127 1672 1286 1704 certamine,
1305 1674 1376 1700 sicut
1392 1678 1419 1700 et
1433 1672 1528 1700 Petrus
1549 1672 1690 1707 apostolus
1701 1672 1768 1700 dicit
1782 1671 1822 1697 "z

1043 1727 1053 1745 ι
1066 1718 1116 1747 Cui
1136 1718 1254 1746 resistite
1270 1718 1355 1746 fortes
1371 1719 1396 1746 itt
1410 1719 1473 1746 lide.
1493 1727 1504 1744 ι
1529 1717 1582 1746 Sed
1597 1723 1624 1746 et
1640 1717 1744 1746 Paulus
1757 1717 1822 1744 nihl-

1041 1763 1158 1790 lominus
1174 1763 1241 1791 dicit
1256 1764 1277 1781 "
1297 1772 1304 1791 :
1323 1772 1339 1793 ι,
1350 1762 1427 1793 State
1447 1764 1473 1791 itt
1489 1763 1540 1791 lide
1552 1768 1580 1791 et
1593 1763 1713 1790 viriliter
1728 1763 1822 1798 agite»

1040 1809 1068 1836 Si
1083 1810 1154 1836 enim
1169 1809 1274 1837 fortiter
1287 1811 1452 1843 steterimus,
1472 1814 1658 1844 consequetur
1674 1809 1738 1836 illud
1756 1808 1822 1843 quod

1039 1855 1135 1883 orabat
1156 1854 1253 1882 Paulus
1274 1862 1324 1891 pro
1348 1855 1490 1890 discipulis
1513 1855 1618 1888 diCens,
1641 1856 1706 1889 quia
1731 1864 1741 1880 ι
1759 1853 1822 1881 Deus

1039 1905 1163 1927 conteret
1189 1899 1271 1926 Satan
1290 1900 1340 1927 sub
1360 1899 1473 1934 pedibus
1497 1898 1596 1926 vestris
1619 1899 1750 1925 velociter
1764 1897 1793 1924 ³⁸.
1812 1905 1820 1921 ι

1039 1945 1148 1977 Quanto
1159 1945 1230 1971 enittt
1246 1951 1298 1971 nos
1315 1944 1486 1972 constantius
1508 1947 1534 1971 et
1548 1943 1645 1971 fortius
1658 1944 1821 1973 steterimus,

1039 1995 1115 2017 tanto
1134 1990 1267 2017 infirmior
1287 1994 1313 2017 et
1330 1989 1472 2017 invalidior
1486 1989 1538 2017 erit
1551 1989 1668 2017 Pharao.
1688 1989 1717 2016 Si
1737 1994 1822 2014 autem

1039 2043 1089 2062 nos
1102 2035 1143 2062 vel
1159 2035 1258 2062 inllrnii
1273 2035 1438 2069 cmperimus
1457 2041 1527 2067 esse,
1553 2033 1593 2060 vel
1614 2033 1704 2066 dubii,
1722 2033 1764 2060 ille
1778 2031 1820 2057 ad-

1039 2088 1146 2109 versum
1170 2089 1218 2108 nos
1242 2080 1356 2108 validior
1376 2085 1403 2107 et
1426 2080 1595 2107 constantior
1621 2079 1677 2108 liet.
1709 2079 1742 2106 Et
1764 2084 1820 2104 vere

1040 2127 1105 2154 illtnl
1135 2127 1292 2162 implebitur
1319 2127 1346 2154 in
1370 2126 1469 2160 ttobis,
1492 2127 1517 2153 in
1546 2134 1599 2161 quo
1618 2125 1725 2160 Moyses
1753 2123 1820 2151 dedit

1040 2174 1151 2209 ligarant
1168 2173 1201 2200 ³³.
1216 2173 1283 2201 Cum
1299 2173 1372 2201 enim
1395 2173 1451 2208 ipse
1463 2172 1583 2200 elevaret
1603 2180 1712 2204 manus,
1732 2171 1819 2198 vince-

1001 2214 1024 2242 [δ
1038 2219 1120 2247 batur
1144 2219 1285 2247 Amalech.
1311 2219 1340 2247 Si
1361 2226 1425 2246 vero
1447 2218 1520 2246 velut
1537 2219 1623 2246 lassas
1634 2218 1775 2254 dejiceret.
1795 2219 1820 2241 cl

1038 2266 1147 2293 brachia
1175 2265 1282 2292 inlirtna
1303 2265 1469 2300 deponeret,
1485 2264 1665 2294 invalescebat
1680 2261 1818 2290 Amalech.

1036 2311 1074 2339 Ita
1094 2319 1159 2346 ergo
1179 2311 1260 2338 etiam
1286 2319 1337 2338 nos
1363 2311 1389 2338 in
1406 2312 1507 2338 virtute
1534 2311 1624 2339 crucis
1651 2309 1752 2337 Christi
1771 2314 1817 2334 ex-

1037 2358 1162 2386 tollanms
1177 2357 1308 2390 brachia,
1330 2361 1359 2386 et
1373 2357 1510 2384 eleventus
1535 2357 1561 2384 in
1581 2357 1703 2384 oratione
1727 2357 1816 2382 sant-ta

1037 2410 1133 2431 ntanus
1150 2404 1176 2430 in
1199 2403 1276 2431 omni
1300 2403 1359 2430 loco
1382 2402 1440 2430 sine
1465 2403 1504 2429 ira
1521 2407 1547 2429 et
1564 2401 1769 2435 disceptatione.
1790 2402 1816 2424 ut

1036 2450 1142 2477 Domini
1159 2456 1312 2476 mereamur
1326 2447 1468 2474 auxilium.
1493 2446 1548 2474 Hoc
1568 2446 1637 2474 idem
1657 2452 1771 2480 namque
1791 2447 1816 2468 et

1033 2495 1152 2523 Iacobus
1164 2493 1303 2528 apostolus
1317 2493 1460 2520 cobortatu
1467 2500 1488 2524 r,
1515 2492 1608 2518 dicens
1618 2491 1657 2518 “:
1671 2500 1680 2516 ι
1694 2488 1815 2517 Resistite

1035 2546 1124 2568 autem
1152 2539 1272 2571 diabolo,
1302 2542 1330 2566 et
1353 2537 1437 2572 fugiet
1458 2545 1473 2563 a
1498 2536 1730 2571 vobis.pAganms
1754 2540 1814 2567 ergo

1035 2586 1108 2614 Omni
1128 2586 1190 2617 lide,
1203 2590 1294 2612 utnon
1307 2584 1392 2611 solum
1413 2584 1498 2618 fugiat
1518 2592 1532 2610 a
1553 2583 1639 2615 nobis,
1653 2583 1698 2609 sed
1712 2587 1738 2608 ct
1753 2587 1814 2606 cun-

1037 2637 1140 2660 teratnr
1154 2631 1270 2659 Satanas
1283 2631 1335 2657 sub
1349 2630 1463 2664 pedibus
1479 2629 1579 2656 nostris
1589 2649 1596 2660 ,
1613 2629 1682 2655 sicut
1702 2633 1729 2654 et
1745 2625 1812 2652 Pha-

1034 2687 1082 2706 rao
1100 2679 1239 2705 demersus
1259 2681 1301 2704 est
1321 2677 1346 2703 iu
1364 2685 1438 2704 mare
1450 2697 1458 2709 ,
1482 2682 1509 2702 et
1525 2675 1551 2702 in
1574 2674 1708 2710 profundo
1727 2669 1812 2707 abyssi

1033 2725 1193 2752 exstinctus.
1218 2722 1273 2750 Nos
1299 2728 1390 2750 autent
1418 2724 1439 2749 si
1457 2723 1615 2749 recedamus
1641 2721 1674 2748 de
1699 2719 1811 2753 Egypt"

1063 2772 1085 2787 ³⁸⁵
1102 2771 1121 2797 ll
1136 2770 1197 2797 Cor.
1212 2777 1240 2800 ιι,
1259 2767 1303 2799 15,
1320 2769 1363 2798 l6.
1403 2769 1422 2784 "
1441 2768 1525 2795 Exod.
1545 2776 1571 2798 ν.
1585 2767 1629 2794 ‘23.
1674 2767 1696 2782 ³¹
1717 2764 1809 2797 l-Ipln-s.

1148 2804 1274 2832 "ll’ctr.
1289 2806 1348 2837 v,'.|.
1389 2805 1410 2820 ³⁷
1422 2803 1443 2830 ll
1464 2804 1525 2831 Cor.
1542 2811 1599 2836 xvr,
1620 2803 1666 2830 l3.
1705 2800 1808 2827 "llum-
