1900 3060
79 110 129 137 517

701 104 736 130 IN
754 97 898 128 EXODUM
918 98 1059 126 ll0.\llLl.\
1079 96 1122 126 IV.

1661 94 1713 122 5Ιὸ

78 167 208 194 vitiorum
225 185 234 198 ο
261 165 360 192 ﬂuctus
387 164 478 191 saeculi
512 169 641 196 tmnjuam
674 160 725 187 iter
756 159 872 187 solidum
888 155 1008 186 Amano
1033 155 1108 190 ejus,
1134 155 1266 182 additur:
1287 154 1424 186 tl’acies,
1453 153 1538 186 inquit
1560 152 1593 183 “,
1624 159 1656 178 ea
1685 152 1713 178 ia

76 213 239 244 evademus,
255 219 303 245 per
315 210 410 238 Jesum
424 210 562 237 Christum
577 208 719 235 Dominum
736 210 872 237 nostrum,

76 259 120 287 cui
143 263 186 286 est
200 257 286 293 gloria
301 262 329 284 et
348 256 492 292 imperium
522 256 549 283 in
582 254 680 282 sacula
697 252 870 280 saeculorum.

76 305 175 333 Amen.
497 309 499 311 ‘
612 307 616 310 ‘

373 350 511 379 HOMILIA
533 349 577 377 IV.

85 399 123 426 De
149 399 240 426 decen
265 397 370 432 plagis,
392 397 488 432 quibus
513 403 637 431 percussa
661 399 700 422 ut
725 393 870 428 Egypt“.

113 443 140 470 I.
170 442 293 470 Historia
312 442 423 476 quidem
450 440 632 469 famosissima
654 439 734 467 nobis
758 438 870 465 recitata

76 493 131 520 est,
147 493 249 521 etquae
262 495 312 522 pro
325 487 365 515 sui
380 486 568 520 magnitudine
579 486 706 513 universo
719 484 821 512 mnmlo
835 483 871 511 sit

76 534 201 568 cognita,
234 541 284 568 per
309 541 391 567 quain
417 532 588 567 designatur,
617 531 690 567 quod
717 531 871 566 ingentibus

76 580 219 612 signorum
234 587 267 606 ae
280 578 463 613 prodigiorum
477 577 637 606 verberibus
656 576 793 612 Egyptus
806 585 868 604 cum

78 624 223 652 Pharaone
240 632 304 659 rege
318 625 449 659 castigata
466 625 517 658 sit,
542 629 571 652 ut
587 623 762 652 Hebraaorum
782 631 868 658 popu-

78 670 147 703 lum,
172 678 254 705 quem
273 679 304 698 ex
322 670 415 698 liberis
433 670 555 705 patribus
576 674 668 697 uatum
685 670 821 697 violenter
841 671 868 698 in

78 717 241 744 servitutem
261 716 415 750 redegerat,
438 715 565 750 ingenita:
589 716 715 743 redderet
735 716 867 744 libertati.

79 760 180 788 Verum
211 762 249 788 ita
265 766 404 796 gestorum
427 766 555 788 contexta
584 761 705 788 narratio
725 766 776 792 est,
801 767 830 789 ut
845 761 867 789 si

77 807 183 842 singula
196 807 343 842 diligenter
361 808 499 842 inspicias,
515 808 595 842 plura
611 807 636 834 in
650 807 750 842 quibus
767 808 867 835 luerent
882 827 904 856 Β

78 852 234 882 intellectus
246 860 327 886 quam
345 853 371 879 in
388 852 488 887 quibus
503 853 633 887 expedire
649 862 679 882 se
695 855 780 888 possit
796 855 868 883 inve-

79 899 147 925 nias.
180 898 215 925 Et
245 899 310 933 quia
339 899 448 933 longum
479 904 522 927 est
543 899 648 934 singula
674 907 723 934 per
746 901 868 929 ordinem

78 944 231 978 Scripturre
257 944 331 971 dicta
355 952 529 979 proponere,
563 946 759 974 continentiam
788 948 869 975 totius

78 990 201 1019 historiae
216 991 440 1024 compendiosius
458 992 670 1019 recensebimus.
683 992 768 1027 Igitur
781 993 869 1028 primo

76 1036 154 1070 signo
172 1035 290 1070 proiecit
313 1036 418 1071 virgam
444 1044 521 1064 suam
545 1038 651 1070 Aaron,
676 1042 704 1064 et
726 1038 798 1065 facta
827 1044 868 1066 est

76 1081 170 1113 draco,
191 1089 220 1109 et
236 1082 377 1110 convocati
393 1083 579 1110 incantatores
599 1088 626 1111 et
643 1083 759 1111 maleﬁci
782 1084 867 1120 Αἰξίν

79 1127 199 1161 ptiorum
219 1127 345 1155 fecerunt
360 1128 487 1156 similiter
501 1137 533 1156 ex
552 1129 635 1165 virgis
649 1130 705 1159 suis
724 1131 866 1159 dracones.

75 1172 129 1200 Sed
158 1173 258 1206 draco,
284 1174 330 1209 qui
353 1181 385 1201 ex
407 1174 482 1209 virga
505 1175 596 1202 Aaron
621 1177 711 1204 fuerat
742 1177 864 1209 ell‘ectus,

74 1220 221 1249 absorbuit
233 1221 366 1248 dracones
381 1221 581 1257 Epyptiorum.
598 1222 673 1256 Quod
687 1231 747 1250 cum
761 1226 865 1259 stupori

72 1274 133 1293 esse
158 1266 288 1293 debuerit
312 1266 458 1300 Pharaoni,
477 1273 505 1295 et
525 1269 558 1295 ad
580 1269 768 1297 credulitatem
785 1272 867 1305 proli-

73 1319 149 1344 cere,
166 1312 194 1338 in
208 1313 379 1339 contrarium
411 1321 518 1341 versnln
537 1319 588 1342 est.
613 1315 683 1343 Dicit
700 1317 772 1342 enim
789 1317 866 1344 Scri-

73 1362 166 1390 ptura,
181 1357 266 1391 quiat
281 1357 435 1385 induratum
459 1364 500 1386 est
518 1367 566 1386 cor
583 1359 744 1393 Pharaonis,
772 1365 799 1387 et
814 1369 865 1388 non

73 1402 219 1429 exaudivit
235 1410 283 1430 eos
299 1403 334 1432 “.
351 1413 360 1429 ι
394 1405 425 1432 Et
440 1405 483 1432 hic
499 1405 607 1440 quidem
620 1407 696 1438 dicit,
710 1407 772 1442 quia
787 1407 866 1434 indit-

73 1453 162 1475 ratum
176 1453 221 1476 est
240 1456 290 1477 cor
300 1449 452 1478 Pharaonis
462 1470 471 1484 ,
486 1451 533 1479 sed
547 1457 574 1479 et
586 1452 612 1479 in
624 1453 709 1487 prima
729 1453 866 1481 nihilomi—

923 207 1070 236 conspectu
1092 201 1252 228 Pharaonis.
1272 200 1326 235 Ego
1348 204 1439 225 autem
1463 198 1560 224 indnro
1579 204 1625 224 cor
1639 195 1707 223 Pha-

926 250 1029 281 raonis,
1045 254 1133 277 etnon
1149 249 1267 275 dimittet
1281 247 1409 282 pupulum
1427 254 1542 273 ineunt.»
1562 244 1609 271 llic
1624 244 1713 278 primo

923 295 1024 323 dictum
1039 298 1082 322 est
1098 302 1112 320 ιι
1130 293 1262 320 Domino;
1278 292 1349 328 (Ego
1362 292 1459 318 induro
1475 299 1521 317 ror
1533 289 1710 316 Pharaonis.»

923 342 977 370 Sed
994 347 1020 369 et
1031 341 1150 369 secundo
1164 339 1208 367 tibi
1223 339 1374 367 emnnerati
1386 342 1447 365 sunt
1464 337 1602 372 principes
1618 335 1713 369 Israel,

921 394 981 425 post
1003 396 1088 423 pauca
1108 388 1184 415 addit
1203 395 1235 414 ex
1257 394 1372 422 persona
1393 385 1498 412 Domini
1516 394 1522 412 :
1543 394 1552 410 ι
1572 384 1646 419 Ego.
1669 383 1714 410 in-

922 437 983 473 quit
997 437 1032 471 “,
1054 437 1152 464 induro
1163 442 1211 463 cor
1226 433 1391 466 Pharaonis,
1417 437 1443 460 et
1462 431 1612 466 nntltiplico
1635 431 1713 465 signa

921 491 989 514 mea.
1009 491 1020 512 I

956 530 984 557 2.
1005 530 1082 564 Quod
1095 529 1117 556 si
1132 528 1270 556 credimus
1285 525 1393 555 divinas
1415 533 1475 554 esse
1498 526 1546 553 bas
1561 525 1668 552 litteras
1687 529 1715 551 et

921 583 969 611 per
989 575 1122 611 Spiritum
1133 578 1257 602 sanctum
1271 572 1405 607 scriptas,
1425 580 1478 599 non
1495 577 1560 607 puto
1574 571 1645 606 quod
1660 575 1714 597 tam

921 622 1031 657 indigne
1044 621 1078 649 de
1097 621 1188 648 divino
1208 619 1311 654 Spiritu
1325 620 1486 651 sentiamus,
1504 623 1533 645 ut
1555 618 1666 645 fortuitu
1688 617 1714 644 in

921 674 998 696 tanto
1020 670 1072 695 hoc
1095 675 1179 702 opere
1205 667 1278 694 facta
1300 667 1334 694 sit
1358 667 1409 693 ista
1430 665 1566 695 varietas,
1589 669 1626 690 ιιι·
1642 671 1714 690 ntmc

919 715 1028 750 quidem
1046 714 1176 742 Dominus
1194 713 1302 740 dicatur
1324 713 1466 740 indurasse
1478 719 1525 738 cor
1541 710 1710 742 Pharaonis,

921 769 991 789 nunc
1006 766 1097 788 autent
1111 768 1163 789 non
1179 767 1194 786 τι
1210 759 1337 790 Domino,
1360 759 1406 786 sovl
1432 758 1509 793 quasi
1526 762 1622 791 sponte
1636 756 1712 782 indu-

921 813 1009 834 ratum
1025 807 1143 834 dicatur.
1166 805 1298 841 Equidem
1317 805 1449 831 conliteor
1474 811 1517 830 me
1541 803 1630 830 minus
1653 801 1712 829 ido-

922 861 1013 887 neum,
1029 857 1057 881 et
1076 853 1165 880 minus
1179 860 1308 887 capacem
1321 871 1328 884 ,
1353 851 1398 885 qui
1417 851 1520 878 valeam
1537 850 1563 876 in
1587 850 1711 881 hujusce-

921 901 994 929 modi
1012 899 1190 929 varietatibus
1208 899 1306 927 divina:
1320 898 1462 932 sapientia:
1487 901 1589 924 secreta
1608 895 1712 922 rimari.

920 947 1034 978 Paulum
1051 951 1141 975 tamen
1154 944 1307 980 apostolum
1325 943 1421 974 video,
1443 942 1488 976 qui
1507 945 1619 976 propter
1635 940 1711 966 inha—

921 994 1054 1022 bitaulem
1072 992 1098 1019 in
1111 998 1141 1019 se
1155 991 1283 1025 spiritum
1303 990 1350 1017 Dei
1372 989 1462 1016 dicere
1475 987 1647 1015 conﬁdenter
1664 994 1713 1013 au—

920 1041 998 1068 debat
1015 1040 1037 1055 "
1055 1048 1061 1066 ε
1080 1038 1185 1066 «Nobis
1217 1043 1309 1064 autem
1340 1034 1472 1063 revelavit
1502 1034 1633 1061 Dominus
1663 1041 1711 1068 per

919 1085 1044 1120 spiritum
1071 1091 1161 1111 suum.
1195 1082 1314 1118 Spiritus
1342 1082 1414 1109 cuitu
1443 1081 1532 1108 omnia
1562 1084 1710 1108 scrutatur.

918 1131 1001 1159 etiam
1025 1131 1079 1157 alta
1097 1129 1155 1157 Dei.
1178 1139 1187 1155 ι
1214 1129 1309 1162 Hunc,
1338 1129 1457 1162 inquam,
1480 1126 1558 1153 video
1583 1130 1710 1160 tanquam

920 1177 1112 1211 intelligentem
1129 1176 1195 1210 quid
1211 1174 1318 1202 dilTerat
1333 1174 1492 1200 induratum
1504 1180 1565 1200 esse
1578 1180 1626 1199 cor
1639 1171 1709 1198 Plia-

919 1222 1031 1254 raonis,
1063 1226 1091 1249 et
1119 1211 1261 1247 indm-asse
1289 1227 1337 1246 cor
1365 1218 1516 1246 Pharaoais
1544 1218 1686 1244 Dominum
1703 1237 1710 1247 ,

917 1269 1018 1296 dicere.
1036 1267 1107 1296 Alibi
1129 1267 1240 1302 quidem
1265 1266 1332 1294 dicit
1350 1266 1393 1293 i":
1412 1275 1421 1291 ι
1437 1266 1477 1292 An
1499 1265 1609 1292 divitias
1632 1263 1709 1292 boni-

919 1317 982 1345 tatis
997 1314 1066 1349 ejus,
1081 1319 1109 1342 et
1120 1314 1269 1349 patientiae,
1279 1318 1306 1340 et
1318 1312 1533 1349 longanimitatis
1546 1310 1710 1344 contemnis,

917 1363 1045 1398 ignorans
1058 1361 1122 1397 quia
1137 1360 1267 1395 patientia
1280 1359 1325 1387 Dei
1340 1360 1372 1386 ad
1385 1358 1572 1394 paenitentiam
1592 1363 1616 1384 te
1629 1358 1710 1384 addu-

917 1409 976 1437 cit?
992 1409 1145 1436 Secundum
1158 1408 1286 1434 duritiam
1301 1411 1392 1434 autent
1411 1411 1496 1439 tuam,
1514 1411 1539 1432 et
1551 1413 1599 1432 cor
1613 1405 1709 1439 impne.

917 1456 1007 1482 nitens
1025 1454 1195 1482 thesauriaas
1214 1453 1260 1480 tibi
1279 1453 1348 1479 iram
1369 1453 1453 1479 indie
1470 1453 1528 1484 irae,
1555 1457 1580 1478 et
1605 1451 1705 1479 revela-

74 1503 125 1523 nus
139 1496 233 1531 plaga,
248 1497 292 1523 ubi
306 1505 375 1532 aqua
389 1497 414 1524 in
426 1499 724 1533 sanguiuem'vertitur,
738 1501 863 1528 similiter
877 1500 899 1531 α
917 1500 998 1527 tionis
1015 1501 1081 1534 justi
1097 1499 1192 1534 judicii
1209 1499 1266 1526 Dei.
1279 1509 1289 1526 ι
1307 1499 1358 1526 Per
1373 1499 1444 1533 quod
1462 1506 1522 1525 eum
1539 1497 1598 1524 sine
1615 1497 1709 1529 dubio,

76 1543 243 1576 rescriptum
258 1549 311 1576 est,
327 1548 353 1571 et
365 1545 390 1570 in
406 1546 524 1572 secunda
539 1552 598 1572 eum
615 1553 688 1573 rame
702 1545 864 1580 debulliunt,

75 1588 167 1615 sedet
185 1588 212 1615 iu
229 1589 306 1616 tertia
328 1597 388 1616 cum
404 1590 526 1624 ciniphes
547 1592 696 1627 ingruunt;
720 1593 745 1619 in
769 1598 865 1628 quarta

73 1641 185 1668 quoque
207 1643 271 1661 cum
293 1637 435 1672 cynomyia
458 1637 595 1669 educitur,
618 1638 689 1665 etin
705 1639 798 1672 quinta
820 1640 865 1667 ubi

75 1687 174 1706 manus
186 1679 294 1708 Domini
308 1684 339 1708 tit
352 1690 435 1717 super
450 1691 548 1718 pecora
569 1684 772 1720 Egyptiorum,
789 1685 866 1720 paria

73 1733 156 1760 super
173 1726 227 1754 boc
243 1726 372 1756 dicuntur
389 1733 417 1755 et
430 1730 539 1757 similia.
567 1730 595 1757 lu
624 1735 700 1758 sexta
731 1731 865 1767 vcro,nbi

73 1773 192 1808 sumpsit
211 1774 331 1801 favillam
345 1776 378 1802 de
394 1775 506 1804 fornace
529 1777 644 1812 Moyses,
669 1781 695 1805 et
722 1778 864 1812 respersit,

73 1823 100 1844 et
111 1819 185 1845 facta
201 1824 265 1846 sunt
280 1819 369 1847 ulcera
384 1825 411 1848 et
426 1822 522 1849 vesicae
542 1822 679 1851 fert-entes
698 1823 724 1850 in
746 1824 865 1851 homini-

73 1865 159 1892 buset
171 1866 199 1892 in
216 1865 451 1900 quadrupedibus,
472 1874 498 1894 et
509 1867 565 1902 jam
579 1876 632 1895 non
651 1874 775 1903 poterant
793 1875 866 1898 stare

73 1910 191 1938 malelici
212 1911 238 1938 in
256 1918 404 1946 conspectu
414 1912 511 1948 Moysi,
524 1921 576 1940 non
592 1914 692 1941 dicitur
708 1915 770 1949 quia
788 1915 866 1942 indu-

72 1962 163 1984 ratum
181 1962 225 1984 est
247 1965 295 1985 cor
319 1958 478 1989 Pharaonis.
509 1960 556 1987 sed
587 1960 737 1988 terribilius
760 1961 863 1996 aliquid

72 2003 184 2030 dicitur.
212 2002 350 2038 Scriptum
379 2008 421 2032 est
447 2005 521 2032 enim
553 2006 588 2039 δ’,
616 2005 678 2040 quia
699 2015 708 2032 ι
729 2007 866 2035 induravit

72 2048 206 2076 Dominus
220 2056 269 2076 cor
282 2048 443 2084 Pharaonis,
454 2055 482 2078 et
496 2059 549 2078 non
567 2051 668 2078 audivit
687 2052 757 2083 illos,
770 2060 865 2088 quem-

72 2097 219 2123 admodum
242 2097 382 2124 constituit
399 2096 553 2124 Dominus.)
570 2097 684 2124 Rursum
696 2097 720 2124 in
737 2098 862 2132 septima,

71 2150 132 2169 enni
153 2143 261 2177 grando
282 2148 309 2170 et
326 2143 394 2178 ignis
413 2143 561 2179 A‘lgyptum
588 2150 674 2171 vastat
696 2145 861 2178 universam,

72 2189 220 2216 induntur
228 2189 339 2225 quidem
353 2196 400 2216 cor
415 2189 575 2222 Pharaonis,
590 2191 637 2218 Sed
647 2199 699 2218 non
710 2199 724 2218 a
738 2192 860 2219 Domino.

72 2236 99 2262 In
115 2241 225 2268 octava,
243 2235 287 2262 ubi
306 2236 408 2263 locusta
416 2237 591 2271 producitur,
610 2237 740 2265 Dominus
761 2238 862 2266 dicitur

73 2283 205 2309 indurare
217 2290 266 2309 cor
280 2282 442 2310 Pharaonis.
464 2283 516 2310 Sed
533 2288 559 2310 et
574 2284 600 2310 in
623 2292 694 2311 nona
706 2292 767 2311 cum
785 2290 862 2313 tene-

70 2327 124 2355 δικ
152 2327 305 2362 palpabiles
327 2328 395 2354 Iinnt
415 2335 463 2362 per
493 2333 577 2356 totam
606 2336 705 2358 terram
732 2331 859 2368 Egypti,

70 2373 224 2401 Pharaonis
248 2380 296 2401 cur
329 2373 460 2400 Dominus
486 2374 617 2401 scribitur
643 2376 783 2404 indurare.
818 2377 859 2406 Ad

69 2421 195 2448 ultimum
209 2427 318 2454 quoque
331 2428 392 2447 cum
414 2421 557 2448 exstinctis
580 2421 768 2457 primogenitis
779 2423 860 2460 AEgy-

70 2469 189 2502 ptiorum
209 2466 340 2494 llebrseus
361 2467 476 2502 populus
498 2468 681 2501 discessisset,
697 2475 756 2504 post
773 2471 856 2498 inulta

69 2513 170 2541 dicitur
189 2513 237 2540 ":
260 2522 269 2538 ι
286 2513 318 2540 Ει
339 2514 477 2541 induravit
496 2515 626 2542 Dominus
640 2523 689 2542 cor
708 2516 857 2546 Pharaonis

68 2562 139 2596 regis
155 2560 286 2595 Egypti,
303 2564 331 2587 el
352 2568 493 2588 servorum
514 2561 583 2595 ejus,
608 2565 635 2588 ct
657 2562 796 2591 insecutus
817 2569 859 2591 est

69 2613 125 2640 post
137 2608 214 2633 1IIios
229 2606 323 2633 Israel.
340 2617 349 2632 ι
377 2606 430 2634 Sed
446 2612 474 2634 et
490 2615 551 2635 cum
566 2607 674 2643 Moyses
693 2607 715 2624 “
732 2610 766 2636 de
783 2615 856 2638 terra

71 2652 176 2680 Madian
194 2652 275 2689 ιω
289 2653 322 2679 ad
337 2652 483 2689 Egyptum
503 2653 631 2687 mittitur,
654 2659 682 2681 et
700 2656 857 2690 praecipitur

70 2699 91 2726 ei
110 2699 201 2726 facere
215 2699 307 2726 omnia
327 2699 450 2734 prodigia
463 2718 470 2730 .
494 2707 554 2735 quae
579 2700 653 2727 dedit
676 2700 806 2729 Dominus
828 2703 854 2730 in

102 2759 122 2775 ι·
145 2760 232 2800 smn.
252 2767 301 2791 vn,
320 2760 361 2786 ιδ.
402 2760 424 2775 ι’
445 2760 527 2787 ΕιιοιΙ.
547 2761 628 2792 x,‘20.
667 2761 689 2776 η
728 2762 812 2790 Exod.
835 2756 889 2797 xiv,
912 2765 938 2791 8.

108 2796 115 2821 Ι
133 2797 197 2822 (,or.
213 2803 240 2824 ιι,
259 2795 301 2821 lt).
341 2795 362 2812 "
376 2794 452 2822 Rotn.
472 2803 500 2824 tl.
523 2797 557 2824 4.
580 2797 607 2824 5.
659 2796 681 2812 "
698 2797 774 2824 “Ulli.
807 2807 844 2824 ιιι.
880 2801 910 2824 l8

721 2807 774 2824 UIII.
807 2807 844 2832 ιιι,
880 2801 910 2828 l8
939 2806 964 2826 ct
987 2806 1062 2832 sui”.

70 2795 90 2808 ⁸⁷
108 2796 115 2821 Ι
133 2797 197 2822 Cor.
213 2803 240 2825 ιι,
259 2795 301 2821 lt).
341 2795 362 2812 "
376 2794 452 2822 Rotn.
472 2803 500 2829 tt,
523 2797 557 2830 4,
580 2797 607 2824 5.

71 2831 90 2844 ”
109 2831 181 2858 Ι’ρ.ιΙ.
220 2838 304 2863 eux,
331 2831 353 2857 l.

918 1547 963 1582 qui
977 1551 1073 1582 sponte
1094 1547 1237 1574 induratus
1254 1550 1316 1578 est,
1340 1545 1440 1580 culpat.
1456 1545 1526 1572 Alibi
1551 1552 1614 1572 vero
1637 1545 1710 1571 Velut

917 1593 1093 1629 quaestionem
1107 1600 1188 1627 super
1202 1593 1255 1620 hoc
1267 1593 1411 1626 quamdam
1425 1599 1578 1627 proponens
1589 1591 1656 1618 dicit
1667 1591 1708 1618 w:

925 1649 935 1665 ι
950 1640 1022 1674 Ergo
1045 1640 1088 1666 cui
1109 1639 1166 1667 vult
1187 1639 1342 1670 miseretur,
1360 1644 1387 1666 et
1407 1646 1488 1673 quem
1505 1639 1562 1665 vult
1588 1639 1707 1665 indurat.

918 1685 990 1712 Dicis
1011 1685 1101 1719 itaque
1121 1684 1186 1711 mihi
1205 1693 1212 1711 :
1228 1683 1297 1717 Quid
1314 1684 1398 1719 igitur
1413 1684 1502 1711 adhuc
1515 1683 1708 1717 conqueritur?

918 1731 1057 1759 Voluntati
1080 1731 1151 1758 enim
1171 1731 1231 1765 ejus
1256 1732 1318 1766 quis
1340 1730 1464 1758 resistit?
1482 1740 1492 1756 ι
1520 1730 1604 1757 Addit
1626 1730 1708 1757 etiam

917 1777 960 1804 bis
976 1787 983 1804 :
1000 1786 1009 1802 ι
1024 1776 1046 1804 Ο
1073 1777 1165 1809 ιιοιιιο,
1183 1780 1212 1803 ιιι
1227 1776 1287 1810 quis
1307 1783 1338 1803 es
1359 1775 1404 1809 qui
1430 1779 1525 1802 contra
1542 1774 1709 1808 respondeas

918 1824 989 1851 Deo?
999 1822 1071 1851 IPer
1083 1824 1154 1858 quod
1168 1823 1201 1850 de
1217 1831 1249 1850 eo
1260 1823 1306 1856 qui
1318 1831 1331 1849 a
1349 1822 1463 1849 Domino
1479 1822 1578 1848 dicitur
1599 1821 1708 1847 indura—

917 1875 971 1903 tus,
989 1877 1042 1896 non
1061 1873 1115 1896 tam
1135 1869 1297 1904 quaestionis
1314 1868 1486 1895 absolutione
1497 1874 1577 1901 quam
1600 1871 1708 1899 aposto-

916 1917 967 1944 lica
999 1916 1168 1944 auctoritate
1200 1915 1361 1950 respondit,
1387 1913 1471 1942 credo
1502 1922 1555 1940 non
1581 1912 1708 1947 judicatus

915 1964 1025 1999 dignum
1049 1971 1098 1998 pro
1130 1962 1312 1997 incapacitate
1341 1961 1495 1988 auditorum
1511 1981 1519 1993 ,
1547 1960 1653 1988 chartis
1679 1965 1708 1988 et

916 2014 1070 2038 atramento
1090 2008 1276 2043 hujuscemodi
1291 2007 1491 2035 absolutionum
1511 2011 1617 2034 secreta
1633 2014 1708 2034 eont-

916 2057 1037 2085 mitlere.
1056 2055 1133 2083 Sicut
1148 2055 1214 2083 etin
1235 2054 1288 2081 alio
1307 2055 1366 2081 loco
1377 2053 1401 2069 ⁸⁸
1413 2053 1446 2080 de
1461 2053 1627 2089 quibusdam
1645 2060 1708 2079 ver-

915 2103 958 2131 bis
979 2103 1036 2138 ipse
1057 2102 1143 2134 dicit,
1162 2101 1272 2128 audisse
1290 2108 1321 2128 se
1344 2100 1469 2135 quaedam
1489 2107 1549 2134 quae
1572 2106 1624 2126 non
1643 2099 1707 2126 licet

917 2149 1071 2177 hominibus
1088 2148 1173 2183 loqui.
1190 2147 1268 2175 Unde
1283 2151 1311 2174 et
1332 2146 1360 2173 in
1383 2145 1628 2181 consequentibus,
1642 2153 1704 2172 eum

915 2196 962 2233 qui
981 2204 1034 2223 non
1053 2201 1108 2224 tam
1123 2196 1275 2224 studiorum
1296 2193 1394 2221 merito
1410 2200 1491 2228 quam
1513 2192 1615 2220 sciendi
1630 2192 1705 2226 cupi-

913 2245 998 2272 ditate
1019 2243 1216 2271 secretioribus
1237 2249 1266 2269 se
1280 2241 1479 2276 quaestionibus
1499 2239 1635 2266 curiosius
1651 2239 1704 2266 im-

912 2290 1022 2325 mergit,
1038 2289 1175 2324 magnifici
1190 2288 1313 2316 doctoris
1326 2288 1476 2315 severitate
1490 2287 1626 2316 deterret,
1641 2292 1702 2312 eum

913 2337 1017 2364 dicit“
1038 2345 1044 2363 :
1061 2344 1070 2361 ι
1082 2335 1104 2363 0
1123 2336 1214 2368 homo,
1233 2339 1260 2361 tu
1275 2334 1336 2368 quis
1358 2342 1387 2362 es
1410 2334 1456 2368 qui
1474 2338 1569 2360 contra
1592 2340 1702 2366 respon-
1727 2363 1729 2366 η

913 2382 979 2410 deas
1008 2382 1081 2408 Deo?
1111 2380 1237 2415 Nunquid
1261 2381 1328 2407 dicit
1357 2380 1513 2415 ﬁgmentum
1546 2379 1569 2406 ei
1596 2379 1642 2412 qui
1673 2386 1702 2405 se

913 2429 992 2456 ﬁnxit
1007 2428 1092 2461 :Quid
1115 2435 1158 2454 Ine
1180 2427 1268 2455 fecisti
1288 2427 1348 2454 sic?
1364 2436 1372 2452 ι
1392 2431 1419 2453 ει
1439 2430 1547 2452 mulera.
1576 2423 1654 2453 Unde
1675 2429 1702 2451 ct

912 2475 991 2502 nobis
1015 2475 1072 2501 ha-c
1094 2467 1258 2500 observasse
1282 2476 1385 2498 tantmn
1410 2475 1438 2497 et
1459 2470 1608 2504 inspexisse
1629 2469 1702 2495 stilli-

913 2521 984 2555 cial,
1009 2525 1091 2555 atque
1109 2519 1264 2547 ostendisse
1282 2517 1452 2545 auditoribus
1471 2522 1572 2551 quanta
1593 2515 1649 2541 sint
1673 2516 1699 2542 in

913 2566 971 2601 lege
987 2565 1076 2593 divina
1098 2564 1239 2598 profundis
1261 2564 1384 2590 demersa
1408 2561 1553 2595 mysteriis,
1574 2568 1623 2594 pro
1636 2561 1699 2595 qui-

911 2611 961 2639 bus
975 2611 1065 2638 dicere
1077 2610 1103 2637 in
1117 2610 1239 2637 oratione
1256 2609 1402 2636 debeamus
1415 2609 1437 2624 "
1451 2616 1458 2636 :
1475 2617 1484 2633 ι
1501 2607 1537 2634 De
1558 2605 1702 2646 profundis

910 2658 1024 2685 clamavi
1043 2657 1075 2683 ad
1091 2661 1125 2688 te,
1146 2656 1269 2682 Domine.
1285 2664 1294 2679 ι

945 2704 971 2730 5.
993 2703 1047 2730 Sed
1063 2708 1089 2729 et
1102 2702 1145 2729 illa
1173 2709 1225 2728 non
1249 2701 1338 2727 minus
1363 2701 1427 2728 Inibi
1444 2700 1572 2729 intuenda
1592 2701 1699 2730 videtur

978 2763 999 2778 “'
1013 2762 1096 2789 Exod.
1115 2770 1154 2788 Ill.
1194 2763 1216 2778 ⁵⁵
1239 2762 1321 2789 Exod.
1336 2762 1420 2792 tvﬂl.

1118 2798 1140 2813 '°
1159 2797 1177 2824 Il
1197 2798 1258 2825 Cur.
1292 2805 1340 2832 ιιι,
1366 2799 1390 2825 4.

1460 2761 1482 2776 ⁵⁸
1502 2761 1584 2787 Ιιὶχηιι.
1607 2768 1650 2790 vn.
1668 2759 1697 2788 5.

1446 2798 1467 2813 ⁵¹
1484 2798 1562 2825 liora.
1587 2803 1625 2830 Ix,
1651 2795 1697 2823 20.
