1902 3063
221 146 272 175 319

962 144 1126 173 ORIGENIS

1795 142 1842 168 ὖΞο

217 203 395 237 observatio,
423 212 485 232 eum
513 205 638 239 quzetlatr-
663 204 776 232 verbera
798 204 888 232 Aaroa
910 204 1012 232 inferre
1027 208 1050 234 Α
1065 211 1135 230 nona
1163 209 1270 230 rursum
1295 201 1479 230 contemnitur
1503 201 1620 234 Pharao,
1644 205 1671 228 et
1696 201 1842 235 praccipitur

218 249 321 276 dicitur
347 249 481 277 Pharaoni
509 250 549 277 vel
579 249 707 285 Egypto,
736 250 861 284 qnmdam
889 249 1008 284 Moyses,

218 295 343 328 qua-dam
358 302 423 323 vero
442 296 499 329 ipse
520 295 661 323 Dominus.
682 295 748 322 Nam
768 296 794 323 in
813 296 900 330 prima
920 296 1009 330 plaga,

185 336 186 339 “
220 348 282 367 cum
304 348 387 375 aquas
417 341 499 368 vertit
526 341 553 368 in
583 342 764 377 sanguinem,
794 342 884 369 Aaron
911 343 1011 370 dicitur

221 384 327 413 levasse
357 385 458 420 virgam
486 391 513 414 et
537 387 707 421 percussisse
733 395 841 422 aquam.
866 388 918 415 Sed
940 388 1009 415 etin

221 431 350 464 secunda,
365 440 427 461 cum
442 433 576 467 percussit
597 440 683 466 aqttas
695 451 702 464 ,
723 438 750 460 et
763 434 856 460 eduxit
871 441 962 464 ranas.
984 439 1011 461 et

219 476 337 503 lutettia
356 485 416 504 cuttt
435 479 557 505 extendit
582 486 662 505 mantt
684 486 731 505 sua
755 479 876 513 virgam,
898 485 925 506 et
948 487 1011 514 per-

218 522 304 549 cussit
319 522 458 557 pulverem
485 528 576 556 terrm,
600 529 627 551 et
652 524 716 551 facti
741 530 805 551 sunt
824 525 954 559 ciniphes.
981 526 1009 553 !n

220 567 262 594 his
287 568 374 596 trihtts
400 569 563 596 verberibus
587 570 676 596 Aaron
700 570 882 597 ministerium
905 571 965 597 fttit.
984 572 1009 598 In

221 619 322 647 quarto
348 622 414 641 vero
436 615 566 642 Dominus
584 615 681 642 fecisse
702 615 801 643 dicitur
823 621 852 643 ut
873 618 1011 645 adveniret

221 661 379 696 cyuomyia,
397 668 423 689 et
446 662 562 695 repleret
575 663 671 689 domos
691 662 854 692 Pharaonis.
870 665 922 691 Sed
938 669 966 691 et
984 665 1009 691 in

221 707 316 738 qunti
349 714 409 733 cum
440 709 650 742 exstinguuntur
679 716 776 742 pecora
809 708 1009 744 Egyptiornut,

222 750 353 779 Dominus
377 752 551 780 nihilominus
575 753 671 781 fecisse
695 754 794 781 dicitur
815 755 925 782 verbum
947 756 1009 783 hoc.

221 796 249 823 1η
267 802 343 823 sexto
355 805 419 824 vero
435 798 541 833 Moyses
560 800 679 834 aspergit
695 799 814 827 favillam
840 801 872 827 de
889 801 1010 834 fornace,

222 847 249 869 et
268 842 337 870 fiunt
351 843 440 871 ulcera
456 849 482 871 et
502 845 597 872 resicm
613 853 674 872 cum
690 846 798 873 fervore
817 846 842 873 in
857 847 1011 875 hominibus

221 892 249 915 et
275 890 429 924 pi-corihns.
458 891 510 918 Sed
535 896 562 918 et
589 891 614 918 itt
644 893 762 923 septimo
787 893 892 928 Moyses
916 895 1006 922 elevat

222 943 332 961 manum
350 943 426 962 suam
445 937 471 963 in
492 937 603 968 crelum,
621 942 648 964 et
664 939 731 965 liuut
746 946 826 966 voces
843 939 868 966 iu
882 940 962 973 ctelo,
986 945 1014 967 et

221 981 334 1014 grando,
347 985 374 1008 et
392 982 519 1009 discurrit
540 983 608 1017 ignis
628 991 711 1017 super
730 989 842 1012 terram.
868 985 896 1012 In
917 991 1013 1013 octavo

221 1034 330 1061 quoque
356 1028 425 1055 idetn
456 1028 561 1064 Moyses
589 1030 708 1057 extendit
739 1038 848 1058 manum
881 1040 958 1059 suam
986 1032 1012 1059 iit

221 1071 334 1104 ccclum,
354 1078 381 1100 et
398 1072 529 1101 Dominus
545 1074 649 1102 inducit
666 1080 773 1103 ventum
790 1081 843 1103 lota
859 1078 902 1104 die
914 1082 942 1104 et
958 1082 1012 1104 tota

220 1122 312 1150 nocte,
334 1122 363 1145 et
383 1119 491 1147 adducit
511 1119 641 1148 locustas.
667 1120 720 1148 Sed
742 1126 770 1149 et
795 1122 823 1149 in
846 1131 917 1150 nono
943 1123 1012 1151 idem

219 1163 396 1192 nihilominus
417 1164 522 1200 Moyses
543 1166 668 1193 extendit
691 1175 800 1194 tuauum
815 1175 892 1194 suam
910 1168 936 1194 in
955 1176 1013 1196 cm-

221 1209 292 1241 lum,
305 1215 331 1236 et
357 1210 424 1236 fiunt
445 1211 562 1238 tem-bra:
579 1217 605 1239 et
620 1212 707 1246 caligo
729 1220 810 1246 Super
822 1221 931 1239 omnem
956 1219 1012 1241 ter-

222 1261 281 1281 ram
307 1255 426 1290 Egypti.
456 1256 483 1283 In
511 1257 616 1284 decimo
643 1266 717 1290 vero,
745 1259 805 1285 linis
833 1264 858 1286 et
885 1260 1013 1294 perfectio

223 1301 307 1328 totias
341 1302 432 1336 operis
455 1309 470 1328 a
502 1302 616 1331 Dontino
645 1305 824 1332 ministratur.
864 1305 900 1332 lta
939 1307 1011 1334 enim

221 1345 352 1380 scriptum
365 1352 408 1374 est
423 1348 445 1364 ⁸³
463 1356 469 1374 :
488 1358 497 1372 ι
512 1349 625 1376 Factqu
642 1355 683 1377 est
697 1356 788 1388 autem
806 1351 878 1378 circa
896 1354 1011 1380 mediam

222 1395 346 1423 noctem,
368 1397 394 1419 et
413 1393 542 1422 Dominus
560 1396 693 1429 percussit
708 1402 788 1422 omne
802 1397 1011 1431 primogenitum

223 1436 251 1464 in
274 1442 345 1464 terra
367 1437 504 1474 Egyptii,
527 1449 541 1467 a
565 1441 745 1476 pritnogvnito
773 1442 937 1474 Pharaonis,
964 1445 1010 1479 qtti

223 1482 336 1510 sedebat
348 1491 398 1518 sup
416 1492 430 1511 r
449 1486 575 1512 thronum
590 1487 658 1521 ejus,
677 1495 763 1521 usque
789 1489 822 1514 ad
847 1489 1011 1523 primogeni-

223 1531 280 1556 tum
296 1530 408 1563 captiva:
419 1539 478 1565 qnte
500 1537 541 1559 est
560 1532 586 1559 ιιι
609 1533 678 1566 lacu,
704 1539 729 1560 et
752 1541 833 1561 onmc
846 1535 1023 1570 primogeni-'

225 1577 280 1600 tum
295 1575 409 1608 pecoris.
428 1585 437 1601 ι

259 1620 289 1647 tl.
301 1619 347 1647 Est
362 1625 389 1648 et
399 1621 452 1648 alia
473 1622 498 1649 in
524 1622 567 1650 his
591 1623 760 1656 differentia,
781 1631 862 1659 quam
883 1626 1012 1653 observa-

222 1663 326 1698 vimus,
344 1667 416 1701 quod
431 1667 458 1695 in
484 1668 571 1703 prima
586 1670 693 1704 quidem
712 1670 801 1704 plaga.
822 1679 883 1698 cum
897 1679 965 1706 aqua
984 1673 1010 1699 in

225 1711 382 1746 sanguinem
398 1713 467 1746 ﬂuit,
490 1715 611 1742 nomium
626 1715 725 1741 dicitur
739 1715 824 1751 Moysi
850 1722 878 1742 ut
898 1716 1013 1744 itttraret

224 1757 257 1785 ad
272 1757 452 1791 Pharaonem,
470 1760 518 1787 sed
534 1760 634 1786 dicitur
649 1761 673 1787 ei
687 1761 710 1776 “
725 1769 732 1788 :
751 1770 760 1786 ι
779 1761 852 1788 Vade
870 1762 896 1789 in
917 1771 1013 1791 orem--

224 1810 283 1829 sum
310 1802 370 1836 ejus
396 1806 430 1831 ad
455 1805 542 1837 ripam
565 1805 684 1833 ﬂutn'nis
699 1825 707 1838 ,
741 1814 803 1834 cum
830 1809 954 1841 procedit
979 1809 1012 1836 ad

224 1856 333 1883 nquam.
348 1859 358 1876 ι
372 1851 398 1878 ln
411 1851 528 1879 secunda
543 1860 607 1880 vrro
627 1853 714 1887 plaga,
730 1860 904 1889 posteaquam
926 1856 1011 1891 prima

224 1894 259 1921 ab
274 1895 315 1922 eis
327 1902 488 1924 Constanter
500 1903 526 1925 et
538 1898 654 1925 fideliter
675 1899 829 1927 ministrata
842 1907 895 1933 est,
914 1902 1013 1929 dicitur

223 1940 258 1966 ad
288 1949 348 1968 eum
374 1942 396 1958 ⁵³
414 1951 420 1969 :
439 1952 447 1968 t
462 1943 532 1971 Intra
563 1945 595 1971 ad
623 1944 802 1978 Pharaonem,
823 1951 850 1973 et
874 1947 1012 1980 ingressus

224 1985 269 2012 dic
286 1993 295 2014 :
312 1986 373 2014 [lare
386 1987 450 2015 dicit
468 1989 607 2020 Dominus.
625 1999 634 2016 ι
652 1995 679 2017 et
695 1991 809 2025 reliqua.
828 1991 887 2019 J.uu
904 2000 968 2019 vero
985 1993 1011 2019 in

225 2032 315 2063 tertia,
330 2033 374 2059 ubi
386 2033 508 2068 ciuiphes
523 2035 685 2068 inferuntur,
697 2037 765 2069 magi
781 2038 825 2070 qui
843 2040 917 2071 prius
929 2038 1013 2066 obsti-

225 2081 330 2108 terant,
348 2080 447 2105 cedunt
469 2081 635 2108 conﬁdentes
657 2083 720 2116 quia
751 2084 874 2118 «digitus
903 2085 948 2111 Dei
970 2091 1013 2112 est

224 2122 276 2148 hoc
289 2123 312 2138 "
328 2133 335 2150 :
353 2133 362 2149 ›
384 2124 409 2150 in
422 2131 516 2158 quarta
529 2135 635 2161 quoque
649 2128 884 2164 vigilarejubetur
905 2130 1011 2166 Moyses

225 2175 315 2200 tuane,
349 2173 376 2195 et
401 2175 475 2197 stare
496 2178 588 2198 contra
614 2172 786 2201 Pharaonem
816 2177 1008 2209 procedentem

1024 1555 1046 1586 C

1063 249 1097 275 ad
1120 248 1217 276 coelum
1241 255 1337 275 manus
1358 248 1506 275 extendere
1532 247 1654 282 Moyses,
1679 252 1707 273 ut
1735 246 1800 273 fiant
1819 248 1842 274 in

1065 299 1120 321 tota
1137 298 1208 321 terra
1224 293 1334 329 Egypti
1353 293 1502 328 palpabiles
1521 292 1654 324 tenebrat;
1675 297 1701 319 et
1723 300 1776 320 non
1789 292 1841 326 qui-

1064 340 1124 367 dem
1144 347 1193 374 per
1213 347 1243 366 se
1260 340 1353 372 intrat,
1367 339 1414 366 sed
1431 343 1546 366 vocatur
1561 347 1576 365 a
1599 338 1752 366 Pharaone.
1769 338 1844 365 Sinti-

1065 383 1127 411 liter
1141 389 1169 411 et
1193 384 1218 412 in
1235 384 1340 411 decima
1356 391 1415 411 cum
1444 383 1581 417 primitiva
1607 383 1741 416 delentur,
1757 389 1784 410 et
1799 392 1842 411 co-

1064 430 1137 463 gitur
1158 437 1220 456 cum
1244 429 1420 457 festinatione
1435 429 1511 456 exire
1528 429 1562 455 de
1579 428 1708 464 J‘Egypto.
1735 430 1804 456 Sunt
1821 434 1845 456 et

1064 475 1123 502 alia:
1149 476 1290 510 permultae
1313 475 1536 508 observationes,
1561 475 1587 502 itt
1612 476 1711 509 quibus
1738 477 1844 510 singulis

1064 522 1163 548 divina:
1186 523 1408 549 demonstrantur
1433 521 1530 548 indicia
1556 522 1705 555 sapientiat.
1731 522 1845 549 Invenies

1064 567 1137 593 enim
1158 567 1227 600 quod
1245 567 1333 602 primo
1348 576 1402 594 non
1421 566 1539 594 flectitur
1557 566 1672 600 Pharao,
1688 576 1738 594 nec
1754 568 1846 596 divinis

1064 612 1226 639 verberibus
1250 613 1334 646 cedit,
1359 620 1421 640 cunt
1438 622 1515 648 aqua:
1540 614 1566 640 in
1586 615 1745 648 sanguinem
1769 622 1846 641 versui

1065 663 1139 684 sant.
1155 657 1184 684 ltt
1200 659 1323 685 secundo
1340 666 1404 685 vero
1419 667 1513 693 parum
1536 659 1600 693 quid
1615 659 1713 686 molliri
1734 660 1843 689 vidi-tur.

1069 713 1078 729 ι
1095 703 1208 731 Vocavit
1221 704 1293 731 enim
1311 704 1422 739 Moysen
1445 710 1471 732 et
1487 705 1591 737 Aaron,
1605 709 1632 732 et
1646 706 1715 733 dixit
1729 707 1763 733 ad
1786 715 1846 734 eos:

1065 750 1146 778 Orate
1165 758 1214 784 pro
1235 757 1278 777 me
1302 751 1335 777 ad
1359 751 1513 784 Dominum,
1534 757 1562 778 ut
1578 751 1653 778 tollat
1669 760 1751 780 ranas
1766 761 1780 779 a
1795 761 1846 785 me,

1066 801 1093 823 et
1108 804 1122 822 a
1140 796 1238 830 populo
1257 803 1328 828 meo,
1343 801 1371 824 et
1386 796 1520 824 dituittam
1542 798 1668 832 populum
1681 799 1715 825 ⁸⁷.
1729 809 1738 824 ι
1757 799 1782 825 In
1799 804 1848 825 ter-

1068 844 1105 870 tio
1123 843 1191 876 magi
1218 843 1334 875 cedunt,
1355 847 1382 870 et
1401 843 1494 870 dicunt
1511 844 1544 870 ad
1567 843 1739 871 Pharaonem
1758 853 1764 871 :
1781 854 1790 870 ι
1806 845 1847 872 Di-

1032 883 1053 912 Β
1069 888 1141 922 gitus
1157 889 1202 915 Dei
1218 892 1260 915 est
1275 889 1327 915 hoc
1352 898 1361 913 ι
1379 888 1405 914 In
1421 893 1518 922 qttarto
1537 896 1585 924 per
1598 890 1771 925 cynontyiatn
1794 897 1847 916 ver-

1065 933 1176 961 bt-ratus
1189 933 1254 960 dicit
1266 935 1288 951 "
1301 945 1307 962 :
1324 944 1332 960 ι
1345 934 1590 963 Euntesinnnolate
1612 935 1727 962 Domino
1741 935 1794 962 Deo
1812 943 1855 963 ve-

1065 985 1131 1010 stro,
1147 980 1194 1007 sed
1209 988 1262 1007 tton
1282 980 1390 1014 longius
1405 981 1514 1008 tentetis
1531 981 1595 1009 iter.
1610 981 1694 1008 Orate
1709 981 1791 1016 igitur
1805 990 1847 1016 pro

1065 1033 1108 1053 me
1123 1026 1156 1053 :td
1174 1027 1328 1053 Dominum.
1342 1036 1350 1052 ι
1374 1027 1401 1053 In
1416 1027 1510 1061 quinto
1531 1035 1597 1054 nece
1620 1028 1754 1062 pecudum
1770 1029 1845 1055 (πάιν

1066 1076 1121 1103 tur,
1138 1077 1165 1099 et
1183 1080 1235 1099 non
1254 1073 1341 1101 solum
1366 1081 1421 1100 non
1438 1074 1521 1106 cedit,
1536 1074 1582 1101 sed
1597 1079 1623 1101 et
1638 1074 1757 1108 amplius
1773 1075 1843 1101 indu-

1066 1122 1150 1144 ratur.
1167 1118 1298 1146 Similiter
1312 1123 1339 1146 ct
1363 1119 1388 1145 in
1414 1125 1490 1146 sexto
1513 1127 1594 1154 super
1614 1120 1709 1155 plagas
1731 1121 1844 1147 ulcerum

1065 1164 1140 1191 fat-it.
1163 1163 1191 1191 In
1211 1166 1328 1200 septimo
1355 1173 1420 1192 vero
1444 1174 1505 1193 cum
1530 1167 1661 1201 grandine
1687 1171 1806 1193 vastatur
1823 1171 1845 1192 et

1066 1210 1191 1243 ignibus:
1213 1220 1221 1236 t
1237 1211 1321 1244 Misit,
1343 1211 1431 1246 inquit
1442 1211 1475 1244 ⁵³,
1490 1211 1605 1243 Pharao,
1619 1217 1646 1239 et
1661 1213 1767 1240 vocavit
1785 1212 1846 1246 Moy-

1065 1263 1113 1282 sen
1136 1261 1163 1282 l'l
1175 1257 1278 1288 Aaron,
1294 1262 1322 1284 et
1342 1258 1411 1284 dixit
1427 1258 1500 1284 illis:
1518 1257 1642 1289 Peccavi,
1660 1263 1688 1284 et
1709 1266 1782 1285 nnttc
1800 1257 1844 1284 Do-

1066 1301 1254 1334 tniuusjnstus
1268 1306 1322 1333 est,
1335 1309 1385 1335 ego
1397 1307 1487 1328 autem
1503 1307 1529 1328 et
1544 1302 1658 1336 populus
1674 1310 1749 1329 mens
1765 1302 1843 1336 impii.

1064 1346 1146 1373 (lrate
1162 1347 1244 1380 igitur
1262 1354 1310 1381 pro
1327 1355 1370 1374 me
1389 1347 1423 1374 ad
1442 1348 1611 1375 Dominum.»
1630 1348 1656 1374 Ιιι
1671 1354 1769 1374 octavo
1789 1355 1843 1374 eum

1064 1393 1176 1419 locustis
1193 1398 1355 1428 urgeretur:
1376 1403 1384 1419 ι
1401 1393 1433 1420 ΕΙ.
1457 1393 1605 1424 festinavit,
1623 1393 1712 1427 inquit
1727 1394 1760 1425 ‘°,
1782 1393 1844 1420 Pha-

1065 1447 1123 1472 rao,
1138 1445 1165 1466 et
1187 1441 1296 1467 vocavit
1320 1441 1428 1477 Moysen
1451 1447 1478 1468 et
1493 1441 1584 1468 Aaron
1603 1442 1719 1468 direus:
1741 1440 1843 1468 Pecravi

1065 1489 1128 1511 ante
1142 1484 1288 1512 Dominum
1309 1486 1392 1513 Deutn
1412 1490 1532 1514 vestrum
1553 1492 1580 1513 et
1597 1486 1623 1513 in
1649 1495 1708 1519 vos,
1724 1486 1844 1519 suscipio:

1065 1535 1205 1564 peccatum
1227 1539 1317 1558 meum
1340 1532 1421 1558 etiam
1443 1540 1525 1564 nunc,
1545 1538 1573 1559 et
1590 1538 1665 1560 orate
1684 1541 1733 1567 pro
1758 1540 1798 1558 mc
1816 1531 1844 1556 :nl

1065 1575 1207 1604 Dominum
1223 1577 1308 1604 Dettm
1330 1583 1461 1606 vestrum.
1475 1587 1485 1604 ι
1511 1578 1538 1604 ltt
1562 1586 1632 1605 nono
1652 1587 1716 1605 cum
1734 1577 1845 1605 tenebris

1063 1621 1234 1649 offunditur:
1253 1631 1262 1647 ι
1281 1622 1403 1655 Voeavit,
1421 1623 1552 1657 inquit“,
1570 1623 1676 1650 Pharao
1700 1623 1807 1658 Moysen
1822 1626 1844 1648 et

1064 1668 1154 1693 Aaron
1180 1667 1296 1695 dicens:
1313 1667 1361 1700 ite,
1385 1669 1486 1696 servile
1509 1669 1623 1696 Domino
1647 1669 1702 1696 Deo
1726 1674 1842 1695 Vestro.»

1063 1711 1123 1740 Jatn
1139 1721 1202 1740 vero
1226 1714 1252 1740 in
1272 1714 1379 1742 decimo
1395 1723 1457 1742 eunt
1479 1715 1619 1750 primitiva
1643 1716 1783 1742 hominum
1800 1721 1843 1740 rx-

1064 1759 1240 1792 stinguuntur
1257 1764 1285 1786 ct
1300 1767 1428 1794 pecorum
1444 1770 1451 1787 :
1469 1770 1478 1786 t
1495 1761 1616 1792 Vocavit,
1633 1761 1724 1794 inquit
1738 1761 1768 1791 ⁶¹,
1782 1759 1845 1786 Pha-

1065 1812 1113 1831 rao
1132 1804 1243 1840 Moysen
1265 1811 1293 1833 et
1306 1805 1396 1834 Aaron
1416 1811 1505 1838 nocte,
1521 1813 1547 1834 et
1565 1808 1632 1835 dixit
1654 1808 1730 1836 illis:
1747 1806 1844 1840 Surgite

1063 1855 1091 1877 et
1110 1851 1184 1878 exite
1199 1851 1233 1878 de
1253 1853 1351 1887 populo
1369 1861 1439 1883 tneo.
1453 1859 1480 1880 et
1499 1862 1546 1881 vos
1560 1859 1586 1880 et
1611 1854 1657 1880 lilii
1683 1854 1780 1885 Israel,
1803 1854 1843 1884 ile,

1065 1897 1169 1924 servile
1192 1898 1306 1924 Domino
1332 1898 1386 1925 Deo
1410 1904 1514 1932 vestro,
1529 1900 1598 1926 sicut
1613 1899 1720 1931 dicitis;
1743 1906 1804 1926 oves
1821 1903 1844 1925 et

1068 1943 1151 1970 liores
1174 1948 1281 1971 vestros
1301 1950 1475 1972 assutuentes
1501 1946 1616 1980 pergite,
1643 1946 1715 1973 sicut
1733 1945 1841 1972 dixistis.

1065 1988 1221 2018 liene-dicite
1252 1995 1343 2017 autem
1367 1995 1395 2017 et
1423 1998 1474 2017 mc.
1500 1991 1533 2018 Et
1567 1993 1702 2026 cogebant
1732 1992 1842 2026 ιΕκγιιιίἰ

1064 2035 1193 2069 populqu
1223 2043 1303 2069 quam
1334 2035 1480 2063 celerrime
1506 2038 1582 2064 exire
1601 2040 1634 2064 de
1667 2043 1740 2065 terra
1768 2039 1842 2074 Αἰκε-

1065 2082 1114 2116 pti.
1135 2081 1265 2110 Dicebant
1288 2083 1381 2116 cuitu,
1408 2084 1536 2118 quoniattt
1561 2093 1656 2113 omnes
1680 2095 1730 2114 nos
1751 2086 1842 2113 morie.

1063 2135 1132 2155 ιιιιιι.
1145 2138 1155 2154 Ι

1098 2174 1125 2201 5.
1147 2174 1214 2207 Quis
1228 2180 1269 2201 est
1292 2174 1345 2206 ille.
1359 2183 1438 2210 quem
1460 2178 1564 2211 repleat
1587 2178 1632 2205 illo
1650 2178 1747 2212 spiritu
1771 2179 1840 2208 Deus,

223 2213 257 2239 nd
271 2221 378 2248 nquam,
401 2223 462 2243 cum
483 2218 626 2253 cynontyia
658 2219 796 2253 replentur
815 2221 1007 2256 Aigyptiorum
1027 2227 1048 2254 ῃ
1065 2228 1121 2254 quo
1141 2221 1255 2255 mplevit
1272 2221 1380 2256 Moysen
1403 2228 1431 2250 et
1450 2223 1553 2257 Aaron,
1569 2233 1630 2252 cum
1652 2225 1710 2252 inec
1732 2226 1841 2260 prodigia

223 2259 330 2288 domus.
356 2261 382 2288 In
406 2263 500 2296 quinta
527 2264 710 2296 nihilominus.
730 2267 775 2293 uhi
804 2276 900 2302 pecora
921 2269 1009 2305 {Egyn

228 2305 347 2340 ptiorunt
364 2307 498 2340 delentur,
521 2309 623 2337 intrare
639 2311 750 2345 jubetur
779 2315 811 2339 ad
838 2313 1009 2342 Pharaonem

223 2352 338 2389 Moyses.
359 2354 387 2381 In
404 2361 478 2383 sexta
494 2364 560 2384 sane
575 2359 760 2386 eoutetnnitttr
774 2359 890 2392 Pharao,
912 2366 939 2388 et
954 2369 1008 2389 tton

224 2399 343 2426 refertur
354 2408 390 2435 qu
402 2400 425 2427 »ά
441 2401 581 2429 intraverit
594 2402 698 2438 Moyses
721 2404 762 2431 vel
782 2406 872 2432 Aaron
886 2406 919 2432 ad
936 2406 1008 2433 Pha-

224 2451 344 2476 raonem,
363 2445 425 2480 quia
442 2446 511 2474 facta
525 2452 588 2474 sttnt
612 2448 700 2474 ulcera
715 2454 741 2476 et
753 2449 850 2477 vesica)
869 2457 931 2476 cum
950 2450 1006 2477 fer-

223 2498 287 2517 vere
299 2491 380 2518 etiam
396 2499 477 2526 super
493 2493 627 2521 malelieos
639 2493 758 2529 Egypli,
772 2497 799 2521 cl.
814 2503 866 2521 nou
881 2499 1009 2528 poterant

221 2535 350 2565 resistere
377 2537 472 2572 Moysi.
495 2539 523 2565 ιιι
539 2540 653 2574 Septima
673 2541 783 2575 vigilare
802 2542 913 2576 jubetur
932 2550 1010 2569 mane

223 2581 311 2614 value,
325 2589 351 2610 et
375 2587 447 2610 stare
464 2590 558 2613 contra
572 2585 752 2618 Pharaonem,
771 2595 832 2614 cum
849 2587 1009 2622 grandinem

223 2631 251 2652 ct
278 2626 366 2660 ignem
389 2630 512 2663 producit
533 2635 562 2657 ct
588 2638 677 2658 voces.
702 2631 729 2660 In
750 2638 843 2659 octava
858 2632 1012 2666 prtecipitttr

227 2671 304 2708 141
320 2674 421 2702 intrare
439 2677 471 2703 ad
496 2685 569 2709 eum,
585 2686 646 2705 cum
664 2678 767 2706 locusta
793 2679 960 2713 producitur.
979 2679 1006 2708 In

257 2765 288 2804 '1
301 2766 384 2804 Exod.
407 2777 455 2800 xtl,
470 2770 514 2797 ἓξ).
553 2772 575 2786 ἰ
596 2771 678 2798 Exod.
700 2780 748 2804 vtt,
768 2772 813 2801 15.

225 2800 249 2816 "
268 2801 354 2831 Exod.
376 2811 418 2837 ni,
434 2805 526 2839 27,28.
564 2807 586 2821 ευ
607 2807 690 2835 uiua.
710 2800 794 2842 x,'to.
833 2808 852 2824 θ·
876 2808 941 2836 ibid.
957 2808 1001 2837 ιι.

848 2773 870 2788 ⁸⁵
892 2772 977 2799 Exod.
1007 2780 1065 2803 vm,
1092 2773 1118 2801 1.

1062 2273 1090 2293 et
1113 2267 1188 2300 signa
1213 2269 1390 2301 petiit-orent,
1407 2275 1435 2296 nt
1451 2271 1546 2298 eodem
1570 2271 1665 2305 spiritu
1687 2271 1842 2298 illtnninatus

1064 2314 1150 2347 possit
1171 2321 1231 2347 qua:
1255 2322 1301 2348 per
1318 2315 1378 2342 illos
1401 2322 1463 2343 sunt
1487 2322 1562 2352 gesta
1589 2318 1743 2345 disserere?
1765 2317 1841 2344 Aliter

1062 2358 1134 2385 enint
1152 2367 1204 2385 non
1222 2361 1340 2387 arbitror
1355 2362 1403 2388 has
1420 2363 1573 2397 ingentium
1596 2371 1686 2390 rerum
1703 2364 1840 2390 varietates

1062 2411 1093 2431 ac
1115 2405 1285 2434 dill'ercntias
1309 2408 1459 2442 explanari,
1477 2410 1528 2437 nisi
1552 2410 1646 2437 eodem
1671 2410 1766 2445 spiritu
1789 2416 1837 2443 quo

1063 2455 1136 2485 gesta
1161 2456 1242 2485 sunt,
1267 2452 1448 2488 tlisserautur,
1469 2455 1532 2490 quia
1556 2461 1583 2482 et
1600 2455 1698 2483 Paulus
1714 2455 1839 2490 apostolus

1063 2495 1132 2523 dicit
1143 2497 1176 2528 ⁵³,
1191 2498 1265 2531 quod
1283 2498 1394 2532 spiritus
1411 2501 1605 2535 prophetarum
1631 2501 1768 2535 prophetis
1782 2499 1838 2527 sub-

1057 2541 1147 2575 jectus
1168 2542 1214 2569 sit.
1224 2542 1280 2569 Non
1297 2551 1362 2578 ergo
1378 2545 1585 2580 quibuscnuque
1601 2547 1634 2572 ad
1648 2546 1837 2580 explauamlunt

1059 2586 1133 2613 dicta
1157 2588 1372 2622 prophetarum,
1396 2591 1443 2617 sed
1464 2591 1606 2625 prophetis
1638 2591 1763 2618 dicuntur
1784 2597 1837 2617 esse

1060 2632 1194 2665 subjecta.
1219 2632 1316 2661 Verum
1337 2635 1467 2669 quoniam
1495 2637 1564 2663 idem
1589 2637 1684 2664 beatus
1705 2636 1838 2671 Apostolus

1061 2678 1140 2714 hujus
1154 2680 1261 2715 gratim,
1277 2681 1302 2708 id
1319 2687 1360 2709 ost
1384 2683 1553 2717 propltetalis
1571 2684 1647 2717 doni,
1665 2689 1787 2718 tanquam
1807 2690 1834 2708 ει

1171 2774 1195 2790 ⁸⁸
1224 2775 1288 2801 ibid.
1320 2775 1360 2801 i9.

1041 2809 1063 2824 "
1083 2809 1233 2843 inomni,
1249 2811 1292 2844 51,
1309 2810 1352 2845 52,
1365 2811 1409 2838 55.

1400 2775 1422 2792 ⁸⁷
1444 2776 1507 2802 ibid.
1529 2777 1556 2802 8.
1600 2776 1622 2791 ⁸⁸
1645 2776 1709 2802 ἰΙιὶιΙ.
1735 2775 1776 2807 ‘25,
1796 2773 1834 2800 ‘18.

1447 2812 1468 2827 “
1489 2812 1497 2838 1
1511 2812 1573 2839 Cor.
1590 2819 1645 2844 ur,
1661 2812 1706 2840 52.
