1900 3060
69 66 117 93 Eii

692 68 724 96 ΙΝ
746 67 888 99 EXODUM
909 70 1051 100 llOMllJA
1072 69 1116 100 lV.

1655 72 1710 101 3i!

69 134 148 160 parte.
169 126 205 153 sit
226 130 254 154 et
281 127 308 154 in
337 131 470 162 potestate
494 133 606 162 ttostra,
635 129 788 158 imitatores
814 135 902 163 nosA
919 140 1015 160 eorum
1042 140 1138 167 ptenas
1159 137 1186 160 et
1212 137 1317 159 reatum
1348 132 1488 166 sanguinis
1519 132 1643 167 exigunt.
1669 133 1708 160 lla

69 172 128 199 ﬁeri
148 173 244 206 jttbet,
270 174 366 200 dicens
378 174 422 202 θυι
448 183 457 199 ι
473 174 649 203 [Ειηιιιειιιιίιιῑ
673 182 764 204 autem
792 179 877 205 dona'

71 218 196 250 meliora,
212 219 300 253 magis
314 224 403 247 autem
419 224 447 246 ut
464 221 645 255 prophetetis:
660 231 668 247 ι
689 226 825 250 lentemus
837 229 864 250 et

69 270 119 290 nos
139 264 341 292 attintlationem
369 265 507 299 suscipere
538 267 682 299 bonorum,
700 273 727 295 et
749 270 770 296 si
793 270 858 304 quid

69 314 109 335 est
127 310 154 336 in
166 310 258 342 nobis,
277 318 291 337 ιι
311 311 390 338 nobis
403 311 524 346 exigere,
539 319 553 339 a
572 313 686 341 Dotnino
703 321 766 342 vero
779 315 864 349 pleni-

72 356 194 383 tudinem
214 357 335 384 numeris
350 363 522 392 exspectare.
538 359 589 386 Pro
610 359 663 387 hoc
676 362 748 389 enim
762 362 863 390 dicitur

70 409 83 427 a
98 401 216 428 Domino
240 410 288 436 per
307 401 508 437 Prophetath
527 412 534 430 :
553 413 562 429 ι
575 404 653 438 Aperi
675 414 706 434 os
729 411 815 439 tuum,
838 413 864 435 et

69 447 182 480 replebo
198 448 298 479 illudu
316 456 367 482 pro
401 449 447 476 illo
457 448 578 477 veroalia
587 451 725 487 Scriptura
740 453 807 480 dicit
819 454 841 469 ⁵⁸
856 466 862 482 ;

71 501 82 519 ι
94 493 188 528 Pnnge
201 495 321 526 oculum,
335 499 362 521 ct
376 495 497 529 proilucit
511 495 663 530 lacrymatu
675 507 682 530 ;
700 506 789 534 punge
804 507 862 533 cor,

68 544 95 566 et
119 541 246 574 producit
262 548 383 567 sensum.
398 550 406 567 ι
425 539 463 568 Na
486 548 551 576 ergo
565 549 599 569 ex
617 543 809 578 desperatione
826 546 864 572 si-

69 585 154 613 lcutio
172 594 223 612 nos
238 587 387 619 tradamus,
403 589 475 622 quod
491 589 586 623 utique
606 597 659 617 non
683 590 801 617 aediﬁcat
819 591 866 618 Ec-

68 633 183 659 clesium
209 633 269 666 Dei,
292 634 325 660 de
339 634 437 668 quibus
459 642 615 671 possttmus,
631 641 659 664 ct
682 637 710 664 in
732 645 863 672 quantum

68 685 217 712 possumus
234 679 353 706 breviter
370 685 537 714 repetamus.

103 724 130 750 ti.
156 724 224 751 l‘nto
245 732 320 759 ergo,
344 731 372 752 ut
397 727 501 754 sentire
524 734 646 761 possunt,
669 728 740 763 qttod
760 729 864 765 Moyses

68 771 102 796 ad
117 769 268 805 Aigyptum
285 771 396 798 veniens
418 776 444 798 et
460 772 587 801 deferens
604 774 721 808 virgam,
744 783 797 809 qua
817 783 863 802 ea-

914 180 988 206 euim
1003 184 1031 205 et
1052 179 1110 212 ipse
1135 178 1265 205 Dotninns
1289 178 1400 211 dicit“,
1418 178 1483 213 quia
1502 187 1511 204 ί
1525 178 1616 206 amnis
1639 187 1706 205 san-

914 226 973 260 guis
986 227 1031 260 qui
1047 225 1149 253 cli'usus
1164 231 1205 252 est
1227 233 1310 260 super
1331 229 1446 257 terram,
1463 232 1477 251 a
1494 224 1626 258 sanguine
1641 222 1708 251 Abel

912 268 977 303 justi
1000 277 1085 304 usque
1106 270 1139 296 ad
1156 271 1317 304 sanguinem
1339 268 1490 301 Zachariae,
1513 269 1670 304 requiretur
1692 275 1708 296 a

914 316 1092 351 generatione
1110 316 1171 343 hac.
1184 325 1193 342 ›
1217 316 1269 344 l‘er
1287 316 1433 343 secundam
1459 323 1525 343 vero
1542 316 1658 350 plagam,
1682 315 1709 341 in

915 369 967 396 qtta
983 369 1058 389 ranae
1073 362 1269 395 producuntur,
1285 361 1399 388 imlicari
1414 360 1565 396 ﬁguraliter
1586 361 1704 387 arbitror

915 407 1039 435 carmina
1069 412 1228 442 poetarum,
1253 408 1298 442 qui
1327 408 1400 434 inatti
1422 408 1539 442 quadam
1561 412 1590 434 et
1609 407 1705 434 inllata

915 453 1116 486 modulatione,
1142 453 1216 480 velut
1249 461 1378 480 ranarmn
1409 454 1485 481 sonis
1519 457 1547 480 ct
1582 453 1708 480 cantibus

915 500 1014 526 mundo
1026 499 1088 526 lntic
1103 499 1271 533 deceptiouis
1286 499 1392 527 fabulas
1407 499 1566 528 intulerunt.
1581 500 1621 528 Ad
1639 500 1705 528 nihil

915 546 989 572 enim
1006 546 1071 572 illud
1087 544 1187 573 animal
1204 546 1269 574 utile
1288 552 1340 579 est,
1357 547 1409 574 nisi
1426 547 1498 582 quod
1520 555 1615 574 sonum
1635 547 1710 575 vocis

916 591 1050 625 improbis
1076 597 1104 618 et
1135 592 1300 626 itnportttttis
1328 593 1496 619 clamoribtts
1522 592 1619 619 reddit.
1643 591 1709 620 Post

916 637 969 664 hoc
984 637 1108 671 ciuiphes
1123 637 1318 671 producuntur.
1339 637 1395 665 lloc
1416 638 1517 666 animal
1537 639 1632 673 pennis
1648 639 1709 673 qui-

916 683 977 709 dem
999 684 1174 718 suspenditur
1192 691 1240 718 per
1256 692 1319 711 aera
1342 685 1468 717 volitans.
1489 686 1537 712 sed
1557 685 1594 712 ita
1611 685 1710 712 subtile

916 735 957 756 est
977 734 1004 756 et
1022 730 1173 762 minutum,
1195 736 1224 758 ut
1248 731 1319 758 oculi
1339 732 1442 763 visunt,
1465 730 1517 758 nisi
1543 735 1621 759 acute
1647 738 1710 758 cer-

917 778 1017 808 nentis,
1030 776 1158 809 elTugiat;
1176 784 1275 811 corpus
1291 782 1381 804 tamen
1399 785 1459 804 cutn
1477 777 1619 810 insederit,
1636 784 1710 804 accr-

68 817 152 851 stigat
166 822 194 844 el
215 817 340 844 verberat
353 817 500 853 [Egyptum
524 819 618 847 decem
639 820 739 855 plagis,
759 821 864 856 Moyses
883 812 904 841 Β
920 823 988 849 rimo
1002 822 1123 849 terebrat
1142 823 1263 855 stimulo,
1288 823 1324 850 ita
1347 828 1375 850 ιιι
1390 831 1472 858 quem
1494 823 1652 851 volitantem
1668 823 1710 850 vi-

70 863 113 888 bic
131 862 173 888 lex
193 862 238 889 Dei
257 863 309 895 sit;
326 870 387 897 qua:
404 864 467 890 data
487 868 528 891 est
546 865 609 892 lutic
628 865 740 898 muudo,
756 870 786 892 nt
801 874 863 893 cum

69 908 165 934 ιΙει-υιιι
183 908 282 942 plagis,
299 907 326 934 id
342 913 383 934 est
397 908 489 935 decem
507 909 639 937 mandatis
655 918 715 945 qute
732 911 758 937 in
781 911 865 938 Deca-

70 954 132 988 lngo
150 954 340 985 continentur,
363 955 491 990 corripiat
506 960 533 982 et
549 957 687 983 emendet.
706 957 782 992 Virga
799 966 864 992 ergo

71 1008 118 1034 per
140 1008 225 1034 quam
250 1005 385 1035 geruntur
401 1001 456 1028 hmc
477 1001 581 1034 omnia,
604 1009 652 1036 per
676 1010 757 1037 quam
781 1002 865 1039 (Egy-

70 1052 131 1079 ptus
145 1046 295 1080 subjicitur
316 1051 344 1073 ct
360 1046 466 1074 Pharao
489 1051 647 1083 superantur,
670 1055 736 1075 crux
763 1049 863 1076 Christi

69 1093 120 1123 sit,
144 1099 196 1126 per
218 1100 302 1126 quam
327 1093 445 1119 tnumlns
466 1093 511 1120 hic
540 1093 670 1125 vincitur,
692 1099 719 1120 et
738 1094 864 1129 princeps

71 1138 150 1170 hujus
181 1138 277 1164 mutuli
307 1145 368 1165 cum
398 1138 598 1173 principatibus
625 1143 653 1166 ct
684 1141 864 1173 potestatibus

70 1183 272 1217 triumphatttr.
289 1184 366 1216 Quod
381 1188 470 1210 autem
485 1184 562 1218 virga
582 1184 703 1218 projretn
722 1186 757 1212 sit
770 1186 863 1217 draco,

70 1230 110 1256 vel
139 1237 275 1264 serpens,
300 1233 328 1256 et
351 1230 465 1256 devorat
497 1230 688 1266 {Egyptiorttm
723 1240 863 1266 magorum

69 1281 227 1310 serpentes,
243 1276 288 1309 qui
308 1276 334 1302 id
351 1277 478 1303 similiter
491 1276 629 1311 fecerant;
647 1283 800 1312 serpentem
815 1287 864 1313 pro

69 1322 203 1356 Supicntia
231 1322 293 1357 puni
315 1322 356 1350 vel
385 1323 540 1357 prudentia,
564 1324 666 1350 indicat
690 1325 864 1360 evangelicus

69 1376 160 1394 scroto
174 1375 240 1394 cum
264 1369 332 1395 dicit
349 1369 370 1384 ⁸⁷
385 1378 392 1397 ;
412 1377 422 1394 ι
439 1369 532 1397 Estote
560 1371 708 1404 prudentes
733 1376 864 1406 tauquam

70 1419 227 1448 serpentes.
242 1424 251 1439 ι
270 1414 304 1442 Ει
321 1415 385 1442 alibi
399 1415 422 1431 ⁸⁸
436 1424 442 1442 :
459 1425 469 1441 ι
488 1415 607 1450 Serpens
621 1423 681 1444 erat
705 1420 864 1452 prudentior

70 1461 197 1488 munibus
222 1462 409 1490 animantibus
425 1466 452 1489 et
475 1463 571 1490 bestiis
591 1471 652 1498 qua:
667 1469 744 1491 erant
768 1466 794 1492 in
816 1473 864 1499 pa-

70 1507 171 1533 radiso.
184 1516 193 1531 ι
215 1506 290 1534 Ctux
310 1514 375 1540 ergo
389 1507 501 1541 Christi,
520 1507 598 1542 cujus
614 1509 773 1542 praedicatio
796 1510 864 1538 stul-

72 1554 129 1580 tttia
147 1553 307 1585 videbatur,
329 1561 412 1587 quam
428 1553 545 1588 Moyses,
560 1554 585 1581 id
604 1561 646 1581 est
662 1555 717 1588 lex,
732 1556 864 1588 continet,

70 1601 139 1626 sicut
169 1599 303 1626 D-nuinus
328 1600 396 1626 dixit
411 1600 454 1626 ‘9:
477 1609 485 1626 ι
503 1600 540 1627 De
560 1608 602 1628 me
622 1602 694 1628 enim
719 1602 765 1629 ille
794 1605 863 1630 scri-

72 1646 138 1680 psit;
153 1655 164 1671 ι
185 1645 256 1677 lucc,
273 1645 396 1680 inquam,
413 1653 481 1673 crux
500 1647 532 1674 de
545 1656 598 1682 qua
619 1648 724 1684 Moyses
742 1652 863 1686 scripsit,

72 1697 216 1726 postquam
244 1690 271 1717 in
287 1695 359 1718 terra
378 1691 496 1726 projecta
515 1697 566 1726 est,
582 1693 608 1720 id
623 1698 665 1721 est
687 1700 862 1731 posteaquam

74 1738 108 1764 uti
123 1737 316 1764 credulitatem
331 1742 359 1764 ct
375 1738 453 1764 Iidem
469 1739 608 1766 hominum
627 1742 709 1772 venit,
733 1749 863 1770 conversa

71 1788 111 1809 est
125 1783 151 1809 iu
164 1783 340 1817 sapientiam,
349 1789 375 1811 et
388 1788 488 1811 lautam
500 1785 672 1819 sapientiam,
686 1795 745 1821 quze
755 1795 863 1816 omnem

73 1830 276 1865 [Egyptiorunn
292 1830 318 1857 id
333 1835 375 1857 cst
393 1830 472 1864 hujus
488 1831 581 1858 tnttndi
604 1833 763 1866 sapientiam
784 1836 865 1862 dero-

74 1882 159 1903 raret.
186 1876 295 1903 Intuere
318 1883 385 1911 ergo
411 1877 548 1910 quomodo
569 1877 681 1904 stultam
707 1879 772 1906 fecit
794 1880 864 1907 Deus

73 1922 235 1957 sapientiam
257 1921 337 1956 hujus
361 1922 465 1954 tmmdi,
484 1926 661 1957 posteaquam
680 1925 864 1953 tnanifcstavit

72 1969 226 2001 Christum,
251 1969 296 2004 qui
318 1969 467 1996 cruciﬁxus
490 1973 548 2002 est,
576 1969 620 1996 Dei
649 1971 776 1998 virtutem
804 1980 865 2000 esse

72 2020 98 2041 et
118 2015 166 2042 Dei
188 2015 370 2049 sapientiam;
384 2020 413 2042 et
432 2016 578 2043 universus
591 2017 645 2051 jam
661 2017 777 2044 mundus
789 2025 864 2044 com-

73 2062 225 2096 prehensus
237 2067 280 2089 est
294 2063 328 2088 ab
345 2069 379 2089 eo
396 2063 442 2097 qui
458 2063 525 2090 dicit
537 2063 560 2080 "°
575 2071 581 2090 :
603 2073 611 2089 ι
623 2063 864 2098 Contprelteudens

73 2109 304 2142 comprehendant
319 2109 457 2142 sapientes
480 2110 505 2136 in
521 2110 622 2137 astutia
641 2117 765 2136 coruum
788 2110 863 2143 Quod

917 869 982 896 (lere
1005 869 1067 903 quis
1091 877 1143 895 nou
1169 869 1273 902 \‘alcal,
1297 870 1397 896 sentiat
1425 869 1623 896 stimulantem.
1652 867 1708 896 lloe

917 923 982 950 ergo
1009 914 1135 942 animalis
1159 923 1245 948 genus
1268 913 1427 950 dignissime
1454 920 1518 948 puto
1544 913 1597 941 arti
1622 913 1708 947 diale-

916 962 993 988 ctit-te
1010 961 1176 994 comparari.
1197 968 1256 995 quae
1273 961 1383 987 minutis
1398 963 1425 987 et
1443 959 1589 986 subtilibus
1610 960 1709 986 verbo-

917 1012 976 1030 rum
995 1005 1111 1031 stimulis
1132 1005 1238 1031 animas
1261 1004 1389 1037 terebrat,
1412 1009 1439 1030 ct
1459 1008 1535 1031 tanta
1556 1003 1706 1031 calliditate

916 1046 1105 1078 circumvenit,
1120 1052 1149 1074 ιιι
1165 1048 1296 1082 deceptus
1317 1056 1366 1074 nec
1388 1048 1480 1074 videat
1496 1055 1547 1075 nec
1567 1048 1708 1083 intelligat

915 1095 987 1120 unde
1006 1094 1149 1128 decipitur.
1163 1094 1265 1127 Quarto
1281 1101 1389 1128 quoque
1403 1093 1430 1120 in
1453 1094 1512 1121 loco
1533 1095 1706 1130 cynomyiatu

916 1139 1081 1176 Cynicorum
1106 1145 1188 1167 secta:
1209 1140 1443 1174 comparaverim,
1463 1140 1509 1175 qui
1531 1141 1564 1166 ad
1588 1141 1706 1175 reliquas

916 1186 1086 1220 deceptiouis
1106 1194 1161 1212 sua:
1182 1186 1381 1221 improbitatcs,
1397 1186 1480 1213 etiam
1496 1186 1661 1220 voluptatem
1679 1188 1708 1212 et

909 1231 1053 1258 libidinem
1079 1239 1213 1259 summum
1249 1233 1397 1266 pnedicant
1433 1233 1545 1259 boutttn.
1571 1233 1707 1266 Quoniam

916 1277 998 1311 igitur
1017 1285 1064 1312 per
1080 1277 1136 1304 lucc
1152 1276 1257 1311 singula
1277 1277 1351 1310 pritts
1367 1277 1497 1311 deceptus
1513 1281 1554 1303 est
1575 1278 1703 1309 mundus,

915 1322 1066 1349 adteuiens
1081 1329 1181 1353 sermo,
1196 1327 1222 1349 et
1242 1321 1281 1348 lcx
1301 1320 1347 1348 Dei
1365 1321 1551 1356 hujuscemodi
1566 1329 1628 1349 eum
1645 1329 1705 1349 cora

917 1368 1086 1402 reptionihus
1107 1368 1206 1403 arguit,
1223 1372 1251 1394 ut.
1267 1376 1299 1395 ex
1317 1368 1447 1402 qualitate
1470 1375 1612 1403 pinnarum
1637 1376 1707 1403 qua-

917 1417 1007 1443 litates
1032 1417 1134 1451 proprii
1154 1421 1287 1451 agnoscat
1308 1415 1420 1443 erroris.
1439 1416 1516 1448 Quod
1532 1422 1596 1443 vero
1612 1416 1708 1450 quinto

916 1462 942 1488 in
962 1461 1020 1489 loco
1036 1462 1193 1488 animalium
1210 1469 1275 1489 nece
1290 1461 1330 1489 vel
1346 1461 1479 1496 pecudum
1492 1460 1628 1496 [Egyptus
1642 1469 1672 1488 ve
1680 1470 1706 1488 r-

918 1509 1040 1539 beratur,
1058 1507 1184 1534 vecordia
1202 1507 1228 1534 in
1242 1507 1294 1534 hoc
1309 1507 1432 1542 arguitur
1449 1507 1618 1542 stultitiaque
1633 1515 1708 1535 moro

918 1554 1022 1585 taliutn,
1045 1553 1089 1588 qui
1109 1559 1236 1588 tanquam
1262 1553 1460 1580 irrationabilia
1484 1561 1583 1588 pecora
1600 1553 1703 1581 cultum

915 1605 943 1626 et
957 1600 1116 1627 vocabulum
1134 1601 1178 1627 Dei
1194 1600 1308 1627 diversis
1323 1600 1511 1634 imposuerunt
1527 1599 1633 1634 ligat-is,
1649 1607 1704 1628 non

916 1646 1002 1674 Solum
1015 1647 1167 1679 bomimun,
1181 1647 1229 1673 sed
1242 1638 1269 1673 et
1283 1646 1426 1679 pecudum,
1442 1645 1515 1680 ligno
1528 1651 1555 1673 et
1569 1646 1706 1680 lapidibus

917 1693 1070 1728 impressis,
1084 1692 1260 1720 llammouetn
1276 1690 1368 1719 Jovem
1387 1691 1411 1718 in
1428 1692 1514 1718 ariete
1531 1696 1705 1725 venerantes,

915 1744 943 1766 ct
959 1739 1066 1766 Anubin
1088 1740 1113 1765 in
1129 1746 1208 1770 caue,
1221 1739 1290 1772 Apin
1307 1745 1415 1772 quoque
1428 1737 1549 1765 colentes
1565 1737 1591 1765 in
1613 1742 1704 1769 tauro.

916 1790 1014 1812 t'mtcl‘a
1043 1792 1151 1820 quoque
1180 1792 1240 1819 quae
1266 1783 1402 1819 [Egypttts
1434 1784 1548 1811 deorum
1581 1788 1706 1819 portenta

917 1832 1041 1862 tniratttr,
1060 1835 1088 1857 ut
1106 1831 1131 1857 in
1151 1831 1251 1865 quibus
1268 1829 1368 1856 cultum
1389 1829 1538 1856 credebant
1561 1829 1652 1857 inesse
1666 1831 1708 1856 di-

914 1879 1022 1909 vinum,
1037 1877 1062 1904 itt
1082 1878 1123 1904 his
1139 1877 1260 1905 viderent
1276 1876 1428 1903 miseranda
1444 1876 1586 1910 supplicia.
1606 1876 1703 1904 Ulcera

915 1929 976 1959 post
994 1925 1050 1951 hare
1065 1930 1091 1950 ct
1110 1924 1205 1950 vesica:
1229 1931 1291 1950 cum
1317 1922 1423 1950 fervore
1448 1927 1525 1950 sexto
1542 1922 1569 1949 in
1588 1923 1704 1950 verbere

916 1971 1114 2006 producuntur.
1138 1970 1171 1996 Et
1197 1969 1304 1996 videtur
1328 1968 1392 1995 tuihi
1418 1969 1490 2003 quod
1517 1968 1543 1995 iu
1567 1968 1706 1996 ulceribus

917 2021 1048 2050 arguatur
1065 2015 1157 2042 dolosa
1171 2020 1198 2041 et
1216 2014 1358 2050 purulenta
1375 2013 1488 2045 tualitia,
1504 2013 1531 2040 in
1548 2013 1646 2040 vesicis
1661 2018 1704 2039 tu-

918 2071 994 2090 mens
1009 2068 1035 2090 et
1055 2062 1145 2088 inﬂata
1165 2059 1341 2094 supetbia,in
1363 2059 1468 2086 fervore
1485 2057 1531 2086 irzc
1551 2067 1583 2086 ac
1606 2059 1706 2086 furoris

917 2109 1035 2137 insania.
1064 2108 1211 2141 llucusque
1238 2113 1288 2140 per
1317 2112 1442 2132 errorum
1469 2113 1580 2133 suorum
1606 2105 1707 2139 liguras

74 2164 137 2184 vero
158 2163 236 2189 aqua:
257 2154 376 2182 ﬂuminis
397 2161 539 2183 vertuntur
560 2156 586 2183 in
610 2157 781 2191 sanguinem,
798 2159 865 2184 satis
881 2156 902 2183 D
919 2155 1018 2182 mundo
1034 2154 1165 2188 supplicia
1181 2155 1379 2187 temperantur.

73 2202 269 2229 convenienter
295 2206 416 2235 aptatur.
433 2200 524 2228 Primo
541 2202 650 2236 quidem
677 2207 704 2229 ιιι
722 2203 744 2229 is
768 2202 866 2230 ﬂuvius

74 2249 114 2275 cui
133 2247 312 2274 Hebraeorum
330 2246 461 2280 parvulos
478 2247 581 2274 crudeli
597 2254 663 2274 nece
685 2248 865 2281 tradiderant,

74 2293 235 2321 auctoribus
258 2291 370 2319 sceleris
394 2292 521 2326 poculum
548 2292 691 2327 sanguinis
718 2293 865 2326 redderet,

74 2346 100 2366 et
112 2347 242 2367 cruorem
258 2338 352 2372 polluti
373 2338 502 2372 gurgitis,
517 2345 598 2372 quem
614 2338 770 2372 parricidali
792 2339 866 2366 cede

76 2386 292 2417 maculaverant,
312 2384 432 2418 potando
456 2385 601 2411 sentirent.
627 2383 695 2411 Tum
712 2385 819 2417 deinde,
837 2389 866 2411 ut

74 2431 230 2465 allegoricis
253 2429 358 2464 legibus
380 2429 446 2456 nihil
466 2429 550 2462 desit,
578 2436 653 2463 aqua:
674 2434 817 2457 vertuntur
839 2430 864 2457 in

75 2476 248 2511 sanguinem,
272 2479 300 2502 et
325 2475 437 2509 sanguis
463 2483 531 2502 suus
556 2475 675 2510 [Egyplo
693 2476 863 2510 propitiatur.

75 2524 157 2557 Aqua:
182 2521 312 2557 Egypti,
335 2521 454 2548 erratica
476 2526 505 2548 et
521 2521 623 2548 lubrica
642 2521 864 2556 philosophormn

76 2575 138 2597 sunt
160 2570 307 2604 dogmata,
333 2575 392 2603 qua:
418 2567 545 2602 parvulos
568 2576 692 2603 quosque
713 2575 814 2601 sensu,
839 2574 866 2596 et

77 2622 174 2650 [ωτι-υς
198 2614 376 2649 intelligentia
406 2613 484 2650 142
513 2614 700 2648 deceperuut;
728 2614 772 2641 ubi
799 2621 865 2641 crux

76 2662 176 2690 Christi
195 2662 299 2690 mundo
315 2661 380 2689 huic
397 2661 522 2688 veritatis
539 2660 631 2688 lutucn
646 2660 776 2694 ostendit,
790 2661 865 2689 necis

110 2759 134 2775 “
152 2759 238 2787 lCor.
249 2765 305 2789 ut,
320 2757 367 2789 5|,
381 2756 428 2784 ell
443 2756 505 2785 Cor.
521 2765 576 2790 xtv,
593 2757 617 2784 Ι.

80 2801 124 2829 ttt,
139 2795 163 2823 l.
203 2795 226 2812 "
246 2794 330 2823 Joau.
344 2801 370 2827 ν,
385 2792 429 2820 46.
467 2793 490 2809 ⁷⁸
503 2791 513 2819 l
526 2793 588 2822 Cor.
605 2799 647 2826 ιιι,
661 2793 705 2821 19.

655 2756 678 2773 “
699 2756 925 2787 Psal.t.ttnt.10.

743 2793 763 2808 ⁷¹
779 2794 874 2821 Matth.
889 2799 965 2826 xxttt,

952 2200 979 2227 Ἱ.
1001 2200 1066 2227 ιὀει
1088 2200 1144 2226 hate
1162 2207 1226 2226 vero
1254 2198 1368 2225 vetbera
1395 2196 1507 2224 venittnt
1524 2197 1558 2225 de
1580 2197 1707 2233 superuis

916 2253 1008 2279 voces,
1025 2245 1130 2280 inquit,
1157 2245 1287 2275 touitrui,
1314 2243 1372 2270 sitte
1394 2243 1477 2270 dubio
1499 2247 1527 2269 ct
1550 2245 1663 2278 grando,
1679 2249 1707 2270 et

916 2292 986 2327 ignis
1010 2293 1168 2320 discurrens
1192 2291 1217 2317 in
1244 2289 1384 2325 grandine.
1409 2288 1477 2316 Vide
1503 2293 1705 2323 temperamen-

917 2345 973 2366 tum
996 2339 1094 2365 divina:
1120 2337 1323 2372 correptionis;
1355 2344 1407 2363 ttou
1433 2343 1494 2362 cum
1518 2335 1626 2362 silentio
1643 2342 1705 2362 ver-

916 2385 1006 2417 berat,
1023 2384 1069 2411 sed
1086 2384 1132 2410 dat
1148 2391 1239 2414 voces,
1256 2387 1282 2409 et
1301 2383 1455 2409 doctrinam
1478 2381 1589 2408 cmlitus
1611 2381 1704 2412 mittit,

916 2439 964 2465 per
976 2437 1056 2465 quam
1072 2430 1157 2465 possit
1175 2429 1282 2464 culpam
1298 2436 1374 2456 suam
1389 2427 1538 2461 castigatus
1555 2433 1627 2460 agno
1644 2433 1707 2454 cere

917 2477 1044 2504 tmtmltts.
1070 2477 1115 2502 Dat
1139 2480 1165 2502 et
1182 2475 1362 2510 grandinem,
1386 2480 1435 2508 per
1457 2479 1538 2508 quam
1562 2476 1590 2498 et
1612 2476 1706 2499 tenera

917 2523 1007 2550 adhuc
1024 2527 1162 2549 vastentur
1179 2522 1317 2549 nascentia
1334 2520 1475 2547 vitiorum.
1498 2518 1546 2544 Dat
1561 2521 1588 2544 et
1604 2517 1706 2550 ignem,

920 2568 1010 2595 Sciens
1026 2575 1085 2594 esse
1101 2568 1196 2602 spinas
1215 2571 1242 2593 et
1270 2565 1395 2596 tribulos,
1420 2569 1489 2598 quos
1512 2562 1611 2589 debeat
1637 2562 1707 2597 ignis

921 2614 965 2641 ille
980 2614 1138 2649 depascere,
1162 2612 1195 2639 de
1216 2619 1270 2646 quo
1294 2610 1359 2637 dicit
1383 2608 1512 2635 Dominus
1522 2607 1568 2635 "':
1588 2617 1597 2632 ι
1613 2607 1705 2642 ignem

919 2661 981 2689 veni
997 2661 1105 2688 mittere
1122 2660 1148 2687 in
1166 2664 1277 2689 terram.
1289 2665 1298 2683 ι
1321 2656 1372 2684 Per
1393 2655 1465 2683 hunc
1478 2655 1551 2682 enim
1569 2654 1706 2682 incentiva

962 2755 985 2771 “
1006 2754 1088 2782 Eccli.
1106 2761 1178 2784 χιιι,
1196 2751 1242 2779 ‘21.
1281 2751 1302 2767 ⁶⁷
1323 2750 1416 2779 Matth.
1432 2758 1460 2784 x,
1479 2750 1521 2779 l6.
1568 2745 1703 2779 “Cenes.

1061 2791 1083 2806 7’
1101 2789 1166 2817 Luc.
1183 2796 1233 2822 λιι,
1245 2787 1289 2816 49.
