1902 3063
211 119 246 145 52

953 116 1112 145 OlllGENlS

1783 123 1838 150 δΞι

209 177 354 212 voluptatis
376 182 404 204 et
429 175 548 203 libidinis
574 180 779 204 consumuntur.
805 174 881 209 Quod
906 181 995 202 autem
1011 178 1033 205 Α
1049 177 1082 204 :tl)
1097 185 1128 204 ea
1144 178 1269 205 subducit
1283 176 1421 212 exempla,
1435 177 1533 213 quibus
1547 178 1726 207 mordeantnr
1742 185 1770 208 et
1785 181 1834 208 de-

210 221 377 251 locustarum
392 223 418 250 in
437 229 533 251 octavo
549 224 608 250 loco
623 223 651 249 lit
665 223 777 254 mentio,
795 227 859 257 puto
873 229 921 258 per
944 222 996 250 hoc

209 277 296 305 genus
320 269 416 305 plagae,
441 269 597 297 dissidentis
630 276 737 304 semper
759 277 774 296 a
794 276 823 296 se
840 274 867 296 ct
889 269 994 296 discor-

209 316 299 343 dantis
326 316 435 344 humani
469 315 578 349 generis
603 314 814 341 inconstantiam
848 313 993 342 confutari.

207 359 325 390 Locusta
341 362 412 389 enim
434 369 497 389 cum
515 369 604 397 regem
628 369 680 388 non
699 360 814 393 habeat,
835 361 904 388 sicut
921 360 995 388 Scri-

208 414 286 443 ptura
307 409 371 435 dicit
387 408 432 434 ⁷³ε
453 418 462 434 ι
479 407 536 435 Una
558 408 616 435 acie
640 408 796 435 ordinatum
818 407 893 434 ducit
914 415 993 434 excr-

207 455 331 486 citum;s
361 453 486 481 homines
512 461 576 481 vero
603 461 663 480 cum
701 451 877 479 rationabiles
900 459 916 479 a
938 451 994 479 Deo

206 500 270 527 facti
287 499 352 532 sint,
379 507 467 534 neque
494 499 657 533 semetipsos
682 498 807 525 ordinate
830 504 924 532 regere
945 504 993 532 po-

206 550 331 578 tuerunt,
358 552 445 579 neque
471 544 517 572 Dei
542 544 615 579 regis
639 545 773 579 patienter
807 543 991 571 moderamina

204 592 351 627 pertulere.
366 591 441 618 Nona
460 591 536 627 plaga
553 591 671 618 tenebras
688 594 761 623 sunt,
775 590 833 616 sive
848 594 877 628 _ut
893 588 992 616 mentis

202 645 299 665 eorum
313 637 422 665 caecitas
438 641 578 672 arguatur,
594 636 653 663 sive
669 641 699 662 ut
716 635 870 669 intelligant
892 634 991 662 divinae

204 684 417 718 dispensationis
441 689 468 710 et
492 681 674 710 Providentiae
703 681 911 709 obscurissimas
930 687 991 708 esse

204 731 334 756 rationes.
364 738 373 755 ‹
388 728 480 756 Posuit
508 728 579 756 enim
604 728 675 755 Dens
699 727 825 755 tenebras
847 727 988 755 latibulum

202 784 280 803 suum
293 776 346 806 ⁷⁸.»
368 782 436 810 quas
460 774 496 801 illi
519 774 650 801 audacter
662 778 689 802 et
707 778 809 801 tctuere
824 773 988 806 perscrutari

202 823 351 858 cupientes,
373 828 400 850 et
424 822 475 851 alia
503 828 537 848 ex
555 821 617 847 aliis
635 823 802 851 asserentes,
827 819 853 846 in
880 826 988 846 crassas

201 873 229 895 ct
252 868 399 903 palpabilcs
420 875 543 894 errorum
570 866 696 894 tenebras
715 865 833 892 devoluti
856 869 930 892 sunt.
944 864 986 892 Ad

202 914 324 941 nltinnnn
349 914 549 949 primitivorttm
576 911 692 939 infertur
717 911 862 944 interitus,
884 911 911 938 in
934 918 988 946 quo

201 961 235 988 sit
255 960 377 988 fortassis
398 959 499 994 aliqttid
525 967 605 994 supra
630 964 750 986 nostram
769 958 986 992 intelligentiam,

200 1007 271 1043 quod
292 1006 467 1033 commissum
483 1005 516 1032 ab
539 1003 678 1038 (Egyptiis
696 1003 821 1031 videatur
839 1003 865 1029 iu
891 1001 986 1030 Eccle-

199 1051 268 1078 siam
282 1051 493 1086 primitivorum,
507 1057 567 1084 quae
581 1049 700 1083 ascripta
713 1049 793 1076 estin
808 1048 897 1076 caelis.
911 1047 987 1074 Unde

197 1102 226 1124 et
245 1097 442 1126 exterminatur
462 1095 573 1130 angelus
594 1095 628 1122 ad
651 1094 837 1130 hujuscemodi
862 1094 986 1121 ministe-

198 1142 266 1169 riutu
283 1142 443 1174 mittitur",
457 1141 503 1175 qui
521 1145 618 1174 parcat
631 1139 685 1167 illis
701 1144 814 1172 tantum,
833 1139 878 1174 qui
895 1145 985 1167 utros-

196 1195 248 1222 que
272 1192 361 1221 postcs
384 1186 444 1222 agni
463 1186 597 1220 sanguine
630 1184 731 1211 inventi
758 1184 861 1212 fuerint
884 1184 984 1213 habere

196 1234 327 1268 signatos.
348 1233 478 1260 Delcntur
502 1231 610 1258 interim
639 1231 819 1265 primogenita
841 1229 984 1265 Egyptia-

197 1288 266 1311 rum,
280 1280 337 1306 sive
359 1279 406 1304 ltos
420 1277 587 1312 principatus
604 1281 631 1303 et
652 1281 814 1312 potestates,
836 1277 864 1303 et
889 1275 982 1304 tuundi

196 1324 276 1358 hujus
295 1329 414 1351 ret-tores
434 1324 608 1349 tenebrarum
635 1322 767 1354 dicamus,
789 1329 857 1356 quos
881 1321 906 1348 itt
932 1321 981 1348 atl-

195 1376 276 1398 vcntu
302 1377 353 1397 suo
376 1369 503 1396 Christus
529 1368 630 1396 dicitur
655 1367 807 1395 traduxisse
818 1366 852 1400 ’⁸,
868 1367 919 1394 hoc
940 1372 982 1395 est

194 1415 317 1450 captivos
339 1414 461 1446 duxisse,
475 1418 503 1440 et
526 1413 711 1448 triumphasse
736 1413 762 1439 in
784 1411 858 1448 ligno
873 1413 979 1446 crucis;

194 1461 251 1488 sive
265 1465 392 1502 auctores
408 1466 435 1487 et
458 1459 615 1487 inventores
640 1459 769 1486 falsarum
793 1466 854 1493 qum
878 1459 904 1485 in
929 1458 981 1486 hoc

1047 229 1195 258 pascantur
1220 230 1314 253 omnes
1338 224 1451 259 inquieti
1478 229 1569 252 motus
1588 226 1647 260 ejus
1665 231 1693 253 et
1717 227 1833 258 turbid:,

1045 278 1098 304 quo
1127 274 1155 297 et
1185 271 1240 306 ipsa
1272 272 1356 301 dicat.
1381 270 1452 305 quod
1477 272 1619 305 Apostolus
1643 272 1723 299 docet
1740 273 1777 304 ",
1804 277 1834 300 ut

1047 317 1155 343 «omnia
1188 324 1236 343 sua
1267 315 1635 344 secundumordinemliant.
1658 328 1667 344 ι
1697 317 1748 346 111ιί
1767 326 1834 346 vero

1045 361 1208 388 snﬂicientcr
1218 361 1300 389 fuerit
1312 361 1442 397 castigata
1456 370 1504 398 pro
1516 364 1636 390 moribus
1645 369 1670 391 et
1682 371 1730 398 pro
1737 372 1832 391 einen-

1044 406 1158 434 datioris
1180 407 1241 434 vitae
1259 408 1432 440 correptione
1457 409 1591 441 coercita,
1609 416 1670 436 cmn
1689 415 1832 436 auctorem

1044 453 1187 478 verberum
1203 455 1331 487 senserit,
1347 459 1375 481 et
1388 454 1576 489 cut-literijam
1594 455 1779 489 cmperitquia
1796 455 1834 480 di-

1043 497 1115 531 gitus
1140 497 1184 524 Dci
1207 505 1260 530 est,
1274 504 1298 526 et
1324 507 1417 534 parum
1434 500 1496 534 quid
1515 500 1660 535 agnitionis
1679 500 1832 534 ecca-perit,

1045 547 1108 569 tunc
1132 543 1268 578 praecipue
1299 550 1437 579 gestorum
1468 551 1579 573 suorum
1604 545 1731 572 tenebras
1745 545 1830 575 videt,

1042 593 1106 616 tunc
1118 596 1243 617 errorum
1261 596 1374 618 suorum
1387 592 1533 626 caliginem
1557 592 1650 619 sentit.
1661 591 1789 625 Ctnhque
1803 592 1830 618 in

1042 635 1093 662 hoc
1108 636 1223 669 venerit,
1242 641 1306 664 tunc
1319 638 1469 666 merebitnr
1484 643 1513 665 ut
1535 638 1745 672 exstingnantur
1758 638 1830 664 inea

1040 683 1217 718 primOgenita
1244 682 1365 719 Egypti.
1377 683 1405 711 In
1427 692 1480 719 quo
1496 685 1598 720 aliquid
1617 684 1729 718 intelligi
1748 692 1831 719 posse

1040 729 1168 757 arbitror.
1181 726 1276 758 Omnis
1293 731 1383 757 anima
1397 732 1458 758 cum
1476 731 1509 758 ad
1525 731 1743 765 supplementum
1760 735 1829 757 aeta-

1040 775 1076 803 tis
1087 776 1240 806 advenerit.
1256 780 1283 803 et
1302 776 1374 802 velut
1397 777 1532 804 naturalis
1547 776 1573 803 in
1591 784 1621 803 ea
1640 776 1766 810 qua‘dam
1784 777 1828 803 lex

1039 821 1152 856 coeperit
1163 828 1210 848 sna
1225 820 1286 856 jura
1300 818 1454 856 defendere,
1468 822 1569 857 primus
1587 822 1646 849 sine
1660 821 1743 849 dnhlo
1765 830 1827 848 nio-

1041 872 1084 894 tus
1100 867 1246 894 secundum
1269 868 1434 895 desiderium
1448 867 1539 894 carnis
1554 867 1688 901 produclt,
1707 867 1777 901 quos
1794 874 1830 894 ex

1039 913 1267 947 concupiscentiae
1288 913 1330 940 vel
1355 913 1402 941 ira:
1424 913 1520 941 fomite
1537 914 1580 940 vis
1596 913 1734 940 incentiva
1747 920 1830 939 com-

1038 959 1164 985 moverit.
1191 954 1269 985 Unde
1293 958 1370 993 quasi
1391 959 1556 994 praecipuum
1581 959 1695 992 etquod
1719 966 1774 984 non
1791 959 1830 985 sit

1036 1011 1180 1031 Commune
1194 1012 1255 1031 cttm
1271 1005 1377 1032 caeteris
1402 1005 1571 1038 hominibus,
1584 1006 1617 1032 de
1632 1003 1691 1032 solo
1711 1004 1829 1032 Christo

1036 1051 1166 1086 propheta
1185 1048 1288 1079 dicit”
1303 1061 1310 1078 :
1332 1060 1341 1077 ι
1359 1050 1492 1087 Butyrum
1510 1057 1535 1079 et
1560 1051 1612 1078 mel
1630 1051 1803 1078 manducabit
1817 1070 1829 1084 ,

1036 1097 1192 1131 priusquam
1218 1096 1301 1123 faciat
1324 1100 1372 1122 aut
1396 1096 1514 1131 proferat
1533 1096 1660 1130 maligna,
1680 1094 1762 1130 eliget
1778 1095 1829 1122 bo-

1037 1148 1113 1167 num.
1131 1149 1139 1166 ι
1160 1140 1292 1174 Quoniam
1309 1141 1468 1175 priusquam
1493 1141 1560 1167 St'iul
1580 1148 1648 1175 puer
1662 1140 1764 1166 bonum
1778 1145 1828 1167 aut

1037 1186 1152 1216 malum.
1168 1186 1269 1213 resistit
1287 1185 1407 1215 malitiae.
1426 1191 1455 1212 ut
1473 1185 1555 1221 eligat
1570 1186 1640 1221 qttod
1655 1186 1757 1213 bonum
1772 1191 1826 1213 ρει.

1033 1231 1208 1259 Alinsantem
1220 1232 1349 1267 propheta
1363 1236 1488 1267 tanquam
1498 1232 1530 1259 de
1544 1232 1688 1265 semetipso
1697 1230 1825 1266 loquens,

1033 1277 1170 1305 dicchat‘u
1187 1285 1194 1303 ε
1214 1287 1222 1303 ι
1241 1277 1341 1304 Delicta
1358 1278 1510 1311 jnventutis
1531 1285 1597 1304 mem
1609 1281 1635 1303 et
1659 1277 1826 1311 ignorantiae

1034 1331 1099 1350 meae
1115 1331 1149 1350 ne
1170 1323 1336 1350 memineris.
1354 1333 1363 1349 ι
1377 1324 1444 1357 Quia
1468 1331 1534 1359 ergo
1559 1324 1639 1359 primi
1654 1324 1699 1351 isti
1722 1325 1825 1352 animae

1033 1373 1122 1395 motus
1135 1368 1281 1394 secundum
1297 1376 1407 1395 carnem
1420 1368 1516 1403 prolati
1530 1369 1555 1395 iu
1568 1373 1710 1404 peccatum
1725 1376 1806 1396 ruunt
1815 1389 1824 1401 ,

1032 1413 1131 1440 merito
1145 1414 1172 1440 in
1185 1413 1277 1440 morali
1295 1413 1352 1440 loro
1361 1413 1550 1449 [Egyptiorum
1566 1415 1703 1448 primitiva
1715 1422 1825 1449 ponun-

1033 1465 1087 1491 tur,
1113 1467 1172 1494 qua:
1197 1464 1310 1486 eatenus
1327 1460 1555 1495 exstinguuntur,
1579 1461 1602 1488 si
1628 1461 1741 1496 reliquae
1758 1462 1822 1489 vitae

194 1507 294 1534 nmndo
318 1505 426 1533 fuerunt
453 1505 612 1540 religionum
633 1505 770 1536 dicamus,
792 1512 861 1539 quas
876 1504 979 1532 Christi
995 1515 1018 1544 ρ
1033 1505 1206 1532 conversatio
1221 1505 1432 1532 emendatiorem
1449 1505 1547 1540 dirigat
1560 1513 1685 1533 cursum.
1697 1507 1742 1533 Sic
1754 1510 1823 1540 cr’g'o

192 1554 293 1580 veritas
316 1560 376 1580 cum
401 1553 457 1580 suis
483 1552 614 1580 exstinxit
631 1557 658 1579 et
685 1551 785 1578 delevit
810 1551 979 1578 auctoribus.

192 1597 255 1628 Haec
271 1603 401 1634 quantum
419 1598 452 1625 ad
469 1599 558 1625 locum
576 1598 721 1633 mysticum
734 1601 850 1632 spectat.

229 1644 256 1672 8.
273 1644 332 1672 Jam
356 1652 421 1671 vero
444 1645 468 1672 si
487 1644 568 1671 ctiam
596 1643 707 1670 moralis
724 1643 800 1670 nobis
823 1643 907 1678 ﬁgura
925 1647 982 1670 tra-

191 1690 289 1718 ctanda
303 1694 356 1722 est,
370 1690 492 1717 dicemus
504 1688 576 1724 quod
592 1694 761 1723 unaquaeque
775 1689 865 1715 anima
878 1688 904 1715 in
928 1688 980 1716 hoc

192 1737 305 1769 mundo,
322 1737 384 1764 dum
406 1737 432 1763 in
448 1735 588 1764 erroribus
612 1736 678 1762 vivit
692 1740 719 1762 et
738 1735 888 1770 ignorantia
908 1735 981 1762 veri-

191 1785 270 1817 tatis,
286 1785 311 1811 ln
332 1783 451 1820 Egypto
467 1783 554 1818 posita
570 1787 622 1810 est.
639 1781 707 1809 Huic
722 1782 744 1809 si
763 1782 981 1817 appropinquare

189 1831 303 1864 cmperit
324 1831 366 1858 lex
389 1830 452 1862 Dei,
469 1837 555 1864 aquas
574 1828 598 1857 ei
620 1828 702 1855 vertit
718 1827 744 1855 in
768 1828 938 1862 sanguinem,
952 1828 978 1855 id

189 1883 231 1904 cst
257 1877 365 1904 ﬂuidam
385 1881 412 1904 et
428 1876 558 1903 lubricam
573 1875 722 1910 jnventutis
745 1875 827 1902 vitam
845 1873 980 1902 convertit

191 1924 217 1950 in
253 1923 417 1958 sanguinem
440 1922 540 1949 veteris
562 1921 604 1948 vel
633 1921 694 1948 novi
721 1920 886 1948 testamenti.
909 1919 977 1947 Tum

189 1969 287 1996 deinde
299 1969 389 1996 educit
403 1976 436 1995 ex
449 1976 480 1994 ea
493 1975 589 1994 vanam
603 1970 631 1994 et
647 1967 754 1994 inanem
770 1965 975 2000 loquacitatem,

189 2020 214 2041 ct
239 2015 382 2041 adversum
406 2014 450 2041 Dei
480 2014 678 2048 providentiam
705 2020 833 2040 ranarum
860 2013 977 2040 similem

189 2061 339 2094 querelam.
356 2060 455 2094 Purgat
469 2059 550 2086 etiam
566 2058 700 2094 malignas
714 2059 893 2094 cogitationes
905 2059 976 2093 ejus,

189 2110 214 2133 et
229 2105 367 2139 ciuiphum
385 2105 556 2132 mordacitati
579 2104 680 2132 sitnilcs
697 2104 853 2132 calliditatis
867 2105 977 2132 aculeos

191 2152 311 2178 discutit.
332 2150 486 2178 Libidinuut
508 2158 615 2185 quoque
637 2158 743 2178 morstts
758 2151 907 2186 cyuomyian
922 2151 977 2185 spi-

189 2198 258 2225 culis
275 2198 378 2225 similes
395 2197 524 2231 depellit,
547 2196 745 2231 stultitiamque
766 2197 792 2223 in
806 2204 838 2224 ea
855 2201 883 2223 et
897 2196 975 2224 intel-

190 2243 289 2270 lectum
306 2243 455 2278 pecudibus
469 2242 585 2269 similem
598 2241 686 2274 delet;
704 2249 752 2276 per
765 2249 844 2276 quem
860 2249 869 2268 t
883 2242 973 2275 homo,

188 2297 250 2316 runt
274 2290 298 2316 itt
315 2290 419 2316 honore
440 2293 523 2320 esset,
546 2296 599 2315 non
626 2288 773 2321 intellexit,
795 2288 840 2315 sed
861 2294 974 2324 compa-

189 2341 264 2362 ratus
276 2339 318 2362 est
330 2334 462 2370 jumentis
478 2333 708 2368 insipientibus,-et
719 2333 815 2361 similis
833 2333 920 2361 factus
933 2339 975 2361 est

189 2382 241 2408 illis
251 2381 284 2406 ".
298 2390 306 2405 ι
322 2380 418 2415 Arguit
439 2380 511 2407 cuitu
533 2384 560 2406 ct
582 2379 673 2406 ulcera
694 2385 878 2414 peccatorum,
892 2385 973 2414 atque

188 2427 349 2462 arrogantiae
375 2432 507 2453 tumorem
538 2424 726 2460 [erroremque
757 2426 782 2452 in
813 2433 844 2453 ea
876 2426 974 2453 furoris

189 2468 268 2510 153
281 2473 439 2507 exstinguit.
458 2472 573 2499 Adhibet
590 2477 650 2507 post
672 2473 728 2499 haec
749 2472 832 2499 etiam
848 2480 928 2500 voces
946 2473 976 2500 li-

189 2521 284 2546 liorum
306 2519 430 2551 tuttitrni,
446 2518 473 2545 id
494 2521 537 2545 cst
568 2518 737 2552 evangelicae
757 2520 976 2553 apostolicasqne

188 2565 335 2591 doctrinas.
352 2563 405 2592 Sed
423 2569 450 2591 ct
463 2563 669 2597 castigationem
681 2563 821 2597 grandinis
838 2564 973 2596 admovet,

189 2614 218 2636 nt
231 2610 365 2637 luxuriam
381 2610 588 2645 voluptatesque
601 2613 737 2637 coerceat.
754 2609 871 2636 Adhibct
891 2609 972 2636 sinntl

188 2661 214 2681 et
229 2656 316 2689 ignem
327 2656 502 2689 paenitentiae,
512 2660 540 2682 ut
555 2661 582 2682 et
593 2655 649 2690 ipsa
659 2655 731 2682 dicat
744 2655 767 2671 ⁷⁸
781 2663 787 2682 :
802 2663 810 2680 ‹
824 2654 918 2682 Nonne
926 2663 973 2682 cur

189 2706 311 2727 nostrum
325 2702 425 2728 ardens
441 2706 500 2728 erat
522 2701 594 2729 intra
607 2701 680 2729 nos?
699 2711 708 2727 ι
725 2701 780 2729 Nec
803 2701 970 2728 locustarum

225 2793 252 2808 ³³
271 2789 350 2816 l‘ruv.
363 2798 426 2821 xxx,
439 2790 483 2817 Ἥ.
522 2791 545 2807 ⁷⁸
565 2791 636 2818 Psal.
659 2799 726 2822 xvtt.
746 2791 788 2817 12.

190 2832 263 2856 nn,
279 2826 322 2852 32.
361 2826 403 2851 7“l
419 2826 481 2852 (λη’.
499 2833 554 2858 λιν,
569 2827 612 2852 άυ.
660 2827 858 2858 "lsa.v1t,13.

993 2192 1013 2220 D

826 2790 851 2806 "
871 2790 955 2819 Etovl.
971 2799 1020 2817 xu.

912 2826 932 2841 '“
952 2827 1023 2853 νέαι.
1046 2834 1106 2858 nr,
1125 2826 1149 2854 7,

1033 1550 1059 1577 in
1082 1551 1171 1578 anitua
1194 1557 1276 1587 quam
1294 1550 1334 1577 lex
1350 1550 1441 1577 divina
1462 1550 1495 1578 ab
1509 1546 1648 1579 erroribtts
1661 1557 1821 1587 susceptam

1031 1597 1146 1633 castigat
1161 1603 1188 1624 et
1203 1597 1325 1631 corrigit,
1338 1597 1420 1624 etiam
1434 1597 1613 1633 primogenita
1625 1598 1821 1634 Egyptiorutst

1032 1643 1220 1678 intelliguntur
1244 1650 1304 1670 esse
1319 1643 1421 1677 deleta,
1451 1643 1503 1670 uisi
1527 1649 1588 1678 post
1606 1645 1663 1672 haee
1679 1645 1771 1672 omnia
1791 1646 1821 1673 in

1032 1689 1192 1716 inﬁdelitate
1210 1689 1349 1724 perduret,
1377 1695 1404 1716 et
1426 1690 1497 1717 ttulit
1521 1690 1633 1725 adiungi
1661 1690 1823 1719 Israelitica

1031 1735 1113 1770 plebi,
1124 1739 1152 1762 ut
1165 1739 1244 1762 exeat
1255 1735 1287 1763 de
1307 1735 1439 1770 profundo
1450 1740 1478 1762 et
1491 1736 1588 1763 etradat
1602 1736 1757 1768 incolumis.
1770 1738 1821 1764 sed

1032 1782 1058 1808 iu
1083 1782 1228 1816 iniquitate
1256 1786 1424 1816 permaneat,
1455 1786 1483 1809 ct
1510 1781 1658 1809 descendat
1686 1787 1821 1818 tanquam

1031 1827 1170 1863 pltnnlnnn
1191 1827 1217 1854 in
1238 1835 1336 1862 aquam
1360 1827 1570 1855 validissimam.
1595 1828 1730 1863 luiquitas
1743 1829 1821 1856 enim

1029 1876 1177 1902 secundum
1193 1867 1335 1902 Zachariae
1345 1876 1485 1909 propheta:
1492 1872 1514 1890 "
1531 1874 1616 1902 visum
1631 1880 1714 1910 super
1729 1876 1824 1903 talen-

1031 1925 1085 1948 tum
1100 1921 1201 1955 plumbi
1219 1920 1308 1949 sedet.
1327 1920 1358 1947 Et
1374 1921 1435 1948 ideo
1449 1921 1494 1955 qui
1511 1926 1652 1955 permanet
1667 1923 1694 1949 in
1714 1922 1820 1956 iniqui-

1030 1971 1095 1996 tate,
1113 1971 1240 2000 tanquam
1253 1965 1392 2000 plumbum
1407 1966 1526 2000 demergi
1544 1966 1646 1993 dicitur
1660 1966 1687 1993 in
1703 1968 1821 2002 prot‘un-

1029 2012 1102 2038 dntn.
1116 2011 1187 2038 Sane
1199 2011 1270 2046 quod
1283 2012 1308 2038 in
1318 2011 1503 2046 superioribus
1515 2012 1730 2046 observavimus,
1741 2021 1823 2048 quau-

1028 2057 1088 2083 datn
1119 2057 1241 2091 prodigia
1271 2064 1319 2090 per
1346 2057 1448 2088 Araou,
1464 2058 1588 2091 quaedam
1617 2065 1668 2092 per
1690 2057 1816 2093 Moysen.

1028 2103 1149 2136 qmedatn
1168 2109 1234 2130 vero
1250 2109 1297 2136 per
1319 2103 1407 2137 ipsmn
1424 2103 1566 2130 Dominum
1585 2104 1752 2136 ministrata,
1774 2105 1819 2131 in-

1030 2147 1111 2183 telligi
1130 2153 1245 2175 eatenus
1265 2153 1387 2182 possunt,
1405 2154 1434 2176 tit
1459 2156 1639 2184 agnosramns
1657 2150 1682 2176 in
1700 2151 1817 2184 quibus-

1029 2195 1089 2220 dam
1109 2201 1156 2228 pcr
1184 2194 1319 2221 sacriﬁcia
1346 2196 1517 2223 sacerdotum
1548 2201 1575 2223 et
1605 2195 1820 2225 obsecrationes

1029 2242 1186 2276 pontiﬁcum
1198 2249 1246 2268 nos
1257 2249 1318 2269 esse
1330 2243 1495 2277 purgandos,
1506 2243 1578 2277 quod
1591 2244 1680 2270 Aaron
1697 2250 1819 2278 persona

1028 2289 1170 2322 designat;
1191 2288 1217 2315 in
1233 2288 1396 2323 quibusdam
1412 2295 1477 2316 vero
1493 2295 1543 2323 per
1559 2289 1699 2316 scientiam
1716 2290 1821 2317 divina:

1029 2333 1097 2368 legis
1112 2333 1306 2365 emendandos.
1326 2339 1355 2361 ut
1375 2333 1458 2368 Moysi
1485 2333 1611 2368 designat
1632 2332 1748 2361 cilicium
1764 2342 1772 2366 ;
1791 2336 1820 2361 in

1028 2381 1088 2408 aliis
1106 2385 1208 2413 autem,
1225 2381 1284 2408 sine
1296 2381 1379 2408 dubio
1394 2389 1455 2416 quae
1468 2379 1621 2409 dililciliora
1639 2385 1713 2413 sunt,
1729 2382 1821 2416 ipsius

1027 2427 1132 2454 Domini
1140 2432 1220 2461 egere
1231 2427 1341 2454 virtute.

1064 2475 1092 2503 9.
1107 2475 1162 2502 Sed
1177 2482 1211 2502 ne
1225 2475 1289 2501 illud
1306 2474 1414 2510 quidem
1436 2475 1583 2508 putandum
1605 2479 1646 2502 est
1661 2475 1740 2502 nobis
1755 2475 1817 2503 ina-

1028 2521 1097 2547 niter
1112 2523 1298 2552 obscrvatmn,
1316 2521 1387 2555 quod
1403 2522 1490 2556 primo
1502 2521 1612 2555 quidem
1635 2519 1743 2556 Moyses
1760 2530 1815 2547 non

1027 2565 1112 2593 intrat
1127 2565 1160 2593 ad
1187 2566 1369 2598 Pharaonem,
1394 2567 1442 2594 Sed
1467 2567 1588 2594 occurrit
1605 2567 1629 2594 ei
1648 2567 1759 2594 exeunti
1780 2569 1816 2594 ad

1027 2619 1123 2646 aquas,
1140 2613 1310 2647 postmodum
1323 2619 1387 2639 vero
1399 2613 1480 2639 intrat
1492 2613 1524 2639 ad
1533 2620 1606 2646 eum,
1622 2618 1681 2647 post
1695 2613 1747 2640 hoc
1760 2622 1815 2640 non

1028 2658 1122 2690 intrat,
1151 2658 1198 2685 sed
1214 2659 1362 2686 accersitus
1382 2659 1496 2685 aet‘etill.
1512 2659 1542 2686 Et
1562 2659 1587 2685 in
1606 2659 1657 2686 huc
1682 2659 1718 2686 ita
1741 2659 1816 2686 arbi.

1028 2707 1085 2730 tror
1100 2703 1213 2738 intelligi
1237 2710 1326 2737 posse,
1349 2704 1420 2738 quod
1433 2704 1491 2730 sive
1506 2704 1583 2731 nobis
1597 2704 1624 2730 in
1646 2707 1728 2731 verbo
1751 2705 1814 2734 Dei.

1058 2791 1081 2807 ⁷⁵
1101 2791 1205 2818 Coloss.
1231 2799 1261 2820 It.
1283 2791 1325 2817 Ilii.
1363 2791 1386 2805 ⁷⁷
1406 2791 1476 2818 Psal.
1508 2797 1601 2824 XLVIII,
1623 2791 1663 2818 I3.
1704 2791 1728 2807 ⁷⁸
1742 2791 1811 2819 Luc.

1203 2825 1224 2841 "
1239 2826 1321 2853 Lach.
1338 2834 1362 2859 v,
1380 2827 1406 2853 Ἰ.
