1902 3063
65 98 123 128 525

691 96 723 127 lN
745 95 887 127 EXODITM
906 98 1047 127 llOSllLlA
1069 96 1101 128 ν.

1649 91 1701 124 ἐστ

67 166 94 187 et
113 158 257 193 religionis
286 158 452 186 assertionis
481 163 618 186 certamen
647 163 690 186 est
716 160 862 186 adversum
878 159 949 190 Aad
976 159 1107 186 Ecclesia:
1129 157 1337 185 instructionem
1367 156 1464 184 mei-ito
1491 155 1593 184 datam.
1616 155 1701 183 .luiuei

66 205 263 239 Pharaonem;
285 206 343 232 sire
363 205 446 232 etiam
469 205 595 232 obsessas
614 205 648 231 ab
668 211 701 232 eo
719 204 825 231 animas
845 212 859 231 a

69 256 207 290 potestate
237 250 296 285 ejus
317 259 451 278 conantur
473 251 591 285 eripere,
611 255 638 277 et
662 255 702 277 est
730 251 806 277 nobis
833 251 858 277 itt

70 297 261 332 disputatione
279 297 435 328 luctamen;
453 303 505 322 non
517 296 607 323 statim
623 295 648 322 in
666 296 750 330 prima
773 295 860 322 fronte

68 343 174 378 ingredi
198 342 331 369 debemus
347 341 380 367 ad
398 341 493 367 ultima
520 341 699 375 qna-stionum
727 340 795 373 loca,
813 342 859 368 sed

66 387 269 416 occurrendqu
289 387 366 413 nobis
383 391 424 412 est
434 387 600 418 adversario,
618 390 645 413 et
660 386 859 413 occurrendum

66 434 98 460 ιι
114 440 204 467 aquas
218 440 294 459 suas.
307 431 391 466 Aquae
411 431 483 458 euitn
505 438 560 458 suae
576 435 638 457 sunt
654 437 779 459 auctores
793 439 859 465 gen-

66 480 155 507 tilium
169 475 453 514 philosophorumJbi
462 484 528 512 ergo
548 478 626 504 nobis
637 480 754 512 primum
767 477 861 511 dispu-

65 530 126 552 tare
142 524 314 556 volentibus,
326 523 524 550 occurrendum
541 527 594 552 est.
611 528 640 549 ut
667 523 740 557 ipsos
762 531 860 558 argua-

66 579 127 597 nms
141 575 170 597 et
192 571 267 605 ipsos
282 575 392 596 errasse
414 568 569 597 doceamus.
589 568 654 595 Post
671 568 723 595 hoc
739 568 796 602 jam
822 568 860 594 iu-

63 616 250 649 grediendutn
280 616 358 644 nobis
383 621 424 644 est
444 621 470 643 et
489 617 522 643 ad
541 616 670 643 interiora
689 615 857 642 certaminis.

68 662 138 688 Dicit
153 662 230 689 enim
249 661 379 689 Dominus
394 661 439 688 8'z
459 670 468 687 t
486 660 539 689 Nisi
563 662 637 696 prius
655 661 717 696 quis
731 661 860 696 alligave-

67 708 103 734 rit
120 707 237 739 fortem,
255 715 309 734 non
323 712 411 742 potest
434 707 550 735 introire
577 707 604 734 in
621 707 729 734 dotnum
753 706 811 742 ejus
832 711 860 734 et

69 761 134 780 vasa
147 754 210 789 eius
221 753 352 788 diripere.
366 763 375 779 ι
388 753 468 781 Prius
481 761 546 788 ergo
563 753 715 788 alligandos
729 752 859 780 estfortis

67 806 92 826 et
106 801 293 834 quaestionum
312 800 428 827 vinculis
453 800 697 834 constringeudus,
719 804 746 826 et
761 800 797 826 ita
816 799 859 826 in-

67 847 236 874 troeundum
259 848 292 874 ad
312 846 462 881 diripienda
486 853 550 872 vasa
572 846 628 879 ejus
656 850 683 873 et
706 845 858 872 liberandas

68 893 189 925 animas,
208 901 281 927 quas
295 891 463 926 deccptionis
490 891 585 919 fraude
599 891 765 926 possederat.
782 891 858 924 Quod

68 947 127 965 rum
141 939 245 973 saepius
263 939 420 971 fecerimus,
434 943 460 965 et
473 938 630 965 steterimus
642 942 737 965 contra
752 938 857 970 ipsum;

68 986 228 1013 steterimus
242 991 332 1013 autent
345 993 379 1012 eo
397 985 486 1016 modo.
499 992 553 1020 quo
570 984 717 1019 Apostolus
741 984 836 1011 dicit“
850 992 857 1011 :

70 1040 79 1055 ι
94 1031 171 1058 State
190 1039 258 1066 ergo
270 1031 401 1058 succincti
421 1031 526 1058 lumbos
541 1035 647 1058 vestros
661 1030 687 1057 in
699 1030 832 1062 veritate;
846 1038 855 1056 ι

67 1082 93 1104 et
106 1079 208 1104 iterum
219 1077 243 1093 ⁸⁸
257 1085 266 1103 ;
281 1087 290 1102 ι
302 1077 379 1104 State
396 1077 421 1103 in
435 1076 558 1109 Domino,
579 1080 606 1103 et
619 1076 735 1103 viriliter
748 1075 832 1111 agite;
846 1086 855 1103 ι

67 1129 126 1148 cum
151 1129 220 1156 ergo
244 1121 295 1149 hoc
321 1122 400 1149 modo
415 1122 574 1149 steterimus
592 1122 734 1148 adversum
753 1122 856 1156 ipsum,

67 1167 110 1193 ille
126 1167 230 1195 artifex
249 1168 376 1202 antiquus
394 1172 421 1194 et
444 1167 558 1194 callidus
578 1167 659 1194 etiam
675 1167 748 1193 vinci
773 1174 802 1194 se
821 1169 859 1194 si-

68 1214 184 1240 mulabit
205 1218 234 1241 et
255 1214 364 1246 cedere,
387 1214 408 1240 si
429 1214 498 1241 forte
515 1220 562 1248 per
583 1213 633 1240 hoc
649 1212 858 1248 negligentiores

67 1267 114 1285 nos
131 1258 236 1285 clliciat
253 1257 286 1285 ad
300 1262 448 1286 certamen.
462 1258 515 1285 Sed
527 1263 555 1284 et
570 1258 757 1292 paenitentiam
774 1260 858 1285 s‘itnn-

67 1304 142 1336 labit,
166 1309 196 1330 et
214 1304 407 1338 deprecabitur
430 1311 480 1331 nos
501 1304 641 1331 discedere
664 1304 786 1338 quidem,
809 1305 857 1332 sed

66 1357 118 1376 non
139 1350 222 1385 longe
239 1350 389 1377 discedere.
408 1349 473 1377 Vult
495 1357 544 1377 nos
561 1357 621 1377 csse
641 1350 692 1377 sibi
713 1350 802 1385 aliqua
822 1358 855 1377 ex

65 1401 139 1429 parte
157 1396 278 1427 vicinos,
293 1395 349 1421 vult
368 1402 417 1422 nos
431 1403 443 1421 a
454 1395 510 1422 suis
526 1395 623 1422 ﬁnibus
639 1403 691 1422 non
707 1395 787 1430 longe
801 1395 857 1422 dis-

68 1442 179 1469 cedere.
197 1441 253 1468 Sed
273 1448 323 1468 nos
356 1440 407 1467 nisi
429 1441 463 1468 ab
484 1448 516 1468 eo
536 1440 644 1475 longius
658 1440 816 1468 recedamus
828 1444 857 1468 et

64 1492 242 1514 transeamus
255 1494 340 1520 mare,
357 1491 385 1513 et
406 1486 546 1514 dicamus:
565 1495 574 1512 ι
594 1486 730 1520 Quantum
746 1486 856 1520 interia-

64 1538 105 1560 cet
126 1537 209 1560 ortus
235 1533 270 1560 ab
283 1540 394 1566 occasu,
413 1533 548 1568 elongavit
564 1540 579 1559 a
595 1533 674 1560 nobis
697 1533 854 1567 iniquitates

65 1586 174 1607 nostras
186 1579 226 1611 ⁸⁶;
239 1587 250 1605 ι
261 1579 328 1606 salvi
345 1586 406 1606 esse
421 1587 474 1606 non
491 1586 644 1613 possumus.
659 1578 773 1614 Propter
784 1580 855 1614 quod

65 1628 248 1660 deprecemur
261 1625 480 1652 misericordiam
504 1625 620 1658 Domini,
640 1630 669 1652 ut
684 1630 711 1652 et
735 1633 783 1652 nos
801 1626 856 1653 eri-

66 1675 119 1706 piat
134 1674 169 1700 de
183 1677 261 1700 terra
275 1670 400 1708 Egypti,
427 1671 459 1698 de
475 1674 611 1706 potestate
629 1672 812 1704 tenebrarum,
828 1675 855 1698 et

67 1719 240 1746 Pharaonem
270 1726 331 1745 cum
348 1717 468 1744 exercitu
496 1725 546 1744 suo
567 1723 694 1752 tanquam
716 1717 854 1753 plumbqu

67 1766 210 1798 demerget
223 1763 251 1790 in
263 1771 362 1798 aquam
379 1762 588 1790 validissimam.
604 1763 660 1790 Nos
681 1768 772 1790 atttem
788 1763 855 1790 libe-

67 1811 126 1841 rati,
139 1818 204 1837 cum
217 1810 318 1844 gaudio
328 1814 354 1835 et
363 1808 546 1836 exsultatione
554 1809 681 1844 hymnum
692 1818 702 1835 ι
714 1813 854 1836 cantemus

68 1857 190 1889 Domino,
208 1856 328 1890 gloriose
356 1855 428 1882 enini
449 1855 647 1881 honoriﬁcatus
661 1859 703 1882 est
715 1853 747 1886 ³⁷,
761 1862 770 1880 ι
789 1855 852 1889 quia

68 1903 114 1937 ipsi
134 1903 223 1937 gloria
239 1907 267 1929 et
284 1902 372 1929 honor
395 1902 422 1928 in
443 1901 541 1928 saecula
565 1901 737 1928 szcculorum.
754 1901 852 1929 Amen.

364 1946 504 1975 IIOMILIA
530 1947 558 1976 ν.

99 1995 135 2022 De
154 1994 321 2029 profectione
333 1993 453 2027 ﬁliorum
466 1991 550 2019 Israel
562 1992 595 2018 de
606 1997 676 2018 terra
689 1990 810 2026 .Egypti.

97 2042 122 2069 Ι.
141 2041 246 2068 Doctor
263 2040 384 2075 gentium
407 2039 433 2065 itt
458 2038 510 2065 lide
527 2043 555 2065 et
575 2037 693 2065 veritate
713 2037 853 2071 apostolus

66 2085 161 2112 Paulus
171 2084 196 2100 ⁸⁸
221 2084 336 2111 tradidit
359 2082 497 2114 Ecclesiae,
517 2089 600 2117 quam
623 2083 800 2118 congregavit
818 2090 851 2109 ex

65 2131 197 2166 gentibus,
215 2130 356 2164 quomodo
371 2128 454 2155 libros
471 2128 538 2163 legis
559 2132 701 2163 susceptos
722 2128 756 2154 ab
772 2127 850 2160 aliis,

912 211 979 239 ergo
998 204 1051 232 hoc
1063 204 1148 231 soltnn
1164 203 1361 238 intelligebant,
1375 203 1436 237 quia
1450 202 1562 236 profecti
1578 207 1641 228 sunt
1654 202 1702 229 ltiti

912 250 996 278 Israel
1013 252 1045 278 de
1060 250 1189 286 Egypto,
1203 255 1231 277 et
1247 250 1333 285 prima
1349 249 1481 284 profectio
1495 256 1588 275 eorum
1603 248 1653 274 fuit
1668 256 1701 275 ex

912 296 1052 328 Ramesse,
1066 301 1093 323 et
1110 296 1172 323 inde
1186 296 1298 330 profecti
1315 299 1447 323 venerunt
1462 295 1488 321 in
1510 294 1629 320 Soehoth
1642 314 1649 326 ,
1673 297 1701 320 et

911 345 944 370 de
960 342 1081 370 Sochoth
1093 341 1218 376 profecti,
1236 346 1368 368 venerunt
1392 341 1418 367 in
1433 341 1535 370 Othon,
1555 340 1588 366 ad
1611 340 1701 374 Elian-

911 388 982 416 lenm
997 389 1074 423 juxta
1094 395 1179 415 mare.
1197 387 1265 414 Tum
1286 387 1385 414 deinde
1399 387 1470 421 quod
1495 386 1533 412 ibi
1551 386 1638 413 nubes
1654 394 1701 412 eos
1734 387 1736 389 ’

910 434 1094 470 praecesserit,
1117 439 1143 461 et
1161 438 1252 461 secuta
1278 433 1314 460 sit
1342 438 1429 467 petra,
1454 433 1487 460 de
1503 440 1555 467 qua
1576 433 1703 459 biberunt

911 488 1020 515 aquam.
1039 477 1220 507 Transierunt
1238 479 1320 505 etiam
1346 486 1392 513 per
1417 486 1491 505 mare
1517 478 1648 508 ltubrutn.
1673 482 1702 505 et

911 530 1045 554 venerunt
1069 526 1096 553 in
1120 526 1258 553 desertum
1275 525 1352 551 Sina.
1370 523 1454 552 Nobis
1477 529 1566 550 autem
1590 524 1698 558 qualem

911 571 1052 598 tradiderit
1068 572 1101 598 de
1120 571 1161 598 his
1178 570 1278 597 Paulus
1293 569 1430 604 apostolus
1454 569 1641 604 intelligentiae
1657 576 1701 594 re‘

910 617 1017 652 gulatn,
1044 617 1195 644 videamus.
1218 616 1370 644 Corinthiis
1390 615 1516 643 scribens
1539 616 1564 642 in
1581 615 1700 649 quodam

910 661 969 690 loco
988 662 1024 689 ita
1038 662 1104 690 dicit
1119 662 1141 678 "'
1164 669 1170 686 :
1193 671 1202 687 ι
1222 660 1330 688 Scimus
1343 661 1415 688 enim
1431 660 1493 695 quia
1503 665 1594 695 patres
1613 660 1699 687 nostri

909 716 1004 736 omnes
1016 709 1066 736 sub
1082 709 1152 735 nube
1162 707 1281 740 luerunt,
1290 712 1316 734 et
1327 715 1422 734 omnes
1435 714 1510 733 mare
1523 706 1698 738 transierunt,

909 759 936 782 et
957 761 1054 781 omnes
1073 754 1099 781 in
1120 753 1211 788 Moyse
1235 753 1365 787 baptizati
1388 757 1453 779 sunt
1475 752 1502 778 in
1527 752 1598 778 nube
1619 756 1646 778 ct
1672 752 1699 778 in

912 801 991 832 mari.
1002 806 1029 828 et
1045 807 1141 828 omnes
1159 799 1282 826 eamdem
1305 807 1394 826 eseam
1413 798 1561 833 spiritalem
1584 799 1700 824 mandu-

913 851 1055 879 caverunl,
1074 850 1102 874 et
1115 853 1210 873 omnes
1225 844 1351 872 eumdem
1375 849 1468 879 potum
1492 844 1640 878 spiritalem
1658 844 1699 870 bi-

912 895 1021 922 berunt.
1033 893 1164 921 [libabant
1179 897 1268 920 autem
1280 893 1313 919 de
1322 892 1438 925 spiritali
1450 897 1637 926 consequente
1651 898 1700 918 eos

911 944 997 976 petra,
1015 945 1091 974 petra
1110 946 1175 965 vero
1191 944 1250 966 erat
1264 938 1398 965 Christus.
1415 947 1424 964 ι
1445 937 1547 965 Videtis
1563 943 1697 972 quantum

911 985 1018 1013 dill'erat
1043 985 1077 1012 ab
1099 985 1231 1012 historica
1254 984 1370 1011 lectione
1385 984 1459 1011 Pauli
1482 984 1602 1012 traditio.
1621 984 1698 1017 Quod

909 1032 994 1060 Judaei
1022 1032 1166 1058 transitum
1191 1031 1274 1058 maris
1297 1030 1514 1066 putaut,Paulus
1534 1031 1698 1065 baptismum

911 1083 1007 1110 vocat;
1026 1085 1106 1112 quam
1131 1077 1168 1104 illi
1184 1077 1343 1104 existimant
1364 1077 1471 1106 nubem.
1495 1075 1594 1103 Paulus
1612 1077 1699 1112 Spiri-

911 1130 966 1152 tum
990 1128 1114 1150 sanctutn
1133 1123 1226 1157 ponit:
1248 1128 1274 1150 et
1303 1123 1365 1150 huic
1384 1122 1472 1150 simile
1501 1122 1613 1156 intelligi
1642 1122 1699 1149 vnit

910 1170 985 1201 illud,
993 1170 1066 1204 quod
1083 1169 1212 1196 Dominus
1224 1169 1249 1194 in
1264 1168 1417 1203 Evangeliis
1426 1167 1553 1202 praecepit
1562 1167 1654 1193 dicens
1661 1166 1697 1194 '“:

911 1225 921 1242 ι
942 1215 997 1242 Nisi
1009 1216 1069 1250 quis
1083 1220 1194 1242 renatus
1208 1214 1288 1241 fuerit
1300 1222 1332 1240 ex
1351 1221 1420 1248 aqua
1435 1219 1461 1240 et
1477 1212 1579 1246 Spiritu
1591 1218 1697 1244 sancto,

909 1272 963 1292 non
991 1268 1079 1298 potest
1105 1262 1207 1289 in'rare
1233 1262 1258 1287 in
1281 1268 1394 1296 regnum
1422 1259 1480 1286 Dei.
1503 1268 1512 1285 I
1533 1259 1563 1286 Et
1587 1266 1697 1285 rursum

909 1316 1019 1342 manna,
1042 1308 1113 1343 quod
1138 1307 1222 1334 Judaei
1247 1307 1338 1333 cibum
1363 1306 1467 1332 ventris
1488 1310 1515 1332 et
1542 1305 1695 1332 satietati-nt

908 1355 1065 1383 existimant
1081 1353 1158 1389 gulae,
1176 1360 1265 1380 escam
1290 1351 1441 1387 spiritalem
1458 1351 1578 1378 nominat
1588 1350 1696 1379 Paulus.

908 1402 941 1428 Et
960 1408 1012 1428 non
1026 1400 1111 1428 solmn
1129 1400 1238 1432 Paulus,
1261 1400 1309 1426 sed
1324 1403 1352 1425 et
1371 1398 1501 1425 Dominus
1512 1397 1546 1424 de
1557 1397 1652 1424 eodem
1669 1397 1696 1423 in

908 1446 1055 1481 Evangelia
1071 1446 1190 1473 dicit":
1211 1455 1219 1471 ι
1241 1445 1336 1472 Patres
1357 1443 1438 1470 vestri
1456 1450 1556 1470 manna
1580 1443 1696 1469 utamin-

908 1497 1040 1519 caverunt
1067 1491 1093 1518 in
1112 1491 1237 1523 deserto,
1257 1495 1285 1517 et
1310 1491 1409 1517 mortui
1430 1494 1503 1516 sunt.
1530 1488 1581 1522 Qui
1605 1492 1696 1516 autem

907 1538 1114 1565 tuanducavcrit
1127 1537 1160 1564 de
1170 1544 1238 1571 pane
1250 1544 1330 1571 quem
1339 1543 1389 1570 ego
1402 1535 1436 1562 do
1450 1535 1487 1567 ei,
1500 1543 1552 1562 non
1564 1535 1697 1562 tuorietnr

907 1585 932 1611 in
942 1590 1083 1611 aeternum.
1106 1592 1115 1609 ι
1136 1583 1166 1610 Ει
1187 1588 1246 1617 post
1261 1583 1312 1609 hoc
1339 1582 1406 1609 dicit
1425 1589 1432 1608 :
1451 1591 1460 1607 ι
1475 1581 1530 1616 Ego
1541 1588 1600 1607 sum
1617 1581 1697 1614 panis

907 1631 994 1663 rivus,
1011 1631 1056 1665 qui
1075 1631 1108 1657 de
1126 1630 1196 1656 C(Blo
1209 1628 1348 1656 descendi.
1370 1637 1379 1654 ι
1400 1627 1467 1654 Τιιιιι
1483 1628 1580 1655 deimie
1604 1627 1638 1656 de
1653 1635 1697 1653 se-

905 1677 997 1712 quenti
1019 1681 1094 1712 petra
1112 1680 1208 1709 aperte
1220 1675 1376 1710 pronuntiat
1397 1673 1506 1707 l’anlns,
1523 1679 1549 1701 et
1568 1673 1635 1700 dicit
1648 1673 1693 1699 ":

908 1731 917 1747 ι
938 1722 1017 1749 Petra
1042 1728 1106 1748 vero
1118 1725 1177 1747 erat
1191 1720 1330 1747 Christus.
1349 1729 1358 1746 ι
1377 1719 1446 1752 Quid
1463 1719 1545 1755 igitur
1560 1719 1694 1754 agendum

905 1768 984 1794 nobis
998 1771 1050 1798 est,
1067 1766 1112 1800 qui
1126 1765 1280 1800 huiusmodi
1295 1773 1309 1791 a
1326 1765 1408 1792 Paulo
1423 1765 1551 1792 Ecclesia:
1565 1764 1696 1799 magistro

906 1813 1094 1848 intelligentiae
1108 1813 1232 1839 instituta
1253 1811 1442 1844 suscepimus?
1471 1810 1565 1838 Nonne
1582 1811 1692 1837 videtur

902 1858 1017 1892 justum,
1029 1862 1058 1885 ut
1072 1858 1198 1884 traditam
1212 1856 1289 1883 nobis
1304 1855 1459 1890 hujnsmodi
1477 1855 1596 1890 regulam
1611 1855 1693 1882 simili

905 1903 932 1930 in
942 1902 1047 1929 caneris
1058 1908 1200 1928 servemus
1209 1900 1350 1935 exemplo?
1363 1899 1414 1932 An,
1425 1905 1453 1926 ut
1463 1900 1573 1934 quidam
1584 1900 1692 1933 volunt,

904 1950 961 1977 haec
979 1957 1039 1984 qua:
1054 1953 1146 1976 tantus
1164 1955 1196 1975 ac
1216 1947 1277 1974 talis
1300 1946 1446 1981 Apostolus
1465 1947 1587 1979 tradidit,
1609 1946 1694 1973 relin-

902 2001 1028 2029 quentes,
1045 2002 1150 2021 rursum
1167 1993 1199 2020 ad
1215 1993 1343 2020 Judaicas
1356 1993 1462 2019 rabulas
1479 1991 1693 2019 convertamur?

903 2041 967 2068 Mihi
985 2042 1094 2076 quidem
1116 2041 1154 2075 (ὅ)
1173 2040 1195 2068 si
1213 2040 1270 2067 lucc
1287 2040 1366 2066 aliter
1378 2046 1460 2074 quam
1476 2039 1560 2066 Paulo
1573 2039 1692 2071 videtur,

902 2093 1048 2120 exponant,
1065 2086 1115 2112 hoc
1136 2091 1200 2120 puto
1212 2091 1273 2111 esse
1287 2091 1384 2111 manus
1399 2084 1463 2111 dare
1478 2083 1597 2110 inimicis
1610 2083 1692 2110 Chrid

903 2132 949 2164 sti,
971 2131 1062 2158 ethoc
1088 2138 1149 2157 esse
1168 2130 1239 2164 quod
1264 2129 1395 2165 propheta
1413 2129 1479 2156 dicit
1494 2129 1534 2152 "t
1556 2137 1566 2153 ι
1587 2129 1631 2156 Va:
1645 2129 1692 2163 qui

65 2176 168 2210 sibique
186 2175 297 2209 ignotos
315 2172 396 2209 1“
406 2174 491 2208 prius,
504 2177 531 2200 et
545 2172 621 2200 valde
637 2173 796 2207 peregrinos
806 2173 852 2200 de-
868 2188 890 2216 ο
904 2180 978 2212 potat
1011 2176 1164 2211 proximum
1195 2183 1273 2202 suum
1301 2175 1479 2202 sulirersioue
1495 2174 1659 2201 turbulenta.
1679 2182 1690 2200 ι

65 2222 137 2249 heret
154 2221 319 2251 advertere,
337 2227 372 2246 ne
387 2219 474 2246 aliena
496 2219 620 2246 instituta
639 2218 804 2253 suscipiens,
823 2223 852 2246 et

64 2267 250 2294 institutorum
259 2265 382 2300 regulam
390 2265 528 2297 nesciens,
539 2265 565 2291 in
577 2265 719 2299 peregrino
734 2264 851 2299 trepida-

64 2318 100 2339 ret
116 2313 320 2340 instrumento.
338 2311 485 2346 Propterea
502 2317 568 2345 ergo
587 2311 644 2345 ipse
665 2310 692 2337 in
715 2311 850 2338 nonnullis

63 2359 245 2395 intelligentia:
257 2358 343 2385 tradit
353 2357 490 2392 exempla,
508 2363 536 2384 ut
544 2362 571 2384 et
584 2365 633 2384 nos
641 2356 740 2384 similia
753 2357 848 2384 obser-

63 2413 148 2434 vemus
162 2407 188 2433 in
209 2406 336 2438 caneris,
353 2412 386 2432 ne
401 2405 472 2432 forte
488 2413 538 2440 pro
561 2405 742 2433 similitudine
754 2405 848 2432 lectio-

62 2453 98 2479 nis
114 2458 140 2479 et
155 2451 335 2479 instrumenti
352 2449 506 2478 Iudaeorum
527 2458 579 2478 nos
599 2450 712 2478 elfectos
726 2459 788 2478 esse
804 2451 845 2478 di-

60 2498 169 2537 scipulos
199 2499 392 2525 crederemus.
423 2497 480 2525 lloc
507 2505 572 2533 ergo
595 2497 706 2524 diil‘erre
731 2497 788 2524 Vult
808 2498 849 2524 di-

60 2545 169 2578 scipulos
185 2543 294 2572 Christi
309 2551 324 2569 a
343 2543 483 2578 discipulis
500 2543 661 2579 Synagogzc,
673 2543 744 2578 quod
762 2543 847 2578 legem

58 2596 130 2624 quam
145 2591 183 2618 illi
202 2590 277 2618 male
305 2589 495 2624 intelligendo,
518 2589 656 2617 Christum
672 2597 724 2616 non
741 2597 849 2623 recepe-

58 2642 121 2670 runt,
134 2645 184 2665 nos
197 2636 370 2672 spiritaliter
385 2636 574 2671 intelligendo.
591 2636 767 2663 ostendamus
785 2643 846 2663 cam

86 2697 107 2714 ⁸³
120 2697 216 2726 Matth.
236 2705 291 2729 xtl,
309 2695 357 2723 29.
409 2695 433 2711 ⁵⁸
448 2695 515 2729 Eph.
530 2703 567 2726 vt,
586 2695 628 2721 Η.

55 2732 73 2748 ’³
87 2733 93 2759 l
107 2734 175 2761 Tim.
196 2742 229 2766 It,
247 2734 274 2760 7.
318 2731 362 2758 I“l
378 2731 442 2758 Cor.
459 2739 485 2762 χ,
500 2731 525 2766 l,
538 2731 564 2762 2,
580 2730 609 2761 5,
621 2731 648 2757 4.

54 2769 103 2796 hac.
123 2765 225 2800 ".15.
264 2769 290 2785 ⁸⁵
310 2767 398 2794 Exod.
417 2773 467 2799 xu,
481 2765 529 2797 θη
547 2773 605 2797 xnt,
620 2766 665 2792 ‘20.

80 2827 116 2862 (5t
133 2828 198 2855 Vide
214 2827 265 2855 lib.
284 2833 306 2853 υ
323 2823 454 2857 Origen.,
470 2827 568 2856 quttest.
588 2822 630 2850 l5.

677 2695 700 2711 ⁸⁵
714 2694 809 2729 Philip,
826 2702 862 2728 Iv,
882 2695 914 2727 l;
932 2694 939 2720 Ι
960 2694 1084 2721 Cor.xvt.
1102 2693 1146 2720 l5.

700 2730 724 2746 '°
736 2729 813 2757 1Ιυιιιι.
826 2738 867 2764 ιιι,

903 2223 1022 2256 Accepta
1033 2229 1099 2256 ergo
1115 2229 1130 2248 a
1149 2221 1228 2248 beato
1246 2221 1328 2248 Paulo
1342 2221 1467 2256 apostolo
1486 2221 1591 2247 semina
1606 2219 1690 2254 spiri~

906 2269 967 2295 talis
982 2267 1178 2302 intelligentiae,
1195 2268 1222 2294 iu
1239 2272 1370 2302 quantum
1387 2275 1436 2294 nos
1454 2267 1586 2294 Dominus
1603 2267 1691 2301 preci-

903 2315 953 2341 bus
970 2313 1069 2341 vestris
1084 2313 1239 2340 illuminare
1252 2313 1422 2347 dignabitur,
1436 2313 1606 2339 excolautus.

937 2359 965 2386 2.
981 2368 990 2385 ι
1006 2359 1038 2386 Et
1053 2359 1186 2392 levantes,
1200 2358 1329 2393 inquit”,
1345 2358 1391 2385 ﬁlii
1408 2358 1533 2385 lsraeldc
1550 2357 1689 2390 lintncsse,

902 2410 1033 2432 vcneruut
1047 2407 1072 2432 in
1090 2404 1221 2434 Sochotlt.
1236 2410 1262 2432 et
1277 2405 1389 2440 profecti
1407 2405 1440 2432 de
1455 2405 1586 2436 Sochoth,
1608 2411 1689 2430 vene-

902 2455 964 2477 runt
976 2450 1001 2477 in
1014 2450 1116 2477 Othon.
1134 2460 1143 2476 ι
1157 2450 1184 2477 Si
1198 2451 1259 2484 quis
1270 2457 1310 2477 est
1326 2450 1372 2485 qui
1382 2450 1516 2485 proﬁcisci
1533 2448 1690 2483 deIEgvpto

902 2501 990 2532 parat,
1006 2497 1027 2523 si
1044 2496 1106 2531 quis
1121 2501 1162 2523 est
1187 2496 1232 2531 qui
1256 2497 1329 2531 cupit
1353 2497 1483 2523 obscuros
1499 2495 1590 2522 mundi
1609 2495 1690 2529 lmjus

902 2549 979 2570 actus
1005 2547 1032 2570 et
1054 2550 1178 2569 errorum
1205 2543 1332 2569 tenebras
1361 2541 1567 2576 derelinquere,
1600 2542 1689 2576 primo

901 2589 1022 2617 etnnium
1042 2596 1075 2615 ex
1094 2587 1224 2615 Ramesse
1251 2589 1275 2615 ei
1299 2587 1526 2622 proﬁciscendum
1552 2591 1602 2614 est.
1635 2587 1689 2613 llaa

902 2644 991 2663 messe
1009 2643 1073 2662 vero
1087 2635 1281 2669 interpretatur
1292 2634 1430 2660 commotio
1448 2635 1536 2660 linere.
1566 2634 1594 2660 Si
1621 2640 1687 2669 ergo

1184 2693 1207 2709 ἰ’
1221 2692 1293 2720 Psal.
1308 2692 1420 2723 Ctt.12.
1456 2692 1477 2708 ⁸⁷
1495 2692 1578 2719 Exod.
1596 2700 1641 2723 xv,
1657 2691 1685 2721 L

961 2731 982 2746 “
997 2729 1074 2757 Joau.
1090 2735 1126 2761 γι,
1142 2729 1187 2761 49,
1199 2729 1244 2760 50,
1261 2729 1304 2756 δι.
1342 2729 1364 2745 ’³
1381 2729 1389 2754 Ι
1406 2729 1470 2756 Cor.
1489 2736 1515 2762 λ,
1528 2729 1554 2755 4.
1592 2729 1614 2744 ³³
1633 2728 1683 2756 lia~
