1894 3059
209 108 261 135 5:!

953 105 1114 136 ORIGENlS

1783 113 1832 140 55!

212 174 311 202 aquam
324 171 351 194 et
368 167 460 194 evadis
476 166 639 199 incolumis;
660 170 740 201 atque
763 165 862 193 ablutis
878 167 1002 194 sordibus
1019 170 1038 198 Α
1054 167 1132 201 guius
1159 166 1215 194 haec
1241 166 1325 200 dices,
1341 167 1362 194 si
1387 165 1514 193 habueris
1532 172 1687 202 tympanum
1710 168 1735 194 in
1756 177 1831 196 manu

211 219 404 249 peccatorum,
437 214 516 240 homo
544 220 628 239 novus
655 212 801 244 aseendis,
827 216 937 246 paratus
965 213 999 239 ad

212 261 378 288 cantandum
391 260 527 287 canticum
540 266 649 286 novum.
664 258 783 294 [Egyptii
800 265 864 286 vero
886 263 948 294 post
973 263 998 285 te

214 308 400 341 insequentes,
413 306 605 340 demergeutur
629 305 655 331 in
674 305 812 340 abyssum,
827 305 932 332 etiamsi
956 304 997 331 vi-

213 352 311 378 dentur
327 349 530 385 rogarelesum,
550 350 701 376 neinterim
714 350 802 376 mittat
820 357 866 377 eos
880 350 906 377 in
917 350 998 385 abys-

212 405 271 423 sum
283 397 315 423 ".
338 395 391 422 Sed
408 402 434 422 et
449 395 529 422 alium
549 403 581 422 ex
605 395 647 422 his
664 396 788 430 accipere
799 403 943 431 possumus
955 396 996 422 in-

213 442 360 470 tellectum.
377 441 405 469 Si
423 441 571 477 Egyptum
588 442 687 477 fugias,
707 442 729 469 si
745 442 906 476 ignorantiae
920 446 997 468 tene-

211 489 275 515 hras
299 488 446 522 relinquas,
459 492 485 515 et
499 488 623 522 sequaris
641 488 726 523 legem
749 487 795 515 Dei
812 487 934 523 Moysen,
949 486 998 513 ob-

211 535 267 561 viet
283 538 373 560 autem
397 533 445 560 tibi
469 539 554 564 mare,
568 537 594 559 et
615 533 861 560 contradicentium
881 532 928 560 tibi
944 531 997 559 ﬁu-

185 583 188 585 ’
211 584 271 606 ctus
285 582 441 609 occurrant,
456 582 567 612 percute
592 583 618 604 tu
633 578 805 604 obluctantes
820 578 906 604 undas
920 578 996 612 virga

182 628 185 629 ⁷
211 625 307 660 Moysi,
321 625 346 651 id
368 630 410 651 est
433 625 516 651 verbo
540 624 616 658 legis,
636 629 662 651 et
680 624 819 658 vigilantia
841 623 996 658 Scriptura-

211 679 271 698 rum
285 671 337 697 iter
354 671 400 696 tibi
414 669 464 704 ipsi
479 669 641 703 disputattdo
657 676 704 703 per
718 668 889 696 adversarios
897 668 995 702 pande,

211 717 311 743 cedent
334 715 413 742 unda:
435 715 578 746 continuo,
595 719 622 741 et
641 715 763 749 superati
784 714 884 741 ﬂuctus
907 713 995 740 locum

209 761 359 788 victoribus
376 760 499 792 dabunt,
524 759 739 794 mirantibusque
765 763 792 786 et
819 758 942 786 attonitis
964 765 997 785 ac

209 811 321 840 stupore
341 805 438 833 deﬁxis
458 805 501 833 his
521 806 567 840 qui
588 804 668 840 paulo
692 809 754 832 ante
770 803 994 837 adversabantur,

1052 219 1108 246 tua,
1128 214 1153 240 id
1166 218 1207 240 est
1233 213 1254 241 si
1270 220 1381 241 carnem
1406 217 1478 240 tuam
1495 213 1666 242 crucitlxeris
1687 223 1748 242 cum
1764 216 1831 243 vitiis

1050 265 1076 286 et
1093 259 1329 294 concupiscentiis,
1342 263 1369 286 et
1385 259 1408 288 si
1422 260 1629 287 mortiﬁcaveris
1645 260 1767 287 metnbra
1779 265 1832 294 tua,

1050 313 1110 341 qua:
1133 310 1194 332 sunt
1213 313 1295 339 super
1313 309 1423 332 terram.
1445 305 1479 332 Et
1509 310 1599 333 tamen
1620 306 1758 334 videamus
1772 307 1832 340 quid
1868 323 1871 326 -

1050 353 1136 380 dicit:
1156 361 1165 378 ι
1185 352 1333 379 Cantemus
1355 351 1479 383 Dotuino,
1498 352 1616 386 gloriose
1633 353 1705 379 enim
1727 352 1833 379 honori-

1050 399 1145 426 ﬁeatus
1164 403 1216 430 est,
1232 407 1242 424 ι
1259 398 1336 430 quasi
1356 405 1408 424 non
1431 397 1566 425 sulIieeret
1583 407 1589 425 τ
1610 407 1618 423 ι
1641 398 1831 425 hnnoriﬁcatus

1048 449 1101 478 est,
1120 454 1129 470 ι
1147 443 1195 471 sed
1218 443 1322 471 addidit
1338 452 1345 470 :
1364 453 1373 469 ‹
1393 443 1509 478 gloriose
1536 444 1732 471 honoriﬁcatus
1756 449 1804 470 est.
1821 453 1828 468 I

1050 492 1177 525 Equidem
1198 495 1329 525 quantum
1354 499 1463 526 possttm
1486 490 1631 524 conjicere,
1651 492 1757 516 videtur
1770 491 1830 516 mihi

1049 536 1120 563 aliud
1134 543 1194 563 esse
1205 535 1366 569 gloriﬁcari,
1382 535 1455 562 aliud
1468 535 1586 570 gloriose
1596 535 1756 570 gloriﬁcari.
1768 535 1831 562 Nam

1049 582 1178 608 Dominus
1208 588 1285 608 meus
1311 579 1390 607 Jesus
1414 579 1551 612 Christus,
1576 587 1635 607 cum
1663 587 1773 607 carnem
1798 586 1830 607 ex

1050 627 1160 662 Virgine
1177 627 1261 654 Maria
1276 635 1325 661 pro
1338 627 1428 654 salute
1446 632 1539 654 nostra
1556 626 1687 660 suscepit,
1700 625 1833 660 gloriﬁca-

1050 678 1092 700 tus
1101 678 1140 700 est
1154 673 1273 708 quidem,
1286 672 1348 706 quia
1366 673 1439 699 venit
1450 679 1573 706 quaerere
1586 671 1656 706 quod
1670 670 1789 705 perierat
1799 670 1831 701 ’⁸,

1049 728 1101 747 ιιοιι
1121 724 1210 746 tamen
1227 719 1346 753 gloriose
1367 718 1533 752 gloriﬁcatus
1560 722 1610 744 est.
1637 716 1741 743 Dicitur
1763 715 1832 742 cnim

1048 765 1081 793 de
1095 766 1154 800 ipso
1164 765 1199 798 ",
1213 764 1275 799 quia
1289 773 1299 790 ι
1315 765 1432 791 vidimus
1446 771 1519 795 eum,
1533 767 1560 789 et
1576 770 1629 789 non
1642 762 1759 788 habebat
1773 768 1832 795 spe.

1047 812 1116 838 ciem
1135 817 1222 844 neque
1240 810 1376 841 decorent,
1391 813 1419 836 et
1434 808 1522 835 vultus
1539 807 1597 842 ejus
1612 806 1739 840 ignobilis
1757 813 1834 840 super

209 852 342 886 legitimis
359 856 385 878 tu
409 851 622 884 disputationum
644 850 724 878 lineis
741 854 845 878 rectum
868 849 928 876 ﬁdei
945 850 996 877 iter

1052 856 1121 884 ﬁlios
1134 856 1284 884 hominum.
1298 864 1307 881 ›
1319 854 1493 882 Gloriﬁcatus
1507 858 1549 880 est
1561 857 1662 880 etcum
1678 854 1712 878 ad
1726 857 1833 878 erucem

210 897 326 929 secabis,
350 901 379 924 et
402 897 537 923 intautnm
561 896 690 923 doctrina:
714 896 796 923 verbo
818 894 955 930 proﬁcies,
968 899 997 921 ut.

211 943 352 970 auditores
370 942 420 974 tui,
433 949 502 976 quos
518 942 544 968 in
561 942 635 976 virga
653 941 719 976 legis
732 940 858 973 erudisti,
876 940 925 975 ipsi
939 940 996 975 jam

212 994 307 1015 contra
323 988 474 1024 Egyptios,
486 988 558 1015 velut
576 987 674 1014 ﬂuctus
689 986 772 1013 utaris
793 986 947 1021 insurgant,
970 991 997 1013 et

211 1043 263 1061 non
282 1034 369 1061 solum
384 1035 542 1068 itupugueut
553 1041 611 1065 eos,
622 1033 668 1060 sed
682 1039 707 1059 et
718 1037 845 1067 superent
857 1037 883 1059 et
893 1033 997 1059 exstin-

210 1086 304 1115 guattl.
320 1079 473 1113 Exstinguit
490 1086 607 1113 namque
628 1078 796 1113 Egyptian),
812 1078 857 1112 qui
872 1086 924 1105 non
942 1078 998 1113 agit

210 1135 292 1162 opera
317 1127 502 1153 tenebrarum.
526 1124 680 1159 Exstinguit
695 1123 862 1159 Egyptium,
882 1124 928 1158 qui
942 1131 994 1150 non

210 1173 368 1205 carnaliter,
384 1172 430 1199 sed
454 1170 634 1207 spiritualiter
647 1170 725 1197 vivit.
741 1170 895 1205 Exstinguit
911 1169 996 1205 .Egy-

210 1221 309 1256 ptium,
325 1219 370 1254 qui
386 1217 566 1252 cogitationes
581 1216 705 1244 sordidas
720 1221 745 1243 et
759 1216 879 1249 impurus
894 1216 934 1242 vel
949 1217 997 1243 de-

211 1267 287 1301 pellit
316 1274 348 1293 εκ
383 1265 476 1296 corde,
510 1263 551 1290 vel
582 1262 695 1290 omnino
722 1270 774 1289 non
805 1262 913 1296 recipit,
940 1262 996 1289 sic-

184 1314 185 1317 “
215 1319 243 1340 ιιι
264 1316 292 1340 et
315 1310 459 1346 Apostolus
482 1309 548 1337 dicit
562 1309 606 1336 ":
623 1318 632 1334 ι
648 1308 824 1335 Assumentes
841 1312 946 1334 scutum
964 1306 996 1333 ﬁ-

211 1359 254 1386 dei
272 1359 298 1384 in
321 1364 375 1391 quo
395 1362 538 1391 possumus
561 1354 652 1382 omnia
673 1353 762 1387 jaeula
787 1352 896 1387 maligni
913 1351 996 1386 ignita

211 1404 396 1437 exstinguere.
411 1412 420 1428 ι
441 1401 497 1428 lloc
508 1401 579 1428 enim
595 1399 673 1427 modo
690 1406 836 1434 possumus
852 1398 933 1425 etiaut
949 1397 998 1424 ho-

212 1450 255 1477 die
269 1449 414 1484 (Egyptios
426 1448 519 1475 videre
532 1450 664 1480 mortuos,
682 1451 708 1473 et
719 1446 842 1481 jacentes
861 1445 894 1471 ad
910 1444 995 1476 littus,

213 1493 350 1529 submergi
378 1492 524 1528 quadrigas
553 1498 646 1519 eorum
669 1495 697 1517 et
725 1497 821 1524 equos.
847 1488 997 1516 Possumus

211 1541 294 1568 «tiam
318 1540 406 1575 ipsum
434 1537 606 1566 Pharaonem
623 1537 717 1564 videre
732 1535 866 1569 demergi,
883 1534 905 1562 si
922 1538 995 1560 tanta
1010 1524 1032 1554 (ἶ

204 1586 265 1614 'ﬁde
278 1585 414 1616 vivamus,
431 1589 460 1610 ut
478 1583 547 1610 Deus
563 1585 686 1609 conterat
709 1580 837 1608 Satanam
853 1579 903 1607 sub
918 1579 996 1614 pcdi-

212 1633 263 1660 bus
280 1631 382 1659 nostris
394 1629 418 1646 “
434 1629 565 1657 velociter
583 1636 630 1663 per
647 1627 739 1655 Jesum
755 1627 893 1654 Christum
906 1625 998 1653 Domi-

212 1686 277 1706 tuun
295 1681 430 1708 nostrum,
447 1676 490 1703 cui
507 1680 546 1702 est
561 1674 645 1710 gloria
660 1677 687 1701 et
699 1673 843 1708 imperium
855 1672 881 1700 in
897 1672 998 1700 stecula

211 1725 381 1752 saeculorum.
403 1723 500 1750 Amen.

505 1798 645 1826 ll0.lllLlA
664 1797 706 1826 Vl.

212 1859 251 1887 De
273 1859 375 1886 cantica
400 1858 470 1892 quod
500 1855 615 1882 cantavit
637 1853 741 1892 Moyses
764 1861 824 1880 cum
849 1851 956 1887 populo,
975 1855 998 1878 et

436 1891 525 1919 Maria
536 1898 594 1917 cum
610 1889 774 1916 mulieribus.

249 1955 276 1981 1.
292 1952 373 1980 Multa
385 1951 494 1987 quidem
511 1949 617 1977 cantica
630 1947 687 1975 ﬁeri
701 1946 815 1982 legimus
828 1945 855 1973 in
872 1944 999 1978 Scriptu-

214 2000 254 2028 ris
266 1999 376 2030 divinis,
395 1998 491 2024 horum
513 2000 602 2021 tamen
615 1993 736 2020 omnium
745 1991 861 2026 primum
878 1989 949 2018 istud
959 1993 1001 2016 est

212 2046 362 2078 canticum,
372 2042 443 2078 quod
453 2041 586 2076 Egyptiis
601 2043 630 2066 et
641 2038 785 2066 Pharaone
801 2037 943 2065 submerso
952 2043 1001 2071 po-

212 2091 290 2127 pulus
300 2090 345 2118 Dei
359 2088 438 2124 1!")
453 2092 514 2122 post
529 2086 669 2113 victoriam
683 2084 792 2112 cecinit.
804 2083 884 2110 Moris
900 2083 1001 2118 quippe

213 2142 371 2166 sanctorum
389 2139 439 2166 est,
456 2134 498 2160 ubi
515 2132 688 2160 adversarius
713 2130 841 2162 vincitur,
870 2133 1000 2162 tauquam

1048 903 1132 935 venit,
1148 906 1176 930 et
1191 901 1303 937 pertulit
1321 905 1448 929 mortem.
1466 900 1513 928 Vis
1532 899 1603 927 scire
1618 899 1682 932 quia
1701 895 1834 931 gloriﬁca-

1049 954 1092 977 tus
1109 949 1169 977 est?
1185 948 1245 983 Ipse
1267 947 1408 975 dicebat"
1423 955 1431 974 :
1452 955 1461 972 ι
1477 945 1568 978 Pater,
1591 944 1665 971 venit
1689 944 1768 974 hora,
1781 943 1835 970 cla-

1049 996 1123 1022 riﬁca
1140 994 1236 1021 Filium
1258 998 1346 1025 tuum,
1373 997 1402 1019 ut
1427 991 1510 1018 Filius
1535 996 1596 1017 titus
1617 990 1750 1016 clariiicet
1770 994 1803 1014 te.
1824 997 1832 1012 ι

1047 1042 1113 1069 Erat
1127 1049 1192 1076 ergo
1203 1041 1226 1068 ei
1240 1041 1338 1076 gloria,
1352 1040 1432 1067 etiam
1450 1040 1506 1074 ipsa
1520 1038 1611 1073 passio
1624 1038 1726 1067 crucis,
1742 1043 1834 1063 verum

1048 1085 1132 1120 gloria
1150 1086 1208 1112 haec.
1223 1092 1276 1111 non
1292 1089 1350 1111 erat
1372 1083 1499 1118 gloriosa,
1513 1083 1558 1109 sed
1576 1082 1694 1109 htttnilis.
1717 1081 1836 1114 Denique

1048 1131 1147 1158 dicitur
1160 1131 1192 1157 dc
1206 1137 1238 1157 eo
1249 1130 1290 1157 ’νε
1309 1139 1318 1156 ι
1338 1129 1494 1156 Ilutniliavit
1509 1136 1539 1156 se
1556 1135 1642 1162 usque
1656 1128 1689 1154 ad
1709 1131 1835 1158 mortem.

1048 1180 1162 1202 mortem
1189 1179 1279 1202 autent
1303 1175 1400 1201 crucis.
1423 1183 1431 1199 ι
1457 1174 1493 1200 De
1517 1181 1571 1208 quo
1598 1173 1681 1199 etiam
1707 1172 1835 1206 propheta

1048 1221 1210 1256 praadixerat
1226 1220 1248 1235 ⁵⁰
1269 1228 1276 1246 :
1300 1228 1309 1245 ι
1335 1219 1420 1246 Morte
1445 1218 1600 1252 turpissima
1627 1218 1837 1244 condemnemus

1048 1275 1120 1294 eum.
1139 1276 1149 1293 ›
1166 1266 1219 1293 Sed
1238 1270 1266 1292 et
1288 1265 1372 1292 lsaias
1400 1265 1466 1292 dicit
1491 1265 1524 1292 de
1547 1272 1578 1291 eo
1590 1264 1611 1279 ³¹
1629 1273 1635 1290 :
1655 1273 1664 1289 ι
1684 1263 1712 1290 Ιιι
1730 1263 1839 1290 humili-

1049 1316 1103 1340 tate
1116 1311 1246 1346 judicium
1264 1310 1322 1345 cjus
1341 1310 1476 1337 sublatura
1491 1314 1546 1337 est.
1568 1318 1577 1335 ι
1596 1308 1623 1335 In
1640 1308 1682 1335 his
1698 1315 1767 1342 ergo
1783 1315 1839 1334 om-

1048 1357 1128 1383 nibus
1149 1355 1314 1389 gloriﬁcatns
1332 1359 1374 1381 est
1393 1355 1535 1387 Dominus,
1564 1354 1623 1385 sed,
1642 1357 1669 1380 ut
1684 1354 1719 1380 ita
1738 1353 1837 1383 dicant.

1048 1401 1197 1433 humiliterI
1211 1408 1262 1427 nou
1279 1401 1396 1435 gloriose
1414 1400 1579 1435 gloriﬁcatns
1594 1405 1647 1427 est.
1659 1399 1763 1426 Verum
1777 1399 1838 1433 quia

1051 1456 1060 1472 ‹
1080 1449 1136 1474 lucc
1160 1447 1303 1481 oportebat
1327 1447 1380 1481 pati
1403 1446 1551 1479 Christum,
1565 1450 1593 1473 et
1610 1446 1650 1472 sic
1672 1445 1791 1472 introire
1814 1444 1838 1471 in

1049 1493 1161 1528 gloriam
1175 1500 1250 1519 suatn
1265 1493 1299 1524 ",
1313 1502 1323 1519 ι
1338 1500 1398 1519 cum
1427 1493 1532 1519 venerit
1555 1493 1582 1518 in
1601 1492 1686 1528 gloria
1710 1491 1801 1518 Patris
1814 1495 1838 1517 et

1049 1542 1204 1564 sanctorum
1215 1538 1388 1573 angelorumI
1400 1544 1462 1564 cunt
1476 1537 1581 1564 venerit
1593 1537 1618 1564 in
1636 1535 1782 1571 majestate
1793 1543 1837 1563 sua

1046 1584 1170 1620 judicare
1194 1590 1305 1616 terram,
1320 1583 1429 1618 quando
1449 1587 1475 1609 et
1500 1590 1592 1610 verum
1617 1582 1801 1614 Pharaonem,
1815 1581 1839 1607 id

1048 1637 1091 1658 est
1103 1631 1240 1660 diabolum
1267 1631 1414 1658 interﬁcict
1437 1630 1535 1664 spiritu
1549 1629 1606 1656 oris
1627 1629 1679 1659 sui,
1697 1636 1762 1655 cum
1778 1635 1841 1661 ergo

1054 1677 1198 1713 refulgebit
1213 1677 1240 1704 in
1257 1676 1397 1711 majestate
1413 1675 1501 1704 Patris
1513 1674 1565 1706 sui,
1580 1678 1606 1701 et
1619 1678 1680 1709 post
1693 1674 1841 1700 adventant

1049 1723 1227 1756 humilitatis,
1257 1723 1403 1750 secundum
1435 1722 1514 1750 nobis
1543 1722 1570 1748 in
1599 1721 1684 1754 gloria
1715 1721 1842 1748 ostendet

1052 1770 1212 1801 adventum,
1236 1774 1299 1795 tunc
1323 1776 1376 1795 non
1404 1768 1490 1796 soltttn
1514 1767 1679 1803 gloriﬁcatur
1700 1766 1841 1796 Dominus,

1050 1816 1097 1844 sed
1110 1820 1137 1842 et
1149 1815 1268 1849 gloriose
1287 1814 1466 1848 gloriﬁcatur,
1485 1821 1545 1840 cum
1565 1820 1660 1840 omnes
1675 1812 1712 1838 ita
1731 1811 1842 1838 honori-

1051 1862 1133 1888 ﬁcant
1148 1861 1257 1894 Filium,
1275 1861 1345 1888 sicut
1361 1859 1542 1888 honoriﬁcmit
1555 1858 1664 1886 Patrem
1679 1857 1712 1883 ".

1085 1908 1112 1934 2.
1132 1917 1141 1933 ι
1168 1907 1272 1941 Equum
1297 1911 1324 1934 et
1345 1913 1517 1934 ascensorem
1548 1904 1663 1940 projecit
1687 1903 1712 1929 in
1744 1909 1841 1930 mare:

1051 1954 1156 1988 adjutor
1171 1958 1198 1979 et
1213 1957 1349 1987 protector
1366 1952 1455 1979 factus
1471 1955 1513 1979 est
1526 1951 1590 1977 mihi
1609 1950 1634 1976 in
1651 1949 1768 1976 salutem
1781 1947 1812 1974 ".
1830 1955 1839 1972 ι

1053 1998 1181 2026 llomiues
1195 1998 1240 2032 qui
1258 2004 1308 2024 nos
1328 1997 1519 2031 insequuntur,
1537 1995 1598 2030 equi
1615 1998 1689 2025 sunt,
1706 1998 1747 2026 et,
1765 1997 1794 2019 ut
1808 1992 1841 2018 ita

1052 2046 1150 2077 dicam,
1163 2052 1257 2071 omnes
1270 2044 1315 2078 qttl
1339 2044 1365 2071 in
1391 2051 1474 2070 carne
1499 2043 1554 2070 nati
1570 2046 1644 2074 sunt,
1667 2039 1842 2076 singulariter

1052 2092 1113 2125 equi
1125 2095 1197 2123 sunt,
1211 2090 1257 2118 sed
1270 2090 1296 2117 hi
1312 2090 1412 2117 habent
1424 2095 1588 2117 ascensores
1600 2095 1672 2114 suos.
1686 2087 1759 2113 Sunt
1770 2085 1841 2120 equi,

1052 2144 1119 2172 quos
1134 2137 1262 2163 Dominus
1278 2136 1410 2169 ascendit,
1426 2140 1452 2162 ct
1475 2135 1646 2162 circumeunt
1660 2140 1773 2159 omnem
1790 2138 1842 2157 ter-

213 2185 259 2218 qui
274 2185 362 2212 sciant
374 2189 427 2210 non
442 2189 490 2209 sua
503 2180 612 2210 virtute,
634 2179 680 2205 sed
693 2177 739 2204 Dei
756 2177 841 2211 gratia
858 2176 998 2203 victoriam
1016 2194 1040 2224 υ
1054 2191 1110 2209 mm
1129 2191 1134 2208 ε
1155 2183 1187 2209 de
1207 2182 1306 2216 quibus
1321 2181 1421 2209 ἀίοίιυτ
1435 2181 1478 2207 aa;
1497 2190 1505 2206 ε
1524 2179 1560 2206 Et
1573 2180 1710 2214 equilalus
1724 2184 1785 2204 mus
1801 2186 1842 2204 ες.-

214 2233 326 2262 factam,
349 2230 477 2264 hymnum
497 2227 551 2254 Deo
574 2224 764 2261 gratulationis
787 2222 895 2250 eﬂ‘erre.
923 2222 999 2249 Acci‘

214 2279 293 2313 piunt
313 2282 414 2307 tamen,
436 2275 566 2310 hymnum
587 2276 727 2303 canentes,
744 2270 825 2297 etiam
845 2274 1001 2304 tympanum

215 2323 242 2350 in
260 2322 385 2349 manibus
409 2321 476 2352 suis,
504 2319 573 2346 sicut
592 2319 624 2345 de
645 2316 729 2343 Maria
756 2323 849 2342 sorore
873 2313 956 2349 Moysi
977 2318 1004 2340 et

214 2372 304 2397 Aaron
321 2369 448 2395 refertur.
466 2366 499 2393 Et
513 2370 541 2393 ιιι
558 2371 623 2399 ergo
641 2364 662 2390 si
681 2369 755 2389 mare
774 2361 898 2388 Rubrum
916 2365 1005 2386 trans-

213 2417 289 2448 ieris,
312 2415 334 2442 si
351 2413 491 2449 Egyptios
505 2412 531 2439 in
554 2410 621 2438 mari
637 2409 775 2443 submergi
791 2407 890 2434 videris
906 2411 933 2432 et
955 2413 1004 2432 ex-

215 2461 314 2497 stingui
328 2459 509 2491 Pharaonem,
524 2462 604 2492 atquc
617 2457 642 2483 in
657 2455 748 2490 abyssi
762 2453 922 2488 profundum
935 2459 1002 2487 pra:-

215 2506 334 2542 cipitari,
351 2510 427 2540 potes
452 2505 580 2539 hymnum
600 2508 699 2530 canere
726 2501 791 2532 Dco,
817 2504 892 2534 potes
912 2505 1003 2525 vocem

216 2552 406 2587 gratulationis
429 2552 564 2583 emittere,
582 2555 609 2576 et
626 2551 717 2576 dicere
734 2556 740 2573 :
761 2556 768 2572 ι
787 2547 932 2574 Cantemus
952 2545 1003 2571 Do—

216 2600 300 2631 mino,
321 2599 438 2633 gloriose
463 2597 535 2624 enim
564 2595 760 2623 houorilicatus
782 2598 833 2624 est,
855 2600 954 2626 equum
980 2596 1006 2617 et

217 2649 387 2668 ascensorem
398 2641 511 2675 projccit
525 2641 550 2666 in
566 2647 640 2666 mare
651 2639 683 2665 ’⁵.
697 2648 706 2663 ι
717 2638 811 2664 Melius
820 2641 907 2663 autem
924 2641 950 2663 et
966 2637 1006 2663 di-

253 2710 274 2724 "
291 2709 383 2737 Matth.
395 2717 435 2735 ιιι.
469 2708 492 2724 ¹¹
510 2708 606 2742 Ephes.
622 2715 658 2739 Vl,
672 2706 730 2742 {6.7
750 2707 773 2724 ’⁸
784 2704 862 2742 Rom.
876 2713 931 2736 va,
944 2705 990 2732 20.

217 2744 239 2759 ’λ
253 2744 329 2770 Joan.
351 2752 415 2775 ιιι-ιι,
439 2744 464 2771 1.
502 2744 523 2759 ἰ’
545 2742 640 2776 Philip.
665 2750 694 2774 ιι,
719 2741 745 2767 8.
785 2741 807 2756 ³ο
833 2741 896 2776 Sap.
917 2748 945 2771 Il,
968 2742 1012 2766 20.

218 2779 240 2794 ⁸⁵
252 2779 336 2806 Exod.
351 2787 395 2810 xv,
412 2780 436 2810 1,
449 2779 477 2804 2.
516 2778 537 2793 ³⁵
557 2777 655 2804 Ilabae.
674 2784 713 2808 ιιι,
732 2777 758 2803 8.

259 2838 295 2871 t9)
310 2836 355 2862 Sic
379 2843 462 2869 mss.;
489 2834 555 2862 alias
578 2841 652 2867 vere,
680 2843 688 2858 ε
710 2840 880 2860 ascensorem
908 2833 1006 2859 habent

1053 2228 1104 2254 lus.
1124 2237 1132 2253 ι
1148 2227 1217 2254 Sunt
1233 2232 1321 2253 atttem
1338 2226 1410 2261 equi,
1430 2226 1475 2260 qui
1493 2232 1652 2252 asocnsorcs
1670 2223 1773 2250 habent
1789 2223 1844 2248 dia—

1053 2273 1141 2300 bolum
1163 2272 1200 2309 (9)
1219 2278 1245 2299 et
1267 2273 1376 2308 angelos
1399 2272 1468 2306 ejus.
1493 2270 1574 2297 .Iudas
1598 2277 1684 2303 equus
1704 2273 1780 2296 erat:
1801 2266 1844 2294 sed

1053 2317 1138 2343 donec
1161 2324 1333 2343 ascensorem
1360 2317 1455 2343 habuit
1484 2315 1638 2346 Dominum,
1660 2314 1694 2341 de
1719 2314 1843 2348 equitatu

1055 2363 1102 2388 fuit
1128 2362 1234 2389 salutis.
1262 2362 1328 2389 Cum
1356 2361 1462 2388 caneris
1487 2361 1560 2388 enim
1580 2360 1711 2394 apostolis
1735 2360 1842 2386 missus.

1053 2409 1164 2441 a-grotis
1182 2407 1295 2434 salutem
1312 2412 1340 2434 et
1354 2407 1497 2434 sanitatem
1520 2405 1712 2440 languentibus
1731 2409 1844 2439 praesta-

1054 2455 1110 2482 bat.
1137 2454 1188 2481 Sed
1214 2455 1258 2480 ubi
1288 2461 1316 2481 se
1343 2454 1450 2481 diabolo
1477 2452 1636 2483 substravit,
1658 2456 1718 2486 post
1736 2449 1845 2477 buccel-

1055 2500 1108 2526 lam
1123 2500 1195 2527 enim
1211 2500 1331 2527 introivit
1357 2501 1382 2525 iu
1400 2500 1474 2526 illum
1491 2499 1606 2525 Satanas
1621 2497 1654 2530 ",
1672 2501 1700 2524 et
1716 2502 1847 2523 ascensot‘

1058 2547 1140 2581 ipsius
1163 2545 1273 2572 elleetus
1297 2551 1339 2573 est
1364 2546 1489 2577 Satanas,
1515 2550 1540 2570 et
1567 2536 1638 2570 illius
1663 2543 1780 2570 habenis
1801 2542 1847 2568 du-

1058 2598 1117 2618 ctus
1144 2593 1271 2618 adversus
1301 2591 1442 2618 Dotnintuu
1469 2595 1497 2616 et
1525 2588 1694 2616 Salvatoretn
1720 2593 1847 2614 nostrum

1060 2639 1140 2672 coipit
1156 2637 1291 2671 equitare.
1309 2637 1408 2665 Omnes
1422 2643 1486 2671 ergo
1502 2636 1546 2669 qui
1567 2639 1770 2669 persequuntur
1786 2640 1847 2659 sano

1599 2704 1620 2719 ³⁷
1634 2703 1683 2730 lsa.
1699 2710 1760 2733 LIII,
1776 2701 1805 2731 2.
1821 2701 1847 2727 5.

1030 2706 1051 2720 ’³
1065 2705 1148 2732 Exod.
1163 2713 1208 2738 xv,
1225 2706 1249 2732 Ι.
1280 2705 1301 2720 ³⁸
1315 2705 1409 2731 Matth.
1427 2712 1503 2737 .\vttt,
1518 2704 1560 2731 Η.
1599 2704 1620 2719 ³⁷
1634 2704 1683 2730 lsa.
1699 2710 1760 2733 LIII,
1776 2704 1805 2731 2,
1821 2704 1834 2727 ᾔ

1051 2741 1071 2756 ³⁸
1086 2741 1135 2765 lsa.
1162 2749 1219 2765 ιλιι.
1235 2742 1261 2765 8.
1302 2740 1323 2755 ³³
1338 2741 1400 2765 Luc.
1424 2748 1498 2765 xxiv.
1520 2739 1564 2765 26.
1604 2738 1628 2759 ³³
1649 2738 1726 2765 Joatt.
1749 2744 1781 2765 v.
1799 2735 1834 2762 23

1683 2747 1726 2764 au.
1750 2747 1781 2770 v,
1800 2747 1843 2762 ι).

1051 2741 1135 2767 atlsa.
1162 2749 1219 2773 LHI,
1235 2742 1261 2767 8.
1302 2740 1323 2755 ³¹
1338 2741 1400 2767 Luc.
1424 2748 1498 2773 xxiv,
1520 2739 1564 2765 “26.

797 2776 819 2790 ³⁶
836 2775 914 2803 Joan.
932 2783 988 2806 xm,
1004 2775 1048 2801 27.

1033 2833 1178 2860 diabolum.
1198 2841 1208 2859 ι
