1894 3059
85 115 131 145 533

682 118 714 144 IN
733 117 878 146 EXODUM
900 117 1039 145 IIOIIILIA
1058 119 1100 145 VI.

1656 121 1707 149 331

79 185 142 212 ctos,
156 180 218 214 equi
233 185 296 207 sunt
322 178 486 210 hinnieules,
509 178 555 205 scd
577 178 677 205 habent
694 186 864 210 ascensores,
882 183 904 210 Λ
918 185 1002 211 ctum,
1017 180 1056 205 vel
1072 179 1263 211 centesimum,
1279 179 1319 205 vel
1341 181 1551 214 sexagesimum,
1565 181 1604 208 \el
1628 183 1710 210 trice~

79 226 173 260 quibus
194 231 326 260 aguntur,
355 225 464 258 angelos
495 224 596 256 malos,
624 229 650 251 et
676 225 735 251 ideo
763 224 866 252 feroces

80 275 149 298 sunt.
164 271 192 298 Si
207 278 273 305 ergo
288 270 390 297 videris
410 270 555 304 aliquando
571 275 774 305 persecutorem
789 276 865 297 tuum

80 317 187 343 nitnimn
215 317 386 348 saevientem,
413 317 482 344 scito
508 316 570 350 quia
587 316 620 343 ab
644 323 790 344 ascensore
817 325 866 344 suo

80 361 197 388 dtemone
209 364 383 395 perurgetur,
397 365 425 388 et
438 361 499 388 ideo
512 368 611 392 saevus,
624 361 685 388 ideo
699 361 866 389 truculentus

79 411 127 434 est.
145 407 274 434 Dominus
286 414 353 442 ergo
367 415 376 432 ι
395 415 495 442 equum
518 411 545 434 et
562 415 736 435 ascensorem
753 408 866 442 projccit

79 453 104 480 in
125 461 208 485 mare,
227 459 253 480 et
275 453 364 481 lactus
380 458 422 480 est
442 453 506 480 mihi
528 453 555 480 in
581 452 706 480 salutem.
728 453 775 480 Hic
797 454 867 480 Dcns

78 506 162 530 meus,
188 504 216 526 et
241 499 428 526 honorillcabo
453 506 526 531 eum,
553 499 624 526 Deus
648 500 732 534 patris
757 500 820 532 mei,
840 505 867 528 et

79 545 202 573 exaltabo
230 553 303 573 eum.
322 555 332 571 ι
353 545 401 572 llic
429 552 494 580 ergo
521 549 546 571 et
572 552 648 572 mens
668 550 709 571 est
737 545 817 578 Deus,
840 550 867 573 et

79 591 148 619 Deus
165 591 252 624 patris
266 592 330 618 ntei.
346 590 427 617 Pater
454 595 548 617 noster
567 591 612 624 qui
639 598 689 617 nos
705 590 769 618 fecit
782 597 808 618 et
822 600 868 626 ge-

79 638 147 669 nuit,
163 637 289 664 Christus
303 642 356 668 est,
377 640 405 664 et
422 637 479 671 ipse
492 636 558 663 dicit
572 635 594 652 "
609 644 616 662 :
632 645 642 662 ‹
662 636 737 664 Vado
761 638 794 664 ad
817 636 868 664 Pa-

79 687 145 710 trem
171 690 260 710 meum
284 687 313 710 et
337 682 445 710 Patrem
469 685 600 713 vestrum.
619 682 703 709 Deum
727 690 816 710 meum
840 687 867 710 et

77 729 159 756 Deum
171 733 304 756 vestrum.
321 737 330 754 ι
346 728 374 756 Si
386 736 451 764 ergo
463 736 608 764 agnoscam
618 728 691 764 quod
706 728 776 756 Deus
791 737 868 756 meus

77 775 111 802 sit
123 773 205 806 Deus,
223 774 383 809 glorilicaho
396 781 469 802 eum.
482 774 512 801 Si
525 781 590 802 vero
603 774 685 801 etiam
699 774 769 802 istud
784 782 868 810 agno-

76 827 161 852 scam,
174 819 314 854 quomodo
339 819 426 854 patris
448 818 500 846 mei
525 817 626 846 Christi
641 819 676 846 sit
694 818 777 851 Deus,
793 820 866 847 exal-

917 225 1026 252 simnm.
1041 225 1149 260 Triplex
1165 233 1282 260 namque
1297 231 1338 253 est
1353 227 1434 253 etiam
1456 227 1524 254 bene
1539 228 1634 261 agendi
1652 229 1706 260 via,

918 269 1093 297 nihilominus
1117 271 1189 297 enim
1214 271 1256 298 vel
1279 279 1372 306 opere,
1396 272 1438 300 vel
1465 273 1640 308 cogitatione,
1667 275 1708 301 vel

917 315 1002 342 verbo
1020 315 1081 342 boni
1099 316 1199 351 aliquid
1225 317 1325 352 agitur.
1353 318 1410 346 Iloc
1436 319 1508 346 enim
1528 320 1664 355 significat
1682 327 1710 348 et

918 359 1074 394 Aposmlus,
1092 369 1152 389 cum
1171 363 1237 389 dicit
1250 363 1289 390 “z
1305 372 1314 389 ί
1329 363 1379 397 Qui
1398 370 1488 392 autent
1499 366 1614 393 aediﬁcat
1628 374 1710 401 super

919 406 1123 435 fundamentum
1145 409 1205 441 hoc,
1225 417 1332 442 aurum,
1351 416 1503 446 argentum,
1527 412 1630 447 lapides
1646 421 1710 447 prc-

918 452 1014 485 tiosos,
1035 463 1044 479 ι
1061 454 1192 487 triplicem
1208 455 1340 483 bonorutn
1357 457 1480 485 iudicans
1497 454 1577 485 viard.
1595 458 1711 493 Subiun-

918 498 956 533 git
977 499 1152 527 nihilominus
1171 501 1304 535 triplicem
1324 502 1406 529 etiam
1427 503 1571 537 malorum,
1590 513 1651 532 cum
1666 507 1709 532 di-

918 545 955 571 cit
971 551 977 573 :
996 554 1005 571 ι
1027 545 1122 581 Ligna,
1149 546 1270 580 linutnn,
1295 550 1433 584 stipulam.
1459 560 1468 576 ι
1487 551 1530 578 Isti
1555 559 1620 587 ergo
1641 553 1709 580 terni

919 595 1035 619 statores
1047 597 1110 619 sunt
1126 593 1213 628 angeli
1232 602 1346 629 nequam
1362 597 1395 623 de
1411 598 1531 624 exercitu
1548 597 1710 632 Pharaonis,

918 636 1053 680 qui'stant
1067 637 1093 664 in
1118 638 1304 672 hujuscemodi
1329 641 1393 673 viis,
1413 642 1593 670 observantes
1610 653 1711 671 unum-

919 689 1054 717 quemque
1068 689 1192 711 uostrum
1209 693 1258 720 per
1274 687 1332 714 Inec
1350 687 1402 714 iter
1419 696 1500 723 agere
1516 690 1541 717 in
1556 695 1708 724 peccatum,

918 734 987 761 quos
1003 728 1135 764 demergit
1151 731 1281 759 Dominus
1298 733 1323 760 in
1339 733 1461 761 Rubrum
1477 743 1563 768 mare,
1577 741 1603 763 et
1620 737 1712 772 ignitis

918 780 965 800 eos
977 774 1003 800 in
1016 774 1109 809 judicii
1133 776 1176 803 die
1195 776 1322 805 ﬂuctibus
1338 780 1436 812 tradet,
1453 788 1485 808 ac
1508 790 1648 816 poenarum
1664 791 1709 818 pe-

921 818 981 854 lago
1000 824 1083 854 teget,
1105 822 1126 848 si
1150 825 1177 849 tu
1201 823 1284 850 Demn
1301 832 1419 860 sequens
1436 827 1469 853 de
1489 835 1583 854 eorutn
1600 833 1625 854 te
1640 834 1712 863 pote-

78 865 141 892 tabo
158 873 232 893 eum.
250 865 339 892 Altior
357 872 474 900 namque
489 863 644 892 intellectus
663 870 716 896 est,
730 866 867 900 quomodo
884 860 904 890 Β
919 869 989 892 state
1005 867 1185 895 subtraxeris.

76 910 199 938 Christus
213 915 244 938 ut
259 911 341 939 unius
359 911 405 938 Dei
421 911 587 946 constringat
604 917 631 938 et
647 912 749 938 muniat
764 912 866 940 verita-

78 961 138 989 tem,
151 957 237 985 Deum
253 965 332 985 suum
347 957 422 991 dicit,
436 964 517 992 quem
534 963 632 984 natura
651 956 759 985 Patrem
776 964 866 986 vocat.

79 1011 88 1028 ‹
108 1003 178 1030 Deus
188 1008 335 1031 conterens
350 1003 430 1037 bella,
444 1003 575 1031 Dominus
590 1011 688 1031 nomen
701 1008 742 1031 est
756 1004 793 1031 illi
806 1004 839 1032 ³⁸.
855 1014 864 1030 ι

74 1048 140 1076 Nolo
155 1053 246 1084 putes,
259 1049 323 1083 quia
344 1052 447 1076 tantum
478 1048 599 1077 visibiles
624 1056 730 1084 pugnas
751 1050 869 1077 conterit

74 1095 217 1127 Dominus,
229 1095 278 1123 sed
290 1100 318 1123 et
337 1095 397 1123 illas
418 1097 547 1129 conterit,
561 1104 622 1131 qua:
642 1096 720 1124 nobis
732 1101 796 1124 sunt
813 1104 867 1124 non

74 1141 206 1169 adversus
220 1149 332 1168 carnem
353 1147 380 1169 et
402 1142 572 1177 sanguinem,
587 1142 634 1170 sed
651 1143 782 1170 adversus
795 1136 870 1177 prin—

75 1187 182 1221 cipatus
196 1192 225 1214 et
239 1192 387 1222 potestates
405 1187 471 1224 (l0),
488 1192 515 1216 et
531 1188 661 1215 adversus
680 1189 772 1216 mundi
790 1189 868 1223 hujus

73 1238 198 1260 rectores
225 1233 400 1260 tenebrarum
430 1234 525 1261 harum
553 1233 584 1260 ".
603 1243 612 1260 ε
642 1233 773 1262 Dominus
795 1235 867 1262 enim

72 1286 174 1305 nomen
201 1285 244 1306 est
266 1279 316 1310 illi,
335 1288 344 1304 υ
368 1283 465 1306 etnon
491 1284 533 1306 est
558 1279 610 1306 ulla
631 1285 767 1312 creatura,
794 1279 869 1314 cujus

77 1324 212 1352 Dominus
230 1332 283 1351 non
299 1325 344 1352 sit.

106 1371 135 1399 5.
157 1380 168 1396 ι
184 1371 340 1406 Quadrigas
353 1371 512 1403 Pharaonis,
527 1376 554 1398 et
570 1372 719 1399 exercitum
736 1371 794 1406 ejus
808 1379 869 1406 pro-

68 1417 134 1450 jccit
149 1417 177 1444 in
204 1425 291 1444 mare.
317 1417 424 1444 Eiectos
448 1424 620 1450 ascensores,
637 1422 730 1445 ternos
752 1422 870 1446 statores

71 1464 207 1490 demersit
220 1463 246 1490 in
263 1462 384 1490 Rubrum
401 1471 474 1490 mare
488 1462 521 1490 “.
539 1473 549 1490 ι
566 1463 672 1490 Pharao
689 1465 762 1491 velut
776 1469 869 1498 poteri-

71 1510 124 1536 tior
139 1510 166 1536 in
185 1508 299 1540 malitia,
315 1515 342 1537 ct
360 1517 470 1544 regnum
490 1510 620 1544 nequitize
634 1515 740 1542 tenens,
756 1511 869 1546 quadri-

69 1563 118 1589 gas
137 1555 206 1589 agit.
227 1554 285 1582 Non
302 1555 340 1581 illi
357 1555 423 1582 satis
437 1560 479 1583 est
495 1563 577 1582 unum
590 1563 689 1590 equum
705 1557 867 1590 ascendere,

71 1601 117 1627 sed
136 1601 234 1635 plures
249 1600 329 1628 simul
351 1601 446 1635 agitat,
469 1601 559 1636 plures
576 1601 656 1628 simul
680 1601 766 1636 plagis
782 1605 869 1629 tortos

70 1646 197 1674 verberis
212 1647 296 1681 cogit.
312 1646 494 1682 Quoscunque
510 1647 611 1674 videris
634 1646 660 1673 in
684 1647 789 1674 luxuria
811 1652 869 1673 tur-

71 1694 177 1728 piores,
195 1693 222 1719 in
238 1693 400 1720 crudelitate
426 1694 567 1725 saeviores,
581 1694 607 1720 itt
630 1693 744 1720 avaritia
771 1694 866 1720 tetrio-

69 1746 121 1769 tes,
135 1739 164 1765 in
178 1739 319 1773 impietate
327 1737 530 1773 ﬂagitiosiores,
543 1739 611 1766 scito
627 1739 675 1766 hos
688 1739 720 1766 de
731 1739 869 1774 quadrigis

69 1792 131 1811 esse
148 1783 322 1817 Pharaonis;
341 1783 406 1818 ipsis
421 1786 506 1816 sedet,
526 1785 600 1818 ipsos
622 1785 713 1812 cttrrui
733 1792 782 1812 suo
806 1785 868 1812 sub-

67 1830 171 1864 iungit,
197 1830 224 1857 in
255 1830 319 1864 ipsis
344 1829 430 1857 fertur
456 1835 484 1858 et
507 1831 614 1864 volitat,
639 1836 665 1857 et
690 1838 738 1865 per
762 1835 869 1865 apertos

69 1877 209 1904 scelerum
224 1883 337 1910 campos
357 1875 451 1903 elfusis
466 1883 513 1903 eos
537 1876 592 1910 agit
613 1877 736 1904 habenis.
756 1876 825 1914 Sunt
841 1881 869 1904 et

68 1923 118 1950 alii
136 1922 217 1949 electi
229 1928 403 1953 ascensores,
416 1921 496 1948 electi
511 1922 570 1949 sine
585 1921 666 1949 dubio
677 1923 710 1949 ad
724 1922 867 1949 malitiam.

69 1968 157 2004 148
170 1968 224 1995 Sed
233 1967 290 2001 jam
303 1967 336 1995 de
346 1967 538 1995 ascensoribus
549 1975 630 2003 supra
643 1968 761 1995 diximus
776 1977 783 1994 :
797 1976 867 1995 nunc

66 2015 155 2042 etiam
167 2014 215 2048 qui
227 2017 292 2041 sunt
302 2015 371 2041 terni
382 2018 499 2041 statores
509 2013 657 2041 videamus.
667 2013 731 2041 Mihi
744 2014 868 2041 videntur

69 2060 143 2087 tet-ni
157 2064 277 2087 statores
291 2067 381 2093 proco
391 2060 455 2094 dici,
466 2060 538 2094 quod
552 2060 649 2095 triplex
662 2065 701 2087 est
715 2060 869 2087 hominibus

69 2104 267 2139 peccandivia.
278 2105 331 2131 Aut
347 2105 418 2131 enim
434 2105 461 2131 in
483 2105 566 2137 facto,
583 2105 669 2132 autin
686 2105 769 2138 dicto,
784 2110 830 2132 aut
841 2106 866 2132 in

68 2151 239 2187 cogitatione
248 2155 387 2185 peccatur.
396 2150 429 2178 Et
440 2151 501 2179 ideo
513 2151 581 2178 terni
591 2156 708 2178 statores
715 2159 763 2185 per
776 2151 868 2186 singu-

69 2197 111 2225 los
121 2204 247 2232 quosque
256 2196 397 2229 dicuntur,
409 2197 454 2231 qui
468 2202 522 2224 tres
535 2197 600 2224 istas
610 2197 636 2224 in
649 2197 726 2224 nobis
737 2197 866 2232 peccandi

66 2242 218 2270 obsideant
231 2242 300 2274 vias,
309 2246 337 2268 et
348 2242 522 2276 speculantur
535 2249 653 2277 semper,
664 2247 746 2277 atque
762 2243 788 2269 in
801 2242 866 2269 insi-

68 2290 120 2316 diis
132 2292 227 2324 agant,
236 2293 267 2315 ttt
275 2293 322 2316 aut
330 2288 374 2315 ille
385 2296 417 2315 ex
426 2289 526 2315 misero
533 2288 643 2315 hOminc
652 2295 802 2315 sermonem
810 2296 867 2316 ma-

68 2335 125 2361 lum
148 2334 252 2368 eliciat,
269 2340 316 2361 aut
329 2334 372 2361 ille
390 2335 509 2369 iniquum
529 2342 597 2368 opus
621 2339 795 2368 extorqueat,
819 2339 867 2362 aut

68 2379 115 2405 ille
126 2379 324 2413 cogitationem
342 2380 487 2414 pessimam
500 2380 594 2413 rapiat.
609 2380 727 2413 Denique
736 2384 762 2406 et
771 2387 865 2406 setneu

68 2426 147 2453 verbi
162 2426 211 2453 Dei
232 2426 278 2453 ubi
301 2426 375 2453 cadit
397 2431 425 2453 et
448 2426 566 2459 deperit,
585 2425 682 2459 triplex
702 2425 866 2452 describitur

68 2472 147 2499 locus
159 2472 195 2498 δ’.
209 2471 286 2499 Unus
303 2479 383 2499 secus
396 2472 466 2499 viam
489 2471 616 2503 refertur,
632 2471 678 2505 qui
692 2471 866 2498 conculcatur

65 2519 101 2545 ab
117 2519 294 2550 hominibus;
311 2519 379 2545 alius
391 2519 418 2545 in
434 2518 536 2553 spinis;
551 2517 620 2545 alius
642 2518 668 2545 in
692 2517 818 2552 petrosis.
833 2517 866 2544 Et

65 2564 228 2591 (contrario
244 2568 316 2591 terra
337 2563 407 2590 bona
422 2563 520 2590 ail‘erre
538 2563 638 2590 dicitur
655 2562 789 2597 triplicem
809 2562 866 2589 liu-

394 2632 415 2647 “
426 2632 513 2660 Exod.
537 2639 582 2663 xv,
595 2632 622 2658 5.

373 2666 397 2682 ⁸⁸
413 2668 478 2694 ibid.
503 2667 544 2693 l0.
583 2667 606 2682 ³³
621 2667 704 2694 Zach.
729 2674 753 2698 ν,
766 2667 791 2692 7.

100 2632 125 2648 ’τ
139 2631 222 2659 Joan.
244 2640 290 2665 xx,
302 2632 347 2659 I7.

65 2667 90 2683 “
111 2667 201 2694 Exod.
226 2675 274 2698 xv.
301 2667 326 2694 5.

66 2702 89 2719 ⁸³
103 2702 225 2731 Malach.
242 2710 285 2734 tn,
299 2703 325 2730 5.

102 2762 164 2796 (10)
178 2762 266 2794 Alias,
284 2770 294 2787 ι
316 2761 453 2796 principes
467 2765 493 2788 et
507 2765 663 2795 potestates.
686 2770 696 2786 )

104 2795 163 2832 (ll)
183 2795 349 2824 Ventendtim
370 2801 409 2823 est
435 2804 495 2831 ergo
517 2797 636 2823 omnibus
657 2796 808 2832 adjgnem.
829 2795 866 2823 De

68 2830 120 2860 hoc
135 2830 198 2861 loco
217 2833 331 2860 consule
350 2832 532 2860 clarissimum
547 2832 674 2859 Huctium
688 2830 865 2866 Origeniano-

661 2631 683 2647 ”
697 2630 797 2666 Ephes.
818 2639 857 2660 vr,
874 2630 916 2657 ιε.
955 2631 978 2647 ιθ
994 2631 1041 2658 Exi

661 2667 704 2694 ch.
729 2667 791 2695 v.7.
831 2666 854 2682 ¹·⁶
867 2666 960 2694 Matth.
986 2675 1041 2695 xiv.

953 910 980 937 4.
997 921 1005 936 ι
1019 907 1190 941 Deciderunt
1216 915 1241 941 itt
1274 915 1437 950 profluuium
1464 919 1541 952 quasi
1562 919 1630 954 lapis
1643 920 1676 947 ⁸³.
1699 931 1708 947 ›

919 955 1010 989 Quare
1041 958 1202 987 deciderunt
1229 961 1255 988 in
1282 962 1444 996 profundunt
1470 968 1596 999 tanquam
1623 966 1712 1000 lapis?

919 1002 986 1035 Quia
1003 1011 1055 1030 non
1081 1010 1161 1031 erant
1179 1005 1246 1033 tales
1262 1006 1373 1041 lapides.
1400 1008 1434 1036 de
1457 1010 1555 1044 quibus
1582 1013 1711 1040 suscitari

920 1051 1028 1082 possent
1045 1047 1093 1075 t‘tlii
1113 1050 1247 1082 Abrahm;
1269 1052 1316 1078 sed
1337 1053 1414 1086 tales,
1435 1056 1480 1088 qui
1506 1061 1630 1084 amarent
1649 1065 1712 1091 pro-

921 1092 1043 1125 fundum,
1057 1099 1085 1121 et
1103 1094 1234 1129 liquidqu
1260 1097 1406 1132 diligerent
1429 1099 1604 1133 elementum,
1628 1103 1653 1129 id
1670 1108 1712 1129 est

920 1137 966 1172 qui
982 1145 1102 1165 amaram
1118 1145 1143 1166 et
1159 1139 1259 1167 ﬂuxam
1280 1143 1452 1175 praesentiunt
1474 1152 1563 1172 rerum
1581 1154 1712 1181 raperent

921 1183 1097 1218 voluptatem.
1114 1183 1190 1212 Unde
1205 1191 1232 1212 et
1252 1187 1284 1213 de
1303 1187 1368 1221 ipsis
1388 1189 1489 1216 dicitur
1500 1189 1522 1205 “
1537 1199 1543 1217 :
1563 1202 1572 1216 I
1590 1192 1710 1220 Dcmersi

921 1233 984 1256 sunt
1002 1234 1128 1264 tanquam
1145 1230 1283 1265 plumbum
1308 1232 1333 1259 in
1357 1241 1454 1268 aqttant
1474 1236 1677 1265 validissimarn.
1698 1249 1708 1265 ι

921 1274 1081 1303 Peccatores
1095 1283 1193 1311 graves
1207 1282 1281 1304 sunt.
1307 1278 1427 1313 Dunique
1441 1287 1467 1307 et
1484 1281 1614 1317 iniquitas
1630 1291 1712 1318 super

922 1321 1052 1350 talentum
1079 1323 1180 1358 plutnhi
1205 1325 1301 1352 sedere
1317 1332 1496 1361 monstratur,
1515 1329 1584 1356 sicut
1606 1329 1712 1358 Zacha-

922 1367 977 1394 rias
993 1369 1124 1402 propheta
1142 1369 1208 1397 dicit
1228 1378 1235 1397 :
1261 1380 1270 1396 ι
1296 1371 1366 1403 Vidi,
1399 1373 1486 1407 inquit
1508 1374 1541 1408 “,
1568 1376 1710 1404 mulierem

921 1414 1061 1441 sedentem
1078 1423 1160 1449 super
1176 1417 1305 1444 talentum
1321 1418 1434 1452 plumbi,
1450 1425 1478 1447 et
1491 1421 1545 1448 dixi
1563 1432 1569 1449 :
1589 1423 1654 1456 Quae
1670 1430 1712 1450 cst

922 1459 998 1487 inec?
1014 1460 1046 1488 Et
1062 1463 1200 1496 respondit
1219 1472 1226 1490 :
1241 1463 1383 1498 luiquitas.
1401 1474 1410 1491 ι
1425 1465 1489 1493 lude
1506 1472 1624 1503 estergo
1638 1471 1711 1504 quod

922 1505 1007 1541 iniqui
1024 1507 1140 1535 demersi
1158 1513 1221 1535 sunt
1240 1509 1265 1535 itt
1288 1509 1461 1543 profundunt,
1480 1512 1549 1540 sicut
1570 1514 1710 1548 plumbum

882 1548 904 1576 C
922 1551 948 1579 in
964 1560 1062 1587 aquam
1079 1554 1283 1583 validissimam.
1307 1557 1399 1585 Sancti
1416 1563 1507 1585 autem
1531 1567 1584 1586 non
1605 1561 1711 1589 dcmcr—

921 1603 1033 1632 guntur,
1050 1600 1096 1627 sed
1109 1601 1250 1628 ambulant
1265 1610 1346 1637 super
1362 1611 1456 1638 aquas.
1472 1606 1535 1638 quia
1551 1606 1624 1633 leves
1636 1612 1712 1638 sunt,

920 1648 948 1670 et
964 1645 1068 1678 peccati
1091 1647 1210 1680 pondere
1231 1655 1284 1674 non
1307 1655 1466 1684 gravantur.
1482 1651 1603 1685 Denique
1622 1653 1713 1679 Domi-

921 1697 972 1716 nus
994 1695 1022 1718 et
1046 1691 1172 1718 Salvator
1196 1697 1288 1720 noster
1310 1701 1393 1729 super
1409 1703 1493 1730 aquas
1514 1697 1663 1725 ambulavit
1677 1698 1711 1726 “.

921 1735 980 1770 Ipse
993 1742 1034 1763 est
1049 1738 1120 1764 enim
1136 1738 1181 1772 qui
1200 1746 1263 1765 vere
1283 1746 1425 1774 peccatum
1446 1743 1542 1770 nescit.
1557 1744 1713 1772 Antbulavit

921 1785 948 1807 et
962 1780 1112 1816 discipulus
1130 1783 1190 1817 ejus
1208 1782 1314 1816 Petrus,
1329 1785 1393 1813 licet
1404 1786 1544 1821 paululum
1560 1790 1713 1823 trepidave-

923 1826 967 1852 rit.
983 1827 1040 1853 Non
1060 1828 1130 1855 enim
1144 1833 1236 1856 tantus
1249 1835 1308 1857 erat
1325 1838 1357 1858 ac
1373 1832 1444 1864 talis,
1457 1833 1502 1867 qui
1521 1833 1586 1860 nihil
1601 1836 1713 1862 onmino

921 1872 954 1898 de
969 1873 1059 1906 specie
1074 1872 1176 1906 plumbi
1196 1876 1221 1900 in
1241 1882 1271 1902 se
1293 1876 1406 1903 haberet
1422 1877 1578 1905 admistntn.
1601 1878 1711 1911 Habuit,

922 1917 984 1944 licet
1000 1926 1105 1953 parum.
1120 1919 1234 1954 Propter
1244 1921 1316 1955 quod
1329 1922 1394 1948 dicit
1408 1922 1441 1948 ad
1452 1930 1514 1950 eum
1530 1923 1658 1952 Dontintts
1666 1925 1688 1942 ⁸⁷
1703 1933 1712 1953 :

924 1973 932 1989 ε
951 1965 1062 1992 Modica:
1080 1965 1151 1996 lidei,
1168 1974 1253 2001 quare
1269 1967 1420 1995 dubitasti?
1432 1978 1442 1995 ι
1455 1969 1558 1997 Idcirco
1571 1970 1653 2005 igitur
1666 1974 1711 2006 qui

921 2011 1011 2038 salvus
1028 2011 1068 2042 iit.
1083 2019 1130 2045 per
1151 2012 1239 2047 ignem
1260 2012 1352 2040 salvus
1374 2013 1413 2046 lit,
1429 2019 1457 2042 ut
1477 2016 1498 2042 si
1514 2016 1578 2050 quid
1596 2018 1664 2043 l‘orte
1679 2020 1713 2046 de

920 2056 1010 2090 spccie
1021 2056 1124 2091 plumbi
1137 2057 1434 2091 habueritadtnistum,
1454 2059 1479 2086 id
1495 2060 1564 2094 ignis
1580 2061 1712 2096 decoquat

920 2105 947 2128 et
963 2101 1090 2134 resolvat,
1113 2107 1141 2129 ut
1166 2102 1321 2130 elliciantur
1349 2111 1444 2131 onmes
1467 2114 1563 2132 aurum
1588 2107 1711 2134 bonum:

920 2147 984 2182 quia
1003 2155 1097 2174 aurum
1116 2153 1195 2175 terrae
1213 2149 1286 2176 illius
1301 2150 1400 2177 bonutn
1423 2158 1484 2178 esse
1499 2151 1610 2185 dicitur,
1629 2161 1712 2187 quant

921 2193 1038 2220 habituri
1059 2198 1122 2220 sunt
1147 2195 1246 2227 sancti,
1276 2199 1304 2222 et
1330 2196 1401 2222 sicut
1421 2196 1517 2224 fornax
1541 2199 1635 2231 probat
1661 2207 1711 2224 an-

921 2246 980 2265 runt
996 2238 1030 2271 ⁸⁸,
1053 2239 1092 2267 sic
1123 2240 1247 2268 homines
1277 2241 1366 2276 justos
1395 2243 1520 2271 tentatio.
1545 2243 1712 2272 Veniendum

920 2289 962 2311 est
976 2292 1041 2320 ergo
1056 2285 1182 2314 omttibus
1197 2286 1230 2313 ad
1246 2286 1334 2322 ignem
1351 2287 1422 2323 (ll),
1441 2289 1602 2317 veniendum
1619 2296 1660 2317 est
1678 2292 1713 2317 ad

920 2330 1118 2358 coullatoriutn.
1135 2332 1217 2359 Sedet
1242 2333 1314 2360 enim
1339 2334 1481 2368 Dominus,
1504 2341 1531 2362 et
1553 2337 1663 2369 conllat,
1685 2343 1714 2364 et

920 2382 1016 2411 purgat
1032 2377 1101 2405 ﬁlios
1122 2377 1189 2405 Juda
1203 2378 1237 2406 ι’.
1257 2379 1310 2406 Sed
1332 2385 1361 2407 et
1382 2380 1447 2408 illuc
1472 2390 1533 2408 cum
1558 2383 1675 2414 venitur,
1689 2384 1712 2409 si

920 2422 981 2456 quis
997 2423 1080 2449 multa
1097 2431 1179 2458 opera
1195 2424 1279 2457 bona,
1295 2429 1323 2452 et
1345 2433 1441 2460 parum
1464 2426 1566 2460 aliquid
1585 2427 1712 2460 iniquita-

920 2469 954 2495 tis
980 2469 1114 2502 attulerit,
1139 2471 1203 2498 illud
1227 2479 1321 2506 parum
1349 2478 1476 2507 tanquam
1497 2473 1634 2508 plumbum
1657 2473 1711 2507 igni

921 2515 1066 2543 resolvitur
1091 2524 1124 2544 ac
1148 2524 1290 2553 purgatur,
1313 2523 1340 2546 et
1361 2523 1445 2546 totum
1472 2523 1594 2545 remanet
1614 2526 1710 2545 aurum

921 2569 1028 2596 purum.
1047 2562 1079 2589 Et
1095 2563 1117 2590 si
1138 2564 1200 2599 quis
1217 2565 1278 2599 plus
1299 2564 1362 2592 illuc
1377 2564 1478 2599 plumbi
1496 2564 1634 2597 detulerit,
1651 2565 1711 2600 plus

955 2631 978 2647 ‘°
994 2631 1078 2659 Exod.
1096 2639 1140 2662 xv,
1161 2632 1187 2659 4.
1227 2632 1248 2648 ⁸¹
1265 2633 1355 2659 Matth.
1371 2640 1430 2659 xttt.
1461 2633 1483 2648 δ’
1502 2633 1509 2659 l
1524 2632 1588 2660 Cor.
1604 2641 1645 2663 Ill,
1665 2633 1708 2660 12.

1080 2668 1103 2683 ⁸⁷
1119 2667 1213 2694 Matth.
1240 2675 1296 2699 xw,
1315 2669 1359 2695 5i.
1397 2669 1420 2683 "‘
1438 2667 1447 2694 Ι
1463 2668 1526 2696 Cor.
1547 2675 1586 2696 nt.
1605 2669 1637 2694 τὶ
1669 2669 1709 2696 13.

919 2770 977 2788 rum
998 2762 1068 2790 libro
1081 2762 1210 2796 secundo,
1225 2762 1376 2797 qua-stione
1392 2762 1545 2796 undecima,
1564 2770 1638 2790 num.
1654 2762 1672 2789 2
1689 2773 1712 2795 υι

919 2804 995 2832 seqq.
