1902 3063
211 103 266 132 3Ξῦ

952 100 1111 129 ORIGENIS
1786 105 1822 132 35

213 163 347 194 curritur.
377 169 406 190 nt
432 164 546 198 amplius
574 165 752 198 decoquatur,
779 167 808 190 ut
830 163 880 190 etsi
902 170 997 197 partim
1015 164 1034 191 Α
1054 171 1062 187 ι
1091 162 1241 190 Evn-tulisti
1272 163 1413 190 dexteram
1449 167 1543 195 luam,
1572 167 1598 189 et
1625 161 1764 190 devoravit
1792 170 1842 190 eos

214 208 314 242 aliquid
327 209 362 236 sit
380 209 451 240 auri,
469 214 610 244 purgatum
628 214 716 236 tamen
741 209 866 236 resideat.
886 208 961 241 Quod
977 209 999 235 si

214 254 313 288 aliquis
327 254 389 281 illuc
407 259 476 281 lotus
494 255 633 288 plumbeus
645 254 760 286 venerit,
775 254 819 280 lict
834 255 866 281 de
886 254 931 280 illo
950 255 1000 281 hoc

214 300 284 334 quod
300 301 429 334 scriptum
443 305 494 332 est,
510 301 679 335 dvmergetnr
702 300 727 326 in
749 299 922 334 profundum,
942 304 999 326 tan-

214 353 293 380 quam
309 345 446 380 plumbum
461 345 486 371 iu
499 353 595 379 aquam
609 345 814 372 validissimam.
825 344 876 371 Sed
890 345 998 379 longum

214 397 254 418 cst
265 391 287 418 si
301 399 349 425 per
363 391 485 418 ordinem
501 392 612 419 velinnts
629 399 777 426 exponere,
791 390 904 418 suliicial
916 398 999 425 pauca

214 436 408 470 perstringere.

289 491 298 507 t
310 481 391 515 Quis,
409 481 496 516 inquit
512 481 548 512 '°,
560 480 657 508 similis
680 480 725 508 libi
743 480 769 507 iu
791 480 854 512 diis,
867 480 998 507 Domine?

212 525 278 559 Quis
290 526 387 553 similis
404 526 469 553 tibi?
482 525 621 553 Gloriosus
643 526 670 552 in
694 526 805 557 sanctis,
824 525 956 553 mirabilis
971 525 997 552 in

213 571 411 606 majestatibus,
423 572 525 599 faciens
540 572 672 606 prodigia.
692 581 701 598 ι
716 571 793 606 Quod
807 572 872 598 dicit
886 581 892 598 :
909 581 918 597 ι
933 571 1000 604 Quis

212 619 310 647 similis
326 619 373 647 libi
389 620 415 646 in
433 620 503 646 diis?
521 628 531 645 ι
549 627 602 646 non
620 619 774 646 simulacris
788 620 908 655 gentium
925 627 1000 647 com-

213 669 290 700 parat
306 665 402 698 Deum,
416 672 465 692 nec
480 665 656 693 dmmonibus.
671 673 717 699 qut
732 665 782 693 sibi
802 665 870 692 falso
888 665 998 692 deorum

211 718 310 737 nomen
326 711 472 742 asciscunl.
489 711 535 738 sed
557 710 623 738 deos
642 710 701 737 illos
718 711 793 743 dicit,
814 710 859 745 qui
877 719 924 746 per
937 719 1000 745 gra-

215 756 279 783 tiam
305 760 333 783 ct
355 755 588 791 participationem
619 755 666 782 Dei
691 756 727 782 dii
758 756 936 790 appellantur.
961 756 1000 783 De

212 802 312 837 quibus
341 807 368 829 et
399 801 460 828 alibi
490 800 632 835 Scriptura
661 801 726 828 dicit
740 801 761 817 ⁸¹
780 810 786 827 :
808 810 817 826 t
835 800 890 836 Ego
916 800 997 828 dixi:

1053 212 1138 239 terra;
1160 217 1168 233 I
1187 209 1262 242 quasi
1280 213 1309 235 ut
1326 209 1524 241 tlevonarenlur
1548 216 1562 235 a
1581 213 1664 239 terra.
1681 209 1739 235 haec
1754 216 1840 236 causa

1051 253 1132 280 fuerit
1156 254 1227 288 quod
1246 254 1369 281 extendit
1394 254 1524 281 Dominus
1544 254 1684 280 dexteram
1702 262 1794 281 suam.
1811 254 1840 281 Si

1051 299 1208 326 consideres
1229 299 1366 334 quomodo
1392 299 1520 326 Dominus
1541 299 1678 327 exaltatus
1703 299 1729 326 in
1755 307 1840 326 cruce

1052 349 1105 371 tota
1123 345 1166 370 die
1178 345 1301 371 extendit
1320 351 1417 371 manus
1435 352 1498 372 suas
1514 345 1547 371 ad
1565 344 1692 379 populum
1710 351 1765 372 non
1782 352 1841 371 cre-

1050 390 1158 417 dentem
1170 390 1258 422 ",sed
1273 390 1512 421 contradicentcm,
1527 395 1553 417 et
1569 389 1686 424 qualiter
1701 390 1840 417 inlidelem

1051 436 1190 470 populum,
1209 436 1255 471 qui
1276 436 1403 463 clamavit
1419 436 1441 452 "
1460 445 1467 463 ι
1490 446 1498 462 ι
1520 436 1657 472 Crucilige
1672 457 1681 469 ,
1707 435 1840 470 cruciﬁge

1051 491 1127 514 eum,
1143 493 1152 509 ι
1172 491 1243 510 mors
1261 484 1372 510 admisd
1387 483 1499 511 sceleris
1515 484 1651 518 oppressit
1673 493 1680 510 :
1697 483 1842 510 evidenter

1052 529 1171 557 invenies
1186 529 1324 564 quomodo
1351 530 1471 556 extendit
1487 529 1627 556 dexteram
1646 537 1735 562 suam,
1748 535 1777 556 et
1792 529 1840 555 de-

1051 575 1153 601 voravit
1167 574 1227 600 illos
1245 579 1326 601 terra.
1344 574 1396 600 Nec
1413 579 1501 602 tamen
1516 575 1623 609 penitus
1636 575 1840 609 desperandum

1050 624 1101 646 est.
1122 619 1252 646 l'ossibile
1277 627 1394 654 namque
1418 625 1471 652 est,
1491 624 1532 651 ut,
1551 620 1573 646 si
1598 619 1669 647 forte
1692 620 1842 654 resipiscat

1050 665 1095 699 qui
1114 665 1262 692 devoratus
1274 669 1326 697 est,
1343 673 1449 692 rursutn
1478 666 1563 700 possit
1583 665 1685 697 evomi,
1704 666 1780 691 sicut
1795 663 1842 691 Jo-

1051 718 1110 738 nas.
1127 710 1180 738 Sed
1197 716 1224 737 et
1243 718 1339 738 omnes
1353 718 1402 738 nos
1423 715 1488 745 puto
1505 711 1577 746 quod
1600 711 1749 745 aliquando
1766 716 1840 737 terra

1051 756 1198 783 devoratos
1216 756 1241 782 in
1257 755 1356 782 inferni
1369 756 1554 790 penetralibus
1566 756 1715 788 retinebat,
1732 761 1761 782 et
1776 763 1840 790 pro—

1051 807 1146 836 pterea
1165 801 1294 828 Dominus
1310 806 1402 828 noster
1418 802 1558 829 descendit
1578 809 1629 829 nou
1645 801 1734 828 solum
1753 808 1840 834 nsque

215 849 253 876 Dii
271 849 345 876 estis.
366 857 375 874 ι
396 848 428 875 Et
445 847 543 874 iterum
563 856 569 873 :
588 856 597 872 ι
618 848 689 874 Deus
707 847 782 874 stetit
802 847 828 873 in
849 854 999 882 congrega-
1015 838 1036 865 Β
1052 849 1085 876 ad
1099 855 1201 881 terras,
1214 849 1260 875 sed
1278 855 1364 882 usque
1379 849 1411 874 ad
1430 847 1558 875 inferiora
1576 853 1655 875 terra:
1672 853 1718 874 :cl
1733 848 1771 873 ibi
1792 854 1841 873 nos

215 895 288 922 tione
302 895 424 922 deorum.
445 904 454 920 ι
469 894 521 921 Sed
543 894 580 925 hi,
601 893 726 927 quamvis
740 901 853 927 capaces
868 894 923 919 sint
940 893 997 926 Dei,

214 940 303 967 ethoc
319 939 427 966 nomine
441 938 534 965 donari
549 945 595 971 per
610 937 724 971 gratiam
739 938 893 969 videantur,
911 937 999 964 nullus

215 990 303 1011 tamen
321 984 375 1011 Deo
386 983 481 1010 similis
498 982 643 1015 invenitur,
660 982 700 1009 vel
719 983 744 1008 in
763 983 894 1017 polentia,
913 982 954 1009 vel
972 982 998 1008 in

214 1035 320 1056 natura.
339 1029 369 1056 Et
386 1028 448 1056 licet
468 1028 585 1055 Joannes
602 1028 740 1062 apostolus
754 1028 826 1054 dicat
842 1036 848 1054 :
870 1037 879 1053 t
897 1027 998 1061 Filioli,

213 1076 334 1102 nondum
347 1074 450 1102 scimus
463 1074 525 1108 quid
541 1074 622 1100 l'uturi
634 1071 736 1105 sumus,
752 1073 773 1100 si
787 1078 877 1099 autem
895 1073 1000 1100 revela-

213 1127 268 1147 llllll
284 1121 362 1147 nobis
378 1119 460 1146 fuerit
474 1119 517 1155 (de
533 1119 647 1146 Domino
667 1119 770 1146 scilicet
792 1119 908 1153 dicens),
924 1119 999 1147 simi-

213 1167 251 1193 les
264 1166 299 1193 illi
312 1166 414 1193 erimus
428 1165 460 1198 ",
475 1174 484 1191 ι
499 1165 646 1193 similitudo
662 1170 751 1191 tamen
766 1165 822 1192 bare
840 1173 892 1192 nou
905 1165 937 1191 ad
953 1172 1000 1192 na-

213 1217 312 1242 turam,
329 1210 375 1237 sed
393 1209 426 1236 ad
447 1209 562 1243 gratiam
587 1214 739 1236 revocatur.
760 1208 840 1235 Verbi
860 1217 952 1241 causa,
971 1213 1000 1236 tit

212 1258 234 1284 si
248 1257 370 1284 dicamus
386 1255 520 1290 picturam
537 1254 653 1281 similem
679 1261 739 1281 esse
761 1254 796 1286 ei,
811 1254 887 1287 cujus
912 1255 999 1289 imago

212 1303 239 1328 iu
263 1301 367 1336 pictura
390 1299 496 1327 videtur
521 1306 660 1333 expressa,
675 1303 806 1333 quantum
830 1300 863 1326 ad
884 1299 998 1334 gratiam

208 1347 327 1383 pertinet
339 1345 424 1375 visus,
438 1345 535 1372 similis
552 1345 660 1376 dicitur,
679 1349 809 1379 quantum
822 1345 855 1371 ad
872 1345 1000 1372 substan-

211 1393 291 1423 tiam,
304 1391 386 1426 longe
403 1390 551 1417 dissimilis.
568 1390 612 1416 illa
630 1390 703 1416 enim
721 1390 825 1424 species
842 1390 933 1417 carnis
945 1395 997 1420 est.

213 1445 239 1466 et
256 1440 337 1466 deeor
351 1439 472 1472 corporis
489 1438 553 1470 vivi,
576 1438 626 1464 ista
651 1437 771 1464 colornru
794 1437 871 1465 incus
896 1442 948 1469 est,
972 1443 998 1465 et

214 1493 274 1512 cera
286 1485 386 1512 tabulis
393 1491 472 1512 sensu
482 1484 635 1511 carentibus
643 1485 819 1518 superposita.
830 1484 923 1512 Nullus
934 1492 999 1519 ergo

207 1533 240 1560 'in
254 1533 305 1559 diis
324 1531 421 1559 similis
438 1531 562 1563 Domino,
579 1530 668 1557 nullus
682 1531 753 1557 enitn
773 1530 927 1563 invisibilis,
940 1530 1000 1557 nul-

214 1579 256 1605 lus
281 1578 467 1612 incorporeus,
491 1576 581 1603 nttllus
607 1576 794 1608 immutabilis,
827 1576 915 1604 nullus
941 1577 999 1604 sine

214 1624 292 1651 initio
304 1628 329 1650 ct
347 1623 407 1650 sine
426 1623 488 1653 line.
504 1622 593 1650 nullus
616 1628 723 1649 creator
737 1623 869 1655 omnitun,
883 1623 933 1650 nisi
948 1622 999 1650 Pa-

215 1676 256 1697 ter
273 1677 334 1697 cum
351 1668 419 1695 Filio
432 1673 459 1695 et
473 1667 576 1702 Spiritu
591 1673 696 1696 sancto.

246 1715 276 1742 (ἰ.
295 1725 304 1740 t
324 1713 474 1742 Extendisli
497 1714 634 1741 dexteratn
666 1719 757 1747 tuam,
783 1714 923 1742 devoravit
952 1723 999 1743 eos

214 1766 287 1788 terra
303 1760 338 1786 ⁵³.
354 1769 363 1785 ι
382 1759 481 1794 lmpios
505 1760 612 1794 quidem
635 1763 662 1785 et
680 1759 758 1786 hodie
781 1759 893 1786 devorat
916 1765 997 1787 terra.

213 1808 312 1834 Annon
332 1806 378 1833 tibi
394 1805 502 1832 videtur
521 1810 591 1832 terra
609 1805 741 1832 devorare
761 1805 846 1837 illum,
861 1806 906 1840 qui
926 1813 998 1833 sem—

214 1861 262 1887 per
288 1853 321 1880 de
344 1856 417 1879 terra
445 1852 557 1886 cogitat,
579 1851 624 1886 qui
649 1859 756 1883 semper
772 1850 851 1887 149
876 1857 1000 1880 terrenos

210 1899 296 1926 'Ilttbcl.
310 1903 399 1929 actus,
412 1897 457 1932 qui
473 1898 506 1924 de
523 1901 595 1924 terra
615 1897 742 1931 loquitur,
761 1897 793 1924 de
812 1903 881 1924 terra
897 1897 997 1933 litigat,

212 1950 314 1971 teri-am
333 1943 480 1975 desiderat,
506 1948 533 1970 et
553 1950 660 1970 omnem
683 1951 757 1977 spent
783 1950 859 1970 suam
882 1944 957 1978 ponit
972 1945 998 1971 in

215 1997 303 2022 terra;
317 1990 362 2024 qui
383 1989 416 2016 ad
438 1989 536 2016 ctnluin
550 1997 603 2016 non
621 1989 745 2024 respicit,
768 1989 814 2024 qui
834 1988 924 2016 futura
946 1998 998 2018 non

214 2036 328 2070 cogitat,
350 2035 394 2069 qui
412 2035 544 2069 judicium
573 2034 619 2062 Dei
647 2042 699 2061 non
722 2034 829 2066 metuit,
855 2042 904 2061 nec
920 2035 998 2062 beata

214 2083 273 2115 ejus
290 2081 422 2115 promissa
448 2081 593 2110 desiderat.
607 2081 655 2107 sed
670 2087 778 2115 semper
802 2081 835 2107 de
857 2081 1000 2114 praesenti-

215 2127 265 2153 bus
292 2125 402 2160 cogitat,
429 2130 456 2151 et
477 2124 510 2150 ad
533 2129 641 2150 terrena
669 2123 810 2158 suspirat?
828 2123 921 2151 Talem
937 2132 997 2151 cum

1051 895 1155 922 invertit
1175 894 1330 925 devoratos,
1346 898 1372 920 et
1389 893 1516 920 sedentes
1536 893 1587 920 sub
1607 893 1701 920 umbra
1722 893 1838 920 mortis:

1049 945 1077 968 et
1093 941 1156 967 inde
1170 940 1288 967 educens
1304 946 1357 965 non
1377 938 1435 973 jam
1460 939 1549 966 locum
1568 943 1657 970 terrae,
1681 944 1710 966 ιιι
1740 939 1839 965 iterum

1050 986 1255 1014 devorarentur.
1267 983 1315 1012 sed
1331 984 1419 1011 loclttn
1443 989 1576 1020 prirparat
1592 984 1670 1012 nobis
1686 985 1765 1019 regni
1782 991 1839 1011 ca:-

1050 1032 1137 1059 lorum
1143 1051 1148 1058 .
1266 1062 1269 1066 Ι

1086 1078 1111 1106 7.
1130 1087 1139 1103 ι
1156 1077 1295 1105 Deduxisti
1305 1077 1331 1104 in
1342 1076 1445 1112 justitia
1461 1081 1505 1102 ltta
1522 1075 1647 1111 populmu
1661 1081 1737 1103 luutn
1754 1076 1839 1107 hunc,

1049 1131 1128 1158 quem
1147 1123 1277 1151 liberasti.
1294 1123 1455 1150 Consulatus
1477 1130 1507 1150 es
1532 1122 1558 1149 in
1590 1122 1690 1148 virtute
1720 1127 1787 1152 tua,
1813 1122 1838 1148 in

1051 1169 1142 1203 nquie
1166 1173 1259 1196 sancta
1290 1173 1335 1194 tua
1349 1166 1381 1194 "’.
1402 1175 1411 1192 ›
1431 1167 1562 1194 Dominus
1584 1166 1713 1201 populum
1736 1173 1817 1193 Sllllm
1831 1184 1838 1194 .

1051 1223 1129 1249 quem
1146 1215 1274 1242 liberavit
1292 1223 1339 1249 per
1359 1215 1495 1242 lavacrum
1515 1213 1741 1248 regenerationis,
1753 1212 1839 1240 dedu-

1050 1262 1087 1288 ('il.
1105 1262 1132 1288 iu
1149 1262 1268 1296 justitia,
1289 1261 1447 1288 consolatur
1461 1261 1544 1287 ctiatn
1559 1267 1620 1287 eutn
1637 1266 1685 1293 per
1709 1259 1839 1285 consola~

1051 1307 1150 1334 tionem
1176 1307 1292 1341 Spiritus
1308 1309 1395 1334 sancti
1411 1308 1436 1333 in
1450 1307 1551 1333 virtute
1567 1313 1626 1337 sua,
1643 1310 1670 1332 et
1695 1305 1723 1331 in
1745 1304 1839 1338 requis

1049 1361 1107 1380 sua.
1120 1352 1283 1379 Futuroruut
1300 1360 1416 1387 namque
1429 1360 1500 1386 spes,
1515 1351 1701 1378 laborantibus
1716 1349 1839 1384 requiem

1050 1399 1135 1434 parit;
1158 1400 1228 1426 sicut
1242 1404 1269 1426 et
1292 1400 1317 1425 in
1334 1407 1419 1433 agone
1441 1398 1535 1432 positis
1557 1397 1675 1424 dolerent
1692 1395 1839 1422 vulnerum

1051 1444 1154 1479 mitigat
1170 1452 1230 1478 spes
1248 1452 1366 1471 coronae.

1013 1505 1034 1533 ο
1084 1490 1111 1517 8.
1143 1491 1317 1517 tAudit-ruut
1342 1494 1436 1524 gentes
1458 1493 1484 1516 et
1512 1489 1588 1516 irata:
1616 1493 1700 1519 sunt,
1729 1488 1840 1514 dolores

1051 1534 1315 1568 comprehenderunt
1335 1534 1502 1560 habitatores
1526 1533 1684 1560 Philistiim.
1701 1532 1782 1560 Tunc
1802 1533 1838 1558 t’c-

1051 1582 1222 1609 stinaverunt
1240 1581 1323 1607 duces
1341 1580 1435 1612 Edom,
1453 1584 1478 1606 cl
1496 1579 1632 1614 principes
1645 1578 1839 1609 Moabitarum,

1052 1628 1230 1662 apprehendit
1243 1626 1303 1653 illos
1320 1627 1401 1653 timor
1415 1631 1442 1652 et
1459 1630 1572 1653 lretuor.
1589 1625 1756 1651 'l'abuerunt
1780 1632 1839 1651 om-

1051 1681 1099 1700 nes
1115 1672 1299 1699 inhabilautes
1312 1671 1438 1698 Chanaan
1449 1670 1471 1685 ⁵⁸
1483 1670 1550 1705 lli).
1570 1679 1579 1696 ι
1595 1670 1732 1703 Quantum
1745 1671 1779 1696 ad
1798 1670 1838 1696 bi-

1051 1720 1164 1747 storiam
1179 1718 1306 1753 pertinet,
1324 1717 1426 1744 nullum
1439 1723 1470 1743 ex
1487 1716 1529 1743 his
1541 1716 1665 1749 gentibus
1679 1716 1839 1743 interfuisse

1052 1764 1221 1791 mirabilibus
1234 1771 1294 1798 qua:
1312 1762 1383 1789 facta
1400 1766 1475 1794 sunt,
1491 1766 1598 1789 constat
1613 1761 1682 1796 (l3).
1694 1761 1838 1794 Quomodo

1052 1818 1115 1845 ergo
1131 1810 1293 1837 videbuntur
1309 1814 1427 1835 tremore
1453 1808 1587 1841 deterriti,
1616 1807 1656 1835 vel
1678 1808 1837 1839 festinasse,

1052 1863 1082 1884 ut
1097 1857 1171 1888 dicit,
1194 1855 1236 1882 vel
1258 1855 1319 1881 irati
1338 1863 1400 1882 esse
1424 1854 1580 1885 Philistiim,
1601 1858 1628 1879 ct
1653 1853 1798 1884 Moabilm,
1813 1856 1839 1878 et

1053 1903 1146 1933 Edoni,
1161 1907 1187 1928 et
1207 1901 1315 1936 reliqua!
1331 1908 1398 1935 quas
1420 1903 1562 1928 enumerat
1577 1900 1703 1926 nationes
1715 1899 1728 1925 ?
1745 1899 1798 1926 Sed
1816 1898 1836 1924 si

1052 1950 1193 1975 redeamus
1214 1947 1247 1973 ad
1269 1946 1475 1981 intelligentiam
1491 1945 1651 1980 spiritalem,
1668 1946 1838 1972 inveniemus

1052 1995 1115 2030 quia
1143 1993 1287 2025 Philistiui,
1306 1992 1332 2019 id
1357 1998 1397 2020 est
1411 1993 1532 2019 cadentes
1547 1992 1635 2026 pepuli
1649 2012 1656 2024 ,
1684 1996 1711 2018 et
1731 1992 1814 2018 Edoni
1829 2009 1837 2022 ,

1051 2041 1097 2076 qui
1113 2041 1305 2073 interpretatur
1319 2043 1436 2064 terrenus
1450 2037 1517 2073 (Η),
1533 2038 1678 2072 trepidant,
1694 2042 1722 2064 et
1743 2038 1836 2064 horum

1052 2086 1173 2112 omnium
1193 2083 1328 2119 principes
1343 2084 1495 2115 cursitant,
1522 2089 1549 2110 et
1573 2087 1670 2117 paVent
1693 2082 1837 2109 constricti

1053 2131 1202 2162 doloribus,
1227 2138 1287 2157 cum
1311 2130 1402 2157 vident
1426 2136 1507 2164 regna
1521 2136 1582 2160 sua,
1601 2136 1661 2163 quae
1687 2129 1713 2156 in
1734 2128 1838 2155 inferno

214 2170 327 2203 videris,
342 2169 425 2196 dicito
437 2168 498 2201 quia
520 2168 661 2194 devoravit
675 2175 736 2195 eum
764 2173 846 2195 terra.
863 2167 915 2194 Sed
931 2172 958 2195 et
976 2169 998 2195 si

1054 2182 1135 2210 sunt,
1161 2181 1302 2212 penetrata
1319 2178 1352 2203 ab
1366 2183 1398 2203 eo
1414 2176 1461 2210 qui
1486 2176 1627 2203 descendit
1654 2175 1680 2202 in
1708 2175 1836 2202 inferiora

214 2222 294 2250 quem
312 2213 413 2241 videris
433 2212 547 2240 luxuria:
574 2214 665 2239 carnis
688 2217 715 2239 et
732 2213 914 2248 voluptatibus
939 2221 999 2240 eor-

212 2261 288 2296 poris
304 2260 434 2292 deditum,
447 2259 474 2286 in
488 2266 541 2293 quo
557 2259 663 2285 animus
682 2258 748 2285 nihil
760 2259 840 2291 valet,
855 2259 902 2287 scd
915 2263 998 2287 totum

216 2308 300 2335 libido
311 2307 403 2334 carnis
420 2306 549 2338 obtinuit,
564 2306 650 2334 dicito
663 2310 690 2333 et
704 2305 737 2332 de
757 2305 807 2332 hoc
831 2306 894 2340 quia
918 2306 1000 2333 devo-

214 2354 287 2381 ravit
311 2360 373 2380 eum
396 2357 477 2380 terra.
502 2353 597 2380 Adhuc
627 2359 672 2379 me
700 2356 790 2378 movet
806 2351 878 2386 quod
896 2351 933 2378 ait
946 2353 996 2378 ’δε

250 2423 274 2440 ’θ
289 2423 374 2450 Exod.
391 2431 434 2455 xv,
449 2422 492 2450 Η.

215 2459 238 2475 ⁵⁸
254 2459 319 2486 Luc.
336 2466 415 2491 xxut,
433 2458 478 2485 21.

539 2422 560 2438 ⁸¹
578 2421 648 2448 Psal.
663 2429 768 2451 Lxxxu.
784 2421 810 2453 6,
830 2421 855 2448 l.

533 2457 654 2484 "Exod.
681 2464 725 2489 xv,
742 2455 786 2484 15.
824 2456 846 2472 ⁵⁸
861 2456 926 2483 ibid.
948 2457 994 2485 Η.

252 2527 308 2561 (Ιίξ)
322 2527 389 2556 Vide
405 2527 452 2553 lib.
471 2535 490 2554 ιι
506 2526 593 2560 Θήῃ..
607 2531 703 2561 quaest.
718 2526 761 2553 i5.

252 2560 308 2597 (l5)
332 2562 466 2594 Quantum
491 2563 524 2588 ad
542 2560 680 2588 historiam
708 2561 829 2592 pertinet,
844 2560 950 2597 pullum
969 2570 1001 2588 ea:

218 2595 261 2624 his
274 2595 391 2632 gentibus
408 2597 557 2630 interfuisse
572 2597 738 2622 mirabilibus
755 2603 820 2632 qtae
837 2595 1000 2632 [actarsurm

218 2630 330 2658 constat.
350 2632 421 2664 Esto,
441 2633 487 2659 sed
508 2632 571 2666 quid
590 2636 662 2658 vetat
680 2632 735 2658 haec
750 2630 848 2666 cantici
866 2631 945 2657 verba
957 2630 999 2656 fu-

219 2672 342 2692 turorum
356 2673 415 2693 esse
428 2665 608 2700 prophetiam,
620 2665 849 2700 quemadmodum
865 2665 1001 2699 accipiunt

219 2700 338 2727 melioris
357 2699 613 2734 notaa’inlerprctes.
630 2699 708 2728 ’Sane
723 2699 836 2726 Hebraea
856 2699 937 2726 verba
964 2701 997 2726 ad

219 2735 338 2761 lnturum
356 2739 460 2769 tempus
474 2735 514 2762 sic
527 2736 594 2761 verti
607 2740 721 2769 possunt
735 2743 742 2760 :
755 2743 764 2759 ί
782 2734 934 2761 Audierunt
949 2742 998 2768 po-

220 2769 288 2802 puli,
308 2770 528 2801 conlretnisccttt,
541 2770 617 2796 dolor
632 2769 811 2803 apprehendit
827 2769 998 2796 habitatores

221 2803 378 2830 l‘alzeslime.
397 2804 473 2831 Tunc
489 2804 574 2830 territi
592 2809 656 2830 sunt
675 2804 818 2831 utillenarii
833 2803 933 2835 bidem,
957 2811 1000 2830 ro-

904 2422 927 2457 ν
948 2421 956 2447 l
971 2421 1050 2449 Joau.
1063 2431 1104 2457 ut,
1117 2424 1145 2451 Ξ.

1055 2228 1145 2255 terrae,
1164 2227 1192 2250 ut
1214 2223 1331 2257 eriperet
1351 2229 1398 2250 eos
1419 2221 1464 2256 qui
1489 2221 1697 2256 possitlebautur
1710 2228 1726 2247 a
1745 2226 1835 2247 llttHlC.

1056 2268 1123 2295 lliuc
1138 2276 1185 2295 eos
1203 2267 1407 2302 comprehendit
1422 2268 1504 2294 timor
1522 2272 1548 2294 et
1566 2272 1676 2298 tremor,
1692 2267 1759 2301 quia
1776 2273 1836 2293 scu-

1054 2318 1148 2340 scrunt
1163 2313 1374 2348 magnitudinem
1391 2312 1495 2340 brachii
1516 2312 1585 2347 ejus.
1611 2311 1679 2338 llinc
1701 2312 1786 2338 etiam
1799 2316 1837 2337 ta-

1053 2357 1170 2385 bucruut
1183 2365 1277 2384 omnes
1290 2357 1475 2385 inhabitantes
1486 2357 1628 2388 Chanaan,
1641 2357 1687 2391 qui
1701 2356 1836 2383 mutabiles

1184 2423 1206 2440 ⁵³
1218 2423 1301 2451 Exod.
1318 2431 1362 2456 xv,
1379 2424 1425 2451 12.
1462 2423 1486 2439 “
1501 2423 1566 2451 ibid.
1622 2424 1644 2439 "
1661 2423 1714 2450 lsa.
1733 2430 1794 2454 va,
1809 2421 1835 2449 3.

1051 2529 1146 2555 bustos
1163 2526 1240 2554 Moab
1256 2527 1439 2561 apprehendct
1458 2531 1571 2554 tremor.
1588 2526 1674 2554 Cadct
1692 2534 1776 2562 super
1791 2532 1835 2553 eos

1051 2568 1140 2589 terror
1156 2567 1183 2588 et
1200 2570 1292 2595 pavor.
1310 2571 1319 2586 ι

1085 2597 1140 2632 (Η)
1170 2595 1317 2628 ΡΙιὶιὶσιίιιὶ,
1346 2596 1373 2622 id
1390 2600 1427 2623 est
1444 2595 1572 2623 cadentes
1591 2596 1695 2632 populi,
1713 2602 1736 2624 ει
1754 2596 1835 2624 Edam

1049 2643 1093 2678 qui
1114 2643 1304 2675 interpretatur
1330 2647 1466 2669 terrenus.
1484 2643 1505 2669 A
1532 2643 1623 2678 radice
1639 2635 1701 2673 ὼε
1721 2644 1835 2670 volnt/ure

1049 2677 1076 2704 ae
1089 2678 1116 2704 iu
1133 2678 1247 2710 pulvere,
1265 2681 1290 2704 et
1306 2685 1370 2705 voce
1384 2682 1424 2709 ny
1435 2677 1561 2711 populus;
1578 2677 1723 2704 Philistiim
1739 2684 1833 2704 utcun-

1051 2720 1104 2747 que
1117 2713 1168 2738 dici
1190 2718 1301 2746 possunt
1315 2713 1436 2739 cadentes
1455 2713 1557 2746 populi,
1569 2714 1630 2746 quia
1645 2714 1691 2747 qui
1712 2713 1833 2740 volutat»

1053 2753 1096 2774 tur
1110 2747 1136 2774 in
1154 2747 1277 2781 pulvere,
1291 2747 1441 2774 CCCilil‘l‘illl
1454 2752 1571 2781 oportet.
1585 2747 1668 2774 litium
1688 2756 1753 2775 vero
1768 2747 1833 2781 opti-

1053 2790 1095 2809 me
1112 2783 1186 2809 reddi
1205 2788 1291 2816 potest
1312 2787 1428 2811 terrenus
1447 2782 1480 2808 ab
1493 2786 1575 2811 mm
1588 2788 1664 2811 term
