1894 3059
68 162 121 190 557

675 146 708 183 t'N
728 151 873 183 EXODUM
894 151 1036 181 HOMILIA
1054 152 1098 181 vr.

1609 167 1613 171 .
1644 147 1697 175 358

67 223 285 255 interpretantur
301 223 328 246 et
342 218 447 246 ttiobt’cs
467 217 534 253 (15),
557 226 618 244 cum
636 218 728 244 vident
755 216 856 244 moveri
872 214 895 243 Α
910 218 937 240 et
951 214 1055 241 creavit
1067 217 1132 240 Ie‘el
1148 211 1294 247 acquisivit
1310 211 1355 238 te?
1372 221 1381 236 ι
1398 210 1510 237 ΥίιΙιειιιι·
1529 209 1600 236 enini
1614 217 1698 235 unos-

67 274 151 300 rcgna
176 273 237 297 sua,
265 263 369 297 alligari
393 265 505 295 fortem,
530 268 559 290 et
589 270 652 290 vasa
683 261 742 296 ejus
761 262 853 296 diripi,

68 322 79 339 ι
102 312 198 338 Veniat
213 318 279 345 ergo
292 318 375 344 super
389 317 436 336 eos
451 310 533 336 timor
554 314 582 336 et
601 314 704 336 tretnor
723 309 857 343 magnitu-

66 359 138 385 dinis
154 357 260 384 brat-hii
281 356 318 383 tui
331 357 376 383 5".
395 366 403 382 ι
417 355 485 389 Quid
502 355 599 382 timent
614 355 766 382 dmmoues?
788 355 857 388 Quid

67 410 185 432 trenutnt
198 404 209 430 τ
224 404 290 430 Sine
305 403 388 429 dubio
400 410 508 429 crucem
523 402 636 435 Christi,
653 402 679 428 in
695 410 746 436 qua
762 402 857 428 trium-

65 450 142 484 phati
158 454 233 479 sitat,
250 448 276 474 in
291 456 345 483 qua
361 449 435 475 exuti
457 452 520 474 sunt
541 448 707 482 principatus
724 455 816 474 eorum
831 451 858 474 et

64 499 226 529 potestates.
244 495 340 520 'l'imor
361 501 426 528 ergo
443 498 470 520 et
491 498 591 520 tremor
613 494 691 520 cadet
704 501 785 528 super
799 500 856 526 eos,

63 549 125 566 cuiu
140 542 248 575 signum
263 541 291 567 iu
305 540 383 567 ttobis
399 540 518 566 viderint
531 541 619 566 cruris
633 540 749 567 fideliter
763 540 857 572 fixum,

63 592 89 613 et
107 587 328 621 magnitudinem
348 586 452 613 brachii
469 586 552 617 illius,
567 586 638 619 quod
665 586 796 613 Dominus
811 593 859 613 ex-

63 633 160 668 pandit
183 633 209 659 in
228 640 322 664 crucc,
342 632 414 658 sicut
427 632 494 658 dicit
506 632 550 658 “z
569 642 577 657 t
595 631 662 658 Tota
683 633 726 658 dic
741 634 857 666 cxpandi

64 687 164 706 manus
179 686 255 705 meas
269 678 302 704 ad
317 677 443 712 populum
459 686 512 703 non
528 678 696 711 credentem,
712 682 738 704 el
752 684 860 704 contr..-

62 726 200 752 dicentetu
219 724 296 751 mihi.
315 734 323 750 ι
345 723 401 750 Non
421 729 445 750 te
463 732 528 757 ergo
550 725 628 750 aliter
647 724 792 755 timebunt,
810 732 859 751 nec

62 770 144 797 aliter
157 775 262 797 tremor
277 775 338 796 tuus
351 770 442 796 veniet
456 776 538 804 Super
554 778 613 801 eos,
637 770 687 797 nisi
707 771 817 797 videant
833 771 858 797 in

62 820 89 842 te
116 823 227 842 crucem
252 815 377 848 Christi,
400 816 450 842 nisi
476 821 502 842 et
525 820 551 842 ιιι
575 816 679 850 poteris
696 816 787 843 dicere
807 817 829 831 “
851 824 858 844 :

64 872 73 888 ι
95 862 160 889 Mihi
184 867 276 888 autent
298 862 514 896 absit.gloriari.
534 862 585 888 nisi
604 862 629 888 in
653 870 734 890 cruce
750 862 856 889 Domini

61 908 115 935 mei
130 907 197 935 Jesu
211 908 325 940 Christi,
341 915 389 942 per
401 915 480 942 qncm
494 907 559 934 mihi
579 908 696 935 mundus
709 908 857 936 crucifixus

61 959 113 987 est,
129 959 157 981 ct
178 961 230 989 ego
249 954 361 981 mundo.
380 964 388 979 ι

96 1001 122 1027 9.
145 1009 155 1025 ι
173 1001 253 1027 Fiant
270 1006 399 1035 tanquam
420 1000 490 1034 lapis
506 1000 593 1028 donec
608 1005 729 1028 transeat
741 1001 857 1036 populus

62 1051 135 1077 tuus,
162 1046 294 1079 Domine,
322 1046 408 1073 donec
434 1050 557 1073 transeat
581 1047 696 1081 populus
720 1051 781 1073 tuus
803 1047 856 1080 hic,

61 1100 143 1125 quem
162 1091 306 1126 acquisisti
319 1092 354 1119 ⁶¹.
376 1102 385 1117 ι
400 1092 471 1119 Fieri
491 1098 621 1127 tanqttam
644 1093 783 1128 lapidem,
804 1102 856 1121 non

60 1144 102 1166 est
115 1143 217 1164 natttra
231 1146 292 1165 esse
305 1138 431 1172 lapidem.
446 1137 504 1165 Non
523 1139 595 1165 enim
616 1139 703 1172 lieret,
720 1139 772 1166 nisi
786 1140 858 1174 quod

63 1193 115 1211 non
129 1190 204 1211 crat.
223 1183 280 1211 iloc
302 1190 413 1218 propter
429 1184 488 1211 illos
509 1185 637 1218 dicimus,
653 1185 698 1220 qui
715 1186 792 1213 malae
809 1195 857 1213 tta-

62 1236 130 1257 ειη-τε
147 1230 334 1263 Pharaonem,
361 1230 401 1257 vel
424 1230 569 1266 Egyptios
596 1232 690 1259 dicunt
720 1231 815 1265 fuisse,
831 1237 858 1259 et

63 1283 116 1302 non
129 1283 165 1302 cx
177 1274 285 1302 arbitrii
304 1275 429 1302 libertate
444 1275 470 1302 in
486 1275 538 1302 hoc
553 1283 614 1303 esse
630 1277 761 1303 deductos
775 1285 782 1308 ς
810 1278 856 1304 scd

61 1328 85 1347 ct
100 1326 215 1355 propter
229 1328 285 1352 eos.
299 1320 344 1355 qni
363 1326 515 1347 creatorem
538 1322 621 1348 Deum
641 1328 775 1350 accusant
799 1328 858 1350 lan-

62 1375 145 1401 quani
164 1374 279 1398 sa-vnm,
294 1367 366 1400 quod
385 1367 507 1394 homines
533 1372 619 1395 vertat
643 1369 668 1395 in
688 1369 802 1403 lapides.
824 1369 857 1396 Hi

61 1421 128 1448 ergo
152 1413 314 1447 priusquam
338 1412 535 1447 blasphemcnt,
558 1414 737 1441 considerent
750 1423 856 1442 summa

62 1459 221 1488 libratione,
248 1466 310 1493 qua:
333 1458 435 1492 scripta
463 1463 536 1485 sunt.
566 1458 624 1486 Non
650 1462 722 1487 enim
758 1461 826 1487 dixit
849 1470 856 1489 :

64 1515 73 1531 ι
96 1505 181 1532 Fiant
197 1510 327 1538 tauquam
343 1504 427 1538 lapis,
444 1514 453 1530 ι
471 1509 498 1531 et
510 1506 606 1537 tacuit,
620 1507 667 1534 sed
682 1513 788 1541 tempus
799 1513 857 1535 stan

63 1552 126 1582 tuit,
154 1556 181 1577 et
210 1559 367 1578 mensuram
389 1552 626 1580 condcmnalionis
651 1553 783 1581 decernit.
812 1555 892 1593 Aitc

63 1597 138 1623 enim
159 1605 165 1622 :
186 1605 195 1621 ι
216 1597 306 1623 Donec
334 1601 456 1624 transeat
480 1598 595 1632 populus
615 1603 686 1630 ttttts,
705 1599 826 1626 Domine.
844 1609 853 1626 I

63 1644 122 1675 Quo
133 1642 241 1668 scilicet
256 1647 316 1676 post
332 1643 475 1670 transitqu
489 1643 580 1678 populi
593 1651 646 1670 non
662 1645 716 1671 sint
730 1649 856 1679 tanquam

64 1688 180 1722 lapides.
201 1687 228 1713 In
247 1695 301 1721 quo
315 1687 381 1714 mihi
402 1688 511 1715 videtur
529 1688 676 1723 prophetia:
693 1690 794 1724 aliquid
815 1690 857 1717 la-

65 1741 133 1761 tere.
156 1733 241 1759 Vitlco
261 1734 332 1759 enim
360 1734 423 1767 quia
444 1734 520 1768 prior
535 1735 659 1769 populus,
672 1736 716 1771 qtti
730 1736 780 1764 fuit
795 1742 858 1766 ante

63 1788 125 1811 nos,
140 1779 228 1806 factus
241 1785 282 1806 est
299 1785 425 1813 tanquam
448 1780 517 1814 lapis
540 1781 624 1808 durus
641 1786 668 1809 et
689 1782 856 1811 incredulus.

64 1825 169 1853 Verum
189 1833 241 1852 non
258 1830 382 1856 eatenus.
409 1831 437 1852 ut
464 1827 490 1853 in
519 1827 615 1861 lapidis
640 1834 735 1856 natura
751 1837 857 1864 perma-

63 1877 140 1904 neat,
154 1872 202 1898 sed
219 1872 306 1898 donec
324 1876 445 1899 transeat
465 1873 579 1908 populus
597 1874 653 1907 hic,
674 1876 789 1910 populus
814 1877 858 1904 hic

63 1926 144 1951 quem
179 1917 311 1946 Dominus
342 1917 487 1951 acquisivit
500 1917 556 1952 (16)
571 1925 597 1944 τι
611 1919 725 1948 ϐωιεὶιθδ
737 1922 809 1949 enim
823 1931 856 1949 ex

64 1969 144 1998 parte
162 1963 278 1997 contigit
294 1964 319 1990 in
335 1962 416 1990 Israel
433 1973 442 1989 ι
461 1965 610 1992 secundutn
632 1973 744 1994 carnem
756 1987 763 2000 ,
782 1977 791 1993 ι
809 1968 857 1996 do-

65 2018 115 2037 nec
134 2009 216 2044 150
229 2009 370 2043 plenitudo
386 2009 506 2044 gentium
521 2011 702 2039 subintroiret
715 2013 748 2040 ".
764 2022 773 2039 ι
789 2013 856 2041 Cum

64 2056 138 2082 enim
150 2056 295 2090 plenitttdo
311 2056 433 2089 gentium
452 2057 659 2091 subintraverit,
682 2063 746 2086 trmc
771 2060 855 2087 ctiam

64 2102 155 2128 omnis
168 2101 263 2132 lsmcl,
279 2102 324 2136 qui
339 2110 386 2136 per
403 2103 605 2131 incredulitatis
624 2104 752 2132 duritiam
771 2106 857 2134 factus

66 2147 155 2174 fuerat
172 2147 241 2174 sicut
258 2147 338 2182 lapis,
352 2148 483 2174 salvabitu
490 2157 511 2175 r.
525 2149 606 2177 Etvis
618 2150 709 2178 videre
719 2153 857 2186 quomodo

65 2193 234 2220 salvabitur?
248 2203 258 2219 ι
277 2192 377 2220 Potens
395 2198 448 2226 est,
463 2195 550 2228 inquit
567 2194 600 2228 ⁸³,
625 2195 693 2223 Deus
714 2196 747 2224 de
761 2196 856 2231 lapidi-

65 2239 114 2266 btts
132 2239 193 2266 istis
218 2239 355 2266 sttscitare
385 2239 454 2266 filios
475 2239 601 2268 Abralue.
617 2250 627 2266 ι
657 2241 766 2269 Manent
790 2251 855 2278 ergo

65 2285 168 2319 lapides
196 2293 279 2317 nunc,
306 2286 392 2312 donec
416 2289 537 2313 transeat
561 2287 674 2321 populus
701 2293 773 2321 tuus,
800 2289 856 2317 Do-

65 2331 157 2363 mine,
179 2330 296 2365 populus
323 2335 386 2356 tuus
411 2330 454 2357 hic
483 2337 563 2365 quem
586 2332 737 2366 arquisisti.
760 2334 813 2362 Sed
832 2336 856 2363 si

66 2376 121 2411 ipse
137 2376 272 2402 Dominus
293 2381 403 2402 creator
426 2381 468 2403 est
494 2377 627 2410 omnium,
647 2379 790 2407 videndum
812 2386 855 2408 est

65 2423 201 2457 quomodo
216 2422 262 2449 hic
277 2421 430 2455 acquisisse
447 2422 565 2455 dicatur,
579 2430 639 2457 qua:
657 2431 705 2451 sua
726 2433 786 2453 esse
801 2435 854 2455 non

66 2469 175 2496 dubium
193 2473 245 2495 est.
270 2467 374 2495 Dicitur
395 2473 422 2495 et
446 2469 472 2496 in
490 2468 544 2495 alio
566 2471 673 2498 cantico
687 2472 855 2501 Deuterono~

69 2514 112 2541 mii
131 2514 155 2530 “
172 2523 180 2541 :
201 2522 210 2539 ι
232 2513 329 2541 Nonne
343 2514 387 2541 hic
409 2515 465 2549 ipse
488 2515 559 2543 Deus
574 2520 646 2550 tuus,
660 2517 705 2552 qui
729 2518 793 2547 fecit
815 2526 850 2555 te,

95 2596 129 2612 ⁵⁸⁵
142 2597 232 2624 Exod.
246 2604 291 2627 xv,
305 2596 348 2624 16.

63 2632 85 2648 ⁸⁵
101 2632 182 2659 Deut.
197 2639 286 2663 χχχιι,
298 2631 324 2660 6.

63 2675 120 2701 ιιι,
133 2667 182 2694 22.

95 2715 152 2750 (Ιΰ)
165 2714 502 2754 [nimbit_qnles_CItan_qan,
512 2718 557 2751 qui
568 2719 711 2747 mutabiles
723 2721 851 2754 inter-pre-

63 2749 151 2777 teritur
166 2754 192 2776 et
206 2749 334 2789 ittobiles.
351 2751 372 2776 A
394 2751 485 2789 radice
501 2749 545 2781 :61:
567 2755 645 2780 mouit
660 2763 714 2781 sese
727 2775 734 2785 ,
756 2749 852 2788 motus,

62 2792 179 2824 agnam!
203 2785 266 2818 Ῑιιίι,
286 2791 313 2812 ct
338 2787 522 2824 propositione
541 2794 571 2820 λ,
598 2789 770 2824 interpretari
788 2785 853 2824 quo;

64 2820 199 2853 quomodo
221 2825 337 2854 possunt
351 2821 495 2848 (Zhanattzui
510 2823 622 2850 mobiles
638 2820 678 2850 vel
693 2820 848 2854 mutabiles.

67 2855 258 2892 \-rutntatncn
289 2856 314 2882 iu
337 2855 442 2892 Lexit'is
462 2857 584 2884 llehrteis
619 2860 702 2886 radici
728 2865 779 2892 Ἦ)
803 2861 850 2886 de~

66 2891 167 2924 pressit,
190 2891 348 2925 prettmrit,
367 2891 489 2927 subjacct
502 2896 562 2931 In:
576 2893 697 2928 Curiana,
715 2904 782 2930 regia
798 2895 849 2922 Cu.

391 2598 414 2614 ⁸⁹
429 2597 481 2626 lsa.
494 2606 555 2632 va,
567 2599 594 2625 2.

382 2633 404 2649 "
421 2633 430 2660 Ι
447 2633 509 2661 Cor.
527 2642 574 2667 vit,
587 2635 631 2662 25.

633 2600 655 2616 ⁶⁰
672 2600 759 2630 Galat.
772 2611 808 2637 vr,
820 2605 860 2634 M.

692 2638 714 2653 ⁸⁸
729 2637 778 2666 lati.
802 2643 867 2672 1.,1,

911 261 1027 294 quisque
1046 259 1111 286 illud
1127 259 1279 294 acquirere,
1304 258 1376 293 quod
1392 265 1445 285 non
1462 256 1514 283 fuit
1530 264 1619 284 suum.
1634 255 1699 282 lude

911 306 1027 341 denique
1044 310 1071 334 et
1094 306 1214 333 haeretici
1232 306 1326 333 dicunt
1341 305 1373 332 de
1390 304 1531 331 Salvatore
1542 323 1549 335 ,
1565 303 1698 338 quianon

910 357 989 379 erant
1001 351 1055 384 siti,
1071 359 1141 386 qttos
1158 352 1316 386 acquisivit.
1329 351 1397 378 Dato
1411 351 1510 378 etenim
1523 350 1611 384 pretio
1625 356 1698 375 tuer-

911 402 987 425 ratus
1003 402 1044 425 est
1063 398 1187 425 homines
1204 405 1273 432 qttos
1281 398 1396 425 Creator
1407 397 1517 424 fecerat.
1541 396 1573 423 Et
1592 401 1698 423 certum

910 449 963 476 est,
978 444 1066 476 aiunt,
1083 452 1305 479 ununtquetnqtte
1327 452 1380 471 non
1407 443 1472 471 illud
1493 449 1596 474 cinere,
1626 442 1698 476 quod

910 498 988 516 suum
1015 495 1067 517 est.
1100 490 1246 526 Apostolus
1269 490 1341 517 enim
1365 490 1403 516 ait
1419 489 1442 505 "
1458 498 1464 516 :
1481 499 1491 514 ι
1508 489 1598 515 Pretio
1613 489 1697 522 empti

909 536 985 563 estis.
1001 546 1011 562 ›
1028 536 1082 564 Sed
1097 537 1159 563 audi
1176 536 1243 570 quid
1257 536 1322 563 dicit
1343 536 1476 570 propheta
1491 535 1514 550 “
1529 544 1535 561 :
1553 544 1562 560 ι
1577 534 1698 561 Peccatis

911 583 1009 609 vestris
1025 582 1173 609 venundati
1193 581 1272 613 estis,
1291 585 1319 608 et
1334 587 1383 614 pro
1395 580 1585 615 iniquitatibus
1601 580 1700 607 vestris

910 629 999 656 dimisi
1016 634 1129 655 matrem
1145 633 1275 654 vestram.
1291 637 1300 654 ι
1314 627 1397 654 Vides
1412 634 1488 661 ergo,
1500 627 1563 660 quia
1579 627 1624 654 Dei
1639 626 1700 661 qui-

910 676 970 701 dem
999 680 1125 702 creatura
1149 683 1245 702 omnes
1275 682 1390 706 sumus,
1416 674 1604 707 unusquisque
1636 681 1700 700 vero

910 722 1030 755 peccatis
1043 722 1098 748 suis
1113 722 1296 753 venuntlatur,
1317 725 1344 748 et
1370 728 1420 755 pro
1437 720 1625 754 iniquitatibus
1642 720 1700 746 suis

911 774 925 793 a
947 767 1059 801 proprio
1083 772 1208 793 creatore
1231 766 1357 793 discedit.
1372 765 1419 793 Dei
1437 765 1522 800 igitur
1544 772 1640 792 sumus
1658 772 1701 792 se-

915 813 1034 839 cundum
1051 812 1121 846 quod
1140 814 1173 839 ab
1193 820 1225 839 eo
1239 813 1324 839 creati
1339 819 1444 838 sumus.
1463 810 1558 838 Ell‘ecti
1570 818 1635 838 vero
1652 819 1700 838 su-

912 865 974 885 mus
986 858 1055 884 servi
1070 857 1188 889 diaboli,
1205 849 1352 884 sceiinduui
1369 857 1440 891 quod
1456 856 1575 891 peccatis
1596 856 1701 886 nostris

912 904 1057 931 venundati
1077 912 1181 931 sumus.
1195 904 1312 931 Veniens
1330 909 1420 929 autent
1444 902 1569 930 Christus
1584 902 1700 929 redemit

912 958 961 978 nos
973 959 1035 978 cttm
1059 952 1225 978 serviremus
1248 951 1286 977 illi
1309 951 1430 981 domino,
1452 949 1494 976 cui
1513 949 1700 984 nosmetipsos

912 999 1051 1032 peccando
1071 997 1252 1024 vcndidiuuts.
1273 996 1305 1023 Et
1320 997 1357 1023 ita
1375 997 1482 1023 videtur
1494 1001 1623 1029 tanquam
1638 1003 1702 1022 suos

913 1044 1020 1079 quidem
1036 1044 1184 1078 recepisse,
1195 1051 1264 1077 quos
1281 1047 1434 1072 creaverat.
1452 1046 1581 1075 tanquam
1598 1041 1702 1068 alienos

912 1094 1001 1117 autem
1025 1090 1194 1124 acquisisse,
1228 1089 1293 1123 quia
1329 1087 1448 1114 alicntttn
1479 1087 1531 1114 sibi
1561 1087 1700 1113 dotnittum

912 1137 968 1164 sive
981 1136 1118 1168 errando,
1142 1135 1199 1162 sive
1221 1134 1358 1169 peccando
1381 1133 1574 1168 qua‘siverant.
1595 1132 1627 1159 Et
1646 1132 1701 1159 for-

913 1188 985 1210 tasse
1009 1186 1083 1209 recte
1096 1181 1207 1216 quidem
1221 1181 1319 1208 dicitur
1340 1180 1489 1207 redemisse
1501 1187 1549 1206 nos
1562 1179 1699 1212 Christus,

911 1228 957 1262 qui
986 1227 1101 1262 pretiutn
1128 1226 1214 1254 nostri
1241 1225 1399 1260 sanguinem
1426 1233 1504 1252 sutttu
1527 1225 1610 1253 dedit.
1630 1225 1700 1258 Quid

912 1275 965 1301 tale
987 1278 1078 1301 autem
1094 1277 1123 1300 tit
1140 1280 1189 1301 nos
1205 1277 1377 1299 mercaretur
1397 1271 1481 1299 etiam
1508 1271 1632 1298 diabolus
1649 1272 1698 1298 de-

911 1320 972 1347 dit?
988 1320 1068 1354 Ergo,
1089 1319 1110 1346 si
1127 1318 1255 1350 videtur,
1277 1317 1411 1344 ausculta.
1437 1317 1628 1348 ilotnicidium,
1653 1325 1702 1352 pe—

911 1367 992 1393 cunia
1024 1365 1124 1393 diaboli
1147 1370 1200 1393 est.
1228 1363 1274 1391 Ille
1295 1362 1368 1390 cuitu
1396 1365 1430 1391 ab
1459 1363 1538 1391 initio
1564 1363 1701 1391 homicida

911 1417 953 1440 cst
970 1413 1002 1439 ⁸⁷.
1021 1412 1121 1440 Fecisti
1140 1412 1333 1445 homicidium,
1352 1411 1452 1439 diaboli
1471 1411 1614 1446 pecuniam
1637 1418 1699 1437 sus-

911 1459 1021 1494 cepisti.
1051 1458 1235 1491 Adulterium,
1260 1458 1358 1485 diaboli
1379 1458 1495 1493 pecunia
1521 1462 1574 1484 est.
1595 1456 1699 1484 Diaboli

910 1506 984 1532 cnim
997 1505 1025 1532 in
1043 1512 1076 1532 eo
1091 1505 1181 1539 imago
1200 1508 1242 1531 est
1259 1509 1287 1531 ct
1305 1504 1513 1539 superscr-iptio.
1531 1502 1700 1530 Commisisti

911 1552 1094 1584 adulterium,
1117 1550 1248 1586 accepisti
1266 1550 1368 1577 dialioli
1392 1550 1537 1577 ntttnistua.
1567 1549 1676 1576 Furtum
1690 1568 1698 1580 ,

910 1598 1009 1625 falsum
1025 1598 1221 1630 testiinonium,
1241 1597 1390 1632 rapacitas,
1413 1596 1555 1629 violentia,
1572 1596 1628 1623 haec
1640 1603 1699 1621 orit-

910 1645 953 1672 nia
976 1644 1075 1671 diaboli
1101 1651 1200 1670 census
1221 1649 1273 1675 est,
1290 1647 1317 1670 et
1338 1643 1437 1670 diaboli
1455 1643 1608 1670 thesaurus.
1626 1642 1699 1669 'l'alis

908 1691 981 1718 enini
995 1690 1110 1725 pecttnia
1127 1689 1161 1717 de
1174 1688 1233 1723 cius
1252 1693 1360 1715 moneta
1380 1688 1511 1724 procedit.
1536 1688 1592 1715 llac
1617 1689 1700 1722 igitur

909 1737 1023 1772 pecunia
1038 1737 1104 1763 eruit
1126 1736 1170 1763 ille
1181 1757 1188 1768 ,
1213 1746 1256 1771 qut
1269 1746 1281 1764 s
1302 1737 1379 1768 ciuit,
1396 1740 1423 1762 et
1442 1734 1524 1762 eﬂicil
1537 1735 1590 1762 sibi
1605 1742 1699 1762 servos

909 1790 1021 1816 omnes,
1049 1783 1093 1817 qui
1116 1783 1149 1809 de
1178 1782 1364 1817 hujuscemodi
1394 1788 1476 1808 censu
1501 1779 1561 1814 t-jtts
1583 1784 1697 1813 quantu-

909 1829 1072 1863 lutncunqnc
1084 1829 1265 1863 susceperint.
1278 1828 1375 1854 Verum
1388 1834 1438 1862 ego
1449 1833 1555 1858 vereor,
1569 1833 1603 1852 ne
1615 1825 1697 1851 etiam

909 1875 1015 1910 aliquos
1030 1875 1062 1902 de
1075 1874 1240 1905 astantibus.
1253 1881 1322 1907 quos
1335 1873 1482 1905 noscimus,
1494 1872 1617 1899 diabolus
1629 1879 1698 1898 mer-

908 1925 987 1948 cetur
1003 1920 1120 1952 occulte,
1146 1927 1178 1946 ne
1197 1919 1278 1945 etiam
1301 1918 1438 1952 aliquibus
1455 1921 1609 1944 nostrorum
1626 1916 1698 1943 hanc

909 1966 1067 2002 pecuniam,
1081 1973 1162 2001 quam
1180 1972 1262 1999 supra
1282 1963 1516 1996 enumeravimus,
1535 1963 1653 1997 ingerat,
1669 1967 1697 1989 et

909 2014 989 2041 faciat
1013 2013 1072 2039 illos
1085 2019 1191 2038 rursum
1211 2017 1286 2042 suos,
1304 2014 1332 2037 et
1349 2017 1455 2036 rursum
1470 2017 1519 2044 pro
1536 2009 1575 2036 eis
1592 2009 1698 2035 tabulas

908 2059 1063 2090 servitutis,
1077 2063 1103 2085 et
1116 2058 1220 2092 peccati
1242 2057 1454 2090 chirographum
1476 2056 1589 2087 scribat,
1615 2059 1698 2089 atque

908 2105 1063 2133 itnmisceat
1081 2104 1169 2132 servis
1186 2104 1233 2131 Dci
1243 2111 1301 2136 eos,
1323 2110 1392 2138 quos
1414 2102 1518 2137 peccati
1543 2101 1630 2136 pretio
1645 2101 1696 2128 sibi

909 2151 1006 2179 fecerit
1021 2159 1125 2178 servos.
1142 2150 1216 2178 Solet
1229 2150 1313 2182 enim,
1326 2150 1389 2184 quia
1407 2149 1533 2176 initnicus
1548 2148 1628 2175 hoino
1643 2153 1695 2180 est,

910 2198 1001 2225 tritico
1021 2198 1137 2225 miscere
1156 2198 1271 2224 zizania.
1289 2197 1321 2224 Et
1335 2202 1424 2223 tamen
1437 2195 1458 2222 si
1478 2195 1539 2229 quis
1557 2195 1626 2221 forte
1647 2195 1698 2221 htt-

906 2244 1060 2280 jusccmodi
1090 2245 1232 2279 pecuniam
1255 2251 1270 2270 a
1293 2242 1400 2270 diabolo
1423 2243 1550 2275 deceptus
1580 2241 1696 2274 accepit,

906 2299 959 2321 non
985 2297 1181 2325 usquequaque
1206 2290 1355 2325 desperet;
1387 2288 1543 2316 misericors
1562 2287 1635 2314 enini
1654 2292 1697 2313 est.

904 2342 932 2365 et
953 2337 1100 2364 miserator
1118 2337 1266 2367 Dominus.
1288 2339 1317 2363 et
1338 2341 1472 2363 creaturae
1495 2343 1552 2363 sua:
1573 2342 1625 2361 non
1641 2333 1697 2360 vult

906 2383 1089 2417 mortem,sed
1105 2387 1133 2409 ut
1145 2387 1332 2414 convertatur,
1346 2387 1373 2409 et
1386 2382 1458 2408 vivat
1472 2381 1505 2407 “.
1522 2380 1694 2413 Pteuitcudo,

904 2430 1004 2463 ﬂendo,
1023 2429 1218 2457 satisfaciendo
1240 2429 1330 2456 deleat
1358 2429 1429 2463 quod
1458 2428 1609 2455 admissum
1640 2433 1694 2452 est.

907 2476 980 2503 Dicit
1002 2476 1074 2503 enim
1103 2476 1235 2510 propheta
1250 2475 1283 2507 ",
1299 2475 1363 2510 quia
1384 2483 1393 2500 ι
1411 2475 1434 2502 si
1450 2481 1597 2501 conversus
1617 2473 1693 2508 inge-

907 2522 1019 2555 mueris,
1043 2526 1107 2550 tunc
1133 2522 1224 2550 salvus
1248 2523 1314 2550 eris.
1327 2532 1336 2548 ι
1356 2521 1439 2548 Paulo
1457 2521 1539 2547 latius
1556 2519 1695 2554 progressi

1460 2604 1482 2620 “
1498 2604 1591 2633 Matth.
1605 2611 1647 2637 tu,
1662 2603 1690 2631 ιλ

900 2607 922 2623 ⁶¹
936 2607 1018 2634 Exod.
1037 2615 1083 2640 xv,
1097 2607 1140 2635 l6.
1190 2607 1212 2622 θ’
1225 2607 1302 2633 Rom.
1318 2614 1355 2636 χι,
1368 2607 1415 2632 25.
1460 2607 1482 2620 "
1498 2607 1591 2633 Matth.
1605 2611 1645 2637 ιιι,

924 2643 1034 2665 ".Inan.
1055 2650 1113 2665 vni.
1136 2642 1181 2665 Μ.
1238 2642 1260 2657 ⁸⁵
1274 2641 1371 2665 Ezech.
1398 2647 1494 2665 χχχιιι.
1511 2640 1552 2665 11.
1607 2639 1645 2665 os’I

1650 2647 1691 2667 53.

924 2643 945 2659 "
958 2643 1035 2671 Joan.
1055 2650 1114 2675 vttt,
1136 2642 1181 2669 M.

1190 2607 1212 2622 θ’
1225 2606 1302 2633 Rom.
1318 2614 1355 2636 xt,
1368 2605 1415 2632 25.

1238 2642 1260 2657 ⁸⁵
1274 2641 1371 2668 Ezech.
1398 2647 1494 2670 χχχιιι,
1511 2640 1552 2666 11.

906 2732 986 2754 mum.
1004 2724 1083 2758 Cujus
1098 2723 1193 2749 incola:
1208 2729 1268 2748 cum
1286 2721 1321 2747 ob
1335 2721 1417 2748 maris
1439 2721 1564 2747 viciniam
1587 2727 1694 2758 inerra-

906 2763 973 2785 tura:
987 2756 1071 2785 dediti
1090 2758 1201 2790 fuerint,
1220 2758 1281 2783 inde
1294 2761 1364 2801 pun,
1378 2762 1517 2787 mercator,
1535 2756 1691 2791 negotiator.

941 2803 996 2844 (l6)
1015 2804 1144 2843 Dominus
1163 2802 1312 2844 acquisivit.
1335 2801 1391 2830 Voti
1414 2802 1539 2829 Domitius
1560 2803 1585 2829 in
1610 2801 1700 2830 editis

904 2847 1016 2872 Ollllssa,
1038 2844 1172 2874 l'L‘pCl‘lllll‘
1193 2846 1218 2866 III
1237 2846 1300 2865 IIISS.
