1894 3059
196 126 248 154 539

928 129 1089 159 ORIGENIS
1770 135 1785 162 3
1790 135 1814 162 ιο

197 194 302 219 smnus,
319 187 382 215 dum
399 188 524 216 volumus
536 196 673 224 exponere
685 191 821 225 quomodo
839 190 909 218 Deus
924 199 983 226 qum
998 194 1023 222 Λ
1037 193 1167 225 cflicitur,
1184 201 1218 221 ne
1233 194 1282 221 tibi
1307 193 1410 229 aliquid
1426 194 1507 222 desit.
1532 194 1602 222 Audi
1618 199 1645 222 et
1660 194 1766 222 Paulum
1779 196 1813 222 di-

197 241 246 260 sua
262 238 326 260 sunt
344 234 451 261 dicatur
469 236 627 269 acquirere,
654 242 682 264 et
700 237 837 265 redimere
858 237 984 266 Christus

197 280 330 315 sanguine
346 281 464 315 pretioso
483 289 552 316 quos
574 288 680 310 emerat
699 283 822 311 diabolus
844 284 888 310 vili
914 292 984 311 mer-

197 327 264 353 cede
281 328 395 361 peccati.

233 373 276 399 tO.
296 382 305 399 ι
323 373 458 400 lnducens
476 374 568 409 planta
587 382 637 403 eos
662 376 688 403 in
707 382 801 404 monte
816 377 984 405 haereditatis

196 422 249 444 tua:
262 417 296 446 "'.
313 427 322 444 ι
351 418 409 446 Νοιι
426 419 482 447 vult
507 428 556 448 nos
575 420 646 448 Deus
663 422 689 449 in
715 421 832 458 (Egypto
850 423 982 457 plantare,

197 472 246 492 nec
263 464 289 491 in
311 465 422 499 deiectis
438 471 464 493 ct
481 467 506 493 in
525 467 674 496 humilibus
688 468 766 502 locis,
783 470 830 496 sed
846 470 872 496 in
890 474 984 496 monte

195 510 363 538 haereditatis
381 519 436 538 sua:
459 512 515 539 vult
533 512 657 546 plantare
682 521 751 548 quos
777 514 890 549 plantat.
914 515 982 542 Tum

194 561 325 590 prmterea
355 558 427 592 quod
450 558 525 585 addit
546 568 552 586 :
579 568 588 584 ι
611 559 742 588 lnducens
768 561 858 594 planta
888 569 952 594 eos;
971 571 980 588 ι

195 609 260 629 num
278 603 324 630 tibi
343 603 450 630 videtur
469 608 599 638 tanquam
614 604 647 631 de
663 606 754 640 pueris
768 606 868 640 dicere,
880 607 925 642 qni
942 607 983 634 in-

194 649 330 675 ducuntur
342 648 374 675 ad
390 650 498 677 scholas
509 670 516 682 ,
533 650 698 677 inducuntur
714 651 748 678 ad
764 651 880 685 litteras,
902 653 982 679 indu-

194 700 295 722 cuntur
310 696 345 722 ad
363 703 469 723 omnem
489 696 697 724 eruditionem?
713 697 837 733 intelligo
856 707 920 734 ergo
936 707 983 734 per

196 741 264 774 hate,
274 742 297 768 si
312 746 401 769 tamen
417 742 500 770 habes
515 750 594 770 aures
610 743 747 776 audiendi,
763 745 982 783 quomodo‘Deus

194 787 325 821 plantat:
347 795 381 815 ne
410 787 481 815 forte
509 796 570 816 cum
597 790 674 817 audis
705 798 768 817 eum
799 791 927 818 inducere
955 796 983 818 et

194 833 327 867 plantare,
346 840 422 868 putes
437 841 499 861 eum
515 835 583 863 ﬁcus
606 827 738 870 irDIerra,
757 842 802 863 aut
819 837 871 864 alia
889 837 981 872 hujus-

194 879 301 906 cemodi
333 879 450 914 virgulta
477 880 605 915 deﬁgere.
625 881 693 908 Audi
713 885 740 909 et
760 882 822 909 alibi
845 884 982 917 quomodo

193 925 300 959 plantat
327 925 409 953 Deus.
441 926 574 960 Propheta
613 928 679 955 dicit
707 929 751 955 ⁷¹ε
773 937 783 954 ε
811 928 920 955 Vineam
948 937 980 957 ex

194 969 312 1005 Egypto
330 971 504 1005 transtulisti,
529 977 556 999 et
579 973 703 1008 expulisti
721 979 825 1009 gentes,
850 980 878 1002 et
903 976 980 1010 plan-

195 1017 257 1043 tasti
273 1024 345 1043 eam.
361 1017 487 1044 Pervium
504 1019 555 1045 iter
572 1019 661 1046 fecisti
688 1025 751 1047 ante
767 1028 837 1053 eam,
854 1022 979 1055 plantasti

194 1063 299 1090 radices
326 1063 394 1098 cjns,
418 1070 445 1092 et
469 1065 577 1099 replesti
600 1071 715 1093 terram.
740 1066 853 1102 Operuit
874 1072 981 1095 montes

192 1109 288 1136 umbra
303 1110 377 1143 ejus,
402 1114 429 1137 et
447 1111 560 1138 arbusta
580 1111 638 1146 ejus
654 1112 751 1139 cedros
774 1113 831 1140 Dei.
850 1123 859 1139 ι
875 1114 979 1141 Adver-

192 1155 247 1182 tisti
266 1156 321 1190 jam
335 1157 472 1191 quomodo
491 1157 595 1190 plantat
620 1158 691 1185 Deus
704 1179 711 1191 ,
733 1165 760 1185 et
783 1159 827 1186 ubi
857 1160 981 1193 plantat?

191 1201 250 1229 Non
268 1203 372 1237 plantat
390 1203 416 1230 in
434 1204 563 1236 vallibus,
579 1205 626 1231 sed
649 1205 676 1231 in
701 1206 838 1233 montibus
864 1207 980 1235 excelsis

192 1254 221 1275 et
238 1249 400 1276 sublimibus
422 1251 498 1278 locis.
513 1251 586 1284 Quos
606 1252 678 1278 enim
694 1252 784 1280 educit
800 1254 833 1281 de
850 1253 978 1290 Egypto,

191 1302 260 1329 quos
277 1295 310 1322 de
323 1294 424 1322 saeculo
438 1296 549 1323 adducit
561 1297 594 1323 ad
607 1297 696 1330 fidem,
714 1306 765 1325 non
789 1299 844 1325 vult
861 1307 907 1326 eos
928 1300 979 1327 itc-

193 1348 252 1366 rnm
275 1340 301 1367 itt
321 1341 468 1368 humilibus
490 1341 645 1374 collocare,
668 1343 715 1370 sed
744 1344 979 1372 conversationem

190 1393 285 1413 eorum
306 1387 362 1414 vult
384 1394 445 1415 esse
466 1387 620 1415 sublimem.
644 1389 706 1416 Vult
728 1397 777 1417 nos
798 1390 825 1416 iIt
842 1391 979 1419 montibus

193 1431 328 1464 habitare,
356 1433 403 1460 sed
430 1433 456 1460 in
482 1432 547 1467 ipsis
577 1433 753 1461 nihilominus
771 1435 909 1463 montibus
925 1444 978 1464 non

191 1477 249 1504 vult
264 1485 313 1505 nos
326 1485 407 1512 super
418 1483 517 1506 terram
531 1486 636 1514 repere,
652 1487 702 1507 nec
715 1479 783 1508 ultra
800 1481 856 1508 vult
870 1482 978 1509 vineam

1037 244 1143 266 centem
1155 239 1178 255 ⁷⁸
1195 249 1201 266 ;
1221 248 1230 264 ι
1250 239 1296 267 Dei
1311 239 1488 273 agricultura,
1506 239 1554 267 Dei
1566 239 1712 267 adiﬁcatio
1729 241 1811 268 estis.»

1036 287 1112 319 Quod
1128 295 1194 322 ergo
1211 287 1281 314 istud
1300 291 1342 314 est
1355 287 1578 319 sanctimoninm,
1592 287 1664 320 quod
1679 293 1730 312 non
1744 294 1814 313 manu
1857 320 1860 323 Ι

1037 333 1154 359 hominis
1175 332 1277 360 factunt
1303 335 1357 364 est,
1382 332 1430 359 sed
1459 332 1584 359 manibus
1609 331 1654 358 Dei
1683 331 1813 365 paratum!

1034 379 1104 406 Audi
1121 379 1285 413 sapientiam
1301 378 1437 405 dicentem
1451 377 1486 409 ",
1503 377 1568 412 quia
1585 385 1595 402 ‹
1612 376 1753 404 aediﬁcavit
1769 375 1813 403 sibi

1035 425 1156 451 domum.
1180 433 1189 449 ι
1206 423 1261 458 Ego
1274 428 1364 450 autem
1383 423 1434 450 hoc
1450 423 1483 450 de
1499 422 1693 450 incarnatione
1718 421 1813 448 Domini

1036 469 1137 496 rectius
1151 468 1355 503 intelligendum
1370 473 1447 505 puto.
1476 467 1535 494 Non
1550 466 1623 493 enim
1639 474 1720 493 manu
1736 465 1815 492 homi-

1035 523 1097 542 num
1116 516 1215 542 factum
1231 519 1285 547 est,
1301 514 1326 541 id
1340 507 1394 545 est,
1410 521 1463 540 non
1477 520 1557 547 opere
1567 512 1687 540 humano
1696 511 1813 546 templum

1034 561 1126 588 carnis
1143 561 1294 588 aediﬁcatur
1310 561 1335 587 in
1352 559 1473 595 virgine,
1492 559 1551 591 sed,
1565 558 1637 585 sicut
1658 557 1815 592 praedixerat

1034 608 1056 634 Ι)
1066 608 1129 634 ιῐιίθι
1146 607 1182 639 ⁷⁸,
1196 607 1267 641 lapis
1281 607 1341 634 sine
1355 607 1482 634 manibus
1499 606 1608 632 excisus
1623 604 1720 635 crevit,
1742 608 1766 630 et
1780 601 1815 629 fa-

1034 659 1093 680 ctus
1110 659 1151 680 est
1163 661 1240 681 mons
1257 660 1382 688 magnus.
1393 651 1465 679 Istud
1482 657 1524 678 est
1536 650 1745 678 sanctimoniam
1759 656 1814 676 car-

1034 701 1076 727 nis
1094 704 1249 734 assumpta,
1265 704 1292 727 et
1304 699 1363 726 sine
1377 698 1513 730 manibus,
1523 697 1549 724 id
1561 700 1601 723 est
1625 696 1727 729 absque
1739 702 1815 729 opere

1034 747 1185 778 hominum,
1202 747 1234 773 de
1252 750 1343 773 monte
1360 745 1484 773 humana:
1499 748 1601 771 natura:
1617 747 1644 770 et
1658 741 1811 769 substantize

1034 791 1127 818 carnis
1140 791 1275 817 excisum.

1069 838 1113 864 t3.
1133 846 1143 862 ι
1164 836 1288 867 Domine,
1303 836 1350 870 qui
1363 842 1461 869 regnas
1475 834 1501 861 in
1521 833 1663 864 saeculum,
1680 837 1707 860 et
1728 832 1754 859 in
1771 839 1817 858 sm-

1033 883 1136 914 culum,
1149 887 1178 910 et
1192 883 1283 910 adhuc
1297 882 1331 908 τ’).
1350 891 1359 907 ι
1376 880 1489 914 Quoties
1511 880 1538 906 in
1559 878 1688 906 swculum
1711 877 1815 908 dicitur,

1033 928 1173 963 longitudo
1192 927 1300 962 quidem
1324 926 1466 960 temporis,
1487 925 1534 952 sed
1554 931 1618 951 esse
1643 923 1705 950 linis
1725 922 1819 956 aliquis

1033 976 1180 1006 indicatur,
1199 979 1226 1001 et
1243 973 1265 1000 si
1290 974 1315 1000 in
1339 972 1411 999 aliud
1438 971 1566 999 saeculum
1589 969 1708 1002 dicatur,
1725 968 1818 1002 aliquis

1032 1023 1091 1049 sine
1106 1021 1188 1048 dubio
1203 1020 1310 1055 longior
1329 1018 1451 1053 quidem,
1467 1022 1556 1044 tamen
1570 1017 1682 1051 ponitur
1699 1015 1778 1047 linis;
1794 1018 1821 1040 et

1032 1068 1141 1103 quoties
1157 1066 1256 1094 saecula
1274 1065 1436 1093 surculorum
1455 1064 1641 1096 nominantur,
1656 1061 1775 1090 fortasse
1789 1060 1819 1087 li-

1032 1120 1075 1142 cet
1087 1115 1196 1149 ignotus
1211 1112 1300 1145 nobis,
1314 1116 1403 1138 tamen
1421 1117 1436 1136 a
1449 1109 1504 1136 Deo
1517 1114 1636 1136 statutus
1652 1108 1752 1142 aliquis
1767 1112 1818 1134 tero

1033 1161 1122 1188 minus
1136 1159 1284 1186 indicatur.
1302 1156 1379 1190 Quod
1396 1163 1460 1183 vero
1472 1155 1545 1182 addit
1559 1155 1585 1181 in
1603 1155 1655 1181 hoc
1668 1153 1731 1181 loco
1747 1162 1776 1181 τι
1794 1157 1818 1178 et

1031 1207 1134 1237 adhuc,
1153 1214 1163 1231 ι
1182 1204 1285 1232 nullum
1308 1210 1419 1231 sensum
1442 1201 1550 1229 termini
1565 1200 1680 1234 alicujus
1699 1204 1747 1227 aut
1761 1199 1820 1226 ﬁnis

1031 1252 1152 1287 reliquit.
1166 1250 1352 1284 Quodcunque
1371 1248 1442 1276 enim
1457 1247 1522 1274 illud
1535 1246 1708 1282 cogitaveris,
1726 1246 1752 1273 in
1769 1252 1820 1279 quo

1032 1298 1112 1325 ﬁnem
1141 1302 1217 1331 putes
1242 1303 1322 1330 posse
1352 1295 1514 1325 consistere.
1540 1300 1648 1328 semper
1676 1293 1726 1319 tibi
1754 1291 1818 1318 dicit

1030 1351 1122 1371 sermo
1140 1343 1334 1379 propheticus:
1351 1352 1360 1368 ‹
1377 1342 1411 1369 Et
1426 1342 1525 1373 adhuc,
1543 1351 1552 1367 ι
1569 1339 1641 1367 velut
1653 1339 1676 1366 si
1693 1339 1821 1373 loquatur

1030 1391 1063 1417 ad
1081 1395 1116 1422 te,
1131 1393 1159 1417 et
1174 1389 1248 1416 dicat
1265 1397 1272 1414 :
1287 1387 1369 1414 Putas
1383 1388 1408 1414 in
1422 1386 1549 1414 secutum
1564 1385 1655 1412 steculi
1673 1383 1817 1411 Dominum

1031 1434 1226 1469 regnaturum?
1242 1443 1252 1459 ι
1278 1433 1312 1460 Et
1334 1430 1547 1459 adhuenPutas
1558 1430 1586 1458 in
1612 1429 1712 1457 saecula
1729 1435 1817 1456 smcu-

1030 1481 1138 1509 lorum?
1159 1490 1168 1506 ‹
1187 1479 1222 1506 Et
1237 1479 1327 1507 adlmc
1344 1479 1413 1514 (17).
1436 1487 1446 1504 ι
1464 1477 1497 1505 Et
1508 1476 1758 1511 quomodocunque
1781 1473 1820 1500 di-

191 1531 267 1550 suam
285 1523 359 1550 humi
381 1523 499 1557 dejectos
524 1524 624 1551 habere
642 1523 760 1557 fructus,
783 1526 832 1553 sed
850 1526 906 1553 vult
922 1527 979 1561 pal-
993 1533 1014 1562 ο
1032 1527 1106 1554 xeris
1121 1525 1185 1553 illud
1203 1525 1236 1553 de
1259 1524 1335 1560 regni
1353 1524 1412 1557 ejus
1424 1523 1531 1558 spatiis,
1553 1529 1663 1557 semper
1678 1521 1730 1550 tibi
1757 1519 1822 1549 dicit

191 1570 272 1597 mites
290 1569 349 1603 ejus
367 1578 475 1597 sursum
492 1570 566 1602 duci,
583 1570 610 1597 in
627 1569 683 1597 alto
694 1571 831 1604 collocari,
849 1573 978 1601 traduces

191 1614 262 1647 ﬁeri,
276 1620 302 1642 et
323 1616 447 1643 traduces
468 1622 522 1643 non
543 1616 570 1642 in
595 1615 803 1652 quibuscunque
830 1618 979 1646 humilibus

191 1661 345 1692 arboribus,
364 1662 412 1689 sed
438 1662 464 1688 in
491 1661 608 1688 excelsis
634 1665 661 1688 et
686 1662 712 1689 in
733 1663 874 1691 altissimis
890 1665 979 1692 cedris

191 1707 250 1734 Dei.
271 1707 372 1735 Cedros
400 1707 446 1734 Dei
465 1714 516 1742 ego
530 1710 677 1743 prophetas
693 1714 721 1736 et
737 1710 874 1743 apostolos
891 1716 956 1745 puto
968 1732 977 1743 ,

190 1753 291 1788 quibus
312 1761 362 1781 nos
382 1754 404 1781 si
420 1753 599 1789 adjungamur
613 1755 678 1783 vitis
701 1763 781 1790 quam
807 1757 841 1784 de
859 1756 978 1792 Egypto

191 1799 329 1827 transtulit
345 1800 425 1834 Deus,
441 1804 467 1828 et
482 1808 531 1835 per
546 1809 638 1829 ramos
662 1809 755 1830 eorum
779 1803 865 1830 nostri
882 1804 978 1838 palmi-

190 1851 232 1874 tes
250 1845 446 1878 diffundantur,
462 1851 544 1882 atque
569 1847 635 1882 ipsis
653 1848 740 1875 innixi
758 1849 883 1877 traduces
903 1857 977 1884 qua:-

188 1893 250 1919 dant
266 1891 414 1919 eﬁiciamur
431 1892 574 1921 cbaritatis
588 1893 621 1921 ad
636 1893 751 1922 invicem
777 1895 892 1923 vinculis
908 1904 975 1924 con-

187 1938 263 1970 nexi,
278 1937 394 1966 fructum
410 1939 470 1966 sine
482 1939 564 1967 dubio
577 1939 722 1974 plurimum
737 1941 893 1969 atl‘eremus.
908 1941 974 1970 Nam

190 1993 201 2010 ς
217 1983 308 2011 omnis
333 1984 415 2011 arbor
437 1991 496 2018 qua:
521 1993 574 2012 non
592 1985 657 2013 facit
675 1985 794 2014 fructum
807 1988 909 2016 bonum
928 1997 976 2017 ex-

188 2029 304 2061 cidetur,
320 2034 347 2057 et
363 2030 388 2056 in
406 2030 494 2065 ignem
514 2031 637 2059 mittetur
651 2033 685 2060 7‘.
700 2042 710 2058 ι

224 2074 269 2101 Η.
287 2083 296 2099 ε
317 2074 344 2101 lo
357 2080 509 2109 praeparata
522 2076 690 2105 habitatione
705 2082 760 2111 tua,
773 2086 854 2114 quam
873 2087 976 2115 pracpa-

189 2120 266 2152 rasti,
284 2120 397 2148 Domine
412 2120 445 2146 ⁷⁸.
462 2130 471 2146 ι
497 2120 562 2149 Vide
575 2122 717 2150 clementis
734 2123 843 2151 Domini
866 2124 974 2152 bonita-

188 2171 253 2197 tem,
271 2173 323 2192 non
339 2166 396 2192 vult
415 2171 440 2194 te
453 2167 582 2194 inducere
599 2167 632 2194 ad
648 2168 779 2203 laborem,
794 2177 848 2197 non
871 2171 928 2198 vult
947 2175 976 2198 ut

188 2214 245 2246 ipse
260 2212 307 2238 tibi
325 2211 410 2239 facias
426 2212 621 2245 habitaculum.
631 2213 687 2248 jam
704 2220 728 2242 te
740 2215 974 2250 adipraaparatam

187 2257 298 2285 deducit
331 2258 538 2286 habitationem.
567 2259 635 2286 Audi
666 2260 749 2288 Deum
778 2262 911 2289 dicentem
946 2263 973 2289 in

188 2303 333 2338 Evangelio
349 2303 371 2319 ⁷⁸
387 2313 392 2330 :
410 2313 419 2330 ι
437 2304 489 2331 Alii
509 2303 711 2339 laboraverunt,
724 2311 751 2334 et
766 2315 812 2334 vos
828 2307 854 2334 in
869 2307 974 2335 labores

185 2356 279 2376 eorum
298 2349 440 2377 introistis.
458 2359 467 2375 ι

222 2394 264 2421 12.
286 2403 295 2420 ι
315 2393 539 2427 Sanctimonium,
561 2396 685 2428 Domine,
704 2397 775 2431 quod
800 2404 973 2432 praeparave-

184 2445 358 2468 runtntanus
377 2447 428 2469 tua:
447 2442 480 2468 ⁷⁵.
501 2450 511 2467 ι
530 2441 758 2475 Sanctimonium,
777 2443 853 2478 151
872 2444 973 2471 dicitur

186 2487 391 2514 tabernaculum
411 2487 470 2519 Dei,
487 2487 529 2514 vel
549 2488 676 2522 templum
689 2489 722 2515 ab
736 2496 768 2516 eo
785 2489 856 2523 quod
872 2489 972 2516 sancti-

185 2534 247 2560 ﬁcat
261 2533 433 2560 accedentes.
451 2534 507 2561 Hoc
526 2542 579 2561 non
603 2535 670 2562 dicit
687 2542 768 2562 manu
792 2534 912 2562 hominis
930 2536 971 2561 fa-

184 2584 269 2611 ctum,
282 2580 329 2606 sed
346 2587 425 2606 manu
447 2580 504 2606 Dei.
521 2579 589 2613 Quid
605 2581 690 2615 ergo?
713 2581 827 2615 Propter
841 2586 866 2608 te
900 2580 971 2607 Deus

182 2629 209 2649 ct
236 2625 351 2659 plantat,
377 2629 404 2651 et
427 2626 553 2659 aedificat,
571 2627 689 2661 agricola
706 2627 831 2660 edicitur,
850 2633 971 2655 structor

218 2731 241 2746 ⁷⁰
257 2731 342 2757 Exod.
360 2739 404 2763 xv,
426 2732 466 2759 I7.

186 2772 227 2797 xv,
248 2766 290 2792 l7.
330 2765 374 2793 "l
392 2767 453 2794 Cor.
469 2775 511 2800 tn,
527 2768 554 2795 9.
593 2768 614 2782 ⁷⁷
630 2767 709 2796 Prov.
732 2776 770 2800 Ix,
794 2769 819 2794 1.

506 2733 527 2748 ⁷¹
546 2732 614 2760 Psal.
631 2741 730 2766 t.xxtx,
749 2732 775 2760 9.
813 2733 835 2748 ⁷¹
849 2732 943 2759 Matth.
961 2741 1008 2763 vn,
1024 2733 1068 2760 i9.

506 2768 554 2794 .9.
593 2768 614 2782 ⁷⁷
630 2767 709 2794 Prov.
732 2776 770 2794 ix.
794 2769 819 2794 1.
858 2768 880 2783 ⁷⁸
899 2767 964 2794 Dan.
988 2776 1018 2794 ιι.
1033 2768 1066 2794 δι

921 2776 964 2794 an.
988 2776 1018 2799 ιι,
1033 2776 1076 2794 οι.

1032 1573 1163 1609 propheta
1180 1580 1187 1598 :
1207 1580 1216 1596 ι
1234 1571 1267 1598 Et
1284 1571 1384 1597 adhuc.
1407 1578 1418 1596 ι

1066 1618 1110 1645 14.
1130 1626 1140 1643 ι
1158 1616 1292 1650 Quoniam
1308 1615 1420 1642 intravit
1433 1614 1574 1649 equitatus
1589 1613 1744 1641 Pharaonis
1761 1619 1822 1640 cum

1032 1663 1171 1699 quadrigis
1188 1666 1216 1689 et
1232 1661 1426 1689 ascensoribus
1444 1660 1471 1687 in
1489 1659 1606 1687 medium
1634 1666 1724 1691 mare,
1738 1663 1769 1686 et
1784 1658 1823 1684 in-

1030 1710 1108 1738 duxit
1122 1716 1205 1743 super
1220 1714 1266 1735 eos
1285 1707 1416 1734 Dominus
1434 1712 1520 1740 aquas
1538 1704 1633 1732 maris.
1648 1704 1713 1731 Filii
1731 1708 1822 1731 autem

1030 1757 1113 1786 Israel
1129 1755 1340 1784 ambulaverunt
1353 1761 1401 1789 per
1415 1753 1517 1781 siccum
1534 1753 1560 1779 in
1577 1752 1666 1779 medio
1680 1752 1753 1779 mari
1770 1750 1820 1776 ⁸ο.»

1029 1805 1063 1832 Ει.
1077 1809 1103 1831 ιιι
1114 1803 1137 1831 si
1153 1802 1224 1829 ﬁlius
1236 1800 1319 1828 Israel
1335 1807 1376 1832 es,
1388 1804 1465 1834 potes
1481 1798 1622 1826 ambulare
1641 1805 1693 1832 per
1715 1798 1822 1825 siccum

1029 1852 1056 1879 in
1066 1850 1155 1878 medio
1169 1849 1247 1876 mari.
1266 1848 1295 1875 Si
1312 1846 1396 1874 fueris
1411 1846 1441 1874 in
1452 1846 1540 1873 medio
1555 1845 1676 1874 nationis
1688 1852 1784 1881 prava
1796 1849 1823 1871 et

1029 1903 1162 1933 perversa:
1177 1895 1248 1923 sicut
1271 1894 1363 1921 lumen
1388 1892 1454 1920 solis
1469 1892 1581 1920 verbum
1596 1891 1661 1919 vita
1675 1891 1824 1920 continens

1028 1943 1062 1969 ad
1076 1941 1201 1976 gloriam,
1220 1943 1309 1975 potest
1324 1937 1381 1965 ﬁeri
1399 1942 1429 1965 ut
1445 1937 1472 1964 in
1484 1937 1573 1964 medio
1585 1941 1767 1971 peccatorum
1784 1935 1823 1962 in-

1028 1989 1168 2016 cedentem
1191 1991 1217 2013 te
1242 1992 1294 2013 non
1322 1983 1448 2011 infundat
1469 1983 1566 2010 humor
1589 1987 1709 2017 peccati,
1733 1984 1825 2017 potest

1030 2034 1089 2062 ﬁeri
1106 2036 1334 2061 uttranseuntem
1351 2035 1377 2059 te
1393 2037 1441 2066 per
1455 2030 1528 2056 hunc
1544 2029 1674 2056 mundum
1693 2027 1771 2055 nulla
1796 2027 1825 2053 li-

1027 2080 1130 2108 bidinis
1156 2079 1228 2106 unda
1259 2080 1411 2112 respergat,
1437 2075 1525 2103 nullus
1548 2074 1710 2109 cupiditatis
1739 2078 1824 2101 aestus

1028 2126 1165 2154 verberet.
1182 2123 1233 2158 Qui
1248 2127 1338 2150 autem
1354 2121 1499 2157 Egyptius
1514 2125 1592 2148 estet
1606 2121 1737 2154 sequitur
1753 2120 1825 2147 Pha-

1028 2178 1153 2202 raonem,
1171 2170 1215 2197 ille
1228 2170 1360 2196 vitiorum
1381 2167 1511 2195 fluctibus
1522 2166 1665 2201 mergitur.
1682 2165 1740 2200 Qui
1757 2171 1824 2193 vero

993 2209 1013 2236 ι)
1029 2217 1152 2252 sequitur
1165 2215 1316 2247 Christum,
1334 2218 1362 2241 et
1380 2213 1452 2241 sicut
1478 2213 1534 2247 ipse
1549 2211 1715 2245 ambulavit,
1739 2212 1778 2239 ita
1798 2215 1826 2239 et

1026 2264 1084 2298 ipse
1102 2261 1234 2292 ambulat,
1251 2268 1326 2295 aquae
1340 2260 1364 2287 ei
1379 2267 1473 2286 murus
1487 2259 1554 2285 ﬁunt
1571 2258 1666 2285 dextra
1679 2258 1823 2293 laevaque,

1026 2310 1083 2344 ipse
1100 2313 1191 2335 autem
1209 2307 1296 2334 media
1314 2306 1357 2333 via
1372 2305 1474 2333 incedit
1487 2313 1535 2340 per
1548 2305 1663 2331 siccum.
1691 2304 1757 2332 Non
1776 2304 1826 2331 de-

1025 2355 1108 2382 clinat.
1122 2353 1156 2381 ad
1175 2353 1324 2383 dexteram,
1342 2359 1429 2385 neque.
1444 2351 1477 2377 ad
1499 2351 1653 2382 sinistram,
1673 2357 1826 2385 usquequo

1024 2405 1104 2428 exeat
1116 2400 1150 2427 ad
1169 2399 1333 2429 libertatem,
1353 2402 1381 2424 et
1406 2396 1535 2432 hymnum
1554 2395 1677 2423 victoria:
1704 2395 1827 2423 Domino

1023 2446 1157 2474 concinat
1181 2445 1274 2472 dicens
1286 2444 1307 2459 ⁸¹
1323 2452 1329 2470 :
1346 2451 1355 2468 ‹
1376 2442 1523 2470 Cantemus
1548 2441 1673 2472 Domino,
1700 2441 1826 2476 gloriose

1025 2493 1096 2519 enim
1113 2490 1311 2518 honoriﬁeatus
1325 2493 1379 2520 est,
1397 2498 1406 2514 ι
1426 2496 1472 2522 per
1485 2487 1578 2515 Jesnm
1601 2487 1750 2514 Christum
1771 2487 1826 2513 Do-

1023 2538 1125 2564 mimnn
1144 2542 1278 2567 nostrum,
1294 2535 1336 2561 cui
1354 2539 1394 2562 cst
1409 2534 1507 2569 gloria,
1524 2538 1551 2561 et
1564 2534 1711 2569 imperium
1727 2534 1757 2561 in
1775 2541 1828 2561 sa:-

1021 2584 1081 2611 cula
1097 2583 1270 2609 saecnlornm.
1288 2582 1384 2608 Amen.

1408 2731 1524 2772 7:19am
1536 2730 1627 2772 Iv_,n58.
1640 2765 1658 2772 __
1726 2730 1827 2772 Exod.

1415 2767 1438 2782 ⁸⁰
1464 2767 1541 2800 ibid.,
1561 2766 1603 2793 l9.
1639 2765 1660 2780 “
1692 2766 1784 2799 ibid.,
1802 2766 1829 2794 1.

1124 2733 1147 2748 ⁷³
1162 2731 1245 2758 Exod.
1264 2739 1309 2762 κν,
1327 2732 1368 2758 17-

1115 2768 1137 2783 ⁷³
1167 2767 1252 2794 Exod.
1273 2775 1320 2799 xv,
1335 2766 1377 2795 18.

217 2843 272 2878 (17)
287 2842 371 2870 Putas
384 2845 410 2870 in
421 2844 517 2871 sa'cula
531 2845 713 2873 m’culorttml’
729 2845 763 2872 El
780 2845 882 2882 adhuc.
911 2844 971 2873 Herc
987 2845 1012 2873 in
1027 2849 1105 2872 antea
1121 2845 1200 2873 editis
1212 2845 1385 2878 otnittuntur,
1402 2845 1447 2873 sed
1462 2845 1596 2873 habentur
1609 2844 1635 2871 in
1651 2851 1730 2872 mss.
