1894 3059
362 198 501 228 llO.\llL|.-\
529 197 583 224 VII.

237 246 275 274 De
289 245 467 273 amaritudine
489 252 564 279 aqua:
583 242 708 270 Merrhw.

108 294 135 321 ί.
150 292 215 320 Post
228 293 378 320 transitum
397 291 482 318 maris
504 290 600 323 Rubri,
617 294 645 317 et
667 289 806 324 magniﬁci
822 295 866 314 se-

70 345 148 368 creta
162 339 300 375 mysterii,
315 342 379 373 post
392 337 489 364 choros
500 341 525 363 et
544 341 681 370 tympana,
701 340 760 370 post
776 336 868 361 trium-

71 385 166 420 phales
183 386 312 420 hymnos,
325 383 433 410 venitur
445 382 477 408 ad
488 381 634 409 Merrham.
650 381 763 408 Merrhm
776 386 866 407 autem

69 440 142 468 aqua
154 440 213 458 erat
226 438 332 461 amara,
351 437 432 464 quam
448 437 499 456 non
515 433 621 464 poterat
636 428 751 463 populus
766 427 812 454 Dei
828 427 867 454 bi-

73 480 151 506 Itcre.
167 477 239 511 Quid
256 484 323 512 ergo
341 480 402 510 post
421 480 495 503 tanta
510 480 545 513 εδ
555 479 609 501 tam
625 474 739 501 miriﬁca
753 473 866 500 mirabi-

68 524 104 550 lia
122 524 155 549 ad
174 529 284 548 amaras
308 529 395 556 aquas
418 525 444 546 et
468 519 618 554 perieulum
645 519 704 546 sitis
722 519 866 545 adducitur

71 569 191 603 populus
217 568 287 595 Dei?
318 567 363 594 Ait
390 566 462 594 ettim
489 566 512 582 ⁸³
534 575 540 592 :
568 575 577 590 ι
599 565 632 592 Ει
661 570 796 592 venerunt
820 565 866 591 lilii

68 615 155 642 Israel
177 615 203 641 in
221 614 371 646 Merrham,
389 617 415 639 et
435 620 488 639 non
506 616 633 647 poterant
654 619 752 645 aquam
773 612 867 639 bibere

67 662 104 689 de
123 660 245 692 Mcrrha,
262 660 325 694 quia
344 667 437 686 amara
449 664 519 690 eral,
537 663 564 685 et
585 662 695 693 propter
706 658 758 684 hoc
775 657 868 692 appel-

67 708 156 735 latum
171 711 216 735 est
229 714 327 734 nomen
353 706 404 732 loci
425 705 498 732 illius
512 705 677 732 amaritudo.
697 714 706 730 I
724 704 778 731 Sed
801 703 865 738 quid

66 754 146 781 addit
172 757 234 787 post
250 752 328 780 haec?
348 760 358 777 ‹
383 751 526 782 Clamavit,
547 750 636 785 inquit
653 750 686 783 ⁸³,
709 749 812 784 Moyses
832 749 866 775 ad

72 799 234 831 Dominum,
246 803 273 825 et
283 798 402 825 ostendit
420 797 458 823 illi
478 797 609 824 Dominus
624 796 737 832 lignum,
753 799 780 822 ct
792 795 866 822 tnisit

68 846 135 873 illud
149 845 178 872 in
193 853 306 879 aquam,
320 850 348 872 et
365 845 434 871 facta
450 848 493 871 est
508 843 594 870 dulcis
614 850 696 877 aqtta.
710 842 742 870 Et
763 841 812 874 ibi,
827 841 865 868 in-

680 136 713 162 IN
735 133 878 162 EXODUM
898 132 1039 160 HOMILIA
1057 131 1110 160 Vll.

885 195 908 224 Α
924 201 1048 220 amarum
1063 193 1163 227 quippe
1188 192 1238 219 hoc
1253 192 1337 219 scntit
1355 196 1381 218 et
1397 199 1535 226 asperum.
1553 200 1561 216 ι
1579 191 1607 218 Si
1626 191 1710 224 enim,

1658 129 1711 156 5M

919 239 1010 274 inquit
1028 238 1176 273 Apostolus
1187 238 1222 270 ⁸⁵,
1233 246 1294 272 qua:
1311 237 1443 270 destruxi,
1463 237 1519 263 hate
1532 237 1630 263 iterum
1645 245 1711 264 reae-

918 285 1011 316 diﬁco,
1025 284 1263 318 pravaricatorent
1281 291 1324 310 me
1338 283 1486 311 constituo.
1505 292 1514 308 ι
1532 282 1560 309 Ιιι
1576 283 1628 309 hac
1642 289 1711 316 ergo

918 332 1100 358 amaritudine
1123 331 1252 363 Merrhaz,
1279 331 1304 358 id
1325 336 1366 358 est
1391 331 1416 358 in
1440 331 1489 358 ista
1508 330 1597 357 littera
1625 330 1710 364 legis,

918 377 1009 412 posttit
1023 377 1092 405 Deus
1103 378 1225 413 justitias
1240 383 1267 404 et
1284 378 1448 405 testimonia.
1467 377 1525 405 Non
1540 377 1587 405 tibi
1600 376 1651 404 hoc
1667 377 1710 403 vi-

917 424 997 451 detur
1012 424 1113 456 dicere,
1129 425 1193 459 quia
1207 425 1282 452 velut
1300 425 1326 452 in
1352 423 1463 452 vasculo
1479 425 1608 459 quodam,
1629 424 1665 450 ita
1682 425 1709 451 in

918 470 986 506 legis
1011 471 1102 498 littera
1132 472 1272 506 sapientia
1293 476 1320 499 et
1336 472 1457 499 scientia:
1487 478 1542 499 suae
1566 472 1710 499 thesauros

918 516 1071 544 condiderit
1089 517 1180 544 Deus?
1197 517 1252 544 Iloc
1276 521 1317 544 est
1335 525 1399 552 ergo
1413 517 1484 552 quod
1499 517 1567 545 dicit
1579 517 1602 533 ⁸⁸
1618 526 1625 544 :
1646 526 1657 543 ι
1676 517 1709 543 Et

921 562 955 589 ibi
984 562 1074 596 posuit
1100 563 1124 590 ei
1153 563 1223 590 Deus
1238 564 1359 597 justitias
1383 567 1410 590 et
1437 563 1602 591 testimonia.
1624 573 1633 588 ι
1652 561 1708 589 lloc

919 612 978 636 erat
991 609 1063 642 quod
1081 613 1107 636 et
1121 609 1265 644 Apostolus
1279 609 1388 637 dicebat
1407 610 1428 625 ⁸⁷
1447 618 1453 636 :
1472 619 1481 636 ‹
1503 609 1639 636 llabcmus
1660 617 1708 635 au-

921 660 973 682 tent
991 655 1148 683 thesaurum
1167 656 1239 682 hunc
1252 656 1277 682 in
1296 656 1368 682 vasis
1381 656 1521 686 ﬁctilibus,
1533 660 1561 681 ut
1581 655 1706 681 sublimi-

919 705 961 727 tas
976 700 1084 728 virlutis
1099 700 1145 728 Dei
1160 701 1206 733 sit,
1225 705 1253 728 et
1268 708 1320 728 non
1333 708 1366 728 ex
1382 701 1470 727 nobis.
1491 710 1500 726 ›
1518 701 1552 728 Ut
1567 709 1631 735 ergo
1645 709 1708 734 pos-

917 747 954 773 sit
966 747 1022 775 bibi
1035 755 1106 782 aqua
1123 748 1180 775 Inec
1195 748 1229 775 de
1243 747 1363 780 Merrha,
1384 747 1506 775 ostendit
1521 747 1591 775 Detts
1606 747 1707 782 lignum

917 793 988 827 quod
1005 793 1130 820 mittatur
1142 793 1169 820 in
1190 801 1262 826 eam,
1283 793 1374 828 utqui
1395 793 1494 820 biberit
1509 800 1542 820 ne
1561 794 1705 823 moriatur,

917 847 970 866 nou
994 839 1203 866 amaritudinem
1228 837 1338 871 sitiat.
1362 838 1439 866 Unde
1456 843 1574 871 constat,
1592 839 1665 872 quod
1683 838 1706 865 si

66 891 138 926 quit,
156 890 249 925 posuit
267 890 305 916 illi
330 889 401 916 Deus
415 888 534 922 iustitias
549 891 575 914 et
591 887 704 921 judicia.
722 896 731 912 ν
746 885 796 918 lbi,
816 886 861 913 ubi
880 879 900 906 Β
916 885 976 919 quis
991 884 1049 911 sine
1074 885 1147 919 ligno
1160 884 1231 917 vitat,
1248 885 1274 911 id
1306 889 1348 912 est
1371 885 1430 912 sine
1455 885 1586 920 mysterio
1604 885 1706 917 crucis,

67 937 240 967 amaritudo,
256 936 303 963 ubi
327 935 398 966 sitis,
421 939 449 962 et
467 935 538 969 quod
557 938 597 961 est
617 934 738 969 gravius.
762 933 820 959 sitis
838 932 864 959 in

68 982 241 1009 abundantia
257 989 402 1016 aquarum,
420 980 456 1008 ibi
474 980 566 1014 posuit
578 979 602 1007 ei
617 980 688 1007 Deus
701 978 821 1013 justitias
837 982 865 1005 et

63 1029 183 1064 judicia.
200 1029 280 1056 Alius
302 1035 356 1055 non
370 1032 430 1055 erat
456 1028 533 1055 locus
547 1026 666 1061 dignior,
685 1026 783 1060 aptior,
799 1025 864 1051 ube—

68 1076 133 1108 rior,
149 1082 235 1110 quam
249 1074 310 1106 iste,
331 1074 358 1100 in
375 1081 430 1108 qtto
451 1071 608 1099 amaritudo
631 1071 695 1098 est?
710 1071 779 1098 Tum
802 1077 862 1104 pro-

65 1127 160 1155 pterea
177 1120 250 1155 quod
264 1120 354 1146 dixit:
373 1128 382 1144 t
403 1119 530 1146 Ostendit
547 1118 583 1145 illi
600 1117 732 1144 Dominus
749 1116 863 1151 lignum,

66 1173 93 1195 et
109 1168 187 1194 misit
204 1167 271 1193 illttd
288 1167 315 1194 in
330 1174 439 1200 aquam.
456 1170 482 1192 et
502 1165 573 1192 facta
588 1169 629 1192 est
643 1164 728 1191 dulcis
742 1171 830 1198 aqua;
852 1172 861 1189 ι

66 1214 167 1240 mirutn
184 1212 331 1239 admodum
350 1217 402 1243 est,
426 1216 455 1238 ut
482 1211 552 1238 Deus
579 1210 680 1245 lignum
705 1210 864 1237 ostenderet

66 1259 165 1294 Moysi,
183 1258 257 1292 quod
276 1258 395 1284 mitteret
410 1257 436 1284 in
449 1264 557 1292 aquam,
573 1261 600 1283 et
612 1256 712 1283 facere!
727 1263 786 1283 eam
803 1255 863 1283 dul-

65 1312 134 1332 cem.
149 1303 268 1331 Efﬁcere
297 1303 368 1330 Deus
385 1311 481 1337 aquatn
506 1303 611 1329 dulcem
640 1303 699 1329 sine
717 1302 789 1336 ligno
808 1310 861 1329 nou

67 1351 195 1386 poterat?
210 1350 266 1376 Aut
287 1348 394 1384 Moyses
412 1349 551 1376 nesciebat
570 1348 683 1382 lignum,
703 1353 732 1374 ut
748 1348 772 1374 ei
790 1346 862 1374 Dens

67 1396 247 1424 ostenderet?
263 1395 315 1423 Sed
336 1395 480 1422 videndum
498 1398 540 1421 est
556 1393 621 1428 quid
648 1393 754 1421 decoris
771 1394 796 1420 itt
819 1393 861 1420 his

68 1441 184 1468 interior
198 1441 298 1468 habeat
313 1448 418 1467 sensus.
434 1439 489 1475 Ego
501 1443 566 1474 puto
581 1439 652 1474 quod
671 1439 712 1466 lex
731 1439 752 1465 si
765 1446 861 1466 secun-

67 1487 130 1513 dum
149 1486 272 1513 litteram
289 1486 466 1520 suscipiatur,
483 1486 549 1512 satis
574 1493 666 1512 amara
689 1485 733 1519 sit,
750 1489 778 1512 et
802 1485 859 1519 ipsa

65 1534 98 1560 sit
115 1533 239 1560 Merrba.
256 1532 324 1566 Quid
343 1532 414 1559 enint
431 1536 485 1559 tam
509 1540 643 1564 amarum,
659 1539 739 1566 quant
750 1537 779 1558 ut
792 1539 858 1566 puer
872 1551 892 1579 ο

64 1584 161 1606 octava
179 1578 226 1605 die
241 1577 466 1606 circumcisiouis
482 1578 580 1605 vulnus
601 1577 728 1612 accipiat,
743 1583 770 1605 et
785 1578 858 1611 rigo-

67 1632 123 1652 rem
139 1624 210 1652 ferri
228 1629 321 1652 tenera
341 1624 462 1659 patiatur
485 1623 618 1650 infantia?
633 1622 763 1650 Amarum
780 1623 857 1655 satis,

66 1678 91 1698 ct
103 1678 281 1706 peramarum
299 1676 342 1698 est
358 1670 513 1705 lmjusmodi
531 1670 658 1704 poculum
674 1669 752 1704 legis,
767 1669 858 1696 inlan-

65 1723 121 1745 tum
135 1721 164 1744 ut
176 1717 295 1752 populus
312 1716 370 1750 Dei,
390 1724 441 1743 non
464 1717 508 1743 ille
524 1715 569 1750 qtti
588 1716 614 1742 in
631 1715 724 1751 Moyse
737 1716 858 1750 baptiza~

64 1771 106 1792 tus
121 1769 163 1791 est
178 1764 205 1790 in
222 1763 290 1789 mari
309 1768 335 1790 et
351 1763 375 1789 in
392 1761 473 1794 tntbe,
490 1762 536 1789 sed
552 1762 603 1789 iste
616 1761 661 1796 qui
676 1763 701 1789 in
719 1763 814 1796 spiritu
829 1767 857 1790 et

63 1820 132 1846 aqua
155 1809 311 1845 baptizatus
320 1812 372 1841 est,
389 1816 441 1835 non
454 1809 539 1842 possit
554 1807 646 1834 bibere
661 1808 694 1834 de
707 1808 759 1835 ista
768 1816 854 1843 aqua;

62 1858 108 1884 sed
125 1864 159 1884 ne
172 1861 285 1891 gustare
297 1855 406 1890 quidem
423 1855 455 1882 de
484 1853 705 1881 circumcisiouis
725 1855 856 1881 amaritu-

62 1903 125 1929 dine
136 1906 238 1936 potest,
258 1908 345 1934 neque
367 1900 516 1927 hostiarum
545 1899 617 1926 ferre
643 1899 854 1926 amaritudinem

62 1947 145 1978 valet,
166 1954 216 1973 nec
231 1945 344 1973 Sabbati
360 1945 575 1972 observantiam.
602 1945 631 1972 Si
647 1953 713 1973 vero
729 1946 856 1973 ostendat

62 1994 133 2020 Deus
162 1993 265 2027 lignum
280 1992 352 2026 quod
368 1991 484 2018 mittitur
500 1991 526 2018 itt
542 1991 612 2019 hanc
631 1992 852 2025 amaritudinem.

61 2044 89 2064 ut
101 2038 191 2066 dulcis
208 2046 277 2072 aqua
294 2038 342 2065 ﬁat
354 2037 431 2073 legis,
444 2042 533 2072 potest
547 2037 580 2064 de
595 2036 639 2063 illa
655 2037 757 2065 bibere.
776 2038 853 2071 Quod

60 2091 100 2112 est
112 2086 185 2112 istud
202 2085 314 2120 lignum,
328 2086 399 2120 quod
413 2084 545 2112 Dominus
556 2085 677 2112 ostendit
692 2085 794 2121 Moysi?
804 2085 854 2113 Sa-

61 2132 150 2158 lomon
168 2132 266 2158 edocet
292 2139 355 2163 nos,
372 2139 433 2158 cttm
463 2130 530 2158 dicit
553 2131 585 2158 de
613 2131 759 2165 sapientia,
786 2132 850 2166 quia

63 2186 72 2203 ε
90 2178 193 2212 lignum
208 2177 271 2205 vita:
282 2181 325 2204 est
338 2177 464 2204 omnibus
477 2177 704 2211 amplcctentibus
722 2185 780 2204 eam
799 2177 849 2204 ⁸⁵.»

915 930 972 957 sine
989 929 1040 957 ﬁde
1060 931 1173 963 Christi,
1190 931 1250 959 sine
1275 931 1456 967 intelligentia
1474 931 1592 966 spiritali
1613 932 1706 958 bibere

915 976 1031 1003 voluerit
1049 978 1082 1003 de
1095 976 1162 1011 legis
1178 977 1279 1010 littera,
1299 985 1347 1012 per
1362 978 1573 1004 amaritudinem
1594 977 1706 1003 nimiam

915 1023 1056 1050 morietur.
1073 1023 1135 1050 llaec
1159 1024 1249 1051 sciens
1273 1024 1373 1050 Paulus
1395 1024 1534 1058 apostolus
1548 1024 1655 1051 diccbat
1671 1023 1704 1057 ³⁸,

915 1069 977 1103 quia
993 1078 1002 1094 ι
1020 1069 1111 1096 littera
1128 1070 1238 1098 occidit.
1263 1080 1271 1096 ι
1291 1069 1347 1098 Hoc
1358 1074 1399 1097 est
1417 1075 1510 1105 aperte
1524 1071 1624 1101 dicere,
1643 1070 1704 1105 quia

915 1123 984 1149 aqua
1002 1115 1116 1144 Merrlnc
1133 1117 1245 1147 occidit,
1259 1116 1280 1144 si
1305 1125 1357 1144 non
1372 1121 1475 1144 mutata
1503 1117 1611 1144 bibatur
1625 1122 1651 1144 ct
1677 1117 1703 1143 in

915 1163 1087 1190 dulcedineut
1105 1171 1182 1191 versa
1202 1163 1293 1190 fuerit.

951 1209 979 1237 2.
996 1210 1050 1237 Sed
1074 1211 1139 1242 quid
1153 1210 1281 1238 addidit?
1306 1211 1454 1245 Postquam
1472 1211 1561 1242 posuit
1579 1211 1615 1238 illi
1635 1211 1705 1238 [lt-cs

912 1254 1032 1289 justitias
1052 1260 1080 1283 et
1097 1255 1197 1289 judicia
1219 1265 1225 1284 :
1251 1266 1261 1282 ι
1287 1257 1319 1284 Et
1339 1257 1385 1289 ibi,
1413 1257 1501 1292 inquit
1516 1257 1549 1289 κ’,
1581 1258 1704 1284 teuta‘sat

913 1309 974 1328 eum
990 1302 1084 1329 dicens
1101 1310 1108 1327 ε
1127 1303 1154 1329 Si
1171 1303 1262 1330 auditu
1279 1303 1400 1331 audieris
1415 1311 1509 1331 vocent
1534 1303 1639 1330 Domini
1657 1304 1702 1331 Dei

915 1348 963 1379 tui,
979 1353 1006 1375 et
1018 1356 1079 1383 qum
1090 1348 1198 1383 placent
1214 1357 1306 1376 coram
1337 1350 1383 1377 illo
1410 1349 1520 1382 fecer-i4,
1542 1354 1567 1376 ct
1584 1350 1704 1377 audieris

914 1400 1048 1428 pra-cepta
1066 1394 1126 1429 ejus
1139 1399 1167 1421 ct
1188 1395 1362 1428 custodieris,
1381 1403 1490 1422 omnem
1517 1395 1702 1421 inﬁrmitatem

913 1447 994 1473 quam
1009 1440 1167 1467 induxerant
1186 1440 1331 1476 Egypliis.
1349 1449 1402 1468 nou
1423 1441 1547 1468 inducant
1570 1449 1651 1475 super
1665 1447 1700 1469 te.

914 1484 968 1519 Ego
985 1485 1057 1512 enim
1082 1494 1141 1512 stnn
1164 1483 1294 1514 Dominus
1311 1487 1382 1515 Deus
1398 1492 1470 1518 tuus,
1485 1488 1530 1522 qui
1548 1496 1614 1516 sano
1631 1494 1667 1516 te.
1689 1498 1699 1516 ε

915 1529 1026 1557 Videtur
1056 1531 1121 1558 mihi
1148 1539 1202 1565 qtto
1225 1538 1371 1566 prospectu
1394 1532 1463 1560 datae
1484 1533 1544 1560 'siut
1567 1533 1702 1568 justiﬁca-

913 1576 1011 1608 tiones,
1024 1581 1052 1604 et
1064 1577 1181 1612 judicia,
1201 1583 1228 1605 ct
1243 1578 1399 1606 testimonia
1423 1579 1491 1614 legis
1505 1586 1655 1614 exponere,
1670 1585 1701 1607 ut

913 1627 1041 1654 tentaret,
1067 1624 1165 1658 inquit,
1181 1632 1229 1651 eos
1247 1623 1318 1652 Dens
1344 1625 1365 1652 si
1389 1626 1515 1653 audirent
1530 1633 1623 1653 vocem
1649 1627 1701 1653 Do-

911 1668 986 1699 mini,
1000 1673 1026 1694 et
1039 1676 1100 1703 qrta:
1117 1670 1325 1701 mandabantur,
1336 1670 1514 1698 custodirent.
1532 1670 1598 1698 Nam
1615 1679 1701 1706 quan-

911 1719 967 1741 tutn
982 1715 1015 1742 ad
1033 1715 1151 1748 prioretu
1176 1716 1302 1750 populum
1325 1721 1442 1750 spectat,
1469 1717 1532 1751 quid
1559 1719 1599 1745 eis
1622 1719 1701 1751 boni.

910 1765 957 1787 aut
985 1759 1100 1794 perfecti
1135 1761 1371 1789 tunrmurantibus
1393 1767 1421 1789 et
1445 1763 1701 1791 contradicentibus

910 1805 1106 1833 mandaretur?
1135 1805 1257 1841 Denique
1284 1806 1364 1840 paulo
1387 1811 1449 1839 post
1470 1808 1553 1834 etiam
1575 1809 1609 1836 ad
1627 1809 1697 1836 idola

909 1856 1119 1883 convertttutur,
1137 1856 1164 1879 et
1178 1851 1255 1879 obliti
1272 1852 1467 1879 beneliciorum
1489 1857 1516 1880 et
1532 1854 1696 1882 mirabilium

910 1897 956 1925 Dei
980 1903 1061 1932 caput
1074 1898 1149 1925 vituli
1177 1902 1312 1925 statuunt.
1340 1898 1487 1934 Propterea
1510 1907 1574 1934 ergo
1597 1901 1698 1928 dantur

907 1943 947 1970 eis
967 1947 1112 1977 praecepta,
1127 1943 1153 1969 in
1168 1942 1266 1977 quibus
1280 1947 1428 1970 tetttentttr.
1442 1943 1506 1972 little
1520 1951 1563 1972 est
1580 1947 1652 1980 qttod
1669 1951 1696 1974 et

906 1995 956 2023 per
976 1988 1143 2015 Ezechielem
1159 1988 1319 2023 pr0phetam
1336 1989 1402 2015 dicit
1416 1989 1547 2018 Dontitnts
1555 1992 1587 2018 ad
1604 1992 1694 2025 eos“,

906 2035 971 2069 quia
989 2043 998 2060 ‹
1012 2034 1075 2062 dedi
1092 2034 1170 2061 vobis
1186 2039 1332 2068 prtecepta,
1358 2040 1385 2061 ct
1408 2035 1619 2069 juslilicationt's
1642 2046 1695 2065 non

906 2081 1002 2113 bonas,
1019 2081 1156 2115 inquibus
1170 2089 1222 2108 non
1242 2080 1340 2107 viretis
1357 2080 1381 2107 itt
1403 2084 1452 2111 eis.
1473 2092 1482 2108 ι
1497 2084 1607 2111 Tcnlali
1623 2085 1696 2113 enim

908 2128 934 2155 itt
948 2128 1093 2163 praeceptis
1113 2128 1220 2156 Domini
1244 2137 1297 2156 tton
1319 2130 1495 2158 inveniuntur
1512 2132 1615 2160 ﬁdelcs.
1634 2132 1696 2160 ldco

905 2175 977 2201 enim
996 2183 1005 2200 ι
1027 2175 1168 2202 inventum
1192 2181 1234 2203 est
1259 2177 1299 2204 eis
1321 2178 1476 2205 mandatum
1493 2179 1564 2212 quod
1587 2183 1645 2205 erat
1660 2181 1694 2206 ad

62 2222 88 2248 Si
105 2230 170 2256 ergo
189 2221 293 2256 lignum
314 2221 455 2256 sapientiae
482 2221 608 2249 Christus
635 2222 748 2249 tnissum
771 2223 853 2249 fuerit
871 2228 892 2256 ι)
906 2222 998 2255 vitam,
1012 2223 1065 2250 hoc
1083 2230 1142 2250 esse
1156 2223 1189 2250 ad
1206 2229 1320 2251 mortem
1339 2225 1377 2256 “;
1398 2234 1406 2250 ι
1426 2226 1489 2259 quia
1508 2234 1588 2252 unum
1613 2231 1695 2260 atque

62 2266 85 2291 in
104 2266 171 2300 lege,
186 2271 213 2291 et
233 2265 385 2292 ostenderit
407 2265 488 2292 nobis
507 2267 646 2300 qttomodo
666 2266 782 2301 intelligi
806 2268 853 2294 dc-

62 2312 118 2338 beat
132 2311 318 2342 circumcisio,
334 2313 470 2346 quontodo
494 2312 624 2345 Sabbata,
642 2315 780 2347 quomodo
808 2313 850 2340 lex

61 2357 137 2391 lepra:
151 2359 289 2385 servanda
306 2358 353 2390 sit,
368 2359 485 2393 qualiter
499 2359 591 2386 mundi
607 2364 633 2386 et
645 2359 779 2387 immundi
794 2360 851 2388 dis-

60 2406 157 2431 crimen
175 2406 321 2437 habeatur,
340 2409 404 2432 tunc
420 2404 535 2433 efﬁcitur
551 2412 621 2440 aqua
651 2404 766 2434 Meri-ba:
786 2407 848 2433 dul—

58 2450 105 2484 cis,
117 2456 146 2478 et
165 2451 325 2478 amaritudo
341 2451 436 2478 littera:
452 2451 518 2486 legis
531 2452 702 2478 convertitur
713 2451 739 2478 in
756 2452 848 2480 dulce-

57 2497 143 2524 dinem
161 2496 353 2531 intelligentia:
367 2496 446 2531 152
463 2496 604 2532 spiritalis,
625 2502 653 2524 et
671 2503 735 2525 tttnc
760 2503 848 2532 potest

55 2542 146 2570 bibere
161 2543 281 2578 populus
295 2542 351 2569 Dei.
369 2543 397 2570 Si
412 2543 484 2570 enim
498 2551 551 2570 tton
563 2543 776 2578 interpretentur
791 2545 847 2572 lucc

54 2589 230 2624 spiritaliter,
257 2588 373 2622 populus
400 2589 445 2622 qui
471 2588 543 2616 idola
573 2589 734 2624 dereliquit,
757 2595 785 2617 et
811 2591 846 2618 ad

54 2635 136 2662 Deum
155 2635 292 2669 confugit,
309 2635 332 2661 si
349 2635 442 2662 audiat
462 2636 549 2670 legem
564 2635 597 2663 de
613 2636 757 2663 sacriﬁciis
778 2643 847 2671 prae-

53 2681 212 2715 cipientem,
231 2680 363 2707 continuo
382 2680 481 2715 refugit
496 2685 524 2708 et
544 2689 598 2708 non
617 2687 707 2716 potest
726 2681 819 2710 bibere
835 2690 842 2708 :

64 2774 71 2776 _
84 2740 108 2776 ff
123 2739 212 2766 Exod.
240 2747 286 2776 xv,
314 2739 384 2776 25.”
398 2741 420 2756 ⁸⁸
435 2741 512 2776 ibid.,
530 2741 576 2771 25.
614 2742 637 2758 ⁸⁵
650 2741 731 2769 Prov.
750 2751 790 2775 ut,
807 2743 851 2771 is.

53 2772 71 2785 ’ἲ
87 2774 106 2801 ll
121 2776 187 2802 Cor.
199 2783 241 2808 ιιι,
258 2774 286 2802 6.

88 2852 145 2888 (l8)
162 2852 249 2886 Alias,
271 2861 280 2878 Ι
302 2853 327 2879 itt
345 2853 444 2887 quibus
461 2861 512 2882 non
529 2854 602 2882 \‘it'at
619 2856 646 2883 itt
663 2856 710 2883 eis.
729 2866 738 2883 ι

326 2775 348 2790 ⁸³
366 2775 451 2804 Exod.
467 2784 512 2810 xv,
531 2777 566 2804 95
582 2777 665 2805 et26.
703 2778 726 2793 ’“
739 2778 838 2806 Ezcclt.
859 2789 904 2813 xx,
923 2782 967 2809 ‘25.

903 2269 973 2297 idern
997 2269 1155 2296 ntaudattun
1170 2270 1191 2296 si
1206 2275 1341 2302 servetur,
1360 2271 1461 2303 vitam;
1485 2271 1507 2298 si
1525 2279 1578 2299 non
1597 2280 1693 2299 serve-

904 2319 956 2348 tur,
967 2319 1080 2350 generat
1097 2320 1223 2343 ntortent.
1240 2315 1394 2345 Secundum
1408 2317 1458 2344 hoc
1472 2326 1539 2353 ergo
1551 2320 1621 2352 quod
1640 2326 1696 2345 non

902 2361 1075 2388 servantibus
1090 2366 1202 2396 generat
1214 2369 1340 2396 tnortetn,
1351 2365 1476 2392 dicuntur
1494 2367 1620 2393 mandata
1640 2375 1692 2394 non

901 2406 983 2439 bona,
1003 2406 1029 2433 in
1042 2407 1140 2441 quibus
1155 2416 1209 2435 non
1225 2408 1316 2436 vivant
1331 2410 1355 2436 in
1370 2410 1410 2438 eis
1424 2411 1553 2445 (l8).Sed
1567 2413 1629 2446 quia
1646 2413 1693 2439 ad-

904 2454 1013 2481 miscuit
1029 2454 1068 2481 eis
1087 2454 1189 2490 lignum
1205 2456 1294 2483 crucis
1307 2456 1419 2489 Christi,
1437 2461 1463 2483 ct
1479 2457 1504 2483 itt
1522 2458 1691 2486 dulcedinem

903 2507 984 2527 versa
999 2505 1073 2534 sunt,
1088 2505 1115 2528 et
1130 2502 1291 2536 spiritaliter
1309 2502 1446 2528 intellecta
1464 2509 1622 2534 servantur,
1641 2513 1690 2532 ea-

902 2546 964 2572 dem
979 2546 1036 2580 ipsa
1049 2548 1176 2574 mandata
1190 2548 1253 2575 vita:
1274 2548 1445 2583 appellantur
1468 2558 1473 2574 :
1498 2549 1567 2575 sicut
1587 2554 1613 2576 cl.
1627 2550 1694 2578 alibi

902 2591 966 2619 dicit
979 2593 1002 2609 ”
1016 2602 1022 2620 :
1040 2602 1050 2618 ‹
1065 2593 1147 2627 Audi,
1161 2594 1255 2627 Israel,
1267 2595 1395 2622 mandata
1415 2595 1487 2622 vitae.
1507 2605 1516 2621 ι
1533 2595 1586 2623 Sed
1600 2596 1695 2624 vidca~

901 2645 962 2666 mus
974 2639 1037 2674 quid
1054 2639 1094 2667 eis
1109 2640 1280 2675 promittitur
1293 2641 1315 2668 si
1327 2646 1485 2669 serventur.
1504 2652 1514 2668 ι
1532 2641 1573 2675 Si,
1590 2643 1689 2677 inquit,

900 2685 1074 2712 servaveritis
1089 2690 1225 2721 prwccpta
1239 2694 1307 2720 mea,
1325 2695 1378 2714 non
1403 2687 1529 2715 inducam
1553 2695 1634 2723 super
1642 2695 1695 2716 vos

889 2745 912 2761 ⁸⁵
927 2746 1064 2785 galatzn‘,
1081 2746 1124 2774 18.
1163 2748 1186 2763 ⁸⁸
1199 2747 1285 2785 Exod.
1301 2749 1404 2781 “,25.
1442 2749 1464 2765 ⁸⁷
1486 2749 1505 2776 ll
1524 2750 1589 2780 Cor.
1606 2758 1645 2785 tv,
1663 2753 1695 2780 7.’

1008 2783 1029 2798 ³⁸
1044 2781 1123 2809 Rom.
1146 2790 1194 2815 vn,
1215 2783 1257 2811 l0.
1295 2785 1318 2800 θ’
1343 2785 1462 2812 Baruclt.
1481 2793 1524 2818 nt,
1536 2785 1562 2813 9.
