1902 3063
199 140 251 168 {iis

941 138 1101 167 ORIGENIS

1775 137 1828 165 3M

200 207 295 227 omnes
307 199 492 234 aegritudines,
507 206 575 234 quas
587 198 678 226 induxi
691 198 828 235 Egyptiis
839 200 872 227 ⁸³.
887 209 896 225 t
915 200 984 233 Quid
999 202 1023 230 Δ
1037 201 1140 229 decima
1155 201 1198 229 die
1214 201 1327 233 mensis,
1347 200 1528 228 murmuravit
1544 199 1658 235 populus
1680 200 1824 227 adversum

200 253 266 281 ergo
282 245 505 273 videturdiccre?
516 245 538 272 si
555 244 616 279 quis
628 250 717 272 servet
732 246 868 278 martdata,
885 245 984 275 nullartt

201 293 390 325 :egritudinem
412 292 547 327 patiatur?
568 292 619 319 hoc
633 296 685 324 est,
700 298 789 326 neque
811 291 920 326 febriat,
940 300 986 320 ne-

200 345 254 371 que
272 337 338 364 alios
354 337 463 364 dolores
485 337 612 374 corporis
639 337 733 364 ferat?
751 337 808 364 Non
836 341 900 372 puto
913 338 985 372 quod

201 384 257 410 lure
277 384 331 410 sint
348 391 406 416 qua:
424 383 616 418 promittuntur
631 383 721 410 divina
734 383 860 410 mandata
872 390 985 410 servan-

200 427 281 454 tibus.
298 427 424 461 Alioquin
439 428 540 455 irtdicio
554 428 631 455 nobis
647 432 690 455 est
702 427 753 454 Job
763 427 940 461 iustissimus,
957 433 984 455 et

198 474 281 500 totius
318 474 427 508 pietatis
457 474 728 506 observantissimus,
756 474 818 508 qrria
849 482 864 502 a
895 475 983 510 capite

196 527 284 554 usque
301 521 334 546 ad
354 521 436 554 pedes
454 521 573 555 repletur
589 522 678 548 ulcere
698 522 829 555 pessimo.
858 521 914 549 Non
941 522 982 549 his

195 573 290 593 carere
306 566 433 593 dicuntur
451 566 667 598 inﬁrmitatibus,
680 567 725 601 qui
743 567 871 594 mandata
887 571 981 595 custo-

196 611 286 642 diunt,
302 611 351 638 sed
377 619 430 638 non
460 612 598 639 habebunt
628 611 687 638 illas
711 612 884 639 inﬁrmitates
912 620 981 648 quas

193 655 317 691 Egyptii
334 657 445 685 habent.
462 658 596 692 Egyptus
612 667 730 694 namque
746 659 862 686 nturtdus
880 659 980 694 [igura-

194 701 257 729 liter
273 703 435 738 appellatur.
453 704 569 739 Diligere
583 713 649 740 ergo
671 705 814 738 mundum,
834 711 861 733 et
875 713 906 733 ea
920 713 980 740 quae

194 748 221 775 in
243 749 342 776 mmqu
359 755 432 782 sunt,
447 750 589 786 [Egyptius
603 751 716 786 langtror
731 756 784 778 est.
809 751 870 779 Dies
885 752 980 779 obser-

193 801 266 825 vare,
279 799 305 820 et
317 802 433 826 menses,
447 799 475 823 et
489 800 622 830 tempora.
635 797 711 831 signa
727 797 874 832 requirere,
885 797 978 824 stella-

192 847 252 866 rtrnt
279 841 404 867 cursibus
431 841 587 873 adhaerere,
611 841 755 877 Egyptius
786 843 899 877 languor
925 847 976 870 est.

193 883 335 913 Descrvire
356 887 447 914 carnis
470 887 593 919 luxuriae,
614 893 641 915 et
658 889 842 923 voluptatibus
869 897 977 923 operam

193 931 270 963 dare,
286 939 385 959 vacare
399 933 514 966 deliciis,
532 933 678 969 Egyptius
702 935 815 970 languor
830 940 880 962 est.
897 934 979 962 Caret

191 982 256 1010 ergo
271 977 314 1004 his
326 977 527 1006 inﬁrmitatibus
540 983 567 1005 et
578 979 763 1014 languoribus,
781 981 827 1015 qui
851 981 976 1008 mandata

191 1021 318 1048 custodit.

225 1067 252 1094 5.
277 1066 341 1094 Post
366 1067 423 1095 haec
445 1068 520 1101 dicit,
532 1069 596 1104 quia
613 1078 622 1095 ι
643 1075 776 1097 venerrrrrt
791 1071 816 1097 iu
834 1071 929 1104 llelim,
948 1077 976 1099 et

190 1117 270 1140 erant
287 1113 322 1140 ibi
338 1113 478 1141 duodecim
496 1114 584 1142 fontes
600 1123 746 1150 aquarunt,
759 1121 787 1142 et
801 1117 975 1151 septuaginta

187 1160 301 1187 arhores
307 1160 456 1194 palmarrrm
463 1161 496 1188 ".
504 1170 513 1187 ι
524 1161 642 1188 Putasne
651 1162 730 1189 habet
739 1162 839 1197 aliquid
849 1163 975 1195 rationis,

188 1206 260 1239 quod
275 1213 328 1232 uort
345 1212 408 1233 artte
424 1207 450 1233 in
468 1207 554 1233 Ilelim
569 1207 677 1234 ducitur
693 1207 818 1242 populus,
835 1208 878 1234 ubi
896 1212 976 1235 erant

188 1252 332 1278 duodecim
353 1250 442 1279 fdntcs
455 1260 601 1287 aquarum,
622 1254 721 1288 quibus
733 1254 800 1281 nihil
816 1255 976 1282 amaritudi-

190 1298 232 1324 nis
246 1298 344 1329 iuerat,
361 1298 416 1325 imo
431 1299 521 1332 potius
544 1299 590 1326 ubi
615 1304 675 1327 erat
697 1301 842 1328 amtenitas
857 1301 973 1336 plurima

188 1351 222 1370 ex
242 1344 376 1371 densitate
405 1344 575 1378 palmarum;
601 1345 648 1372 sed
672 1346 759 1379 primo
775 1346 872 1374 ductus
885 1353 927 1374 est
941 1347 973 1374 ad

189 1397 274 1424 aquas
287 1389 375 1417 salsas
389 1394 417 1416 et
443 1397 561 1423 aruaras,
585 1391 683 1425 quibus
709 1398 756 1425 per
777 1391 879 1426 lignum
895 1399 973 1418 mon-

187 1440 305 1463 stratum
319 1443 333 1462 a
356 1435 468 1462 Domino
484 1435 606 1463 dulcibus
626 1435 738 1470 eﬂ'ectis,
757 1441 850 1471 postea
867 1437 974 1464 vertitur

188 1482 223 1508 ad
236 1480 340 1508 fontes?
355 1479 383 1508 Si
401 1481 543 1509 histmiam
559 1481 645 1509 solam
666 1489 822 1515 sequamur,
837 1490 889 1510 non
904 1483 973 1510 Inul-

189 1533 245 1555 tum
258 1535 306 1555 nos
320 1527 436 1554 aediﬁcat
450 1529 521 1555 scire
536 1528 568 1554 ad
584 1535 664 1562 quem
681 1527 769 1555 locqu
787 1528 874 1563 primo
891 1536 971 1557 vene-
989 1545 1010 1574 ο

189 1574 237 1606 rit,
253 1578 279 1601 ct
293 1573 326 1600 ad
352 1580 433 1607 quem
460 1574 590 1602 secundo.
611 1573 640 1601 Si
658 1582 722 1602 vero
744 1575 874 1602 riruenmr
888 1576 914 1602 in
932 1575 975 1604 his

189 1620 348 1655 mysterium
363 1620 461 1652 latens,
475 1620 628 1648 invenimus
643 1621 766 1648 ordinem
792 1621 865 1648 ﬁdei.
884 1621 976 1649 Prittto

188 1667 262 1693 enim
279 1667 388 1694 ducitur
399 1665 514 1700 populus
530 1667 563 1693 ad
581 1666 704 1694 litteram
721 1666 798 1702 legis.
811 1667 851 1694 Ab
868 1667 918 1695 hac
933 1668 976 1695 lit-

189 1715 249 1739 tera
262 1711 340 1745 legis,
357 1712 444 1739 donec
460 1717 601 1747 pcrruarrct
613 1712 640 1739 in
658 1713 839 1740 amaritudine
854 1721 913 1745 sua,
931 1721 976 1740 re-

190 1759 290 1786 cedere
302 1766 354 1785 rtort
370 1762 474 1793 potest;
495 1765 558 1785 cum
575 1765 640 1785 vero
658 1765 706 1792 per
723 1758 826 1794 lignum
842 1759 904 1786 vita:
917 1759 976 1786 dul-

191 1803 231 1830 cis
250 1804 331 1831 fuerit
345 1803 453 1836 oliveta,
468 1808 495 1830 et
520 1802 636 1837 intelligi
649 1803 692 1830 lex
712 1803 873 1836 spiritaliter
886 1812 976 1840 cmpe-

190 1851 236 1882 rit,
253 1855 317 1877 turtc
335 1850 368 1877 de
378 1850 465 1876 Veteri
479 1849 650 1877 Testamento
665 1850 798 1877 transitur
812 1851 845 1878 ad
858 1851 974 1884 Novum,

187 1901 214 1923 et
228 1897 335 1922 venitur
348 1896 380 1922 ad
396 1895 537 1923 duodecim
549 1896 712 1931 apostolicos
729 1898 827 1924 l'outes.
840 1895 876 1923 lbi
892 1897 974 1924 etiant

189 1942 300 1969 arbores
327 1942 497 1975 reperientur
523 1941 693 1976 septuaginta
719 1941 884 1976 palnrarum.
915 1942 972 1970 Non

187 1989 260 2014 enim
276 1987 326 2014 soli
341 1988 484 2014 duodecim
497 1987 609 2022 apostoli
625 1987 703 2014 ﬁdem
718 1987 819 2015 Christi
842 1989 974 2022 pratdica-

187 2039 298 2064 verttnt,
310 2035 357 2060 sed
372 2038 398 2060 et
411 2033 457 2059 alii
477 2033 648 2067 scpluagirtta
671 2033 745 2059 missi
764 2034 797 2060 ad
815 2035 968 2068 prtedican-

188 2078 252 2104 dunt
269 2078 381 2104 verbum
406 2076 453 2103 Dei
476 2076 644 2109 referuntur,
667 2084 715 2110 per
733 2084 800 2110 quos
817 2077 921 2111 palmas
939 2077 975 2103 vi-

189 2123 283 2150 ctoria:
303 2123 402 2150 Christi
424 2123 540 2150 tuuudus
556 2129 725 2157 agnosceret.
741 2123 799 2150 Non
818 2131 881 2158 ergo
900 2123 975 2150 solli-

191 2171 229 2196 «ιιι
255 2169 354 2204 populo
369 2169 415 2196 Dei
432 2177 529 2203 aquam
545 2169 660 2198 Meri-hae
673 2171 778 2203 bibere,
797 2170 923 2206 quamvis
948 2171 973 2197 in

1038 246 1154 282 Moysen]
1173 247 1264 275 dicens
1279 254 1287 274 :
1305 246 1414 274 Utinam
1434 247 1532 273 mortui
1547 245 1691 273 fuissemus
1705 246 1732 272 in
1752 249 1826 273 terra

1035 293 1163 329 Egypti,
1191 301 1252 321 cum
1275 293 1433 321 sederemus
1454 299 1536 327 super
1562 292 1629 318 ollas
1655 291 1769 323 carnis,
1796 295 1824 318 et

1036 340 1265 367 manducaremus
1280 346 1366 373 partes
1380 338 1412 365 ad
1427 338 1594 370 satietatem,
1609 337 1740 372 quoniam
1755 338 1822 364 edu-

1033 385 1096 411 xisti
1117 392 1165 411 nos
1182 384 1208 411 in
1225 385 1362 410 desertum
1378 382 1446 416 hoc,
1463 389 1561 409 necare
1577 389 1685 409 omnem
1703 389 1821 417 synago-

1033 439 1094 466 garn
1118 431 1197 458 tante.
1216 441 1225 456 ι
1243 430 1309 457 Esto
1333 433 1405 465 quod
1428 434 1539 464 propter
1560 429 1761 463 correptionem
1781 429 1821 456 le-

1033 477 1152 512 gentium
1168 477 1304 504 indicettrr
1318 476 1406 510 populi
1422 480 1572 510 peccatrrm,
1585 475 1649 509 quia
1666 481 1822 501 murmura‘

1035 523 1113 554 verit,
1127 527 1156 549 et
1171 522 1293 556 ingratus
1310 512 1392 548 fueﬁt
1406 521 1548 549 beneficiis
1563 520 1674 552 divinis,
1690 527 1752 546 crtm
1765 527 1823 547 θῶ

1033 569 1100 596 leste
1117 575 1216 595 manna
1234 568 1404 602 susciperet;
1420 567 1485 602 quid
1503 567 1584 594 etiam
1601 567 1660 593 dies
1685 566 1822 592 describio

1033 618 1088 645 tur,
1103 614 1129 640 in
1147 620 1199 646 qua
1212 612 1422 639 murrnuraverit
1441 612 1575 647 populus?
1591 619 1601 636 ι
1621 611 1759 642 Secundo,
1780 610 1821 636 in-

1032 659 1102 694 quit,
1118 665 1221 690 mense,
1240 657 1441 693 quintadecima
1458 658 1500 685 die
1516 657 1627 684 mensis.
1643 667 1652 683 ι
1672 655 1750 689 Quod
1765 656 1822 682 trti-

1031 713 1084 740 que
1109 713 1160 732 uon
1186 705 1288 738 absque
1307 704 1412 730 ratione
1433 704 1565 738 scriptum
1588 707 1638 730 est.
1663 702 1823 730 Recordare

1031 751 1063 778 de
1077 751 1182 786 legibus
1197 750 1306 776 Paschre
1317 757 1378 784 quae
1393 749 1493 784 scripta
1508 753 1583 780 sunt,
1596 752 1622 776 et
1635 747 1756 775 invenies
1770 747 1822 779 ibi,

1030 797 1081 824 ltoc
1103 804 1164 824 esse
1180 802 1288 831 tempus
1303 795 1375 830 qrrod
1400 795 1529 822 statuitur
1550 795 1582 821 ad
1603 794 1752 822 secundum
1768 792 1823 820 Pa-

1030 844 1094 871 scha
1112 843 1264 870 faciendum
1285 842 1326 869 his
1340 842 1385 877 qui
1404 841 1536 869 immundi
1550 842 1576 868 in
1593 841 1683 868 anirua
1703 839 1822 871 fuerint,

1032 892 1075 918 vel
1091 891 1216 924 occupati
1245 891 1270 917 in
1295 890 1412 926 negotiis
1434 889 1600 924 peregrinis.
1618 887 1669 921 Qui
1683 896 1748 923 ergo
1766 895 1822 915 non

1032 936 1143 963 fuerunt
1156 935 1286 963 immundi
1304 936 1331 963 in
1347 935 1447 966 anima,
1469 934 1512 962 vel
1533 942 1585 961 non
1603 934 1681 966 longe
1698 933 1823 968 peregri-

1031 983 1187 1015 nabantur,
1205 981 1410 1017 quartadecima
1425 980 1470 1007 die
1490 979 1570 1014 primi
1593 979 1694 1006 mensis
1715 979 1822 1006 Pascha

1031 1029 1164 1055 fecerunt.
1181 1027 1230 1060 Qui
1246 1031 1334 1056 autem
1351 1026 1428 1060 longe
1446 1024 1703 1060 peregrinabantur,
1718 1029 1746 1051 et
1763 1024 1823 1050 im-

1031 1075 1122 1102 mundi
1138 1079 1227 1108 erant,
1243 1073 1389 1101 secundum
1405 1072 1509 1099 Pascha
1524 1071 1551 1098 irt
1566 1071 1618 1098 hoc
1636 1074 1760 1105 tempore
1779 1070 1824 1097 fa-

1029 1120 1116 1152 ciunt,
1133 1128 1188 1155 quo
1207 1124 1235 1146 et
1249 1126 1346 1146 manna
1362 1118 1396 1146 de
1409 1117 1478 1145 ctelo
1498 1116 1648 1144 descendit.
1664 1116 1692 1142 lrt
1707 1116 1752 1142 die
1765 1124 1823 1150 quo

1030 1167 1146 1200 primunt
1162 1166 1267 1193 Pascha
1289 1165 1329 1196 lit,
1344 1171 1396 1191 non
1415 1162 1554 1191 descendit
1571 1170 1668 1189 ntanrta
1686 1162 1721 1189 de
1735 1162 1820 1192 CCBIO,

1029 1212 1076 1239 scd
1102 1213 1128 1238 irt
1147 1211 1198 1238 hoc
1220 1218 1273 1245 quo
1299 1209 1447 1238 scctrrtdunt
1477 1208 1579 1235 Pascha
1605 1207 1643 1234 (it.
1670 1207 1822 1234 Videamus

1029 1264 1093 1291 ergo
1117 1263 1188 1283 nunc
1206 1256 1267 1290 quis
1286 1255 1323 1282 sit
1345 1255 1371 1281 irt
1388 1254 1430 1281 his
1449 1253 1516 1281 ordo
1539 1252 1671 1287 mysterii.
1691 1251 1821 1279 Printum

1027 1301 1131 1329 Pascha
1158 1301 1240 1336 primi
1266 1299 1358 1334 populi
1383 1303 1435 1326 est.
1450 1297 1606 1326 Secundum
1629 1296 1747 1329 Pasdra,
1770 1304 1823 1324 no-

1028 1353 1116 1375 strum
1131 1352 1183 1374 est.
1198 1345 1253 1374 Nos
1269 1346 1341 1373 enim
1357 1345 1458 1372 l‘uimus
1471 1343 1638 1371 immundiin
1650 1343 1757 1375 anima,
1771 1343 1820 1377 qui

1028 1394 1185 1421 colebamus
1199 1393 1300 1426 lignum
1315 1396 1342 1419 et
1357 1390 1485 1425 lapidem,
1501 1394 1528 1416 et
1543 1389 1699 1424 ignorantes
1718 1389 1821 1421 Deum,

1027 1439 1070 1466 ltis
1085 1439 1128 1472 qui
1144 1443 1239 1465 natura
1254 1445 1307 1464 rton
1319 1440 1397 1463 erant
1411 1435 1447 1462 dii
1460 1434 1655 1461 serviebamus.
1667 1433 1722 1460 Nos
1732 1433 1819 1460 etiam

1028 1492 1148 1516 eramus,
1164 1484 1209 1518 qui
1224 1484 1301 1518 longe
1315 1481 1569 1517 peregrinabantur,
1588 1480 1621 1506 de
1637 1479 1735 1513 quibus
1751 1479 1822 1506 dicit

1028 1531 1173 1565 Apostolus
1188 1529 1210 1545 ⁹⁷
1225 1537 1232 1556 ί
1247 1528 1310 1563 quia
1332 1527 1432 1554 fuimus
1458 1535 1467 1552 ε
1487 1525 1610 1560 hospites
1629 1530 1656 1552 cl
1676 1524 1821 1560 peregrini

1029 1580 1251 1605 tcstarucutomm
1266 1573 1322 1605 DeiI
1337 1581 1411 1607 spent
1424 1580 1476 1600 non
1491 1573 1632 1603 habentes,
1645 1576 1672 1598 et
1687 1571 1747 1598 sine
1762 1571 1820 1597 Deo

1028 1624 1054 1650 irt
1076 1623 1126 1650 hoc
1143 1621 1242 1648 rutrnrlo
1267 1623 1404 1646 errantes.
1425 1628 1434 1644 ι
1453 1617 1643 1645 Verumtamen
1660 1624 1713 1643 rton
1732 1617 1821 1643 datur

1027 1675 1126 1696 manna
1140 1668 1174 1694 de
1189 1667 1259 1694 etelo
1272 1665 1299 1693 itt
1316 1665 1360 1692 illa
1376 1665 1430 1698 die,
1449 1672 1500 1699 qua
1515 1664 1630 1698 priuturtt
1649 1662 1755 1690 Pascha
1773 1662 1818 1695 ﬁt,

1026 1715 1075 1742 sed
1099 1714 1124 1741 in
1142 1714 1186 1740 illa
1201 1721 1252 1746 qua
1268 1713 1426 1739 secundum.
1448 1710 1530 1737 Panis
1548 1709 1619 1737 cnirtt
1637 1710 1681 1743 qui
1695 1710 1728 1735 de
1742 1708 1820 1735 cwlo

1026 1759 1165 1787 descendit
1180 1759 1214 1790 ⁸⁸,
1228 1766 1279 1785 rtort
1294 1758 1368 1784 vertit
1386 1756 1419 1784 ad
1437 1756 1506 1788 illos,
1522 1756 1567 1790 qui
1580 1755 1695 1790 primam
1712 1755 1820 1781 solertr-

1026 1807 1137 1834 nitatem
1163 1804 1360 1836 celebrabant,
1383 1803 1429 1830 sed
1451 1802 1484 1829 ad
1512 1809 1579 1835 nos,
1599 1801 1644 1835 qui
1663 1800 1818 1827 sccurtdam

1026 1852 1205 1886 suscepimus,
1221 1860 1229 1875 ι
1248 1849 1375 1876 Nostrum
1393 1848 1464 1875 enim
1481 1848 1583 1875 Pascha
1601 1846 1758 1874 immolatus
1771 1852 1819 1873 est

1026 1897 1150 1925 Christus
1166 1896 1188 1912 "
1203 1916 1210 1928 ,
1227 1905 1236 1921 )
1255 1895 1299 1929 qui
1325 1902 1404 1922 verus
1433 1894 1511 1921 ttobis
1528 1893 1605 1928 panis
1628 1894 1660 1918 de
1681 1892 1749 1918 ctelo
1764 1892 1818 1918 de-

1025 1942 1138 1970 srendit.
1154 1940 1208 1968 Sed
1230 1940 1337 1967 interim
1356 1939 1493 1966 videamus
1513 1938 1577 1972 quid
1600 1941 1643 1964 est
1656 1959 1664 1968 ,
1684 1937 1755 1971 ψιοά
1785 1936 1817 1963 in

1026 1988 1076 2015 hac
1098 1987 1140 2014 die
1163 1991 1266 2021 gestum
1294 1988 1470 2011 monstratur.
1499 1993 1508 2009 ι
1533 1983 1749 2016 Quintadceima.
1769 1982 1817 2008 itt-

1025 2034 1114 2068 quit‘,
1133 2033 1175 2059 die
1200 2031 1300 2058 mensis
1323 2030 1435 2058 secundi
1452 2029 1628 2056 nturuturavit
1643 2028 1769 2062 populus,
1785 2033 1817 2056 et

1025 2080 1114 2110 dixit,
1139 2078 1201 2113 quia
1226 2077 1322 2104 tnelius
1344 2075 1432 2103 fuerat
1456 2083 1505 2102 nos
1535 2075 1603 2100 mori
1629 2074 1654 2101 irt
1680 2073 1816 2108 Egypto,

1026 2126 1133 2159 quando
1146 2123 1306 2152 sedebamus
1318 2129 1398 2156 super
1411 2122 1478 2149 ollas
1491 2121 1623 2148 carnium.
1640 2130 1648 2146 t
1664 2120 1685 2148 0
1697 2120 1818 2154 populus

1029 2173 1150 2207 ingratus
1169 2170 1305 2198 desiderat
1329 2169 1492 2204 Egyptum,
1507 2168 1552 2202 qui
1576 2166 1721 2201 Aigyptios
1745 2166 1818 2194 vidit

189 2216 359 2243 dulcedinth
374 2223 450 2242 versa
464 2216 516 2249 sit;
540 2217 666 2252 quamvis
682 2225 731 2252 per
747 2217 850 2252 lignuru
865 2218 926 2245 vitae
945 2223 972 2245 ct
989 2215 1010 2241 Β
1025 2217 1299 2245 essinctoswarucs
1308 2214 1416 2250 Aigypti
1431 2213 1555 2248 requirit,
1566 2213 1610 2247 qui
1622 2212 1816 2247 .Egyptiorurn

190 2261 349 2296 mysterium
367 2261 455 2288 crucis
469 2261 558 2289 omnis
577 2262 675 2289 littera:
691 2263 843 2290 amaritudo
860 2263 970 2297 depulsa

189 2307 235 2333 sit.
253 2306 346 2333 Solum
359 2312 437 2334 vetus
453 2307 662 2334 instrumentqu
678 2315 730 2335 nou
753 2307 851 2334 sulIicit
875 2308 906 2334 ad
931 2309 970 2334 lti-

189 2352 322 2381 bendum;
335 2352 380 2380 sed
393 2352 552 2380 veniendqu
565 2353 647 2379 estad
657 2352 761 2382 Novum
773 2353 972 2380 Testamentum

189 2398 222 2424 de
238 2405 291 2431 quo
307 2397 411 2432 absque
436 2399 563 2432 scruprrlo
579 2399 692 2431 hiltitur,
707 2399 810 2433 absque
833 2399 885 2425 tilla
905 2400 973 2426 dilli.

188 2443 293 2470 eultate
309 2449 430 2478 potatur.
451 2443 535 2471 .Iud:ri
563 2444 644 2472 etiam
665 2453 735 2472 nunc
749 2446 820 2480 apud
835 2445 969 2473 Merrhaut

187 2493 262 2522 sunt,
280 2489 362 2514 etiam
377 2497 447 2516 rutrtc
469 2489 547 2525 153
569 2491 688 2517 assident
705 2491 737 2517 ad
751 2499 837 2526 aquas
852 2499 968 2518 amaras.

190 2533 311 2560 Nondum
327 2536 399 2562 eniut
422 2535 462 2562 eis
484 2536 555 2562 Deus
571 2537 690 2562 ostendit
704 2537 818 2571 lignum.
835 2545 882 2571 per
899 2537 970 2570 quod

189 2578 280 2606 dulces
288 2580 383 2608 fierent
392 2589 466 2616 aqua:
476 2581 606 2614 ipsorttnt.
616 2580 721 2608 Etenim
735 2582 857 2615 prmdixit
867 2582 906 2609 eis
914 2590 972 2616 pro-

189 2624 269 2655 pheta
282 2626 316 2657 9”,
331 2627 406 2659 quiat
420 2625 471 2652 nisi
481 2627 664 2659 credideritis,
677 2635 762 2661 neque
775 2628 938 2662 intelligetis.
961 2638 976 2653 μ

225 2670 250 2695 4.
262 2670 326 2697 Post
341 2672 396 2698 hrec
408 2673 535 2707 scripturn
547 2678 586 2699 est
605 2673 628 2689 9°
646 2683 652 2701 :
668 2682 677 2698 ι
691 2673 718 2700 lu
739 2674 858 2701 secundo
871 2681 972 2705 mense,

189 2715 288 2749 inquit,
328 2722 470 2751 postquam
487 2719 518 2745 de
531 2718 650 2754 Egyplo
663 2719 774 2754 profecti
793 2725 865 2752 sunt,
880 2720 973 2754 quinta

225 2798 348 2836 ’_‘_Exod.
365 2808 409 2836 xy,
426 2802 469 2828 26.
506 2803 529 2817 "t
546 2802 621 2834 ibid.,
638 2803 682 2829 ‘27.
721 2803 743 2819 ’³
759 2803 808 2830 lsa.
825 2811 861 2830 VII
873 2825 880 2836 ,
898 2804 924 2830 9.

190 2835 209 2850 "
227 2833 312 2865 lCor.
330 2842 360 2870 ν,
377 2835 402 2863 7.
439 2836 546 2865 ‘Exod.
565 2833 620 2870 xvi,
645 2838 669 2871 i,
685 2838 717 2872 ‘2,
739 2839 764 2864 5.
809 2840 818 2854 ³
841 2833 920 2865 Nunt.
945 2845 999 2865 χχι.

970 2804 992 2818 ⁸⁸
1008 2802 1091 2830 Exod.
1108 2811 1162 2835 xvr,
1181 2804 1206 2832 Ι,
1223 2803 1249 2835 ἓ,
1263 2803 1288 2830 3.

1025 2272 1121 2291 carnes
1137 2263 1204 2289 vidit
1230 2262 1313 2288 utaris
1334 2261 1453 2295 piscibus
1467 2265 1494 2286 et
1510 2259 1571 2286 curii
1597 2258 1705 2285 alitibus
1719 2259 1814 2285 datas.

1026 2310 1067 2336 Mn
1074 2317 1147 2336 rmtrr
1154 2316 1217 2342 ergo
1226 2309 1368 2335 adversum
1377 2307 1505 2342 Moyseut,
1516 2307 1568 2334 itrto
1576 2307 1719 2334 adversum
1729 2306 1815 2333 Deum

1025 2355 1125 2382 levant.
1139 2353 1191 2381 Sed
1203 2354 1253 2380 hoc
1265 2354 1352 2388 printo
1366 2353 1473 2387 quidem
1487 2353 1646 2388 igttosr‘iittr,
1661 2353 1816 2387 ignoscitur

1025 2407 1052 2428 ct
1065 2400 1194 2432 secundo,
1209 2400 1332 2426 fortassis
1346 2404 1373 2426 et
1388 2400 1465 2426 tertio
1480 2406 1488 2425 :
1513 2404 1697 2424 verumtamen
1715 2398 1736 2424 si
1757 2406 1814 2424 non

1025 2448 1159 2479 desinant,
1175 2447 1220 2473 sed
1234 2446 1391 2480 persistaut,
1406 2445 1465 2472 audi
1481 2445 1544 2479 quid
1560 2445 1672 2478 posthac
1686 2452 1814 2469 murmu-

1027 2499 1131 2521 rantent
1146 2493 1270 2528 populum
1286 2497 1478 2526 consequatur.
1498 2492 1524 2518 lrt
1541 2491 1718 2518 Numer-mutu
1742 2490 1816 2516 libro

1025 2541 1141 2567 refertur
1156 2541 1177 2572 ²,
1190 2541 1260 2573 quod
1275 2543 1301 2565 et
1319 2538 1345 2565 irt
1363 2539 1420 2564 suis
1438 2538 1583 2571 scripturis
1602 2537 1720 2564 retexuit
1737 2537 1815 2570 Apo-

1021 2586 1106 2613 stolus
1119 2585 1209 2612 dicens
1222 2585 1233 2600 ³
1249 2592 1256 2610 :
1273 2593 1282 2609 ι
1301 2583 1391 2618 Neque
1410 2583 1653 2615 murmuraveritis,
1667 2583 1737 2608 sicut
1750 2583 1798 2616 qui
1811 2598 1814 2600 η

1022 2632 1083 2657 dant
1099 2638 1194 2657 eorum
1212 2633 1451 2656 murnrnraverunt
1464 2648 1472 2661 ,
1487 2634 1514 2656 et
1531 2636 1545 2654 a
1567 2628 1739 2662 serpentibus
1757 2630 1831 2663 ρετ-⁸

1026 2675 1126 2703 ierunt.
1159 2685 1167 2700 ι
1198 2675 1409 2702 Mnrrnuranteut
1442 2674 1569 2709 populum
1597 2678 1748 2700 venenatus
1785 2673 1813 2700 in

1023 2728 1116 2748 eremo
1136 2721 1290 2754 depascitur
1318 2721 1484 2755 serpentium
1513 2726 1630 2746 morsus.
1664 2718 1814 2746 Videamus

1334 2805 1354 2819 "7
1371 2803 1436 2839 Eph.
1455 2811 1484 2836 ll,
1501 2803 1541 2831 l2.
1579 2801 1601 2820 ⁸⁸
1617 2801 1695 2830 Joan.
1714 2809 1752 2836 vr,
1768 2803 1812 2829 '55.

1043 2839 1052 2853 ³
1077 2838 1164 2866 ICor.
1189 2847 1223 2872 κ,
1244 2843 1283 2869 10,
