1894 3059
170 149 222 178 567

899 139 1059 170 ORIGENIS

1735 133 1786 159 358

171 209 240 234 bona
266 213 348 241 opera
374 205 523 234 recondunt
537 224 545 237 ,
571 203 615 231 illa
642 206 801 239 permanent
824 209 908 236 nSquc
931 201 957 227 in
972 201 995 229 Α
1010 197 1293 233 inveneruatangelos
1308 204 1369 224 cum
1390 195 1490 230 ingenti
1511 195 1635 222 claritate
1650 194 1683 220 ad
1699 195 1790 228 sepul—

170 253 333 281 crastinum.

207 299 233 326 6.
255 299 376 333 Denique
400 298 439 325 sic
455 297 586 331 scriptum
601 301 659 328 est,
677 295 748 330 quod
765 295 810 329 qui
835 294 957 321 inﬁdeles

173 347 292 376 fuerunt,
312 354 322 369 ι
341 348 527 372 servaverunt.
545 342 642 376 iuqttit,
656 341 689 368 de
709 349 819 372 manna,
835 346 861 368 et
882 340 958 367 ebul-

173 389 314 417 liernntex
329 396 362 416 eo
376 395 493 419 vermes,
509 393 536 414 et
547 387 713 418 computruit
724 387 773 413 “.i
788 387 853 413 lllml
869 393 957 413 autem

172 436 244 471 quod
261 443 309 470 pro
329 435 373 462 die
388 435 500 462 Sabbati
518 434 714 468 reponebatur,
730 441 781 460 non
802 437 845 460 est
866 440 961 460 corru-

174 487 259 516 ptum,
277 487 364 515 neque
379 487 486 507 vermes
500 479 664 506 ebullieruut
681 480 706 506 in
722 487 765 510 eo,
779 479 824 507 sed
840 486 961 514 perinan-

174 528 208 553 sit
223 525 277 562 (2i)
293 526 438 559 integrum.
453 525 488 552 Et
505 529 532 552 tu
549 532 614 559 ergo
631 525 652 551 si
668 529 777 560 propter
799 529 960 560 praesentem

174 573 257 599 vitam
277 571 466 599 tantummodo
483 575 510 598 et
530 575 641 606 propter
661 577 781 598 amorem
796 570 886 597 saeculi
905 570 962 596 the-

175 617 305 648 saurizes,
321 617 450 644 continuo
465 624 571 644 vermes
585 616 728 643 ebulliunt.
745 616 885 648 Quomodo
901 622 962 642 ver-

177 671 235 690 mes
258 662 412 690 ebulliunt?
436 663 506 689 Audi
529 662 563 690 de
590 662 791 697 peccatoribus,
813 667 841 688 et
869 661 962 696 iisqui

177 716 297 744 praesens
315 709 442 736 saeculum
457 709 572 743 diligunt
583 728 590 740 ,
606 716 666 743 quae
682 709 719 735 sit
739 708 878 742 prophetae
901 715 964 734 sen-

180 756 278 782 tentia:
296 764 305 780 σ
319 754 426 782 Vermis
436 755 519 787 enim,
532 755 631 789 inquit,
643 762 738 782 eorum
752 762 805 782 non
820 755 962 785 morietur.

178 806 206 827 et
219 801 289 836 ignis
297 808 391 829 eorum
403 809 457 828 non
466 801 654 836 exstinguetur
663 801 695 827 ‘7.
710 811 719 827 ι
729 801 773 828 Isti
785 805 847 828 sunt
861 808 966 828 verutos

179 854 248 881 quos
260 852 371 882 generat
383 847 508 878 avaritia,
520 847 564 874 isti
580 852 644 873 sunt
656 854 764 875 vermes
775 854 842 881 quos
853 851 966 882 generat

181 893 338 920 divitiarum
355 899 426 920 caeca
444 893 578 927 cupiditas
595 893 628 920 iis
649 893 695 928 qui
712 893 813 921 habent
826 893 966 928 pecunias,

181 943 209 965 et
222 938 345 965 videntes
370 938 397 965 in
420 939 584 966 necessitate
608 939 709 966 fratres
735 947 818 972 suos,
839 938 968 966 claudunt

183 984 217 1010 ab
236 984 275 1011 eis
291 984 396 1011 viscera
411 992 471 1012 sua.
485 985 630 1020 Propterea
644 991 672 1012 et
683 984 831 1020 Apostolus
845 985 911 1012 dicit
923 984 944 1000 ’⁸
960 993 966 1011 :

186 1038 195 1054 ι
213 1029 344 1057 Divitibus
355 1035 445 1058 autem
458 1030 537 1064 hujus
552 1031 643 1058 smculi
655 1032 772 1065 praecipe
786 1038 837 1057 non
855 1030 971 1065 superbe

183 1084 282 1109 sapere
294 1096 302 1108 ,
330 1084 418 1111 neque
439 1085 550 1111 sperare
568 1078 594 1104 in
617 1078 722 1105 incerto
740 1077 908 1110 divitiarum,
923 1076 970 1104 sed

184 1121 280 1147 divites
294 1121 350 1148 sint
365 1121 391 1149 in
408 1122 536 1157 operibus
551 1123 638 1154 bonis,
655 1123 736 1150 facile
752 1122 882 1155 tribuant,
897 1130 972 1149 com-

185 1166 341 1199 municent,
353 1171 380 1194 et
395 1167 580 1194 Ihesaurizcnt
601 1167 650 1194 sibi
669 1174 762 1194 veram
779 1167 873 1194 vitam.
889 1176 898 1192 ι
919 1165 972 1193 Sed

185 1211 250 1238 dicit
274 1211 374 1245 aliquis
395 1221 401 1238 :
426 1213 454 1239 Si
483 1220 581 1239 manna
603 1213 715 1239 verbum
739 1212 785 1239 Dei
806 1219 866 1240 esse
891 1211 972 1243 dicis,

186 1258 323 1291 quomodo
338 1265 446 1285 vermes
471 1258 555 1285 facit?
569 1257 621 1285 Nec
644 1258 756 1284 aliunde
774 1258 843 1284 ﬁunt
868 1264 975 1284 vermes

188 1302 215 1328 in
233 1303 320 1334 nobis,
334 1303 385 1330 nisi
401 1312 433 1330 cx
450 1304 532 1331 verbo
548 1304 604 1330 Dei.
624 1303 669 1331 Sic
683 1304 754 1330 enim
773 1303 839 1330 dicit
859 1303 916 1338 ipse
930 1303 950 1319 ¹⁰
966 1311 973 1329 :

190 1357 200 1373 ι
217 1347 273 1376 Nisi
298 1350 431 1376 venissem
458 1355 485 1376 et
501 1350 607 1377 locutus
625 1350 664 1376 eis
690 1349 799 1376 fuissem
812 1369 818 1381 ,
836 1354 975 1383 pcccatunt

190 1401 242 1420 non
257 1393 398 1421 haberent.
416 1404 425 1420 ι
444 1394 507 1422 Post
519 1400 673 1429 susceptum
688 1402 753 1430 ergo
766 1396 875 1422 verbum
891 1395 937 1422 Dei
952 1395 976 1422 si

189 1439 252 1473 quis
264 1445 375 1474 peccat,
390 1440 508 1468 efﬁcitur
523 1441 547 1468 ei
566 1442 652 1476 ipsum
667 1442 780 1469 verbunt
798 1441 914 1474 vermis,
929 1442 976 1476 qui

191 1487 251 1522 ejus
261 1494 367 1521 semper
382 1487 577 1515 conscientiant
593 1487 688 1520 fodiat,
703 1492 729 1515 et
745 1495 843 1515 arcana
859 1489 978 1523 pectoris

191 1531 251 1564 ejus
265 1531 351 1558 rod-at.

229 1576 254 1604 7.
269 1577 322 1604 Sed
339 1577 403 1611 quid
417 1586 467 1605 nos
476 1578 565 1605 adhuc
581 1577 697 1613 amplius
711 1579 790 1606 docet
806 1585 896 1606 sermo
911 1579 975 1607 divi-

194 1631 246 1650 nus
255 1624 294 1650 ὀἳ
303 1632 313 1650 ι
327 1624 399 1651 Etad
411 1632 562 1659 vesperam,
573 1626 672 1659 inquit,
682 1625 774 1654 scietis
784 1626 847 1662 quia
857 1634 907 1661 ego
919 1634 979 1654 inm

195 1671 344 1704 Dominus,
363 1679 445 1699 mane
470 1677 562 1699 autem
583 1673 711 1700 videbitis
736 1673 904 1707 maiestatem
930 1674 982 1701 Dos

196 1718 274 1744 mini.
291 1727 300 1743 i
317 1718 349 1745 Et
362 1718 396 1745 de
415 1719 464 1746 hoc
485 1718 564 1746 velim
586 1719 651 1746 ntihi
668 1718 753 1746 Judmi
775 1720 980 1754 responderent,

197 1765 332 1798 quomodo
373 1765 407 1793 ad
449 1773 593 1801 vesperam
634 1766 789 1800 agnoscitur
829 1765 981 1797 Dominus.

198 1818 278 1837 mane
302 1816 391 1839 autem
418 1813 526 1839 videtur
551 1812 680 1847 majestas
705 1813 773 1844 ejus.
799 1812 850 1840 Ubi
883 1811 984 1839 Domi-

199 1863 250 1883 nus
262 1857 369 1891 agnitus
385 1861 426 1885 est
447 1858 480 1884 ad
495 1865 647 1893 vesperam,
662 1862 690 1884 et
708 1858 767 1892 ejus
782 1857 911 1890 majestas
927 1858 982 1884 visa

198 1907 241 1930 est
265 1903 376 1930 mane?
397 1903 571 1939 Respondete
602 1903 681 1932 nobis
713 1904 759 1938 qui
783 1903 928 1931 erudimini
951 1903 984 1930 ab

199 1949 314 1977 infantia
347 1957 432 1984 usque
463 1950 496 1977 ad
527 1954 694 1978 senectutem
715 1956 823 1984 semper
851 1948 986 1976 discentes

202 1995 281 2031 155
293 2000 319 2023 et
336 2003 476 2030 nunquam
492 1997 525 2023 ad
537 1995 679 2023 scientiam
692 1994 814 2022 veritatis
825 1994 987 2029 pervenien-

201 2042 272 2069 tes“
290 2050 297 2069 :
319 2042 410 2075 Quare
431 2050 484 2069 non
498 2042 648 2077 intelligitis
661 2042 718 2069 haec
733 2041 891 2076 proplietice
909 2040 960 2067 dici
975 2041 987 2067 ?

202 2088 255 2115 Sed
275 2088 297 2115 si
312 2089 352 2115 vis
367 2089 417 2115 ista
435 2088 594 2122 intelligere,
610 2095 663 2115 non
681 2092 756 2122 potes
771 2087 822 2115 nisi
835 2095 883 2122 per
898 2088 988 2115 Evan-

202 2135 311 2169 gelium.
327 2135 365 2162 lbi
381 2142 498 2169 namque
512 2135 632 2161 invenies
648 2135 778 2168 scriptum
791 2135 825 2167 ",
836 2135 897 2169 quia
917 2145 926 2161 ι
945 2143 988 2163 ve-

203 2188 281 2215 spere
301 2181 422 2213 Sabbati,
435 2189 495 2215 quae
509 2181 620 2208 lucescit
636 2180 662 2206 in
679 2180 765 2214 prima
781 2181 903 2213 Sabbati,
914 2181 987 2208 venit

202 2227 286 2254 Maria
312 2228 468 2262 Magdalene
490 2232 516 2254 ct
532 2227 615 2254 Maria
630 2226 722 2253 Jacobi
737 2226 769 2252 ad
792 2227 942 2262 sepulcrum
960 2233 986 2254 et

204 2274 367 2301 invenerunt
384 2273 500 2308 lapidem
517 2272 666 2300 revolutum
687 2279 701 2299 a
723 2277 908 2299 monumento.
925 2282 935 2298 ι
950 2272 987 2300 lbi

204 2321 296 2347 audies
313 2325 392 2347 terra:
414 2325 518 2346 ntotum
536 2318 647 2352 factum,
665 2323 839 2345 monumenta
854 2318 987 2354 disrupta,

203 2368 389 2396 centurionem
414 2371 441 2394 et
470 2366 567 2393 milites
594 2366 639 2400 qui
666 2365 699 2393 ad
726 2364 878 2393 custodiant
908 2363 989 2399 positi

204 2420 292 2447 crant.
322 2415 442 2442 dicentes
456 2414 497 2440 ’3:
516 2422 526 2439 ι
546 2413 614 2441 Vere
637 2412 680 2439 hic
704 2411 789 2438 Filius
812 2411 858 2438 Dei
883 2415 953 2437 erat.
975 2419 985 2436 ι

204 2463 318 2497 Agnitus
326 2469 392 2496 ergo
405 2465 446 2488 est
459 2467 507 2494 per
525 2459 582 2487 hmc
599 2459 625 2485 in
644 2465 755 2493 vespera
768 2457 911 2489 Dominus,
924 2456 988 2490 quia

206 2509 263 2543 ipse
276 2508 405 2535 Dominus
419 2511 458 2533 cst
473 2505 580 2540 agnitus
597 2504 621 2530 in
645 2503 743 2530 rit-Iule
769 2501 987 2529 resurrectionis.

206 2555 259 2583 Sed
273 2555 408 2590 quomodo
430 2561 508 2580 mane
533 2551 617 2587 gloria
634 2551 692 2583 cjns
709 2550 765 2577 visa
780 2554 821 2576 est
833 2549 845 2575 ?
857 2548 923 2576 Cum
943 2556 989 2575 ve-

208 2603 310 2629 nissent
321 2602 379 2628 alue
404 2602 532 2628 mulieres
548 2601 634 2636 plima
655 2597 767 2626 Subbati
790 2597 871 2624 valde
898 2603 988 2627 mane,

244 2674 265 2688 ‘“
285 2674 367 2700 lixod.
391 2681 447 2700 xvi.
461 2672 506 2699 20.

209 2711 230 2726 ἰ
250 2709 267 2734 ll
283 2709 352 2735 Tim.
367 2716 406 2735 tn.
429 2709 455 2734 7.

209 2752 293 2772 xavnt
306 2765 314 2777 ,
335 2744 362 2771 6.
401 2743 422 2759 ¹⁶
439 2742 524 2770 Exod.
539 2749 595 2775 xvt,
611 2740 651 2769 12.

545 2671 565 2686 ¹⁷
582 2670 633 2697 lsa.
652 2677 729 2702 vat,
747 2669 792 2695 Ἣ.

690 2740 712 2755 ’⁸
727 2739 804 2767 Joau.
822 2746 841 2770 ι,
861 2737 900 2764 14.

245 2804 302 2840 (21)
315 2803 398 2840 Alias,
415 2812 424 2828 ι
440 2806 588 2840 permanet.
604 2811 613 2826 ι

320 2838 367 2866 Sic
383 2834 466 2875 nissl;
486 2837 553 2875 alias
576 2844 639 2863 vero
661 2845 669 2861 ι
690 2834 885 2869 suscipiant....
901 2839 990 2860 cumc-

212 2872 322 2905 daitt....
342 2872 529 2901 manducent?
548 2881 557 2897 ι

831 2668 852 2683 ¹⁸
871 2667 878 2693 Ι
892 2666 962 2693 Tim.
991 2673 1028 2696 vr,
1041 2665 1072 2691 Π
1084 2684 1091 2695 ,
1112 2660 1221 2693 18,19.

493 2707 515 2722 ²¹
537 2706 631 2732 Matth.
648 2713 744 2735 xavm.
773 2705 802 2735 l;
821 2703 903 2729 lllarc.
926 2709 980 2729 XVI.
1003 2701 1034 2732 l;
1067 2701 1130 2724 an.
1163 2704 1188 2722 χι

493 2742 524 2765 .d.
539 2740 651 2765 “1.12,
690 2740 712 2755 "
727 2739 804 2765 Joan.
822 2746 841 2765 ι.
861 2737 900 2764 14.
940 2737 961 2751 ¹⁷
979 2735 1077 2763 lJoan.
1100 2741 1128 2765 ιι,
1147 2731 1188 2758 19.

1006 252 1082 272 crum
1107 245 1244 276 sedentes,
1268 249 1296 271 et
1322 244 1444 271 dicentes
1458 243 1499 268 “z
1517 251 1526 267 ι
1549 241 1606 268 Non
1621 245 1661 268 est
1678 241 1734 273 hic,
1751 248 1791 268 re-

991 289 993 293 ’
1008 291 1125 318 surrexit
1139 297 1153 317 a
1171 290 1295 317 mortuis.
1312 288 1410 316 Venite
1425 293 1452 314 et
1475 288 1563 315 videte
1582 288 1669 314 locum
1685 286 1730 313 ubi
1746 294 1791 321 po-

1009 337 1078 364 situs
1094 341 1164 369 erat,
1176 342 1204 364 et
1219 337 1265 368 ite,
1283 336 1364 364 dicite
1378 335 1521 370 discipulis
1539 333 1597 368 ejus
1621 333 1682 368 quia
1699 340 1791 360 resur-

1010 384 1089 416 rexit,
1105 388 1133 411 et
1150 384 1285 419 pra-cedet
1301 390 1349 410 vos
1365 383 1391 409 in
1405 381 1556 409 Galilzeam.
1575 390 1584 406 ›
1600 380 1663 407 Visa
1675 385 1715 407 est
1730 387 1794 414 ergo

1010 436 1089 456 mane
1103 429 1230 462 majestas
1257 427 1375 460 Domini,
1389 435 1451 454 cum
1476 433 1524 461 per
1549 425 1659 461 angelos
1676 432 1795 453 resurre-

1012 476 1067 502 ctio
1080 476 1202 502 nuntiata
1220 479 1272 502 cst.

1040 522 1066 548 8.
1087 521 1202 548 Additur
1214 526 1303 548 autent
1319 520 1344 547 in
1365 520 1594 554 consequentibus
1611 527 1618 544 :
1640 528 1648 544 ι
1667 518 1794 553 Vespere,

1013 567 1100 602 inquit
1123 567 1157 599 ”,
1181 565 1380 593 manducabitis
1404 572 1526 598 carnem,
1542 570 1570 592 et
1587 572 1665 591 mane
1683 563 1796 598 replebi-

1015 613 1079 640 mini
1096 613 1221 648 panibus.
1238 621 1248 638 ι
1263 612 1297 639 Et
1313 611 1346 639 de
1362 611 1413 638 hoc
1427 611 1507 638 velim
1520 611 1601 642 scire,
1615 610 1687 645 quali
1702 610 1798 637 ordine

1013 659 1100 687 Judaei
1118 659 1256 694 prophetae
1272 658 1343 685 dicta
1366 657 1533 692 suscipiatis.
1553 656 1622 690 Quid
1645 655 1716 683 enim
1732 663 1798 684 cons

1015 705 1164 739 sequentiae
1177 703 1320 734 videbitur,
1336 707 1365 730 ut
1376 707 1422 730 aut
1437 709 1550 738 vespere
1565 710 1663 730 carnes
1677 702 1737 729 sine
1750 708 1798 736 pa-

1016 751 1096 778 nibus
1115 749 1264 778 comedatis
1286 748 1353 784 (22),
1367 753 1413 775 aut
1429 756 1508 775 mane
1526 755 1609 782 panes
1619 749 1723 782 absque
1740 747 1799 779 pul-

1017 797 1101 824 menti
1124 795 1275 831 adjectione
1300 794 1471 821 manducetis
1493 793 1505 821 2
1522 793 1592 827 Quid
1610 793 1636 820 in
1651 793 1701 820 hoc
1715 792 1799 821 divini

1018 842 1148 874 ntuneris,
1165 841 1230 876 quid
1249 840 1454 875 temperamenti
1467 839 1563 875 gratia:
1577 838 1697 867 celestis
1711 843 1801 866 osten-

1018 889 1106 917 ditis?
1122 888 1239 916 lloccine
1260 893 1302 915 est
1328 887 1354 914 in
1377 894 1430 921 quo
1452 885 1563 921 agnosci
1582 886 1665 916 Deum
1690 885 1801 920 ponitis,

1019 935 1089 970 quod
1105 941 1200 962 carnes
1211 933 1237 961 in
1254 940 1364 967 vespera
1383 932 1442 960 sine
1465 931 1578 966 panibus
1595 932 1775 959 comedantur
1790 930 1802 958 ΐ

1020 981 1053 1008 Ει
1066 981 1237 1015 majestatcm
1261 979 1307 1006 Dei
1329 979 1419 1006 dicitis
1436 985 1576 1013 apparere,
1591 977 1613 1004 si
1635 984 1742 1004 rursum
1757 983 1804 1011 pa-

1021 1034 1069 1054 nes
1082 1027 1141 1054 sine
1155 1025 1285 1053 carnibus
1306 1024 1483 1052 comedantur
1496 1024 1507 1050 ?
1522 1023 1574 1050 Sed
1590 1023 1665 1050 vobis
1681 1023 1733 1050 ista
1749 1029 1804 1049 ser-

1022 1078 1094 1104 vate,
1108 1077 1135 1100 et
1146 1072 1179 1099 iis
1190 1073 1235 1107 qui
1247 1071 1421 1105 acquiescunt
1434 1069 1520 1101 vobis,
1536 1074 1563 1096 et
1581 1068 1607 1095 in
1620 1068 1805 1096 coturnicibus

1023 1119 1133 1154 agnosci
1160 1126 1240 1153 posse
1256 1117 1339 1144 Deum
1358 1120 1462 1151 putant.
1476 1114 1530 1142 Nos
1548 1120 1636 1141 autem
1661 1114 1761 1149 quibus
1780 1114 1804 1141 in

1024 1166 1078 1193 ﬁne
1093 1164 1194 1196 saeculi,
1210 1163 1251 1191 vel
1263 1164 1296 1190 ad
1308 1169 1449 1197 vesperam
1465 1160 1569 1193 nmndi,
1585 1169 1594 1186 ι
1610 1159 1730 1187 Verbum
1745 1166 1806 1186 caro

1024 1212 1126 1239 factum
1141 1210 1223 1242 est",
1237 1219 1246 1236 ι
1259 1211 1284 1236 in
1300 1208 1343 1236 illa
1359 1215 1442 1236 carne
1453 1206 1562 1242 agnosci
1578 1206 1694 1233 dicimus
1712 1205 1806 1239 Deum,

1024 1265 1105 1292 quant
1131 1257 1250 1291 suscepit
1270 1263 1303 1283 ex
1327 1255 1451 1287 Virgine.
1468 1254 1538 1282 Istas
1562 1254 1633 1281 enim
1652 1252 1736 1280 Verbi
1762 1252 1806 1279 Dei

1027 1311 1135 1335 carnes,
1148 1309 1234 1337 neque
1251 1308 1329 1328 mane
1343 1299 1449 1336 aliquis,
1463 1307 1550 1335 neque
1565 1299 1677 1327 meridie
1692 1299 1807 1326 mandu-

1027 1351 1106 1380 cavit,
1122 1349 1168 1377 sed
1187 1348 1220 1375 ad
1242 1354 1391 1382 vesperam.
1407 1345 1546 1373 Adventus
1557 1345 1629 1372 enim
1657 1343 1763 1370 Domini
1784 1343 1808 1370 in

1028 1400 1111 1422 carne
1124 1393 1157 1421 ad
1172 1400 1310 1428 vesperam
1330 1391 1418 1418 factus
1430 1394 1472 1418 est
1485 1398 1492 1416 :
1507 1390 1578 1417 sicut
1602 1393 1628 1417 et
1641 1388 1762 1416 Joannes
1775 1388 1810 1415 di-

1028 1442 1065 1468 cit
1076 1441 1098 1456 ”
1115 1450 1121 1468 :
1139 1449 1148 1465 ι
1166 1439 1257 1471 Pueri,
1268 1438 1414 1466 novissima
1427 1437 1492 1464 liora
1503 1441 1555 1463 est.
1567 1445 1577 1461 ι
1587 1435 1641 1462 Sed
1652 1443 1662 1460 ι
1676 1439 1707 1462 et
1722 1441 1809 1466 mane,

1030 1487 1127 1521 inquit,
1150 1484 1316 1520 replebimini
1339 1482 1462 1518 panibus.
1478 1492 1487 1508 ι
1505 1481 1587 1509 Nobis
1604 1486 1630 1508 et
1647 1480 1739 1514 panis,
1756 1487 1811 1506 vcr-

990 1539 1013 1570 ο
1030 1534 1092 1562 built
1108 1533 1155 1560 Dei
1171 1536 1212 1560 est
1237 1530 1303 1567 (25).
1327 1530 1384 1564 Ipse
1408 1529 1479 1556 enim
1502 1527 1580 1562 panis
1604 1527 1694 1559 vivus,
1710 1526 1755 1561 qui
1782 1526 1813 1570 de

1031 1580 1099 1608 coelo
1126 1578 1275 1611 descendit,
1291 1580 1317 1604 et
1335 1576 1417 1602 vitam
1438 1576 1483 1602 dat
1508 1574 1570 1601 huic
1596 1573 1698 1600 mundo
1713 1572 1747 1599 ’⁸.
1763 1567 1812 1598 Sed

1032 1626 1169 1662 quomodo
1193 1625 1261 1652 dicit
1285 1630 1364 1650 mane
1382 1622 1441 1649 dari
1460 1621 1531 1648 hunc
1547 1627 1653 1654 panem.
1675 1626 1739 1646 cum
1767 1618 1814 1645 ad-

1031 1677 1143 1700 ventum
1158 1669 1216 1705 ejus
1232 1670 1259 1697 in
1273 1676 1357 1697 carne
1373 1668 1473 1694 factum
1495 1666 1646 1693 dixerimus
1663 1665 1699 1692 ad
1722 1672 1814 1700 vespe-

1034 1727 1091 1746 ram
1106 1718 1117 1745 ?
1132 1717 1188 1745 Hoc
1204 1716 1283 1744 modo
1304 1713 1508 1749 intelligendum
1529 1719 1604 1747 puto,
1618 1713 1690 1747 quod
1714 1712 1748 1738 ad
1772 1718 1815 1737 ve-

1034 1772 1142 1800 speram
1163 1762 1271 1797 quidem
1290 1760 1427 1795 vergentis
1453 1758 1546 1785 muttdi
1574 1763 1602 1785 et
1626 1765 1712 1793 prope
1739 1757 1814 1784 ﬁnent

1034 1819 1130 1840 eursns
1145 1811 1185 1838 sui
1198 1809 1277 1845 positi
1292 1808 1420 1835 Dominus
1431 1807 1548 1838 venerit,
1558 1806 1605 1833 sed
1624 1807 1744 1832 adventu
1759 1812 1816 1837 suo,

1036 1857 1163 1893 qttoniam
1176 1857 1232 1891 ipse
1246 1861 1286 1883 est
1301 1855 1340 1883 sol
1349 1854 1470 1889 justitiaa,
1481 1860 1578 1880 novum
1590 1852 1764 1879 credentibus
1776 1857 1816 1877 re-

1035 1903 1174 1939 paraverit
1189 1903 1271 1929 diem.
1295 1901 1363 1934 Quia
1385 1907 1451 1935 ergo
1467 1905 1566 1926 novmn
1582 1897 1680 1924 mundo
1701 1895 1819 1924 scientite

1037 1951 1128 1978 lumen
1156 1947 1290 1980 accendit,
1314 1946 1384 1974 diem
1400 1945 1457 1981 (ει)
1475 1953 1552 1972 suum
1565 1942 1766 1978 quodammodo
1779 1941 1817 1968 ef-

1039 1997 1102 2024 fecit
1114 2000 1142 2024 et
1159 2002 1236 2023 suunt
1253 2000 1333 2020 mane
1350 1997 1478 2027 tanquam
1492 1991 1604 2026 jus-tiliae
1624 1989 1663 2017 sol
1681 1988 1817 2023 produxit,

1037 2048 1065 2070 et
1080 2044 1106 2070 in
1124 2042 1174 2069 hoc
1190 2047 1268 2068 mane
1293 2038 1432 2073 replentur
1455 2036 1572 2073 panibus
1597 2036 1643 2070 qui
1670 2035 1730 2070 ejus
1755 2041 1819 2068 prm-

1039 2091 1115 2122 cepta
1130 2085 1290 2120 suscipiunt.
1308 2082 1364 2110 Nec
1388 2082 1496 2110 mireris
1511 2082 1573 2116 quia
1597 2081 1710 2109 verbum
1734 2081 1778 2108 Dei
1796 2083 1821 2106 et

1038 2141 1103 2161 caro
1119 2133 1230 2163 dicitur,
1249 2135 1276 2158 et
1291 2129 1378 2164 panis,
1391 2133 1419 2155 et
1438 2127 1483 2155 lac
1503 2127 1612 2160 dicitur,
1625 2131 1652 2154 ct
1667 2127 1742 2154 olera
1755 2125 1821 2153 dici-

1041 2185 1094 2211 tur,
1113 2183 1140 2206 ct
1157 2186 1205 2213 pro
1225 2183 1354 2204 mensura
1380 2174 1564 2206 credentium,
1577 2173 1618 2201 vel
1646 2172 1822 2208 possibilitate

1039 2226 1202 2254 sumentium
1221 2223 1327 2249 diverse
1344 2221 1508 2247 nominatur.
1523 2218 1616 2246 Potest
1628 2223 1719 2245 tamen
1733 2222 1761 2244 et
1774 2217 1822 2244 hoc

1039 2270 1164 2305 intelligi,
1196 2268 1266 2303 quod
1291 2271 1351 2302 post
1379 2265 1604 2293 resurrectionem
1634 2271 1710 2290 suam
1742 2269 1819 2298 quant

1040 2323 1121 2344 mane
1137 2314 1306 2342 ostendimus
1324 2312 1434 2344 factaut,
1451 2310 1591 2338 credentes
1615 2309 1760 2344 repleverit
1780 2316 1822 2343 pa-

1042 2362 1133 2392 rtibus,
1153 2367 1201 2394 pro
1224 2367 1257 2386 eo
1279 2358 1350 2394 qttod
1375 2357 1459 2384 libros
1486 2356 1552 2391 legis
1578 2361 1605 2383 et
1633 2355 1822 2390 prophetarum

1043 2409 1150 2444 ignotos
1163 2405 1237 2441 prius
1251 2409 1278 2431 et
1300 2402 1452 2437 incognitas
1474 2400 1576 2429 dederit
1591 2400 1678 2433 nobis,
1694 2404 1722 2427 et
1733 2399 1766 2426 ad
1784 2398 1823 2425 in-

1043 2453 1221 2483 structionem
1234 2455 1355 2478 nostram
1369 2450 1425 2476 haec
1435 2447 1562 2476 Ecclesiae
1575 2447 1753 2474 instrumenta
1762 2452 1824 2473 noti-

1043 2499 1166 2531 cesserit,
1182 2504 1211 2525 ut
1226 2498 1283 2532 ipse
1301 2497 1336 2524 sit
1348 2495 1425 2530 panis
1442 2495 1468 2522 in
1485 2492 1748 2529 Evangeliowzeteri
1765 2497 1825 2518 vero

1045 2547 1104 2574 libri
1115 2545 1180 2580 legis
1194 2544 1236 2571 vel
1257 2543 1463 2578 prophetarum,
1479 2540 1521 2567 vel
1538 2539 1722 2569 historiarum.
1738 2537 1826 2572 plures

1044 2579 1171 2628 appellati
1197 2593 1259 2616 sunt
1279 2594 1373 2622 panes,
1390 2593 1424 2612 ex
1449 2584 1545 2619 quibus
1567 2582 1721 2618 repleantur
1736 2579 1824 2615 quiet

1276 2658 1297 2673 ¹⁹
1313 2657 1391 2683 Joan.
1407 2662 1452 2686 xv,
1469 2653 1514 2680 ‘22.
1551 2653 1573 2668 ²⁰
1591 2651 1677 2678 Exod.
1692 2648 1786 2686 “1.6,
1801 2647 1824 2675 7.

1163 2684 1241 2723 xuii].
1257 2693 1283 2719 2.
1333 2692 1355 2707 ”
1374 2684 1469 2716 Matth.
1493 2695 1580 2720 xxvii,
1604 2687 1647 2713 54.
1694 2685 1718 2701 ’⁸
1735 2684 1824 2712 Matth.

1227 2729 1248 2744 ’³
1261 2728 1338 2755 Joan.
1356 2734 1392 2758 Vl,
1405 2725 1450 2752 33.

1083 2792 1139 2827 (‘23)
1162 2790 1244 2819 AliaS,
1260 2797 1270 2813 ι
1292 2786 1369 2827 nobis
1385 2785 1410 2811 in
1433 2781 1606 2827 (Inopes-itus
1616 2786 1656 2827 est
1670 2777 1825 2827 panis,vcr-

1046 2818 1109 2856 buin
1127 2818 1170 2852 Dei
1188 2830 1239 2851 est.
1259 2833 1267 2848 ι
1292 2821 1344 2849 Sed
1363 2822 1474 2856 ιιιεεκιιι
1492 2818 1519 2844 in
1536 2821 1629 2843 nostro
1641 2818 1726 2841 textu.

1083 2862 1139 2898 (2-5)
1161 2860 1235 2892 Mss,
1255 2868 1264 2884 ι
1284 2858 1365 2885 diem.
1382 2865 1390 2881 ι
1405 2854 1490 2885 Alias.
1508 2862 1518 2879 ι
1532 2857 1620 2880 mane.
1637 2859 1647 2876 ι

1067 2699 1130 2724 [,ιι(·.
