1894 3059
66 138 114 167 549

671 137 704 165 ΙΝ
724 136 869 166 EXODUM
888 137 1030 166 HOMILIA
1049 137 1118 166 VIII.

1641 135 1693 165 5:70

66 200 191 234 gentibus
203 199 332 227 credunt.
349 198 425 232 Quod
443 202 534 226 tamen
558 206 611 226 non
625 199 685 226 sine
698 200 856 234 prophetica
871 203 894 231 Α
910 204 994 227 strum
1018 199 1118 226 ardens
1142 200 1202 225 erat
1217 197 1288 224 intra
1308 205 1373 230 nos,
1391 204 1451 225 cum
1473 197 1591 231 aperiret
1619 197 1698 224 nobis

64 247 229 273 auctoritate
261 245 364 273 factum
390 245 529 272 docemus.
552 244 719 272 Prmdixerat
743 252 861 280 namque

66 290 148 318 Isaias
168 290 302 324 propheta
319 290 370 318 hoc
387 289 466 317 modo
478 290 500 306 ’θ
514 298 521 316 :
542 299 551 316 ι
571 289 726 317 Ascendth
739 290 765 317 in
781 298 859 317 ruon—

67 342 130 369 tem,
151 337 247 364 bibent
269 337 382 369 vinum,
399 341 536 372 ungenlut‘
563 341 711 372 unguento.
735 346 744 362 ι
773 336 861 365 Trade

65 382 121 410 haec
135 383 228 410 omnia
244 383 371 418 gentibus
388 391 395 409 :
412 381 556 410 consilium
581 380 654 408 enim
672 381 779 409 Domini
799 390 860 409 om-

63 429 216 464 nipotentis
230 430 348 457 esthoc.
368 429 398 457 Si
423 436 490 463 ergo
511 432 698 463 competenter
712 433 739 456 et
763 435 860 455 carnes

63 474 97 502 ad
110 482 256 510 vesperam
272 475 475 510 aceepimns,et
485 475 602 511 panibus
617 475 755 509 replemur
769 483 858 509 mane,

62 521 125 556 quia
143 529 196 548 nec
220 522 352 556 possibile
373 527 433 550 erat
459 522 537 550 nobis
553 529 634 549 mane
653 529 753 549 carnes
766 522 858 555 edere,

62 568 184 594 nondum
199 568 272 596 enim
291 573 396 603 tempus
411 573 482 602 erat,
496 569 543 596 sed
560 576 611 596 nec
626 568 738 596 meridie
751 573 857 603 potera-

62 621 134 641 mus.
156 613 208 640 Vix
225 614 297 641 enim
319 614 406 650 angeli
418 614 503 642 edunt
525 622 623 642 carnes
640 614 763 647 meridie,
781 615 857 642 etilli

62 658 193 687 fortassis
221 660 310 687 ordini
338 659 518 687 meridiantem
551 660 712 688 conceditur
743 665 858 695 tempus.

61 704 202 732 Prmterea
221 705 247 732 et
264 706 329 732 illud
358 706 508 741 intelligere
536 713 679 741 possumus
703 706 774 740 quod
798 706 856 732 uni-

61 752 164 786 cuique
179 758 303 779 nostrum
317 759 395 779 mane
407 757 458 784 est,
475 758 501 779 et
514 753 622 779 initium
640 752 694 779 diei
713 753 777 779 illud
791 759 860 778 ten.-

61 805 123 832 pus,
140 805 197 832 quo
211 797 330 832 primum
342 797 537 831 illuminamnr,
547 802 573 824 et
585 798 618 824 ad
635 797 720 825 lucem
738 798 797 824 ﬁdei
815 805 860 825 ac-

61 845 196 872 cedimus.
206 843 234 870 In
244 843 297 871 hoc
305 850 370 878 ergo
379 848 512 878 tempore,
522 851 575 876 quo
584 842 672 870 adhuc
681 842 708 868 in
719 843 858 878 principiis

61 889 124 916 ﬁdei
140 889 200 924 (25‘,
230 897 336 922 sumus,
352 897 448 917 carnes
465 889 544 917 Verbi
564 889 610 916 Dei
637 890 779 917 comedere
805 898 857 916 non

61 943 223 971 possumus,
238 936 264 963 id
277 940 318 963 est
333 936 461 971 perfecta!
478 941 505 962 ct
517 941 714 963 consummata:
730 936 859 964 doctrinae

62 983 186 1009 nondum
211 988 327 1016 capaces
354 981 523 1008 exsistimns.
542 981 594 1009 Sed
606 987 666 1017 post
683 982 760 1016 longa
778 989 859 1009 exer-

62 1028 138 1060 citia,
155 1032 219 1063 post
241 1027 393 1062 profectum
410 1027 569 1062 plurimum,
588 1035 650 1055 cum
666 1029 720 1062 jam
744 1028 857 1062 proximi

62 1081 161 1101 sutnus
179 1075 215 1100 ad
230 1080 382 1108 vesperam,
405 1079 433 1100 et
457 1073 490 1100 ad
505 1073 591 1108 ipsum
611 1073 691 1100 ﬁnem
714 1074 858 1108 perfectio-

62 1120 104 1147 nis
119 1127 262 1153 urgemur,
281 1124 345 1146 tunc
358 1119 464 1146 demum
478 1118 616 1146 solidioris
637 1119 689 1147 cibi
703 1125 730 1148 et
747 1120 859 1154 perfecti

61 1167 138 1194 verbi
167 1173 283 1200 capaces
311 1164 370 1193 ﬁeri
389 1172 541 1200 possumus.
564 1164 642 1193 Nunc
662 1174 726 1201 ergo
747 1166 860 1194 festiue—

62 1220 122 1240 mus
137 1212 255 1240 cmleste
266 1219 366 1239 manna
382 1211 522 1246 suscipere
537 1220 544 1238 :
568 1211 640 1238 istud
656 1212 728 1239 enim
748 1221 858 1246 manna,

61 1266 143 1297 prout
172 1260 231 1288 vult
255 1261 381 1295 quisque,
405 1260 486 1287 talem
507 1267 633 1296 saporem
660 1260 750 1288 reddit
769 1260 795 1288 in
812 1268 860 1289 ore

61 1309 132 1342 ejus.
154 1307 226 1334 Audi
241 1307 313 1334 enim
330 1313 357 1334 et
382 1306 524 1335 Dominum
545 1308 680 1336 dicentem
702 1307 736 1335 iis
752 1307 798 1342 qui
814 1314 860 1335 ac-

61 1355 164 1382 cedunt
178 1354 213 1380 ad
227 1360 256 1380 se
267 1353 289 1369 ⁵⁸
306 1362 312 1380 :
329 1363 338 1379 ι
354 1352 413 1380 Fiat
428 1353 476 1380 tibi
495 1353 643 1380 secundum
660 1353 739 1381 ﬁdem
755 1358 856 1380 tuam»

63 1400 95 1428 Et
109 1405 137 1427 tu
151 1408 218 1435 ergo
233 1399 256 1426 si
273 1399 386 1426 verbum
410 1399 470 1431 Dei,
485 1399 557 1433 quod
574 1399 601 1426 in
617 1398 741 1426 Ecclesia
761 1399 860 1433 praedi-

62 1451 154 1478 catur,
178 1450 234 1472 tota
252 1445 314 1477 ﬁde,
337 1449 392 1471 tota
416 1443 562 1472 devotione
577 1444 725 1478 snscipies,
748 1443 795 1471 ﬁet
811 1444 858 1472 tibi

63 1494 152 1526 ipsum
177 1492 300 1524 verbum,
316 1489 497 1525 quodcunque
520 1490 671 1518 desideras.
690 1489 770 1517 Verbi
795 1497 860 1524 gra-

64 1539 111 1570 tia,
142 1538 164 1564 si
191 1536 345 1565 tribularis.
362 1535 519 1563 consolatur
545 1540 570 1564 te
594 1536 689 1564 dicens
713 1536 734 1551 “
752 1544 760 1562 :
776 1545 786 1561 ί
806 1535 859 1563 Cor

63 1584 215 1611 contritum
245 1587 272 1610 et
298 1581 467 1609 humiliatum
491 1581 562 1609 Deus
586 1589 639 1609 non
668 1582 782 1616 spernit.
800 1591 809 1606 ι
828 1581 856 1608 Si

63 1630 167 1658 laetaris
176 1637 227 1664 pro
235 1635 283 1664 spe
297 1627 585 1661 futura,cumulattibi
600 1628 696 1663 gaudia
710 1629 804 1655 dicens
816 1628 855 1654 ":

65 1686 75 1703 ι
93 1676 240 1704 L'etamini
256 1675 283 1702 in
304 1674 418 1702 Domino
441 1678 470 1701 et
487 1674 621 1702 exsultate
638 1674 715 1708 justi.
735 1684 744 1700 ι
762 1674 789 1701 Si
804 1674 858 1701 ira-

62 1723 169 1750 cundus
191 1729 231 1755 es,
254 1721 361 1756 mitigat
385 1724 413 1748 te
435 1721 528 1748 dicens
542 1721 564 1736 ³³
581 1729 588 1748 :
607 1729 617 1746 ι
636 1721 733 1749 Desine
753 1721 788 1748 ab
806 1721 855 1754 ira,

61 1775 90 1796 et
117 1768 279 1803 derelinque
299 1767 525 1802 indignationem.
543 1777 553 1794 ι
569 1766 598 1794 Si
611 1767 638 1794 in
651 1766 801 1800 doloribus,
813 1775 858 1794 sa-

61 1818 110 1841 nat
122 1818 149 1840 te
165 1812 262 1840 dicens
276 1812 300 1828 ³⁶
317 1820 324 1838 :
344 1812 474 1840 Dominus
494 1821 504 1838 ί
524 1817 604 1840 sanat
623 1820 720 1840 omnes
743 1812 857 1848 languo-

62 1867 108 1887 res
125 1863 199 1886 tuos.
218 1867 228 1884 ι
244 1857 274 1885 Si
290 1863 453 1893 paupertate
467 1858 647 1890 consumeris,
662 1858 819 1886 consolatur
832 1863 857 1886 te

61 1905 159 1932 dicens
176 1904 200 1920 ⁸⁸
218 1915 223 1931 ;
237 1903 368 1932 Dominus
379 1912 390 1930 ι
402 1903 501 1931 allevat
511 1904 544 1931 de
558 1908 629 1931 terra
645 1903 725 1940 156
738 1904 855 1940 inopem,

62 1951 131 1978 etde
141 1955 267 1978 stercore
275 1949 356 1984 erigit
365 1956 520 1984 pauperem.
528 1958 537 1975 ι
544 1949 591 1977 Sic
599 1956 664 1985 ergo
674 1957 772 1977 manna
782 1946 854 1978 verbi

62 1997 110 2024 Dei
124 1996 213 2024 reddit
227 1996 255 2023 in
266 2002 314 2024 ore
327 2000 374 2023 tuo
388 2003 513 2031 saporem
523 2002 714 2031 quemcunque
727 1995 854 2024 volucris.

64 2041 122 2070 Hoc
139 2048 232 2070 tamen
249 2042 271 2069 si
285 2041 347 2077 quis
359 2041 502 2070 inﬁdeliter
514 2043 655 2078 suscipiat,
668 2046 695 2068 et
712 2049 765 2069 non
784 2049 856 2070 com-

64 2089 134 2121 edat,
152 2088 201 2116 sed
223 2087 384 2120 abscondat,
402 2095 509 2115 vermes
532 2095 565 2115 ex
591 2095 624 2116 eo
637 2086 778 2115 ebulliunt.
803 2088 857 2115 Pu-

64 2139 141 2162 tasne
171 2140 297 2168 eousque
320 2133 508 2162 deducendum
537 2138 581 2161 est
605 2136 719 2163 verbum
744 2134 803 2166 Dei,
827 2138 857 2161 ut

64 2180 142 2207 etiam
159 2179 264 2206 vermis
291 2178 349 2206 ﬁeri
370 2183 481 2214 putetur
497 2179 578 2207 ?Non
597 2184 622 2207 te
644 2180 688 2208 hic
704 2179 793 2207 turbet
807 2187 856 2207 au-

911 244 1089 279 Scripturas?
1105 254 1114 270 ι
1129 243 1162 271 Ει
1179 243 1241 271 aliis
1254 243 1311 278 ipse
1328 243 1398 277 ignis
1420 248 1474 275 est,
1488 243 1534 277 qui
1550 242 1699 277 conﬁagrat

910 290 1003 325 spinas
1019 290 1053 318 de
1081 294 1153 317 terra
1170 288 1254 321 mala,
1271 288 1297 316 id
1317 293 1360 316 est
1385 287 1430 322 qui
1451 288 1583 322 malignas
1597 288 1699 323 cogita-

911 336 998 363 tiones
1014 335 1041 362 in
1052 335 1136 363 corde
1147 334 1294 362 consumit.
1307 334 1341 362 Et
1360 334 1421 362 ideo
1435 334 1624 369 peccatoribus
1639 334 1697 368 qui-

910 382 982 414 dem,
998 386 1087 416 neque
1107 381 1207 408 vermis
1226 387 1344 415 arguens
1358 387 1476 415 unquam
1500 379 1557 414 (‘26)
1572 381 1696 412 moritur,

910 435 998 463 neque
1011 427 1080 462 ignis
1099 433 1219 454 exurens
1234 426 1381 461 aliquando
1397 426 1576 461 restinguitur
1590 434 1598 458 ;
1615 425 1697 460 justis

909 479 999 502 autem
1014 479 1041 501 et
1056 473 1180 500 ﬁdelibus
1197 477 1338 507 permanet
1362 472 1449 499 dulcis
1463 476 1490 500 et
1503 471 1606 498 suavis.
1619 481 1628 498 ι
1643 471 1697 499 Gn-

909 525 979 548 state
986 519 1057 547 enim
1067 523 1097 547 et
1104 519 1204 550 videte,
1213 518 1342 552 quoniam
1350 517 1442 545 suavis
1452 521 1495 545 est
1504 517 1635 544 Dominus
1643 517 1677 548 ³⁸,
1685 526 1694 542 ι

910 567 967 601 ipse
982 565 1113 593 Dominus
1126 570 1153 593 et
1167 565 1296 593 Salvator
1310 568 1404 592 noster
1416 563 1495 591 Iesus
1506 563 1640 596 Christus,
1652 563 1698 590 cui

908 617 950 641 est
963 612 1044 649 gloria
1060 616 1088 640 et
1100 612 1243 647 imperium
1259 611 1285 637 in
1301 609 1399 637 saacula
1417 608 1696 637 smeulorum.Amen.

1192 667 1333 696 HOMILIA
1346 666 1413 695 VIII.

1158 715 1196 742 De
1215 715 1292 741 initio
1312 712 1448 748 Decalogt'.

924 742 971 788 ἢ.
987 761 1081 789 Omnis
1101 760 1147 794 qni
1174 759 1272 786 didicit
1285 742 1461 786 contemnere
1479 765 1597 792 praesens
1610 763 1698 784 είεειι-

909 806 1061 842 lum,quod
1088 805 1239 840 ﬁguraliter
1261 803 1394 839 [Egyptus
1416 803 1578 838 appellatur,
1601 807 1630 830 et
1644 810 1694 836 per

911 854 1022 880 verbum
1039 852 1098 883 Dei.
1115 857 1143 879 ut
1159 851 1306 878 secundum
1327 849 1484 883 Scripturas
1498 849 1599 881 dicam,
1610 851 1700 875 trans-

909 900 979 927 latus
990 903 1041 929 est,
1054 902 1081 925 et
1096 905 1148 924 non
1168 896 1317 928 invenitur,
1332 896 1396 930 quia
1412 895 1446 922 ad
1469 894 1597 922 saculnm
1625 894 1699 922 futu-

910 953 969 972 rum
992 943 1104 971 festinat
1128 950 1160 970 ac
1187 942 1285 973 tendit,
1300 941 1334 967 de
1350 940 1504 975 huiusmodi
1521 940 1611 966 anima
1634 939 1699 966 dicit

910 991 1041 1019 Dominus
1056 990 1078 1005 ³³
1096 997 1103 1015 :
1130 997 1138 1014 ι
1158 988 1214 1022 Ego
1235 995 1294 1014 smn
1321 987 1449 1014 Dominus
1467 986 1538 1013 Deus
1559 989 1632 1017 tuus,
1652 984 1698 1019 qui

909 1037 988 1065 eduxi
1008 1041 1034 1063 te
1045 1036 1079 1063 de
1094 1040 1163 1062 terra
1175 1033 1296 1069 Egypti,
1309 1033 1342 1060 de
1356 1036 1436 1061 domo
1450 1031 1600 1060 servitutis.
1611 1027 1698 1058 )Non

909 1091 975 1118 ergo
993 1083 1050 1109 haec
1062 1081 1095 1108 ad
1111 1081 1171 1107 illos
1190 1085 1294 1106 tantum
1315 1079 1452 1111 dicuntur,
1465 1078 1511 1113 qui
1528 1078 1561 1105 de
1584 1075 1700 1112 Egypto

909 1129 1021 1164 profecti
1038 1131 1110 1159 sunt,
1122 1127 1169 1153 sed
1181 1126 1265 1152 multo
1278 1125 1364 1159 magis
1373 1124 1406 1151 ad
1423 1129 1457 1155 te,
1473 1123 1519 1158 qui
1534 1130 1605 1150 nunc
1620 1122 1699 1149 audis

909 1177 973 1208 ista,
987 1175 1009 1202 si
1034 1179 1123 1202 tamen
1136 1171 1320 1206 proﬁciscaris
1332 1179 1364 1198 ex
1380 1169 1546 1205 IEgypto.et
1562 1168 1698 1204 {Egyptiis

909 1223 979 1250 ultra
996 1229 1049 1249 non
1065 1220 1177 1250 servias,
1190 1219 1257 1246 dicit
1275 1219 1332 1245 haec
1347 1218 1432 1245 Deus:
1444 1226 1453 1243 ‹
1471 1217 1525 1252 Ego
1538 1223 1597 1243 sum
1607 1215 1698 1243 Domi-

909 1277 961 1297 nus
972 1269 1042 1296 Deus
1058 1272 1129 1297 tuus,
1139 1266 1184 1301 qui
1193 1265 1272 1293 eduxi
1283 1269 1309 1291 te
1322 1264 1355 1292 de
1366 1269 1438 1291 terra
1448 1263 1566 1298 IEgypti,
1575 1263 1608 1289 de
1620 1262 1699 1289 domo

909 1313 1060 1342 servitutis.
1082 1322 1091 1338 ι
1115 1312 1182 1339 Vide
1204 1311 1224 1338 si
1253 1318 1305 1337 non
1331 1310 1439 1344 negotia
1464 1308 1565 1341 surculi,
1580 1312 1607 1335 ct
1622 1312 1698 1335 actus

910 1360 1013 1393 carnis,
1030 1360 1126 1386 domus
1146 1362 1187 1384 est
1205 1357 1348 1384 servitutis
1373 1365 1380 1383 :
1400 1356 1470 1383 sicut
1493 1362 1599 1382 rursum
1615 1361 1698 1381 econ-

911 1407 994 1434 trario
1009 1406 1164 1439 relinquere
1179 1402 1332 1434 saecularia,
1352 1407 1379 1429 ct
1393 1402 1541 1430 secundum
1564 1401 1647 1428 Deutn
1659 1400 1701 1426 vi—

909 1460 984 1485 vere,
1013 1453 1110 1479 domus
1139 1454 1181 1477 est
1205 1449 1350 1480 libertatis,
1371 1449 1441 1476 sicut
1464 1452 1494 1475 et
1521 1447 1650 1474 Dominus
1672 1446 1700 1472 in

910 1499 1056 1534 Evangelio
1068 1497 1134 1525 dicit
1145 1496 1168 1512 ⁸ο
1179 1506 1185 1523 ;
1196 1505 1204 1521 ι
1225 1495 1253 1523 Si
1266 1495 1473 1531 permanseritis
1487 1494 1512 1521 in
1529 1493 1613 1520 verbo
1627 1489 1704 1525 meo,‘

873 1555 893 1584 ς
910 1553 959 1573 vos
970 1544 1122 1580 agnoscctis
1136 1544 1292 1575 veritatem,
1313 1545 1341 1568 et
1358 1541 1460 1568 veritas
1474 1538 1601 1567 liberabit
1621 1546 1696 1566 vos.»

910 1591 981 1627 Ergo
997 1590 1130 1626 Egyptus
1142 1590 1239 1617 domus
1256 1593 1298 1616 est
1319 1587 1469 1619 servitutis,
1484 1585 1576 1613 Iudaea
1597 1592 1661 1612 vero
1672 1589 1701 1612 et

910 1635 1074 1669 Jerusalem,
1090 1635 1187 1662 domus
1206 1638 1247 1662 est
1263 1633 1405 1661 libertatis.
1418 1631 1486 1660 Audi
1501 1636 1528 1658 et
1541 1629 1699 1666 Apostolum

910 1681 943 1708 de
969 1681 1011 1708 his
1035 1679 1183 1708 secundum
1213 1679 1375 1714 sapientiam
1389 1685 1449 1711 quae
1460 1676 1525 1704 ciin
1546 1675 1700 1703 ministerio

910 1725 971 1751 data
990 1724 1088 1755 fuerat,
1103 1724 1325 1758 pronuntiantem
1341 1731 1348 1749 :
1367 1731 1377 1748 ι
1396 1722 1461 1756 Quae
1474 1727 1564 1749 autem
1586 1728 1694 1748 sursum

910 1774 960 1800 est.
975 1770 1061 1805 inquit
1071 1770 1105 1802 “,
1123 1768 1305 1800 Hierusalem,
1319 1768 1403 1796 libera
1415 1772 1466 1802 est,
1481 1775 1541 1803 qnze
1553 1772 1595 1795 est
1612 1772 1700 1794 mater

910 1816 1031 1842 omnium
1044 1820 1176 1843 nostrum.
1191 1825 1200 1842 ι
1210 1816 1283 1844 Sicut
1292 1822 1358 1849 ergo
1367 1813 1510 1849 Egyptns,
1523 1813 1573 1841 ista
1589 1817 1698 1840 terrena

910 1862 1061 1897 provincia.
1083 1861 1145 1889 ﬁliis
1161 1861 1244 1889 Israel
1270 1862 1367 1889 domus
1383 1860 1484 1888 dicitur
1501 1859 1650 1892 servitutis,
1665 1858 1699 1885 ad

910 1908 1141 1943 comparationem
1153 1906 1254 1935 Judara:
1273 1911 1301 1934 et
1322 1905 1503 1936 Hierusalem,
1520 1912 1581 1939 qua:
1595 1903 1635 1931 eis
1652 1904 1701 1931 do-

910 1962 970 1982 mus
982 1953 1097 1982 eﬁicitur
1110 1953 1244 1981 libertatis
1262 1961 1268 1978 :
1285 1952 1322 1979 ita
1341 1952 1375 1980 ad
1399 1950 1628 1985 comparationem
1639 1944 1705 1976 (ιω-⁷

911 1998 987 2026 lestis
1004 1999 1187 2031 Hierusalem,
1204 2007 1274 2033 qme,
1294 2003 1324 2025 ut
1339 1999 1375 2025 ita
1397 1997 1496 2027 dicam.
1513 2000 1600 2022 mater
1613 1999 1654 2022 est
1666 1994 1700 2021 li-

909 2045 1036 2078 bertatis,
1052 2049 1123 2072 totus
1151 2046 1196 2072 hic
1219 2045 1348 2076 mundus,
1369 2048 1396 2071 et
1417 2043 1507 2070 omnia
1524 2049 1585 2077 qua;
1605 2041 1632 2068 in
1647 2040 1700 2068 hoc

912 2091 1013 2118 mundo
1032 2096 1105 2123 sunt,
1123 2090 1220 2118 domus
1242 2095 1284 2118 est
1304 2090 1456 2117 servitutis.
1476 2089 1508 2116 Et
1521 2088 1650 2123 quoniam
1666 2087 1701 2116 de

909 2136 1037 2171 paradiso
1052 2136 1186 2163 libertatis
1198 2143 1247 2169 pro
1266 2143 1345 2170 poena
1371 2135 1476 2169 peccati
1491 2135 1524 2161 ad
1546 2133 1699 2168 bujusmodi

910 2186 1021 2209 ventum
1041 2181 1131 2207 fuerat
1157 2181 1327 2213 servitutem,
1350 2180 1452 2208 idcirco
1479 2179 1583 2214 pritnus
1607 2186 1700 2206 sermo

64 2226 144 2257 ditus,
163 2225 228 2252 audi
246 2223 410 2260 Prophelam
435 2232 468 2252 ex
493 2232 607 2260 persona
634 2225 741 2252 Domini
764 2225 857 2252 dicen—
873 2235 896 2264 ι)
912 2227 1048 2262 Decalogi,
1070 2227 1095 2253 id
1111 2232 1152 2254 est
1166 2227 1254 2262 prima
1272 2227 1462 2253 mandatorum
1477 2226 1523 2253 Dei
1549 2233 1600 2252 vox
1618 2225 1651 2253 de
1669 2224 1701 2252 li-

64 2276 116 2298 tem
127 2270 172 2298 ":
192 2280 201 2296 ι
224 2269 281 2305 Ego
299 2274 389 2297 autem
415 2277 474 2297 sum
498 2271 598 2297 vermis
618 2275 645 2298 et
667 2278 720 2298 non
735 2270 826 2298 homo.
842 2281 852 2298 ι

64 2316 137 2344 Sicut
153 2317 230 2344 enim
244 2316 302 2350 ipse
321 2320 363 2343 est
373 2315 418 2350 qui
433 2315 461 2343 ﬁt
476 2315 538 2343 aliis
559 2316 584 2343 in
603 2316 720 2349 ruinatn,
735 2316 795 2344 aliis
809 2325 856 2344 att-

64 2369 114 2390 tem
128 2363 155 2390 in
172 2362 402 2390 resurrectionem
417 2370 425 2395 ;
443 2361 480 2389 ita
494 2367 522 2389 et
544 2362 601 2397 ipse
617 2367 658 2390 est
673 2363 718 2398 qui
740 2371 813 2391 nunc
827 2364 854 2391 in

64 2417 160 2436 manna
179 2408 307 2436 ﬁdelibus
323 2408 432 2443 quidem
448 2408 563 2436 dulcedo
579 2409 678 2442 mellis,
698 2409 854 2437 inﬁdelibus

63 2461 148 2483 autent
168 2456 273 2482 vermis
296 2454 422 2481 eiIicitur.
438 2454 498 2489 Ipse
516 2459 557 2482 est
584 2455 656 2483 enim
682 2462 773 2482 sermo
793 2454 854 2488 Dei,

63 2502 104 2535 qui
124 2501 284 2537 iniquorum
302 2503 407 2527 mentes
423 2500 523 2535 arguit,
537 2504 565 2526 et
583 2500 785 2535 correptionmn
800 2500 855 2534 spi-

62 2547 127 2574 culis
142 2551 319 2582 peccatorum
334 2546 518 2574 conscientias
533 2547 663 2574 terebrat.
678 2546 737 2582 Ipse
755 2546 854 2581 estqui

62 2597 87 2619 et
110 2593 183 2628 ignis
207 2592 326 2619 efﬁcitur
350 2592 378 2619 in
405 2592 533 2621 cordibus
553 2593 672 2626 illorum,
690 2594 790 2628 quibus
805 2593 853 2620 ad-

63 2639 148 2672 aperit
170 2637 338 2673 Scripturas,
355 2639 400 2672 qui
424 2639 519 2667 dicunt
532 2640 553 2655 ³⁷
575 2648 581 2667 :
602 2648 611 2665 ι
634 2639 730 2666 Nonne
745 2647 792 2667 cor
807 2647 856 2667 no-

316 2695 337 2710 "
352 2695 445 2723 Matth.
461 2704 518 2728 vm,
542 2697 585 2725 15.
624 2696 645 2712 ἰ
659 2695 730 2723 Psal.
744 2705 772 2728 ιη
789 2697 832 2724 17.

352 2731 376 2747 ³⁸
391 2731 461 2759 Psal.
486 2740 542 2759 xxt.
559 2733 585 2759 7.

96 2696 119 2712 ’³
141 2696 193 2722 lsa.
209 2703 276 2722 LVII.

64 2731 85 2746 ⁸⁵
104 2731 163 2757 I‘sal
192 2739 260 2758 cxu.
287 2731 313 2756 7.

63 2766 107 2798 SI,
133 2767 179 2793 3'2.
220 2766 242 2781 δι
267 2766 356 2794 Calai.
379 2775 420 2799 tv,
446 2767 491 2794 26.

101 2815 159 2850 (25,)
179 2814 249 2847 Vox,
275 2824 284 2839 α
314 2815 384 2848 ﬁdei,
406 2825 414 2841 ι
438 2816 513 2844 deest
540 2816 564 2843 in
589 2821 668 2844 antca
689 2815 768 2844 cditis
786 2837 791 2850 ,
811 2817 856 2844 sed

69 2851 181 2878 habetur
200 2851 226 2877 in
240 2858 306 2878 mss.

872 2696 894 2713 ³³
911 2696 984 2724 Psal.
1000 2705 1077 2728 xxxi,
1101 2696 1142 2723 II.

624 2731 645 2747 ³⁷
659 2731 722 2759 Luc.
741 2740 814 2765 xxiv,
839 2732 883 2759 52.
921 2732 944 2748 ³³
956 2731 1029 2759 Psal.
1047 2739 1146 2764 xxxttt,
1159 2731 1187 2759 8.

908 2274 1012 2301 bertale
1028 2272 1176 2307 profertur,
1191 2272 1301 2299 dicetis:
1316 2282 1325 2298 ι
1338 2272 1392 2307 Ego
1409 2280 1468 2298 sntit
1483 2271 1613 2300 Dominus
1629 2271 1701 2299 Deus

908 2324 980 2352 tuus,
1000 2319 1045 2353 qtti
1060 2318 1139 2345 eduxi
1158 2322 1183 2345 le
1193 2319 1226 2345 de
1243 2325 1313 2345 terra
1326 2317 1447 2353 Egypti.
1464 2317 1497 2344 de
1518 2316 1599 2344 dotno
1614 2315 1700 2344 servi-

907 2364 982 2392 tutis.
1001 2373 1011 2390 ι
1031 2364 1105 2391 lianc
1118 2371 1212 2390 vocem
1228 2364 1254 2391 in
1269 2363 1390 2398 [Egypto
1415 2363 1519 2397 positus
1538 2362 1632 2388 audire
1647 2369 1699 2387 non

908 2415 1031 2446 poteras,
1044 2410 1150 2437 etiamsi
1176 2409 1224 2436 tibi
1252 2410 1409 2444 injungatur
1432 2413 1461 2435 ut
1485 2407 1586 2434 Pascha
1604 2407 1698 2439 facias,

908 2455 1013 2483 etiamsi
1030 2455 1182 2490 accingaris
1198 2455 1322 2487 lumbos,
1343 2458 1370 2481 et
1392 2454 1515 2480 sandalia
1540 2452 1658 2487 accipias
1673 2452 1699 2478 in

908 2503 1030 2539 pedibus,
1047 2503 1153 2530 etiamsi
1169 2502 1272 2538 virgam
1300 2507 1394 2530 teneas
1413 2501 1440 2528 in
1458 2508 1549 2532 inanu,
1567 2505 1594 2526 et
1605 2505 1700 2533 azyma

909 2557 969 2577 cum
983 2549 1165 2576 amaritudine
1179 2549 1318 2576 comedas.
1332 2547 1364 2575 lit
1378 2547 1442 2581 quid
1458 2546 1518 2573 dico
1537 2546 1563 2572 in
1582 2544 1701 2580 Aigypto

909 2593 1012 2629 positus
1027 2594 1083 2620 haec
1102 2594 1196 2621 audire
1223 2601 1275 2620 non
1294 2596 1403 2628 poteras
1418 2591 1428 2618 7
1444 2590 1497 2618 Sed
1514 2597 1548 2618 ne
1565 2591 1625 2617 inde
1640 2590 1702 2624 qni-

910 2640 970 2668 dem
985 2639 1121 2675 profectus
1135 2639 1161 2666 in
1178 2639 1266 2674 prima
1278 2638 1370 2665 statim
1384 2636 1525 2664 mansione
1535 2636 1593 2663 lucc
1606 2634 1700 2662 audire

1184 2696 1206 2712 ³³
1219 2695 1292 2722 Psal.
1307 2703 1408 2727 xxxvi,
1424 2695 1450 2722 8.
1489 2694 1512 2711 ”
1524 2694 1594 2722 Psal.
1609 2701 1656 2725 cu.
1670 2694 1700 2722 5.

1225 2731 1246 2747 ³⁸
1262 2731 1348 2758 Exod.
1368 2739 1415 2764 xx,
1429 2730 1457 2758 Ξ.
1495 2730 1519 2747 ’⁸⁸
1540 2731 1617 2758 «Ιοιιιι.
1634 2736 1700 2763 vttt,

948 2815 1002 2850 (26)
1021 2815 1104 2848 Alias,
1125 2824 1134 2841 ι
1156 2822 1272 2850 arguens
1290 2814 1393 2850 iniqua.
1410 2824 1419 2841 ι
