1894 3059
191 140 238 168 3ῗὶ

929 131 1090 161 ORIGENIS

1764 123 1813 153 5:59

190 201 313 235 potuisti,
332 206 382 227 nec
401 199 426 226 in
450 197 567 226 secunda
581 218 588 229 ,
605 203 656 224 nec
674 195 700 223 in
725 195 815 227 tertia,
842 201 892 222 nec
919 202 980 221 eum
998 195 1020 222 Α
1034 199 1113 227 quem
1140 191 1242 221 omnia,
1261 195 1288 217 et
1302 197 1351 217 nos
1375 197 1422 225 per
1437 189 1554 224 ipsum.)
1577 187 1629 216 Sed
1643 191 1670 214 et
1687 187 1713 214 in
1728 186 1815 227 multis

193 247 323 274 transires
343 245 462 271 li'ubrnm
480 251 563 276 mare,
577 241 684 270 etiamsi
697 242 730 268 ad
749 241 884 268 Merrham
901 248 980 267 vene-

192 293 242 326 ris,
260 297 288 319 et
310 291 390 318 fuerit
410 291 444 316 ibi
472 288 626 316 amaritudo
643 288 669 314 in
693 287 865 314 dulcedinem
891 294 981 318 versa,

192 337 298 364 etiamsi
315 336 341 363 in
360 335 446 362 llelim
460 334 569 361 veneris
584 334 617 361 ad
633 333 776 361 duodecim
793 333 883 359 fontes
898 340 982 367 aqua-

193 390 263 414 rum,
275 387 301 408 et
316 381 487 416 septuaginta
505 380 617 407 arbores
629 379 792 414 palmarum,
805 378 912 406 etiamsi
928 378 982 404 [la-

192 427 294 462 phidim
322 425 509 461 praeterieris,
533 430 703 459 cmterosque
725 423 862 459 profectus
887 430 982 450 ascen-

191 471 265 499 deris
289 479 296 498 :
323 471 442 498 nondum
470 472 504 497 ad
537 470 724 505 hujuscemodi
752 470 837 496 verba
868 469 982 496 idoneus

188 518 331 551 iudicaris,
356 518 403 545 sed
424 525 485 545 cum
513 517 672 552 perveneris
700 516 733 543 ad
757 521 874 543 montem
905 515 980 542 Sina.

192 565 281 592 Multis
296 571 361 598 ergo
376 569 440 591 ante
461 564 600 592 laboribus
622 563 752 598 peractis,
776 562 868 589 mullis
884 569 982 589 terum-

192 610 235 638 nis
253 614 282 637 et
307 609 503 637 tentationibus
526 609 672 644 superatis,
694 608 738 635 vix
766 608 911 642 aliquando
927 615 982 634 mc-

196 656 300 684 reberis
315 660 450 690 praecepta
474 656 613 689 suscipere
635 655 780 688 libertatis,
804 659 830 681 et
857 654 950 681 audire
966 661 981 679 a

192 701 326 728 Domino:
343 711 352 727 ι
372 701 427 735 Ego
441 708 501 728 sum
515 701 642 728 Dominus
654 701 724 728 Deus
742 705 814 732 tuus,
837 699 882 734 qui
900 699 980 726 eduxi

194 752 220 773 te
234 747 267 773 de
280 751 352 774 terra
363 745 486 781 Egypti,
499 746 532 772 de
546 746 625 772 domo
637 745 787 772 servitutis.
805 755 814 771 ι
826 745 924 772 Verum
939 745 982 772 hic

192 799 282 819 sermo
294 792 413 819 nendum
429 798 521 818 sermo
544 790 664 817 mandati
681 796 731 823 est,
747 790 793 817 sed
807 790 869 822 quis
888 789 981 824 sitqui

194 837 315 870 mandat,
333 837 464 864 ostendit.
480 837 558 864 Nunc
577 844 642 871 ergo
656 836 796 863 videamus
807 835 870 870 quid
883 835 918 863 sit
932 836 981 862 iiii—

196 882 262 908 tium
275 882 370 910 decem
386 883 574 910 mandatorum
601 881 667 916 legis
681 890 688 908 :
706 885 733 908 et
754 881 775 907 si
793 888 845 907 non
862 880 985 907 occurri-

191 935 252 955 mus
268 929 301 955 ad
320 928 410 955 omnia
421 948 429 960 ,
447 929 523 956 initia
535 928 641 960 saltem,
656 931 736 962 prout
748 926 876 954 Dominus
901 926 984 953 dede-

194 974 240 1007 rit,
259 975 435 1009 explicemus.

205 1016 254 1049 (2.
271 1020 391 1047 Primum
406 1027 471 1055 ergo
494 1020 649 1047 mandatum
665 1024 707 1046 est
731 1019 753 1034 δ’
768 1027 775 1046 :
791 1028 800 1044 ι
819 1018 876 1045 Νοη
904 1023 985 1045 erunt

192 1065 238 1093 til-i
256 1066 292 1093 dii
308 1065 364 1098 alii,
379 1071 476 1100 praeter
488 1072 541 1093 nte.
563 1075 572 1091 ι
591 1065 624 1092 Ει
638 1069 699 1099 post
712 1065 762 1092 lioc
776 1065 899 1099 sequitur
912 1063 935 1079 ⁸³
948 1071 956 1093 :
971 1073 981 1089 ι

193 1119 204 1137 σ
225 1111 281 1138 Non
298 1111 383 1138 facies
400 1110 456 1146 (‘27)
482 1111 530 1138 tibi
558 1110 671 1142 idolum,
688 1118 775 1145 neque
790 1111 869 1137 ullam
888 1111 983 1138 simili—

193 1157 327 1187 tudinem,
343 1164 512 1191 qumcunqne
532 1156 558 1183 in
573 1155 643 1183 caelo
659 1164 767 1183 sursum
787 1161 897 1189 sunt,et
910 1165 983 1191 qum-

191 1208 297 1236 cunque
313 1201 339 1227 in
357 1206 429 1227 terra
449 1201 575 1228 deorsum
591 1206 664 1234 sunt,
682 1205 710 1227 et
729 1208 897 1235 qumcunque
919 1207 984 1228 sunt

191 1246 218 1273 in
233 1246 309 1281 aquis
325 1246 420 1273 subtus
435 1250 545 1276 terram.
557 1250 584 1272 et
605 1253 656 1272 non
675 1245 802 1272 adorabis
815 1245 857 1271 illa
871 1266 879 1278 ,
895 1253 983 1280 neque

191 1290 262 1316 coles
291 1290 345 1317 illa.
377 1290 433 1324 Ego
453 1291 523 1316 cnim
554 1298 613 1317 sun
644 1290 774 1317 Dominus
803 1290 875 1317 Deus
903 1296 980 1324 tuus,

192 1334 262 1362 Deus
273 1335 374 1368 zelans,
390 1336 434 1370 qui
452 1336 535 1362 reddo
559 1341 669 1369 peccata
688 1341 795 1370 patrum
813 1336 839 1363 in
856 1336 938 1368 lilios,
954 1336 981 1363 in

192 1382 298 1409 tertiam
324 1387 351 1409 et
380 1387 504 1416 quartam
534 1383 691 1416 progeniem
725 1382 758 1409 iis
790 1381 838 1416 qui
868 1381 983 1409 oderunt

193 1436 254 1459 me,
275 1433 303 1455 et
331 1428 435 1455 faciens
464 1427 680 1455 misericordiam
701 1427 728 1454 in
752 1427 855 1460 millia,
878 1427 911 1454 iis
935 1427 981 1461 qui

192 1468 305 1507 diligunt
327 1481 370 1500 me
392 1478 419 1501 et
434 1473 480 1508 qui
502 1477 612 1500 servant
635 1477 768 1507 pracepta
785 1480 854 1502 mea.
883 1460 982 1500 Klliec

1032 237 1092 264 aliis
1109 237 1231 264 invenies
1247 236 1395 270 Scriptura:
1411 235 1477 262 locis
1496 235 1562 262 deos
1578 233 1721 266 nominari,
1748 233 1813 260 sicut

1032 287 1059 310 et
1074 283 1139 310 alibi
1155 283 1222 309 dicit
1234 282 1255 298 ⁸⁷
1272 291 1278 309 :
1298 282 1449 315 «Quoniam
1466 281 1594 308 Dominus
1609 287 1739 310 summus,
1762 284 1812 305 tere

1033 330 1131 362 ribilis,
1147 334 1174 357 et
1189 337 1237 356 rex
1263 336 1378 362 magnus
1393 335 1475 362 super
1494 334 1590 354 omnes
1610 330 1693 357 deos;
1707 334 1717 350 ι
1733 329 1761 352 et
1772 324 1813 352 ηε

1034 384 1044 400 ι
1059 375 1129 402 Deus
1144 375 1255 401 deorum
1272 373 1403 400 Dominus
1419 373 1526 400 locutus
1539 377 1598 402 est;
1611 381 1620 397 ι
1639 375 1666 398 et
1703 370 1724 386 "
1741 378 1748 384 '
1768 370 1813 397 ειη

1033 420 1122 446 medio
1150 423 1241 446 autem
1268 419 1335 446 deos
1360 417 1522 445 discernit.)
1554 416 1592 443 De
1612 416 1727 444 dominis
1749 415 1814 442 idem

1031 465 1178 501 Apostolus
1192 465 1259 492 dicit
1271 465 1294 480 ⁵⁰
1310 473 1318 491 :
1339 473 1348 489 ι
1362 463 1425 491 Sive
1447 462 1547 495 throni,
1573 463 1631 489 sive
1655 461 1814 488 dominatio-

1033 519 1092 543 nes,
1117 511 1175 538 sive
1201 514 1361 545 potestates,
1383 509 1474 536 Omnia
1499 516 1547 542 per
1567 508 1664 541 ipsum,
1679 507 1746 534 etin
1762 506 1815 540 ipso

1032 558 1124 585 omnia
1153 562 1245 584 creata
1270 561 1342 583 sunt.
1362 565 1371 582 ι
1404 555 1607 582 DominatiOnes
1633 559 1724 580 autem
1752 553 1813 579 nihil

1033 603 1104 630 aliud
1118 607 1193 634 smn,
1217 609 1298 637 quam
1323 601 1391 628 ordo
1408 600 1518 635 quidam
1534 605 1561 626 et
1576 599 1719 626 multitudo
1734 597 1814 624 domi-

1033 657 1140 676 norum.
1162 649 1190 676 In
1205 657 1272 684 quo,
1297 653 1326 675 ut
1343 647 1407 675 Inibi
1426 647 1545 678 videtur,
1573 654 1683 673 sensum
1698 645 1767 680 legis
1780 645 1815 671 lu-

1032 695 1165 722 cidiorem
1180 694 1242 721 fecit
1257 694 1396 729 apostolus
1413 693 1522 720 Paulus.
1537 693 1601 720 Tale
1612 697 1654 719 est
1666 691 1738 720 enim
1749 691 1816 725 quod

1033 741 1124 768 dicit:
1147 740 1224 767 Licet
1236 740 1291 767 sint
1313 739 1389 766 mulli
1415 739 1516 766 domini
1541 738 1587 773 qui
1614 738 1676 765 aliis
1697 736 1817 772 gentibus

1033 786 1217 818 dominentur,
1233 789 1261 812 et
1278 785 1315 812 dii
1332 785 1409 812 multi
1427 785 1472 820 qui
1489 785 1522 811 ab
1539 784 1602 812 aliis
1622 783 1758 815 colantur,
1773 784 1817 810 sed

1034 831 1112 858 nobis
1128 839 1196 858 unus
1212 831 1292 862 Dens,
1320 838 1388 858 unus
1403 829 1545 857 Dominus.
1566 829 1635 863 Quid
1649 834 1740 856 autem
1755 835 1816 855 cau-

1036 885 1072 905 sa:
1087 878 1123 904 sit
1142 878 1168 904 in
1185 877 1238 905 diis
1255 877 1355 909 multis,
1374 876 1415 903 vel
1434 876 1551 903 dominis
1564 875 1667 908 multis,
1682 875 1705 902 si
1722 875 1819 901 intente

1036 929 1062 952 et
1079 923 1213 958 patienter
1229 922 1339 954 auditis,
1357 922 1413 957 ipsa
1426 930 1476 949 nos
1490 921 1629 955 Scriptura
1644 920 1745 955 poterit
1761 920 1818 947 edo-

1036 976 1109 997 cere.
1128 969 1173 996 Ait
1187 970 1259 996 enim
1284 969 1354 996 idem
1371 968 1458 995 Moses
1483 968 1510 994 in
1527 967 1729 994 Deuteronomii
1754 974 1817 994 ('an-

1037 1016 1088 1042 tico
1099 1015 1142 1042 u:
1160 1024 1169 1041 ι
1190 1015 1258 1042 Cum
1279 1015 1420 1045 divideret,
1444 1014 1541 1047 inquit,
1565 1013 1695 1041 Excelsus
1716 1019 1817 1049 gentes,

1035 1067 1061 1088 et
1077 1061 1241 1096 dispergeret
1258 1060 1328 1088 filios
1343 1060 1416 1092 Adze,
1432 1059 1528 1086 statuit
1542 1059 1673 1087 terminos
1686 1059 1817 1093 gentium,

1036 1106 1184 1134 secundum
1213 1113 1355 1133 numerum
1380 1105 1536 1139 angelorum
1552 1105 1609 1138 Dei,
1633 1109 1662 1132 et
1683 1104 1754 1132 facta
1779 1109 1818 1132 cst

1035 1151 1123 1186 portio
1137 1151 1242 1177 Domini
1258 1150 1373 1185 populus
1388 1149 1447 1184 ejus
1463 1150 1557 1183 Jacob,
1583 1149 1723 1177 {uiiiculns
1736 1150 1816 1177 luere-

1034 1195 1125 1222 dilatis
1139 1195 1197 1230 ejus
1211 1194 1302 1221 Israel.
1316 1204 1325 1221 ι
1348 1195 1464 1230 Angelos
1487 1194 1569 1230 igitur
1584 1194 1652 1230 (29),
1666 1195 1764 1229 quibus
1779 1201 1818 1222 re-

1034 1241 1137 1275 gendas
1159 1245 1253 1274 gentes
1277 1241 1411 1268 commisit
1431 1241 1571 1273 Excelsus,
1589 1241 1630 1268 vel
1651 1241 1718 1269 deos
1733 1240 1820 1276 appel-

1034 1286 1093 1319 lari,
1107 1292 1134 1313 et
1150 1285 1275 1313 dominos
1300 1291 1424 1319 constat;
1441 1286 1506 1314 deos
1519 1287 1597 1321 quasi
1622 1294 1637 1313 ει
1661 1286 1718 1314 Deo
1734 1288 1817 1318 datos,

1033 1337 1060 1358 et
1076 1332 1200 1360 dominos
1212 1332 1289 1367 quasi
1305 1339 1320 1358 a
1338 1332 1450 1359 Domino
1464 1332 1552 1360 sortiti
1569 1332 1623 1359 sint
1647 1337 1817 1367 potestatem.

1035 1377 1112 1406 Unde
1136 1382 1162 1405 et
1175 1377 1305 1405 Dominus
1327 1377 1436 1405 dicebat
1452 1378 1486 1405 ad
1509 1378 1618 1412 angelos
1630 1378 1675 1413 qui
1695 1386 1749 1405 non
1765 1385 1818 1405 ser-

1034 1428 1167 1450 vaverunt
1190 1431 1268 1450 suum
1293 1423 1474 1458 principatum
1485 1423 1508 1439 ⁵¹
1535 1432 1542 1450 :
1571 1423 1650 1458 «Ego
1669 1423 1726 1451 dixi
1750 1432 1756 1450 :
1779 1423 1818 1450 Dii

1032 1468 1110 1501 estis,
1135 1473 1162 1495 et
1177 1468 1224 1495 lilii
1242 1468 1347 1496 Excelsi
1364 1475 1471 1496 omnes.
1493 1467 1547 1496 Vos
1566 1473 1655 1496 autem
1679 1473 1711 1495 ut
1739 1468 1819 1496 bomi-

192 1518 291 1545 omnia.
307 1518 398 1551 simul,
420 1518 540 1545 nonnulli
560 1523 656 1553 putant
677 1526 737 1545 esse
760 1525 844 1545 unum
871 1519 981 1545 manda-

1035 1522 1085 1542 nes
1101 1514 1265 1546 moriemini,
1291 1518 1318 1541 et
1333 1514 1404 1542 sicut
1419 1521 1489 1541 unus
1506 1514 1539 1541 de
1560 1513 1733 1549 principibus
1745 1514 1820 1542 cade-

194 1567 260 1589 tum.
285 1563 361 1596 Quod
381 1564 403 1591 si
426 1564 460 1591 ita
479 1568 598 1598 putetur,
616 1571 671 1591 non
692 1563 876 1598 complcbitur
902 1563 981 1599 157

193 1607 285 1635 decem
307 1616 436 1636 numerus
455 1609 654 1638 mandatorum.
676 1609 708 1636 Et
729 1609 841 1644 ubijam
865 1610 916 1636 erit
932 1611 983 1637 Dc-

192 1653 280 1688 calogi
307 1654 425 1681 verit‘as?
442 1654 495 1682 Sed
517 1655 540 1681 si
565 1662 598 1682 eo
615 1654 694 1682 modo
718 1655 870 1688 dirimatur,
886 1663 940 1690 quo
955 1661 983 1682 et

193 1706 244 1726 nos
268 1698 295 1725 in
312 1699 448 1734 superiori
471 1693 694 1734 pronuntiatione
708 1699 892 1733 distinximus,
911 1694 983 1727 inle-

194 1751 242 1778 ger
268 1744 360 1771 decem
386 1745 574 1772 mandatorum
600 1752 729 1772 numerus
755 1746 904 1780 apparebit.
937 1745 983 1773 Est

194 1797 259 1823 ergo
285 1790 400 1824 primum
427 1790 583 1829 mandatum
595 1790 640 1817 διε
667 1789 746 1817 (Non
771 1796 851 1817 erunt
872 1791 919 1818 tibi
945 1792 981 1818 dii

194 1835 238 1862 alii
263 1842 362 1870 praeter
388 1844 471 1869 "16;!
493 1838 640 1863 secundum
656 1844 722 1864 vero
734 1837 756 1852 ⁵⁵
776 1845 782 1863 :
803 1846 812 1863 ι
825 1836 882 1864 Non
900 1837 983 1864 facies

195 1882 242 1908 lilii
260 1881 370 1914 idolum,
396 1891 483 1917 neque
500 1883 582 1909 ullam
597 1882 814 1916 similitudinem,
829 1893 838 1908 ι
862 1882 916 1910 eic.
937 1883 982 1910 ln-

192 1927 326 1961 cipiamns
352 1935 416 1963 ergo
436 1936 450 1954 ιι
479 1929 567 1962 primo
583 1929 719 1956 mandato.
747 1929 799 1956 Sed
823 1934 850 1956 et
868 1937 918 1963 ego
933 1937 982 1955 an-

194 1974 259 2000 xilio
284 1974 392 2008 indigeo
418 1974 503 2009 ipsius
520 1975 566 2010 qui
593 1976 648 2002 hate
666 1976 796 2010 przecepit
823 1975 879 2005 Dei,
897 1976 929 2002 ad
944 1976 984 2002 di-

194 2019 323 2050 cendum,
340 2025 367 2046 et
382 2028 428 2046 vos
444 2020 645 2054 purgatioribns
659 2021 743 2056 egetis
758 2021 869 2047 auribus
883 2021 916 2047 ad
936 2029 983 2047 au-

195 2064 334 2091 diendum.
357 2064 385 2090 Si
409 2065 470 2099 quis
495 2074 560 2100 ergo
585 2071 704 2093 vestrum
728 2067 811 2093 habet
833 2073 912 2092 aures
935 2074 983 2092 au-

195 2110 298 2141 diendi,
324 2110 416 2136 audiat
432 2111 566 2144 quomodo
589 2112 689 2138 dictum
715 2116 756 2139 est
780 2121 787 2138 :
806 2121 815 2137 (
828 2111 883 2138 Non
902 2116 983 2139 erunt

197 2155 244 2182 tibi
266 2155 301 2182 dii
326 2155 370 2182 alii
388 2161 485 2190 prmter
505 2164 577 2183 mea
601 2155 629 2183 Si
654 2156 777 2189 dixisset,
794 2157 850 2184 Non
866 2162 929 2184 sunt
945 2157 981 2185 dii

1035 1560 1109 1592 ll5;)
1138 1559 1277 1587 imitantes
1311 1559 1417 1586 scilicet
1441 1559 1589 1591 diabolum,
1622 1559 1666 1593 qui
1697 1559 1819 1594 princeps

1032 1606 1154 1632 omnium
1179 1605 1269 1632 factus
1290 1609 1331 1632 est
1347 1606 1379 1631 ad
1401 1605 1518 1632 ruinam.
1541 1604 1616 1632 Unde
1630 1610 1740 1632 constat
1751 1605 1818 1639 quod

1033 1651 1216 1678 exsecrabiles
1240 1651 1299 1678 illos
1325 1650 1390 1677 fecit
1414 1650 1610 1685 prmvaricatio,
1635 1657 1690 1678 non
1713 1655 1816 1677 natura.

1033 1697 1092 1724 Tibi
1109 1704 1186 1731 ergo,
1210 1704 1226 1723 ο
1240 1695 1355 1730 populus
1378 1703 1454 1722 meus
1469 1695 1563 1727 lsrael,
1579 1696 1624 1731 qui
1638 1703 1704 1731 pars
1719 1696 1764 1723 Dci
1778 1703 1817 1728 es,

1032 1743 1078 1778 qui
1105 1742 1239 1769 funiculus
1263 1742 1428 1770 lmreditatis
1450 1741 1508 1775 ejus
1538 1741 1650 1769 eﬂ'eetus
1672 1749 1714 1774 es,
1745 1749 1815 1768 Inon

1032 1793 1131 1821 erunt,
1161 1789 1247 1822 inquit
1269 1788 1302 1820 ",
1329 1787 1374 1814 alii
1393 1787 1428 1815 dii
1454 1792 1553 1822 prmter
1569 1795 1626 1820 me;
1649 1789 1737 1822 iquia
1758 1794 1818 1814 vere

1035 1835 1104 1862 Dens
1118 1843 1187 1862 unus
1201 1840 1241 1861 est
1260 1834 1338 1866 Deus,
1356 1838 1382 1861 et
1401 1841 1463 1860 vere
1479 1833 1608 1860 Dominus
1623 1841 1694 1861 unus
1713 1839 1755 1863 est
1771 1834 1817 1860 Do-

1034 1881 1132 1908 minus.
1151 1880 1263 1907 Cteteris
1289 1887 1364 1912 vero,
1389 1879 1434 1914 qui
1451 1879 1484 1906 ab
1500 1879 1558 1913 ipso
1568 1879 1652 1906 creati
1665 1885 1741 1912 sunt,
1758 1887 1817 1906 con-

1034 1926 1094 1953 tulit
1109 1934 1206 1953 nomen
1231 1926 1305 1953 istud
1320 1932 1372 1952 non
1396 1929 1503 1957 natura,
1529 1925 1576 1952 sed
1600 1926 1700 1959 gratia.
1724 1925 1816 1953 Verum

1034 1979 1068 1999 ne
1087 1971 1228 1999 existimes
1253 1972 1310 1998 hzee
1329 1975 1431 1997 tantum
1448 1970 1481 1997 ad
1507 1970 1580 1997 illum
1593 1971 1644 1997 dici
1664 1970 1758 2003 lsrael,
1775 1970 1817 2005 qui

1033 2018 1181 2045 Secundum
1206 2024 1316 2044 carnem
1335 2021 1414 2044 natus
1430 2021 1481 2043 est.
1504 2015 1586 2043 Multo
1611 2017 1698 2050 magis
1714 2017 1770 2044 haec
1786 2016 1817 2042 ad

1035 2069 1060 2091 te
1076 2065 1213 2097 dicuntur,
1234 2063 1279 2098 qui
1304 2062 1387 2090 Israel
1409 2061 1520 2090 eﬂ'eclus
1532 2070 1562 2089 es
1581 2066 1669 2090 mente
1683 2063 1764 2090 Deum
1781 2062 1818 2088 vi-

1034 2111 1132 2143 dendo,
1147 2115 1174 2138 et
1185 2109 1365 2137 circumcisus
1384 2116 1413 2136 es
1427 2109 1518 2142 corde,
1531 2117 1583 2135 non
1599 2106 1693 2136 carne.
1715 2109 1780 2136 Nam
1792 2112 1817 2136 et

1033 2156 1055 2183 si
1071 2156 1097 2183 in
1122 2163 1206 2183 carne
1223 2161 1319 2191 gentes
1333 2163 1437 2187 sumus,
1461 2155 1486 2181 in
1507 2155 1602 2189 spiritu
1621 2155 1705 2183 lsrael
1719 2163 1816 2185 sumus.

197 2205 294 2235 pra-ter
318 2209 369 2233 me,
387 2201 538 2228 absolutior
564 2209 655 2228 sermo
671 2202 816 2229 videretur.
845 2202 920 2230 Nunc
936 2211 984 2229 au-
999 2201 1021 2229 D
1037 2205 1146 2235 propter
1167 2209 1227 2229 cum
1252 2201 1297 2236 qui
1320 2201 1389 2229 dixit
1400 2199 1424 2216 ⁵⁸
1440 2209 1446 2227 :
1464 2199 1547 2228 «Pete
1561 2208 1575 2227 a
1591 2206 1672 2229 meet
1685 2202 1756 2229 dabo
1773 2201 1817 2228 tibi

196 2251 249 2273 tem
277 2247 339 2280 quia
365 2247 430 2273 dicit
456 2257 462 2274 ;
492 2247 571 2274 «Non
597 2251 676 2274 erunt
694 2248 739 2274 tibi
764 2248 799 2274 dii
822 2247 868 2274 alii
887 2253 984 2282 praater

196 2300 240 2320 me
253 2293 320 2327 ('28),
334 2303 342 2318 ι
361 2301 413 2320 non
431 2294 537 2329 negavit
551 2295 612 2329 quia
624 2295 689 2326 sint,
705 2294 751 2321 sed
767 2302 800 2321 ne
817 2294 853 2320 illi
869 2295 923 2321 sint
939 2295 984 2322 cui

195 2339 255 2366 luce
270 2339 360 2366 omnia
385 2344 516 2374 praecepta
543 2341 652 2372 dantur,
676 2330 894 2367 inhibuit>llinc
919 2345 983 2374 puto

196 2385 345 2419 apostolum
363 2384 475 2412 Paulum
500 2386 649 2420 sumpsisse
671 2386 746 2418 illud,
775 2386 846 2420 quod
871 2386 904 2412 ad
930 2386 984 2413 Co-

196 2431 312 2458 rinthios
339 2431 457 2465 scripsit,
482 2431 576 2458 dicens
589 2432 612 2447 ⁸⁸
629 2441 635 2459 :
658 2441 667 2457 ι
682 2431 710 2459 Si
729 2432 835 2466 quidem
854 2437 915 2459 sunt
938 2433 984 2467 qui

196 2476 325 2504 dicuntur
339 2476 387 2509 dii,
407 2477 464 2504 sive
490 2477 516 2504 in
531 2477 611 2509 coelo,
627 2477 683 2504 sive
709 2478 734 2504 in
751 2482 834 2504 terra.
848 2486 858 2503 ι
891 2477 924 2504 Ει
938 2477 986 2504 ad-

197 2521 236 2547 dit
254 2532 258 2548 :
277 2531 285 2546 ι
301 2521 334 2548 Ει
349 2522 420 2548 sicut
439 2527 502 2549 sunt
518 2522 554 2549 dii
569 2522 656 2555 multi,
671 2527 698 2550 et
715 2523 815 2549 domini
833 2522 920 2554 multi,
939 2530 987 2549 no-

197 2566 239 2593 his
262 2572 350 2594 tamen
378 2576 449 2595 unus
464 2568 534 2596 Deus
548 2567 638 2601 Pater,
654 2576 686 2596 ex
707 2576 760 2603 quo
779 2569 883 2600 omnia,
898 2574 925 2595 et
938 2576 987 2595 nos

198 2618 247 2645 per
263 2612 362 2646 ipsum,
382 2617 410 2640 et
432 2621 503 2641 unus
527 2613 657 2641 Dominus
680 2613 760 2641 Jesus
783 2613 916 2646 Christus,
941 2621 988 2648 per

233 2671 255 2687 δ’
273 2671 359 2698 Exod.
371 2680 418 2703 xx,
433 2674 460 2701 5.
513 2673 536 2690 ⁸³
550 2673 615 2701 ibid.
632 2673 660 2704 4,
680 2673 708 2704 5,
719 2673 747 2700 6.

198 2704 222 2721 ⁵⁸
235 2705 306 2732 Psal.
322 2714 394 2734 xLIx.
408 2708 433 2734 Ι.
473 2708 495 2724 δ’
509 2707 580 2735 Psal.
594 2716 687 2741 Lxxxt,
701 2709 725 2735 l.

200 2748 247 2772 xx,
259 2741 285 2767 5.
323 2741 347 2756 ⁸⁸
361 2742 431 2769 l’sal.
445 2751 474 2776 ιι,
485 2743 512 2770 8.
550 2743 573 2759 ⁵⁵
584 2743 661 2770 .Ioan.
677 2751 740 2777 xvn,
756 2744 795 2772 l0.

236 2788 292 2823 (9.7)
313 2789 396 2821 Alias,
417 2799 426 2815 ι
444 2799 496 2817 non
517 2791 610 2818 facias.
627 2800 635 2817 I

237 2825 294 2859 (28)
307 2825 393 2859 Alias,
410 2834 418 2850 ι
431 2825 467 2853 dii
485 2825 574 2853 alit-ni.
590 2835 598 2852 ›

786 2673 809 2689 ⁸³
833 2673 918 2701 Exod.
947 2680 993 2705 xx,
1005 2672 1032 2700 5.
1071 2673 1094 2688 "
1108 2672 1172 2699 ibid.
1184 2672 1210 2698 ἆ.
1249 2672 1292 2698 “l
1308 2671 1370 2699 Cor.
1396 2680 1455 2704 vni,
1466 2673 1494 2705 5,
1507 2671 1533 2699 6.

764 2708 787 2724 ⁵ο
799 2708 904 2736 Celess.
920 2716 938 2742 ι,
953 2708 994 2736 lli.

1035 2252 1129 2282 gentes
1156 2248 1342 2275 hzereditatem
1367 2253 1450 2280 luam,
1473 2251 1500 2274 et
1527 2248 1726 2282 posses~ionem
1750 2252 1817 2275 tuam

1036 2294 1166 2321 terminos
1191 2298 1301 2322 terrm.)
1322 2294 1356 2321 Et
1371 2299 1482 2329 propter
1505 2301 1565 2320 cum
1592 2294 1637 2328 qui
1662 2294 1760 2321 iterum
1784 2293 1819 2320 di-

1037 2339 1110 2366 xit“
1127 2348 1133 2366 :
1151 2338 1264 2371 «Pater,
1287 2340 1379 2367 omnia
1402 2348 1460 2367 mea
1484 2345 1528 2366 tua
1555 2344 1628 2373 sunt,
1655 2345 1684 2367 et
1699 2345 1744 2367 tua
1762 2346 1818 2366 mea

1035 2390 1109 2418 sunt,
1121 2390 1146 2412 et
1159 2384 1325 2419 gloriﬁcatus
1339 2393 1398 2412 sum
1411 2386 1437 2412 in
1454 2386 1506 2418 bis,
1521 2395 1529 2411 ι
1545 2386 1566 2412 si
1583 2391 1671 2412 tamen
1688 2386 1724 2412 ita
1745 2392 1817 2419 agas,

1039 2435 1068 2458 ut
1084 2431 1181 2466 dignus
1198 2431 1236 2458 sis
1251 2438 1313 2465 pars
1329 2437 1389 2458 esse
1409 2423 1466 2462 Dei,
1482 2435 1510 2458 ct
1527 2431 1553 2457 in
1574 2430 1694 2458 funiculo
1709 2430 1819 2458 incredi-

1037 2476 1100 2504 tatis
1120 2476 1178 2511 ejus
1193 2476 1292 2503 metiri.
1312 2475 1418 2511 Alioqui
1433 2476 1455 2503 si
1478 2476 1587 2511 indigne
1604 2483 1681 2510 agas,
1699 2474 1819 2509 exemplo

1037 2522 1092 2549 sint
1107 2521 1155 2548 tibi
1179 2521 1227 2555 illi,
1255 2522 1301 2556 qui
1326 2522 1359 2548 ad
1376 2522 1427 2549 hoc
1440 2522 1529 2549 vocati
1545 2521 1662 2555 fuerant,
1688 2526 1718 2548 ut
1732 2525 1818 2548 essent

1038 2575 1100 2602 pars
1116 2567 1173 2601 Dei,
1197 2572 1223 2594 et
1245 2569 1364 2602 peccatis
1379 2568 1437 2595 suis
1461 2569 1510 2596 hoc
1530 2573 1698 2600 meruerunt,
1715 2572 1744 2594 ut
1763 2567 1817 2594 dis-

1037 2617 1216 2649 pergerentur
1228 2621 1277 2648 per
1293 2621 1387 2642 omnes
1401 2619 1505 2649 gentes.
1531 2614 1564 2641 Et
1581 2614 1625 2648 qui
1640 2615 1714 2649 prius
1731 2613 1818 2641 educti

1572 2672 1594 2688 ⁸⁷
1606 2671 1676 2699 Psal.
1699 2678 1772 2702 xui,
1790 2669 1817 2696 3.

1032 2709 1053 2724 ⁵¹
1068 2708 1146 2735 Dent.
1163 2715 1248 2742 xxxn,
1262 2707 1290 2740 8,
1303 2707 1331 2735 9.
1368 2707 1390 2723 “
1401 2707 1474 2735 Psal.
1487 2704 1579 2742 mm,
1596 2707 1624 2742 6,
1638 2707 1664 2736 7.
1701 2705 1725 2723 "
1736 2704 1819 2734 Exod.

1072 2790 1126 2825 (29)
1141 2789 1208 2819 Vide
1226 2790 1272 2819 lib.
1285 2798 1304 2818 ιι
1325 2791 1430 2826 Origen.
1445 2798 1489 2826 qu.
1503 2789 1529 2818 5.
