1894 3059
218 105 272 133 555

953 104 1117 133 ORIGENIS
1791 110 1835 137 556

215 166 354 201 baptismi,
371 166 508 194 universis
521 165 580 193 aliis
593 165 646 193 diis
666 170 693 192 et
711 166 830 193 dotniuis
846 167 1007 194 rennntian-
1024 169 1045 197 Α
1061 174 1122 193 tllus
1134 166 1167 192 ad
1184 164 1335 196 Christum,
1359 173 1421 192 cuin
1449 164 1550 196 adhuc,
1578 169 1607 191 ιιι
1634 165 1755 200 superius
1777 168 1834 200 dixi,

216 217 268 244 tes.
283 211 369 239 solum
386 212 549 240 confitentur
567 212 651 239 Deum
668 211 787 244 Patrem,
810 218 836 240 ct
858 213 965 245 Filium,
981 218 1009 240 et

216 259 348 295 Spirltnm
375 265 511 288 sanctutn.
543 260 596 288 Sed
623 261 674 288 hoc
691 261 852 288 confitentes
882 261 932 288 nisi
952 267 1008 288 toto

217 307 299 334 corde
315 307 458 341 diligamus
482 306 625 333 Dominutn
644 307 727 333 Deum
752 313 886 339 nostrum,
902 313 927 335 ct
952 313 1008 335 tota

216 353 315 383 anima,
332 358 358 379 et
376 357 429 378 tota
446 352 545 379 virtute
560 352 750 380 adltmreatnns
768 354 830 388 ipsi,
846 361 898 381 tton
913 362 1008 382 sumus

215 397 304 425 cﬂ'ccti
320 405 383 432 pars
401 397 526 430 Domini;
542 398 590 425 sed
609 397 679 425 velut
703 399 728 425 itt
747 399 868 426 confinio
890 399 1006 433 quodam

215 444 306 478 positi,
321 448 350 471 et
364 443 425 470 illos
439 442 558 471 offensos
572 445 703 478 patimur,
717 453 785 478 quos
803 445 964 480 refugimus,
982 451 1009 473 et

214 489 357 517 Dominum
371 489 405 516 ad
425 496 506 523 quem
521 489 693 525 confugimus
720 490 866 525 propitium
886 499 938 518 non
951 491 1009 518 effi-

213 535 311 567 cimus,
326 542 408 570 quem
434 543 487 562 non
506 543 539 563 ex
559 540 616 564 toto
640 540 668 563 et.
686 536 792 572 integro
815 538 898 565 corde
919 538 1009 572 diligi.

213 588 284 608 mus.
307 581 340 608 Et
354 581 499 616 ideolnget
517 590 567 609 nos
589 583 720 617 propheta
738 591 806 617 quos
821 583 893 611 videt
914 584 1006 617 hujus-

213 626 321 653 cemodi
346 626 529 654 inconstantia
560 626 704 659 ﬂuctuare,
729 634 757 655 ct
777 629 843 656 dicit
856 629 902 656 “:
928 629 1007 661 th,

213 671 335 706 duplices
350 673 432 700 corde
457 679 483 699 et
507 674 631 701 animo.»
653 673 688 700 Et
703 675 801 701 iterum
813 675 835 691 ⁸⁵
853 684 860 702 :
880 685 890 702 ε
904 675 1009 710 Usque-

212 726 267 754 quo
281 719 443 746 claudit-alis
466 719 590 754 utrisque
607 720 722 754 genibus
739 721 855 749 vestris?
867 732 876 748 ι
908 722 962 750 Sed
980 727 1009 751 et

212 766 352 799 apostolus
362 763 481 792 Jacobns
499 766 563 792 dicit
576 766 598 781 “
618 773 626 793 :
645 776 654 792 ε
669 767 715 794 Vir
732 767 831 802 duplex
859 769 951 796 animo
966 769 1007 796 in-

211 815 343 838 constans
358 815 401 838 est
424 811 451 838 in
469 812 596 839 omnibus
619 813 702 842 viis.»
735 813 834 841 Sumus
858 821 923 848 ergo
945 823 1004 849 nos,

211 855 259 890 qui
275 863 328 883 non
347 856 454 891 integra
479 863 530 884 nec
548 856 670 891 perfecta
697 858 750 886 fide
766 860 907 894 sequimur
922 860 1005 889 Deunt

211 907 348 933 nostrum,
371 907 400 930 et
423 902 460 930 ab
485 903 582 931 alienis
606 905 770 933 recessimus
790 907 855 938 diis,
881 908 953 934 velut
979 908 1005 935 in

213 948 302 976 ntedio
319 949 437 983 quodam
464 949 585 977 confinio
610 951 690 984 positi
706 960 712 977 :
729 957 756 978 ct
771 952 806 979 ab
819 952 915 980 alienis
928 955 1005 988 quasi

210 994 323 1029 fugaces
336 995 475 1029 credimur,
488 1000 514 1024 et
525 1003 540 1023 a
553 1002 646 1024 nostro
657 997 771 1025 Dontino
782 1004 909 1034 tanquam
920 1000 1006 1028 insta-

210 1040 281 1068 biles
293 1045 320 1068 et
335 1041 408 1068 dubii
422 1049 474 1069 non
489 1042 671 1071 defendimur.
688 1044 785 1072 Annon
801 1045 852 1072 hoc
862 1050 914 1077 est,
933 1046 1005 1081 quod

210 1090 238 1113 et
254 1086 393 1121 prophetat
409 1086 571 1121 spiritaliter
588 1087 772 1123 imaginantur
792 1090 825 1117 de
838 1090 1005 1118 amatoribus

210 1131 392 1165 Hierusalem,
407 1140 468 1160 cum
481 1133 587 1167 dicunt,
605 1135 668 1169 quia
687 1141 821 1164 amatores
836 1138 872 1164 ttti
887 1137 935 1172 ipsi
951 1137 1004 1165 itii-

209 1178 272 1205 ntiei
285 1177 348 1205 facti
361 1184 424 1205 sunt
438 1178 486 1206 tibi
496 1179 536 1206 κη
548 1179 585 1206 Ita
597 1187 663 1214 ergo
677 1181 798 1216 intelligo
809 1187 835 1209 et
844 1184 940 1209 anima:
953 1188 1005 1210 luat

211 1223 310 1250 multos
327 1223 410 1251 fuisse
426 1228 572 1257 amatores,
597 1225 643 1259 qui
663 1225 789 1253 delectati
815 1232 879 1255 sunt
903 1227 1003 1256 decore

209 1269 281 1302 ejus,
299 1277 361 1296 cum
377 1270 476 1304 quibus
492 1270 667 1297 meretrirata
684 1277 736 1298 est.
758 1272 796 1299 De
811 1273 908 1306 quibus
923 1279 949 1301 et
963 1275 1004 1302 di-

209 1315 322 1342 cebat“
345 1324 352 1342 :
373 1315 456 1342 «Post
478 1322 615 1344 amatores
637 1325 714 1344 meos
730 1318 784 1350 ibo,
799 1320 844 1353 qui
858 1320 922 1346 dant
938 1320 1002 1348 mihi

211 1360 292 1395 159
303 1360 392 1387 riuum
410 1369 510 1394 meum,
526 1367 552 1389 et
562 1362 651 1390 oleum
669 1371 768 1394 meum,
791 1373 800 1390 ι
830 1369 858 1392 et
887 1371 1000 1392 cretera.

211 1407 264 1433 Sed
282 1406 422 1442 renitjant
435 1407 500 1434 illud
519 1411 635 1442 tempus,
655 1414 684 1436 ut
697 1409 802 1436 diceret
818 1419 824 1436 :
842 1419 851 1435 ‹
871 1409 1004 1439 Πυνετιιιι·

210 1453 244 1479 ad
259 1453 346 1479 virum
374 1461 462 1480 meum
482 1454 622 1488 priorem,
650 1456 713 1489 quia
733 1455 829 1482 melius
852 1457 918 1483 inihi
943 1462 1003 1484 etat

211 1502 286 1529 tunc,
306 1506 386 1533 quant
414 1499 503 1526 tnodo.
529 1509 539 1525 ι
561 1499 695 1535 chressa
723 1509 752 1528 es
770 1509 834 1536 ergo
858 1502 892 1530 ad
914 1503 1000 1530 virum

1061 212 1249 239 fornicaretur
1266 211 1356 238 anima
1389 215 1483 238 nostra
1516 219 1530 237 a
1550 210 1615 244 Deo,
1631 216 1660 238 et
1683 218 1752 239 esset
1780 221 1833 241 cum

1061 258 1229 286 amatoribus
1243 258 1301 286 suis
1313 258 1492 286 daemonibus.
1506 257 1559 286 Sed
1569 263 1743 293 posteaquam
1756 261 1817 288 dixit
1829 271 1835 289 :

1063 314 1072 330 α
1089 305 1219 332 Revertar
1234 305 1266 331 ad
1281 305 1369 332 virum
1384 312 1473 332 meum
1489 305 1628 339 priorem;
1646 315 1655 331 ι
1673 311 1700 333 et
1718 307 1785 334 venit
1809 310 1836 334 ad

1059 350 1211 382 Christum,
1230 351 1276 385 qui
1298 357 1358 378 eam
1381 358 1414 377 ex
1440 350 1519 377 initio
1543 350 1575 378 ad
1603 352 1746 386 imaginem
1770 360 1836 380 suam

1060 397 1173 429 creavit,
1195 397 1351 425 necessario
1381 397 1471 424 locum
1501 397 1577 424 dedit
1605 398 1710 426 adulter
1727 399 1835 433 spiritus.

1059 444 1104 471 ubi
1120 443 1188 471 vidit
1204 443 1355 479 legitimum
1373 443 1473 470 virum.
1493 442 1617 479 Suscepti
1640 452 1705 480 ergo
1727 453 1837 474 sumusa

1059 490 1183 522 Christo,
1203 494 1230 517 ct
1255 489 1383 516 mundata
1398 490 1551 517 estdomus
1573 496 1665 517 nostra
1692 498 1706 517 a
1733 493 1837 525 peccatis

1059 536 1206 571 prioribus,
1222 539 1249 564 et
1260 539 1355 563 ornata
1371 539 1415 563 est
1426 536 1599 563 ornamentis
1615 543 1836 564 sacramentorum

1061 582 1193 614 ﬁdelium,
1209 590 1269 617 quae
1292 586 1390 608 norunt
1407 581 1454 616 qui
1482 581 1582 610 initiati
1612 588 1686 610 sunt.
1708 583 1759 610 Sed
1792 591 1836 611 non

1059 629 1152 656 statim
1173 629 1270 656 domus
1289 628 1347 655 inec
1380 628 1563 655 habitatorem
1583 628 1683 656 habere
1711 629 1837 657 Christum

1059 680 1189 709 meretur,
1198 676 1248 702 nisi
1265 676 1301 703 sit
1313 675 1367 702 vita
1379 675 1439 710 ejus
1458 680 1485 703 et
1498 676 1672 703 conversatio
1692 677 1727 703 ita
1742 681 1836 710 sancta,

1061 723 1097 750 ita
1117 729 1186 756 pura
1205 726 1232 749 et
1250 720 1513 753 incontaminabilis,
1534 727 1563 748 ut
1583 722 1713 757 templum
1729 722 1771 750 Dei
1785 730 1837 750 esse

1059 772 1208 794 mereatur.
1229 765 1287 793 Non
1308 765 1380 792 enitn
1396 765 1493 792 domus
1507 765 1563 801 (55)
1583 766 1685 797 adhuc,
1704 767 1751 794 sed
1780 772 1838 794 tctu-

1059 814 1132 848 plttm
1152 819 1212 841 esse
1227 812 1307 840 debet
1321 812 1348 839 in
1368 819 1422 846 quo
1435 806 1539 839 habitet
1561 813 1642 840 Deus.
1662 812 1690 839 Si
1712 820 1774 847 ergo
1797 820 1836 840 ac-

1060 864 1168 894 ceptam
1188 860 1305 894 gratiam
1323 859 1455 894 negligat,
1468 864 1495 885 et
1515 858 1636 893 itnpticct
1670 866 1700 885 se
1735 858 1838 894 negotiis

1057 904 1244 938 smcularibus,
1262 905 1394 932 continuo
1416 903 1530 939 spiritus
1549 903 1594 930 illc
1614 903 1768 930 immundus
1786 905 1838 930 I'L'li-

1058 951 1089 983 it,
1109 954 1136 978 et
1166 950 1287 978 vindicat
1310 950 1362 978 sibi
1384 950 1493 977 dontum
1514 954 1667 977 vacantem.
1689 950 1722 977 Et
1743 958 1774 978 ne
1796 951 1838 977 itc-

1059 1004 1117 1024 rum
1143 996 1230 1032 possit
1255 996 1366 1031 expelli,
1395 995 1467 1023 alios
1492 1003 1585 1023 secum
1613 1001 1720 1031 septem
1738 996 1838 1031 spiritus

1058 1044 1173 1071 adhibet
1207 1044 1365 1078 nequiores,
1383 1049 1411 1070 et
1429 1043 1498 1070 ftunt
1527 1042 1675 1071 novissima
1695 1042 1838 1078 hujusmodi

1059 1090 1179 1118 hominis
1195 1090 1287 1125 pejora
1305 1090 1445 1125 prioribus
1459 1098 1466 1123 ;
1479 1090 1542 1125 quia
1565 1089 1736 1118 tolerabilius
1760 1089 1838 1117 fuerat

1057 1143 1111 1163 non
1132 1136 1235 1163 redisse
1252 1136 1285 1163 ad
1305 1135 1392 1163 virum
1412 1136 1531 1171 priorem
1554 1136 1673 1163 animam
1689 1136 1773 1164 semel
1791 1143 1839 1163 tne—

1057 1182 1247 1213 retricantetn,
1267 1189 1349 1216 quam
1377 1189 1516 1216 egressam
1548 1187 1611 1216 post
1643 1181 1836 1209 confessionem

1057 1227 1118 1259 viri,
1131 1235 1240 1254 rursum
1258 1226 1409 1254 adulteram
1425 1227 1493 1254 ficri.
1507 1227 1584 1254 Nulla
1595 1235 1659 1262 ergo
1672 1237 1681 1253 ί
1695 1227 1815 1259 societas,
1828 1236 1837 1252 ι

1055 1273 1126 1300 sicut
1147 1272 1371 1308 dicitApostolus
1388 1273 1422 1306 7°,
1452 1282 1462 1299 ο
1479 1274 1578 1308 templo
1600 1274 1645 1301 Dei
1666 1282 1732 1300 cutn
1758 1274 1836 1304 idolis,

1056 1320 1130 1347 nulla
1147 1321 1326 1348 consonantia
1347 1320 1457 1348 Christo
1478 1325 1505 1348 et
1534 1321 1630 1348 Belial.
1648 1332 1658 1347 ι
1679 1321 1710 1349 Si
1733 1321 1776 1348 Dei
1796 1329 1835 1347 su-

1056 1374 1127 1400 ntus,
1149 1367 1216 1394 tales
1237 1374 1296 1394 esse
1313 1367 1444 1394 debemus
1465 1372 1492 1394 ut
1511 1368 1680 1403 compleatur
1701 1368 1764 1395 illud
1776 1367 1838 1402 quod

1054 1412 1122 1439 dicit
1141 1411 1174 1439 de
1191 1412 1269 1438 nobis
1286 1412 1357 1439 Deus
1372 1413 1393 1427 "'
1414 1421 1421 1439 :
1441 1421 1450 1438 (
1473 1413 1543 1446 Quia
1565 1413 1695 1440 habitabo
1716 1413 1741 1440 in
1755 1414 1800 1446 cis,
1815 1418 1838 1438 ct

1056 1458 1082 1483 in
1097 1457 1137 1484 eis
1151 1458 1306 1490 ambulabo,
1319 1463 1344 1486 et
1366 1459 1416 1494 ipsi
1438 1463 1519 1486 erunt
1540 1459 1606 1486 mihi
1628 1459 1654 1487 in
1682 1460 1815 1494 populum.
1828 1467 1836 1483 ι

1056 1502 1090 1529 Et
1111 1503 1181 1530 sicut
1202 1503 1256 1530 alio
1275 1504 1335 1532 loco
1355 1505 1486 1539 propheta
1501 1505 1566 1532 dicit
1580 1505 1602 1521 ⁷¹
1623 1514 1629 1532 z
1653 1514 1676 1530 .t
1701 1505 1777 1532 Exite
1810 1505 1838 1532 dc

211 1550 285 1572 tuttttt
303 1546 435 1579 priorem,
457 1544 593 1572 offendisti
609 1547 669 1573 sine
681 1547 764 1580 dubio
785 1553 922 1577 amatores
942 1555 1002 1577 tuos
1018 1541 1037 1569 ε
1056 1550 1146 1576 medio
1162 1558 1255 1578 cortttn
1269 1571 1278 1582 ,
1297 1556 1325 1578 et
1346 1551 1522 1586 separantini,
1552 1551 1618 1578 dicit
1640 1552 1780 1584 Dominus,
1797 1551 1837 1586 qui

210 1598 271 1618 cum
286 1591 386 1625 quibus
401 1591 536 1618 adulteria
551 1593 752 1620 connuittebas.
770 1593 827 1620 Nisi
852 1602 916 1629 ergo
932 1603 1003 1622 nunc

211 1641 268 1663 tota
285 1636 336 1663 fide
349 1643 512 1671 permaneas
527 1645 587 1664 cuttt
608 1638 667 1664 viro
686 1642 743 1670 tuo,
760 1644 786 1666 et
818 1644 874 1667 toto
904 1641 927 1667 ei
956 1648 1004 1668 ore

211 1683 364 1717 glutiueris,
382 1691 414 1711 ex
444 1684 537 1711 ntultis
561 1684 714 1712 sceleribus
742 1693 803 1719 qua:
830 1686 1004 1720 commisisti,

211 1735 338 1765 suspecta
357 1738 385 1757 es
403 1731 440 1762 ei,
453 1731 542 1758 omnis
557 1736 647 1758 motus
661 1736 731 1764 tuus,
750 1737 776 1759 et
789 1737 916 1767 aspectus
931 1737 1004 1766 tuus,

211 1776 271 1812 ipse
286 1776 370 1804 etiarn
386 1777 521 1810 incessus,
541 1776 563 1804 si
593 1776 676 1804 fuerit
702 1777 892 1812 negligentior,
910 1778 1005 1813 displi-

213 1823 298 1850 cebit.
316 1821 389 1850 Nihil
408 1822 478 1849 ultra
496 1823 522 1849 in
543 1827 568 1849 te
586 1822 718 1850 lascivum
734 1823 838 1855 videre,
858 1823 924 1851 nihil
948 1824 1004 1850 dis-

210 1868 330 1896 solutum
347 1873 375 1896 et
389 1869 531 1904 prodigum
548 1874 650 1904 potest.
667 1870 702 1896 At
724 1869 768 1896 ubi
783 1877 877 1904 parum
895 1870 1004 1904 quidem

210 1917 300 1944 aviro
322 1921 369 1944 tuo
391 1916 538 1944 diverteris
564 1915 669 1948 oculos,
702 1915 794 1942 statim
824 1922 937 1943 necesse
963 1921 1005 1943 est

211 1963 369 1991 memoriam
395 1962 452 1990 fieri
468 1963 604 1997 priorum.
635 1961 669 1989 Ut
686 1969 751 1996 ergo
782 1961 872 1997 priora
901 1961 1003 1994 deleas,

212 2014 240 2036 et
253 2009 320 2036 fides
334 2008 382 2036 tibi
400 2008 488 2043 possit
515 2007 609 2035 haberi
633 2008 660 2035 in
689 2007 812 2042 reliquis,
841 2015 894 2035 non
924 2009 1004 2036 modo

211 2054 347 2090 agendum
370 2054 417 2081 tibi
431 2053 497 2081 nihil
517 2058 559 2081 est
572 2054 749 2089 impudicum,
764 2055 812 2082 sed
826 2061 861 2081 tte
886 2054 1006 2089 cogitan-

212 2099 277 2128 dum
289 2099 410 2134 quidem.
424 2097 493 2126 Vide
507 2099 579 2126 enim
597 2099 668 2134 quod
684 2099 816 2135 scriptum
829 2105 871 2126 est
882 2108 910 2137 τι(
926 2100 1004 2133 Cum,

212 2144 304 2179 inquit
328 2144 362 2177 ‘°,
381 2145 540 2172 immundus
563 2144 678 2180 spiritus
702 2145 801 2172 exierit
826 2145 860 2172 ab
885 2146 1005 2178 homine,

215 2190 293 2218 vadit
305 2197 355 2225 per
370 2191 430 2218 loca
448 2190 537 2222 arida,
555 2190 655 2226 quierit
669 2191 803 2225 requiem,
815 2196 908 2219 etnon
926 2191 1006 2219 inve-

1057 1596 1174 1630 portatis
1186 1603 1250 1622 vasa
1271 1596 1388 1625 Domini.
1407 1596 1495 1630 Exite,
1515 1602 1543 1624 et
1563 1597 1734 1625 in‘nnutnlum
1762 1597 1836 1624 nolite

1056 1643 1225 1678 contingere,
1245 1648 1272 1670 ct
1290 1651 1342 1678 ego
1361 1645 1492 1678 recipiam
1510 1652 1574 1676 vos,
1604 1650 1631 1672 et
1650 1653 1700 1672 ero
1719 1645 1793 1672 vobis
1815 1644 1837 1670 iu

1057 1693 1173 1722 patrem,
1193 1693 1220 1716 et
1238 1697 1286 1716 vos
1302 1689 1380 1716 eritis
1400 1689 1466 1716 tnihi
1489 1690 1515 1716 itt
1538 1690 1606 1717 lilios
1630 1694 1657 1717 et
1687 1690 1766 1721 tilias,
1782 1689 1839 1715 dicit

1058 1733 1187 1760 Dominus
1205 1733 1389 1768 omnipotens.
1413 1743 1422 1760 ι
1455 1733 1604 1769 Propterea
1624 1741 1694 1767 ergo
1724 1731 1815 1760 dicit”
1833 1739 1838 1756 :

1059 1787 1069 1804 ι
1088 1778 1144 1807 Non
1165 1785 1245 1807 erunt
1266 1780 1312 1807 tibi
1333 1779 1369 1807 dii
1393 1780 1439 1807 alii
1453 1785 1552 1815 prater
1569 1787 1620 1812 me,
1636 1787 1687 1806 nec
1702 1779 1783 1806 facies
1799 1777 1839 1804 tibi

1058 1825 1107 1860 ipsi
1129 1825 1240 1858 idolum,
1257 1833 1344 1860 neque
1360 1826 1566 1853 similitudinem
1580 1825 1662 1852 ullam
1681 1829 1840 1860 qutecuuque

1058 1872 1084 1899 iu
1105 1872 1175 1900 cmlo
1192 1877 1267 1906 sunt,
1287 1877 1315 1899 et
1339 1879 1513 1907 quaecunque
1533 1872 1558 1899 in
1587 1877 1670 1903 terra,
1691 1876 1720 1898 ct
1738 1878 1795 1905 qua:
1817 1869 1839 1895 iu

1057 1918 1146 1952 aquis,
1165 1925 1218 1945 non
1239 1917 1367 1945 adorabis
1386 1924 1429 1950 ea,
1452 1925 1540 1952 neque
1556 1917 1630 1944 coles
1649 1924 1693 1944 ea.
1712 1925 1723 1942 ι

1093 1963 1144 1991 5.(
1162 1963 1218 1998 Ego
1237 1963 1310 1991 enitn
1343 1971 1402 1992 sum
1425 1963 1556 1991 Dominus
1573 1963 1644 1991 Deus
1675 1969 1749 1995 tuus,
1778 1962 1840 1989 Deus

1057 2010 1152 2038 zelans
1169 2009 1203 2036 "".
1226 2018 1236 2035 ι
1263 2009 1331 2037 Vide
1367 2009 1560 2044 benignitatem
1583 2009 1640 2042 Dei,
1663 2008 1797 2043 quomodo
1816 2012 1841 2033 ut

1058 2061 1107 2082 nos
1126 2053 1232 2085 doceat,
1252 2057 1279 2080 et
1299 2052 1436 2088 perfectos
1457 2053 1560 2086 faciat,
1591 2054 1648 2088 ipse
1670 2053 1839 2088 fragilitatem

1058 2099 1238 2127 humanorum
1264 2107 1316 2126 non
1351 2104 1462 2127 recusat
1490 2099 1646 2127 affectuum.
1677 2099 1747 2133 Quis
1774 2098 1840 2125 enim

1057 2146 1172 2173 audiens
1191 2145 1275 2173 Deunt
1296 2145 1432 2173 zelantem
1453 2153 1507 2173 non
1525 2146 1655 2172 coutitmo
1677 2146 1800 2175 miretur,
1817 2147 1840 2171 cl

1059 2192 1186 2219 humana:
1216 2191 1377 2227 fragilitatis
1412 2192 1508 2219 vitium
1540 2191 1636 2226 putet?
1673 2191 1728 2218 Sed
1758 2190 1840 2217 omnia

212 2236 264 2264 nit.
282 2235 358 2263 Tunc
375 2236 442 2263 dicit
459 2244 467 2263 :
482 2235 615 2264 Revertar
639 2236 665 2263 in
682 2236 792 2264 domum
816 2244 904 2264 meam
932 2237 1003 2265 unde
1017 2231 1041 2260 Ι)
1055 2243 1167 2273 propter
1186 2246 1236 2266 nos
1251 2239 1307 2273 agit
1325 2244 1351 2266 et
1382 2239 1486 2273 patitur
1513 2238 1596 2270 Deus,
1616 2243 1644 2265 et
1664 2243 1695 2265 ut
1712 2237 1839 2272 possimus

213 2282 298 2310 exivi.
308 2282 342 2310 Et
356 2283 379 2310 si
394 2282 508 2310 veniens
521 2282 656 2310 invenerit
670 2289 730 2310 eam
747 2288 902 2315 vacantem,
926 2291 1004 2310 mun-

213 2331 344 2358 datatnet
359 2335 496 2363 ornatam,
523 2330 605 2362 radit,
623 2335 651 2357 ct
680 2329 791 2357 adducit
815 2337 908 2357 secum
937 2330 1005 2357 alios

213 2381 316 2410 septem
331 2375 442 2410 spiritus
456 2376 601 2411 nequiores
613 2383 654 2408 se,
669 2380 698 2402 et
710 2376 843 2403 intrantes
858 2375 884 2402 in
896 2376 1003 2402 domum

212 2422 286 2449 illaut
300 2422 424 2448 habitant
441 2421 468 2448 in
485 2429 516 2448 ea
533 2420 600 2456 (5f).
615 2421 650 2448 Et
664 2425 746 2448 crunt
776 2421 924 2448 novissima
958 2421 1006 2448 ho-

212 2468 295 2495 tninis
309 2467 380 2494 illitis
397 2467 489 2502 pejora
504 2467 651 2502 prioribus.
671 2477 680 2492 ι
704 2467 765 2494 Htcc
783 2467 806 2493 si
819 2467 1005 2500 advertatnus,

212 2515 347 2548 quomodo
361 2521 507 2548 possumus
523 2514 562 2540 vel
578 2513 604 2540 itt
617 2520 703 2548 parvo
729 2512 900 2548 ncgligentiw
916 2513 1004 2540 locum

213 2559 299 2585 dare?
329 2559 466 2586 Habitavit
491 2558 548 2594 (3‘2)
582 2559 654 2586 cnim
684 2558 710 2585 iu
742 2558 821 2585 nobis
849 2558 1006 2586 immundus

212 2605 334 2640 spiritus,
350 2611 496 2639 antequam
522 2606 706 2635 crederemus,
726 2607 872 2638 antequam
900 2604 1006 2631 venire-

249 2664 271 2679 “
286 2663 368 2690 Eecli.
381 2673 407 2696 ιι,
423 2664 465 2690 14.
505 2663 526 2679 ⁸⁸
538 2663 572 2690 Ill
586 2663 641 2698 Reg
665 2671 743 2693 xvnt,
756 2662 803 2690 21.

213 2698 257 2726 26.
296 2698 424 2726 "llCor.
445 2707 482 2731 vt,
505 2699 548 2726 15.
609 2699 630 2714 ⁷¹
649 2699 713 2726 ibid.
732 2698 774 2726 16.

215 2795 221 2800 _
250 2759 306 2794 (3i)
323 2759 406 2792 Alias,
429 2769 438 2785 ι
461 2765 488 2786 et
508 2760 611 2786 intrans
632 2746 783 2786 iudoutnm
801 2758 873 2786 illaut
895 2759 1001 2786 habitat

260 2803 300 2820 L'il.

215 2803 306 2863 Νῶε)
318 2804 466 2863 .Ilabitavt'l,
487 2835 539 2856 etc.
557 2829 651 2856 Exstat
664 2830 707 2857 hic
723 2829 800 2858 locus
819 2830 889 2865 apud
903 2829 999 2857 lunam

842 2662 864 2678 ⁸⁷³
875 2662 969 2690 .Iacob.
982 2671 1002 2696 ι,
1014 2663 1041 2692 8.

814 2697 837 2714 θ’
859 2698 923 2725 ibid.
946 2698 987 2731 l7,
1011 2704 1038 2727 et

1057 2282 1177 2315 edoceri,
1195 2282 1266 2310 notis
1282 2287 1310 2309 et
1327 2282 1435 2309 usitatis
1455 2281 1600 2310 affectibus
1615 2281 1696 2309 nobis
1716 2281 1839 2315 loquitur.

1059 2329 1295 2365 Videamuscrgo
1322 2329 1386 2363 quid
1410 2335 1452 2356 est
1489 2328 1542 2357 hoc
1576 2329 1648 2364 quod
1686 2328 1763 2360 dicit,
1782 2326 1839 2361 quia

1059 2374 1131 2402 Deus
1150 2374 1241 2402 zelans
1259 2383 1309 2411 ego
1324 2382 1395 2403 sum.
1419 2374 1473 2402 Sed
1494 2379 1524 2402 ut
1542 2374 1721 2409 contemplari
1743 2372 1840 2401 facilius

1059 2421 1165 2456 possint
1184 2421 1287 2454 divina,
1322 2421 1355 2449 de
1378 2421 1522 2454 humanis,
1549 2421 1698 2449 secundum
1730 2427 1762 2448 ea
1788 2425 1842 2452 qua:

1059 2466 1186 2501 superius
1205 2466 1397 2498 disseruimus,
1416 2467 1566 2494 doceamur
1583 2465 1724 2500 exemplis.
1753 2462 1841 2492 Omnis

1059 2512 1156 2540 mulier
1175 2516 1222 2539 aut
1239 2512 1291 2539 sub
1310 2512 1368 2539 viro
1379 2517 1421 2539 est
1440 2516 1468 2539 et
1484 2511 1605 2546 subjecta
1637 2511 1742 2547 legibus
1773 2509 1839 2538 viri;

1059 2563 1105 2584 aut
1121 2558 1251 2585 meretrix
1269 2562 1320 2591 est,
1342 2563 1369 2585 et
1385 2558 1471 2585 utitur
1491 2558 1617 2586 libertate
1634 2557 1778 2594 peccandi:
1794 2554 1840 2588 Qui

1057 2611 1123 2639 ergo
1143 2603 1298 2638 ingreditur
1322 2604 1356 2631 ad
1379 2605 1550 2632 meretricem
1568 2624 1576 2637 ,
1603 2605 1655 2632 scit
1675 2611 1706 2631 se
1734 2604 1765 2632 ad
1786 2608 1841 2629 eam

1081 2664 1102 2680 "'
1116 2663 1218 2691 'l‘hren.
1233 2671 1252 2696 ι,
1264 2663 1291 2690 2.
1330 2664 1352 2680 ⁸⁵³
1364 2663 1444 2691 Osee.
1456 2671 1484 2696 n,
1503 2663 1529 2690 5.
1569 2663 1591 2679 ⁸³
1605 2662 1669 2690 Luc.
1683 2670 1724 2694 ιι,
1741 2662 1787 2694 ΞᾹ,
1799 2659 1842 2693 25,

1060 2698 1177 2731 lsa.t.n,
1198 2700 1241 2727 ll.
1279 2699 1302 2714 ⁷³
1319 2700 1406 2726 Exod.
1422 2707 1467 2733 xx,
1484 2699 1510 2731 3,
1531 2700 1559 2731 4,
1579 2698 1607 2727 5.
1652 2699 1676 2714 τ’
1697 2698 1764 2726 ibid.
1784 2697 1810 2724 5.

1055 2759 1195 2787 Aurelian.
1214 2768 1221 2786 ι
1237 2759 1273 2786 De
1287 2760 1371 2786 inslit.
1384 2758 1459 2790 Inita,
1475 2766 1536 2792 cap.
1555 2758 1599 2786 19.

1091 2795 1147 2830 (53)
1163 2795 1222 2821 Non
1235 2796 1302 2830 enini
1319 2795 1488 2830 (fontanae.
1506 2793 1694 2822 Exstatetiam
1708 2792 1753 2820 hic
1769 2792 1841 2819 locus

1057 2828 1126 2865 apud
1145 2831 1270 2858 eumdem
1291 2829 1397 2862 Jonam,
1419 2828 1530 2858 ibidem.
