1902 3063
68 102 118 128 357

679 101 711 129 IN
733 101 875 130 EXODUM
895 101 1033 130 IIOMILIA
1054 101 1120 129 \‘lll.

1647 105 1701 133 556

68 162 220 196 ingressum
251 168 314 188 esse
350 161 493 188 mulierem
513 169 573 196 qua:
593 161 736 196 prostituta
761 167 813 195 est,
835 165 859 188 et
877 163 897 190 Α
914 162 1055 189 munditiis
1068 161 1193 188 volutari.
1219 161 1294 194 Quot!
1310 167 1335 187 ct
1352 161 1372 188 si
1389 162 1459 188 forte
1476 161 1620 196 aliquando
1635 170 1698 190 eve—

69 208 177 235 cunclis
195 206 353 234 volentibus
374 212 465 242 patet;
484 213 510 234 et
534 207 666 242 indignari
689 216 741 235 non
762 213 860 242 potest,

69 254 91 281 si
105 262 167 280 cum
187 260 220 280 ea
244 253 328 280 etiam
350 253 420 280 alios
451 254 522 280 videt
545 259 693 282 amatores.
712 254 763 288 Qui
800 262 863 282 vero

70 298 193 334 legitimo
208 298 294 325 utitur
311 298 497 331 matrimonio,
516 306 570 325 non
598 299 699 333 patitur
731 299 770 326 uti
792 307 861 326 uxo-

71 351 126 370 rem
141 343 274 378 peccandi
295 347 431 378 potestate
446 343 518 378 (51),
539 343 584 369 sed
610 345 767 371 accemlitur
803 344 862 372 zelo

69 391 102 417 ad
123 390 283 417 castitatem
297 390 463 417 tnatritnonii
488 391 714 423 conservandam,
729 399 783 426 quo
801 398 863 425 pos-

71 436 105 463 sit
121 443 155 462 ex
177 443 210 463 ea
233 436 291 462 fieri
311 435 448 470 lcgitimus
467 440 553 470 pater.
573 436 631 463 lloc
651 444 717 471 ergo
736 437 861 472 exemplo

69 481 258 516 intelligantur.
276 488 385 507 onmem
405 481 535 513 animam,
550 485 596 508 attt
609 482 782 516 prostitutam
802 490 862 510 esse

70 527 253 558 daanouibus,
275 532 301 553 et
318 527 420 554 habere
440 526 571 561 plurimos
601 533 749 560 amatores,
770 528 807 555 ita
833 532 861 555 ut

69 573 153 600 intret
174 572 208 599 ad
227 580 288 599 eam
301 573 381 599 tnodo
402 573 512 607 quidem
527 573 641 608 spiritus
663 573 859 608 fornicationis,

68 619 114 646 illo
128 619 289 646 discedente
312 619 395 646 intret
414 619 526 654 spiritus
544 620 685 652 avaritiae,
711 626 770 655 post
791 621 861 648 hunc

68 667 164 693 veniat
182 665 320 700 superbiat
346 666 469 700 spiritus,
483 667 547 694 inde
564 667 621 699 irae,
653 667 716 694 inde
740 667 859 700 invidia,

69 718 131 748 post
152 714 236 740 etiam
252 721 328 740 vanzc
347 712 451 748 glorite,
471 712 571 748 aliique
602 721 661 740 ctttn
690 714 729 741 eis
752 713 859 748 plurimi

68 758 187 793 spiritus
211 758 352 785 inttuuudi.
369 757 416 786 lsti
435 763 525 787 autem
541 766 654 792 omnes,
685 760 720 786 ita
741 767 803 787 cum
822 760 861 787 iu-

70 805 143 832 lideli
165 804 258 832 anima
278 804 537 837 meretricantur,ut
556 804 625 831 alter
643 805 720 832 alteri
743 813 795 832 non
819 807 860 832 itt-

71 849 172 881 videal,
204 856 255 876 nec
275 849 409 885 zelotypia
430 855 590 877 moveantur
610 851 642 878 ad
671 851 797 879 invicem.
826 852 859 879 Et

70 895 133 929 quid
151 895 216 922 dico
236 896 308 930 quod
331 895 401 922 alter
420 896 536 924 alterum
552 905 607 924 non
625 897 772 924 excludat?
805 898 861 926 luto

70 943 96 966 et
113 939 234 966 inritant
255 948 284 968 se
303 941 439 974 invicem,
469 947 496 970 et
517 947 612 977 sponte
639 950 669 970 se
696 949 858 976 convocaut,

70 985 138 1012 sicut
161 986 244 1020 paulo
270 992 335 1014 ante
354 988 410 1022 jam
429 988 546 1016 diximus
571 989 643 1023 quod
667 989 694 1016 in
716 989 860 1024 Evangelio

71 1033 204 1066 scriptum
223 1038 264 1060 est
285 1033 318 1061 de
340 1034 385 1061 illo
403 1034 498 1069 spiritu
518 1035 563 1070 qtti
590 1035 658 1062 exiit.
682 1036 716 1063 ab
738 1036 859 1070 homine,

70 1084 98 1106 et
115 1087 260 1114 regressus
280 1080 394 1107 adduxit
410 1089 504 1108 secttm
524 1086 627 1115 septem
647 1083 715 1110 alios
746 1083 860 1117 nequius

71 1133 112 1152 res
131 1133 163 1153 se
182 1125 307 1161 spiritus,
341 1131 370 1153 ut
402 1126 428 1153 in
461 1135 513 1153 ttna
533 1127 624 1154 anima
643 1127 724 1154 simul
756 1128 861 1155 habita-

66 1176 141 1211 ‘rcnt.
157 1171 204 1198 Sic
224 1179 288 1207 ergo
319 1172 420 1199 nullam
440 1173 600 1208 zelotypiam
621 1178 774 1201 amatorum
796 1182 860 1202 suo-

71 1225 128 1244 rum
150 1218 259 1252 patitur
271 1219 371 1251 anima,
384 1227 445 1254 qua:
458 1219 625 1247 dtemouibus
645 1221 791 1254 prostituta
807 1225 858 1248 est.

71 1263 97 1290 Si
109 1271 178 1290 vero
192 1263 313 1299 legitimo
325 1265 470 1299 conjuncta
492 1266 527 1292 sit
545 1266 613 1297 viro,
633 1266 670 1292 illi
699 1266 758 1293 viro
782 1267 860 1301 cujus

70 1310 250 1337 matrimonio
274 1310 375 1337 Paulus
409 1311 514 1338 animas
540 1311 684 1346 conjungit
710 1317 736 1338 ct
762 1313 859 1344 sociat,

70 1355 138 1382 sicut
154 1360 181 1382 ct
198 1356 256 1390 ipse
273 1356 337 1384 dicit
351 1357 373 1372 ⁷⁵
389 1366 396 1384 :
416 1367 424 1383 ι
441 1355 528 1384 Statui
554 1358 626 1384 enim
654 1365 702 1384 vos
728 1359 772 1384 ttui
803 1358 861 1384 viro

69 1402 203 1437 virginem
218 1407 322 1429 castam
339 1404 471 1431 exhibere
485 1404 594 1432 Christo
610 1413 616 1436 ;
634 1413 644 1430 ›
665 1404 744 1439 160
773 1408 800 1431 cl
827 1404 860 1431 tle

70 1455 123 1482 quo
137 1449 164 1474 in
183 1448 337 1482 Evangeliis
347 1451 479 1485 scriptum
495 1451 529 1483 ⁷⁸,
542 1451 604 1485 quia
622 1458 668 1478 rex
681 1451 789 1485 quidam
821 1450 861 1478 ft:-

70 1494 106 1520 cit
120 1495 234 1529 nuptias
247 1494 303 1522 filio
323 1503 390 1527 suo;
418 1496 444 1522 in
472 1496 552 1530 hujus
578 1504 644 1532 ergo
674 1497 723 1523 viri
752 1497 860 1531 nuptias

70 1547 131 1566 cum
150 1547 181 1567 se
194 1541 286 1567 anima
299 1541 414 1574 dederit,
424 1547 451 1568 et
472 1542 621 1577 legitimum
637 1550 698 1569 cum
716 1549 749 1568 eo
763 1541 859 1569 sortita

71 1585 154 1612 ftterit
180 1587 385 1614 matrimonium
403 1587 478 1622 (55),
509 1588 692 1615 etiamsiqu
716 1587 862 1622 aliquando

72 1634 225 1667 peccatrix,
239 1633 345 1660 etiamsi
364 1635 535 1661 tncrctricata
553 1639 603 1667 est,
614 1639 702 1661 tamen
716 1634 779 1661 sise
799 1634 862 1662 huic

70 1678 128 1705 viro
144 1679 269 1712 tradidit,
288 1679 357 1706 ttltra
371 1687 430 1706 eam
447 1688 561 1714 peccare
582 1681 648 1707 non‘
664 1681 778 1714 patitur.
802 1678 860 1706 Non

71 1729 161 1758 potest
174 1725 250 1752 ferre
269 1729 298 1752 ut
315 1733 421 1752 rursum
437 1727 525 1752 anima
551 1733 611 1759 qua:
637 1733 667 1753 se
693 1726 789 1753 sortita
820 1729 863 1753 est

71 1771 174 1802 virum,
191 1770 295 1798 alludat
308 1777 370 1798 cum
383 1771 523 1804 adulteris,
539 1772 602 1806 quia
626 1772 762 1798 excitatur
777 1779 861 1806 super

69 1825 129 1846 eam
147 1817 225 1844 zelus
241 1816 298 1850 cjus
314 1817 376 1850 viri,
394 1823 419 1844 et
431 1817 551 1845 defendit
565 1818 683 1853 conjugii
694 1818 859 1846 castitatem.

69 1863 104 1891 Et
116 1864 179 1891 ideo
193 1863 287 1890 zelans
299 1864 399 1891 dicitur
416 1864 556 1896 Dominus,
569 1864 633 1899 quia
661 1864 781 1891 animam
809 1865 861 1891 sibi

70 1909 258 1944 mancipatam
289 1918 341 1936 tton
378 1909 481 1945 patitur
513 1909 681 1937 daemonibus
706 1909 861 1937 admisceri.

69 1957 199 1991 Alioquin
213 1957 235 1983 si
252 1964 313 1984 eam
329 1955 426 1983 viderit
445 1959 624 1983 temerantem
645 1955 707 1990 jura
733 1955 860 1991 coniugii,

69 2008 96 2028 ct
113 2001 288 2029 occasionem
312 2007 436 2035 quaerere
464 2001 498 2028 ad
522 2000 702 2035 peccandum,
728 2005 808 2032 tunc,
834 2005 863 2028 ut

65 2048 206 2082 scriptum
225 2051 280 2079 est,
298 2048 344 2074 dat
360 2047 383 2074 ei
406 2045 527 2073 libellum
555 2045 671 2080 repudii,
698 2050 725 2072 et
752 2046 864 2073 dimittit.

69 2101 128 2121 eam
144 2093 242 2121 dicens
257 2093 280 2109 ⁷⁷
300 2102 306 2119 :
324 2101 334 2119 α
365 2092 415 2120 Ubi
439 2096 482 2119 est
506 2091 616 2119 libellus
632 2092 734 2126 repudii
768 2092 863 2119 matris

71 2145 170 2167 vestras
182 2146 239 2174 quo
251 2139 331 2166 divisi
349 2139 432 2166 eam?
454 2149 464 2165 ι
477 2138 579 2172 Quibus
592 2138 675 2165 etiatu
694 2137 769 2165 addit
782 2142 809 2164 et
824 2137 863 2164 di-

877 838 898 867 Β

914 209 972 235 niat
989 208 1145 240 infeliciter,
1163 208 1259 234 Saltem
1281 212 1309 234 ut
1322 212 1509 238 convertatur,
1522 212 1549 234 ct
1573 210 1663 234 rcdcal
1676 216 1701 234 ct

914 254 1054 287 paeniteat,
1074 255 1216 280 miseratus
1243 259 1392 286 exspectat.
1422 253 1525 280 Novmn
1550 254 1622 280 enim
1650 254 1701 280 hoc

913 300 1043 327 bonitatis
1059 306 1101 328 est
1115 308 1212 335 genus,
1230 304 1259 326 ιιι
1284 299 1367 327 etiam
1392 303 1453 334 post
1467 300 1630 327 adulterium
1663 306 1704 327 re-

913 350 1064 372 vertentem
1092 350 1181 372 tamen
1210 349 1238 371 et
1264 352 1295 371 ex
1327 349 1383 372 toto
1408 344 1489 372 corde
1522 344 1701 378 pcenitentem

913 392 1043 426 suscipiat
1057 392 1186 418 animam.
1202 391 1278 417 Sicut
1294 395 1321 418 et
1337 391 1394 424 ipse
1411 398 1458 424 per
1476 391 1634 424 prophetam
1657 389 1699 416 dis

912 437 948 465 cit
961 437 984 453 "
1001 446 1008 465 :
1028 446 1037 462 ι
1057 436 1184 472 Nunquid
1199 437 1297 463 mulier
1314 437 1336 463 si
1349 436 1445 464 exierit
1460 444 1474 462 a
1491 437 1560 467 viro,
1583 440 1611 463 et
1636 436 1702 463 dor-

913 483 1004 511 mierit
1015 491 1076 510 cum
1089 483 1143 510 alio
1158 483 1228 513 viro.
1256 487 1407 510 revertetur
1427 483 1461 508 ad
1484 481 1574 508 virum
1601 481 1703 509 suum?

912 528 1007 556 Nonne
1017 528 1248 556 conlatninatioue
1263 527 1515 554 contantinabitur?
1543 525 1582 554 Τιι
1609 533 1699 554 autem

913 575 1043 602 fornicata
1058 582 1088 602 es
1103 581 1163 601 cum
1179 573 1347 600 amatoribus
1364 572 1456 599 multis
1468 593 1476 604 ,
1498 577 1525 599 et
1541 574 1700 600 reverteba-

913 622 951 647 ris
965 621 999 647 ad
1015 627 1068 647 me.
1088 629 1097 645 ι
1111 619 1176 647 Item
1190 619 1252 645 alibi
1269 618 1334 646 dicit
1354 618 1376 634 τ’
1396 627 1402 645 :
1423 627 1432 643 ι
1469 618 1499 644 Et
1524 624 1700 652 posteaquam

913 666 1044 693 fornicata
1068 673 1097 693 es
1115 666 1141 692 in
1159 665 1286 692 omnibus
1305 664 1358 695 his,
1385 664 1439 690 dixi
1462 673 1469 691 :
1494 663 1640 691 Revertere
1668 664 1701 690 ad

915 717 977 741 nnc;
994 714 1084 736 etnec
1102 709 1142 735 sic
1160 716 1269 736 reversa
1298 716 1339 739 cs,
1365 708 1431 735 dicit
1456 708 1595 735 Dominus.
1616 717 1625 734 ι
1652 708 1701 735 llic

911 761 977 788 ergo
1001 754 1072 780 Deus
1085 754 1176 780 aclaus
1191 753 1213 780 si
1241 752 1356 787 requirit.
1370 757 1397 780 et
1420 753 1560 781 desiderat
1581 753 1700 780 animam

914 805 985 827 tuam
1003 801 1143 826 adlucrere
1161 799 1224 831 sibi,
1243 799 1264 826 si
1282 803 1306 826 te
1323 803 1415 826 servat
1427 806 1442 826 a
1455 803 1566 833 peccato
1581 818 1589 831 ,
1602 800 1624 826 si
1640 807 1702 827 eor-

913 846 986 881 ripit,
997 845 1018 872 si
1033 846 1158 880 castigat,
1171 846 1193 872 si
1211 845 1381 880 indignatur,
1393 846 1416 873 si
1436 845 1578 877 irascitur,
1592 850 1620 872 et
1643 845 1701 872 vel~

911 898 940 920 ut
957 893 1090 928 zelotypia
1113 893 1231 926 quadam
1248 900 1312 927 erga
1329 896 1355 920 te
1368 893 1464 925 utitur,
1486 899 1562 926 spem
1578 891 1624 919 tibi
1641 899 1702 920 esse

911 939 1007 967 salutis
1021 946 1150 974 agnosce.
1169 939 1197 966 Si
1211 946 1276 966 vero
1291 939 1442 973 castigatus
1471 947 1522 966 non
1550 938 1699 973 resipiscis,

911 989 1051 1019 correptus
1077 992 1128 1011 non
1153 984 1310 1011 emcndaris
1338 984 1394 1019 (56)
1411 1004 1419 1016 ,
1449 983 1609 1010 verberatus
1636 991 1701 1010 con-

912 1031 1024 1064 temnis;
1040 1031 1109 1058 scito
1121 1031 1191 1065 quod
1206 1030 1228 1056 si
1245 1038 1366 1065 cousque
1382 1030 1519 1065 peccando
1540 1029 1699 1064 profeceris,

911 1075 1027 1103 discedit
1040 1083 1054 1102 a
1074 1081 1100 1103 te
1117 1075 1190 1102 zelus
1204 1075 1273 1110 ejus,
1288 1080 1317 1102 et
1335 1075 1444 1102 dicetur
1461 1075 1509 1102 tibi
1528 1075 1605 1106 illud,
1629 1075 1700 1109 quod

911 1130 960 1157 per
969 1121 1136 1149 Ezecltielem
1147 1123 1305 1156 prophetam
1315 1121 1348 1149 ad
1364 1120 1533 1148 Hierusalem
1543 1120 1642 1147 dicitur
1653 1121 1676 1135 "
1691 1129 1698 1147 :

914 1178 923 1194 ι
945 1168 1091 1203 Propterea
1108 1167 1229 1194 discedet
1246 1166 1319 1194 zelus
1333 1174 1409 1194 meus
1426 1174 1440 1193 a
1461 1171 1486 1193 te
1497 1186 1504 1198 ,
1522 1170 1550 1193 et
1567 1174 1619 1194 non
1643 1167 1699 1193 ira-

912 1221 973 1241 scar
988 1214 1057 1240 ultra
1073 1220 1155 1247 super
1173 1217 1208 1240 te.
1227 1222 1236 1238 ι
1251 1211 1319 1239 Vide
1335 1211 1550 1239 misericordiam
1569 1216 1597 1239 et
1617 1212 1700 1246 pieta-

911 1267 966 1289 tcm
984 1262 1046 1289 boni
1061 1261 1121 1288 Dei.
1139 1260 1252 1294 Quando
1268 1259 1323 1287 vult
1355 1259 1492 1292 misereri,
1508 1259 1644 1294 indignari
1671 1266 1700 1286 se

912 1310 989 1340 dicit,
1004 1314 1031 1336 et
1047 1307 1141 1340 irasci,
1157 1307 1229 1334 sicut
1245 1314 1294 1341 per
1308 1306 1454 1334 Jeremlam
1473 1306 1537 1333 dicit
1553 1306 1574 1322 ⁸¹
1592 1315 1600 1332 ;
1623 1315 1632 1332 ι
1652 1306 1702 1338 Do-

912 1355 968 1382 lore
990 1359 1017 1381 ει
1042 1353 1147 1388 ﬂagello
1174 1352 1362 1386 castigabctis,
1395 1351 1575 1382 llicrusalcm,
1603 1351 1640 1378 uti
1666 1358 1700 1377 ue

911 1401 1039 1428 abscedat
1051 1400 1142 1426 anima
1158 1406 1215 1425 mea
1233 1399 1282 1424 abs
1298 1402 1333 1424 te.
1351 1407 1360 1423 ι
1375 1397 1436 1424 lbcc
1451 1398 1472 1424 si
1488 1397 1627 1431 intelligis.
1647 1398 1694 1423 mi-

913 1448 1032 1474 serantis
1047 1447 1092 1474 Dci
1107 1453 1156 1473 vox
1171 1450 1231 1477 cst;
1247 1445 1290 1471 ttbi
1319 1444 1445 1471 irascitur
1473 1449 1499 1470 et
1521 1443 1636 1475 zelatur,
1663 1443 1698 1470 ibi

913 1493 1025 1520 adhibet
1047 1492 1153 1519 dolores
1175 1495 1201 1518 et
1222 1490 1346 1518 verhcra.
1370 1498 1379 1514 ι
1399 1489 1531 1524 Flagellat
1549 1489 1620 1516 cuitu
1641 1496 1700 1515 om-

913 1547 973 1566 nem
987 1539 1070 1565 filium
1084 1545 1164 1572 qucm
1181 1536 1275 1571 recipit
1286 1536 1320 1562 ".
1335 1545 1344 1561 ›
1358 1534 1402 1561 Vis
1416 1540 1505 1562 autem
1523 1535 1616 1561 audire
1629 1535 1700 1561 iudi-

911 1585 1019 1621 guantis
1037 1584 1082 1611 Dei
1106 1583 1255 1611 terribiletu
1268 1583 1381 1610 vocem?
1403 1582 1468 1608 Audi
1486 1581 1557 1615 quod
1572 1581 1635 1607 dicit
1653 1588 1701 1615 μοι·

913 1632 1073 1666 prophetam
1088 1638 1095 1661 ;
1113 1637 1173 1656 cum
1185 1633 1370 1656 enumerasset
1398 1627 1480 1654 multa
1497 1626 1611 1653 nefanda
1639 1634 1700 1660 qua:

913 1677 1087 1704 commiserat
1101 1674 1227 1709 populus,
1244 1673 1318 1700 addit
1335 1673 1416 1700 etiam
1431 1672 1487 1699 haec
1501 1672 1523 1687 ⁸³
1538 1680 1544 1698 :
1564 1681 1572 1696 I
1590 1672 1618 1698 Et
1639 1679 1701 1706 pro-

912 1727 972 1757 pter
993 1722 1054 1752 boc.
1074 1721 1172 1755 inquit,
1194 1727 1246 1747 non
1267 1718 1382 1746 visitabo
1403 1725 1485 1752 super
1506 1717 1574 1744 filias
1595 1723 1700 1744 vestras

912 1775 974 1795 cutn
988 1766 1166 1796 fornicautttr,
1185 1771 1273 1799 neque
1295 1771 1377 1797 super
1397 1770 1479 1790 uurus
1504 1767 1609 1789 Vestras
1639 1770 1699 1789 ctttn

914 1814 1094 1841 mmchautur.
1113 1820 1122 1838 ι
1144 1811 1200 1839 Hoc
1222 1815 1263 1838 est
1292 1809 1431 1839 terribile,
1455 1811 1504 1835 hoc
1534 1812 1698 1840 extremum,

911 1867 973 1887 cum
992 1858 1046 1893 jam
1059 1865 1112 1885 non
1126 1857 1289 1891 corripintur
1301 1862 1349 1889 pro
1361 1854 1562 1888 pcccatis,cum
1580 1852 1635 1886 jam
1648 1860 1699 1879 non

913 1905 1076 1940 corrigimur
1087 1903 1286 1936 delinquentes.
1309 1900 1385 1927 Tune
1398 1899 1469 1926 euitn
1487 1907 1549 1926 Clllll
1571 1905 1701 1925 excesse-

914 1953 999 1980 rimus
1018 1949 1148 1986 peccandi
1172 1948 1292 1980 modum,
1309 1946 1380 1973 Deus
1392 1945 1483 1973 zelans
1498 1945 1596 1972 avertit
1619 1952 1634 1970 a
1655 1952 1701 1971 uo-

913 1999 955 2027 bis
972 1998 1058 2025 zelum
1073 2003 1164 2027 suum,
1192 1994 1264 2021 sicut
1282 1992 1410 2028 superius
1423 1991 1493 2019 dixit
1507 1991 1531 2007 "
1551 1999 1558 2017 :
1591 1999 1600 2016 ι
1616 1989 1701 2016 Aufe-

914 2047 988 2070 retur
1001 2041 1073 2069 enitn
1090 2039 1164 2067 zelus
1176 2045 1255 2066 meus
1268 2046 1284 2064 ιι
1302 2042 1337 2069 te,
1355 2041 1382 2063 et
1415 2044 1466 2063 tton
1488 2035 1593 2063 irascar
1612 2042 1695 2068 super

913 2077 940 2113 te
954 2086 1036 2113 ultra.
1061 2095 1069 2112 ι
1090 2084 1154 2112 "me
1166 2083 1199 2111 de
1213 2089 1246 2110 eo
1261 2082 1332 2117 quod
1349 2080 1450 2108 dictant
1467 2084 1509 2109 est
1525 2086 1534 2107 :
1549 2088 1559 2105 ι
1577 2079 1648 2107 Deus
1660 2086 1702 2106 ze-

915 2130 986 2160 Iaus.
1003 2140 1012 2157 ι

71 2187 129 2213 cit:
147 2195 158 2211 ι
183 2186 255 2212 Ecce
281 2186 402 2220 peccatis
430 2186 529 2213 vestris
552 2184 698 2211 vcuttndati
725 2184 809 2216 estis,
835 2187 860 2211 et

953 2175 980 2203 6.
994 2174 1140 2202 Videamus
1161 2179 1234 2200 nunc
1250 2176 1276 2199 ct
1300 2171 1372 2206 quod
1405 2170 1538 2205 sequitur,
1567 2169 1702 2204 quomodo

70 2238 184 2267 propter
199 2232 356 2266 iniquitates
367 2237 470 2258 vestras
483 2231 571 2257 dimisi
586 2234 699 2256 matrem
714 2233 860 2256 vestram.)

71 2278 133 2305 lla-c
151 2278 197 2311 qui
217 2277 337 2312 loquitur
367 2277 460 2304 zelans
487 2282 538 2306 est.
567 2280 592 2303 et
626 2275 684 2302 zelo
709 2279 862 2302 commotus

72 2325 128 2352 hac
143 2325 225 2355 dicit;
243 2328 305 2358 post
320 2323 488 2358 agnitionem
503 2323 574 2350 enim
588 2322 649 2355 sui,
672 2327 732 2356 post
761 2321 861 2348 illumi-

74 2370 214 2396 nationent
235 2370 311 2396 verbi
343 2368 439 2400 divini,
469 2373 529 2402 post
563 2368 679 2403 gratiam
713 2367 860 2402 baptismi,

73 2422 130 2450 post
143 2416 346 2443 confessionem
360 2416 434 2448 fidei,
448 2420 475 2443 et
491 2420 530 2442 tot
553 2414 691 2448 tantisque
707 2420 862 2440 sacramen-

73 2464 106 2490 tis
120 2462 328 2490 matrimonium
350 2463 555 2493 confirmatum,
583 2467 636 2487 non
654 2457 709 2485 vult
725 2465 774 2484 nos
792 2457 860 2484 ultra

71 2516 198 2542 μεθείη-ιε,
216 2517 268 2536 non
287 2507 521 2543 patiluranintam
537 2505 614 2540 cujus
629 2505 686 2539 ipse
714 2503 756 2530 vel
782 2510 862 2538 spon-

74 2564 128 2588 sus,
148 2556 188 2582 vel
218 2555 258 2582 vir
279 2555 435 2590 appellatur
449 2574 455 2585 ,
483 2560 544 2579 cum
567 2549 734 2578 tlttlntouibus
759 2548 861 2580 ludere,

73 2603 186 2629 scortari
197 2610 257 2628 cum
270 2600 423 2633 immundis
435 2598 587 2634 spiritibus,
602 2603 662 2623 cum
676 2594 749 2620 vitiis
761 2598 788 2620 et
811 2594 863 2620 im-

104 2672 128 2688 "
143 2672 163 2699 ll
180 2671 244 2699 Cor.
264 2680 302 2703 ιιι,
322 2672 350 2698 '2.
390 2670 413 2686 ’¹⁶
434 2669 527 2696 Matth.
546 2676 613 2698 χχιι,
630 2667 656 2703 ‘27.
694 2666 717 2703 7f
734 2665 865 2703 lsa.t._,1.

70 2715 106 2740 Vt,
118 2708 145 2736 8.
183 2708 281 2735 ⁸³11ρ1ι.
296 2702 349 2739 xu,
371 2705 398 2732 6.
435 2704 458 2720 ⁸³
473 2704 552 2731 Osce.
571 2711 608 2735 tv,
625 2702 667 2728 14.

105 2770 159 2805 (51)
179 2770 264 2801 Alias,
280 2778 290 2794 ε
306 2769 335 2795 in
352 2772 439 2805 uxore
450 2768 611 2798 potestatem
631 2760 799 2805 p_eccqndi._t

106 2796 161 2840 (35’)
181 2796 266 2839 Alias,
292 2814 302 2830 ι
325 2808 353 2830 et
368 2796 487 2837 legitimo
504 2806 565 2826 cum
586 2797 683 2826 sortita
704 2796 784 2823 fuerit
806 2801 862 2822 ma-

74 2842 203 2869 trimonio.
228 2851 237 2867 ι

901 2663 924 2678 ⁷⁸
940 2661 995 2689 Jer.
1009 2669 1049 2692 ιιι,
1066 2660 1090 2687 1.

704 2701 727 2716 ⁸⁸
743 2700 842 2727 Ezech.
864 2706 920 2730 xw,
941 2697 985 2724 45.

917 2222 992 2250 reddi
1011 2221 1141 2248 dicuntur
1156 2223 1267 2254 peccata
1281 2222 1388 2252 patrtttu
1403 2217 1428 2243 in
1442 2216 1521 2247 filios,
1541 2216 1566 2242 in
1595 2214 1701 2242 tertiam

915 2273 942 2295 et
954 2272 1077 2303 quartatn
1091 2265 1262 2301 progeniem.
1284 2264 1312 2290 lu
1331 2263 1380 2290 hoc
1407 2262 1479 2288 enim
1504 2267 1632 2287 sermone
1662 2267 1703 2286 so-

915 2315 973 2342 lent
986 2320 1035 2340 nos
1048 2310 1168 2339 haeretici
1183 2309 1342 2344 suggillare,
1363 2308 1433 2342 quad
1446 2314 1499 2334 non
1512 2307 1547 2333 sit
1567 2305 1629 2333 boni
1652 2305 1700 2332 Dei

915 2366 1016 2391 sermo,
1035 2358 1080 2393 qui
1096 2366 1145 2392 pro
1156 2356 1273 2391 peccatis
1291 2354 1403 2381 alterius
1420 2353 1502 2380 aliutu
1521 2351 1602 2387 plecti
1619 2351 1701 2377 dicat.

915 2406 969 2434 Sed
985 2404 1133 2432 secundum
1155 2395 1274 2437 ipsorum
1295 2401 1439 2433 rationem,
1459 2399 1503 2432 qui
1530 2398 1613 2424 Deum
1636 2396 1702 2431 legis

915 2451 1087 2480 mandantem
1100 2450 1157 2477 htcc
1175 2449 1238 2476 licet
1255 2456 1306 2476 tton
1328 2448 1428 2473 bouttm
1445 2445 1513 2480 (37),
1535 2444 1637 2477 justum
1661 2447 1701 2468 ta-

917 2505 977 2524 uzcn
995 2497 1106 2525 dicunt,
1127 2502 1159 2521 ne
1183 2494 1233 2528 ipsi
1261 2494 1369 2527 quidem
1401 2493 1512 2524 possunt
1544 2488 1700 2517 ostendere,

917 2543 1051 2578 quotttotlo
1065 2541 1210 2568 scentulum
1231 2547 1340 2567 sensum
1356 2545 1432 2565 suum
1443 2535 1555 2570 justitia:
1569 2541 1624 2560 sua:
1636 2540 1704 2571 cou-

919 2590 1012 2616 vcnire
1028 2588 1168 2617 videatur,
1194 2585 1216 2612 si
1243 2585 1312 2611 alius
1337 2583 1390 2609 alio
1415 2585 1543 2616 peccante
1565 2578 1701 2614 puniatur.

1128 2659 1151 2675 7“
1168 2657 1233 2685 ibid.
1246 2657 1272 2682 7.
1310 2656 1333 2671 5"
1349 2654 1446 2682 Ezech.
1460 2661 1515 2685 xvt,
1531 2652 1575 2678 45.
1609 2651 1630 2666 ⁸¹
1645 2649 1702 2680 der.

951 2755 1007 2789 (56)
1029 2754 1113 2786 Alias,
1136 2762 1145 2778 ι
1168 2755 1310 2789 corrcctus
1331 2757 1382 2776 non
1395 2747 1559 2789 emendaris.
1577 2755 1586 2772 ι

951 2781 1008 2825 ibi)
1029 2781 1114 2823 Alias,
1135 2797 1144 2814 ι
1159 2788 1222 2815 dum
1239 2786 1304 2821 legis
1323 2785 1480 2812 mandatum
1500 2783 1566 2810 licet
1587 2789 1639 2809 non
1653 2781 1701 2808 bo-

915 2834 990 2854 num.
1015 2835 1023 2851 I
