1894 3059
199 121 250 149 33‘)

934 111 1093 142 ORIGENIS
1770 109 1816 138 5th

200 183 330 216 Superest
342 180 425 215 igitur
442 184 470 206 ut
486 177 630 206 Dominum
651 176 840 211 deprecemur,
857 180 886 202 ut
900 180 989 202 osteu-
1003 178 1024 205 Α
1041 173 1158 200 mundus
1176 173 1201 199 iu
1225 173 1276 199 hoc
1301 171 1411 203 saeculo,
1438 177 1526 204 neqtte
1546 170 1692 205 corripitur
1707 178 1753 204 pro
1765 178 1821 205 pec-

199 228 334 255 datnobis
350 226 486 262 quomodo
503 229 637 259 przeccpta
672 222 729 249 haec
759 223 833 257 justo
861 222 988 255 bonoque

199 271 365 300 conveniant
380 270 444 297 Deo.
462 269 539 302 Sa'pc
556 268 611 302 jam
630 267 760 298 diximus,
772 267 843 302 quod
864 266 988 300 Scriptu-

201 325 239 346 rae
257 317 353 344 diviua-
374 323 426 342 non
438 315 528 342 omnia
548 315 580 341 ad
591 313 759 340 exteriorem
778 313 926 344 hominem,
941 312 988 338 sed

200 364 325 398 perplura
343 363 376 388 ad
394 361 552 388 interiorem
574 360 732 394 loquuntur.
770 358 886 385 Interior
907 358 989 392 igitur

201 409 283 436 homo
298 414 391 435 noster
403 412 450 433 aut
463 407 546 433 Deunt
569 405 668 432 (lit‘illll'
682 405 783 431 habere
815 410 938 438 patrem,
966 404 988 430 si

201 454 348 482 secundum
363 453 446 479 Deum
462 451 538 481 vivit,
554 455 581 477 et
593 457 653 484 qua:
670 449 715 476 Dei
750 455 813 477 sunt
840 450 895 484 agit
911 458 918 482 ;
943 453 989 475 aut

200 500 349 529 diabolum,
364 499 385 525 si
402 499 427 524 itt
444 496 564 531 peccatis
584 496 630 527 sit,
647 501 673 522 et
688 496 840 522 voluntates
857 495 928 522 illitts
944 503 990 529 ge—

201 550 243 572 rat
259 555 266 572 :
285 545 356 571 sicut
375 544 518 570 evidenter
531 542 558 568 itt
591 541 743 574 Evangeliis
760 540 886 567 Salvator
897 547 991 567 Osten-

201 592 252 623 dit,
264 598 324 616 cum
335 590 402 616 dicit
414 590 436 605 ⁸⁵
454 598 460 615 :
477 599 486 614 ι
508 587 562 614 Vos
576 587 610 613 de
639 593 715 620 patre
739 587 846 613 dtabolo
873 587 949 618 estis,
964 591 990 613 et

202 637 335 664 desideria
357 635 441 670 patris
458 635 540 661 vestri
556 635 648 661 facere
661 634 752 661 vultis.
779 632 826 659 ille
852 633 989 659 homicida

203 683 254 710 fuit
269 684 302 708 ab
316 681 403 712 initio,
416 686 441 707 et
455 681 481 706 in
497 680 611 706 veritate
629 688 680 706 non
703 680 790 706 stetit.
807 688 815 704 ι
830 679 907 704 Sicut
926 685 990 711 ergo

203 736 296 755 semen
312 727 357 754 Dei
373 728 398 753 in
416 726 599 752 uobisdicitur
611 733 731 756 manere,
746 733 807 752 cum
821 725 931 750 verbum
943 723 989 750 Dei

203 779 344 802 sermones
365 773 390 799 in
407 772 483 799 nobis
502 780 554 798 non
571 779 728 806 peccamus,
752 776 780 797 ιιι
806 770 925 798 Joannes
951 770 990 796 di-

203 821 239 848 cit
258 819 282 835 “
299 829 304 846 :
324 828 332 844 ι
350 819 399 852 Qui
418 823 507 844 autent
533 825 565 844 cx
585 817 638 844 Deo
652 823 714 850 est,
732 825 783 843 uou
800 821 905 850 peccat,
927 815 989 849 quia

1039 225 1110 250 cato,
1123 226 1210 254 neque
1222 218 1373 254 ﬂagellatur
1393 227 1399 244 :
1425 218 1516 245 omnia
1544 224 1661 250 namque
1679 217 1701 244 ei
1723 223 1820 244 servata

1039 271 1103 297 sunt
1120 266 1145 292 itt
1159 265 1279 292 futurum
1294 264 1361 299 (40).
1380 263 1456 291 Unde
1469 269 1497 290 et
1511 263 1569 297 ipse
1586 263 1675 290 sciens
1689 263 1739 290 sibi
1755 263 1820 290 istud

1040 316 1170 338 statutum
1191 315 1297 344 tempus
1309 317 1366 336 esse
1379 315 1536 343 poenarum,
1553 308 1661 335 dicebat
1680 308 1712 335 ad
1736 308 1823 335 Salva-

1041 363 1126 384 torem
1146 357 1169 374 ”
1189 367 1195 384 :
1222 366 1231 382 ί
1254 357 1325 390 Quid
1354 355 1449 383 venisti
1481 360 1545 382 ante
1577 359 1682 390 tempus
1704 360 1824 389 torquere

1042 404 1108 430 nos?
1127 414 1136 429 ι
1161 403 1228 430 Dum
1243 410 1308 438 ergo
1319 407 1373 430 stat
1391 403 1434 429 ltic
1449 402 1576 434 mundus,
1591 407 1699 435 peccata
1712 408 1758 428 sua
1774 409 1822 427 non

1041 449 1137 482 recipit
1160 448 1294 479 diabolus,
1315 448 1362 482 qui
1382 452 1423 475 est
1448 447 1620 481 peccantium
1643 451 1731 481 pater.
1757 446 1822 474 Red-

1041 495 1142 522 duntur
1156 499 1245 521 autem
1261 494 1287 520 itt
1312 493 1380 520 lilios
1395 513 1402 525 .
1427 493 1452 520 id
1477 498 1517 520 est
1537 493 1563 519 in
1587 500 1634 520 eos
1650 500 1716 527 quos
1739 493 1824 527 genuit

1042 548 1090 574 per
1120 544 1273 574 peccatum.
1302 539 1406 565 Etenim
1434 539 1557 565 homines
1582 538 1608 565 itt
1642 546 1724 565 carttc
1751 537 1823 572 positi

1041 587 1226 620 corripiuntur
1245 586 1259 612 ἐι
1279 585 1405 617 Domino,
1434 586 1625 616 verberantur,
1645 584 1821 619 ﬂagellantur.

1041 631 1099 660 Non
1112 633 1182 659 enim
1198 632 1253 658 vult
1265 631 1395 658 Dominus
1418 636 1531 658 tuortetn
1550 630 1703 665 peccatoris
1715 650 1722 662 ,
1741 630 1785 657 sed
1799 635 1825 656 ιιι

1042 683 1205 710 revertatur,
1230 682 1256 704 el
1277 677 1351 704 vivat
1373 677 1407 703 ".
1431 676 1463 703 Et
1485 681 1628 710 propterea
1651 675 1781 710 benignus
1801 681 1825 702 et

1042 726 1198 752 misericors
1210 724 1339 750 Dominus
1354 722 1440 750 reddit
1457 726 1567 757 peccata
1584 727 1690 758 patrum
1706 723 1731 748 in
1749 722 1824 752 lilios,

1043 776 1071 797 ut
1086 770 1213 805 quottiatn
1226 776 1327 804 pattcs,
1344 769 1370 796 id
1396 773 1438 795 est
1454 768 1577 796 diabolus
1595 772 1623 795 et
1646 769 1734 802 augeti
1761 768 1824 802 ejus,

1042 817 1187 850 czeterique
1204 816 1340 850 principes
1366 816 1459 842 mundi
1474 815 1554 848 hujus
1568 819 1596 841 et
1618 819 1742 841 rectotcs
1760 819 1826 840 tene-

203 873 295 893 seutcn
309 865 353 891 Dii
370 870 464 890 manet
481 863 507 889 itt
526 871 576 893 eo;
593 872 602 887 ι
628 863 664 889 ita
681 863 761 889 etiam
777 870 839 889 cttttt
857 870 871 888 a
884 861 991 888 diabolo
1007 849 1028 876 Β
1043 849 1154 888 brat-uni
1169 849 1263 888 harum
1282 860 1321 895 (et
1336 860 1386 895 ipsi
1400 861 1472 887 enim
1489 860 1644 887 elliciuutur
1664 864 1755 894 patres
1770 866 1825 893 pec-

203 914 237 940 ad
271 912 440 948 peccandum
469 911 638 943 suademur,
666 919 760 938 semen
791 910 849 945 ejus
879 910 992 945 suscipi-

205 959 342 993 mus(58).
358 958 423 985 (‘.um
439 965 503 985 vero
525 957 607 984 etiam
630 957 775 991 implemus
800 957 871 991 quod
899 964 992 984 suase-

207 1005 250 1036 rit.
263 1010 326 1031 tuuc
338 1003 394 1037 jam
412 1008 438 1030 et
453 1004 547 1038 genuit
571 1010 629 1030 nos.
649 1002 792 1030 Nascitunr
805 1003 876 1029 enim
895 1003 919 1029 ei
945 1002 991 1028 lilii

205 1058 252 1085 per
265 1054 414 1084 peccatum.
431 1048 530 1076 Verum
543 1048 672 1083 quoniam
694 1053 841 1083 peccantes
863 1049 905 1075 vix
936 1047 993 1075 fere

204 1096 315 1125 accidit,
337 1100 366 1121 ut
391 1095 449 1121 sine
468 1094 592 1129 adjutore
615 1100 771 1128 peccemus,
794 1093 841 1120 sed
853 1097 898 1119 attt
913 1092 991 1118 titini-

205 1146 278 1168 siros
292 1140 408 1175 peccati,
419 1145 466 1166 attt
478 1140 616 1174 adjutores
632 1145 739 1172 semper
750 1137 923 1172 requirimus;
936 1145 994 1164 vcr-

206 1187 233 1215 bi
247 1195 345 1220 causa,
361 1187 382 1213 si
412 1186 574 1213 adulteriunt
595 1184 657 1219 quis
686 1183 808 1216 molitur,
832 1192 885 1211 non
905 1188 994 1218 potest

206 1233 258 1261 hoc
271 1234 344 1260 solus
360 1233 517 1263 admittere,
534 1232 582 1258 sed
598 1237 709 1258 necesse
740 1235 781 1257 est
809 1230 890 1257 etiarn
917 1229 994 1257 adul-

209 1285 294 1306 teram
320 1283 478 1306 consorteut
501 1278 559 1304 ﬁeri
594 1278 748 1312 sociamque
775 1277 895 1312 peccati;
930 1281 994 1304 tunc

208 1331 338 1359 przcterea
382 1325 432 1351 etsi
473 1331 526 1351 non
570 1324 683 1359 plures,
719 1330 779 1351 esse
815 1328 904 1350 tamen
947 1331 994 1350 ne-

208 1377 286 1398 cesse
320 1374 362 1396 est
391 1369 509 1404 aliquem
540 1369 582 1396 vel
611 1368 730 1402 aliquattt
763 1369 790 1395 in
835 1368 994 1395 ministeriis

208 1417 242 1444 ad
262 1415 422 1443 sccietatem
443 1415 546 1449 peccati
561 1414 682 1450 (59);qui
693 1420 788 1441 omnes
800 1414 871 1440 velut
881 1421 950 1440 unus
960 1422 993 1441 ex

208 1462 294 1489 altero
305 1461 453 1488 secundum
472 1460 657 1495 persuasionis
674 1460 797 1487 ordinem
813 1459 945 1494 generati,
961 1467 994 1486 ex

208 1513 285 1542 patre
297 1507 404 1534 diabolo
425 1506 514 1534 noxia:
535 1506 686 1533 nativitatis
707 1505 863 1540 progeniem
880 1506 992 1533 ducunt.
1008 1525 1030 1554 ο

210 1554 288 1589 161
303 1553 334 1580 Et
350 1557 377 1579 ut
389 1553 460 1579 adea
471 1559 531 1587 qua:
546 1551 647 1585 scripta
657 1555 721 1578 sunt
731 1551 880 1583 veniamus,
901 1550 994 1577 Domi-

208 1607 260 1627 nus
275 1598 424 1634 maiestatis
444 1597 524 1625 Jesus
537 1597 662 1625 Christus
681 1597 807 1625 Salvator
829 1602 921 1624 noster
935 1605 996 1624 cru-

209 1645 305 1674 cilixus
321 1650 373 1672 est.
389 1645 474 1679 llnjus
499 1644 595 1679 piaculi
621 1647 717 1671 auctor
737 1648 764 1670 et
784 1648 861 1678 pater
885 1643 997 1670 sceleris

210 1692 269 1718 sine
285 1691 367 1718 dubio
390 1689 512 1717 diabolus
533 1695 583 1716 est.
600 1689 646 1716 Sic
660 1690 732 1716 cnim
751 1689 881 1723 scriptum
895 1694 936 1716 est
949 1689 970 1704 ³⁷
989 1698 994 1716 :

212 1745 223 1763 ι
237 1736 304 1764 Cum
319 1741 408 1763 autent
425 1736 564 1763 introisset
579 1735 704 1763 diabolus
719 1735 744 1761 itt
762 1742 810 1761 cor
828 1733 903 1762 .luda:
923 1735 996 1762 Isra-

209 1782 297 1814 riotis,
310 1787 337 1809 ut
349 1782 465 1809 traderet
474 1789 546 1809 eum.
563 1790 572 1807 ι
587 1781 666 1808 Pater
676 1788 741 1815 ergo
753 1780 856 1815 peccati
871 1780 997 1808 diabolus

209 1833 260 1855 est.
278 1827 330 1854 Iste
348 1827 373 1854 in
395 1827 559 1854 hocscelcre
573 1826 690 1861 primum
710 1826 793 1853 tilium
814 1831 927 1861 generat
948 1826 996 1854 Ju-

209 1873 282 1905 dam,
297 1873 343 1900 sed
356 1873 429 1899 solus
444 1873 494 1899 hoc
508 1865 593 1898 ludas
605 1871 718 1905 implere
733 1878 786 1898 tton
798 1875 912 1905 poterat.
927 1869 997 1904 Quid

210 1927 275 1954 ergo
291 1919 420 1953 scriptum
445 1918 506 1945 est?
533 1927 542 1943 ι
561 1918 650 1950 Abiit,
676 1917 763 1951 inquit
783 1916 827 1949 ⁸⁸,
857 1917 940 1944 ludas
964 1915 998 1944 ad

210 1965 322 1992 Scribas
334 1969 361 1992 et
374 1964 537 1996 Pharisazos,
552 1968 580 1991 et
602 1963 635 1990 ad
661 1962 817 1995 Pontiﬁces,
833 1962 926 1989 dicens
937 1962 996 1989 eis:

210 2010 281 2043 Quid
297 2009 362 2036 tnilti
377 2010 457 2041 dalis,
474 2014 499 2036 et
513 2016 563 2043 ego
575 2008 650 2035 vobis
663 2015 725 2035 eum
742 2007 870 2035 tradam?
886 2017 895 2033 ι
908 2007 999 2035 Nasci-

212 2061 257 2082 tur
269 2062 333 2089 crgo
349 2063 381 2082 ex
400 2054 468 2082 .luda
486 2055 624 2090 generatio
636 2054 714 2081 tertia
728 2058 755 2081 et
768 2059 863 2088 quarta
882 2055 996 2089 peccati.

212 2100 246 2127 Et
268 2101 340 2127 buue
361 2100 484 2127 ordinem
512 2099 718 2134 deprehendere
745 2099 847 2133 poteris
866 2099 946 2127 etiam
970 2099 997 2127 in

211 2145 325 2180 singulis
350 2146 500 2180 quibusque
529 2146 658 2180 peccatis.
684 2145 761 2172 Nune
777 2152 841 2181 ergo
858 2146 998 2174 videamus

212 2191 358 2219 secundum
375 2193 444 2219 hanc
458 2199 538 2226 quam
551 2192 667 2219 diximus
680 2193 846 2228 progeniem,
859 2194 996 2228 quomodo
1012 2205 1034 2233 η

213 2238 284 2265 Deus
300 2242 409 2272 peccata
426 2243 534 2272 patrum
547 2237 640 2264 reddat
658 2237 685 2264 in
700 2238 779 2270 ﬁlios,
803 2238 829 2265 in
845 2238 954 2265 tertiam
968 2243 997 2266 et

213 2288 337 2318 quartam
354 2283 522 2319 progeniem,
540 2288 568 2309 et
586 2283 612 2310 in
627 2283 699 2318 ipsos
717 2291 770 2311 non
787 2283 882 2311 reddat
895 2288 996 2318 patres.

212 2329 286 2356 Nihil
307 2329 379 2357 enim
402 2330 434 2356 de
450 2329 571 2363 patribus
591 2329 660 2356 dixit
679 2329 760 2357 Deus.
787 2329 914 2357 Diabolus
934 2337 998 2365 ergo

212 2375 258 2410 qui
273 2375 401 2409 peccandi
413 2374 469 2410 jam
494 2375 603 2402 modutn
628 2375 754 2408 excessit,
776 2374 848 2402 sicut
867 2376 997 2409 propheta

212 2422 280 2448 dicit
299 2422 333 2454 9°,
356 2421 583 2456 quemadmodum
607 2421 797 2448 vestimentum
820 2421 846 2447 itt
867 2421 998 2456 sanguine

212 2471 382 2500 concretum,
398 2474 450 2493 non
464 2467 516 2493 erit
533 2467 673 2498 mundum,
693 2467 730 2493 ita
746 2471 774 2493 et
797 2466 854 2501 ipse
876 2473 929 2494 non
946 2466 999 2493 erit

539 2537 563 2553 ⁸⁸
583 2537 590 2564 Ι
606 2535 686 2564 Joau.
707 2544 748 2565 tu.
760 2537 787 2563 9.
834 2537 855 2552 ⁸⁷
871 2535 932 2563 .loar

539 2580 612 2599 unt.
628 2572 671 2598 il.
723 2571 765 2597 "l
784 2571 854 2598 Tim.
871 2579 901 2599 tt.
915 2572 932 2599 4

807 2579 854 2598 tm.
871 2579 901 2603 tt,
915 2579 941 2599 4.

248 2538 271 2553 ¹¹
290 2538 369 2565 Joan.
385 2545 428 2568 ιιι,
445 2537 490 2564 Η.

213 2581 272 2605 vttt,
283 2572 328 2600 29.
366 2573 388 2588 ⁹¹
402 2573 498 2599 Ezech.
515 2580 612 2605 xxxnt,
628 2572 671 2598 il.

213 2609 237 2624 "
255 2607 335 2635 Prov.
357 2615 377 2639 t,
391 2607 438 2635 24.

250 2690 307 2760 (ὂϐζ
328 2689 502 2724 Suscipimus.
525 2690 609 2721 Alias,
633 2699 642 2716 ι
661 2690 802 2718 eilicimttr.
828 2700 837 2716 ι

250 2724 296 2760 (59
328 2724 392 2752 Mss.
412 2724 594 2758 Turoneuses,
614 2735 623 2751 ε
648 2726 681 2753 de
698 2725 831 2753 ministris

250 2724 392 2766 (59).}155.
412 2724 594 2766 Turoneuses,
614 2735 623 2751 ε
648 2726 681 2753 de
698 2725 831 2753 ministris
849 2730 876 2753 et
895 2725 998 2753 nuntiis

216 2768 248 2787 ac
266 2766 348 2786 soctts
367 2765 481 2792 peccatt.
505 2769 514 2785 ι

251 2794 314 2829 (Ml),
323 2794 383 2827 Quo
401 2801 521 2828 tempore
541 2800 661 2822 extrema
677 2795 807 2829 supplicia
832 2795 999 2823 daemonibus

216 2830 258 2857 vel
276 2828 387 2863 inﬂicta,
402 2830 442 2857 vel
459 2829 600 2864 ittlligcnda
615 2828 746 2865 Origenes
760 2830 918 2865 crediderit,
937 2838 999 2858 cutt-

834 2537 855 2552 ⁸⁷
871 2535 950 2563 .loan.
964 2544 1025 2569 xut,
1039 2536 1066 2563 Ω.

990 2571 1014 2588 9³
1029 2571 1100 2599 Psal.
1119 2580 1229 2606 Lxxxtx,
1243 2573 1286 2599 52.

1043 909 1106 940 cati,
1128 909 1197 935 sicut
1215 913 1242 934 et
1259 907 1409 941 dxaholus),
1433 908 1572 941 quoniam,
1593 906 1724 940 inquam,
1742 911 1828 940 patres

1044 955 1087 982 isti
1104 955 1205 989 indigni
1219 959 1281 981 sunt
1294 954 1339 988 qui
1356 954 1381 980 iu
1403 954 1529 988 praesenti
1554 953 1654 981 szeculo
1682 954 1828 987 corripian-

1044 1005 1098 1033 tur,
1120 1001 1166 1028 se'd
1190 1001 1216 1027 in
1241 1000 1332 1027 futuro
1357 1000 1490 1034 recipient
1512 1007 1574 1034 quae
1602 1005 1759 1031 uterentur,
1785 999 1828 1025 lilii

1043 1054 1149 1078 eorum,
1169 1046 1194 1073 id
1207 1050 1259 1075 est.
1279 1053 1347 1079 quos
1372 1049 1488 1080 peccare
1512 1045 1714 1080 persuaserint,
1740 1049 1766 1071 et
1787 1045 1828 1079 qui

1045 1091 1222 1118 nihilominus
1240 1098 1287 1125 per
1301 1091 1373 1125 ipsos
1390 1091 1467 1118 asciti
1489 1090 1590 1117 l'ucriut
1607 1090 1641 1117 ad
1666 1090 1827 1117 consortium

1044 1138 1258 1172 societatemque
1282 1137 1398 1172 peccati,
1426 1137 1470 1164 hic
1500 1136 1635 1171 recipiant
1662 1144 1723 1171 quae
1746 1143 1829 1170 gesse-

1046 1189 1108 1210 runt
1121 1192 1127 1210 :
1145 1189 1174 1210 ut
1187 1184 1358 1218 purgatiores
1372 1183 1405 1209 ad
1420 1182 1539 1209 futurum
1568 1183 1698 1209 stcculutn
1714 1186 1829 1216 pergant,

1044 1234 1072 1256 et
1098 1229 1166 1256 ultra
1195 1229 1303 1256 diabolo
1331 1229 1398 1256 socii
1425 1237 1478 1256 non
1506 1227 1658 1256 ellieiantur
1685 1229 1713 1256 itt
1745 1236 1828 1264 paena.

1045 1277 1113 1312 Quia
1128 1285 1192 1312 ergo
1207 1278 1362 1305 misericors
1375 1282 1417 1304 est
1432 1277 1573 1310 Dominus,
1594 1283 1621 1304 et
1646 1286 1655 1303 ι
1673 1285 1768 1304 omnes
1790 1277 1832 1304 ιιο-

1046 1325 1134 1352 ntines
1159 1325 1215 1352 vult
1237 1325 1329 1351 salvos
1362 1323 1421 1350 ﬁeri
1442 1323 1477 1357 ",
1505 1332 1515 1349 ι
1538 1328 1680 1358 propterea
1706 1324 1769 1351 dicit
1787 1323 1830 1349 "2

1048 1379 1057 1395 ι
1078 1370 1198 1397 Visilabo
1216 1371 1241 1396 in
1257 1369 1332 1403 virga
1359 1369 1450 1396 ferrea
1480 1368 1603 1397 facinora
1628 1377 1736 1402 eorum,
1764 1373 1789 1396 et
1805 1369 1828 1396 in

1046 1416 1157 1449 ﬂagellis
1169 1420 1276 1449 peccata
1293 1422 1398 1441 eorum.
1417 1413 1631 1442 Misericordiam
1643 1420 1734 1442 autem
1752 1423 1830 1442 meam

1047 1470 1099 1489 non
1113 1462 1233 1488 auferam
1247 1461 1280 1487 ab
1291 1461 1341 1488 eis.
1358 1471 1367 1486 ι
1386 1460 1482 1487 Visital
1501 1468 1566 1495 ergo
1578 1460 1710 1487 Dominus
1722 1460 1830 1489 animas.

1047 1512 1074 1535 et
1084 1507 1207 1542 requirit.
1221 1514 1289 1541 quas
1305 1507 1358 1534 iste
1370 1507 1508 1541 pessimus
1528 1507 1710 1541 persuasione
1735 1505 1831 1541 peccati

1047 1553 1172 1589 genuerit
1186 1558 1272 1587 pater,
1287 1556 1312 1579 ct
1329 1551 1395 1579 dicit
1406 1552 1440 1579 ad
1456 1559 1675 1586 unamquamque
1689 1549 1827 1579 earum”:

1051 1610 1060 1625 ι
1081 1599 1161 1631 Audi,
1180 1599 1246 1631 lilia,
1269 1603 1297 1625 et
1319 1598 1382 1624 vide
1405 1602 1434 1624 et
1459 1597 1561 1624 inclina
1586 1605 1681 1624 aurettt
1709 1603 1791 1629 luant,
1809 1600 1833 1623 et

1048 1646 1208 1674 obliviscere
1224 1645 1352 1680 populum
1372 1650 1458 1677 tuum,
1475 1649 1502 1671 et
1513 1645 1622 1671 dontum
1647 1644 1735 1678 patris
1755 1644 1801 1670 tui.
1820 1651 1828 1668 ι

1051 1691 1152 1719 Visitat
1165 1699 1229 1726 ergo
1245 1696 1270 1718 le
1285 1695 1348 1725 post
1368 1696 1519 1724 peccatum,
1543 1695 1570 1717 et
1583 1695 1740 1717 comntonct
1756 1695 1791 1721 te,
1809 1693 1834 1715 et

1049 1739 1075 1765 in
1091 1737 1198 1773 ﬂagello
1210 1743 1238 1764 et
1252 1738 1328 1772 virga
1342 1742 1369 1763 te
1384 1736 1477 1763 visitat
1492 1743 1541 1771 pro
1560 1741 1671 1771 peccato
1696 1736 1768 1770 qttod
1789 1735 1831 1762 tibi

1050 1789 1127 1818 pater
1139 1783 1264 1811 diabolus
1277 1782 1491 1818 sutggcssit(4‘i),
1507 1787 1536 1809 ut
1551 1783 1645 1808 reddat
1665 1782 1714 1809 tibi
1735 1781 1796 1808 illud
1809 1781 1832 1806 itt

1049 1831 1149 1862 sinum,
1167 1830 1193 1857 id
1220 1833 1262 1856 est
1279 1830 1342 1856 dum
1361 1830 1388 1856 itt
1410 1837 1526 1864 corpore
1548 1828 1634 1862 degis.
1654 1828 1687 1855 Et
1708 1828 1747 1855 sic
1767 1834 1833 1854 com-

1049 1873 1147 1908 pletur,
1159 1873 1234 1901 reddi
1247 1878 1357 1906 peccata
1381 1879 1487 1908 patrum
1513 1873 1538 1899 itt
1560 1873 1648 1900 sinum
1677 1872 1793 1899 ﬁliorum
1809 1871 1830 1897 in

1050 1919 1157 1945 tertiam
1174 1923 1201 1946 et
1219 1924 1345 1953 quartam
1372 1919 1538 1953 progeniem.
1557 1919 1628 1945 Deus
1650 1918 1725 1944 enim
1743 1917 1829 1944 zelans

1049 1969 1101 1995 est,
1124 1968 1151 1990 et
1165 1964 1283 1989 animum
1302 1971 1384 1997 quam
1406 1964 1458 1990 sibi
1480 1963 1625 1996 despondit
1645 1963 1671 1989 in
1697 1963 1759 1994 ﬁde.
1781 1969 1830 1988 non

1050 2009 1106 2035 vult
1131 2008 1204 2035 illattt
1227 2015 1387 2042 permanere
1411 2008 1437 2035 in
1460 2008 1693 2035 contaminatione
1720 2008 1832 2043 peccati;

1050 2055 1097 2082 sed
1111 2055 1166 2081 vult
1180 2061 1239 2081 eam
1253 2054 1307 2081 cito
1321 2055 1441 2089 purgari,
1458 2055 1514 2081 vult
1534 2062 1594 2081 eatn
1619 2054 1751 2082 velociter
1770 2053 1833 2087 abji-

1050 2108 1112 2128 cere
1126 2108 1221 2128 oumes
1237 2101 1420 2128 iuuuumlit‘ias
1433 2108 1507 2133 suas,
1523 2100 1545 2127 si
1564 2100 1606 2127 cui
1621 2100 1693 2128 forte
1718 2101 1832 2136 subjecta

1050 2145 1169 2180 estin).
1185 2145 1214 2172 Si
1227 2152 1289 2172 vero
1300 2151 1441 2180 permanet
1459 2146 1485 2172 itt
1495 2146 1626 2180 peccatis,
1637 2146 1740 2174 etdicit
1759 2155 1766 2173 :
1780 2145 1832 2172 Non

1051 2191 1192 2218 audiemus
1214 2197 1307 2217 vocem
1334 2190 1457 2222 Domini,
1477 2190 1524 2218 sed
1547 2190 1678 2218 iacientes
1704 2190 1832 2218 faciemus

1050 2237 1201 2264 voluntates
1233 2243 1356 2269 ttostras,
1387 2242 1413 2264 et
1446 2237 1623 2264 incendemus
1654 2238 1745 2272 ignem
1771 2238 1834 2272 regi~

1050 2290 1091 2311 nze
1115 2282 1187 2315 mali,
1215 2282 1285 2309 sicut
1315 2283 1495 2317 exprobratur
1521 2291 1569 2318 per
1605 2286 1764 2318 prophetam
1785 2284 1834 2310 ".-

1050 2333 1114 2355 tuuc
1145 2334 1288 2355 servantur
1319 2329 1399 2356 etiam
1442 2329 1493 2363 ipsi
1522 2330 1556 2356 ad
1593 2329 1667 2357 illam
1695 2330 1835 2365 Sapientiae
1867 2340 1872 2343 -

1051 2375 1234 2408 sententiam,
1258 2383 1318 2410 qua:
1345 2377 1411 2403 dicit
1440 2377 1464 2392 ⁹⁶
1496 2383 1504 2403 :
1535 2385 1545 2402 ‹
1572 2375 1704 2409 Quoniam
1732 2380 1834 2411 qutdem

1051 2421 1198 2453 voraabam,
1237 2425 1265 2448 et
1298 2429 1351 2448 non
1381 2421 1588 2455 obaudiebatis,
1630 2422 1676 2450 sed
1711 2422 1836 2452 irrideba—

1053 2466 1088 2493 tis
1111 2473 1250 2495 sermones
1272 2474 1363 2501 meos;
1382 2467 1474 2503 itaque
1498 2473 1526 2495 et
1547 2476 1597 2504 ego
1627 2474 1724 2496 vestrae
1749 2467 1834 2503 perdi-

1105 2535 1129 2552 ⁸⁸
1145 2536 1240 2564 Matth.
1256 2545 1330 2570 XXVI,
1353 2537 1396 2566 14,
1411 2538 1454 2565 15.
1492 2539 1514 2555 ⁵³
1531 2539 1580 2565 Isa.
1593 2546 1630 2569 ιι.
1643 2539 1669 2566 5.

1119 2580 1229 2600 Lxxxtx.
1243 2573 1286 2599 52.
1325 2573 1348 2589 ³³
1360 2573 1433 2600 Psal.
1446 2581 1507 2600 λιν.
1521 2574 1564 2600 10.
1621 2574 1644 2589 ⁸⁸
1659 2574 1669 2600 .l

1398 2591 1433 2602 tu.
1446 2591 1507 2606 ηιμ,
1523 2591 1564 2600 ιν.

1708 2539 1729 2556 "
1747 2539 1835 2566 Matth.

1621 2574 1644 2589 ’⁸
1659 2574 1713 2602 Jer.
1733 2582 1780 2604 vtt.
1795 2575 1834 2602 18.

1053 2692 1111 2719 sule
1122 2691 1305 2727 clarissimum
1321 2691 1446 2719 lluetittm
1469 2692 1576 2727 Origcn.
1597 2693 1642 2719 lib.
1659 2701 1688 2726 tt,
1701 2691 1835 2727 qumst.5.

1052 2734 1129 2753 num.
1140 2726 1176 2753 '22
1193 2731 1219 2753 et
1234 2734 1292 2761 seq.

1053 2761 1145 2823 Ιυέιιι)
1161 2761 1245 2794 Alias,
1267 2760 1281 2787 ί
1296 2769 1345 2796 pro
1368 2761 1484 2796 peccatis
1504 2769 1564 2797 qua:
1590 2763 1636 2789 tibi
1657 2766 1734 2797 pater
1747 2760 1836 2791 diibu-

1090 2830 1146 2867 (42)
1159 2831 1244 2865 Alias,
1258 2841 1267 2857 ‹
1285 2832 1307 2860 si
1323 2831 1365 2860 cui
1378 2831 1448 2860 forte
1465 2833 1621 2866 subreptum
1638 2837 1687 2860 est.
1703 2841 1714 2858 ι
