  <div class='ocr_page' id='page_1' title='image "/cluster/home/n/w/nwhite01/storage/ocr_20150623/12/njp.32101077772422/208.png"; bbox 0 0 1894 3059; ppageno 0'>
   <div class='ocr_carea' id='block_1_1' title="bbox 48 157 94 184">
    <p class='ocr_par' dir='ltr' id='par_1_1' title="bbox 48 157 94 184">
     <span class='ocr_line' id='line_1_1' title="bbox 48 157 94 184; baseline 0.022 -1"><span class='ocrx_word' id='word_1_1' title='bbox 48 157 94 184; x_wconf 71' lang='grc' dir='ltr'><strong>δσι</strong></span> 
     </span>
    </p>
   </div>
   <div class='ocr_carea' id='block_1_2' title="bbox 648 154 1064 183">
    <p class='ocr_par' dir='ltr' id='par_1_2' title="bbox 648 154 1064 183">
     <span class='ocr_line' id='line_1_2' title="bbox 648 154 1064 183; baseline 0.002 -1"><span class='ocrx_word' id='word_1_2' title='bbox 648 154 682 183; x_wconf 76' lang='grc' dir='ltr'><strong>ΙΝ</strong></span> <span class='ocrx_word' id='word_1_3' title='bbox 700 154 843 183; x_wconf 79' lang='lat' dir='ltr'><strong>EXODUM</strong></span> <span class='ocrx_word' id='word_1_4' title='bbox 860 154 1001 183; x_wconf 71' lang='lat' dir='ltr'><strong>HOMILIA</strong></span> <span class='ocrx_word' id='word_1_5' title='bbox 1015 155 1064 183; x_wconf 76' lang='lat' dir='ltr'><strong>1X.</strong></span> 
     </span>
    </p>
   </div>
   <div class='ocr_carea' id='block_1_3' title="bbox 1615 160 1670 187">
    <p class='ocr_par' dir='ltr' id='par_1_3' title="bbox 1615 160 1670 187">
     <span class='ocr_line' id='line_1_3' title="bbox 1615 160 1670 187; baseline 0 0"><span class='ocrx_word' id='word_1_6' title='bbox 1615 160 1670 187; x_wconf 69' lang='lat' dir='ltr'><strong>sse</strong></span> 
     </span>
    </p>
   </div>
   <div class='ocr_carea' id='block_1_4' title="bbox 47 214 1664 252">
    <p class='ocr_par' dir='ltr' id='par_1_4' title="bbox 47 214 1664 252">
     <span class='ocr_line' id='line_1_4' title="bbox 47 214 1664 252; baseline 0.002 -10"><span class='ocrx_word' id='word_1_7' title='bbox 47 215 111 243; x_wconf 89' lang='lat' dir='ltr'><strong>tioni</strong></span> <span class='ocrx_word' id='word_1_8' title='bbox 126 214 321 249; x_wconf 83' lang='lat' dir='ltr'><strong>superridebo;</strong></span> <span class='ocrx_word' id='word_1_9' title='bbox 343 224 352 241; x_wconf 74' lang='grc' dir='ltr'><strong>ι</strong></span> <span class='ocrx_word' id='word_1_10' title='bbox 370 214 411 242; x_wconf 89' lang='lat' dir='ltr'><strong>vel</strong></span> <span class='ocrx_word' id='word_1_11' title='bbox 429 214 501 242; x_wconf 82' lang='lat' dir='ltr'><strong>illam</strong></span> <span class='ocrx_word' id='word_1_12' title='bbox 526 221 585 249; x_wconf 71' lang='lat' dir='ltr'><strong>qua:</strong></span> <span class='ocrx_word' id='word_1_13' title='bbox 605 215 693 248; x_wconf 88' lang='lat' dir='ltr'><strong>posita</strong></span> <span class='ocrx_word' id='word_1_14' title='bbox 712 219 755 242; x_wconf 87' lang='lat' dir='ltr'><strong>est</strong></span> <span class='ocrx_word' id='word_1_15' title='bbox 780 214 834 241; x_wconf 87' lang='lat' dir='ltr'><strong>illis</strong></span> <span class='ocrx_word' id='word_1_16' title='bbox 848 217 869 245; x_wconf 81' lang='grc' dir='ltr'><strong>Α</strong></span> <span class='ocrx_word' id='word_1_17' title='bbox 886 217 984 243; x_wconf 90' lang='lat' dir='ltr'><strong>Sancta</strong></span> <span class='ocrx_word' id='word_1_18' title='bbox 1006 219 1171 243; x_wconf 84' lang='lat' dir='ltr'><strong>sanctorum.</strong></span> <span class='ocrx_word' id='word_1_19' title='bbox 1190 215 1253 243; x_wconf 79' lang='lat' dir='ltr'><strong>Post</strong></span> <span class='ocrx_word' id='word_1_20' title='bbox 1265 215 1413 243; x_wconf 83' lang='lat' dir='ltr'><strong>secundum</strong></span> <span class='ocrx_word' id='word_1_21' title='bbox 1429 221 1519 245; x_wconf 84' lang='lat' dir='ltr'><strong>autem</strong></span> <span class='ocrx_word' id='word_1_22' title='bbox 1532 217 1664 252; x_wconf 81' lang='lat' dir='ltr'><strong>velamen,</strong></span> 
     </span>
    </p>
   </div>
   <div class='ocr_carea' id='block_1_5' title="bbox 48 260 834 296">
    <p class='ocr_par' dir='ltr' id='par_1_5' title="bbox 48 260 834 296">
     <span class='ocr_line' id='line_1_5' title="bbox 48 260 834 296; baseline -0.001 -8"><span class='ocrx_word' id='word_1_23' title='bbox 48 262 72 288; x_wconf 85' lang='lat' dir='ltr'><strong>in</strong></span> <span class='ocrx_word' id='word_1_24' title='bbox 84 261 234 296; x_wconf 74' lang='lat' dir='ltr'><strong>Evangelia</strong></span> <span class='ocrx_word' id='word_1_25' title='bbox 249 261 358 287; x_wconf 86' lang='lat' dir='ltr'><strong>dicente</strong></span> <span class='ocrx_word' id='word_1_26' title='bbox 373 260 486 287; x_wconf 90' lang='lat' dir='ltr'><strong>Domino</strong></span> <span class='ocrx_word' id='word_1_27' title='bbox 501 260 523 276; x_wconf 86' lang='lat'><strong>&quot;&#39;</strong></span> <span class='ocrx_word' id='word_1_28' title='bbox 540 269 546 287; x_wconf 90' lang='lat'><strong>:</strong></span> <span class='ocrx_word' id='word_1_29' title='bbox 569 269 578 285; x_wconf 78' lang='grc' dir='ltr'><strong>ι</strong></span> <span class='ocrx_word' id='word_1_30' title='bbox 599 260 734 287; x_wconf 90' lang='lat' dir='ltr'><strong>Discedite</strong></span> <span class='ocrx_word' id='word_1_31' title='bbox 757 268 770 287; x_wconf 87' lang='lat' dir='ltr'><strong>a</strong></span> <span class='ocrx_word' id='word_1_32' title='bbox 791 267 834 287; x_wconf 89' lang='lat' dir='ltr'><strong>me</strong></span> 
     </span>
    </p>
   </div>
   <div class='ocr_carea' id='block_1_6' title="bbox 47 306 835 341">
    <p class='ocr_par' dir='ltr' id='par_1_6' title="bbox 47 306 835 341">
     <span class='ocr_line' id='line_1_6' title="bbox 47 306 835 341; baseline 0 -8"><span class='ocrx_word' id='word_1_33' title='bbox 47 307 71 333; x_wconf 88' lang='lat' dir='ltr'><strong>in</strong></span> <span class='ocrx_word' id='word_1_34' title='bbox 82 307 171 341; x_wconf 75' lang='lat' dir='ltr'><strong>ignem</strong></span> <span class='ocrx_word' id='word_1_35' title='bbox 184 312 328 338; x_wconf 67' lang='lat' dir='ltr'><strong>aeternum,</strong></span> <span class='ocrx_word' id='word_1_36' title='bbox 346 313 425 340; x_wconf 86' lang='lat' dir='ltr'><strong>quem</strong></span> <span class='ocrx_word' id='word_1_37' title='bbox 446 306 610 340; x_wconf 68' lang='lat' dir='ltr'><strong>praeparavit</strong></span> <span class='ocrx_word' id='word_1_38' title='bbox 633 306 703 333; x_wconf 86' lang='lat' dir='ltr'><strong>Deus</strong></span> <span class='ocrx_word' id='word_1_39' title='bbox 726 306 835 333; x_wconf 80' lang='lat' dir='ltr'><strong>diabolo</strong></span> 
     </span>
    </p>
   </div>
   <div class='ocr_carea' id='block_1_7' title="bbox 45 349 834 386">
    <p class='ocr_par' dir='ltr' id='par_1_7' title="bbox 45 349 834 386">
     <span class='ocr_line' id='line_1_7' title="bbox 45 349 834 386; baseline -0.004 -7"><span class='ocrx_word' id='word_1_40' title='bbox 45 359 68 379; x_wconf 88' lang='lat' dir='ltr'><strong>et</strong></span> <span class='ocrx_word' id='word_1_41' title='bbox 82 351 187 386; x_wconf 68' lang='lat' dir='ltr'><strong>angelis</strong></span> <span class='ocrx_word' id='word_1_42' title='bbox 203 351 276 385; x_wconf 80' lang='lat' dir='ltr'><strong>ejus.</strong></span> <span class='ocrx_word' id='word_1_43' title='bbox 294 359 303 376; x_wconf 76' lang='grc' dir='ltr'><strong>ι</strong></span> <span class='ocrx_word' id='word_1_44' title='bbox 324 350 379 385; x_wconf 81' lang='lat' dir='ltr'><strong>Ego</strong></span> <span class='ocrx_word' id='word_1_45' title='bbox 400 355 464 384; x_wconf 88' lang='lat' dir='ltr'><strong>opto</strong></span> <span class='ocrx_word' id='word_1_46' title='bbox 486 354 525 381; x_wconf 88' lang='lat' dir='ltr'><strong>ut,</strong></span> <span class='ocrx_word' id='word_1_47' title='bbox 539 351 602 377; x_wconf 91' lang='lat' dir='ltr'><strong>dum</strong></span> <span class='ocrx_word' id='word_1_48' title='bbox 622 350 649 377; x_wconf 91' lang='lat' dir='ltr'><strong>in</strong></span> <span class='ocrx_word' id='word_1_49' title='bbox 669 350 721 377; x_wconf 91' lang='lat' dir='ltr'><strong>hoc</strong></span> <span class='ocrx_word' id='word_1_50' title='bbox 734 349 834 377; x_wconf 76' lang='lat' dir='ltr'><strong>stecalo</strong></span> 
     </span>
    </p>
   </div>
   <div class='ocr_carea' id='block_1_8' title="bbox 44 395 832 430">
    <p class='ocr_par' dir='ltr' id='par_1_8' title="bbox 44 395 832 430">
     <span class='ocr_line' id='line_1_8' title="bbox 44 395 832 430; baseline -0.001 -7"><span class='ocrx_word' id='word_1_51' title='bbox 44 405 112 429; x_wconf 77' lang='lat' dir='ltr'><strong>tum,</strong></span> <span class='ocrx_word' id='word_1_52' title='bbox 138 397 230 423; x_wconf 87' lang='lat' dir='ltr'><strong>visitet</strong></span> <span class='ocrx_word' id='word_1_53' title='bbox 254 396 384 422; x_wconf 84' lang='lat' dir='ltr'><strong>Dominus</strong></span> <span class='ocrx_word' id='word_1_54' title='bbox 412 401 524 430; x_wconf 87' lang='lat' dir='ltr'><strong>peccata</strong></span> <span class='ocrx_word' id='word_1_55' title='bbox 552 403 623 428; x_wconf 87' lang='lat' dir='ltr'><strong>mea,</strong></span> <span class='ocrx_word' id='word_1_56' title='bbox 643 400 672 422; x_wconf 90' lang='lat' dir='ltr'><strong>et</strong></span> <span class='ocrx_word' id='word_1_57' title='bbox 698 396 742 423; x_wconf 91' lang='lat' dir='ltr'><strong>hic</strong></span> <span class='ocrx_word' id='word_1_58' title='bbox 767 395 832 422; x_wconf 88' lang='lat' dir='ltr'><strong>mihi</strong></span> 
     </span>
    </p>
   </div>
   <div class='ocr_carea' id='block_1_9' title="bbox 44 440 833 474">
    <p class='ocr_par' dir='ltr' id='par_1_9' title="bbox 44 440 833 474">
     <span class='ocr_line' id='line_1_9' title="bbox 44 440 833 474; baseline -0.001 -6"><span class='ocrx_word' id='word_1_59' title='bbox 44 443 179 474; x_wconf 84' lang='lat' dir='ltr'><strong>restituat,</strong></span> <span class='ocrx_word' id='word_1_60' title='bbox 193 446 222 468; x_wconf 89' lang='lat' dir='ltr'><strong>ut</strong></span> <span class='ocrx_word' id='word_1_61' title='bbox 234 441 269 468; x_wconf 86' lang='lat' dir='ltr'><strong>ibi</strong></span> <span class='ocrx_word' id='word_1_62' title='bbox 290 441 363 468; x_wconf 89' lang='lat' dir='ltr'><strong>dicat</strong></span> <span class='ocrx_word' id='word_1_63' title='bbox 379 440 463 468; x_wconf 87' lang='lat' dir='ltr'><strong>etiam</strong></span> <span class='ocrx_word' id='word_1_64' title='bbox 478 441 511 468; x_wconf 90' lang='lat' dir='ltr'><strong>de</strong></span> <span class='ocrx_word' id='word_1_65' title='bbox 531 448 573 467; x_wconf 87' lang='lat' dir='ltr'><strong>me</strong></span> <span class='ocrx_word' id='word_1_66' title='bbox 589 440 737 471; x_wconf 81' lang='lat' dir='ltr'><strong>Abraham,</strong></span> <span class='ocrx_word' id='word_1_67' title='bbox 762 440 833 467; x_wconf 89' lang='lat' dir='ltr'><strong>sicut</strong></span> 
     </span>
    </p>
   </div>
   <div class='ocr_carea' id='block_1_10' title="bbox 43 485 831 522">
    <p class='ocr_par' dir='ltr' id='par_1_10' title="bbox 43 485 831 522">
     <span class='ocr_line' id='line_1_10' title="bbox 43 485 831 522; baseline 0 -10"><span class='ocrx_word' id='word_1_68' title='bbox 43 488 110 514; x_wconf 77' lang='lat' dir='ltr'><strong>dixit</strong></span> <span class='ocrx_word' id='word_1_69' title='bbox 120 487 154 514; x_wconf 90' lang='lat' dir='ltr'><strong>de</strong></span> <span class='ocrx_word' id='word_1_70' title='bbox 166 494 285 522; x_wconf 75' lang='lat' dir='ltr'><strong>paupere</strong></span> <span class='ocrx_word' id='word_1_71' title='bbox 299 486 403 513; x_wconf 80' lang='lat' dir='ltr'><strong>Lazaro</strong></span> <span class='ocrx_word' id='word_1_72' title='bbox 416 487 449 513; x_wconf 89' lang='lat' dir='ltr'><strong>ad</strong></span> <span class='ocrx_word' id='word_1_73' title='bbox 465 486 577 513; x_wconf 92' lang='lat' dir='ltr'><strong>divitem</strong></span> <span class='ocrx_word' id='word_1_74' title='bbox 593 485 616 501; x_wconf 73' lang='grc'><strong>’⁸</strong></span> <span class='ocrx_word' id='word_1_75' title='bbox 630 495 635 512; x_wconf 95' lang='lat'>:</span> <span class='ocrx_word' id='word_1_76' title='bbox 654 494 663 510; x_wconf 75' lang='grc' dir='ltr'><strong>ι</strong></span> <span class='ocrx_word' id='word_1_77' title='bbox 686 485 831 519; x_wconf 80' lang='lat' dir='ltr'><strong>Memento,</strong></span> 
     </span>
    </p>
   </div>
   <div class='ocr_carea' id='block_1_11' title="bbox 42 530 832 568">
    <p class='ocr_par' dir='ltr' id='par_1_11' title="bbox 42 530 832 568">
     <span class='ocr_line' id='line_1_11' title="bbox 42 530 832 568; baseline 0 -10"><span class='ocrx_word' id='word_1_78' title='bbox 42 533 88 564; x_wconf 81' lang='lat' dir='ltr'><strong>tili,</strong></span> <span class='ocrx_word' id='word_1_79' title='bbox 103 534 177 567; x_wconf 89' lang='lat' dir='ltr'><strong>quod</strong></span> <span class='ocrx_word' id='word_1_80' title='bbox 192 533 316 568; x_wconf 90' lang='lat' dir='ltr'><strong>recepisti</strong></span> <span class='ocrx_word' id='word_1_81' title='bbox 329 533 399 559; x_wconf 88' lang='lat' dir='ltr'><strong>bona</strong></span> <span class='ocrx_word' id='word_1_82' title='bbox 417 532 444 559; x_wconf 90' lang='lat' dir='ltr'><strong>in</strong></span> <span class='ocrx_word' id='word_1_83' title='bbox 459 531 515 559; x_wconf 85' lang='lat' dir='ltr'><strong>vita</strong></span> <span class='ocrx_word' id='word_1_84' title='bbox 534 536 589 563; x_wconf 85' lang='lat' dir='ltr'><strong>tua.</strong></span> <span class='ocrx_word' id='word_1_85' title='bbox 605 535 632 558; x_wconf 93' lang='lat' dir='ltr'><strong>ct</strong></span> <span class='ocrx_word' id='word_1_86' title='bbox 649 530 772 558; x_wconf 77' lang='lat' dir='ltr'><strong>Lazarus</strong></span> <span class='ocrx_word' id='word_1_87' title='bbox 795 531 832 558; x_wconf 86' lang='lat' dir='ltr'><strong>si-</strong></span> 
     </span>
    </p>
   </div>
   <div class='ocr_carea' id='block_1_12' title="bbox 42 577 832 611">
    <p class='ocr_par' dir='ltr' id='par_1_12' title="bbox 42 577 832 611">
     <span class='ocr_line' id='line_1_12' title="bbox 42 577 832 611; baseline -0.003 -6"><span class='ocrx_word' id='word_1_88' title='bbox 42 579 141 606; x_wconf 90' lang='lat' dir='ltr'><strong>militer</strong></span> <span class='ocrx_word' id='word_1_89' title='bbox 153 579 236 606; x_wconf 83' lang='lat' dir='ltr'><strong>mala.</strong></span> <span class='ocrx_word' id='word_1_90' title='bbox 252 579 328 606; x_wconf 81' lang='lat' dir='ltr'><strong>Nunc</strong></span> <span class='ocrx_word' id='word_1_91' title='bbox 355 583 444 606; x_wconf 88' lang='lat' dir='ltr'><strong>autem</strong></span> <span class='ocrx_word' id='word_1_92' title='bbox 470 578 515 605; x_wconf 85' lang='lat' dir='ltr'><strong>hic</strong></span> <span class='ocrx_word' id='word_1_93' title='bbox 538 577 694 611; x_wconf 88' lang='lat' dir='ltr'><strong>requiescit,</strong></span> <span class='ocrx_word' id='word_1_94' title='bbox 719 581 746 604; x_wconf 91' lang='lat' dir='ltr'><strong>tu</strong></span> <span class='ocrx_word' id='word_1_95' title='bbox 767 583 832 604; x_wconf 87' lang='lat' dir='ltr'><strong>vero</strong></span> 
     </span>
    </p>
   </div>
   <div class='ocr_carea' id='block_1_13' title="bbox 40 624 831 659">
    <p class='ocr_par' dir='ltr' id='par_1_13' title="bbox 40 624 831 659">
     <span class='ocr_line' id='line_1_13' title="bbox 40 624 831 659; baseline -0.004 -7"><span class='ocrx_word' id='word_1_96' title='bbox 40 626 184 652; x_wconf 78' lang='lat' dir='ltr'><strong>cruciaris.</strong></span> <span class='ocrx_word' id='word_1_97' title='bbox 207 635 217 651; x_wconf 74' lang='grc' dir='ltr'><strong>ι</strong></span> <span class='ocrx_word' id='word_1_98' title='bbox 234 625 379 659; x_wconf 81' lang='lat' dir='ltr'><strong>Propterea</strong></span> <span class='ocrx_word' id='word_1_99' title='bbox 399 632 466 659; x_wconf 75' lang='lat' dir='ltr'><strong>ergo</strong></span> <span class='ocrx_word' id='word_1_100' title='bbox 483 632 543 651; x_wconf 92' lang='lat' dir='ltr'><strong>cum</strong></span> <span class='ocrx_word' id='word_1_101' title='bbox 576 624 749 658; x_wconf 85' lang='lat' dir='ltr'><strong>corripimur.</strong></span> <span class='ocrx_word' id='word_1_102' title='bbox 771 631 831 650; x_wconf 91' lang='lat' dir='ltr'><strong>cum</strong></span> 
     </span>
    </p>
   </div>
   <div class='ocr_carea' id='block_1_14' title="bbox 40 667 829 705">
    <p class='ocr_par' dir='ltr' id='par_1_14' title="bbox 40 667 829 705">
     <span class='ocr_line' id='line_1_14' title="bbox 40 667 829 705; baseline -0.004 -9"><span class='ocrx_word' id='word_1_103' title='bbox 40 671 208 705; x_wconf 78' lang='lat' dir='ltr'><strong>castigamur</strong></span> <span class='ocrx_word' id='word_1_104' title='bbox 221 677 235 697; x_wconf 85' lang='lat' dir='ltr'><strong>a</strong></span> <span class='ocrx_word' id='word_1_105' title='bbox 252 669 376 701; x_wconf 91' lang='lat' dir='ltr'><strong>Domino,</strong></span> <span class='ocrx_word' id='word_1_106' title='bbox 396 676 456 697; x_wconf 85' lang='lat' dir='ltr'><strong>esse</strong></span> <span class='ocrx_word' id='word_1_107' title='bbox 477 676 528 694; x_wconf 89' lang='lat' dir='ltr'><strong>non</strong></span> <span class='ocrx_word' id='word_1_108' title='bbox 556 668 686 694; x_wconf 78' lang='lat' dir='ltr'><strong>debemus</strong></span> <span class='ocrx_word' id='word_1_109' title='bbox 714 667 829 702; x_wconf 71' lang='lat' dir='ltr'><strong>ingrati,</strong></span> 
     </span>
    </p>
   </div>
   <div class='ocr_carea' id='block_1_15' title="bbox 40 710 831 749">
    <p class='ocr_par' dir='ltr' id='par_1_15' title="bbox 40 710 831 749">
     <span class='ocr_line' id='line_1_15' title="bbox 40 710 831 749; baseline -0.008 -7"><span class='ocrx_word' id='word_1_110' title='bbox 40 717 84 743; x_wconf 80' lang='lat' dir='ltr'><strong>sed</strong></span> <span class='ocrx_word' id='word_1_111' title='bbox 101 715 291 749; x_wconf 76' lang='lat' dir='ltr'><strong>intelligamus</strong></span> <span class='ocrx_word' id='word_1_112' title='bbox 305 720 448 748; x_wconf 85' lang='lat' dir='ltr'><strong>propterea</strong></span> <span class='ocrx_word' id='word_1_113' title='bbox 466 720 513 739; x_wconf 89' lang='lat' dir='ltr'><strong>nos</strong></span> <span class='ocrx_word' id='word_1_114' title='bbox 528 713 554 738; x_wconf 92' lang='lat' dir='ltr'><strong>in</strong></span> <span class='ocrx_word' id='word_1_115' title='bbox 575 711 702 746; x_wconf 70' lang='lat' dir='ltr'><strong>praesenti</strong></span> <span class='ocrx_word' id='word_1_116' title='bbox 732 710 831 737; x_wconf 62' lang='lat' dir='ltr'><strong>saeculo</strong></span> 
     </span>
    </p>
   </div>
   <div class='ocr_carea' id='block_1_16' title="bbox 40 756 831 795">
    <p class='ocr_par' dir='ltr' id='par_1_16' title="bbox 40 756 831 795">
     <span class='ocr_line' id='line_1_16' title="bbox 40 756 831 795; baseline -0.009 -6"><span class='ocrx_word' id='word_1_117' title='bbox 40 762 151 795; x_wconf 87' lang='lat' dir='ltr'><strong>corripi,</strong></span> <span class='ocrx_word' id='word_1_118' title='bbox 168 766 198 787; x_wconf 91' lang='lat' dir='ltr'><strong>ut</strong></span> <span class='ocrx_word' id='word_1_119' title='bbox 218 761 245 787; x_wconf 92' lang='lat' dir='ltr'><strong>in</strong></span> <span class='ocrx_word' id='word_1_120' title='bbox 267 760 358 787; x_wconf 80' lang='lat' dir='ltr'><strong>futuro</strong></span> <span class='ocrx_word' id='word_1_121' title='bbox 376 758 496 793; x_wconf 78' lang='lat' dir='ltr'><strong>requiem</strong></span> <span class='ocrx_word' id='word_1_122' title='bbox 525 764 736 790; x_wconf 88' lang='lat' dir='ltr'><strong>consequatnur,</strong></span> <span class='ocrx_word' id='word_1_123' title='bbox 759 756 831 783; x_wconf 85' lang='lat' dir='ltr'><strong>sicut</strong></span> 
     </span>
    </p>
   </div>
   <div class='ocr_carea' id='block_1_17' title="bbox 40 801 830 841">
    <p class='ocr_par' dir='ltr' id='par_1_17' title="bbox 40 801 830 841">
     <span class='ocr_line' id='line_1_17' title="bbox 40 801 830 841; baseline -0.008 -7"><span class='ocrx_word' id='word_1_124' title='bbox 40 814 64 834; x_wconf 80' lang='lat' dir='ltr'><strong>et</strong></span> <span class='ocrx_word' id='word_1_125' title='bbox 79 806 232 841; x_wconf 79' lang='lat' dir='ltr'><strong>Apostolus</strong></span> <span class='ocrx_word' id='word_1_126' title='bbox 255 806 320 833; x_wconf 88' lang='lat' dir='ltr'><strong>dicit</strong></span> <span class='ocrx_word' id='word_1_127' title='bbox 335 805 379 832; x_wconf 71' lang='lat'><strong>9’:</strong></span> <span class='ocrx_word' id='word_1_128' title='bbox 399 813 408 830; x_wconf 85' lang='grc'><strong>‹</strong></span> <span class='ocrx_word' id='word_1_129' title='bbox 427 804 493 831; x_wconf 84' lang='lat' dir='ltr'><strong>Cum</strong></span> <span class='ocrx_word' id='word_1_130' title='bbox 516 808 605 830; x_wconf 72' lang='lat' dir='ltr'><strong>autem</strong></span> <span class='ocrx_word' id='word_1_131' title='bbox 629 801 793 837; x_wconf 77' lang='lat' dir='ltr'><strong>castigamur</strong></span> <span class='ocrx_word' id='word_1_132' title='bbox 815 808 830 828; x_wconf 85' lang='lat' dir='ltr'><strong>a</strong></span> 
     </span>
    </p>
   </div>
   <div class='ocr_carea' id='block_1_18' title="bbox 40 847 828 885">
    <p class='ocr_par' dir='ltr' id='par_1_18' title="bbox 40 847 828 885">
     <span class='ocr_line' id='line_1_18' title="bbox 40 847 828 885; baseline -0.009 -6"><span class='ocrx_word' id='word_1_133' title='bbox 40 853 164 885; x_wconf 81' lang='lat' dir='ltr'><strong>Domino,</strong></span> <span class='ocrx_word' id='word_1_134' title='bbox 178 851 353 885; x_wconf 81' lang='lat' dir='ltr'><strong>corripiatur,</strong></span> <span class='ocrx_word' id='word_1_135' title='bbox 378 856 411 876; x_wconf 88' lang='lat' dir='ltr'><strong>ne</strong></span> <span class='ocrx_word' id='word_1_136' title='bbox 435 857 495 876; x_wconf 92' lang='lat' dir='ltr'><strong>eum</strong></span> <span class='ocrx_word' id='word_1_137' title='bbox 513 849 563 876; x_wconf 92' lang='lat' dir='ltr'><strong>hoc</strong></span> <span class='ocrx_word' id='word_1_138' title='bbox 588 847 688 874; x_wconf 88' lang='lat' dir='ltr'><strong>mundo</strong></span> <span class='ocrx_word' id='word_1_139' title='bbox 715 848 828 873; x_wconf 80' lang='lat' dir='ltr'><strong>damne-</strong></span> 
     </span>
    </p>
   </div>
   <div class='ocr_carea' id='block_1_19' title="bbox 886 261 1665 296">
    <p class='ocr_par' dir='ltr' id='par_1_19' title="bbox 886 261 1665 296">
     <span class='ocr_line' id='line_1_19' title="bbox 886 261 1665 296; baseline 0.004 -8"><span class='ocrx_word' id='word_1_140' title='bbox 886 261 1090 289; x_wconf 89' lang='lat' dir='ltr'><strong>tabernaenlum</strong></span> <span class='ocrx_word' id='word_1_141' title='bbox 1116 262 1187 296; x_wconf 89' lang='lat' dir='ltr'><strong>quod</strong></span> <span class='ocrx_word' id='word_1_142' title='bbox 1213 263 1314 291; x_wconf 87' lang='lat' dir='ltr'><strong>dicitur</strong></span> <span class='ocrx_word' id='word_1_143' title='bbox 1334 269 1471 296; x_wconf 88' lang='lat' dir='ltr'><strong>sanctum,</strong></span> <span class='ocrx_word' id='word_1_144' title='bbox 1491 263 1593 291; x_wconf 77' lang='lat' dir='ltr'><strong>habens</strong></span> <span class='ocrx_word' id='word_1_145' title='bbox 1618 272 1665 291; x_wconf 89' lang='lat' dir='ltr'><strong>au-</strong></span> 
     </span>
    </p>
   </div>
   <div class='ocr_carea' id='block_1_20' title="bbox 885 307 1664 342">
    <p class='ocr_par' dir='ltr' id='par_1_20' title="bbox 885 307 1664 342">
     <span class='ocr_line' id='line_1_20' title="bbox 885 307 1664 342; baseline 0.004 -9"><span class='ocrx_word' id='word_1_146' title='bbox 885 314 959 334; x_wconf 90' lang='lat' dir='ltr'><strong>reum</strong></span> <span class='ocrx_word' id='word_1_147' title='bbox 979 307 1064 334; x_wconf 89' lang='lat' dir='ltr'><strong>altare</strong></span> <span class='ocrx_word' id='word_1_148' title='bbox 1076 307 1226 339; x_wconf 85' lang='lat' dir='ltr'><strong>incensi,et</strong></span> <span class='ocrx_word' id='word_1_149' title='bbox 1243 317 1333 337; x_wconf 89' lang='lat' dir='ltr'><strong>arcam</strong></span> <span class='ocrx_word' id='word_1_150' title='bbox 1357 310 1528 342; x_wconf 85' lang='lat' dir='ltr'><strong>testamenti,</strong></span> <span class='ocrx_word' id='word_1_151' title='bbox 1546 314 1573 338; x_wconf 90' lang='lat' dir='ltr'><strong>et</strong></span> <span class='ocrx_word' id='word_1_152' title='bbox 1594 310 1664 337; x_wconf 84' lang='lat' dir='ltr'><strong>intra</strong></span> 
     </span>
    </p>
   </div>
   <div class='ocr_carea' id='block_1_21' title="bbox 883 353 1664 390">
    <p class='ocr_par' dir='ltr' id='par_1_21' title="bbox 883 353 1664 390">
     <span class='ocr_line' id='line_1_21' title="bbox 883 353 1664 390; baseline 0.005 -12"><span class='ocrx_word' id='word_1_153' title='bbox 883 360 942 379; x_wconf 89' lang='lat' dir='ltr'><strong>eam</strong></span> <span class='ocrx_word' id='word_1_154' title='bbox 968 353 1035 379; x_wconf 90' lang='lat' dir='ltr'><strong>duas</strong></span> <span class='ocrx_word' id='word_1_155' title='bbox 1065 353 1181 384; x_wconf 85' lang='lat' dir='ltr'><strong>tabulas,</strong></span> <span class='ocrx_word' id='word_1_156' title='bbox 1204 359 1232 380; x_wconf 88' lang='lat' dir='ltr'><strong>et</strong></span> <span class='ocrx_word' id='word_1_157' title='bbox 1263 363 1373 388; x_wconf 90' lang='lat' dir='ltr'><strong>manna,</strong></span> <span class='ocrx_word' id='word_1_158' title='bbox 1400 360 1429 382; x_wconf 90' lang='lat' dir='ltr'><strong>et</strong></span> <span class='ocrx_word' id='word_1_159' title='bbox 1453 355 1556 390; x_wconf 81' lang='lat' dir='ltr'><strong>virgam</strong></span> <span class='ocrx_word' id='word_1_160' title='bbox 1575 356 1664 382; x_wconf 93' lang='lat' dir='ltr'><strong>Aaron</strong></span> 
     </span>
    </p>
   </div>
   <div class='ocr_carea' id='block_1_22' title="bbox 883 397 1665 435">
    <p class='ocr_par' dir='ltr' id='par_1_22' title="bbox 883 397 1665 435">
     <span class='ocr_line' id='line_1_22' title="bbox 883 397 1665 435; baseline 0.005 -12"><span class='ocrx_word' id='word_1_161' title='bbox 883 404 942 431; x_wconf 79' lang='lat' dir='ltr'><strong>qua:</strong></span> <span class='ocrx_word' id='word_1_162' title='bbox 962 397 1130 425; x_wconf 84' lang='lat' dir='ltr'><strong>l&#39;rondnerat.</strong></span> <span class='ocrx_word' id='word_1_163' title='bbox 1152 408 1160 424; x_wconf 74' lang='grc' dir='ltr'><strong>ι</strong></span> <span class='ocrx_word' id='word_1_164' title='bbox 1187 399 1239 425; x_wconf 90' lang='lat' dir='ltr'><strong>Sed</strong></span> <span class='ocrx_word' id='word_1_165' title='bbox 1265 399 1299 426; x_wconf 89' lang='lat' dir='ltr'><strong>iis</strong></span> <span class='ocrx_word' id='word_1_166' title='bbox 1330 400 1435 427; x_wconf 80' lang='lat' dir='ltr'><strong>addidit</strong></span> <span class='ocrx_word' id='word_1_167' title='bbox 1453 409 1460 427; x_wconf 89' lang='lat'><strong>:</strong></span> <span class='ocrx_word' id='word_1_168' title='bbox 1481 409 1490 426; x_wconf 74' lang='grc' dir='ltr'><strong>ι</strong></span> <span class='ocrx_word' id='word_1_169' title='bbox 1509 401 1547 427; x_wconf 88' lang='lat' dir='ltr'><strong>De</strong></span> <span class='ocrx_word' id='word_1_170' title='bbox 1565 401 1665 435; x_wconf 76' lang='lat' dir='ltr'><strong>quibus</strong></span> 
     </span>
    </p>
   </div>
   <div class='ocr_carea' id='block_1_23' title="bbox 883 443 1666 481">
    <p class='ocr_par' dir='ltr' id='par_1_23' title="bbox 883 443 1666 481">
     <span class='ocr_line' id='line_1_23' title="bbox 883 443 1666 481; baseline 0.008 -14"><span class='ocrx_word' id='word_1_171' title='bbox 883 448 936 468; x_wconf 87' lang='lat' dir='ltr'><strong>n0n</strong></span> <span class='ocrx_word' id='word_1_172' title='bbox 954 446 996 468; x_wconf 86' lang='lat' dir='ltr'><strong>est</strong></span> <span class='ocrx_word' id='word_1_173' title='bbox 1013 444 1091 469; x_wconf 90' lang='lat' dir='ltr'><strong>modo</strong></span> <span class='ocrx_word' id='word_1_174' title='bbox 1106 443 1252 470; x_wconf 90' lang='lat' dir='ltr'><strong>dicendum</strong></span> <span class='ocrx_word' id='word_1_175' title='bbox 1273 452 1322 478; x_wconf 85' lang='lat' dir='ltr'><strong>per</strong></span> <span class='ocrx_word' id='word_1_176' title='bbox 1336 445 1452 480; x_wconf 81' lang='lat' dir='ltr'><strong>singula.</strong></span> <span class='ocrx_word' id='word_1_177' title='bbox 1477 455 1486 471; x_wconf 76' lang='grc' dir='ltr'><strong>ι</strong></span> <span class='ocrx_word' id='word_1_178' title='bbox 1506 447 1584 479; x_wconf 87' lang='lat' dir='ltr'><strong>Quod</strong></span> <span class='ocrx_word' id='word_1_179' title='bbox 1600 454 1666 481; x_wconf 74' lang='lat' dir='ltr'><strong>ergo</strong></span> 
     </span>
    </p>
   </div>
   <div class='ocr_carea' id='block_1_24' title="bbox 883 487 1663 526">
    <p class='ocr_par' dir='ltr' id='par_1_24' title="bbox 883 487 1663 526">
     <span class='ocr_line' id='line_1_24' title="bbox 883 487 1663 526; baseline 0.008 -14"><span class='ocrx_word' id='word_1_180' title='bbox 883 487 930 518; x_wconf 87' lang='lat' dir='ltr'><strong>ait,</strong></span> <span class='ocrx_word' id='word_1_181' title='bbox 945 495 954 511; x_wconf 85' lang='grc'><strong>‹</strong></span> <span class='ocrx_word' id='word_1_182' title='bbox 971 487 1002 514; x_wconf 84' lang='lat' dir='ltr'><strong>de</strong></span> <span class='ocrx_word' id='word_1_183' title='bbox 1018 488 1116 521; x_wconf 87' lang='lat' dir='ltr'><strong>quibus</strong></span> <span class='ocrx_word' id='word_1_184' title='bbox 1129 495 1181 515; x_wconf 90' lang='lat' dir='ltr'><strong>non</strong></span> <span class='ocrx_word' id='word_1_185' title='bbox 1198 493 1237 516; x_wconf 89' lang='lat' dir='ltr'><strong>est</strong></span> <span class='ocrx_word' id='word_1_186' title='bbox 1253 490 1331 517; x_wconf 91' lang='lat' dir='ltr'><strong>modo</strong></span> <span class='ocrx_word' id='word_1_187' title='bbox 1344 491 1498 524; x_wconf 75' lang='lat' dir='ltr'><strong>dicendurm,</strong></span> <span class='ocrx_word' id='word_1_188' title='bbox 1523 500 1532 517; x_wconf 78' lang='grc' dir='ltr'><strong>ι</strong></span> <span class='ocrx_word' id='word_1_189' title='bbox 1551 491 1663 526; x_wconf 87' lang='lat' dir='ltr'><strong>quidam</strong></span> 
     </span>
    </p>
   </div>
   <div class='ocr_carea' id='block_1_25' title="bbox 883 531 1667 569">
    <p class='ocr_par' dir='ltr' id='par_1_25' title="bbox 883 531 1667 569">
     <span class='ocr_line' id='line_1_25' title="bbox 883 531 1667 569; baseline 0.009 -12"><span class='ocrx_word' id='word_1_190' title='bbox 883 531 914 557; x_wconf 93' lang='lat' dir='ltr'><strong>ad</strong></span> <span class='ocrx_word' id='word_1_191' title='bbox 942 531 1004 558; x_wconf 90' lang='lat' dir='ltr'><strong>illud</strong></span> <span class='ocrx_word' id='word_1_192' title='bbox 1032 537 1137 566; x_wconf 84' lang='lat' dir='ltr'><strong>tempus</strong></span> <span class='ocrx_word' id='word_1_193' title='bbox 1159 533 1280 561; x_wconf 80' lang='lat' dir='ltr'><strong>referunt</strong></span> <span class='ocrx_word' id='word_1_194' title='bbox 1302 543 1356 569; x_wconf 90' lang='lat' dir='ltr'><strong>quo</strong></span> <span class='ocrx_word' id='word_1_195' title='bbox 1384 535 1506 563; x_wconf 63' lang='lat' dir='ltr'><strong>Hebraeis</strong></span> <span class='ocrx_word' id='word_1_196' title='bbox 1529 537 1667 564; x_wconf 82' lang='lat' dir='ltr'><strong>scribebat</strong></span> 
     </span>
    </p>
   </div>
   <div class='ocr_carea' id='block_1_26' title="bbox 882 577 1668 617">
    <p class='ocr_par' dir='ltr' id='par_1_26' title="bbox 882 577 1668 617">
     <span class='ocr_line' id='line_1_26' title="bbox 882 577 1668 617; baseline 0.008 -13"><span class='ocrx_word' id='word_1_197' title='bbox 882 577 1039 611; x_wconf 84' lang='lat' dir='ltr'><strong>Epistolam.</strong></span> <span class='ocrx_word' id='word_1_198' title='bbox 1059 578 1127 605; x_wconf 84' lang='lat' dir='ltr'><strong>Aliis</strong></span> <span class='ocrx_word' id='word_1_199' title='bbox 1144 586 1206 606; x_wconf 86' lang='lat' dir='ltr'><strong>vero</strong></span> <span class='ocrx_word' id='word_1_200' title='bbox 1230 580 1347 614; x_wconf 88' lang='lat' dir='ltr'><strong>videtttr,</strong></span> <span class='ocrx_word' id='word_1_201' title='bbox 1371 581 1441 614; x_wconf 86' lang='lat' dir='ltr'><strong>quod</strong></span> <span class='ocrx_word' id='word_1_202' title='bbox 1460 589 1507 616; x_wconf 83' lang='lat' dir='ltr'><strong>pro</strong></span> <span class='ocrx_word' id='word_1_203' title='bbox 1524 582 1668 617; x_wconf 77' lang='lat' dir='ltr'><strong>mysterio-</strong></span> 
     </span>
    </p>
   </div>
   <div class='ocr_carea' id='block_1_27' title="bbox 883 624 1666 661">
    <p class='ocr_par' dir='ltr' id='par_1_27' title="bbox 883 624 1666 661">
     <span class='ocr_line' id='line_1_27' title="bbox 883 624 1666 661; baseline 0.009 -13"><span class='ocrx_word' id='word_1_204' title='bbox 883 630 942 649; x_wconf 92' lang='lat' dir='ltr'><strong>rum</strong></span> <span class='ocrx_word' id='word_1_205' title='bbox 959 624 1146 658; x_wconf 65' lang='lat' dir='ltr'><strong>magnitudine</strong></span> <span class='ocrx_word' id='word_1_206' title='bbox 1169 632 1250 652; x_wconf 88' lang='lat' dir='ltr'><strong>omne</strong></span> <span class='ocrx_word' id='word_1_207' title='bbox 1267 631 1371 661; x_wconf 85' lang='lat' dir='ltr'><strong>tempus</strong></span> <span class='ocrx_word' id='word_1_208' title='bbox 1391 628 1533 661; x_wconf 82' lang='lat' dir='ltr'><strong>praesentis</strong></span> <span class='ocrx_word' id='word_1_209' title='bbox 1554 628 1616 655; x_wconf 76' lang='lat' dir='ltr'><strong>vita:</strong></span> <span class='ocrx_word' id='word_1_210' title='bbox 1633 628 1666 655; x_wconf 83' lang='lat' dir='ltr'><strong>ad</strong></span> 
     </span>
    </p>
   </div>
   <div class='ocr_carea' id='block_1_28' title="bbox 882 668 1667 709">
    <p class='ocr_par' dir='ltr' id='par_1_28' title="bbox 882 668 1667 709">
     <span class='ocr_line' id='line_1_28' title="bbox 882 668 1667 709; baseline 0.009 -15"><span class='ocrx_word' id='word_1_211' title='bbox 882 668 939 695; x_wconf 73' lang='lat' dir='ltr'><strong>haec</strong></span> <span class='ocrx_word' id='word_1_212' title='bbox 955 669 1123 703; x_wconf 83' lang='lat' dir='ltr'><strong>explananda</strong></span> <span class='ocrx_word' id='word_1_213' title='bbox 1137 670 1262 698; x_wconf 87' lang='lat' dir='ltr'><strong>idonctnn</strong></span> <span class='ocrx_word' id='word_1_214' title='bbox 1281 676 1369 706; x_wconf 75' lang='lat' dir='ltr'><strong>neget.</strong></span> <span class='ocrx_word' id='word_1_215' title='bbox 1385 673 1482 700; x_wconf 84' lang='lat' dir='ltr'><strong>Verum</strong></span> <span class='ocrx_word' id='word_1_216' title='bbox 1496 681 1548 700; x_wconf 87' lang='lat' dir='ltr'><strong>non</strong></span> <span class='ocrx_word' id='word_1_217' title='bbox 1567 681 1667 709; x_wconf 89' lang='lat' dir='ltr'><strong>usque-</strong></span> 
     </span>
    </p>
   </div>
   <div class='ocr_carea' id='block_1_29' title="bbox 881 717 1664 755">
    <p class='ocr_par' dir='ltr' id='par_1_29' title="bbox 881 717 1664 755">
     <span class='ocr_line' id='line_1_29' title="bbox 881 717 1664 755; baseline 0.008 -12"><span class='ocrx_word' id='word_1_218' title='bbox 881 723 988 751; x_wconf 89' lang='lat' dir='ltr'><strong>quaque</strong></span> <span class='ocrx_word' id='word_1_219' title='bbox 1000 717 1091 745; x_wconf 89' lang='lat' dir='ltr'><strong>tristes</strong></span> <span class='ocrx_word' id='word_1_220' title='bbox 1112 726 1160 746; x_wconf 88' lang='lat' dir='ltr'><strong>nos</strong></span> <span class='ocrx_word' id='word_1_221' title='bbox 1174 719 1302 754; x_wconf 83' lang='lat' dir='ltr'><strong>relinquit</strong></span> <span class='ocrx_word' id='word_1_222' title='bbox 1316 720 1471 755; x_wconf 85' lang='lat' dir='ltr'><strong>Apostolus,</strong></span> <span class='ocrx_word' id='word_1_223' title='bbox 1491 723 1550 755; x_wconf 87' lang='lat' dir='ltr'><strong>sed,</strong></span> <span class='ocrx_word' id='word_1_224' title='bbox 1568 726 1596 749; x_wconf 88' lang='lat' dir='ltr'><strong>ut</strong></span> <span class='ocrx_word' id='word_1_225' title='bbox 1611 722 1664 749; x_wconf 90' lang='lat' dir='ltr'><strong>sibi</strong></span> 
     </span>
    </p>
   </div>
   <div class='ocr_carea' id='block_1_30' title="bbox 881 763 1665 799">
    <p class='ocr_par' dir='ltr' id='par_1_30' title="bbox 881 763 1665 799">
     <span class='ocr_line' id='line_1_30' title="bbox 881 763 1665 799; baseline 0.009 -11"><span class='ocrx_word' id='word_1_226' title='bbox 881 763 964 790; x_wconf 89' lang='lat' dir='ltr'><strong>moris</strong></span> <span class='ocrx_word' id='word_1_227' title='bbox 978 767 1030 796; x_wconf 85' lang='lat' dir='ltr'><strong>est,</strong></span> <span class='ocrx_word' id='word_1_228' title='bbox 1045 765 1134 798; x_wconf 87' lang='lat' dir='ltr'><strong>aperit</strong></span> <span class='ocrx_word' id='word_1_229' title='bbox 1149 772 1233 799; x_wconf 86' lang='lat' dir='ltr'><strong>pauca</strong></span> <span class='ocrx_word' id='word_1_230' title='bbox 1247 767 1280 793; x_wconf 86' lang='lat' dir='ltr'><strong>de</strong></span> <span class='ocrx_word' id='word_1_231' title='bbox 1299 766 1391 794; x_wconf 92' lang='lat' dir='ltr'><strong>multis</strong></span> <span class='ocrx_word' id='word_1_232' title='bbox 1405 775 1412 794; x_wconf 72' lang='grc' dir='ltr'>ε</span> <span class='ocrx_word' id='word_1_233' title='bbox 1431 771 1460 794; x_wconf 88' lang='lat' dir='ltr'><strong>ttt</strong></span> <span class='ocrx_word' id='word_1_234' title='bbox 1483 767 1605 794; x_wconf 82' lang='lat' dir='ltr'><strong>clausum</strong></span> <span class='ocrx_word' id='word_1_235' title='bbox 1629 769 1665 796; x_wconf 87' lang='lat' dir='ltr'><strong>sit</strong></span> 
     </span>
    </p>
   </div>
   <div class='ocr_carea' id='block_1_31' title="bbox 881 809 1665 848">
    <p class='ocr_par' dir='ltr' id='par_1_31' title="bbox 881 809 1665 848">
     <span class='ocr_line' id='line_1_31' title="bbox 881 809 1665 848; baseline 0.008 -13"><span class='ocrx_word' id='word_1_236' title='bbox 881 809 988 843; x_wconf 88' lang='lat' dir='ltr'><strong>quidem</strong></span> <span class='ocrx_word' id='word_1_237' title='bbox 1010 811 1217 845; x_wconf 75' lang='lat' dir='ltr'><strong>negligentibus,</strong></span> <span class='ocrx_word' id='word_1_238' title='bbox 1234 812 1390 839; x_wconf 84' lang='lat' dir='ltr'><strong>inveniatur</strong></span> <span class='ocrx_word' id='word_1_239' title='bbox 1405 817 1495 840; x_wconf 87' lang='lat' dir='ltr'><strong>autem</strong></span> <span class='ocrx_word' id='word_1_240' title='bbox 1519 821 1533 840; x_wconf 88' lang='lat' dir='ltr'><strong>a</strong></span> <span class='ocrx_word' id='word_1_241' title='bbox 1555 814 1665 848; x_wconf 85' lang='lat' dir='ltr'><strong>pulsan-</strong></span> 
     </span>
    </p>
   </div>
   <div class='ocr_carea' id='block_1_32' title="bbox 883 855 1665 895">
    <p class='ocr_par' dir='ltr' id='par_1_32' title="bbox 883 855 1665 895">
     <span class='ocr_line' id='line_1_32' title="bbox 883 855 1665 895; baseline 0.008 -14"><span class='ocrx_word' id='word_1_242' title='bbox 883 855 963 886; x_wconf 84' lang='lat' dir='ltr'><strong>tibus.</strong></span> <span class='ocrx_word' id='word_1_243' title='bbox 992 860 1020 883; x_wconf 93' lang='lat' dir='ltr'><strong>et</strong></span> <span class='ocrx_word' id='word_1_244' title='bbox 1048 857 1231 891; x_wconf 73' lang='lat' dir='ltr'><strong>quaerentibus</strong></span> <span class='ocrx_word' id='word_1_245' title='bbox 1267 859 1420 892; x_wconf 86' lang='lat' dir='ltr'><strong>aperiatur.</strong></span> <span class='ocrx_word' id='word_1_246' title='bbox 1460 858 1567 894; x_wconf 75' lang='lat' dir='ltr'><strong>Repetit</strong></span> <span class='ocrx_word' id='word_1_247' title='bbox 1599 867 1665 895; x_wconf 79' lang='lat' dir='ltr'><strong>ergo</strong></span> 
     </span>
    </p>
   </div>
   <div class='ocr_carea' id='block_1_33' title="bbox 40 885 1663 934">
    <p class='ocr_par' dir='ltr' id='par_1_33' title="bbox 40 885 1663 934">
     <span class='ocr_line' id='line_1_33' title="bbox 40 885 1663 934; baseline 0.002 -4"><span class='ocrx_word' id='word_1_248' title='bbox 40 905 107 925; x_wconf 73' lang='grc' dir='ltr'><strong>πωτ-</strong></span> <span class='ocrx_word' id='word_1_249' title='bbox 128 906 138 922; x_wconf 69' lang='grc' dir='ltr'><strong>ο</strong></span> <span class='ocrx_word' id='word_1_250' title='bbox 157 896 305 930; x_wconf 51' lang='lat' dir='ltr'><strong>pr“Nam”</strong></span> <span class='ocrx_word' id='word_1_251' title='bbox 331 895 447 929; x_wconf 68' lang='grc' dir='ltr'>άεηίιιιιθ</span> <span class='ocrx_word' id='word_1_252' title='bbox 463 899 494 921; x_wconf 72' lang='grc' dir='ltr'>ει</span> <span class='ocrx_word' id='word_1_253' title='bbox 513 894 611 920; x_wconf 60' lang='lat' dir='ltr'><strong>bemus</strong></span> <span class='ocrx_word' id='word_1_254' title='bbox 632 892 682 920; x_wconf 72' lang='grc' dir='ltr'><strong>³οδ</strong></span> <span class='ocrx_word' id='word_1_255' title='bbox 710 891 828 919; x_wconf 57' lang='lat' dir='ltr'><strong>&quot;Deme&quot;</strong></span> <span class='ocrx_word' id='word_1_256' title='bbox 844 885 865 912; x_wconf 71' lang='grc' dir='ltr'><strong>Β</strong></span> <span class='ocrx_word' id='word_1_257' title='bbox 882 909 988 929; x_wconf 83' lang='lat' dir='ltr'><strong>rursum</strong></span> <span class='ocrx_word' id='word_1_258' title='bbox 1001 903 1034 930; x_wconf 92' lang='lat' dir='ltr'><strong>de</strong></span> <span class='ocrx_word' id='word_1_259' title='bbox 1052 885 1237 934; x_wconf 70' lang='lat' dir='ltr'><strong>tabernaculo,</strong></span> <span class='ocrx_word' id='word_1_260' title='bbox 1259 885 1292 931; x_wconf 53' lang='lat' dir='ltr'><strong>et.</strong></span> <span class='ocrx_word' id='word_1_261' title='bbox 1305 903 1370 930; x_wconf 83' lang='lat' dir='ltr'><strong>dicit</strong></span> <span class='ocrx_word' id='word_1_262' title='bbox 1384 905 1395 920; x_wconf 82' lang='grc'><strong><em>³</em></strong></span> <span class='ocrx_word' id='word_1_263' title='bbox 1411 913 1417 931; x_wconf 92' lang='lat'>:</span> <span class='ocrx_word' id='word_1_264' title='bbox 1437 914 1445 930; x_wconf 78' lang='grc' dir='ltr'><strong>ι</strong></span> <span class='ocrx_word' id='word_1_265' title='bbox 1465 885 1522 932; x_wconf 66' lang='lat' dir='ltr'><strong>Non</strong></span> <span class='ocrx_word' id='word_1_266' title='bbox 1542 907 1614 933; x_wconf 88' lang='lat' dir='ltr'><strong>enim</strong></span> <span class='ocrx_word' id='word_1_267' title='bbox 1631 885 1663 934; x_wconf 66' lang='lat' dir='ltr'><strong>iu</strong></span> 
     </span>
    </p>
   </div>
   <div class='ocr_carea' id='block_1_34' title="bbox 39 936 827 976">
    <p class='ocr_par' dir='ltr' id='par_1_34' title="bbox 39 936 827 976">
     <span class='ocr_line' id='line_1_34' title="bbox 39 936 827 976; baseline -0.008 -8"><span class='ocrx_word' id='word_1_268' title='bbox 39 942 206 976; x_wconf 83' lang='lat' dir='ltr'><strong>suscipiebat</strong></span> <span class='ocrx_word' id='word_1_269' title='bbox 220 946 318 967; x_wconf 86' lang='lat' dir='ltr'><strong>cuncta</strong></span> <span class='ocrx_word' id='word_1_270' title='bbox 332 940 475 974; x_wconf 83' lang='lat' dir='ltr'><strong>supplicia,</strong></span> <span class='ocrx_word' id='word_1_271' title='bbox 487 943 513 965; x_wconf 86' lang='lat' dir='ltr'><strong>et</strong></span> <span class='ocrx_word' id='word_1_272' title='bbox 527 938 636 965; x_wconf 89' lang='lat' dir='ltr'><strong>dicebat</strong></span> <span class='ocrx_word' id='word_1_273' title='bbox 653 937 660 952; x_wconf 84' lang='lat'>&#39;</span> <span class='ocrx_word' id='word_1_274' title='bbox 679 937 758 972; x_wconf 86' lang='lat' dir='ltr'><strong>quia,</strong></span> <span class='ocrx_word' id='word_1_275' title='bbox 776 946 785 962; x_wconf 80' lang='grc' dir='ltr'><strong>ι</strong></span> <span class='ocrx_word' id='word_1_276' title='bbox 805 936 827 963; x_wconf 92' lang='lat' dir='ltr'><strong>si</strong></span> 
     </span>
    </p>
   </div>
   <div class='ocr_carea' id='block_1_35' title="bbox 39 981 828 1021">
    <p class='ocr_par' dir='ltr' id='par_1_35' title="bbox 39 981 828 1021">
     <span class='ocr_line' id='line_1_35' title="bbox 39 981 828 1021; baseline -0.008 -7"><span class='ocrx_word' id='word_1_277' title='bbox 39 989 106 1015; x_wconf 82' lang='lat' dir='ltr'><strong>bona</strong></span> <span class='ocrx_word' id='word_1_278' title='bbox 125 987 283 1021; x_wconf 83' lang='lat' dir='ltr'><strong>accepimus</strong></span> <span class='ocrx_word' id='word_1_279' title='bbox 298 985 331 1013; x_wconf 91' lang='lat' dir='ltr'><strong>de</strong></span> <span class='ocrx_word' id='word_1_280' title='bbox 350 992 429 1011; x_wconf 87' lang='lat' dir='ltr'><strong>manu</strong></span> <span class='ocrx_word' id='word_1_281' title='bbox 451 984 569 1015; x_wconf 87' lang='lat' dir='ltr'><strong>Domini,</strong></span> <span class='ocrx_word' id='word_1_282' title='bbox 591 990 679 1010; x_wconf 88' lang='lat' dir='ltr'><strong>nonne</strong></span> <span class='ocrx_word' id='word_1_283' title='bbox 703 987 730 1009; x_wconf 90' lang='lat' dir='ltr'><strong>et</strong></span> <span class='ocrx_word' id='word_1_284' title='bbox 758 981 828 1009; x_wconf 86' lang='lat' dir='ltr'><strong>mala</strong></span> 
     </span>
    </p>
   </div>
   <div class='ocr_carea' id='block_1_36' title="bbox 39 1028 824 1062">
    <p class='ocr_par' dir='ltr' id='par_1_36' title="bbox 39 1028 824 1062">
     <span class='ocr_line' id='line_1_36' title="bbox 39 1028 824 1062; baseline -0.008 -2"><span class='ocrx_word' id='word_1_285' title='bbox 39 1032 233 1061; x_wconf 80' lang='lat' dir='ltr'><strong>tolerabimus?</strong></span> <span class='ocrx_word' id='word_1_286' title='bbox 259 1031 389 1058; x_wconf 88' lang='lat' dir='ltr'><strong>Dominus</strong></span> <span class='ocrx_word' id='word_1_287' title='bbox 423 1030 508 1062; x_wconf 83' lang='lat' dir='ltr'><strong>dedit,</strong></span> <span class='ocrx_word' id='word_1_288' title='bbox 543 1030 674 1056; x_wconf 87' lang='lat' dir='ltr'><strong>Dominus</strong></span> <span class='ocrx_word' id='word_1_289' title='bbox 697 1028 824 1060; x_wconf 84' lang='lat' dir='ltr'><strong>abstulit;</strong></span> 
     </span>
    </p>
   </div>
   <div class='ocr_carea' id='block_1_37' title="bbox 38 1074 827 1111">
    <p class='ocr_par' dir='ltr' id='par_1_37' title="bbox 38 1074 827 1111">
     <span class='ocr_line' id='line_1_37' title="bbox 38 1074 827 1111; baseline -0.01 -4"><span class='ocrx_word' id='word_1_290' title='bbox 38 1081 108 1107; x_wconf 79' lang='lat' dir='ltr'><strong>sieut</strong></span> <span class='ocrx_word' id='word_1_291' title='bbox 124 1078 241 1105; x_wconf 88' lang='lat' dir='ltr'><strong>Domino</strong></span> <span class='ocrx_word' id='word_1_292' title='bbox 264 1075 374 1111; x_wconf 81' lang='lat' dir='ltr'><strong>placuit,</strong></span> <span class='ocrx_word' id='word_1_293' title='bbox 401 1075 437 1102; x_wconf 91' lang='lat' dir='ltr'><strong>ita</strong></span> <span class='ocrx_word' id='word_1_294' title='bbox 463 1075 562 1101; x_wconf 70' lang='lat' dir='ltr'><strong>factum</strong></span> <span class='ocrx_word' id='word_1_295' title='bbox 587 1081 644 1106; x_wconf 85' lang='lat' dir='ltr'><strong>est;</strong></span> <span class='ocrx_word' id='word_1_296' title='bbox 672 1074 707 1101; x_wconf 89' lang='lat' dir='ltr'><strong>sit</strong></span> <span class='ocrx_word' id='word_1_297' title='bbox 731 1081 827 1100; x_wconf 86' lang='lat' dir='ltr'><strong>nomen</strong></span> 
     </span>
    </p>
   </div>
   <div class='ocr_carea' id='block_1_38' title="bbox 38 1119 828 1152">
    <p class='ocr_par' dir='ltr' id='par_1_38' title="bbox 38 1119 828 1152">
     <span class='ocr_line' id='line_1_38' title="bbox 38 1119 828 1152; baseline -0.01 0"><span class='ocrx_word' id='word_1_298' title='bbox 38 1124 144 1152; x_wconf 82' lang='lat' dir='ltr'><strong>Domini</strong></span> <span class='ocrx_word' id='word_1_299' title='bbox 160 1123 345 1149; x_wconf 79' lang='lat' dir='ltr'><strong>benedictum.</strong></span> <span class='ocrx_word' id='word_1_300' title='bbox 362 1129 371 1146; x_wconf 85' lang='grc'><strong>›</strong></span> <span class='ocrx_word' id='word_1_301' title='bbox 397 1121 494 1148; x_wconf 77' lang='lat' dir='ltr'><strong>Reddit</strong></span> <span class='ocrx_word' id='word_1_302' title='bbox 516 1125 605 1146; x_wconf 84' lang='lat' dir='ltr'><strong>autem</strong></span> <span class='ocrx_word' id='word_1_303' title='bbox 625 1124 653 1146; x_wconf 86' lang='lat' dir='ltr'><strong>et</strong></span> <span class='ocrx_word' id='word_1_304' title='bbox 673 1119 828 1146; x_wconf 86' lang='lat' dir='ltr'><strong>misericor-</strong></span> 
     </span>
    </p>
   </div>
   <div class='ocr_carea' id='block_1_39' title="bbox 37 1165 828 1202">
    <p class='ocr_par' dir='ltr' id='par_1_39' title="bbox 37 1165 828 1202">
     <span class='ocr_line' id='line_1_39' title="bbox 37 1165 828 1202; baseline -0.009 -4"><span class='ocrx_word' id='word_1_305' title='bbox 37 1172 106 1198; x_wconf 83' lang='lat' dir='ltr'><strong>diam</strong></span> <span class='ocrx_word' id='word_1_306' title='bbox 123 1170 152 1196; x_wconf 92' lang='lat' dir='ltr'><strong>in</strong></span> <span class='ocrx_word' id='word_1_307' title='bbox 169 1169 254 1196; x_wconf 81' lang='lat' dir='ltr'><strong>millia</strong></span> <span class='ocrx_word' id='word_1_308' title='bbox 267 1168 300 1195; x_wconf 83' lang='lat' dir='ltr'><strong>iis</strong></span> <span class='ocrx_word' id='word_1_309' title='bbox 311 1167 358 1202; x_wconf 88' lang='lat' dir='ltr'><strong>qui</strong></span> <span class='ocrx_word' id='word_1_310' title='bbox 374 1167 489 1202; x_wconf 79' lang='lat' dir='ltr'><strong>diligunt</strong></span> <span class='ocrx_word' id='word_1_311' title='bbox 507 1174 569 1194; x_wconf 93' lang='lat' dir='ltr'><strong>eum</strong></span> <span class='ocrx_word' id='word_1_312' title='bbox 583 1167 605 1193; x_wconf 74' lang='lat'><strong>&#39;.</strong></span> <span class='ocrx_word' id='word_1_313' title='bbox 627 1166 678 1199; x_wconf 82' lang='lat' dir='ltr'><strong>Qui</strong></span> <span class='ocrx_word' id='word_1_314' title='bbox 696 1166 769 1193; x_wconf 89' lang='lat' dir='ltr'><strong>enim</strong></span> <span class='ocrx_word' id='word_1_315' title='bbox 790 1165 828 1192; x_wconf 82' lang='lat' dir='ltr'><strong>di-</strong></span> 
     </span>
    </p>
   </div>
   <div class='ocr_carea' id='block_1_40' title="bbox 36 1212 826 1252">
    <p class='ocr_par' dir='ltr' id='par_1_40' title="bbox 36 1212 826 1252">
     <span class='ocr_line' id='line_1_40' title="bbox 36 1212 826 1252; baseline -0.009 -9"><span class='ocrx_word' id='word_1_316' title='bbox 36 1217 133 1252; x_wconf 77' lang='lat' dir='ltr'><strong>ligunt,</strong></span> <span class='ocrx_word' id='word_1_317' title='bbox 149 1214 325 1248; x_wconf 85' lang='lat' dir='ltr'><strong>correptione</strong></span> <span class='ocrx_word' id='word_1_318' title='bbox 341 1220 392 1240; x_wconf 90' lang='lat' dir='ltr'><strong>non</strong></span> <span class='ocrx_word' id='word_1_319' title='bbox 408 1212 542 1246; x_wconf 78' lang='lat' dir='ltr'><strong>indigent,</strong></span> <span class='ocrx_word' id='word_1_320' title='bbox 558 1218 645 1246; x_wconf 90' lang='lat' dir='ltr'><strong>neque</strong></span> <span class='ocrx_word' id='word_1_321' title='bbox 666 1212 737 1238; x_wconf 89' lang='lat' dir='ltr'><strong>enim</strong></span> <span class='ocrx_word' id='word_1_322' title='bbox 761 1217 826 1244; x_wconf 87' lang='lat' dir='ltr'><strong>pee-</strong></span> 
     </span>
    </p>
   </div>
   <div class='ocr_carea' id='block_1_41' title="bbox 35 1257 824 1294">
    <p class='ocr_par' dir='ltr' id='par_1_41' title="bbox 35 1257 824 1294">
     <span class='ocr_line' id='line_1_41' title="bbox 35 1257 824 1294; baseline -0.01 -5"><span class='ocrx_word' id='word_1_323' title='bbox 35 1267 109 1294; x_wconf 85' lang='lat' dir='ltr'><strong>eant,</strong></span> <span class='ocrx_word' id='word_1_324' title='bbox 134 1262 207 1288; x_wconf 89' lang='lat' dir='ltr'><strong>sicut</strong></span> <span class='ocrx_word' id='word_1_325' title='bbox 221 1264 250 1287; x_wconf 88' lang='lat' dir='ltr'><strong>et</strong></span> <span class='ocrx_word' id='word_1_326' title='bbox 266 1258 396 1286; x_wconf 78' lang='lat' dir='ltr'><strong>Dominus</strong></span> <span class='ocrx_word' id='word_1_327' title='bbox 421 1258 486 1285; x_wconf 80' lang='lat' dir='ltr'><strong>dicit</strong></span> <span class='ocrx_word' id='word_1_328' title='bbox 499 1257 509 1273; x_wconf 88' lang='grc'><strong><em>³</em></strong></span> <span class='ocrx_word' id='word_1_329' title='bbox 528 1266 535 1284; x_wconf 89' lang='lat'><strong>:</strong></span> <span class='ocrx_word' id='word_1_330' title='bbox 553 1265 564 1283; x_wconf 75' lang='grc' dir='ltr'><strong>ι</strong></span> <span class='ocrx_word' id='word_1_331' title='bbox 581 1257 631 1290; x_wconf 75' lang='lat' dir='ltr'><strong>Qui</strong></span> <span class='ocrx_word' id='word_1_332' title='bbox 659 1257 749 1291; x_wconf 83' lang='lat' dir='ltr'><strong>diligit</strong></span> <span class='ocrx_word' id='word_1_333' title='bbox 772 1263 824 1287; x_wconf 87' lang='lat' dir='ltr'><strong>me,</strong></span> 
     </span>
    </p>
   </div>
   <div class='ocr_carea' id='block_1_42' title="bbox 37 1301 826 1337">
    <p class='ocr_par' dir='ltr' id='par_1_42' title="bbox 37 1301 826 1337">
     <span class='ocr_line' id='line_1_42' title="bbox 37 1301 826 1337; baseline -0.008 -3"><span class='ocrx_word' id='word_1_334' title='bbox 37 1308 164 1335; x_wconf 85' lang='lat' dir='ltr'><strong>mandata</strong></span> <span class='ocrx_word' id='word_1_335' title='bbox 180 1313 241 1333; x_wconf 89' lang='lat' dir='ltr'><strong>mea</strong></span> <span class='ocrx_word' id='word_1_336' title='bbox 255 1304 385 1332; x_wconf 82' lang='lat' dir='ltr'><strong>custodit.</strong></span> <span class='ocrx_word' id='word_1_337' title='bbox 404 1312 414 1329; x_wconf 73' lang='grc' dir='ltr'><strong>ι</strong></span> <span class='ocrx_word' id='word_1_338' title='bbox 434 1303 538 1330; x_wconf 86' lang='lat' dir='ltr'><strong>Etideo</strong></span> <span class='ocrx_word' id='word_1_339' title='bbox 557 1311 565 1328; x_wconf 79' lang='grc' dir='ltr'><strong>ι</strong></span> <span class='ocrx_word' id='word_1_340' title='bbox 584 1301 702 1337; x_wconf 83' lang='lat' dir='ltr'><strong>perfecta</strong></span> <span class='ocrx_word' id='word_1_341' title='bbox 717 1302 826 1329; x_wconf 82' lang='lat' dir='ltr'><strong>dilectio</strong></span> 
     </span>
    </p>
   </div>
   <div class='ocr_carea' id='block_1_43' title="bbox 36 1347 826 1385">
    <p class='ocr_par' dir='ltr' id='par_1_43' title="bbox 36 1347 826 1385">
     <span class='ocr_line' id='line_1_43' title="bbox 36 1347 826 1385; baseline -0.01 -3"><span class='ocrx_word' id='word_1_342' title='bbox 36 1356 107 1382; x_wconf 80' lang='lat' dir='ltr'><strong>foras</strong></span> <span class='ocrx_word' id='word_1_343' title='bbox 121 1353 345 1381; x_wconf 79' lang='lat' dir='ltr'><strong>inittittimorem</strong></span> <span class='ocrx_word' id='word_1_344' title='bbox 358 1350 379 1377; x_wconf 73' lang='grc'><strong>⁵.</strong></span> <span class='ocrx_word' id='word_1_345' title='bbox 396 1359 405 1375; x_wconf 74' lang='grc' dir='ltr'><strong>ι</strong></span> <span class='ocrx_word' id='word_1_346' title='bbox 423 1349 464 1377; x_wconf 87' lang='lat' dir='ltr'><strong>0b</strong></span> <span class='ocrx_word' id='word_1_347' title='bbox 489 1350 540 1377; x_wconf 89' lang='lat' dir='ltr'><strong>hoe</strong></span> <span class='ocrx_word' id='word_1_348' title='bbox 561 1357 625 1385; x_wconf 72' lang='lat' dir='ltr'><strong>ergo</strong></span> <span class='ocrx_word' id='word_1_349' title='bbox 649 1347 826 1384; x_wconf 81' lang='lat' dir='ltr'><strong>diligentibus</strong></span> 
     </span>
    </p>
   </div>
   <div class='ocr_carea' id='block_1_44' title="bbox 36 1394 825 1433">
    <p class='ocr_par' dir='ltr' id='par_1_44' title="bbox 36 1394 825 1433">
     <span class='ocr_line' id='line_1_44' title="bbox 36 1394 825 1433; baseline -0.009 -6"><span class='ocrx_word' id='word_1_350' title='bbox 36 1401 90 1428; x_wconf 85' lang='lat' dir='ltr'><strong>sola</strong></span> <span class='ocrx_word' id='word_1_351' title='bbox 103 1399 295 1427; x_wconf 83' lang='lat' dir='ltr'><strong>misericordia</strong></span> <span class='ocrx_word' id='word_1_352' title='bbox 309 1398 397 1433; x_wconf 87' lang='lat' dir='ltr'><strong>posita</strong></span> <span class='ocrx_word' id='word_1_353' title='bbox 409 1402 461 1427; x_wconf 88' lang='lat' dir='ltr'><strong>est.</strong></span> <span class='ocrx_word' id='word_1_354' title='bbox 475 1396 545 1424; x_wconf 86' lang='lat' dir='ltr'><strong>beati</strong></span> <span class='ocrx_word' id='word_1_355' title='bbox 567 1396 640 1424; x_wconf 90' lang='lat' dir='ltr'><strong>enim</strong></span> <span class='ocrx_word' id='word_1_356' title='bbox 666 1394 825 1422; x_wconf 84' lang='lat' dir='ltr'><strong>misericor-</strong></span> 
     </span>
    </p>
   </div>
   <div class='ocr_carea' id='block_1_45' title="bbox 36 1440 823 1482">
    <p class='ocr_par' dir='ltr' id='par_1_45' title="bbox 36 1440 823 1482">
     <span class='ocr_line' id='line_1_45' title="bbox 36 1440 823 1482; baseline -0.009 -7"><span class='ocrx_word' id='word_1_357' title='bbox 36 1449 81 1475; x_wconf 86' lang='lat' dir='ltr'><strong>des</strong></span> <span class='ocrx_word' id='word_1_358' title='bbox 97 1449 120 1479; x_wconf 83' lang='grc'><strong>⁵,</strong></span> <span class='ocrx_word' id='word_1_359' title='bbox 138 1448 203 1482; x_wconf 88' lang='lat' dir='ltr'><strong>quia</strong></span> <span class='ocrx_word' id='word_1_360' title='bbox 218 1447 285 1481; x_wconf 87' lang='lat' dir='ltr'><strong>ipsis</strong></span> <span class='ocrx_word' id='word_1_361' title='bbox 305 1445 479 1471; x_wconf 77' lang='lat' dir='ltr'><strong>inierebitur</strong></span> <span class='ocrx_word' id='word_1_362' title='bbox 501 1444 572 1471; x_wconf 85' lang='lat' dir='ltr'><strong>Deus</strong></span> <span class='ocrx_word' id='word_1_363' title='bbox 593 1444 618 1470; x_wconf 93' lang='lat' dir='ltr'><strong>in</strong></span> <span class='ocrx_word' id='word_1_364' title='bbox 635 1442 745 1470; x_wconf 82' lang='lat' dir='ltr'><strong>Christo</strong></span> <span class='ocrx_word' id='word_1_365' title='bbox 757 1440 823 1468; x_wconf 75' lang='lat' dir='ltr'><strong>Jesu</strong></span> 
     </span>
    </p>
   </div>
   <div class='ocr_carea' id='block_1_46' title="bbox 37 1486 825 1526">
    <p class='ocr_par' dir='ltr' id='par_1_46' title="bbox 37 1486 825 1526">
     <span class='ocr_line' id='line_1_46' title="bbox 37 1486 825 1526; baseline -0.008 -6"><span class='ocrx_word' id='word_1_366' title='bbox 37 1493 150 1521; x_wconf 81' lang='lat' dir='ltr'><strong>Domino</strong></span> <span class='ocrx_word' id='word_1_367' title='bbox 171 1486 276 1525; x_wconf 84' lang='lat' dir='ltr'><strong>nostro,</strong></span> <span class='ocrx_word' id='word_1_368' title='bbox 293 1492 336 1519; x_wconf 93' lang='lat' dir='ltr'><strong>cui</strong></span> <span class='ocrx_word' id='word_1_369' title='bbox 349 1496 390 1518; x_wconf 89' lang='lat' dir='ltr'><strong>est</strong></span> <span class='ocrx_word' id='word_1_370' title='bbox 403 1491 487 1526; x_wconf 78' lang='lat' dir='ltr'><strong>gloria</strong></span> <span class='ocrx_word' id='word_1_371' title='bbox 518 1495 545 1517; x_wconf 88' lang='lat' dir='ltr'><strong>et</strong></span> <span class='ocrx_word' id='word_1_372' title='bbox 562 1490 704 1524; x_wconf 84' lang='lat' dir='ltr'><strong>imperium</strong></span> <span class='ocrx_word' id='word_1_373' title='bbox 731 1489 757 1514; x_wconf 90' lang='lat' dir='ltr'><strong>in</strong></span> <span class='ocrx_word' id='word_1_374' title='bbox 774 1494 825 1518; x_wconf 68' lang='lat' dir='ltr'><strong>sa:-</strong></span> 
     </span>
    </p>
   </div>
   <div class='ocr_carea' id='block_1_47' title="bbox 35 1538 405 1566">
    <p class='ocr_par' dir='ltr' id='par_1_47' title="bbox 35 1538 405 1566">
     <span class='ocr_line' id='line_1_47' title="bbox 35 1538 405 1566; baseline -0.005 0"><span class='ocrx_word' id='word_1_375' title='bbox 35 1540 95 1566; x_wconf 74' lang='lat' dir='ltr'><strong>ettla</strong></span> <span class='ocrx_word' id='word_1_376' title='bbox 115 1539 292 1566; x_wconf 61' lang='lat' dir='ltr'><strong>saeculorum.</strong></span> <span class='ocrx_word' id='word_1_377' title='bbox 309 1538 405 1564; x_wconf 84' lang='lat' dir='ltr'><strong>Amen.</strong></span> 
     </span>
    </p>
   </div>
   <div class='ocr_carea' id='block_1_48' title="bbox 329 1581 533 1609">
    <p class='ocr_par' dir='ltr' id='par_1_48' title="bbox 329 1581 533 1609">
     <span class='ocr_line' id='line_1_48' title="bbox 329 1581 533 1609; baseline -0.01 0"><span class='ocrx_word' id='word_1_378' title='bbox 329 1582 466 1609; x_wconf 73' lang='lat' dir='ltr'><strong>llOlllLlA</strong></span> <span class='ocrx_word' id='word_1_379' title='bbox 489 1581 533 1608; x_wconf 83' lang='lat' dir='ltr'><strong>IX.</strong></span> 
     </span>
    </p>
   </div>
   <div class='ocr_carea' id='block_1_49' title="bbox 303 1627 553 1654">
    <p class='ocr_par' dir='ltr' id='par_1_49' title="bbox 303 1627 553 1654">
     <span class='ocr_line' id='line_1_49' title="bbox 303 1627 553 1654; baseline -0.008 0"><span class='ocrx_word' id='word_1_380' title='bbox 303 1628 342 1654; x_wconf 82' lang='lat' dir='ltr'><strong>De</strong></span> <span class='ocrx_word' id='word_1_381' title='bbox 370 1627 553 1653; x_wconf 82' lang='lat' dir='ltr'><strong>tabernaculo.</strong></span> 
     </span>
    </p>
   </div>
   <div class='ocr_carea' id='block_1_50' title="bbox 66 1671 825 1710">
    <p class='ocr_par' dir='ltr' id='par_1_50' title="bbox 66 1671 825 1710">
     <span class='ocr_line' id='line_1_50' title="bbox 66 1671 825 1710; baseline -0.008 -6"><span class='ocrx_word' id='word_1_382' title='bbox 66 1677 93 1704; x_wconf 79' lang='lat' dir='ltr'><strong>I.</strong></span> <span class='ocrx_word' id='word_1_383' title='bbox 108 1676 138 1704; x_wconf 88' lang='lat' dir='ltr'><strong>Si</strong></span> <span class='ocrx_word' id='word_1_384' title='bbox 149 1675 213 1710; x_wconf 83' lang='lat' dir='ltr'><strong>quis</strong></span> <span class='ocrx_word' id='word_1_385' title='bbox 223 1675 304 1710; x_wconf 74' lang='lat' dir='ltr'><strong>digne</strong></span> <span class='ocrx_word' id='word_1_386' title='bbox 320 1672 510 1708; x_wconf 73' lang='lat' dir='ltr'><strong>intelligat,vel</strong></span> <span class='ocrx_word' id='word_1_387' title='bbox 523 1679 553 1699; x_wconf 85' lang='lat' dir='ltr'><strong>ex</strong></span> <span class='ocrx_word' id='word_1_388' title='bbox 571 1671 686 1708; x_wconf 64' lang='lat' dir='ltr'><strong>Egypto</strong></span> <span class='ocrx_word' id='word_1_389' title='bbox 697 1672 825 1699; x_wconf 75' lang='lat' dir='ltr'><strong>Hebraeo-</strong></span> 
     </span>
    </p>
   </div>
   <div class='ocr_carea' id='block_1_51' title="bbox 35 1718 821 1758">
    <p class='ocr_par' dir='ltr' id='par_1_51' title="bbox 35 1718 821 1758">
     <span class='ocr_line' id='line_1_51' title="bbox 35 1718 821 1758; baseline -0.009 -7"><span class='ocrx_word' id='word_1_390' title='bbox 35 1732 93 1751; x_wconf 88' lang='lat' dir='ltr'><strong>rum</strong></span> <span class='ocrx_word' id='word_1_391' title='bbox 106 1722 315 1758; x_wconf 80' lang='lat' dir='ltr'><strong>profectionem,</strong></span> <span class='ocrx_word' id='word_1_392' title='bbox 328 1720 369 1747; x_wconf 87' lang='lat' dir='ltr'><strong>vel</strong></span> <span class='ocrx_word' id='word_1_393' title='bbox 383 1720 525 1747; x_wconf 86' lang='lat' dir='ltr'><strong>transitum</strong></span> <span class='ocrx_word' id='word_1_394' title='bbox 538 1719 616 1754; x_wconf 77' lang='lat'><strong>162</strong></span> <span class='ocrx_word' id='word_1_395' title='bbox 628 1719 711 1746; x_wconf 88' lang='lat' dir='ltr'><strong>maris</strong></span> <span class='ocrx_word' id='word_1_396' title='bbox 724 1718 821 1751; x_wconf 78' lang='lat' dir='ltr'><strong>Rubri,</strong></span> 
     </span>
    </p>
   </div>
   <div class='ocr_carea' id='block_1_52' title="bbox 33 1765 819 1801">
    <p class='ocr_par' dir='ltr' id='par_1_52' title="bbox 33 1765 819 1801">
     <span class='ocr_line' id='line_1_52' title="bbox 33 1765 819 1801; baseline -0.009 -3"><span class='ocrx_word' id='word_1_397' title='bbox 33 1772 80 1798; x_wconf 85' lang='lat' dir='ltr'><strong>sed</strong></span> <span class='ocrx_word' id='word_1_398' title='bbox 95 1775 122 1797; x_wconf 88' lang='lat' dir='ltr'><strong>et</strong></span> <span class='ocrx_word' id='word_1_399' title='bbox 136 1775 246 1796; x_wconf 88' lang='lat' dir='ltr'><strong>onmem</strong></span> <span class='ocrx_word' id='word_1_400' title='bbox 260 1768 331 1794; x_wconf 89' lang='lat' dir='ltr'><strong>hanc</strong></span> <span class='ocrx_word' id='word_1_401' title='bbox 341 1767 423 1799; x_wconf 89' lang='lat' dir='ltr'><strong>viam,</strong></span> <span class='ocrx_word' id='word_1_402' title='bbox 440 1773 502 1801; x_wconf 67' lang='lat' dir='ltr'><strong>quae</strong></span> <span class='ocrx_word' id='word_1_403' title='bbox 518 1767 606 1800; x_wconf 74' lang='lat' dir='ltr'><strong>agitur</strong></span> <span class='ocrx_word' id='word_1_404' title='bbox 619 1772 666 1799; x_wconf 92' lang='lat' dir='ltr'><strong>per</strong></span> <span class='ocrx_word' id='word_1_405' title='bbox 681 1765 819 1792; x_wconf 84' lang='lat' dir='ltr'><strong>desertum</strong></span> 
     </span>
    </p>
   </div>
   <div class='ocr_carea' id='block_1_53' title="bbox 33 1809 825 1846">
    <p class='ocr_par' dir='ltr' id='par_1_53' title="bbox 33 1809 825 1846">
     <span class='ocr_line' id='line_1_53' title="bbox 33 1809 825 1846; baseline -0.009 -4"><span class='ocrx_word' id='word_1_406' title='bbox 33 1821 61 1842; x_wconf 74' lang='lat' dir='ltr'><strong>et</strong></span> <span class='ocrx_word' id='word_1_407' title='bbox 77 1814 243 1841; x_wconf 86' lang='lat' dir='ltr'><strong>metationes</strong></span> <span class='ocrx_word' id='word_1_408' title='bbox 268 1811 389 1846; x_wconf 82' lang='lat' dir='ltr'><strong>singulas</strong></span> <span class='ocrx_word' id='word_1_409' title='bbox 414 1817 535 1845; x_wconf 83' lang='lat' dir='ltr'><strong>quasque</strong></span> <span class='ocrx_word' id='word_1_410' title='bbox 552 1812 721 1842; x_wconf 87' lang='lat' dir='ltr'><strong>castrorum;</strong></span> <span class='ocrx_word' id='word_1_411' title='bbox 737 1809 758 1835; x_wconf 91' lang='lat' dir='ltr'><strong>si</strong></span> <span class='ocrx_word' id='word_1_412' title='bbox 774 1809 825 1836; x_wconf 94' lang='lat' dir='ltr'><strong>ho-</strong></span> 
     </span>
    </p>
   </div>
   <div class='ocr_carea' id='block_1_54' title="bbox 34 1855 824 1890">
    <p class='ocr_par' dir='ltr' id='par_1_54' title="bbox 34 1855 824 1890">
     <span class='ocr_line' id='line_1_54' title="bbox 34 1855 824 1890; baseline -0.009 -2"><span class='ocrx_word' id='word_1_413' title='bbox 34 1868 93 1888; x_wconf 88' lang='lat' dir='ltr'><strong>rum</strong></span> <span class='ocrx_word' id='word_1_414' title='bbox 109 1861 145 1886; x_wconf 62' lang='lat' dir='ltr'><strong>ita</strong></span> <span class='ocrx_word' id='word_1_415' title='bbox 164 1857 302 1886; x_wconf 75' lang='lat' dir='ltr'><strong>exstiterit</strong></span> <span class='ocrx_word' id='word_1_416' title='bbox 313 1863 410 1890; x_wconf 78' lang='lat' dir='ltr'><strong>capax,</strong></span> <span class='ocrx_word' id='word_1_417' title='bbox 426 1861 454 1882; x_wconf 90' lang='lat' dir='ltr'><strong>ut</strong></span> <span class='ocrx_word' id='word_1_418' title='bbox 471 1856 552 1882; x_wconf 86' lang='lat' dir='ltr'><strong>etiam</strong></span> <span class='ocrx_word' id='word_1_419' title='bbox 567 1855 652 1889; x_wconf 80' lang='lat' dir='ltr'><strong>legem</strong></span> <span class='ocrx_word' id='word_1_420' title='bbox 667 1855 713 1882; x_wconf 88' lang='lat' dir='ltr'><strong>Dei</strong></span> <span class='ocrx_word' id='word_1_421' title='bbox 736 1855 824 1882; x_wconf 85' lang='lat' dir='ltr'><strong>susci—</strong></span> 
     </span>
    </p>
   </div>
   <div class='ocr_carea' id='block_1_55' title="bbox 34 1901 819 1942">
    <p class='ocr_par' dir='ltr' id='par_1_55' title="bbox 34 1901 819 1942">
     <span class='ocr_line' id='line_1_55' title="bbox 34 1901 819 1942; baseline -0.006 -8"><span class='ocrx_word' id='word_1_422' title='bbox 34 1908 90 1942; x_wconf 91' lang='lat' dir='ltr'><strong>piat</strong></span> <span class='ocrx_word' id='word_1_423' title='bbox 117 1907 249 1940; x_wconf 86' lang='lat' dir='ltr'><strong>scriptam</strong></span> <span class='ocrx_word' id='word_1_424' title='bbox 278 1911 330 1930; x_wconf 87' lang='lat' dir='ltr'><strong>non</strong></span> <span class='ocrx_word' id='word_1_425' title='bbox 362 1907 533 1934; x_wconf 87' lang='lat' dir='ltr'><strong>atramento,</strong></span> <span class='ocrx_word' id='word_1_426' title='bbox 569 1903 615 1929; x_wconf 85' lang='lat' dir='ltr'><strong>sed</strong></span> <span class='ocrx_word' id='word_1_427' title='bbox 641 1901 743 1937; x_wconf 86' lang='lat' dir='ltr'><strong>Spiritu</strong></span> <span class='ocrx_word' id='word_1_428' title='bbox 773 1901 819 1929; x_wconf 86' lang='lat' dir='ltr'><strong>Dei</strong></span> 
     </span>
    </p>
   </div>
   <div class='ocr_carea' id='block_1_56' title="bbox 35 1949 820 1987">
    <p class='ocr_par' dir='ltr' id='par_1_56' title="bbox 35 1949 820 1987">
     <span class='ocr_line' id='line_1_56' title="bbox 35 1949 820 1987; baseline -0.008 -6"><span class='ocrx_word' id='word_1_429' title='bbox 35 1956 88 1982; x_wconf 87' lang='lat' dir='ltr'><strong>vivi</strong></span> <span class='ocrx_word' id='word_1_430' title='bbox 109 1956 139 1987; x_wconf 86' lang='grc'><strong>⁶;</strong></span> <span class='ocrx_word' id='word_1_431' title='bbox 156 1955 179 1980; x_wconf 73' lang='lat' dir='ltr'><strong>si</strong></span> <span class='ocrx_word' id='word_1_432' title='bbox 193 1954 266 1987; x_wconf 87' lang='lat' dir='ltr'><strong>quis,</strong></span> <span class='ocrx_word' id='word_1_433' title='bbox 286 1954 406 1987; x_wconf 86' lang='lat' dir='ltr'><strong>inquam,</strong></span> <span class='ocrx_word' id='word_1_434' title='bbox 425 1953 458 1979; x_wconf 87' lang='lat' dir='ltr'><strong>ad</strong></span> <span class='ocrx_word' id='word_1_435' title='bbox 476 1952 532 1979; x_wconf 62' lang='lat' dir='ltr'><strong>haec</strong></span> <span class='ocrx_word' id='word_1_436' title='bbox 563 1950 597 1977; x_wconf 88' lang='lat' dir='ltr'><strong>ita</strong></span> <span class='ocrx_word' id='word_1_437' title='bbox 620 1957 669 1984; x_wconf 85' lang='lat' dir='ltr'><strong>per</strong></span> <span class='ocrx_word' id='word_1_438' title='bbox 697 1949 820 1976; x_wconf 88' lang='lat' dir='ltr'><strong>ordinem</strong></span> 
     </span>
    </p>
   </div>
   <div class='ocr_carea' id='block_1_57' title="bbox 34 1996 823 2038">
    <p class='ocr_par' dir='ltr' id='par_1_57' title="bbox 34 1996 823 2038">
     <span class='ocr_line' id='line_1_57' title="bbox 34 1996 823 2038; baseline -0.011 -8"><span class='ocrx_word' id='word_1_439' title='bbox 34 2003 203 2038; x_wconf 80' lang='lat' dir='ltr'><strong>profectnum</strong></span> <span class='ocrx_word' id='word_1_440' title='bbox 220 2000 453 2036; x_wconf 80' lang='lat' dir='ltr'><strong>perfecteveniat,</strong></span> <span class='ocrx_word' id='word_1_441' title='bbox 470 2003 498 2025; x_wconf 94' lang='lat' dir='ltr'><strong>ut</strong></span> <span class='ocrx_word' id='word_1_442' title='bbox 516 1997 623 2032; x_wconf 72' lang='lat' dir='ltr'><strong>singula</strong></span> <span class='ocrx_word' id='word_1_443' title='bbox 639 2003 754 2031; x_wconf 70' lang='lat' dir='ltr'><strong>qumque</strong></span> <span class='ocrx_word' id='word_1_444' title='bbox 767 1996 823 2022; x_wconf 80' lang='lat' dir='ltr'><strong>iut-</strong></span> 
     </span>
    </p>
   </div>
   <div class='ocr_carea' id='block_1_58' title="bbox 35 2042 822 2084">
    <p class='ocr_par' dir='ltr' id='par_1_58' title="bbox 35 2042 822 2084">
     <span class='ocr_line' id='line_1_58' title="bbox 35 2042 822 2084; baseline -0.011 -7"><span class='ocrx_word' id='word_1_445' title='bbox 35 2050 107 2084; x_wconf 80' lang='lat' dir='ltr'><strong>plcns</strong></span> <span class='ocrx_word' id='word_1_446' title='bbox 127 2050 152 2077; x_wconf 89' lang='lat' dir='ltr'><strong>in</strong></span> <span class='ocrx_word' id='word_1_447' title='bbox 166 2049 267 2083; x_wconf 85' lang='lat' dir='ltr'><strong>spiritu</strong></span> <span class='ocrx_word' id='word_1_448' title='bbox 279 2051 421 2074; x_wconf 85' lang='lat' dir='ltr'><strong>assecutus</strong></span> <span class='ocrx_word' id='word_1_449' title='bbox 435 2045 481 2078; x_wconf 86' lang='lat' dir='ltr'><strong>sit,</strong></span> <span class='ocrx_word' id='word_1_450' title='bbox 500 2048 528 2071; x_wconf 88' lang='lat' dir='ltr'><strong>et</strong></span> <span class='ocrx_word' id='word_1_451' title='bbox 543 2051 573 2070; x_wconf 89' lang='lat' dir='ltr'><strong>ea</strong></span> <span class='ocrx_word' id='word_1_452' title='bbox 587 2050 649 2078; x_wconf 67' lang='lat' dir='ltr'><strong>quae</strong></span> <span class='ocrx_word' id='word_1_453' title='bbox 663 2042 690 2069; x_wconf 90' lang='lat' dir='ltr'><strong>in</strong></span> <span class='ocrx_word' id='word_1_454' title='bbox 716 2042 758 2069; x_wconf 87' lang='lat' dir='ltr'><strong>his</strong></span> <span class='ocrx_word' id='word_1_455' title='bbox 780 2042 822 2068; x_wconf 87' lang='lat' dir='ltr'><strong>in-</strong></span> 
     </span>
    </p>
   </div>
   <div class='ocr_carea' id='block_1_59' title="bbox 33 2089 820 2130">
    <p class='ocr_par' dir='ltr' id='par_1_59' title="bbox 33 2089 820 2130">
     <span class='ocr_line' id='line_1_59' title="bbox 33 2089 820 2130; baseline -0.011 -7"><span class='ocrx_word' id='word_1_456' title='bbox 33 2098 155 2125; x_wconf 84' lang='lat' dir='ltr'><strong>dicantur</strong></span> <span class='ocrx_word' id='word_1_457' title='bbox 178 2098 324 2130; x_wconf 70' lang='lat' dir='ltr'><strong>augmenta</strong></span> <span class='ocrx_word' id='word_1_458' title='bbox 351 2092 492 2123; x_wconf 89' lang='lat' dir='ltr'><strong>virtutum,</strong></span> <span class='ocrx_word' id='word_1_459' title='bbox 528 2090 571 2117; x_wconf 93' lang='lat' dir='ltr'><strong>ille</strong></span> <span class='ocrx_word' id='word_1_460' title='bbox 594 2089 693 2124; x_wconf 89' lang='lat' dir='ltr'><strong>poterit</strong></span> <span class='ocrx_word' id='word_1_461' title='bbox 722 2095 820 2116; x_wconf 88' lang='lat' dir='ltr'><strong>conse-</strong></span> 
     </span>
    </p>
   </div>
   <div class='ocr_carea' id='block_1_60' title="bbox 33 2135 820 2178">
    <p class='ocr_par' dir='ltr' id='par_1_60' title="bbox 33 2135 820 2178">
     <span class='ocr_line' id='line_1_60' title="bbox 33 2135 820 2178; baseline -0.011 -9"><span class='ocrx_word' id='word_1_462' title='bbox 33 2149 145 2178; x_wconf 79' lang='lat' dir='ltr'><strong>quenter</strong></span> <span class='ocrx_word' id='word_1_463' title='bbox 160 2143 245 2170; x_wconf 90' lang='lat' dir='ltr'><strong>etiam</strong></span> <span class='ocrx_word' id='word_1_464' title='bbox 262 2141 295 2167; x_wconf 88' lang='lat' dir='ltr'><strong>ad</strong></span> <span class='ocrx_word' id='word_1_465' title='bbox 310 2139 441 2166; x_wconf 86' lang='lat' dir='ltr'><strong>visionem</strong></span> <span class='ocrx_word' id='word_1_466' title='bbox 457 2143 484 2165; x_wconf 86' lang='lat' dir='ltr'><strong>et</strong></span> <span class='ocrx_word' id='word_1_467' title='bbox 501 2135 713 2169; x_wconf 86' lang='lat' dir='ltr'><strong>intelligentiam</strong></span> <span class='ocrx_word' id='word_1_468' title='bbox 730 2135 820 2161; x_wconf 90' lang='lat' dir='ltr'><strong>tabcr-</strong></span> 
     </span>
    </p>
   </div>
   <div class='ocr_carea' id='block_1_61' title="bbox 35 2180 820 2223">
    <p class='ocr_par' dir='ltr' id='par_1_61' title="bbox 35 2180 820 2223">
     <span class='ocr_line' id='line_1_61' title="bbox 35 2180 820 2223; baseline -0.015 -6"><span class='ocrx_word' id='word_1_469' title='bbox 35 2191 117 2218; x_wconf 81' lang='lat' dir='ltr'><strong>nacnli</strong></span> <span class='ocrx_word' id='word_1_470' title='bbox 136 2187 296 2223; x_wconf 84' lang='lat' dir='ltr'><strong>pervenire.</strong></span> <span class='ocrx_word' id='word_1_471' title='bbox 322 2187 425 2220; x_wconf 91' lang='lat' dir='ltr'><strong>Dequo</strong></span> <span class='ocrx_word' id='word_1_472' title='bbox 453 2181 628 2210; x_wconf 77' lang='lat' dir='ltr'><strong>tabernaculo</strong></span> <span class='ocrx_word' id='word_1_473' title='bbox 653 2180 744 2207; x_wconf 89' lang='lat' dir='ltr'><strong>multis</strong></span> <span class='ocrx_word' id='word_1_474' title='bbox 760 2180 820 2214; x_wconf 81' lang='lat' dir='ltr'><strong>qui-</strong></span> 
     </span>
    </p>
   </div>
   <div class='ocr_carea' id='block_1_62' title="bbox 880 946 1664 986">
    <p class='ocr_par' dir='ltr' id='par_1_62' title="bbox 880 946 1664 986">
     <span class='ocr_line' id='line_1_62' title="bbox 880 946 1664 986; baseline 0.008 -14"><span class='ocrx_word' id='word_1_475' title='bbox 880 950 973 973; x_wconf 89' lang='lat' dir='ltr'><strong>sanela</strong></span> <span class='ocrx_word' id='word_1_476' title='bbox 994 954 1073 973; x_wconf 87' lang='lat' dir='ltr'><strong>manu</strong></span> <span class='ocrx_word' id='word_1_477' title='bbox 1088 946 1159 974; x_wconf 79' lang='lat' dir='ltr'><strong>facta</strong></span> <span class='ocrx_word' id='word_1_478' title='bbox 1181 948 1320 983; x_wconf 77' lang='lat' dir='ltr'><strong>ingressus</strong></span> <span class='ocrx_word' id='word_1_479' title='bbox 1343 954 1384 976; x_wconf 86' lang='lat' dir='ltr'><strong>est</strong></span> <span class='ocrx_word' id='word_1_480' title='bbox 1402 947 1480 976; x_wconf 78' lang='lat' dir='ltr'><strong>Jcsus</strong></span> <span class='ocrx_word' id='word_1_481' title='bbox 1500 951 1664 986; x_wconf 73' lang='lat' dir='ltr'><strong>exemplaria</strong></span> 
     </span>
    </p>
   </div>
   <div class='ocr_carea' id='block_1_63' title="bbox 879 992 1664 1031">
    <p class='ocr_par' dir='ltr' id='par_1_63' title="bbox 879 992 1664 1031">
     <span class='ocr_line' id='line_1_63' title="bbox 879 992 1664 1031; baseline 0.008 -14"><span class='ocrx_word' id='word_1_482' title='bbox 879 998 1015 1025; x_wconf 88' lang='lat' dir='ltr'><strong>verorum,</strong></span> <span class='ocrx_word' id='word_1_483' title='bbox 1036 992 1083 1020; x_wconf 93' lang='lat' dir='ltr'><strong>sed</strong></span> <span class='ocrx_word' id='word_1_484' title='bbox 1098 992 1123 1019; x_wconf 91' lang='lat' dir='ltr'><strong>in</strong></span> <span class='ocrx_word' id='word_1_485' title='bbox 1140 993 1227 1028; x_wconf 85' lang='lat' dir='ltr'><strong>ipsum</strong></span> <span class='ocrx_word' id='word_1_486' title='bbox 1252 995 1362 1026; x_wconf 70' lang='lat' dir='ltr'><strong>ctelum,</strong></span> <span class='ocrx_word' id='word_1_487' title='bbox 1382 999 1410 1021; x_wconf 94' lang='lat' dir='ltr'><strong>ut</strong></span> <span class='ocrx_word' id='word_1_488' title='bbox 1435 1002 1566 1031; x_wconf 85' lang='lat' dir='ltr'><strong>appareat</strong></span> <span class='ocrx_word' id='word_1_489' title='bbox 1593 1005 1664 1023; x_wconf 91' lang='lat' dir='ltr'><strong>nunc</strong></span> 
     </span>
    </p>
   </div>
   <div class='ocr_carea' id='block_1_64' title="bbox 880 1036 1661 1073">
    <p class='ocr_par' dir='ltr' id='par_1_64' title="bbox 880 1036 1661 1073">
     <span class='ocr_line' id='line_1_64' title="bbox 880 1036 1661 1073; baseline 0.008 -11"><span class='ocrx_word' id='word_1_490' title='bbox 880 1036 963 1063; x_wconf 89' lang='lat' dir='ltr'><strong>vultui</strong></span> <span class='ocrx_word' id='word_1_491' title='bbox 979 1037 1024 1064; x_wconf 91' lang='lat' dir='ltr'><strong>Dei</strong></span> <span class='ocrx_word' id='word_1_492' title='bbox 1043 1045 1090 1072; x_wconf 89' lang='lat' dir='ltr'><strong>per</strong></span> <span class='ocrx_word' id='word_1_493' title='bbox 1105 1037 1240 1069; x_wconf 87' lang='lat' dir='ltr'><strong>velamen,</strong></span> <span class='ocrx_word' id='word_1_494' title='bbox 1254 1039 1279 1065; x_wconf 92' lang='lat' dir='ltr'><strong>id</strong></span> <span class='ocrx_word' id='word_1_495' title='bbox 1294 1043 1334 1066; x_wconf 94' lang='lat' dir='ltr'><strong>est</strong></span> <span class='ocrx_word' id='word_1_496' title='bbox 1347 1047 1394 1073; x_wconf 90' lang='lat' dir='ltr'><strong>per</strong></span> <span class='ocrx_word' id='word_1_497' title='bbox 1414 1047 1526 1068; x_wconf 87' lang='lat' dir='ltr'><strong>carnem</strong></span> <span class='ocrx_word' id='word_1_498' title='bbox 1542 1049 1629 1068; x_wconf 89' lang='lat' dir='ltr'><strong>suam.</strong></span> <span class='ocrx_word' id='word_1_499' title='bbox 1652 1052 1661 1067; x_wconf 81' lang='grc' dir='ltr'><strong>ι</strong></span> 
     </span>
    </p>
   </div>
   <div class='ocr_carea' id='block_1_65' title="bbox 878 1082 1662 1119">
    <p class='ocr_par' dir='ltr' id='par_1_65' title="bbox 878 1082 1662 1119">
     <span class='ocr_line' id='line_1_65' title="bbox 878 1082 1662 1119; baseline 0.008 -11"><span class='ocrx_word' id='word_1_500' title='bbox 878 1082 928 1114; x_wconf 86' lang='lat' dir='ltr'><strong>Qui</strong></span> <span class='ocrx_word' id='word_1_501' title='bbox 944 1090 1008 1116; x_wconf 78' lang='lat' dir='ltr'><strong>ergo</strong></span> <span class='ocrx_word' id='word_1_502' title='bbox 1027 1083 1151 1111; x_wconf 85' lang='lat' dir='ltr'><strong>velamen</strong></span> <span class='ocrx_word' id='word_1_503' title='bbox 1181 1084 1320 1112; x_wconf 87' lang='lat' dir='ltr'><strong>interioris</strong></span> <span class='ocrx_word' id='word_1_504' title='bbox 1351 1086 1531 1119; x_wconf 81' lang='lat' dir='ltr'><strong>tabernaculi,</strong></span> <span class='ocrx_word' id='word_1_505' title='bbox 1553 1094 1662 1114; x_wconf 87' lang='lat' dir='ltr'><strong>carnem</strong></span> 
     </span>
    </p>
   </div>
   <div class='ocr_carea' id='block_1_66' title="bbox 877 1129 1663 1168">
    <p class='ocr_par' dir='ltr' id='par_1_66' title="bbox 877 1129 1663 1168">
     <span class='ocr_line' id='line_1_66' title="bbox 877 1129 1663 1168; baseline 0.005 -12"><span class='ocrx_word' id='word_1_506' title='bbox 877 1129 978 1156; x_wconf 88' lang='lat' dir='ltr'><strong>Christi</strong></span> <span class='ocrx_word' id='word_1_507' title='bbox 997 1130 1192 1164; x_wconf 86' lang='lat' dir='ltr'><strong>interpretatus</strong></span> <span class='ocrx_word' id='word_1_508' title='bbox 1210 1135 1261 1163; x_wconf 82' lang='lat' dir='ltr'><strong>est,</strong></span> <span class='ocrx_word' id='word_1_509' title='bbox 1278 1136 1371 1158; x_wconf 86' lang='lat' dir='ltr'><strong>sancta</strong></span> <span class='ocrx_word' id='word_1_510' title='bbox 1391 1137 1481 1159; x_wconf 89' lang='lat' dir='ltr'><strong>autem</strong></span> <span class='ocrx_word' id='word_1_511' title='bbox 1499 1133 1586 1168; x_wconf 90' lang='lat' dir='ltr'><strong>ipsum</strong></span> <span class='ocrx_word' id='word_1_512' title='bbox 1605 1141 1663 1160; x_wconf 71' lang='lat' dir='ltr'><strong>cm-</strong></span> 
     </span>
    </p>
   </div>
   <div class='ocr_carea' id='block_1_67' title="bbox 877 1173 1663 1213">
    <p class='ocr_par' dir='ltr' id='par_1_67' title="bbox 877 1173 1663 1213">
     <span class='ocr_line' id='line_1_67' title="bbox 877 1173 1663 1213; baseline 0.006 -13"><span class='ocrx_word' id='word_1_513' title='bbox 877 1173 943 1206; x_wconf 91' lang='lat' dir='ltr'><strong>hnn,</strong></span> <span class='ocrx_word' id='word_1_514' title='bbox 961 1174 1002 1201; x_wconf 87' lang='lat' dir='ltr'><strong>vel</strong></span> <span class='ocrx_word' id='word_1_515' title='bbox 1020 1175 1112 1208; x_wconf 73' lang='lat' dir='ltr'><strong>caelos,</strong></span> <span class='ocrx_word' id='word_1_516' title='bbox 1142 1176 1284 1203; x_wconf 83' lang='lat' dir='ltr'><strong>Dominum</strong></span> <span class='ocrx_word' id='word_1_517' title='bbox 1306 1183 1370 1203; x_wconf 85' lang='lat' dir='ltr'><strong>vero</strong></span> <span class='ocrx_word' id='word_1_518' title='bbox 1398 1176 1536 1204; x_wconf 89' lang='lat' dir='ltr'><strong>Christum</strong></span> <span class='ocrx_word' id='word_1_519' title='bbox 1552 1179 1663 1213; x_wconf 83' lang='lat' dir='ltr'><strong>pontiﬁ-</strong></span> 
     </span>
    </p>
   </div>
   <div class='ocr_carea' id='block_1_68' title="bbox 878 1220 1661 1256">
    <p class='ocr_par' dir='ltr' id='par_1_68' title="bbox 878 1220 1661 1256">
     <span class='ocr_line' id='line_1_68' title="bbox 878 1220 1661 1256; baseline 0.006 -11"><span class='ocrx_word' id='word_1_520' title='bbox 878 1226 936 1246; x_wconf 80' lang='lat' dir='ltr'><strong>cem</strong></span> <span class='ocrx_word' id='word_1_521' title='bbox 959 1227 1076 1255; x_wconf 88' lang='lat' dir='ltr'><strong>eumque</strong></span> <span class='ocrx_word' id='word_1_522' title='bbox 1095 1220 1161 1247; x_wconf 87' lang='lat' dir='ltr'><strong>dicit</strong></span> <span class='ocrx_word' id='word_1_523' title='bbox 1185 1220 1322 1248; x_wconf 76' lang='lat' dir='ltr'><strong>introiisse</strong></span> <span class='ocrx_word' id='word_1_524' title='bbox 1350 1230 1360 1247; x_wconf 75' lang='grc' dir='ltr'><strong>ι</strong></span> <span class='ocrx_word' id='word_1_525' title='bbox 1387 1222 1471 1249; x_wconf 83' lang='lat' dir='ltr'><strong>semel</strong></span> <span class='ocrx_word' id='word_1_526' title='bbox 1500 1223 1526 1249; x_wconf 93' lang='lat' dir='ltr'><strong>in</strong></span> <span class='ocrx_word' id='word_1_527' title='bbox 1549 1228 1661 1256; x_wconf 83' lang='lat' dir='ltr'><strong>sancta,</strong></span> 
     </span>
    </p>
   </div>
   <div class='ocr_carea' id='block_1_69' title="bbox 876 1267 1664 1304">
    <p class='ocr_par' dir='ltr' id='par_1_69' title="bbox 876 1267 1664 1304">
     <span class='ocr_line' id='line_1_69' title="bbox 876 1267 1664 1304; baseline 0.006 -12"><span class='ocrx_word' id='word_1_528' title='bbox 876 1270 977 1292; x_wconf 54' lang='lat' dir='ltr'><strong>aeterna</strong></span> <span class='ocrx_word' id='word_1_529' title='bbox 997 1267 1181 1302; x_wconf 88' lang='lat' dir='ltr'><strong>redemptione</strong></span> <span class='ocrx_word' id='word_1_530' title='bbox 1194 1267 1303 1294; x_wconf 87' lang='lat' dir='ltr'><strong>inventa</strong></span> <span class='ocrx_word' id='word_1_531' title='bbox 1320 1269 1341 1299; x_wconf 82' lang='lat'><strong>&#39;,</strong></span> <span class='ocrx_word' id='word_1_532' title='bbox 1366 1277 1376 1294; x_wconf 70' lang='grc' dir='ltr'><strong>ι</strong></span> <span class='ocrx_word' id='word_1_533' title='bbox 1393 1275 1426 1295; x_wconf 82' lang='lat' dir='ltr'><strong>ex</strong></span> <span class='ocrx_word' id='word_1_534' title='bbox 1443 1268 1485 1296; x_wconf 88' lang='lat' dir='ltr'><strong>his</strong></span> <span class='ocrx_word' id='word_1_535' title='bbox 1498 1270 1591 1304; x_wconf 86' lang='lat' dir='ltr'><strong>paucis</strong></span> <span class='ocrx_word' id='word_1_536' title='bbox 1605 1277 1664 1297; x_wconf 83' lang='lat' dir='ltr'><strong>ser-</strong></span> 
     </span>
    </p>
   </div>
   <div class='ocr_carea' id='block_1_70' title="bbox 877 1313 1661 1349">
    <p class='ocr_par' dir='ltr' id='par_1_70' title="bbox 877 1313 1661 1349">
     <span class='ocr_line' id='line_1_70' title="bbox 877 1313 1661 1349; baseline 0.005 -11"><span class='ocrx_word' id='word_1_537' title='bbox 877 1313 1012 1345; x_wconf 86' lang='lat' dir='ltr'><strong>monibus,</strong></span> <span class='ocrx_word' id='word_1_538' title='bbox 1042 1313 1063 1340; x_wconf 90' lang='lat' dir='ltr'><strong>si</strong></span> <span class='ocrx_word' id='word_1_539' title='bbox 1087 1314 1146 1348; x_wconf 90' lang='lat' dir='ltr'><strong>quis</strong></span> <span class='ocrx_word' id='word_1_540' title='bbox 1171 1314 1319 1349; x_wconf 79' lang='lat' dir='ltr'><strong>intelligere</strong></span> <span class='ocrx_word' id='word_1_541' title='bbox 1344 1315 1417 1341; x_wconf 88' lang='lat' dir='ltr'><strong>novit</strong></span> <span class='ocrx_word' id='word_1_542' title='bbox 1438 1314 1515 1342; x_wconf 84' lang='lat' dir='ltr'><strong>Pauli</strong></span> <span class='ocrx_word' id='word_1_543' title='bbox 1542 1323 1661 1347; x_wconf 88' lang='lat' dir='ltr'><strong>sensum,</strong></span> 
     </span>
    </p>
   </div>
   <div class='ocr_carea' id='block_1_71' title="bbox 876 1359 1663 1396">
    <p class='ocr_par' dir='ltr' id='par_1_71' title="bbox 876 1359 1663 1396">
     <span class='ocr_line' id='line_1_71' title="bbox 876 1359 1663 1396; baseline 0.003 -10"><span class='ocrx_word' id='word_1_544' title='bbox 876 1364 963 1393; x_wconf 84' lang='lat' dir='ltr'><strong>potest</strong></span> <span class='ocrx_word' id='word_1_545' title='bbox 978 1359 1119 1386; x_wconf 65' lang='lat' dir='ltr'><strong>advertere</strong></span> <span class='ocrx_word' id='word_1_546' title='bbox 1139 1365 1268 1394; x_wconf 88' lang='lat' dir='ltr'><strong>quantum</strong></span> <span class='ocrx_word' id='word_1_547' title='bbox 1289 1360 1366 1388; x_wconf 86' lang='lat' dir='ltr'><strong>nobis</strong></span> <span class='ocrx_word' id='word_1_548' title='bbox 1384 1361 1568 1395; x_wconf 74' lang='lat' dir='ltr'><strong>intelligentia:</strong></span> <span class='ocrx_word' id='word_1_549' title='bbox 1589 1362 1663 1396; x_wconf 73' lang='lat' dir='ltr'><strong>pcla-</strong></span> 
     </span>
    </p>
   </div>
   <div class='ocr_carea' id='block_1_72' title="bbox 875 1405 1664 1444">
    <p class='ocr_par' dir='ltr' id='par_1_72' title="bbox 875 1405 1664 1444">
     <span class='ocr_line' id='line_1_72' title="bbox 875 1405 1664 1444; baseline 0.005 -12"><span class='ocrx_word' id='word_1_550' title='bbox 875 1413 924 1441; x_wconf 72' lang='lat' dir='ltr'><strong>gns</strong></span> <span class='ocrx_word' id='word_1_551' title='bbox 937 1405 1114 1441; x_wconf 75' lang='lat' dir='ltr'><strong>patefecerit.</strong></span> <span class='ocrx_word' id='word_1_552' title='bbox 1123 1406 1174 1434; x_wconf 85' lang='lat' dir='ltr'><strong>Sed</strong></span> <span class='ocrx_word' id='word_1_553' title='bbox 1190 1407 1233 1441; x_wconf 92' lang='lat' dir='ltr'><strong>qui</strong></span> <span class='ocrx_word' id='word_1_554' title='bbox 1252 1407 1319 1435; x_wconf 89' lang='lat' dir='ltr'><strong>satis</strong></span> <span class='ocrx_word' id='word_1_555' title='bbox 1338 1412 1430 1435; x_wconf 88' lang='lat' dir='ltr'><strong>amant</strong></span> <span class='ocrx_word' id='word_1_556' title='bbox 1456 1408 1573 1436; x_wconf 85' lang='lat' dir='ltr'><strong>litteram</strong></span> <span class='ocrx_word' id='word_1_557' title='bbox 1597 1410 1664 1444; x_wconf 77' lang='lat' dir='ltr'><strong>legis</strong></span> 
     </span>
    </p>
   </div>
   <div class='ocr_carea' id='block_1_73' title="bbox 875 1452 1661 1489">
    <p class='ocr_par' dir='ltr' id='par_1_73' title="bbox 875 1452 1661 1489">
     <span class='ocr_line' id='line_1_73' title="bbox 875 1452 1661 1489; baseline 0.003 -10"><span class='ocrx_word' id='word_1_558' title='bbox 875 1452 971 1488; x_wconf 75' lang='lat' dir='ltr'><strong>Moysi,</strong></span> <span class='ocrx_word' id='word_1_559' title='bbox 983 1453 1107 1488; x_wconf 87' lang='lat' dir='ltr'><strong>spiritum</strong></span> <span class='ocrx_word' id='word_1_560' title='bbox 1123 1461 1185 1480; x_wconf 89' lang='lat' dir='ltr'><strong>vero</strong></span> <span class='ocrx_word' id='word_1_561' title='bbox 1195 1453 1253 1488; x_wconf 87' lang='lat' dir='ltr'><strong>ejus</strong></span> <span class='ocrx_word' id='word_1_562' title='bbox 1268 1453 1416 1489; x_wconf 75' lang='lat' dir='ltr'><strong>refugiunt,</strong></span> <span class='ocrx_word' id='word_1_563' title='bbox 1438 1460 1593 1489; x_wconf 82' lang='lat' dir='ltr'><strong>suspectum</strong></span> <span class='ocrx_word' id='word_1_564' title='bbox 1612 1456 1661 1483; x_wconf 88' lang='lat' dir='ltr'><strong>ha-</strong></span> 
     </span>
    </p>
   </div>
   <div class='ocr_carea' id='block_1_74' title="bbox 875 1493 1663 1536">
    <p class='ocr_par' dir='ltr' id='par_1_74' title="bbox 875 1493 1663 1536">
     <span class='ocr_line' id='line_1_74' title="bbox 875 1493 1663 1536; baseline 0.004 -11"><span class='ocrx_word' id='word_1_565' title='bbox 875 1498 940 1526; x_wconf 88' lang='lat' dir='ltr'><strong>bent</strong></span> <span class='ocrx_word' id='word_1_566' title='bbox 961 1499 1111 1534; x_wconf 88' lang='lat' dir='ltr'><strong>apostolum</strong></span> <span class='ocrx_word' id='word_1_567' title='bbox 1127 1493 1250 1526; x_wconf 51' lang='lat' dir='ltr'><strong>&#39;Paulum</strong></span> <span class='ocrx_word' id='word_1_568' title='bbox 1275 1499 1512 1534; x_wconf 88' lang='lat' dir='ltr'><strong>interpretationes</strong></span> <span class='ocrx_word' id='word_1_569' title='bbox 1533 1501 1663 1536; x_wconf 79' lang='lat' dir='ltr'><strong>hujusce-</strong></span> 
     </span>
    </p>
   </div>
   <div class='ocr_carea' id='block_1_75' title="bbox 877 1543 1157 1578">
    <p class='ocr_par' dir='ltr' id='par_1_75' title="bbox 877 1543 1157 1578">
     <span class='ocr_line' id='line_1_75' title="bbox 877 1543 1157 1578; baseline 0.004 -9"><span class='ocrx_word' id='word_1_570' title='bbox 877 1543 948 1570; x_wconf 90' lang='lat' dir='ltr'><strong>modi</strong></span> <span class='ocrx_word' id='word_1_571' title='bbox 965 1543 1157 1578; x_wconf 82' lang='lat' dir='ltr'><strong>proferentcm.</strong></span> 
     </span>
    </p>
   </div>
   <div class='ocr_carea' id='block_1_76' title="bbox 910 1588 1661 1625">
    <p class='ocr_par' dir='ltr' id='par_1_76' title="bbox 910 1588 1661 1625">
     <span class='ocr_line' id='line_1_76' title="bbox 910 1588 1661 1625; baseline 0.005 -10"><span class='ocrx_word' id='word_1_572' title='bbox 910 1588 938 1615; x_wconf 69' lang='grc'><strong>2.</strong></span> <span class='ocrx_word' id='word_1_573' title='bbox 950 1589 1095 1616; x_wconf 80' lang='lat' dir='ltr'><strong>Videamus</strong></span> <span class='ocrx_word' id='word_1_574' title='bbox 1108 1596 1170 1625; x_wconf 78' lang='lat' dir='ltr'><strong>ergo</strong></span> <span class='ocrx_word' id='word_1_575' title='bbox 1185 1589 1208 1619; x_wconf 84' lang='lat' dir='ltr'><strong>si</strong></span> <span class='ocrx_word' id='word_1_576' title='bbox 1221 1596 1273 1616; x_wconf 94' lang='lat' dir='ltr'><strong>non</strong></span> <span class='ocrx_word' id='word_1_577' title='bbox 1282 1589 1362 1617; x_wconf 88' lang='lat' dir='ltr'><strong>etiam</strong></span> <span class='ocrx_word' id='word_1_578' title='bbox 1374 1594 1493 1618; x_wconf 82' lang='lat' dir='ltr'><strong>veterum</strong></span> <span class='ocrx_word' id='word_1_579' title='bbox 1505 1596 1661 1619; x_wconf 86' lang='lat' dir='ltr'><strong>sanctorum</strong></span> 
     </span>
    </p>
   </div>
   <div class='ocr_carea' id='block_1_77' title="bbox 876 1633 1662 1672">
    <p class='ocr_par' dir='ltr' id='par_1_77' title="bbox 876 1633 1662 1672">
     <span class='ocr_line' id='line_1_77' title="bbox 876 1633 1662 1672; baseline 0.006 -12"><span class='ocrx_word' id='word_1_580' title='bbox 876 1633 957 1668; x_wconf 88' lang='lat' dir='ltr'><strong>aliqui</strong></span> <span class='ocrx_word' id='word_1_581' title='bbox 969 1634 1123 1668; x_wconf 89' lang='lat' dir='ltr'><strong>opinionem</strong></span> <span class='ocrx_word' id='word_1_582' title='bbox 1142 1634 1307 1661; x_wconf 79' lang='lat' dir='ltr'><strong>tabernaculi</strong></span> <span class='ocrx_word' id='word_1_583' title='bbox 1325 1634 1403 1669; x_wconf 84' lang='lat' dir='ltr'><strong>longe</strong></span> <span class='ocrx_word' id='word_1_584' title='bbox 1417 1635 1510 1669; x_wconf 90' lang='lat' dir='ltr'><strong>aliam,</strong></span> <span class='ocrx_word' id='word_1_585' title='bbox 1524 1645 1603 1672; x_wconf 82' lang='lat' dir='ltr'><strong>quam</strong></span> <span class='ocrx_word' id='word_1_586' title='bbox 1618 1639 1662 1666; x_wconf 89' lang='lat' dir='ltr'><strong>isti</strong></span> 
     </span>
    </p>
   </div>
   <div class='ocr_carea' id='block_1_78' title="bbox 876 1679 1661 1716">
    <p class='ocr_par' dir='ltr' id='par_1_78' title="bbox 876 1679 1661 1716">
     <span class='ocr_line' id='line_1_78' title="bbox 876 1679 1661 1716; baseline 0.005 -10"><span class='ocrx_word' id='word_1_587' title='bbox 876 1687 947 1707; x_wconf 89' lang='lat' dir='ltr'><strong>nunc</strong></span> <span class='ocrx_word' id='word_1_588' title='bbox 969 1680 1135 1713; x_wconf 81' lang='lat' dir='ltr'><strong>existimant,</strong></span> <span class='ocrx_word' id='word_1_589' title='bbox 1151 1679 1281 1707; x_wconf 86' lang='lat' dir='ltr'><strong>habuere.</strong></span> <span class='ocrx_word' id='word_1_590' title='bbox 1303 1680 1386 1708; x_wconf 88' lang='lat' dir='ltr'><strong>David</strong></span> <span class='ocrx_word' id='word_1_591' title='bbox 1405 1689 1521 1716; x_wconf 76' lang='lat' dir='ltr'><strong>namquo</strong></span> <span class='ocrx_word' id='word_1_592' title='bbox 1545 1684 1661 1711; x_wconf 69' lang='lat' dir='ltr'><strong>eximius</strong></span> 
     </span>
    </p>
   </div>
   <div class='ocr_carea' id='block_1_79' title="bbox 874 1724 1663 1760">
    <p class='ocr_par' dir='ltr' id='par_1_79' title="bbox 874 1724 1663 1760">
     <span class='ocr_line' id='line_1_79' title="bbox 874 1724 1663 1760; baseline 0.008 -10"><span class='ocrx_word' id='word_1_593' title='bbox 874 1725 1077 1759; x_wconf 85' lang='lat' dir='ltr'><strong>prophetarum,</strong></span> <span class='ocrx_word' id='word_1_594' title='bbox 1095 1732 1177 1759; x_wconf 89' lang='lat' dir='ltr'><strong>quam</strong></span> <span class='ocrx_word' id='word_1_595' title='bbox 1191 1724 1335 1760; x_wconf 79' lang='lat' dir='ltr'><strong>magniﬁce</strong></span> <span class='ocrx_word' id='word_1_596' title='bbox 1353 1726 1386 1753; x_wconf 88' lang='lat' dir='ltr'><strong>de</strong></span> <span class='ocrx_word' id='word_1_597' title='bbox 1408 1728 1583 1754; x_wconf 85' lang='lat' dir='ltr'><strong>tabernaculo</strong></span> <span class='ocrx_word' id='word_1_598' title='bbox 1600 1737 1663 1756; x_wconf 84' lang='lat' dir='ltr'><strong>sen-</strong></span> 
     </span>
    </p>
   </div>
   <div class='ocr_carea' id='block_1_80' title="bbox 876 1769 1663 1808">
    <p class='ocr_par' dir='ltr' id='par_1_80' title="bbox 876 1769 1663 1808">
     <span class='ocr_line' id='line_1_80' title="bbox 876 1769 1663 1808; baseline 0.006 -12"><span class='ocrx_word' id='word_1_599' title='bbox 876 1770 917 1802; x_wconf 90' lang='lat' dir='ltr'><strong>tit,</strong></span> <span class='ocrx_word' id='word_1_600' title='bbox 934 1769 1059 1797; x_wconf 84' lang='lat' dir='ltr'><strong>ausculta</strong></span> <span class='ocrx_word' id='word_1_601' title='bbox 1078 1777 1086 1797; x_wconf 83' lang='lat'><strong>:</strong></span> <span class='ocrx_word' id='word_1_602' title='bbox 1105 1779 1114 1796; x_wconf 83' lang='grc'>‹</span> <span class='ocrx_word' id='word_1_603' title='bbox 1138 1771 1204 1797; x_wconf 94' lang='lat' dir='ltr'><strong>Dum</strong></span> <span class='ocrx_word' id='word_1_604' title='bbox 1229 1770 1338 1804; x_wconf 90' lang='lat' dir='ltr'><strong>dicitur,</strong></span> <span class='ocrx_word' id='word_1_605' title='bbox 1365 1771 1454 1805; x_wconf 91' lang='lat' dir='ltr'><strong>inquit</strong></span> <span class='ocrx_word' id='word_1_606' title='bbox 1476 1772 1509 1805; x_wconf 79' lang='grc' dir='ltr'><strong>⁸ο,</strong></span> <span class='ocrx_word' id='word_1_607' title='bbox 1533 1774 1596 1800; x_wconf 90' lang='lat' dir='ltr'><strong>mihi</strong></span> <span class='ocrx_word' id='word_1_608' title='bbox 1614 1782 1663 1808; x_wconf 88' lang='lat' dir='ltr'><strong>per</strong></span> 
     </span>
    </p>
   </div>
   <div class='ocr_carea' id='block_1_81' title="bbox 874 1815 1661 1850">
    <p class='ocr_par' dir='ltr' id='par_1_81' title="bbox 874 1815 1661 1850">
     <span class='ocr_line' id='line_1_81' title="bbox 874 1815 1661 1850; baseline 0.004 -7"><span class='ocrx_word' id='word_1_609' title='bbox 874 1815 993 1850; x_wconf 76' lang='lat' dir='ltr'><strong>singulos</strong></span> <span class='ocrx_word' id='word_1_610' title='bbox 1008 1816 1076 1848; x_wconf 87' lang='lat' dir='ltr'><strong>dies,</strong></span> <span class='ocrx_word' id='word_1_611' title='bbox 1093 1816 1138 1843; x_wconf 91' lang='lat' dir='ltr'><strong>ubi</strong></span> <span class='ocrx_word' id='word_1_612' title='bbox 1158 1820 1199 1844; x_wconf 87' lang='lat' dir='ltr'><strong>est</strong></span> <span class='ocrx_word' id='word_1_613' title='bbox 1221 1815 1290 1843; x_wconf 92' lang='lat' dir='ltr'><strong>Deus</strong></span> <span class='ocrx_word' id='word_1_614' title='bbox 1311 1816 1394 1843; x_wconf 82' lang='lat' dir='ltr'><strong>tuus?</strong></span> <span class='ocrx_word' id='word_1_615' title='bbox 1410 1817 1468 1845; x_wconf 72' lang='lat' dir='ltr'><strong>bazc</strong></span> <span class='ocrx_word' id='word_1_616' title='bbox 1493 1824 1661 1847; x_wconf 85' lang='lat' dir='ltr'><strong>memoratus</strong></span> 
     </span>
    </p>
   </div>
   <div class='ocr_carea' id='block_1_82' title="bbox 874 1860 1660 1896">
    <p class='ocr_par' dir='ltr' id='par_1_82' title="bbox 874 1860 1660 1896">
     <span class='ocr_line' id='line_1_82' title="bbox 874 1860 1660 1896; baseline 0.004 -8"><span class='ocrx_word' id='word_1_617' title='bbox 874 1868 944 1894; x_wconf 85' lang='lat' dir='ltr'><strong>sum,</strong></span> <span class='ocrx_word' id='word_1_618' title='bbox 960 1864 987 1886; x_wconf 92' lang='lat' dir='ltr'><strong>et</strong></span> <span class='ocrx_word' id='word_1_619' title='bbox 1000 1860 1081 1887; x_wconf 77' lang='lat' dir='ltr'><strong>etiudi</strong></span> <span class='ocrx_word' id='word_1_620' title='bbox 1097 1860 1124 1887; x_wconf 93' lang='lat' dir='ltr'><strong>in</strong></span> <span class='ocrx_word' id='word_1_621' title='bbox 1144 1868 1186 1887; x_wconf 89' lang='lat' dir='ltr'><strong>me</strong></span> <span class='ocrx_word' id='word_1_622' title='bbox 1200 1860 1317 1887; x_wconf 87' lang='lat' dir='ltr'><strong>animam</strong></span> <span class='ocrx_word' id='word_1_623' title='bbox 1341 1868 1437 1894; x_wconf 82' lang='lat' dir='ltr'><strong>meam,</strong></span> <span class='ocrx_word' id='word_1_624' title='bbox 1465 1864 1594 1896; x_wconf 91' lang='lat' dir='ltr'><strong>quoniam</strong></span> <span class='ocrx_word' id='word_1_625' title='bbox 1619 1865 1660 1891; x_wconf 88' lang='lat' dir='ltr'><strong>in-</strong></span> 
     </span>
    </p>
   </div>
   <div class='ocr_carea' id='block_1_83' title="bbox 874 1905 1661 1943">
    <p class='ocr_par' dir='ltr' id='par_1_83' title="bbox 874 1905 1661 1943">
     <span class='ocr_line' id='line_1_83' title="bbox 874 1905 1661 1943; baseline 0.006 -11"><span class='ocrx_word' id='word_1_626' title='bbox 874 1905 981 1941; x_wconf 75' lang='lat' dir='ltr'><strong>grediar</strong></span> <span class='ocrx_word' id='word_1_627' title='bbox 993 1906 1020 1932; x_wconf 91' lang='lat' dir='ltr'><strong>in</strong></span> <span class='ocrx_word' id='word_1_628' title='bbox 1037 1905 1124 1933; x_wconf 91' lang='lat' dir='ltr'><strong>locum</strong></span> <span class='ocrx_word' id='word_1_629' title='bbox 1142 1905 1309 1932; x_wconf 86' lang='lat' dir='ltr'><strong>tabernaculi</strong></span> <span class='ocrx_word' id='word_1_630' title='bbox 1332 1906 1511 1940; x_wconf 87' lang='lat' dir='ltr'><strong>admirabilis,</strong></span> <span class='ocrx_word' id='word_1_631' title='bbox 1528 1916 1612 1943; x_wconf 82' lang='lat' dir='ltr'><strong>usque</strong></span> <span class='ocrx_word' id='word_1_632' title='bbox 1627 1911 1661 1937; x_wconf 91' lang='lat' dir='ltr'><strong>ad</strong></span> 
     </span>
    </p>
   </div>
   <div class='ocr_carea' id='block_1_84' title="bbox 874 1950 1662 1988">
    <p class='ocr_par' dir='ltr' id='par_1_84' title="bbox 874 1950 1662 1988">
     <span class='ocr_line' id='line_1_84' title="bbox 874 1950 1662 1988; baseline 0.003 -10"><span class='ocrx_word' id='word_1_633' title='bbox 874 1952 983 1978; x_wconf 88' lang='lat' dir='ltr'><strong>domum</strong></span> <span class='ocrx_word' id='word_1_634' title='bbox 1009 1950 1066 1977; x_wconf 89' lang='lat' dir='ltr'><strong>Dei.</strong></span> <span class='ocrx_word' id='word_1_635' title='bbox 1095 1960 1104 1976; x_wconf 74' lang='grc' dir='ltr'><strong>ι</strong></span> <span class='ocrx_word' id='word_1_636' title='bbox 1126 1950 1159 1977; x_wconf 85' lang='grc' dir='ltr'>Ει</span> <span class='ocrx_word' id='word_1_637' title='bbox 1183 1950 1279 1976; x_wconf 91' lang='lat' dir='ltr'><strong>iterum</strong></span> <span class='ocrx_word' id='word_1_638' title='bbox 1303 1955 1401 1985; x_wconf 89' lang='lat' dir='ltr'><strong>quarto</strong></span> <span class='ocrx_word' id='word_1_639' title='bbox 1429 1951 1535 1980; x_wconf 85' lang='lat' dir='ltr'><strong>decimo</strong></span> <span class='ocrx_word' id='word_1_640' title='bbox 1558 1954 1662 1988; x_wconf 85' lang='lat' dir='ltr'><strong>psalmo</strong></span> 
     </span>
    </p>
   </div>
   <div class='ocr_carea' id='block_1_85' title="bbox 874 1995 1662 2030">
    <p class='ocr_par' dir='ltr' id='par_1_85' title="bbox 874 1995 1662 2030">
     <span class='ocr_line' id='line_1_85' title="bbox 874 1995 1662 2030; baseline 0.005 -8"><span class='ocrx_word' id='word_1_641' title='bbox 874 1996 970 2023; x_wconf 77' lang='lat' dir='ltr'><strong>dicit&#39;l</strong></span> <span class='ocrx_word' id='word_1_642' title='bbox 986 2005 992 2022; x_wconf 91' lang='lat'>:</span> <span class='ocrx_word' id='word_1_643' title='bbox 1011 2005 1020 2021; x_wconf 82' lang='grc' dir='ltr'><strong>ι</strong></span> <span class='ocrx_word' id='word_1_644' title='bbox 1042 1995 1165 2027; x_wconf 83' lang='lat' dir='ltr'><strong>Domine,</strong></span> <span class='ocrx_word' id='word_1_645' title='bbox 1191 1995 1254 2030; x_wconf 83' lang='lat' dir='ltr'><strong>quis</strong></span> <span class='ocrx_word' id='word_1_646' title='bbox 1279 1995 1414 2024; x_wconf 89' lang='lat' dir='ltr'><strong>habitabit</strong></span> <span class='ocrx_word' id='word_1_647' title='bbox 1439 1997 1464 2024; x_wconf 93' lang='lat' dir='ltr'><strong>in</strong></span> <span class='ocrx_word' id='word_1_648' title='bbox 1489 1999 1662 2026; x_wconf 80' lang='lat' dir='ltr'><strong>tabernaculo</strong></span> 
     </span>
    </p>
   </div>
   <div class='ocr_carea' id='block_1_86' title="bbox 874 2042 1661 2076">
    <p class='ocr_par' dir='ltr' id='par_1_86' title="bbox 874 2042 1661 2076">
     <span class='ocr_line' id='line_1_86' title="bbox 874 2042 1661 2076; baseline 0.006 -8"><span class='ocrx_word' id='word_1_649' title='bbox 874 2042 940 2069; x_wconf 75' lang='lat' dir='ltr'><strong>tuo?</strong></span> <span class='ocrx_word' id='word_1_650' title='bbox 967 2046 1012 2069; x_wconf 90' lang='lat' dir='ltr'><strong>aut</strong></span> <span class='ocrx_word' id='word_1_651' title='bbox 1035 2042 1095 2076; x_wconf 88' lang='lat' dir='ltr'><strong>quis</strong></span> <span class='ocrx_word' id='word_1_652' title='bbox 1124 2043 1275 2076; x_wconf 79' lang='lat' dir='ltr'><strong>requiescet</strong></span> <span class='ocrx_word' id='word_1_653' title='bbox 1300 2044 1325 2070; x_wconf 93' lang='lat' dir='ltr'><strong>in</strong></span> <span class='ocrx_word' id='word_1_654' title='bbox 1351 2049 1442 2073; x_wconf 90' lang='lat' dir='ltr'><strong>monte</strong></span> <span class='ocrx_word' id='word_1_655' title='bbox 1468 2050 1564 2072; x_wconf 79' lang='lat' dir='ltr'><strong>saneto</strong></span> <span class='ocrx_word' id='word_1_656' title='bbox 1595 2046 1661 2073; x_wconf 83' lang='lat' dir='ltr'><strong>tuo?</strong></span> 
     </span>
    </p>
   </div>
   <div class='ocr_carea' id='block_1_87' title="bbox 873 2089 1660 2126">
    <p class='ocr_par' dir='ltr' id='par_1_87' title="bbox 873 2089 1660 2126">
     <span class='ocr_line' id='line_1_87' title="bbox 873 2089 1660 2126; baseline 0.008 -11"><span class='ocrx_word' id='word_1_657' title='bbox 873 2089 922 2122; x_wconf 87' lang='lat' dir='ltr'><strong>Qui</strong></span> <span class='ocrx_word' id='word_1_658' title='bbox 950 2089 1102 2123; x_wconf 73' lang='lat' dir='ltr'><strong>ingreditur</strong></span> <span class='ocrx_word' id='word_1_659' title='bbox 1125 2089 1185 2117; x_wconf 88' lang='lat' dir='ltr'><strong>sine</strong></span> <span class='ocrx_word' id='word_1_660' title='bbox 1214 2090 1340 2121; x_wconf 85' lang='lat' dir='ltr'><strong>macula,</strong></span> <span class='ocrx_word' id='word_1_661' title='bbox 1368 2097 1395 2117; x_wconf 89' lang='lat' dir='ltr'><strong>et</strong></span> <span class='ocrx_word' id='word_1_662' title='bbox 1422 2097 1551 2125; x_wconf 89' lang='lat' dir='ltr'><strong>operatur</strong></span> <span class='ocrx_word' id='word_1_663' title='bbox 1577 2091 1660 2126; x_wconf 79' lang='lat' dir='ltr'><strong>justi-</strong></span> 
     </span>
    </p>
   </div>
   <div class='ocr_carea' id='block_1_88' title="bbox 875 2134 1661 2170">
    <p class='ocr_par' dir='ltr' id='par_1_88' title="bbox 875 2134 1661 2170">
     <span class='ocr_line' id='line_1_88' title="bbox 875 2134 1661 2170; baseline 0.006 -9"><span class='ocrx_word' id='word_1_664' title='bbox 875 2135 951 2167; x_wconf 90' lang='lat' dir='ltr'><strong>tiam,</strong></span> <span class='ocrx_word' id='word_1_665' title='bbox 967 2144 976 2160; x_wconf 73' lang='grc' dir='ltr'><strong>ι</strong></span> <span class='ocrx_word' id='word_1_666' title='bbox 994 2139 1048 2163; x_wconf 91' lang='lat' dir='ltr'><strong>etc.</strong></span> <span class='ocrx_word' id='word_1_667' title='bbox 1070 2134 1140 2168; x_wconf 84' lang='lat' dir='ltr'><strong>Quid</strong></span> <span class='ocrx_word' id='word_1_668' title='bbox 1161 2143 1226 2170; x_wconf 79' lang='lat' dir='ltr'><strong>ergo</strong></span> <span class='ocrx_word' id='word_1_669' title='bbox 1243 2141 1283 2163; x_wconf 88' lang='lat' dir='ltr'><strong>est</strong></span> <span class='ocrx_word' id='word_1_670' title='bbox 1314 2135 1365 2163; x_wconf 85' lang='lat' dir='ltr'><strong>iste</strong></span> <span class='ocrx_word' id='word_1_671' title='bbox 1393 2136 1468 2165; x_wconf 90' lang='lat' dir='ltr'><strong>locus</strong></span> <span class='ocrx_word' id='word_1_672' title='bbox 1492 2138 1661 2166; x_wconf 89' lang='lat' dir='ltr'><strong>tabernaculi</strong></span> 
     </span>
    </p>
   </div>
   <div class='ocr_carea' id='block_1_89' title="bbox 873 2180 1660 2217">
    <p class='ocr_par' dir='ltr' id='par_1_89' title="bbox 873 2180 1660 2217">
     <span class='ocr_line' id='line_1_89' title="bbox 873 2180 1660 2217; baseline 0.008 -11"><span class='ocrx_word' id='word_1_673' title='bbox 873 2180 1048 2214; x_wconf 85' lang='lat' dir='ltr'><strong>admirabilis,</strong></span> <span class='ocrx_word' id='word_1_674' title='bbox 1074 2188 1105 2207; x_wconf 76' lang='lat' dir='ltr'><strong>ex</strong></span> <span class='ocrx_word' id='word_1_675' title='bbox 1121 2188 1175 2215; x_wconf 91' lang='lat' dir='ltr'><strong>quo</strong></span> <span class='ocrx_word' id='word_1_676' title='bbox 1200 2182 1360 2216; x_wconf 77' lang='lat' dir='ltr'><strong>pervenitur</strong></span> <span class='ocrx_word' id='word_1_677' title='bbox 1386 2191 1471 2217; x_wconf 84' lang='lat' dir='ltr'><strong>usque</strong></span> <span class='ocrx_word' id='word_1_678' title='bbox 1499 2185 1532 2211; x_wconf 88' lang='lat' dir='ltr'><strong>ad</strong></span> <span class='ocrx_word' id='word_1_679' title='bbox 1551 2185 1660 2212; x_wconf 88' lang='lat' dir='ltr'><strong>donnnn</strong></span> 
     </span>
    </p>
   </div>
   <div class='ocr_carea' id='block_1_90' title="bbox 35 2223 1661 2266">
    <p class='ocr_par' dir='ltr' id='par_1_90' title="bbox 35 2223 1661 2266">
     <span class='ocr_line' id='line_1_90' title="bbox 35 2223 1661 2266; baseline -0.002 -4"><span class='ocrx_word' id='word_1_680' title='bbox 35 2238 90 2263; x_wconf 82' lang='lat' dir='ltr'><strong>dem</strong></span> <span class='ocrx_word' id='word_1_681' title='bbox 107 2237 132 2264; x_wconf 92' lang='lat' dir='ltr'><strong>in</strong></span> <span class='ocrx_word' id='word_1_682' title='bbox 145 2236 217 2262; x_wconf 83' lang='lat' dir='ltr'><strong>locis</strong></span> <span class='ocrx_word' id='word_1_683' title='bbox 232 2237 389 2261; x_wconf 90' lang='lat' dir='ltr'><strong>memorant</strong></span> <span class='ocrx_word' id='word_1_684' title='bbox 404 2231 552 2266; x_wconf 79' lang='lat' dir='ltr'><strong>Scriptura:</strong></span> <span class='ocrx_word' id='word_1_685' title='bbox 579 2230 688 2264; x_wconf 83' lang='lat' dir='ltr'><strong>divime,</strong></span> <span class='ocrx_word' id='word_1_686' title='bbox 703 2235 730 2257; x_wconf 91' lang='lat' dir='ltr'><strong>et</strong></span> <span class='ocrx_word' id='word_1_687' title='bbox 748 2229 819 2256; x_wconf 84' lang='lat' dir='ltr'><strong>indi-</strong></span> <span class='ocrx_word' id='word_1_688' title='bbox 839 2223 861 2250; x_wconf 76' lang='grc' dir='ltr'>ι)</span> <span class='ocrx_word' id='word_1_689' title='bbox 876 2229 934 2260; x_wconf 85' lang='lat' dir='ltr'><strong>Dei,</strong></span> <span class='ocrx_word' id='word_1_690' title='bbox 946 2229 1023 2263; x_wconf 87' lang='lat' dir='ltr'><strong>cujus</strong></span> <span class='ocrx_word' id='word_1_691' title='bbox 1037 2228 1100 2263; x_wconf 82' lang='lat' dir='ltr'><strong>quia</strong></span> <span class='ocrx_word' id='word_1_692' title='bbox 1115 2235 1219 2255; x_wconf 89' lang='lat' dir='ltr'><strong>tnemor</strong></span> <span class='ocrx_word' id='word_1_693' title='bbox 1232 2228 1318 2256; x_wconf 79' lang='lat' dir='ltr'><strong>factus</strong></span> <span class='ocrx_word' id='word_1_694' title='bbox 1332 2234 1385 2263; x_wconf 91' lang='lat' dir='ltr'><strong>est,</strong></span> <span class='ocrx_word' id='word_1_695' title='bbox 1395 2231 1479 2258; x_wconf 80' lang='lat' dir='ltr'><strong>clTusa</strong></span> <span class='ocrx_word' id='word_1_696' title='bbox 1494 2237 1535 2259; x_wconf 86' lang='lat' dir='ltr'><strong>est</strong></span> <span class='ocrx_word' id='word_1_697' title='bbox 1552 2232 1576 2258; x_wconf 91' lang='lat' dir='ltr'><strong>in</strong></span> <span class='ocrx_word' id='word_1_698' title='bbox 1603 2234 1661 2266; x_wconf 89' lang='lat' dir='ltr'><strong>ipso</strong></span> 
     </span>
    </p>
   </div>
   <div class='ocr_carea' id='block_1_91' title="bbox 34 2277 821 2318">
    <p class='ocr_par' dir='ltr' id='par_1_91' title="bbox 34 2277 821 2318">
     <span class='ocr_line' id='line_1_91' title="bbox 34 2277 821 2318; baseline -0.01 -8"><span class='ocrx_word' id='word_1_699' title='bbox 34 2292 92 2311; x_wconf 82' lang='lat' dir='ltr'><strong>care</strong></span> <span class='ocrx_word' id='word_1_700' title='bbox 110 2283 239 2318; x_wconf 65' lang='lat' dir='ltr'><strong>quaedam</strong></span> <span class='ocrx_word' id='word_1_701' title='bbox 268 2279 404 2310; x_wconf 87' lang='lat' dir='ltr'><strong>videntur,</strong></span> <span class='ocrx_word' id='word_1_702' title='bbox 435 2284 550 2312; x_wconf 85' lang='lat' dir='ltr'><strong>quorum</strong></span> <span class='ocrx_word' id='word_1_703' title='bbox 578 2277 622 2302; x_wconf 78' lang='lat' dir='ltr'><strong>vix</strong></span> <span class='ocrx_word' id='word_1_704' title='bbox 649 2283 734 2311; x_wconf 81' lang='lat' dir='ltr'><strong>capax</strong></span> <span class='ocrx_word' id='word_1_705' title='bbox 760 2283 821 2302; x_wconf 86' lang='lat' dir='ltr'><strong>esse</strong></span> 
     </span>
    </p>
   </div>
   <div class='ocr_carea' id='block_1_92' title="bbox 37 2321 820 2364">
    <p class='ocr_par' dir='ltr' id='par_1_92' title="bbox 37 2321 820 2364">
     <span class='ocr_line' id='line_1_92' title="bbox 37 2321 820 2364; baseline -0.011 -6"><span class='ocrx_word' id='word_1_706' title='bbox 37 2332 115 2364; x_wconf 78' lang='lat' dir='ltr'><strong>possit</strong></span> <span class='ocrx_word' id='word_1_707' title='bbox 128 2331 270 2356; x_wconf 86' lang='lat' dir='ltr'><strong>humanus</strong></span> <span class='ocrx_word' id='word_1_708' title='bbox 288 2325 416 2357; x_wconf 89' lang='lat' dir='ltr'><strong>auditus;</strong></span> <span class='ocrx_word' id='word_1_709' title='bbox 431 2323 566 2359; x_wconf 71' lang='lat' dir='ltr'><strong>prmcipue</strong></span> <span class='ocrx_word' id='word_1_710' title='bbox 582 2327 672 2349; x_wconf 87' lang='lat' dir='ltr'><strong>tamen</strong></span> <span class='ocrx_word' id='word_1_711' title='bbox 682 2321 820 2356; x_wconf 85' lang='lat' dir='ltr'><strong>apostolus</strong></span> 
     </span>
    </p>
   </div>
   <div class='ocr_carea' id='block_1_93' title="bbox 35 2368 820 2406">
    <p class='ocr_par' dir='ltr' id='par_1_93' title="bbox 35 2368 820 2406">
     <span class='ocr_line' id='line_1_93' title="bbox 35 2368 820 2406; baseline -0.011 -3"><span class='ocrx_word' id='word_1_712' title='bbox 35 2375 127 2402; x_wconf 72' lang='lat' dir='ltr'><strong>Paulus</strong></span> <span class='ocrx_word' id='word_1_713' title='bbox 144 2375 179 2401; x_wconf 88' lang='lat' dir='ltr'><strong>de</strong></span> <span class='ocrx_word' id='word_1_714' title='bbox 197 2371 376 2406; x_wconf 79' lang='lat' dir='ltr'><strong>intelligentia</strong></span> <span class='ocrx_word' id='word_1_715' title='bbox 401 2369 564 2397; x_wconf 86' lang='lat' dir='ltr'><strong>tabernaculi</strong></span> <span class='ocrx_word' id='word_1_716' title='bbox 590 2369 712 2403; x_wconf 70' lang='lat' dir='ltr'><strong>quaedam</strong></span> <span class='ocrx_word' id='word_1_717' title='bbox 741 2368 820 2395; x_wconf 87' lang='lat' dir='ltr'><strong>nobis</strong></span> 
     </span>
    </p>
   </div>
   <div class='ocr_carea' id='block_1_94' title="bbox 36 2414 819 2455">
    <p class='ocr_par' dir='ltr' id='par_1_94' title="bbox 36 2414 819 2455">
     <span class='ocr_line' id='line_1_94' title="bbox 36 2414 819 2455; baseline -0.01 -7"><span class='ocrx_word' id='word_1_718' title='bbox 36 2423 117 2455; x_wconf 86' lang='lat' dir='ltr'><strong>prodit</strong></span> <span class='ocrx_word' id='word_1_719' title='bbox 129 2420 256 2448; x_wconf 73' lang='lat' dir='ltr'><strong>scientiae</strong></span> <span class='ocrx_word' id='word_1_720' title='bbox 275 2417 433 2446; x_wconf 79' lang='lat' dir='ltr'><strong>excelsioris</strong></span> <span class='ocrx_word' id='word_1_721' title='bbox 452 2416 564 2447; x_wconf 90' lang='lat' dir='ltr'><strong>indicia,</strong></span> <span class='ocrx_word' id='word_1_722' title='bbox 593 2415 639 2442; x_wconf 85' lang='lat' dir='ltr'><strong>sed</strong></span> <span class='ocrx_word' id='word_1_723' title='bbox 659 2414 750 2442; x_wconf 87' lang='lat' dir='ltr'><strong>nescio</strong></span> <span class='ocrx_word' id='word_1_724' title='bbox 766 2421 819 2448; x_wconf 86' lang='lat' dir='ltr'><strong>quo</strong></span> 
     </span>
    </p>
   </div>
   <div class='ocr_carea' id='block_1_95' title="bbox 35 2460 817 2503">
    <p class='ocr_par' dir='ltr' id='par_1_95' title="bbox 35 2460 817 2503">
     <span class='ocr_line' id='line_1_95' title="bbox 35 2460 817 2503; baseline -0.013 -8"><span class='ocrx_word' id='word_1_725' title='bbox 35 2473 108 2503; x_wconf 77' lang='lat' dir='ltr'><strong>pacto</strong></span> <span class='ocrx_word' id='word_1_726' title='bbox 135 2465 316 2501; x_wconf 74' lang='lat' dir='ltr'><strong>fragilitatem</strong></span> <span class='ocrx_word' id='word_1_727' title='bbox 345 2462 469 2490; x_wconf 82' lang='lat' dir='ltr'><strong>fortassis</strong></span> <span class='ocrx_word' id='word_1_728' title='bbox 507 2462 615 2488; x_wconf 87' lang='lat' dir='ltr'><strong>intuens</strong></span> <span class='ocrx_word' id='word_1_729' title='bbox 649 2460 817 2492; x_wconf 86' lang='lat' dir='ltr'><strong>auditorum,</strong></span> 
     </span>
    </p>
   </div>
   <div class='ocr_carea' id='block_1_96' title="bbox 36 2506 820 2547">
    <p class='ocr_par' dir='ltr' id='par_1_96' title="bbox 36 2506 820 2547">
     <span class='ocr_line' id='line_1_96' title="bbox 36 2506 820 2547; baseline -0.011 -7"><span class='ocrx_word' id='word_1_730' title='bbox 36 2513 128 2541; x_wconf 73' lang='lat' dir='ltr'><strong>claudit</strong></span> <span class='ocrx_word' id='word_1_731' title='bbox 146 2510 351 2547; x_wconf 86' lang='lat' dir='ltr'><strong>quodammodo</strong></span> <span class='ocrx_word' id='word_1_732' title='bbox 368 2510 423 2542; x_wconf 88' lang='lat' dir='ltr'><strong>ipsa</strong></span> <span class='ocrx_word' id='word_1_733' title='bbox 447 2515 507 2542; x_wconf 70' lang='lat' dir='ltr'><strong>quae</strong></span> <span class='ocrx_word' id='word_1_734' title='bbox 529 2506 633 2541; x_wconf 86' lang='lat' dir='ltr'><strong>pandit.</strong></span> <span class='ocrx_word' id='word_1_735' title='bbox 659 2506 728 2532; x_wconf 84' lang='lat' dir='ltr'><strong>Dicit</strong></span> <span class='ocrx_word' id='word_1_736' title='bbox 746 2513 820 2531; x_wconf 84' lang='lat' dir='ltr'><strong>nam-</strong></span> 
     </span>
    </p>
   </div>
   <div class='ocr_carea' id='block_1_97' title="bbox 35 2551 818 2594">
    <p class='ocr_par' dir='ltr' id='par_1_97' title="bbox 35 2551 818 2594">
     <span class='ocr_line' id='line_1_97' title="bbox 35 2551 818 2594; baseline -0.008 -10"><span class='ocrx_word' id='word_1_737' title='bbox 35 2566 82 2594; x_wconf 82' lang='lat' dir='ltr'><strong>que</strong></span> <span class='ocrx_word' id='word_1_738' title='bbox 95 2559 127 2586; x_wconf 89' lang='lat' dir='ltr'><strong>ad</strong></span> <span class='ocrx_word' id='word_1_739' title='bbox 146 2558 280 2585; x_wconf 69' lang='lat' dir='ltr'><strong>llebraros</strong></span> <span class='ocrx_word' id='word_1_740' title='bbox 295 2556 419 2583; x_wconf 72' lang='lat' dir='ltr'><strong>scribet-5</strong></span> <span class='ocrx_word' id='word_1_741' title='bbox 433 2554 442 2569; x_wconf 84' lang='grc'><strong>⁷</strong></span> <span class='ocrx_word' id='word_1_742' title='bbox 463 2562 470 2579; x_wconf 84' lang='lat'><strong>:</strong></span> <span class='ocrx_word' id='word_1_743' title='bbox 487 2563 495 2579; x_wconf 75' lang='grc' dir='ltr'><strong>ι</strong></span> <span class='ocrx_word' id='word_1_744' title='bbox 515 2551 732 2579; x_wconf 86' lang='lat' dir='ltr'><strong>&#39;l&#39;abernaculum</strong></span> <span class='ocrx_word' id='word_1_745' title='bbox 746 2551 818 2578; x_wconf 84' lang='lat' dir='ltr'><strong>enim</strong></span> 
     </span>
    </p>
   </div>
   <div class='ocr_carea' id='block_1_98' title="bbox 38 2596 819 2637">
    <p class='ocr_par' dir='ltr' id='par_1_98' title="bbox 38 2596 819 2637">
     <span class='ocr_line' id='line_1_98' title="bbox 38 2596 819 2637; baseline -0.013 -6"><span class='ocrx_word' id='word_1_746' title='bbox 38 2605 130 2631; x_wconf 76' lang='lat' dir='ltr'><strong>iactum</strong></span> <span class='ocrx_word' id='word_1_747' title='bbox 155 2607 198 2630; x_wconf 77' lang='lat' dir='ltr'><strong>est</strong></span> <span class='ocrx_word' id='word_1_748' title='bbox 214 2602 344 2637; x_wconf 88' lang='lat' dir='ltr'><strong>primum,</strong></span> <span class='ocrx_word' id='word_1_749' title='bbox 364 2601 389 2626; x_wconf 91' lang='lat' dir='ltr'><strong>in</strong></span> <span class='ocrx_word' id='word_1_750' title='bbox 406 2606 461 2634; x_wconf 90' lang='lat' dir='ltr'><strong>quo</strong></span> <span class='ocrx_word' id='word_1_751' title='bbox 478 2602 537 2626; x_wconf 90' lang='lat' dir='ltr'><strong>erat</strong></span> <span class='ocrx_word' id='word_1_752' title='bbox 562 2596 767 2629; x_wconf 84' lang='lat' dir='ltr'><strong>candelabrum,</strong></span> <span class='ocrx_word' id='word_1_753' title='bbox 790 2600 819 2623; x_wconf 88' lang='lat' dir='ltr'><strong>et</strong></span> 
     </span>
    </p>
   </div>
   <div class='ocr_carea' id='block_1_99' title="bbox 39 2643 818 2685">
    <p class='ocr_par' dir='ltr' id='par_1_99' title="bbox 39 2643 818 2685">
     <span class='ocr_line' id='line_1_99' title="bbox 39 2643 818 2685; baseline -0.008 -9"><span class='ocrx_word' id='word_1_754' title='bbox 39 2658 121 2678; x_wconf 80' lang='lat' dir='ltr'><strong>mensa</strong></span> <span class='ocrx_word' id='word_1_755' title='bbox 139 2648 200 2685; x_wconf 71' lang='grc'><strong>(45)</strong></span> <span class='ocrx_word' id='word_1_756' title='bbox 216 2652 244 2675; x_wconf 88' lang='lat' dir='ltr'><strong>et</strong></span> <span class='ocrx_word' id='word_1_757' title='bbox 264 2647 414 2682; x_wconf 86' lang='lat' dir='ltr'><strong>propositio</strong></span> <span class='ocrx_word' id='word_1_758' title='bbox 440 2652 551 2679; x_wconf 89' lang='lat' dir='ltr'><strong>panum,</strong></span> <span class='ocrx_word' id='word_1_759' title='bbox 576 2644 646 2678; x_wconf 90' lang='lat' dir='ltr'><strong>quod</strong></span> <span class='ocrx_word' id='word_1_760' title='bbox 673 2643 818 2670; x_wconf 82' lang='lat' dir='ltr'><strong>dicebatur</strong></span> 
     </span>
    </p>
   </div>
   <div class='ocr_carea' id='block_1_100' title="bbox 65 2694 346 2728">
    <p class='ocr_par' dir='ltr' id='par_1_100' title="bbox 65 2694 346 2728">
     <span class='ocr_line' id='line_1_100' title="bbox 65 2694 346 2728; baseline -0.021 -4"><span class='ocrx_word' id='word_1_761' title='bbox 65 2697 85 2712; x_wconf 82' lang='lat'>&quot;</span> <span class='ocrx_word' id='word_1_762' title='bbox 102 2695 204 2724; x_wconf 79' lang='lat' dir='ltr'><strong>Matth.</strong></span> <span class='ocrx_word' id='word_1_763' title='bbox 224 2702 288 2728; x_wconf 72' lang='lat' dir='ltr'><strong>xxv,</strong></span> <span class='ocrx_word' id='word_1_764' title='bbox 301 2694 346 2720; x_wconf 71' lang='grc'><strong>61.</strong></span> 
     </span>
    </p>
   </div>
   <div class='ocr_carea' id='block_1_101' title="bbox 385 2688 887 2722">
    <p class='ocr_par' dir='ltr' id='par_1_101' title="bbox 385 2688 887 2722">
     <span class='ocr_line' id='line_1_101' title="bbox 385 2688 887 2722; baseline -0.008 -2"><span class='ocrx_word' id='word_1_765' title='bbox 385 2693 407 2709; x_wconf 82' lang='grc'><strong>’⁸</strong></span> <span class='ocrx_word' id='word_1_766' title='bbox 416 2693 479 2720; x_wconf 88' lang='lat' dir='ltr'><strong>Luc.</strong></span> <span class='ocrx_word' id='word_1_767' title='bbox 494 2688 605 2722; x_wconf 60' lang='lat'><strong>“1.35.</strong></span> <span class='ocrx_word' id='word_1_768' title='bbox 643 2691 666 2706; x_wconf 86' lang='lat'><strong>&quot;</strong></span> <span class='ocrx_word' id='word_1_769' title='bbox 685 2690 693 2716; x_wconf 98' lang='lat' dir='ltr'><strong>l</strong></span> <span class='ocrx_word' id='word_1_770' title='bbox 710 2689 771 2717; x_wconf 88' lang='lat' dir='ltr'><strong>Cor.</strong></span> <span class='ocrx_word' id='word_1_771' title='bbox 785 2697 823 2719; x_wconf 82' lang='grc' dir='ltr'>ιιι.</span> <span class='ocrx_word' id='word_1_772' title='bbox 843 2690 887 2717; x_wconf 70' lang='lat'><strong>32.</strong></span> 
     </span>
    </p>
   </div>
   <div class='ocr_carea' id='block_1_102' title="bbox 875 2273 1661 2309">
    <p class='ocr_par' dir='ltr' id='par_1_102' title="bbox 875 2273 1661 2309">
     <span class='ocr_line' id='line_1_102' title="bbox 875 2273 1661 2309; baseline 0.006 -9"><span class='ocrx_word' id='word_1_773' title='bbox 875 2275 963 2301; x_wconf 84' lang='lat' dir='ltr'><strong>anima</strong></span> <span class='ocrx_word' id='word_1_774' title='bbox 976 2273 1045 2307; x_wconf 87' lang='lat' dir='ltr'><strong>ejus,</strong></span> <span class='ocrx_word' id='word_1_775' title='bbox 1059 2278 1086 2300; x_wconf 87' lang='lat' dir='ltr'><strong>et</strong></span> <span class='ocrx_word' id='word_1_776' title='bbox 1100 2273 1173 2300; x_wconf 87' lang='lat' dir='ltr'><strong>velut</strong></span> <span class='ocrx_word' id='word_1_777' title='bbox 1194 2274 1312 2309; x_wconf 85' lang='lat' dir='ltr'><strong>quodam</strong></span> <span class='ocrx_word' id='word_1_778' title='bbox 1337 2275 1502 2304; x_wconf 87' lang='lat' dir='ltr'><strong>intolerabili</strong></span> <span class='ocrx_word' id='word_1_779' title='bbox 1525 2278 1661 2305; x_wconf 85' lang='lat' dir='ltr'><strong>desiderio</strong></span> 
     </span>
    </p>
   </div>
   <div class='ocr_carea' id='block_1_103' title="bbox 875 2319 1659 2358">
    <p class='ocr_par' dir='ltr' id='par_1_103' title="bbox 875 2319 1659 2358">
     <span class='ocr_line' id='line_1_103' title="bbox 875 2319 1659 2358; baseline 0.004 -11"><span class='ocrx_word' id='word_1_780' title='bbox 875 2319 1010 2347; x_wconf 85' lang='lat' dir='ltr'><strong>resolutus</strong></span> <span class='ocrx_word' id='word_1_781' title='bbox 1026 2319 1083 2346; x_wconf 82' lang='lat' dir='ltr'><strong>est?</strong></span> <span class='ocrx_word' id='word_1_782' title='bbox 1107 2319 1179 2346; x_wconf 88' lang='lat' dir='ltr'><strong>Itane</strong></span> <span class='ocrx_word' id='word_1_783' title='bbox 1199 2320 1307 2347; x_wconf 88' lang='lat' dir='ltr'><strong>tandem</strong></span> <span class='ocrx_word' id='word_1_784' title='bbox 1335 2321 1500 2349; x_wconf 85' lang='lat' dir='ltr'><strong>credendum</strong></span> <span class='ocrx_word' id='word_1_785' title='bbox 1523 2328 1575 2357; x_wconf 87' lang='lat' dir='ltr'><strong>est,</strong></span> <span class='ocrx_word' id='word_1_786' title='bbox 1597 2325 1659 2358; x_wconf 82' lang='lat' dir='ltr'><strong>quia</strong></span> 
     </span>
    </p>
   </div>
   <div class='ocr_carea' id='block_1_104' title="bbox 875 2364 1658 2401">
    <p class='ocr_par' dir='ltr' id='par_1_104' title="bbox 875 2364 1658 2401">
     <span class='ocr_line' id='line_1_104' title="bbox 875 2364 1658 2401; baseline 0.005 -9"><span class='ocrx_word' id='word_1_787' title='bbox 875 2365 945 2392; x_wconf 89' lang='lat' dir='ltr'><strong>istud</strong></span> <span class='ocrx_word' id='word_1_788' title='bbox 962 2364 1166 2392; x_wconf 87' lang='lat' dir='ltr'><strong>tabernaculum</strong></span> <span class='ocrx_word' id='word_1_789' title='bbox 1187 2366 1258 2399; x_wconf 93' lang='lat' dir='ltr'><strong>quod</strong></span> <span class='ocrx_word' id='word_1_790' title='bbox 1285 2373 1318 2392; x_wconf 83' lang='lat' dir='ltr'><strong>ex</strong></span> <span class='ocrx_word' id='word_1_791' title='bbox 1347 2367 1461 2401; x_wconf 80' lang='lat' dir='ltr'><strong>pellibus</strong></span> <span class='ocrx_word' id='word_1_792' title='bbox 1484 2374 1511 2395; x_wconf 91' lang='lat' dir='ltr'><strong>et</strong></span> <span class='ocrx_word' id='word_1_793' title='bbox 1534 2370 1658 2401; x_wconf 85' lang='lat' dir='ltr'><strong>cortinis,</strong></span> 
     </span>
    </p>
   </div>
   <div class='ocr_carea' id='block_1_105' title="bbox 875 2411 1658 2448">
    <p class='ocr_par' dir='ltr' id='par_1_105' title="bbox 875 2411 1658 2448">
     <span class='ocr_line' id='line_1_105' title="bbox 875 2411 1658 2448; baseline 0.001 -8"><span class='ocrx_word' id='word_1_794' title='bbox 875 2417 956 2448; x_wconf 83' lang='lat' dir='ltr'><strong>atque</strong></span> <span class='ocrx_word' id='word_1_795' title='bbox 985 2411 1162 2447; x_wconf 80' lang='lat' dir='ltr'><strong>operimentis</strong></span> <span class='ocrx_word' id='word_1_796' title='bbox 1188 2411 1302 2444; x_wconf 89' lang='lat' dir='ltr'><strong>ciliciis,</strong></span> <span class='ocrx_word' id='word_1_797' title='bbox 1328 2412 1444 2447; x_wconf 87' lang='lat' dir='ltr'><strong>aliisque</strong></span> <span class='ocrx_word' id='word_1_798' title='bbox 1478 2415 1562 2441; x_wconf 88' lang='lat' dir='ltr'><strong>nostri</strong></span> <span class='ocrx_word' id='word_1_799' title='bbox 1595 2423 1658 2442; x_wconf 78' lang='lat' dir='ltr'><strong>usus</strong></span> 
     </span>
    </p>
   </div>
   <div class='ocr_carea' id='block_1_106' title="bbox 875 2452 1659 2491">
    <p class='ocr_par' dir='ltr' id='par_1_106' title="bbox 875 2452 1659 2491">
     <span class='ocr_line' id='line_1_106' title="bbox 875 2452 1659 2491; baseline 0.001 -5"><span class='ocrx_word' id='word_1_800' title='bbox 875 2459 995 2487; x_wconf 89' lang='lat' dir='ltr'><strong>materiis</strong></span> <span class='ocrx_word' id='word_1_801' title='bbox 1019 2457 1172 2489; x_wconf 86' lang='lat' dir='ltr'><strong>constabat,</strong></span> <span class='ocrx_word' id='word_1_802' title='bbox 1192 2457 1325 2491; x_wconf 84' lang='lat' dir='ltr'><strong>Propheta</strong></span> <span class='ocrx_word' id='word_1_803' title='bbox 1351 2452 1508 2486; x_wconf 68' lang='lat' dir='ltr'><strong>desiderans</strong></span> <span class='ocrx_word' id='word_1_804' title='bbox 1536 2459 1659 2487; x_wconf 80' lang='lat' dir='ltr'><strong>eﬂ‘unde-</strong></span> 
     </span>
    </p>
   </div>
   <div class='ocr_carea' id='block_1_107' title="bbox 875 2504 1658 2540">
    <p class='ocr_par' dir='ltr' id='par_1_107' title="bbox 875 2504 1658 2540">
     <span class='ocr_line' id='line_1_107' title="bbox 875 2504 1658 2540; baseline -0.001 -8"><span class='ocrx_word' id='word_1_805' title='bbox 875 2510 916 2532; x_wconf 87' lang='lat' dir='ltr'><strong>ret</strong></span> <span class='ocrx_word' id='word_1_806' title='bbox 932 2505 1060 2537; x_wconf 88' lang='lat' dir='ltr'><strong>animam,</strong></span> <span class='ocrx_word' id='word_1_807' title='bbox 1076 2511 1108 2530; x_wconf 91' lang='lat' dir='ltr'><strong>ac</strong></span> <span class='ocrx_word' id='word_1_808' title='bbox 1125 2508 1179 2530; x_wconf 88' lang='lat' dir='ltr'><strong>tota</strong></span> <span class='ocrx_word' id='word_1_809' title='bbox 1196 2509 1286 2531; x_wconf 91' lang='lat' dir='ltr'><strong>mente</strong></span> <span class='ocrx_word' id='word_1_810' title='bbox 1297 2509 1500 2532; x_wconf 90' lang='lat' dir='ltr'><strong>converteretur</strong></span> <span class='ocrx_word' id='word_1_811' title='bbox 1512 2505 1588 2540; x_wconf 59' lang='lat' dir='ltr'><strong>(at)?</strong></span> <span class='ocrx_word' id='word_1_812' title='bbox 1612 2504 1658 2532; x_wconf 76' lang='lat' dir='ltr'><strong>Vel</strong></span> 
     </span>
    </p>
   </div>
   <div class='ocr_carea' id='block_1_108' title="bbox 875 2549 1659 2586">
    <p class='ocr_par' dir='ltr' id='par_1_108' title="bbox 875 2549 1659 2586">
     <span class='ocr_line' id='line_1_108' title="bbox 875 2549 1659 2586; baseline -0.001 -7"><span class='ocrx_word' id='word_1_813' title='bbox 875 2556 948 2579; x_wconf 89' lang='lat' dir='ltr'><strong>certe</strong></span> <span class='ocrx_word' id='word_1_814' title='bbox 967 2550 1202 2586; x_wconf 89' lang='lat' dir='ltr'><strong>quomodoverum</strong></span> <span class='ocrx_word' id='word_1_815' title='bbox 1221 2550 1272 2576; x_wconf 87' lang='lat' dir='ltr'><strong>erit</strong></span> <span class='ocrx_word' id='word_1_816' title='bbox 1287 2550 1319 2577; x_wconf 89' lang='lat' dir='ltr'><strong>de</strong></span> <span class='ocrx_word' id='word_1_817' title='bbox 1333 2549 1385 2576; x_wconf 89' lang='lat' dir='ltr'><strong>isto</strong></span> <span class='ocrx_word' id='word_1_818' title='bbox 1409 2550 1461 2576; x_wconf 89' lang='lat' dir='ltr'><strong>dici</strong></span> <span class='ocrx_word' id='word_1_819' title='bbox 1486 2549 1659 2578; x_wconf 78' lang='lat' dir='ltr'><strong>tabernaculo</strong></span> 
     </span>
    </p>
   </div>
   <div class='ocr_carea' id='block_1_109' title="bbox 874 2594 1656 2631">
    <p class='ocr_par' dir='ltr' id='par_1_109' title="bbox 874 2594 1656 2631">
     <span class='ocr_line' id='line_1_109' title="bbox 874 2594 1656 2631; baseline -0.003 -9"><span class='ocrx_word' id='word_1_820' title='bbox 874 2596 945 2631; x_wconf 86' lang='lat' dir='ltr'><strong>quod</strong></span> <span class='ocrx_word' id='word_1_821' title='bbox 962 2604 1015 2624; x_wconf 93' lang='lat' dir='ltr'><strong>non</strong></span> <span class='ocrx_word' id='word_1_822' title='bbox 1030 2596 1134 2624; x_wconf 83' lang='lat' dir='ltr'><strong>habitet</strong></span> <span class='ocrx_word' id='word_1_823' title='bbox 1151 2596 1176 2623; x_wconf 91' lang='lat' dir='ltr'><strong>in</strong></span> <span class='ocrx_word' id='word_1_824' title='bbox 1199 2601 1233 2621; x_wconf 82' lang='lat' dir='ltr'><strong>eo</strong></span> <span class='ocrx_word' id='word_1_825' title='bbox 1252 2594 1303 2622; x_wconf 89' lang='lat' dir='ltr'><strong>nisi</strong></span> <span class='ocrx_word' id='word_1_826' title='bbox 1328 2603 1337 2620; x_wconf 74' lang='grc' dir='ltr'><strong>ι</strong></span> <span class='ocrx_word' id='word_1_827' title='bbox 1363 2595 1494 2622; x_wconf 88' lang='lat' dir='ltr'><strong>innocens</strong></span> <span class='ocrx_word' id='word_1_828' title='bbox 1519 2595 1656 2628; x_wconf 82' lang='lat' dir='ltr'><strong>manibus,</strong></span> 
     </span>
    </p>
   </div>
   <div class='ocr_carea' id='block_1_110' title="bbox 874 2640 1656 2677">
    <p class='ocr_par' dir='ltr' id='par_1_110' title="bbox 874 2640 1656 2677">
     <span class='ocr_line' id='line_1_110' title="bbox 874 2640 1656 2677; baseline -0.004 -8"><span class='ocrx_word' id='word_1_829' title='bbox 874 2647 900 2669; x_wconf 90' lang='lat' dir='ltr'><strong>ct</strong></span> <span class='ocrx_word' id='word_1_830' title='bbox 915 2642 1016 2669; x_wconf 91' lang='lat' dir='ltr'><strong>mundo</strong></span> <span class='ocrx_word' id='word_1_831' title='bbox 1034 2642 1126 2673; x_wconf 83' lang='lat' dir='ltr'><strong>corde,</strong></span> <span class='ocrx_word' id='word_1_832' title='bbox 1143 2642 1189 2677; x_wconf 91' lang='lat' dir='ltr'><strong>qui</strong></span> <span class='ocrx_word' id='word_1_833' title='bbox 1204 2649 1255 2669; x_wconf 92' lang='lat' dir='ltr'><strong>non</strong></span> <span class='ocrx_word' id='word_1_834' title='bbox 1268 2640 1407 2676; x_wconf 86' lang='lat' dir='ltr'><strong>accepitin</strong></span> <span class='ocrx_word' id='word_1_835' title='bbox 1424 2647 1524 2666; x_wconf 92' lang='lat' dir='ltr'><strong>vanum</strong></span> <span class='ocrx_word' id='word_1_836' title='bbox 1539 2640 1656 2666; x_wconf 86' lang='lat' dir='ltr'><strong>animam</strong></span> 
     </span>
    </p>
   </div>
   <div class='ocr_carea' id='block_1_111' title="bbox 928 2686 1656 2720">
    <p class='ocr_par' dir='ltr' id='par_1_111' title="bbox 928 2686 1656 2720">
     <span class='ocr_line' id='line_1_111' title="bbox 928 2686 1656 2720; baseline 0 -5"><span class='ocrx_word' id='word_1_837' title='bbox 928 2690 936 2705; x_wconf 86' lang='grc'>¹</span> <span class='ocrx_word' id='word_1_838' title='bbox 951 2689 1000 2716; x_wconf 83' lang='lat' dir='ltr'><strong>Joh</strong></span> <span class='ocrx_word' id='word_1_839' title='bbox 1028 2697 1048 2720; x_wconf 87' lang='lat' dir='ltr'><strong>I,</strong></span> <span class='ocrx_word' id='word_1_840' title='bbox 1061 2689 1105 2716; x_wconf 73' lang='grc'><strong>21.</strong></span> <span class='ocrx_word' id='word_1_841' title='bbox 1144 2689 1153 2704; x_wconf 90' lang='grc'><strong>¹</strong></span> <span class='ocrx_word' id='word_1_842' title='bbox 1170 2689 1254 2716; x_wconf 80' lang='lat' dir='ltr'><strong>Exod.</strong></span> <span class='ocrx_word' id='word_1_843' title='bbox 1277 2696 1324 2717; x_wconf 66' lang='lat' dir='ltr'><strong>ss.</strong></span> <span class='ocrx_word' id='word_1_844' title='bbox 1347 2688 1372 2714; x_wconf 84' lang='grc'><strong>6.</strong></span> <span class='ocrx_word' id='word_1_845' title='bbox 1424 2687 1434 2703; x_wconf 85' lang='grc'>³</span> <span class='ocrx_word' id='word_1_846' title='bbox 1450 2686 1527 2714; x_wconf 85' lang='lat' dir='ltr'><strong>Joan.</strong></span> <span class='ocrx_word' id='word_1_847' title='bbox 1543 2695 1597 2720; x_wconf 77' lang='lat' dir='ltr'><strong>xtv,</strong></span> <span class='ocrx_word' id='word_1_848' title='bbox 1609 2687 1656 2715; x_wconf 76' lang='lat'><strong>21.</strong></span> 
     </span>
    </p>
   </div>
   <div class='ocr_carea' id='block_1_112' title="bbox 38 2722 1654 2762">
    <p class='ocr_par' dir='ltr' id='par_1_112' title="bbox 38 2722 1654 2762">
     <span class='ocr_line' id='line_1_112' title="bbox 38 2722 1654 2762; baseline -0.005 -5"><span class='ocrx_word' id='word_1_849' title='bbox 38 2722 287 2762; x_wconf 56' lang='grc' dir='ltr'><strong>ιιιυῐιὶι.⁷⁷ίὲ,⁷ι8.’</strong></span> <span class='ocrx_word' id='word_1_850' title='bbox 313 2727 428 2755; x_wconf 64' lang='grc' dir='ltr'>’Μςιιιιμ</span> <span class='ocrx_word' id='word_1_851' title='bbox 445 2736 470 2761; x_wconf 88' lang='grc' dir='ltr'><strong>ν,</strong></span> <span class='ocrx_word' id='word_1_852' title='bbox 484 2729 510 2754; x_wconf 85' lang='grc'><strong>7.</strong></span> <span class='ocrx_word' id='word_1_853' title='bbox 547 2726 590 2753; x_wconf 58' lang='lat' dir='ltr'><strong>6n</strong></span> <span class='ocrx_word' id='word_1_854' title='bbox 604 2726 665 2753; x_wconf 81' lang='lat' dir='ltr'><strong>Cor.</strong></span> <span class='ocrx_word' id='word_1_855' title='bbox 680 2733 717 2757; x_wconf 85' lang='grc' dir='ltr'>ιιι,</span> <span class='ocrx_word' id='word_1_856' title='bbox 734 2725 758 2752; x_wconf 72' lang='lat'><strong>3.</strong></span> <span class='ocrx_word' id='word_1_857' title='bbox 791 2725 800 2740; x_wconf 78' lang='grc'>⁷</span> <span class='ocrx_word' id='word_1_858' title='bbox 820 2724 902 2752; x_wconf 82' lang='lat' dir='ltr'><strong>ilchr.</strong></span> <span class='ocrx_word' id='word_1_859' title='bbox 925 2724 1041 2758; x_wconf 53' lang='lat' dir='ltr'><strong>mas.</strong></span> <span class='ocrx_word' id='word_1_860' title='bbox 1073 2723 1160 2751; x_wconf 74' lang='lat' dir='ltr'><strong>&#39;ibid.</strong></span> <span class='ocrx_word' id='word_1_861' title='bbox 1182 2724 1229 2751; x_wconf 77' lang='lat' dir='ltr'><strong>st.</strong></span> <span class='ocrx_word' id='word_1_862' title='bbox 1267 2722 1408 2751; x_wconf 68' lang='lat' dir='ltr'><strong>&#39;ibid.li.</strong></span> <span class='ocrx_word' id='word_1_863' title='bbox 1440 2722 1654 2756; x_wconf 63' lang='lat' dir='ltr'><strong>I°t&gt;sat.xu,t.</strong></span> 
     </span>
    </p>
   </div>
   <div class='ocr_carea' id='block_1_113' title="bbox 40 2765 294 2799">
    <p class='ocr_par' dir='ltr' id='par_1_113' title="bbox 40 2765 294 2799">
     <span class='ocr_line' id='line_1_113' title="bbox 40 2765 294 2799; baseline -0.012 -5"><span class='ocrx_word' id='word_1_864' title='bbox 40 2765 55 2781; x_wconf 81' lang='lat'>”</span> <span class='ocrx_word' id='word_1_865' title='bbox 68 2767 136 2794; x_wconf 73' lang='lat' dir='ltr'><strong>Psal.</strong></span> <span class='ocrx_word' id='word_1_866' title='bbox 154 2774 213 2799; x_wconf 76' lang='lat' dir='ltr'><strong>xtv,</strong></span> <span class='ocrx_word' id='word_1_867' title='bbox 226 2766 252 2798; x_wconf 81' lang='lat' dir='ltr'><strong>l,</strong></span> <span class='ocrx_word' id='word_1_868' title='bbox 266 2765 294 2792; x_wconf 74' lang='grc'><strong>2.</strong></span> 
     </span>
    </p>
   </div>
   <div class='ocr_carea' id='block_1_114' title="bbox 65 2813 542 2849">
    <p class='ocr_par' dir='ltr' id='par_1_114' title="bbox 65 2813 542 2849">
     <span class='ocr_line' id='line_1_114' title="bbox 65 2813 542 2849; baseline -0.013 -8"><span class='ocrx_word' id='word_1_869' title='bbox 65 2814 120 2849; x_wconf 62' lang='grc' dir='ltr'><strong>ἐῶ)</strong></span> <span class='ocrx_word' id='word_1_870' title='bbox 131 2813 209 2841; x_wconf 77' lang='lat' dir='ltr'><strong>Alias</strong></span> <span class='ocrx_word' id='word_1_871' title='bbox 225 2813 329 2849; x_wconf 65' lang='lat' dir='ltr'><strong>deerat.</strong></span> <span class='ocrx_word' id='word_1_872' title='bbox 346 2819 356 2849; x_wconf 62' lang='grc' dir='ltr'><strong>ς</strong></span> <span class='ocrx_word' id='word_1_873' title='bbox 371 2814 398 2837; x_wconf 90' lang='lat' dir='ltr'><strong>et</strong></span> <span class='ocrx_word' id='word_1_874' title='bbox 410 2816 520 2849; x_wconf 22' lang='lat' dir='ltr'><strong>mensa“</strong></span> <span class='ocrx_word' id='word_1_875' title='bbox 532 2819 542 2835; x_wconf 74' lang='grc' dir='ltr'><strong>ι</strong></span> 
     </span>
    </p>
   </div>
   <div class='ocr_carea' id='block_1_115' title="bbox 67 2844 1012 2883">
    <p class='ocr_par' dir='ltr' id='par_1_115' title="bbox 67 2844 1012 2883">
     <span class='ocr_line' id='line_1_115' title="bbox 67 2844 1012 2883; baseline -0.008 -8"><span class='ocrx_word' id='word_1_876' title='bbox 67 2844 119 2883; x_wconf 72' lang='lat' dir='ltr'><strong>(tt)</strong></span> <span class='ocrx_word' id='word_1_877' title='bbox 133 2850 217 2877; x_wconf 77' lang='lat' dir='ltr'><strong>Alias,</strong></span> <span class='ocrx_word' id='word_1_878' title='bbox 234 2856 243 2872; x_wconf 78' lang='grc' dir='ltr'><strong>ι</strong></span> <span class='ocrx_word' id='word_1_879' title='bbox 263 2846 449 2873; x_wconf 77' lang='lat' dir='ltr'><strong>etl‘undcretur</strong></span> <span class='ocrx_word' id='word_1_880' title='bbox 477 2844 568 2871; x_wconf 86' lang='lat' dir='ltr'><strong>animo</strong></span> <span class='ocrx_word' id='word_1_881' title='bbox 593 2849 623 2869; x_wconf 86' lang='lat' dir='ltr'><strong>ac</strong></span> <span class='ocrx_word' id='word_1_882' title='bbox 651 2845 704 2869; x_wconf 82' lang='lat' dir='ltr'><strong>to&#39;a</strong></span> <span class='ocrx_word' id='word_1_883' title='bbox 727 2845 815 2868; x_wconf 86' lang='lat' dir='ltr'><strong>mente</strong></span> <span class='ocrx_word' id='word_1_884' title='bbox 828 2845 980 2868; x_wconf 80' lang='lat' dir='ltr'><strong>corruet-et.</strong></span> <span class='ocrx_word' id='word_1_885' title='bbox 1004 2850 1012 2867; x_wconf 80' lang='grc' dir='ltr'><strong>ι</strong></span> 
     </span>
    </p>
   </div>
   <div class='ocr_carea' id='block_1_116' title="bbox 190 2891 502 2924">
    <p class='ocr_par' dir='ltr' id='par_1_116' title="bbox 190 2891 502 2924">
     <span class='ocr_line' id='line_1_116' title="bbox 190 2891 502 2924; baseline -0.01 0"><span class='ocrx_word' id='word_1_886' title='bbox 190 2895 332 2924; x_wconf 70' lang='lat' dir='ltr'><strong>Parnm.</strong></span> <span class='ocrx_word' id='word_1_887' title='bbox 354 2892 412 2922; x_wconf 78' lang='lat' dir='ltr'><strong>Gn.</strong></span> <span class='ocrx_word' id='word_1_888' title='bbox 431 2891 502 2922; x_wconf 75' lang='lat' dir='ltr'><strong>XII.</strong></span> 
     </span>
    </p>
   </div>
  </div>
