1894 3059
209 161 262 189 565

206 228 284 248 suam
303 220 323 236 “
342 229 348 248 ε

206 272 281 294 tasse
292 266 320 293 itt
336 264 512 292 tabernaculo
529 263 575 290 Dei
590 262 747 290 sacerdotes
767 259 900 295 pessimos
924 258 994 286 ﬁlios

208 311 380 347 pestilentiar,
399 316 426 337 et
444 310 528 344 ipsam
545 315 653 343 qttoquc
672 314 764 334 arcam
789 304 943 332 testamenti
960 305 994 330 ab

208 357 358 393 Allophylis
376 359 494 389 captam,
509 355 579 390 apud
595 353 692 388 impios
716 356 742 379 et
764 350 891 386 profanos
909 348 995 376 fuisse

207 406 345 432 detentam
363 403 403 429 ‘i'?
414 402 451 429 Ex
463 402 561 437 quibus
574 400 701 428 omnibus
717 402 825 426 constat
845 396 925 431 longe
941 395 994 422 alio

207 458 287 478 sensu
313 449 475 483 Prophetam
498 447 600 475 sentire
625 446 656 472 de
686 443 862 472 tabernaculo
888 442 950 473 hoc,
966 441 992 467 in

206 502 260 530 quo
281 495 347 522 dicit
360 494 431 529 quod
457 500 509 520 non
528 491 630 519 habitet
652 490 679 516 in
708 496 741 516 eo
763 488 813 515 nisi
838 496 847 512 ι
866 487 995 513 iunorens

206 541 331 567 manibus
341 544 368 566 et
380 537 480 565 mundo
496 537 587 568 corde,
606 534 650 569 qui
663 541 714 560 non
736 531 840 566 accepit
859 531 883 557 in
896 537 994 556 vanum

207 586 324 613 animam
340 592 415 612 suam
429 585 461 616 ⁸⁵,
479 590 527 609 nec
547 581 612 608 fecit
628 579 750 615 proximo
771 586 819 606 suo
846 577 954 609 malum,
969 581 997 602 et

207 631 381 666 opprobrium
421 636 474 656 non
517 626 623 662 accepit
666 625 798 652 adversus
842 623 994 658 proximum

209 684 287 704 suum
304 675 336 701 ¹⁶.
351 683 359 700 ι
378 673 468 700 Talem
488 680 551 706 ergo
566 675 675 706 oportet
693 677 753 697 esse
769 668 848 703 hujus
859 667 996 694 habitato-

208 730 265 750 rem
281 719 459 751 tabernaculi,
470 719 541 753 quod
553 717 629 744 ﬁnxit
640 717 783 748 Dominus,
798 720 825 742 et
840 722 890 742 non
904 715 994 741 homo.

208 769 260 796 Sed
277 767 416 795 veniamus
430 765 512 793 etiam
540 765 573 791 ad
588 762 751 798 Evangelia,
770 761 792 788 si
810 761 874 795 qttid
890 761 917 788 in
931 760 996 794 ipsis

208 814 260 842 dici
278 814 310 841 de
335 810 515 839 tabernaculis
538 810 702 840 invenimus,
727 812 755 835 ut
768 815 816 842 per
833 806 995 834 sententiam

209 859 313 887 Domini
337 857 517 885 indubitatum
541 855 627 890 possit
657 860 717 881 esse
743 853 815 888 quod
839 851 995 887 qumrimus.

928 151 1087 180 ORIGENlS

371 228 380 245 ι
400 225 460 245 cum
475 217 630 251 Regnorum
645 215 740 250 prodat
753 213 866 241 historia
880 212 901 228 ¹³
914 211 991 239 ιιειὶιῑ-
1009 212 1030 239 Α
1045 210 1190 246 pretiosos,
1205 218 1252 242 ms,
1269 214 1324 237 tum
1338 213 1468 244 praeterea
1484 209 1604 243 byssum,
1625 213 1750 236 coccum,
1767 205 1837 240 hya~

1784 145 1838 172 56-5

1045 256 1177 288 einthum,
1191 260 1218 282 et
1233 263 1390 290 purpuram,
1406 255 1490 289 pelles
1505 255 1587 280 etiam
1597 254 1712 280 arietum
1729 252 1838 280 rubras.

1046 305 1073 329 et
1087 301 1170 336 pelles
1198 301 1400 337 hyacinthinus,
1418 301 1465 328 sed
1493 305 1519 328 et
1544 300 1615 334 ligna
1647 298 1838 333 imputribilia.

1045 348 1114 383 pilos
1128 355 1235 382 quoque
1251 355 1394 382 caprarum
1409 347 1441 373 ad
1460 345 1690 373 constructionem
1705 344 1837 371 taberna<

1046 395 1096 422 culi
1111 394 1217 421 offerat.
1239 393 1365 420 Mulieres
1378 399 1485 426 quoque
1497 392 1634 426 sapientes
1653 391 1680 417 in
1702 394 1764 417 arte
1779 395 1839 416 tex-

1046 440 1116 467 trina
1131 440 1316 474 requiruntur,
1332 443 1359 465 et
1371 438 1440 464 fabri
1457 438 1501 472 qui
1516 445 1610 463 aurttnt
1623 436 1663 462 vel
1680 439 1838 470 argentum,

1046 486 1088 512 vel
1112 493 1159 517 aes,
1183 485 1286 520 lapides
1307 485 1388 511 etiam
1415 489 1508 518 aptare
1539 482 1674 513 noverint,
1698 488 1796 507 aurum
1813 485 1840 506 et

1047 532 1117 566 ligna
1141 532 1269 558 formare.
1296 530 1363 557 Tum
1395 529 1492 557 deinde
1524 535 1658 555 mensura:
1689 527 1838 554 traduntur

1047 578 1188 605 atriorum.
1204 576 1268 610 Qum
1280 576 1349 602 atria
1362 579 1470 602 extenta
1485 574 1619 605 tentoriis,
1632 572 1768 600 columnis
1783 580 1841 599 cre-

1047 629 1100 655 eta,
1118 623 1187 650 seris
1210 621 1339 654 stabilita,
1363 625 1389 647 et
1418 620 1527 647 funibus
1545 619 1661 646 distenta
1682 618 1838 644 tirtnantttr.

1047 668 1127 695 Fiunt
1141 671 1270 702 prmterea
1294 666 1417 700 qumdam
1430 664 1608 692 velaminibus
1623 663 1767 695 distincta,
1781 670 1841 697 qua:

1048 714 1218 749 appellantur
1232 717 1335 742 saneta,
1351 715 1378 738 cl
1394 711 1445 737 alia
1464 710 1640 737 nihilominus
1663 709 1783 735 secundo
1799 708 1840 734 (li--

1049 763 1150 793 retnpta
1167 758 1310 789 velamine,
1324 764 1383 791 qua:
1402 757 1527 783 dicuntur
1550 755 1649 782 Sancta
1667 757 1839 780 sanctorum.

1048 804 1200 832 Collocatur
1215 803 1381 830 intrinsecus
1395 808 1458 828 arca
1474 801 1640 831 testamenti,
1658 806 1739 832 supra
1756 805 1840 832 quam

1049 850 1190 877 cherubim
1203 848 1323 876 extensis
1340 848 1401 880 alis,
1415 854 1498 882 seque
1517 845 1634 873 invicem
1657 843 1842 877 contingenti-

208 906 361 933 lnreuimus
373 911 440 939 ergo
454 904 542 938 ipsum
558 902 728 930 Salvatorem
753 898 844 926 Jesum
859 897 995 925 Christum
1016 887 1034 913 Β
1051 897 1100 922 btts
1124 898 1290 928 statuuntur,
1310 894 1400 928 ibique
1420 901 1453 920 ex
1476 898 1543 918 auro
1567 889 1642 917 velut
1657 889 1730 917 basis
1747 888 1839 915 tabula

210 951 414 979 tabernaculum
432 957 485 977 non
501 956 596 979 unum,
619 946 666 974 sed
690 945 766 981 plura
790 949 994 974 memorantem,

210 1000 238 1022 et
253 1002 305 1022 non
319 994 488 1028 temporalia,
504 992 551 1019 sed
568 995 682 1022 aeterna,
697 997 758 1016 cum
773 989 838 1016 dicit
856 988 876 1003 ”
895 997 901 1014 :
921 997 929 1012 ι
948 986 997 1013 Fa-

210 1043 265 1069 cite
279 1040 354 1068 vobis
365 1039 468 1067 amicos
481 1039 514 1065 de
529 1037 622 1072 iniquo
635 1035 797 1065 Mammona,
811 1038 850 1065 ιιι,
870 1040 931 1060 cum
952 1032 997 1059 de-

211 1089 341 1120 feceritis,
357 1085 492 1120 recipiant
517 1091 566 1110 vos
591 1084 617 1110 in
646 1087 748 1109 :eterna
778 1079 965 1108 tabernacula.
985 1088 994 1104 ι

210 1134 317 1163 Audisti
344 1131 564 1168 pronuntiantem
590 1129 733 1156 Dominum
753 1132 853 1155 aeterna
874 1133 933 1154 esse
958 1129 998 1152 ta-

211 1179 369 1211 bernacula,
392 1179 454 1206 audi
477 1184 550 1204 nunc
574 1180 601 1203 et
621 1174 779 1209 Apostolum
803 1173 936 1200 dicentem
952 1171 996 1198 ‘3:

213 1235 222 1251 ι
239 1223 454 1252 Tabernaeulum
468 1226 590 1248 nostrum
610 1219 682 1254 quod
701 1219 732 1246 de
745 1217 813 1245 ctelo
832 1221 884 1250 est,
905 1224 999 1251 super-

211 1271 285 1299 indui
303 1270 453 1305 cupientes.
478 1276 486 1292 ι
507 1266 629 1293 Nondum
645 1264 692 1291 tibi
704 1271 738 1290 ex
750 1263 794 1290 Itis
806 1263 935 1290 omnibus
947 1262 999 1289 iter

211 1316 342 1352 aperitur,
357 1322 410 1350 quo
423 1313 551 1341 derelicta
569 1315 641 1337 terra
664 1315 781 1344 sequens
808 1307 996 1342 propheticum

211 1366 239 1388 et
250 1359 427 1395 apostolicum
443 1364 564 1389 sensum,
582 1360 608 1382 et
621 1354 702 1389 (quod
718 1354 840 1380 omnium
853 1353 998 1379 maximum

211 1406 264 1440 est)
283 1411 403 1439 sequens
422 1403 536 1430 verbum
557 1400 659 1429 Christi
684 1404 739 1427 tota
770 1404 860 1441 tuente
889 1404 917 1426 et
945 1402 999 1424 toto

212 1459 293 1478 sensu
310 1449 441 1477 ascendas
460 1447 485 1474 in
500 1446 611 1478 cmlum,
635 1450 716 1479 atque
742 1443 777 1471 ibi
795 1443 892 1470 aeterni
911 1443 1001 1470 taber-

213 1496 301 1523 naculi
325 1492 557 1528 magniﬁcentiam
583 1498 702 1525 qumras,
731 1488 810 1524 cujus
840 1489 924 1523 figura
953 1496 1001 1523 per

213 1542 322 1576 Moysen
335 1538 512 1567 adumbratur
530 1537 556 1564 in
573 1535 672 1563 terris?
686 1535 807 1570 Denique
830 1535 871 1561 sic
887 1534 919 1561 a'd
937 1541 998 1560 cum

214 1589 295 1615 etiatn
319 1585 449 1613 Dominus
472 1582 539 1610 dicit
564 1589 572 1609 :
597 1591 606 1607 ι
631 1580 709 1613 Vide,
737 1581 823 1615 inquit
849 1580 881 1612 ",
910 1578 1000 1606 omnia

215 1634 296 1662 facito
310 1632 458 1661 seCundum
479 1631 602 1666 ﬁguram,
629 1635 690 1664 quae
707 1628 754 1655 tibi
773 1633 882 1654 ostensa
909 1630 951 1653 est
973 1625 1000 1652 in

215 1684 316 1708 tuente.
342 1688 351 1704 ι
371 1679 469 1705 Verum
491 1677 608 1703 humana
631 1682 718 1706 tuens.
737 1677 765 1700 et
790 1676 881 1699 nostra
906 1671 1002 1706 ιιι-πιεί-

214 1734 276 1761 pue,
291 1725 337 1760 qui
353 1733 400 1752 nos
415 1723 552 1754 minimos,
576 1725 621 1747 attt
639 1721 722 1748 etiam
746 1719 834 1746 nullos
857 1718 884 1745 in
909 1717 1001 1744 divina

215 1771 347 1806 sapientia
360 1769 496 1800 novimus,
515 1766 592 1802 163
614 1772 736 1799 eousque
763 1763 887 1791 fortassis
914 1761 1003 1796 possit

215 1819 355 1850 accedere,
371 1821 400 1843 ut
415 1815 515 1843 sentiat
531 1815 641 1848 quidem
664 1812 731 1843 haec,
756 1817 817 1844 qua:
839 1808 941 1836 divinis
956 1814 1003 1834 vo-

214 1863 361 1892 luminibus
387 1862 560 1892 iuseruntur,
585 1866 638 1886 non
669 1858 702 1885 de
731 1855 864 1887 terrenis,
897 1855 944 1882 sed
971 1853 1004 1881 de

215 1909 373 1936 cwlcstibus
395 1907 461 1939 dici,
485 1910 512 1933 et
529 1905 630 1932 formas
647 1911 709 1931 esse
734 1909 788 1929 non
818 1899 1001 1935 prtrscntium,

215 1955 263 1983 sed
291 1954 445 1981 futurorum
471 1953 616 1982 bonorum,
646 1957 700 1976 non
728 1946 932 1981 corporalium,
956 1945 1003 1971 sed

215 2000 396 2036 spiritualith
414 2006 503 2026 rerum
517 2007 522 2024 :
538 1995 674 2032 quomodo
689 1999 777 2022 autent
799 1994 894 2020 horum
908 1999 1004 2018 narra-

217 2049 254 2075 tio
270 2046 357 2081 aptari
372 2045 457 2080 possit
474 2043 629 2072 coelestibus
648 2046 674 2068 et
688 2039 807 2069 aeternis.
828 2045 880 2066 nec
905 2042 1005 2064 nostrae

217 2099 351 2120 nn‘nsurze
368 2096 408 2118 est
424 2090 524 2121 dicere,
540 2096 589 2116 nec
603 2092 709 2118 vcstrze,
722 2089 751 2113 ut
770 2084 876 2119 opinor,
898 2083 1006 2118 capaci-

219 2139 281 2166 tatis
297 2137 399 2165 audire.
414 2135 503 2163 Pauca
526 2140 625 2165 tamen,
646 2133 668 2160 si
690 2139 738 2158 nos
761 2129 903 2157 orantibus
929 2128 1006 2154 vobis

219 2184 349 2212 Dominus
377 2182 531 2209 illuminare
554 2180 697 2214 dignetur,
726 2185 786 2211 qua:
814 2176 845 2203 ad
878 2174 1005 2201 Ecclesiae

219 2229 424 2257 aediﬁcationem
446 2226 609 2261 pertineant,
624 2223 729 2258 aperire
743 2221 915 2250 tentabimus.

255 2276 280 2303 3.
298 2275 412 2302 Jubetur
434 2280 498 2308 ergo
514 2271 654 2299 universus
671 2269 799 2304 populus,
817 2267 1005 2301 unusquisque

219 2329 267 2357 pro
285 2320 386 2348 viribus
399 2319 555 2348 conferens,
572 2317 661 2343 facere
673 2313 886 2343 tabernaculum.
897 2317 926 2339 ut
937 2320 1005 2346 qun-

219 2367 363 2395 dantmodo
379 2373 476 2394 ontncs
497 2363 578 2392 simul
608 2370 690 2390 unum
716 2361 771 2389 sint
789 2359 1006 2388 tabernaculum.

219 2413 334 2441 Collatio
358 2420 420 2440 vero
435 2412 492 2447 ipsa
520 2418 572 2438 non
597 2409 625 2436 ﬁt
645 2407 818 2439 necessitate,
838 2407 883 2434 sed
901 2412 1006 2441 sponte.

222 2459 265 2487 Ait
281 2458 352 2486 enim
370 2455 544 2484 Dominus'ttd
560 2454 718 2489 Moysen,ut
730 2451 925 2487 unusquisque,
938 2451 1010 2478 sicut

221 2505 308 2532 visum
325 2503 407 2531 fuerit
427 2501 503 2530 cordi
524 2500 594 2535 ejus,
613 2507 720 2531 aurum,
736 2502 889 2533 argentum,
907 2497 1010 2532 lapides

258 2562 279 2578 “
297 2561 367 2587 Psal.
386 2559 505 2592 “ubi.
562 2558 583 2573 ¹³
607 2557 614 2584 l
631 2557 741 2592 Reg.rtt.
781 2555 841 2592 νξξι
856 2554 920 2592 lieg.
946 2561 981 2580 tv.

224 2597 245 2613 "
261 2597 279 2622 ll
292 2597 354 2624 Cor.
369 2603 395 2626 v,
411 2595 439 2621 εὶ.
479 2595 500 2611 ¹⁹
513 2593 597 2621 Exod.
621 2591 739 2624 nuit).

221 2631 246 2648 “
261 2632 348 2659 Galut.
362 2639 391 2662 tt,
410 2632 436 2657 9.

259 2676 315 2711 (45)
331 2676 414 2708 Alias,
432 2685 441 2700 ι
460 2673 629 2711 velutdltasis
653 2672 691 2711 eis
708 2672 837 2711 quzedam
863 2671 1011 2711 collocatur

224 2706 358 2743 auscltes,
384 2706 454 2746 quod
469 2709 643 2746 appellatur.)
662 2707 714 2734 Sed
732 2715 797 2735 mss.
809 2712 839 2734 ut
865 2706 892 2733 in
918 2712 1012 2734 nostro

225 2752 310 2774 textu.

261 2782 319 2815 (Mi)
333 2780 420 2806 Altare
435 2786 544 2815 (tuream
554 2777 661 2815 incensi.
679 2775 771 2803 Altare
783 2775 886 2815 incensi
912 2779 970 2815 erat
985 2775 1011 2802 in

228 2810 332 2846 sant-to,
347 2819 374 2840 ut
387 2819 458 2847 patet
475 2821 506 2840 ex
521 2812 607 2839 Exod.
624 2819 767 2847 capaxxx.
783 2810 939 2847 Verisitnzle
948 2817 1013 2844 ergo

227 2856 270 2876 est
284 2845 424 2882 deceptum
437 2849 520 2874 fuisse
533 2847 678 2881 Origenetu
692 2845 752 2873 loco
770 2845 840 2872 male
855 2854 869 2873 a
885 2853 914 2873 se
934 2846 1014 2872 intel-

230 2887 300 2913 lecto
309 2885 355 2920 qui
369 2888 457 2910 cast-at
471 2883 551 2909 llcbr.
569 2890 608 2914 ιχ,
623 2882 649 2908 ιι.

778 2591 800 2606 ὀ
816 2590 902 2617 Exod.
917 2589 1015 2621 xxv,8.

1048 941 1169 976 quaedam
1187 939 1344 972 collocatur,
1359 946 1418 973 quae
1432 936 1583 972 appellatur
1599 935 1654 970 (45)
1675 934 1840 969 propitiato-

1049 987 1128 1019 rium,
1139 987 1185 1014 sed
1203 991 1229 1013 et
1245 986 1330 1012 altare
1345 991 1458 1011 aureum
1475 982 1577 1010 incensi
1594 981 1665 1016 (ιϐ).
1682 981 1751 1007 Tum
1771 987 1841 1013 prae-

1049 1037 1122 1058 terea
1137 1030 1268 1058 exteriori
1285 1029 1344 1057 loco
1356 1028 1548 1056 candelabrum
1561 1027 1670 1061 ponitur
1686 1032 1798 1052 aureum
1812 1024 1840 1050 in

1049 1081 1126 1111 parte
1152 1075 1249 1108 austri,
1266 1080 1295 1101 ut
1320 1074 1447 1109 respiciat
1471 1073 1504 1100 ad
1527 1071 1692 1106 aquilonem.
1715 1069 1744 1096 ln
1765 1075 1842 1104 parte

1049 1130 1113 1150 vero
1132 1122 1269 1157 aquilonis
1285 1128 1377 1148 mensa
1394 1119 1555 1151 collocatur,
1575 1122 1602 1144 et
1623 1116 1774 1151 propositio
1793 1122 1842 1146 pa-

1050 1176 1112 1196 num
1124 1175 1205 1203 super
1213 1175 1283 1194 eam.
1294 1166 1402 1194 Necnon
1417 1171 1442 1192 et
1452 1165 1537 1192 altare
1549 1163 1769 1191 holocaustorum
1779 1160 1841 1195 (47)

1046 1215 1122 1250 juxta
1139 1214 1259 1242 velamen
1290 1213 1405 1240 interius
1432 1211 1551 1246 ponitur.
1578 1209 1630 1236 Sed
1649 1208 1713 1242 quid
1735 1214 1786 1240 ego
1807 1207 1844 1233 de

1050 1262 1091 1289 his
1107 1260 1215 1288 revolvo
1232 1267 1280 1295 per
1296 1258 1420 1293 singula?
1437 1257 1486 1284 Vix
1507 1256 1540 1283 ad
1555 1256 1612 1282 hac
1633 1258 1736 1281 tantum
1758 1260 1845 1279 enar-

1051 1308 1132 1335 randa
1145 1306 1303 1338 sufficimus,
1323 1305 1366 1332 vix
1385 1304 1463 1332 nobis
1477 1303 1534 1338 ipsa
1550 1309 1638 1329 rerum
1655 1299 1843 1327 materialium

1052 1355 1136 1382 forma
1153 1353 1248 1381 adduci
1267 1357 1330 1379 ante
1344 1351 1437 1380 oculos
1450 1353 1551 1384 potest,
1571 1352 1598 1376 et
1619 1347 1757 1382 quomodo
1776 1346 1844 1379 quis

1052 1399 1160 1426 latentia
1179 1399 1205 1425 in
1227 1399 1269 1426 his
1287 1397 1412 1433 mysteria
1433 1395 1560 1430 expedire
1579 1393 1709 1421 suﬁieiet?
1726 1391 1846 1419 Verum-

1053 1449 1141 1472 tamen
1170 1452 1250 1472 causa
1267 1451 1315 1478 pro
1331 1450 1382 1477 qua
1405 1440 1463 1468 ﬁeri
1492 1439 1600 1467 deberet
1623 1437 1846 1470 tabernaculum,

1053 1492 1079 1519 in
1093 1492 1278 1526 superioribus
1297 1490 1433 1518 invenitur
1448 1489 1576 1524 praedicta
1597 1488 1705 1515 dicente
1725 1486 1848 1514 Domino

1054 1538 1086 1565 ad
1101 1536 1209 1571 Moysen
1228 1544 1235 1562 :
1250 1545 1259 1561 ‹
1278 1535 1374 1562 Facies
1389 1533 1455 1570 (ιδ),
1478 1533 1567 1567 inquit
1583 1533 1618 1565 ὀ,
1633 1532 1699 1559 mihi
1717 1531 1847 1558 sanctifi-

1053 1583 1197 1614 cationem,
1214 1586 1240 1609 et
1255 1581 1316 1608 inde
1331 1579 1442 1607 videbor
1459 1579 1546 1606 vobis.
1565 1588 1575 1604 ι
1593 1578 1655 1605 Vult
1670 1585 1736 1612 ergo
1760 1577 1847 1607 Deus.

1054 1633 1083 1656 ut
1114 1628 1244 1656 faciamus
1268 1627 1292 1653 ei
1324 1623 1583 1653 sanctiﬁcationem.
1607 1623 1745 1651 Promittit
1771 1624 1848 1651 enim
1878 1636 1881 1639 -

1055 1669 1133 1710 quia,
1147 1674 1169 1701 si
1189 1672 1334 1701 fecerimus
1348 1671 1371 1698 ei
1392 1670 1647 1702 sanctiﬁcationem,
1660 1668 1748 1704 possit
1765 1676 1780 1695 a
1797 1676 1851 1696 no-

1054 1722 1095 1749 bis
1106 1719 1202 1747 videri.
1227 1719 1303 1747 Unde
1325 1724 1352 1746 et
1367 1719 1512 1754 Apostolus
1527 1717 1560 1745 ad
1578 1716 1706 1744 Hebraeos
1718 1715 1786 1742 dicit
1799 1716 1825 1731 ιι
1841 1723 1847 1740 ;

1057 1777 1066 1794 ι
1091 1766 1187 1794 Pacem
1209 1765 1354 1800 sequimini
1378 1769 1405 1792 et
1427 1763 1683 1794 sanctiﬁcationem,
1707 1761 1768 1789 sine
1792 1769 1849 1796 qua

1056 1820 1134 1840 nemo
1160 1811 1262 1839 videbit
1283 1811 1376 1838 Deum.
1396 1820 1405 1837 ι
1424 1810 1487 1838 Haec
1503 1817 1569 1843 ergo
1583 1813 1626 1837 est
1648 1807 1848 1839 sanctiﬁcatio,

1055 1865 1135 1893 quam
1151 1857 1227 1892 jubet
1252 1856 1381 1884 Dominus
1408 1856 1478 1888 ﬁeri,
1500 1863 1581 1889 quam
1603 1860 1630 1883 et
1646 1853 1799 1889 Apostolus
1824 1854 1848 1880 iu

1056 1904 1208 1935 virginibus
1224 1911 1285 1931 esse
1309 1903 1365 1930 vult
1379 1905 1414 1936 ”,
1433 1908 1462 1930 ut
1483 1902 1538 1929 sint
1554 1906 1655 1929 saneta:
1675 1907 1795 1935 corpore
1824 1906 1850 1926 ιιι

1056 1950 1152 1985 spiritu
1168 1959 1173 1976 :
1191 1950 1280 1976 sciens
1298 1949 1357 1975 sine
1371 1948 1452 1975 dubio
1469 1947 1539 1982 quod
1552 1947 1598 1982 qui
1614 1946 1710 1974 fecerit
1733 1946 1852 1973 Domino

1056 1995 1296 2023 sanctiﬁcatiouem
1308 2002 1356 2029 per
1365 1996 1454 2022 cordis
1465 1993 1540 2021 suiet
1552 1992 1675 2026 corporis
1687 1991 1850 2026 puritatem.

1057 2042 1114 2076 ipse
1128 2041 1228 2068 videbit
1246 2041 1340 2067 Deum.
1356 2039 1498 2067 Faciamus
1512 2047 1577 2074 ergo
1586 2043 1612 2066 et
1632 2046 1681 2065 nos
1692 2039 1851 2065 sanctiﬁca-

1058 2088 1156 2116 tiouem
1180 2087 1305 2120 Domino,
1330 2091 1355 2114 et
1382 2093 1476 2113 omnes
1497 2092 1590 2117 unam,
1610 2090 1637 2111 et
1659 2085 1852 2119 unusquiSque

1057 2142 1105 2169 per
1120 2134 1240 2169 singulos
1251 2140 1342 2160 unam.
1356 2133 1454 2159 Omnes
1467 2132 1584 2159 fortasse
1599 2130 1850 2158 sanctiﬁcationem

1058 2179 1206 2206 Ecclesium
1227 2178 1343 2205 facimus
1363 2177 1417 2214 (49)
1445 2185 1504 2212 qua:
1524 2181 1565 2204 est
1590 2180 1695 2208 sancta,
1719 2183 1774 2202 non
1802 2176 1851 2202 ha-

1023 2240 1044 2267 υ
1059 2226 1124 2253 bens
1136 2225 1268 2252 maculam
1286 2229 1332 2251 aut
1350 2231 1444 2259 rugam
1454 2223 1487 2255 ",
1503 2223 1554 2250 hoc
1568 2222 1659 2254 tnodo,
1674 2221 1696 2249 si
1706 2221 1852 2248 columnas

1060 2271 1157 2298 habent
1176 2271 1300 2298 doctores
1318 2276 1345 2297 et
1359 2270 1499 2297 ministros
1514 2276 1591 2301 suos,
1606 2268 1640 2295 de
1662 2267 1763 2303 quibus
1785 2268 1852 2294 dicit

1060 2317 1204 2351 Apostolus
1218 2317 1262 2344 ’λε
1286 2326 1295 2342 ι
1316 2316 1421 2348 Petrus,
1449 2315 1568 2344 Jacobtts
1590 2319 1618 2342 et.
1639 2314 1775 2346 Joannes,
1808 2314 1852 2348 qui

1060 2362 1224 2389 videbantur
1237 2362 1370 2389 columna:
1385 2368 1456 2394 esse,
1473 2361 1582 2388 dextras
1598 2360 1732 2387 dederunt
1746 2359 1815 2386 mihi
1828 2364 1854 2386 et

1062 2409 1192 2436 Barnabte
1214 2409 1365 2436 societatis.
1377 2418 1385 2434 ι
1404 2408 1431 2435 In
1456 2407 1631 2435 tabernaculo
1648 2414 1713 2440 ergo
1727 2407 1793 2438 hoc,
1809 2414 1854 2433 co-

1061 2453 1162 2480 ltlltlllﬂ!
1177 2455 1246 2481 seris
1265 2454 1416 2488 intcrjectis
1427 2453 1590 2488 junguntur,
1605 2453 1669 2480 duttt
1689 2453 1715 2479 in
1730 2452 1853 2479 Ecclesia

1062 2498 1186 2526 doctores
1204 2499 1274 2526 datis
1287 2499 1339 2526 sibi
1357 2498 1462 2526 dextris
1484 2497 1634 2526 sociantur.
1651 2496 1704 2524 Sed
1719 2496 1853 2523 columns

1627 2553 1646 2568 ¹⁷
1663 2552 1731 2579 Luc.
1746 2559 1804 2582 XVI,
1826 2552 1853 2578 9.

1610 2589 1632 2604 “
1648 2588 1749 2622 Ephes.
1767 2595 1793 2618 v,
1805 2587 1854 2612 ‘27.

1045 2555 1150 2584 “Psal.
1178 2563 1257 2588 xxttt,
1280 2555 1308 2584 4.

1360 2555 1380 2571 ¹⁶
1396 2555 1466 2582 Psal.
1486 2562 1543 2585 xtv,
1560 2554 1587 2581 5.

1054 2591 1075 2606 ²¹
1093 2588 1175 2619 llebr.
1189 2598 1237 2622 xu,
1255 2591 1298 2618 Η.

1337 2591 1358 2606 ’⁵
1371 2591 1378 2617 l
1390 2591 1452 2618 Cor.
1468 2590 1570 2622 vu,54.

1097 2672 1153 2707 (t7)
1171 2672 1263 2699 Altare
1283 2671 1503 2707 lmlocaustorutn
1526 2676 1559 2696 eo
1574 2669 1634 2707 loco
1650 2668 1738 2707 ponit,
1760 2668 1806 2695 ubi
1821 2667 1855 2707 al-

1063 2704 1119 2734 tare
1134 2704 1191 2733 erat
1204 2708 1239 2734 im
1249 2707 1317 2738 ensi,
1327 2707 1401 2740 utqui
1413 2711 1473 2733 erat
1488 2706 1512 2732 in
1529 2705 1599 2732 atrio
1613 2704 1788 2731 sacerdotum
1805 2705 1855 2730 sub

1062 2743 1116 2770 dio.
1131 2742 1212 2770 Hebr.
1226 2749 1286 2774 χιιι,
1303 2742 1344 2767 ll.

1097 2777 1154 2811 (48)
1167 2777 1250 2807 Alias,
1270 2786 1279 2801 ι
1301 2775 1415 2802 facietis.
1432 2785 1441 2800 ι

1098 2807 1153 2848 (ιθ)
1170 2812 1253 2848 Alias,
1275 2820 1285 2848 ι
1307 2817 1399 2841 unam,
1420 2815 1453 2848 ειι
1482 2815 1577 2848 omnes
1604 2807 1853 2835 sanctificationetu

1063 2843 1213 2875 Ec'elc'siam
1237 2846 1378 2874 faciamus.
1397 2855 1406 2871 ι
1420 2843 1482 2873 Mss.
1500 2849 1529 2871 ut
1545 2843 1571 2871 in
1584 2848 1678 2871 nostro
1700 2847 1789 2870 tutu.
