1894 3059
57 138 108 166 διῖὸ

659 137 691 165 ΙΝ
714 137 855 166 EXODUM
873 137 1015 166 llOMlLlA
1035 139 1079 167 IX.

1630 145 1684 172 366

57 190 114 223 ista;
132 196 313 231 inargentata:
329 195 392 229 sint,
410 199 436 223 et
453 197 531 224 bases
545 203 638 224 carum
657 198 840 233 inargentattc.
858 199 880 227 Α
895 197 1028 227 ricorJite.
1045 198 1098 226 Sed
1124 204 1150 226 ct
1167 199 1218 226 alia
1240 199 1417 227 nihilominus
1441 200 1587 235 Apostolus
1605 201 1684 228 indu-

57 242 129 268 Binze
137 247 230 268 autem
241 242 320 268 bases
329 241 460 268 columnis
479 242 591 277 singulis
603 243 773 277 deputentur.
784 243 843 271 Utta

55 295 115 322 qua:
131 291 214 322 caput
236 286 347 320 dicitttr,
365 291 392 313 et
406 289 616 322 superponitur;
634 288 686 315 alia
703 296 762 323 quze
779 296 844 316 vere

54 334 126 362 basis
142 334 306 368 appellatur,
320 339 347 362 et
374 335 508 362 columnae
531 335 603 362 velut
636 335 841 363 fundamentum

53 380 207 414 subjicitur.
225 379 406 415 lnargenlatae
426 388 489 415 ergo
501 385 564 409 sunt
580 381 712 408 columnae
728 381 842 413 idcirco,

52 428 115 461 quia
132 428 246 454 vet-bum
264 427 310 454 Dei
323 428 481 462 prtedicant,
497 426 635 461 accipiunt
652 435 700 461 per
717 427 842 461 spiritum

53 483 62 499 l
76 474 184 507 «hquia
196 474 312 503 Domini.
328 481 387 507 qua:
397 477 460 500 sunt
472 473 578 508 eloquia
594 479 680 504 casta,
699 478 843 507 argentum

52 521 113 554 igne
132 521 283 554 probatura
308 521 341 546 ".
361 530 370 546 ι
386 519 430 547 lsti
449 524 538 547 autem
562 519 764 554 prtedicationis
788 527 844 546 sure

51 570 130 597 bases
147 570 250 596 habent
265 569 421 604 prophetas.
437 568 525 603 Super
541 568 744 595 fundamentum
771 568 852 600 enim,

50 616 235 651 apostolorum
245 621 271 642 et
280 615 471 650 prophetarum
481 613 627 641 Ecclesiam
636 613 766 641 collocant
774 613 840 649 (50),

50 671 167 698 quorum
199 662 362 689 testimoniis
386 665 504 693 utentes,
521 660 601 687 ﬁdem
624 659 723 687 Christi
743 659 841 686 conﬁr-

50 714 136 736 mant.
154 709 241 743 Caput
257 712 346 735 autem
361 706 550 734 columnarum
569 710 609 733 est
625 705 678 737 illc,
694 710 723 731 ut
734 705 841 740 opinor,

50 757 82 783 de
96 763 153 791 quo
167 756 231 783 dicit
253 755 408 790 Aposlolus,
431 753 493 788 quia
518 762 526 778 t
545 757 626 788 caput
645 753 696 779 viri
717 752 841 779 Christus

49 807 87 829 est
101 802 137 827 ".
159 811 169 827 ›
186 801 268 829 Seras
279 808 345 828 vero
361 800 558 829 columnarum.
572 798 713 826 societatis
730 802 840 831 aposto-

49 847 107 874 lica:
123 847 203 874 datas
217 847 269 874 sibi
293 846 407 873 invicem
424 846 535 873 dextras
547 844 601 879 iam
618 844 746 871 diximus.
768 842 839 870 Ten-

50 894 118 920 toria
142 901 205 928 qum
227 893 329 920 ansulis
347 897 448 925 assuta,
468 896 496 919 et
518 891 629 919 circulis
645 897 787 924 suspensa,
801 893 840 916 at-

48 947 100 973 que
113 940 212 966 innexa
231 938 351 970 funibus,
366 938 398 964 ad
417 937 525 964 modum
548 936 717 964 eortinarum
745 934 840 967 viginti

48 992 75 1012 et
88 990 152 1012 octo
168 985 194 1011 in
217 984 338 1018 longum,
359 983 479 1017 atquein
497 982 580 1009 latum
608 985 726 1016 quatuor
740 980 841 1007 cubitis

48 1030 251 1060 distenduntur,
278 1029 410 1056 habeatur
433 1028 538 1062 reliqua
562 1027 732 1054 credentium
752 1026 839 1061 plebs,

47 1083 107 1110 qmc
121 1076 208 1103 lueret
226 1079 253 1102 et
268 1075 366 1109 pendet
388 1075 415 1101 in
438 1073 546 1101 funibtts
573 1072 646 1100 ﬁdei.
663 1072 748 1100 Funis
767 1072 840 1099 enim

48 1120 146 1154 triplex
169 1127 223 1146 non
241 1119 386 1153 rumpitur.
401 1125 461 1154 qua!
485 1122 526 1145 est
540 1117 681 1144 Trinitatis
700 1117 776 1148 ﬁdes,
806 1125 838 1143 ex

46 1173 97 1199 qua
115 1164 261 1199 dependet,
289 1169 315 1191 et
341 1171 388 1198 per
411 1171 492 1198 qttam
509 1163 659 1190 sustinetur
680 1162 769 1189 omnis
789 1161 840 1188 Ec-

46 1211 140 1238 clesia.
160 1211 261 1245 Viginti
279 1214 370 1237 autem
394 1214 421 1236 et
450 1214 512 1236 octo
533 1208 696 1238 cubitorum,
720 1211 786 1241 quot
811 1207 838 1233 itt

46 1257 154 1290 longum
169 1255 342 1287 distenditur,
357 1255 422 1282 etin
441 1255 523 1281 latttm
538 1258 667 1289 quatuor,
681 1253 744 1280 atrii
758 1254 839 1281 unius

46 1309 188 1333 mensura.
203 1307 268 1336 puto
284 1301 356 1336 quod
372 1301 473 1328 inserta
490 1301 531 1327 lex
548 1299 702 1335 Evangeliis
714 1299 838 1334 designe-

46 1354 98 1375 tur.
114 1347 294 1381 Scptcnarins
305 1355 421 1381 namque
432 1353 561 1373 numerus
576 1345 661 1380 legem
683 1345 838 1380 signiﬁcare

44 1393 125 1425 solet,
140 1401 192 1428 pro
206 1392 298 1420 multis
316 1391 463 1427 septenarii
481 1392 586 1418 numeri
604 1390 659 1426 (5|)
681 1398 838 1418 sacramen-

46 1439 89 1466 tis.
102 1438 132 1466 Si
149 1438 326 1466 consociatttr
337 1438 369 1464 ad
387 1441 516 1472 quatuor,
532 1441 629 1471 quater
646 1441 751 1471 septem
770 1443 837 1463 con-

45 1489 193 1519 sequenter
207 1484 301 1519 viginti
316 1487 343 1510 et
365 1487 427 1511 octo
452 1489 592 1509 numerum
607 1481 720 1509 faciunt.
738 1481 836 1508 Decem

45 1537 109 1557 vero
123 1530 181 1556 lucc
201 1529 270 1556 atria
296 1528 374 1561 ﬁunt,
392 1533 421 1555 ut
434 1528 568 1562 integrum
589 1527 763 1561 perfectionis
787 1535 870 1575 nu-C

44 1583 149 1602 merum
166 1580 287 1606 teneant,
306 1580 332 1602 et
345 1574 411 1609 legis
424 1573 584 1609 Decalogum
611 1573 691 1609 164
713 1573 833 1609 signent.

44 1619 101 1648 Jatn
124 1628 189 1648 vero
213 1621 299 1652 cocci,
317 1625 344 1647 et
364 1620 511 1654 hyacinthi,
542 1619 628 1654 byssi,
652 1626 684 1646 ac
708 1626 835 1653 purpura:

44 1667 143 1701 specie,
170 1665 255 1693 multa
286 1674 319 1693 ac
346 1666 452 1693 diversn
465 1672 547 1700 opera
569 1664 750 1699 explicantur.
768 1665 833 1692 lude

44 1714 170 1743 tentoria,
190 1713 253 1739 inde
265 1712 353 1739 velum
370 1713 491 1739 exterius
503 1716 530 1739 et.
552 1711 676 1744 interitts,
699 1711 759 1738 imle
778 1716 832 1738 tota

43 1758 220 1785 sacerdotalis
234 1764 261 1785 et
277 1757 442 1792 pontiﬁcalis
466 1758 559 1789 vestis,
582 1764 650 1784 attro
675 1761 702 1784 et
720 1758 834 1791 gemmis

43 1804 187 1838 expeditur
204 1804 349 1837 adjttnt-tis.
372 1804 423 1831 Sed
436 1811 469 1830 ne
479 1804 579 1830 diutius
596 1810 644 1838 per
661 1803 832 1838 singularum

43 1852 217 1878 demeremur
236 1851 341 1886 species
365 1851 506 1883 virtutum,
540 1858 684 1885 possumus
712 1850 833 1878 breviter

43 1898 145 1927 dicere,
178 1896 223 1923 illa
248 1895 396 1931 signiﬁcari
419 1903 468 1931 per
494 1896 552 1923 haec
574 1896 672 1930 quibus
688 1901 832 1923 ornaretur

43 1943 160 1970 Ecclesia
177 1942 247 1977 (52).
260 1942 342 1970 Fides
352 1942 409 1975 ejus
423 1949 489 1969 auro
500 1941 616 1969 conferri
630 1946 728 1977 potest,
742 1949 833 1969 sertuo

43 1989 244 2023 prazdicationis
260 1989 317 2023 ejus
333 1993 462 2023 argento;
480 1988 615 2022 lapidibus
630 1989 767 2023 pretiosis,
795 1996 832 2016 ωε

43 2036 196 2069 patientim,
225 2034 304 2070 lignis
324 2034 537 2069 imputribilibus
561 2034 765 2068 scietttia,'qu:e
784 2042 832 2068 per

42 2081 141 2116 lignum
156 2081 244 2114 venit,
269 2085 315 2108 aut
331 2081 498 2114 iucorruptio
520 2079 666 2112 castitatis,
687 2087 746 2115 quae
763 2087 832 2106 nun-

42 2135 117 2161 quam
131 2127 301 2160 veteraseit;
317 2127 396 2161 bysso
412 2126 573 2161 virginitas;
590 2133 672 2154 cocco
686 2126 832 2153 confessio-

43 2175 80 2201 nis
97 2175 204 2209 gloria;
233 2181 358 2208 purpurze
383 2173 525 2200 cltaritatis
550 2172 654 2207 fulgor;
681 2172 830 2207 hyacintho

42 2227 100 2253 spes
114 2220 194 2255 regni
209 2219 354 2246 cmlorum.
373 2218 432 2245 Istae
444 2219 498 2245 sint
517 2218 626 2245 ittterim
648 2219 778 2248 materiae.
796 2227 829 2245 ex

42 2267 134 2299 quibus
151 2273 237 2292 omne
257 2264 460 2291 tabernaculum
479 2268 663 2295 construatur,
681 2264 828 2291 induantur

42 2312 204 2342 sacerdotes,
217 2315 329 2338 ornetur
347 2315 374 2338 et
389 2309 520 2344 pontifex.
537 2308 655 2342 Quorum
671 2309 827 2336 indumenta

42 2365 96 2391 qua:
112 2358 182 2389 sint,
196 2357 239 2383 vel
256 2357 357 2391 qualia,
388 2356 413 2382 itt
433 2356 485 2382 alio
506 2355 565 2382 loco
588 2355 745 2389 pronuntiat
758 2355 826 2382 Pro-

43 2405 128 2438 pheta,
149 2409 179 2432 et
190 2404 258 2430 dicit
272 2403 314 2430 ’τι
332 2411 341 2428 ‹
361 2402 522 2429 Sacerdotes
537 2401 575 2428 tui
589 2401 736 2428 induantur
748 2401 827 2435 justi-

42 2451 110 2477 tiam.
126 2461 137 2477 ι
168 2450 239 2477 Sunt
259 2456 324 2484 ergo
339 2449 428 2475 «mnia
448 2448 498 2474 ista
526 2446 682 2474 indumettta
703 2446 825 2481 justitizc.

42 2495 70 2523 Et
83 2497 182 2524 iterum
203 2494 304 2522 Paulus
325 2493 462 2529 apostolus
481 2492 581 2520 dicit"
599 2501 606 2518 :
632 2500 641 2517 ι
661 2491 766 2518 Iuduite
780 2499 826 2518 vos

43 2543 139 2570 viscera
154 2541 360 2569 misericordiae.
380 2549 389 2566 ι
408 2540 476 2566 Sunt
493 2546 557 2574 ergo
570 2538 727 2565 indumenta
746 2538 826 2565 mise-

71 2617 93 2633 ”
111 2615 185 2643 Psal.
206 2622 244 2646 ιι,
257 2614 282 2642 7.
322 2613 345 2629 "
363 2612 382 2638 ll
401 2611 464 2639 Cnr.
488 2619 523 2641 tu,
541 2611 568 2637 5.

44 2659 76 2684 v-,
91 2652 134 2679 15.
172 2651 194 2666 ³³
210 2649 221 2676 l
235 2644 299 2677 Cor.
313 2656 352 2680 v1,
368 2648 395 2674 5.
436 2647 457 2662 “
473 2646 531 2674 Gal.
549 2653 574 2677 v,
592 2644 637 2671 2'2.

71 2711 125 2746 (50)
140 2710 290 2746 Ecclesium
301 2708 441 2734 collocant.
455 2707 502 2734 Sic
513 2713 579 2734 mss.
595 2705 669 2733 Alias
685 2712 750 2732 vero
764 2705 829 2732 sim-

44 2746 153 2779 pliciter,
180 2755 190 2771 ι
213 2745 394 2782 collocant_ur_.
416 2752 425 2768 ι
506 2776 512 2782 .

72 2782 126 2812 (ΞΗ
144 2781 231 2812 Alias,
251 2789 260 2804 σ
284 2778 392 2811 septimi
408 2778 524 2804 numeri.
545 2786 554 2802 ι

72 2783 111 2811 (5|
144 2782 231 2812 Alias,
251 2789 260 2804 σ
284 2782 392 2811 septimi
408 2784 524 2804 numeri.
545 2786 554 2802 ι

72 2782 126 2853 (Si?
142 2816 293 2843 Ornaretur
314 2813 441 2840 Ecclesia.
465 2811 539 2844 Mss,
557 2820 565 2836 t
581 2810 751 2846 signiﬁratur
775 2809 825 2837 Ec-

46 2850 125 2880 tlrsia.
148 2861 157 2878 ι

608 2610 629 2626 ’τ
645 2609 717 2636 Psal.
741 2617 843 2641 cxxxtt,
861 2610 888 2637 9.

677 2644 698 2659 "
719 2645 788 2671 l‘sal.
806 2653 898 2676 ειμι,
912 2645 938 2677 ι,
954 2644 981 2671 5.

895 247 984 269 menta
1013 243 1142 271 nobiliora
1171 245 1303 280 designat,
1323 253 1383 272 cttm
1397 245 1463 272 dicit
1479 245 1501 261 ¹⁹
1518 254 1525 272 :
1551 255 1560 271 ι
1577 245 1683 275 lnduz'te

895 295 942 316 vos
958 289 1099 316 Dominum
1114 289 1205 317 .lcsum
1221 291 1371 323 Christum,
1389 297 1415 318 et
1430 291 1520 318 carnis
1541 299 1633 318 curam
1650 300 1684 319 ne

896 334 1016 362 feceritis
1036 336 1069 362 ad
1085 337 1328 371 concupiscentias.
1345 347 1354 363 ›
1373 337 1424 365 ista
1442 343 1507 366 sunt
1526 346 1591 374 ergo
1602 338 1684 366 indu-

895 387 995 413 menta,
1008 382 1104 415 quibus
1119 388 1231 410 ornatur
1251 383 1382 410 Ecclesia.

929 427 955 454 4.
977 427 1068 454 Potest
1091 433 1180 455 autem
1196 433 1224 455 et
1246 430 1434 464 unusquisque
1459 434 1580 458 ttostrum
1599 431 1682 458 etiam

896 473 921 499 in
950 473 1097 508 semetipso
1129 474 1294 501 constituere
1321 475 1526 503 tabernaculum
1557 476 1624 503 Deo.
1653 477 1683 504 Si

894 518 976 550 enim,
992 523 1022 545 ut.
1038 519 1146 552 quidam
1173 523 1237 547 ante
1266 527 1314 547 nos
1339 528 1447 555 quoque
1472 521 1599 549 dixerunt
1615 521 1682 557 (53),

896 564 1100 591 tabernaculum
1111 565 1162 592 hoc
1178 565 1259 592 totius
1274 566 1365 592 tnundi
1379 571 1450 594 tenet
1463 567 1586 601 ﬁgurata,
1606 576 1683 595 mun-

895 609 919 635 di
939 614 1028 636 autem
1053 611 1133 637 etiam
1159 611 1256 646 singuli
1278 612 1378 646 quique
1405 613 1506 640 habere
1534 613 1679 648 imaginem

894 661 1015 690 possunt,
1030 664 1079 683 cur
1096 664 1148 683 non
1166 662 1192 684 et
1211 658 1375 684 tabernaculi
1391 659 1577 693 unusquisque
1593 660 1619 686 in
1638 667 1682 687 se—

895 700 1007 733 metipso
1024 699 1138 727 formatn
1151 702 1234 735 possit
1253 702 1378 736 explere?
1392 702 1445 730 llas
1460 710 1524 738 ergo
1541 703 1620 731 debet
1634 712 1683 731 co-~

895 744 1003 771 lutnttas
1016 745 1066 772 sibi
1088 750 1182 780 aptare
1197 746 1337 779 virtutum,
1363 747 1504 775 columnas
1525 755 1681 783 argenteas,

895 790 920 816 id
941 794 983 817 est
999 791 1157 825 patientiam
1183 793 1384 821 rationabilem.
1412 793 1504 822 Potest
1529 795 1601 822 enim
1621 803 1683 823 esse

894 836 1002 870 quidem
1014 837 1040 864 in
1055 837 1172 870 homine,
1191 846 1250 872 qua:
1263 839 1386 866 videatur
1401 840 1542 874 patientia,
1557 842 1604 868 sed
1623 850 1684 876 qua:

896 883 1066 910 rationabilis
1090 891 1142 911 non
1158 885 1203 912 sit.
1233 885 1298 912 Nam
1315 890 1343 912 et
1367 886 1412 920 qui
1435 894 1487 914 non
1503 888 1586 914 scatit
1610 889 1676 924 inth

895 929 1010 962 riam,et
1025 936 1168 964 pt'opterea
1185 938 1236 957 non
1258 931 1354 964 reddit,
1375 932 1482 966 patiens
1500 932 1617 965 videtur,
1635 935 1682 961 sed

895 982 946 1001 non
965 979 1006 1002 est
1023 976 1193 1003 rationabilis
1216 976 1266 1003 ista
1294 977 1423 1011 patientia
1452 977 1504 1005 Istc
1519 985 1583 1012 ergo
1601 979 1682 1006 habet

892 1021 1000 1054 quidem
1016 1021 1168 1053 columnas,
1187 1021 1233 1048 sed
1250 1030 1303 1049 non
1317 1027 1379 1050 sunt
1395 1028 1531 1058 urgentem
1545 1024 1612 1059 (54).
1629 1024 1680 1058 Qui

892 1073 957 1092 vero
972 1071 1084 1101 propter
1108 1066 1221 1093 verbum
1248 1067 1293 1094 Dei
1311 1067 1424 1102 patitur,
1442 1073 1468 1096 et
1488 1068 1596 1096 fortiter
1617 1070 1679 1100 fert.

893 1111 943 1137 iste
957 1111 1090 1138 columnis
1115 1111 1251 1146 argenteis
1278 1112 1422 1140 decoratus
1447 1117 1490 1140 est
1505 1117 1532 1140 ct
1548 1114 1679 1142 munitus.

892 1158 983 1186 Potest
998 1158 1023 1185 in
1040 1165 1069 1185 se
1080 1162 1107 1185 et
1120 1158 1186 1185 atria
1199 1158 1363 1190 distendere,
1384 1166 1444 1185 ettm
1465 1159 1620 1187 dilataverit
1633 1169 1680 1187 cor

892 1209 970 1229 suum
988 1203 1136 1230 secundum
1156 1202 1277 1237 Apostoli
1299 1210 1393 1230 vocem
1409 1203 1523 1232 dicentis
1540 1205 1572 1232 ad
1587 1205 1680 1232 Corin-

891 1248 963 1276 thios
976 1248 999 1263 ³ο
1015 1256 1022 1275 :
1040 1257 1050 1274 ι
1068 1247 1222 1274 Dilatamini
1245 1253 1272 1274 et
1294 1255 1353 1275 vos.
1379 1258 1388 1274 ι
1407 1248 1499 1276 Potest
1522 1257 1552 1276 sc
1570 1255 1596 1277 et
1610 1251 1679 1278 seris

891 1295 1008 1326 munire,
1021 1301 1081 1321 cum
1101 1301 1131 1321 se
1145 1294 1325 1321 unanimitate
1341 1293 1495 1322 dilectionis
1509 1296 1678 1323 astrinxerit.

889 1342 981 1370 Potest
996 1347 1076 1376 super
1091 1346 1235 1376 argenteas
1253 1341 1334 1369 bases
1351 1346 1436 1374 stare,
1453 1350 1515 1370 cum
1530 1351 1612 1378 super
1625 1349 1679 1371 sta-

889 1388 1020 1415 bilitatem
1045 1387 1120 1414 verbi
1137 1387 1195 1419 Dei,
1213 1387 1288 1414 verbi
1313 1388 1464 1422 prophetici
1486 1393 1513 1416 et
1535 1390 1678 1425 apostolici

889 1433 1047 1461 collocatur.
1078 1432 1170 1460 Potest
1184 1433 1286 1460 habere
1317 1433 1343 1459 in
1370 1433 1494 1461 columna
1520 1435 1678 1463 dcauratum

888 1485 980 1514 caput,
995 1479 1017 1506 si
1037 1484 1117 1514 caput
1131 1487 1243 1507 aureum
1256 1479 1291 1506 sit
1307 1479 1331 1507 ei
1344 1479 1410 1507 ﬁdes
1425 1480 1536 1508 Christi.
1552 1490 1562 1507 ι
1583 1481 1679 1510 Omnis

888 1533 1003 1560 namque
1017 1526 1066 1553 viri
1083 1530 1172 1561 caput,
1198 1526 1322 1554 Christus
1345 1532 1387 1554 est
1409 1527 1442 1556 ἰ.
1460 1537 1469 1553 ι
1488 1527 1584 1555 Decem
1611 1536 1677 1556 vero

888 1571 957 1598 atria
982 1576 1070 1606 potest
1090 1572 1117 1599 in
1139 1571 1284 1605 semetipso
1300 1572 1465 1605 distendere,
1484 1580 1545 1600 cum
1567 1582 1621 1601 non
1649 1575 1675 1602 in

888 1625 941 1645 uno
966 1622 1069 1645 tantutn
1094 1616 1178 1645 verba
1200 1617 1266 1652 legis
1286 1617 1426 1650 dilatatur,
1446 1626 1535 1654 neque
1559 1619 1675 1652 duobus,

889 1668 935 1690 aut
953 1663 1052 1696 tribus,
1068 1663 1116 1690 sed
1135 1663 1161 1690 in
1176 1668 1233 1691 toto
1249 1663 1381 1698 Decalogo
1401 1665 1466 1699 legis
1488 1665 1618 1700 spiritalis
1632 1666 1675 1694 in~

890 1710 1048 1745 telligentim
1073 1710 1189 1738 dilatare
1208 1710 1411 1745 amplitudinem
1432 1716 1530 1745 potest,
1545 1717 1590 1740 aut
1614 1720 1675 1740 cum

889 1754 1006 1782 frttctttm
1022 1755 1146 1790 spiritus,
1160 1756 1299 1790 gaudium,
1315 1764 1421 1791 pacem,
1444 1758 1613 1791 patientiam,
1630 1759 1677 1786 be:

887 1801 1057 1835 nignitatem,
1074 1801 1246 1834 modestiam,
1263 1802 1355 1834 tidem,
1378 1803 1588 1835 continentiam,
1602 1805 1675 1838 adje-

887 1850 941 1877 cta,
958 1853 1017 1879 quze
1030 1850 1071 1872 est
1082 1850 1168 1873 mater
1181 1846 1313 1877 omnium,
1330 1847 1474 1878 charitate,
1491 1849 1674 1882 protulerit".

887 1891 991 1918 llabeat
1017 1890 1103 1918 adhuc
1126 1891 1151 1916 in
1175 1899 1205 1917 se
1232 1890 1320 1917 anima
1345 1891 1406 1923 ista,
1426 1899 1486 1926 qua:
1505 1899 1558 1919 non
1572 1893 1677 1921 dederit

887 1945 1014 1964 somnum
1032 1936 1118 1964 oculis
1131 1936 1198 1969 suis,
1215 1944 1265 1963 nec
1281 1935 1417 1970 palpebris
1430 1937 1486 1964 suis
1499 1938 1675 1966 dormitatin-

887 1991 960 2016 nem,
974 1991 1024 2010 nec
1040 1984 1160 2018 requiem
1178 1983 1343 2017 temporibus
1358 1983 1426 2014 suis,
1445 1986 1531 2011 donec
1555 1985 1674 2012 inveniat

885 2029 974 2056 locum
992 2028 1114 2061 Domino,
1144 2028 1347 2055 tabernaculum
1377 2028 1430 2056 Deo
1453 2028 1537 2057 Jacob
1560 2030 1600 2063 ¹³;
1622 2031 1671 2057 ha-

885 2075 956 2105 beat,
977 2074 1097 2108 inquam,
1120 2074 1145 2101 in
1162 2081 1191 2101 se
1207 2074 1323 2100 deﬁxum
1339 2079 1365 2101 et
1383 2074 1479 2108 altare,
1500 2077 1525 2102 in
1541 2083 1594 2111 quo
1607 2083 1671 2103 ora.

886 2120 988 2146 tiomtm
1018 2119 1121 2147 hostias
1146 2123 1174 2146 et
1202 2118 1396 2147 misericordiae
1424 2121 1547 2149 victimas
1576 2121 1674 2149 offerat

885 2167 955 2199 Deo;
982 2166 1006 2193 in
1032 2174 1086 2201 quo
1112 2166 1286 2193 continentia:
1303 2166 1390 2193 cultro
1414 2167 1568 2201 superbiam
1592 2170 1670 2202 quasi

848 2223 868 2249 ο
886 2217 989 2239 taurum
1005 2213 1136 2244 immolet,
1152 2213 1320 2239 iracundiam
1333 2214 1410 2247 quasi
1424 2213 1536 2240 arietem
1550 2213 1669 2250 jugulet,

884 2259 1019 2286 luxuriam
1041 2265 1204 2294 omnemque
1234 2258 1373 2285 libidinem
1388 2262 1517 2292 tanquam
1541 2258 1631 2286 hircos
1643 2264 1672 2285 et

884 2305 975 2333 haedos
993 2304 1061 2331 litet.
1079 2305 1153 2331 Sciat
1174 2309 1261 2331 tamen
1278 2312 1311 2331 ex
1331 2304 1373 2331 his
1385 2304 1467 2330 etiam
1482 2303 1670 2331 sacerdotibus

882 2359 1010 2387 separare
1036 2352 1159 2378 dextrum
1189 2351 1344 2381 brachium,
1371 2356 1399 2377 et
1428 2349 1671 2384 pectusculum,t>t

883 2397 1017 2429 maxillas,
1040 2398 1064 2423 id
1079 2401 1117 2423 est
1135 2403 1218 2431 opera
1236 2396 1303 2422 bona
1323 2400 1348 2422 et
1369 2401 1452 2429 opera
1467 2395 1573 2421 dextra.
1600 2393 1668 2420 Nam

881 2445 1022 2471 sinistrum
1038 2444 1104 2470 nihil
1117 2447 1245 2470 reservet.
1259 2441 1449 2469 Pectusculum
1467 2447 1576 2474 quoque
1599 2439 1668 2466 intc-

880 2498 968 2524 grntn,
981 2490 1052 2524 quod
1066 2494 1107 2516 est
1123 2493 1288 2520 correctum,
1301 2493 1329 2515 et
1342 2494 1419 2514 mens
1435 2486 1487 2513 Deo
1502 2490 1626 2517 sacrata;
1641 2490 1669 2511 ct

881 2536 1005 2564 maxillas
1033 2536 1066 2562 ad
1091 2535 1203 2562 verbum
1220 2534 1264 2561 Dci
1283 2534 1457 2567 loquendum.
1474 2532 1548 2559 Sciat
1559 2532 1609 2559 sibi
1639 2533 1665 2559 in

925 2609 948 2625 "
970 2609 1073 2636 Coloss.
1089 2615 1130 2639 ιιι,
1146 2606 1189 2633 12.
1228 2607 1250 2622 ¹³
1273 2605 1351 2633 llam.
1371 2612 1430 2636 χιιι,
1451 2603 1494 2630 l/t.
1532 2603 1583 2630 ³⁰ΙΙ
1602 2602 1666 2631 Cor.

918 2703 974 2740 (53)
1003 2704 1036 2731 Ut
1053 2703 1158 2738 quidam
1174 2706 1233 2740 ante
1248 2708 1294 2740 nos
1314 2699 1572 2740 (ιιιοᾳιιεη(ΙίςιιενιιηίΓ
1598 2697 1667 2740 Vide

880 2733 1025 2774 .lns‘ephum
1057 2733 1103 2764 lib.
1135 2746 1164 2764 ιιι
1198 2737 1285 2770 Antiq.
1316 2733 1342 2762 et
1373 2734 1513 2762 Philonem
1544 2733 1582 2761 De
1610 2733 1665 2761 vita

880 2776 989 2809 Mog/xix.

915 2810 970 2845 (5t)
990 2809 1071 2842 Alias,
1089 2817 1097 2833 ι
1117 2812 1273 2842 argentata).
1295 2815 1305 2833 ›
