1894 3059
203 155 258 184 367

925 148 1084 179 OlllGENIS

1773 146 1820 174 568

205 212 309 239 sanctis
333 212 416 239 ctiam
447 209 636 239 candelabrum
656 208 765 236 luminis
790 199 989 240 collocandum,
1006 211 1026 238 Α
1043 208 1095 235 Sed
1112 213 1137 234 ct
1164 214 1246 234 aurea
1264 205 1364 233 lamina
1389 206 1415 233 in
1441 204 1529 233 fronte
1557 203 1735 239 resplendeat,
1753 188 1822 238 quod

206 262 236 285 ut
251 257 304 285 sint
323 258 346 284 ei
365 257 480 284 lucerna:
502 263 608 290 semper
633 255 768 287 ardentes,
789 258 816 281 et
831 253 912 280 lumbi
930 261 991 281 suc-

206 303 287 331 cincti
302 303 335 336 ³⁵,
348 307 374 330 et
391 303 447 337 ipse
460 307 586 336 tanquam
604 308 709 333 servus,
730 300 774 335 qui
787 304 926 334 exspectat
943 299 991 326 do—

207 349 309 376 minum
324 356 401 376 suum
418 348 505 375 redire
519 348 552 375 de
569 347 678 381 nuptiis.
696 346 733 372 De
755 346 795 373 his
810 346 880 372 enim
901 346 989 372 lucer-

207 394 250 422 nis
264 399 290 421 et
307 394 435 421 Dominus
457 393 566 420 dicebat
584 394 605 409 ³⁵
620 401 627 420 :
647 402 656 418 ι
675 392 796 419 Lucerna
813 391 934 424 corporis
953 391 988 417 tui

206 445 246 468 est
261 440 355 467 oculus
371 444 441 466 tuus.
462 448 470 464 ι
491 439 543 465 Sed
558 438 629 465 istud
652 437 844 464 candelabrum
864 436 988 463 lucerna-

207 494 264 513 rum
277 486 303 512 iu
316 489 408 512 austro
420 485 545 516 collocet,
566 489 594 510 ut
612 483 643 509 ad
669 483 823 516 aquilonem
850 481 988 516 respiciat.

204 531 327 558 Acceuso
343 530 443 556 ctenim
456 529 568 562 lumine,
585 528 610 555 id
626 531 668 555 est
679 527 800 562 vigilanti
811 527 894 554 'corde
908 526 991 560 respi-

205 584 267 603 cere
282 583 388 609 semper
404 575 485 602 debet
499 575 530 601 ad
546 573 712 608 aquilonem,
732 576 758 599 et
770 572 913 600 observare
929 580 988 598 cum

204 621 250 655 qui
276 621 308 648 ab
325 620 450 655 aquilone
468 624 521 646 est.
551 619 625 645 Sicut
650 623 677 645 et
701 618 830 652 propheta
848 617 939 645 videre
962 625 990 644 se

205 666 271 693 dicit
285 673 445 692 succensum
464 664 589 695 chelem,
607 663 647 690 vel
664 662 755 696 ollam,
770 667 796 689 et
815 661 911 689 faciem
933 661 991 695 cjus

205 719 220 738 a
236 712 303 738 facie
329 710 465 744 aquilonis
481 709 514 736 ⁸⁸.
528 709 568 735 Ab
582 708 706 742 aquilone
718 708 789 735 enim
807 707 991 734 accenduntur

206 758 274 786 mala
291 757 424 784 universae
439 761 527 783 terrm.
550 754 669 789 Vigilans
685 761 749 788 ergo
763 757 790 780 et
816 752 946 779 sollicitus
965 757 991 779 et

205 804 302 831 ardens
317 803 453 830 intueatur
469 808 576 836 semper
591 800 706 827 astutias
720 798 834 830 diaboli,
848 803 872 825 et
886 806 991 833 Semper

207 850 321 885 aspiciat
330 849 399 876 unde
412 849 567 876 sitventura
581 846 705 877 tentatio,
718 846 788 871 unde
800 843 990 876 bostisirruat,

1041 254 1156 289 petalum
1179 252 1340 287 appellatur,
1364 252 1390 278 in
1414 251 1512 286 quibus
1531 251 1654 284 utrisque
1678 250 1779 276 veritas
1795 254 1821 276 ct

1041 298 1220 324 manifestatio
1236 297 1336 323 dicitur
1353 295 1562 331 collocata‘(57).
1584 295 1637 329 Ego
1658 295 1686 321 in
1710 295 1753 321 his
1766 301 1822 328 qua!

1042 344 1067 370 in
1083 349 1191 378 pectore
1209 342 1289 370 locari
1313 343 1449 374 dicuntur,
1466 348 1620 368 sermonem
1637 340 1820 374 evangelicum

1041 390 1138 422 sentio,
1167 389 1214 423 qui
1243 387 1450 422 quadruplicato
1475 385 1572 414 ordine
1596 387 1736 412 veritatem
1764 385 1820 412 fidei

1041 434 1117 461 nobis
1133 437 1160 460 et
1176 433 1419 460 manifestationem
1432 430 1575 458 Trinitatis
1592 430 1714 465 exponit,
1728 434 1821 456 cuncta

1042 478 1161 506 referens
1175 478 1208 505 ad
1225 482 1317 512 caput,
1342 477 1375 503 ad
1402 477 1480 504 unius
1497 476 1601 503 scilicet
1617 475 1664 502 Dei
1688 479 1821 502 naturam.

1042 524 1068 551 In
1083 525 1124 551 his
1139 529 1180 551 est
1195 531 1259 557 ergo
1273 522 1362 549 omnis
1377 523 1488 554 veritas,
1501 527 1528 549 et
1541 521 1629 548 omnis
1645 520 1823 547 manifestatio

1042 570 1173 601 yeritatis.
1201 568 1285 603 Igitur
1310 568 1332 595 si
1359 572 1433 594 recte
1455 567 1496 594 vis
1519 567 1706 601 pontiﬁcatum
1731 572 1822 600 gerere

1043 616 1107 647 Deo,
1125 614 1296 649 evangelicus
1310 620 1411 644 sermo,
1428 617 1454 639 ct
1471 611 1616 639 Trinitatis
1634 612 1700 638 fides
1720 617 1824 645 semper

1043 661 1088 688 tibi
1106 661 1238 688 babeatttr
1251 660 1276 687 in
1292 664 1408 694 pectore.
1418 658 1466 686 Cui
1481 658 1605 686 convenit
1620 657 1701 684 etiam
1719 661 1823 690 aposto-

1043 707 1110 734 licus
1125 714 1214 733 sermo
1238 709 1290 732 tam
1309 705 1419 738 virtute,
1435 711 1515 738 quam
1535 710 1659 734 numero,
1677 707 1780 728 tantum
1797 705 1823 727 ut

1042 759 1137 779 nomen
1152 751 1197 779 Dei
1214 759 1321 786 semper
1337 750 1469 777 habeatur
1493 749 1519 775 in
1538 748 1635 782 capite,
1652 752 1679 774 et
1698 747 1731 773 ad
1744 754 1823 773 unum

1042 798 1124 825 Deum
1141 803 1238 825 ctmcta
1255 797 1415 824 referantur.
1430 795 1534 823 llabeat
1549 795 1630 821 etiam
1643 793 1670 820 in
1683 793 1820 820 interiori-

1043 844 1092 871 bus
1108 842 1231 878 pontifex
1257 842 1379 877 partibus
1395 841 1561 875 operimenta
1578 847 1640 870 sua,
1659 838 1760 865 habeat
1777 845 1825 871 pu—

207 895 279 923 unde
294 895 420 921 inimicus
441 894 564 927 obrepat.
591 891 659 918 Dicit
673 891 744 918 enim
761 895 786 917 et
803 889 900 916 Petrus
925 896 991 922 apo-
1006 883 1026 910 Β
1042 889 1126 916 denda
1144 892 1283 920 contecta;
1302 891 1331 914 ut
1349 893 1464 920 corpore
1480 889 1505 912 et
1529 883 1626 918 spiritu
1645 886 1758 910 sanctus
1778 882 1821 912 sit,

208 942 291 969 stolus
306 941 325 956 ³⁷
341 951 347 967 :
362 950 370 966 ι
389 939 457 973 Quia
473 939 644 966 adversarius
660 941 750 964 vester
770 936 903 968 diabolus,
918 936 990 962 sicut

209 987 250 1013 leo
264 985 383 1019 rugiens,
410 984 508 1011 circuit
535 990 659 1016 qumrens
691 989 771 1016 quem
789 985 954 1008 transvoret.
975 991 984 1007 ι

209 1031 298 1058 Mensa
319 1037 425 1065 quoque
453 1028 645 1063 propositionis
661 1027 765 1054 habens
780 1026 920 1054 duodecim
942 1033 989 1060 pa-

198 1085 266 1110 nes,
291 1077 317 1103 in
338 1080 414 1111 parte
442 1074 590 1102 collocetur
613 1072 755 1108 aquilonis
785 1071 934 1106 respiciens
958 1070 990 1097 ad

208 1127 340 1150 austrum.
368 1120 456 1147 Panes
480 1118 536 1151 isti,
566 1118 732 1153 apostolicus
755 1116 778 1144 ei
799 1120 853 1143 tam
879 1122 991 1142 numero

209 1176 288 1202 quam
308 1167 407 1194 virtute
422 1166 458 1192 sit
470 1171 571 1196 sermo,
582 1171 634 1199 quo
649 1163 835 1190 indesinenter
847 1165 926 1188 utens
936 1160 990 1196 (55)

208 1213 339 1250 (quotidie
366 1219 480 1246 namque
493 1210 545 1237 hos
569 1215 631 1236 ante
648 1208 790 1236 Dominum
816 1207 927 1241 jubetur
944 1214 992 1241 ap-

208 1260 330 1295 ponere),
353 1265 460 1285 rursum
483 1256 610 1290 respiciat
634 1255 666 1281 ad
689 1259 824 1284 austrum,
847 1253 918 1279 unde
943 1252 993 1279 Do-

210 1305 298 1332 minus
324 1303 396 1330 venit
418 1311 425 1328 :
452 1311 461 1328 ι
480 1302 610 1328 Dominus
634 1301 704 1327 enim
731 1308 763 1326 ex
793 1299 924 1326 Themam
949 1305 994 1324 vc-

211 1352 277 1384 niet,
294 1359 303 1375 ι
318 1350 388 1376 sicut
412 1347 540 1381 scriptmn
561 1352 603 1374 est
621 1346 653 1379 ³⁸,
684 1346 753 1380 quod
769 1349 810 1372 est
841 1345 873 1371 de
888 1348 991 1371 austro.

212 1395 315 1422 llabcat
337 1393 363 1420 in
380 1391 561 1428 penetralibus
593 1391 709 1426 pectoris
737 1390 777 1417 Sui
801 1390 883 1416 etiam
908 1388 992 1415 altare

211 1440 326 1472 incensi,
356 1445 384 1466 ut
410 1440 465 1474 ipse
492 1439 564 1465 dicat
582 1437 630 1464 ηε
658 1446 666 1462 ι
688 1436 754 1469 Quia
779 1435 881 1462 Christi
907 1435 994 1462 bonus

210 1484 278 1512 odor
304 1491 407 1511 smnus.
434 1492 442 1508 ι
473 1481 575 1508 llabcat
604 1485 630 1508 et
656 1487 746 1507 arcam
773 1479 936 1512 testamenti,
966 1479 991 1506 in

211 1538 262 1565 qua
288 1529 343 1557 sint
368 1528 464 1555 tabula:
490 1528 565 1562 legis,
595 1531 624 1553 ιιι
650 1527 677 1553 in
705 1526 764 1560 lege
780 1525 825 1552 Dei
849 1525 993 1552 meditetur

210 1577 254 1603 die
283 1583 315 1602 ac
348 1581 434 1607 nocte,
458 1579 485 1601 et
510 1572 640 1600 memoria
667 1572 726 1606 ejus
753 1578 816 1598 arca
845 1575 872 1597 et
894 1570 990 1597 biblio-

212 1624 289 1650 theca
313 1621 444 1648 elliciatur
472 1620 600 1646 librorum
631 1617 688 1650 Dei,
719 1617 781 1652 quia
810 1622 836 1643 et
863 1617 994 1651 propheta

214 1667 292 1704 165
304 1667 396 1694 beatos
413 1665 478 1692 dicit
496 1672 542 1692 eos
559 1663 604 1699 qui
620 1663 748 1690 memoria
766 1667 856 1689 tenent
870 1661 995 1688 mandata

213 1714 282 1748 eius,
294 1717 324 1740 ut
339 1712 492 1739 faciantca.
506 1709 546 1737 Sit
563 1710 633 1736 intra
648 1709 733 1743 ipsum
747 1715 815 1735 urna
831 1715 937 1734 manna:
951 1714 992 1734 re-

213 1760 312 1795 posita,
332 1757 485 1786 intellectus
501 1755 572 1782 verbi
590 1755 636 1782 Dei
648 1754 753 1782 subtilis
768 1759 795 1781 et
808 1753 902 1781 dulcis.
914 1753 954 1780 Sit
969 1757 997 1780 et

213 1807 288 1841 virga
307 1805 396 1831 Aaron
422 1803 492 1829 intra
519 1809 592 1832 eum,
616 1801 737 1827 doctrina
763 1799 952 1831 sacerdotalis,
969 1803 996 1826 et

214 1850 306 1879 ﬂorida
323 1849 454 1877 severitas
470 1846 628 1882 disciplinac,
643 1853 724 1880 supra
738 1852 844 1872 omnem
861 1852 925 1872 vero
938 1844 996 1879 glo-

213 1897 280 1923 riam
303 1895 338 1922 sit
358 1895 381 1921 ei
399 1892 562 1928 pontiﬁcalis
576 1895 700 1919 ornatus.
723 1890 816 1917 Potest
832 1890 904 1917 enim
923 1891 996 1916 intra

213 1949 243 1969 se
257 1948 337 1976 agere
352 1940 536 1974 pontiﬁcatum
561 1944 624 1971 pars
645 1936 688 1963 illa
703 1943 762 1971 qua:
785 1935 811 1961 in
827 1942 859 1962 eo
876 1940 917 1961 est
933 1942 996 1968 pre-

214 1985 360 2014 tiosissima
376 1984 507 2015 omnium,
527 1981 597 2016 quod
614 1981 723 2017 qttidam
741 1980 889 2015 principale
905 1980 996 2008 cordis

213 2031 360 2066 appellant,
379 2029 424 2056 alii
442 2028 601 2055 rationalem
629 2034 751 2059 sensum,
768 2031 813 2053 aut
832 2026 998 2053 intellectua-

215 2080 266 2106 lem
284 2076 475 2117 substantiam,
500 2075 543 2101 vel
571 2081 736 2108 quocunque
761 2073 840 2100 modo
865 2073 997 2108 appellari

215 2129 303 2159 potest
317 2123 342 2149 in
360 2122 437 2149 nobis
452 2121 538 2155 portio
552 2121 636 2148 nostri
654 2120 711 2153 illa,
724 2127 772 2154 per
786 2127 867 2155 quam
884 2126 998 2154 capaces

214 2177 275 2197 esse
291 2174 433 2204 possutnus
451 2166 508 2193 Dei.
525 2165 577 2192 Ista
601 2173 667 2200 ergo
690 2173 751 2200 pars
779 2165 805 2192 in
830 2165 909 2193 nobis
926 2165 999 2192 velut

1042 939 1069 962 et
1081 933 1287 968 cogitationibus
1299 937 1326 960 et
1336 932 1463 967 operibus
1475 938 1558 965 purus
1570 930 1615 956 sit.
1628 928 1733 955 Habeat
1746 928 1824 954 etiam

1043 987 1089 1014 per
1114 979 1262 1006 indumenti
1286 978 1431 1005 circuitum
1459 975 1652 1008 tintinnabula,
1680 979 1711 1001 ut
1735 975 1825 1009 ingre-

1043 1025 1128 1057 dieus,
1144 1025 1231 1059 inquit
1243 1024 1276 1055 ",
1295 1028 1399 1054 sancta,
1416 1022 1463 1049 det
1476 1022 1606 1053 sonitum,
1624 1025 1651 1047 et
1672 1024 1725 1047 non
1745 1021 1824 1047 intret

1043 1079 1104 1099 eum
1118 1071 1236 1098 silentio.
1253 1071 1285 1097 Et
1306 1070 1364 1097 ham
1380 1068 1574 1100 tintinnabula,
1587 1075 1648 1102 qua:
1662 1074 1772 1101 semper
1783 1073 1826 1093 so-

1044 1125 1108 1144 nare
1125 1117 1232 1148 debent,
1251 1115 1278 1142 in
1303 1120 1426 1142 extremo
1450 1113 1607 1140 vestimenti
1635 1116 1699 1139 sunt
1730 1111 1826 1146 posita,

1044 1163 1154 1194 idcirco,
1169 1162 1261 1193 credo,
1281 1166 1310 1188 ut
1331 1161 1365 1188 de
1380 1159 1511 1187 extremis
1530 1158 1698 1192 temporibus
1723 1163 1751 1184 et
1778 1156 1828 1184 ﬁne

1043 1208 1133 1234 mundi
1149 1213 1285 1240 mtnqnam
1298 1205 1390 1235 sileas,
1405 1204 1450 1231 sed
1465 1203 1527 1230 inde
1539 1209 1646 1237 semper
1660 1208 1754 1235 sones,
1769 1201 1828 1228 inde

1044 1252 1163 1286 disputes
1185 1256 1211 1278 et
1237 1250 1368 1285 loquaris,
1386 1249 1534 1276 secundum
1551 1256 1612 1276 eum
1636 1247 1681 1282 qui
1709 1246 1827 1274 dixit“:

1046 1306 1055 1322 ι
1070 1296 1171 1326 Memor
1185 1302 1245 1323 esto
1261 1295 1470 1323 uovissimorum
1485 1299 1602 1326 tuorum,
1617 1297 1645 1319 et
1662 1299 1715 1319 non
1733 1298 1829 1326 pecca-

1044 1344 1094 1371 bis.
1109 1353 1118 1368 ι
1134 1343 1174 1370 Ad
1198 1343 1270 1369 hunc
1287 1349 1351 1375 ergo
1368 1341 1476 1367 modum
1502 1340 1582 1367 homo
1601 1344 1694 1366 noster
1717 1338 1830 1365 interior

1045 1391 1099 1418 Deo
1115 1389 1234 1425 pontifex
1254 1389 1412 1419 adornetur,
1432 1391 1461 1413 ut
1481 1386 1596 1413 introire
1617 1385 1703 1419 possit
1721 1391 1775 1411 non
1790 1391 1832 1410 so-

1044 1437 1099 1464 lum
1123 1437 1149 1463 in
1177 1439 1285 1466 sancta,
1313 1433 1360 1461 sod
1377 1438 1404 1461 et
1430 1433 1455 1459 in
1481 1432 1579 1459 Sancta
1604 1437 1782 1463 sanctorum;
1805 1434 1831 1456 ut

1045 1483 1130 1518 possit
1156 1481 1231 1508 adire
1249 1479 1465 1515 propitiatoriutn
1490 1478 1535 1505 ubi
1553 1482 1616 1505 sunt
1632 1476 1790 1506 cherubim.
1804 1481 1830 1501 et

1046 1529 1107 1556 inde
1125 1533 1253 1563 appareat
1266 1528 1289 1554 ei
1304 1527 1384 1553 Deus.
1401 1525 1500 1552 Sancta
1517 1527 1630 1558 possunt
1645 1529 1704 1550 esse
1719 1529 1763 1554 ea,
1775 1529 1831 1556 qua:

1046 1576 1071 1602 in
1094 1574 1218 1609 praesenti
1243 1572 1341 1600 sacculo
1358 1571 1460 1598 habere
1479 1573 1573 1597 sancta
1599 1567 1775 1595 cnnvcrsatio
1789 1575 1831 1601 po-

1046 1625 1108 1647 test.
1121 1619 1220 1646 Sancta
1235 1626 1298 1645 vero
1314 1621 1481 1649 sanctorum,
1496 1615 1522 1641 in
1541 1622 1599 1648 qua:
1613 1613 1698 1640 semel
1715 1617 1831 1640 tantum-

1046 1666 1126 1693 modo
1142 1665 1272 1696 intratur,
1289 1663 1321 1690 ad
1337 1662 1436 1690 caelum
1455 1668 1516 1688 esse
1533 1659 1676 1686 transitum
1696 1664 1773 1694 puto,
1789 1658 1829 1684 ubi

1046 1717 1087 1739 est
1113 1710 1341 1746 propitiatorium,
1365 1713 1392 1735 et
1419 1707 1574 1738 cherubim,
1598 1706 1642 1732 ubi
1670 1710 1698 1732 et
1728 1704 1831 1732 mundis

1046 1760 1128 1787 corde
1143 1764 1274 1791 apparere
1288 1755 1386 1790 poterit
1404 1755 1484 1785 Dens,
1500 1753 1541 1780 vel
1557 1752 1621 1787 quia
1640 1751 1772 1778 Dominus
1791 1750 1830 1777 di-

1046 1803 1084 1831 cit
1098 1813 1105 1830 :
1120 1803 1143 1818 “
1159 1811 1168 1827 ‹
1180 1803 1248 1828 Ecce
1265 1807 1376 1834 regnum
1392 1799 1437 1826 Dei
1451 1799 1521 1825 intra
1538 1805 1585 1824 vos
1597 1801 1648 1823 est.
1662 1805 1671 1822 ι
1689 1795 1753 1822 ilmc
1767 1795 1831 1822 inte-

1047 1850 1097 1876 rim
1112 1853 1241 1884 quantum
1257 1845 1289 1873 ad
1307 1851 1426 1880 prtesens
1450 1843 1476 1870 iu
1502 1847 1661 1870 transcursu
1687 1845 1830 1867 accurrere

1047 1895 1171 1923 sensibus
1193 1892 1295 1920 nostris
1311 1891 1408 1927 potuit,
1424 1894 1610 1924 quantumque
1630 1886 1769 1914 moderari
1785 1892 1829 1911 att-

1049 1941 1123 1968 ribus
1149 1939 1285 1975 potuimus
1310 1938 1474 1967 auditorum,
1498 1935 1531 1961 de
1559 1932 1738 1960 tabernaculo
1763 1930 1830 1958 dicta

1048 1988 1114 2018 sint,
1132 1991 1162 2013 ut
1179 1981 1501 2018 unusquisque'nostrum
1521 1979 1628 2007 studeat
1652 1978 1746 2005 facere
1766 1977 1831 2003 intra

1049 2040 1078 2060 se
1094 2030 1295 2059 tabernaculum
1312 2029 1376 2055 Deo.
1389 2026 1446 2054 Non
1460 2025 1533 2053 enim
1550 2024 1651 2052 frustra
1666 2024 1700 2050 de
1715 2022 1834 2058 patribus

1051 2077 1208 2107 refertur“,
1224 2075 1285 2109 quia
1307 2074 1333 2100 in
1355 2071 1540 2100 tabernaculis
1555 2070 1762 2097 habitaverunt.
1780 2067 1832 2100 Ego

1049 2123 1088 2150 sic
1105 2122 1224 2154 intelligo
1239 2119 1375 2147 Abraham
1394 2117 1533 2144 habitasse
1554 2116 1579 2142 in
1597 2113 1795 2142 tabernaculis.
1810 2115 1835 2138 et

1052 2169 1134 2198 isaac,
1157 2171 1183 2193 et
1207 2164 1300 2192 Jacoh.
1320 2163 1537 2190 Construxeruut
1553 2167 1672 2193 namque
1700 2159 1744 2185 isti
1768 2158 1834 2184 intra

216 2203 328 2250 quidam
344 2213 463 2248 pontifex
481 2216 626 2240 exornetur
649 2210 825 2242 indumentis,
846 2215 872 2237 et
889 2210 981 2237 monili

1053 2222 1082 2240 se
1098 2210 1300 2239 tabernaculum
1325 2209 1390 2240 Deo,
1407 2208 1452 2242 qui
1470 2215 1498 2234 se
1516 2206 1600 2233 tantis
1615 2213 1646 2232 ac
1666 2204 1767 2231 talibus
1787 2203 1835 2228 vir-

217 2263 266 2289 hus
283 2259 419 2296 pretiosis,
446 2266 478 2285 ac
501 2258 602 2292 pedere
626 2256 743 2292 byssino.
767 2255 918 2282 indumenti
950 2257 1000 2282 hoc

216 2315 301 2343 genus
326 2310 378 2339 est,
396 2306 466 2340 quod
494 2311 579 2338 usque
596 2303 629 2330 ad
652 2302 735 2337 pedes
759 2301 901 2328 deducitur
915 2306 999 2328 totum

214 2358 364 2388 contegens
390 2358 498 2384 corpus.
525 2349 553 2376 In
584 2357 638 2383 quo
663 2347 834 2381 designatur,
860 2351 887 2373 ut
915 2347 1001 2381 primo

216 2401 339 2427 omnium
357 2402 429 2425 totus
446 2398 481 2424 sit
502 2395 626 2424 castitate
643 2393 767 2420 vestitus.
786 2392 1000 2426 Accipiat‘post-

218 2448 325 2474 lllOtlllnl
356 2450 383 2472 et
408 2444 547 2471 lnunerale
571 2444 756 2476 geminatum,
780 2439 804 2465 in
834 2446 888 2473 quo
914 2437 1003 2473 fulgor

217 2501 327 2529 operum
349 2492 510 2521 collocatur,
527 2493 555 2515 ut
571 2488 693 2514 videntes
710 2485 835 2513 homines
859 2492 940 2519 opera
955 2492 1003 2511 sua

218 2540 392 2575 magniﬁceut
408 2538 514 2564 l’atreui
531 2535 578 2570 qui
602 2534 629 2560 in
646 2532 722 2560 ccelis
746 2537 788 2559 est
797 2530 818 2546 ‘°
838 2530 904 2566 (56).
925 2531 1005 2558 Aeci-

219 2587 276 2620 piat
287 2591 314 2613 et
333 2585 444 2620 legium,
459 2582 530 2618 qttod
557 2579 689 2608 rationale
704 2578 756 2605 dici
777 2582 877 2612 potest,
902 2577 1005 2610 peetori

219 2632 429 2666 superpositum,
444 2634 576 2663 quaterno
592 2625 710 2660 lapidum
724 2623 819 2651 ordine
831 2622 1001 2650 distinctum.

272 2677 295 2693 ³⁸
308 2677 374 2704 Luc.
389 2683 438 2705 xu.
449 2675 493 2702 55.
532 2674 554 2690 ⁸⁸
574 2672 667 2699 Matth.
689 2679 726 2701 vt,
741 2670 787 2696 2‘2.

219 2712 348 2739 “Matth.
371 2719 395 2742 v,
422 2711 465 2737 16.
503 2708 617 2736 “Exod.
643 2705 796 2739 xxvnt,55.

219 2748 247 2776 6.
284 2747 306 2762 ”
318 2746 384 2773 Gen.
403 2753 470 2772 nit.

256 2791 313 2827 (55)
326 2791 410 2822 Alias,
426 2800 434 2816 ι
452 2790 562 2827 utimur.
578 2799 587 2815 ι
598 2788 650 2814 Sed
663 2793 757 2814 omnes
774 2793 850 2817 mss.,
868 2794 877 2810 ι
891 2789 978 2827 nte_ns.
992 2793 1001 2810 ι

257 2820 314 2859 ξείιῦ
335 2828 383 2852 Sic
403 2820 467 2852 mss.
498 2826 570 2851 Alias
587 2830 660 2854 vero,
691 2828 791 2859 «opera
821 2825 908 2859 vestra
935 2820 1003 2846 bona

223 2854 395 2897 insignificant
411 2859 519 2887 Patrem
536 2864 652 2886 vestrum
671 2857 717 2892 qui
738 2857 763 2882 in
781 2854 859 2882 oculis
874 2859 925 2882 est.
940 2863 949 2880 ι

825 2669 847 2684 ³⁸
859 2668 914 2694 .lrr.
931 2676 949 2701 I,
971 2670 1014 2695 15.

833 2703 855 2719 ⁸⁵
872 2703 954 2731 Eccli.
967 2712 1012 2736 vn,
1030 2704 1072 2732 4.).

1056 2264 1139 2285 ιιιιιιιιι
1157 2256 1348 2292 splendoribus
1365 2255 1572 2281 adortmverunt.
1591 2250 1835 2285 Refulgebatnam-

1054 2312 1106 2338 que
1131 2304 1157 2330 in
1180 2303 1219 2330 eis
1246 2302 1350 2336 insigne
1368 2301 1471 2335 regium
1488 2305 1617 2333 purpura,
1636 2300 1749 2331 propter
1770 2294 1835 2329 quod

1055 2350 1195 2377 dicebatur
1211 2349 1242 2375 ad
1267 2348 1402 2375 Abraham
1419 2354 1434 2373 a
1459 2345 1521 2372 ﬁliis
1538 2343 1638 2371 lleth“
1653 2351 1659 2368 :
1675 2342 1697 2368 Α
1721 2341 1774 2368 θέο
1794 2345 1836 2365 rex

1055 2397 1082 2422 in
1103 2395 1175 2422 nobis
1205 2400 1233 2421 tu
1253 2402 1289 2420 ea.
1314 2392 1480 2428 Splendebat
1502 2396 1529 2417 et
1551 2396 1648 2416 coccus
1666 2397 1674 2414 :
1695 2391 1836 2422 propterea

1055 2442 1126 2468 enim
1152 2441 1184 2467 ad
1206 2439 1382 2475 iugulandum
1405 2437 1481 2464 duxit
1507 2436 1562 2462 Deo
1583 2434 1705 2465 unicum,
1724 2437 1751 2459 et
1777 2437 1837 2465 pro-

1056 2493 1146 2522 pterea
1163 2488 1284 2514 dextram
1301 2485 1372 2512 illitis
1394 2483 1508 2518 angelus
1526 2480 1656 2508 tenuit“.
1675 2477 1838 2514 Splendebat

1057 2534 1228 2569 hyacinthi“,
1241 2540 1301 2558 cum
1315 2530 1414 2558 malum
1430 2536 1536 2563 semper
1554 2528 1662 2554 intuens
1675 2525 1738 2552 (celi
1753 2522 1838 2550 Domi-

1056 2587 1119 2606 num
1141 2579 1316 2612 sequebatur.
1344 2575 1396 2602 Sed
1418 2580 1445 2601 et
1464 2571 1608 2600 iucmteris
1619 2570 1746 2598 similiter
1760 2573 1838 2595 orna-

1058 2624 1148 2650 batur.
1167 2623 1221 2656 ligo
1237 2622 1276 2648 sic
1295 2620 1415 2654 intelligo
1431 2624 1457 2645 et
1478 2619 1549 2644 diem
1564 2616 1660 2643 festum
1677 2614 1837 2641 tabernaru-

1053 2670 1074 2685 ³⁷
1089 2670 1094 2695 Ι
1114 2670 1184 2695 l‘etr.
1208 2675 1233 2699 v,
1250 2667 1276 2694 8.
1316 2666 1338 2681 ³⁸
1352 2665 1452 2692 llabac.
1477 2671 1514 2692 In,
1531 2663 1557 2689 5.
1581 2662 1619 2699 7"
1633 2661 1727 2699 ll_(‘.9r.
1753 2667 1781 2686 ιι.
1795 2659 1836 2687 15.

1113 2706 1134 2720 ’³
1147 2705 1211 2730 Luc.
1228 2696 1299 2734 '.\vu,
1313 2701 1358 2728 '21.
1372 2714 1384 2724 ι
1397 2700 1419 2715 ⁸³
1431 2699 1514 2726 llebr.
1527 2706 1562 2729 xu,
1577 2698 1602 2724 9.
1643 2697 1666 2712 ⁸⁵
1678 2696 1750 2722 Gen.
1765 2701 1838 2727 χχιιι,

1093 2783 1149 2817 (57)
1175 2780 1419 2817 Malim-stationem
1438 2783 1467 2817 et
1488 2777 1630 2804 veritatem
1653 2772 1840 2817 5ﬁ1_w'1_t‘v_mi

1057 2810 1310 2853 ἀλῆθείανψνυιᾙιιι
1340 2815 1409 2842 LXX
1437 2815 1609 2848 lnterprctcs,
1635 2811 1706 2846 quotl
1740 2810 1839 2836 llchrxi

1060 2851 1132 2880 (Irim
1151 2858 1172 2880 et
1191 2851 1332 2878 Tummim.
