1902 3063
67 126 113 154 369
660 125 691 152 IN
713 120 857 151 exoouu
875 119 1015 148 ll0.\llLlA
1034 119 1066 147 Χ.

1636 121 1689 149 570

68 186 151 212 lorum
165 185 210 220 qui
229 185 376 213 mandatur
394 187 420 214 in
434 186 502 221 lege,
520 190 549 213 ut
563 190 640 212 exeat
653 185 766 219 populus
779 188 852 210 certa
868 183 890 212 Α
906 182 1007 215 scripta
1034 179 1189 207 referuntur
1206 189 1212 206 :
1231 189 1239 205 ι
1253 179 1328 213 Quod
1357 179 1377 207 si
1407 180 1523 212 steterit,
1551 181 1637 215 inquit
1653 183 1687 214 ",

69 232 109 258 die
129 232 204 262 anni,
218 236 246 257 et
270 232 296 258 in
317 232 500 259 tabernaculis
514 231 628 263 habitet,
646 230 749 257 habens
763 236 853 256 ratnos

69 277 231 311 pabuarnm,
252 281 279 302 et
299 275 412 303 frondes
426 276 518 303 salicis
542 284 573 303 ac
595 275 696 310 populi,
714 280 741 302 et
764 282 853 301 ramos

69 321 172 348 arboris
185 321 321 348 frondosa:
330 322 363 348 ⁸⁷.
374 322 462 348 Palma
474 322 591 349 vict0riaa
607 322 712 356 signum
727 326 767 348 est
781 319 853 348 illius

67 367 139 398 belli,
154 368 226 401 quod
254 367 323 394 inter
339 375 368 394 se
384 375 447 394 caro
467 373 493 394 et
512 368 624 401 spiritus
645 370 741 402 gerunt
767 367 854 392 Arbor

68 417 157 438 autem
175 412 300 446 populus,
317 418 343 439 et
365 412 443 445 salix,
461 417 514 439 tam
531 413 630 439 virtute
647 419 725 446 quam
743 411 852 438 nomine

68 457 184 490 virgulta
210 463 274 483 sunt
289 458 433 485 castitatis.
454 458 518 490 Qum
538 457 560 485 si
578 458 683 492 integre
696 465 852 490 conserves,

67 503 168 530 habere
193 508 271 537 potes
288 508 314 530 et
339 511 490 531 nemorosa:
515 511 548 531 ac
572 503 724 530 frondentis
748 503 854 530 arboris

67 555 171 580 ramos,
186 555 247 581 quae
267 553 309 575 est
327 553 426 575 mterna
447 553 474 576 et
491 549 567 576 beata
590 549 657 581 vita,
679 556 740 575 cum
759 553 785 576 te
801 548 852 575 Do-

67 594 158 621 minus
171 594 199 621 in
214 594 272 621 loco
288 595 366 621 viridi
390 594 563 622 collocaverit
586 602 668 629 super
691 602 787 629 aquam
809 603 852 621 re-

67 639 208 673 fcctionis,
227 647 274 674 per
289 640 424 667 Christum
439 639 530 667 Jesum
558 640 700 667 Dominum
720 645 851 671 nostrum,

66 685 108 710 cui
131 691 173 712 est
192 685 278 720 gloria
301 690 328 713 et
352 685 494 720 imperium
516 685 543 712 in
568 685 665 713 smcula
680 685 851 714 saeculorum.

66 730 165 757 Amen.

361 775 498 804 ilOlllLlA
521 776 554 803 Χ.

67 820 103 848 De
117 821 229 849 muliere
241 828 402 858 pra’gnante,
417 831 475 856 qua:
489 824 589 850 duabus
606 823 668 850 viris
683 823 850 857 litigantibus

381 858 543 885 abortiverit.

101 913 125 940 Ι.
147 921 157 938 ι
170 913 247 949 Quod
265 913 286 941 si
314 913 458 949 litigabunt
472 915 524 941 duo
543 915 604 947 viri,
621 919 646 941 et
667 915 853 949 percusseriut

66 959 207 986 mulierem
226 964 421 994 praegnantem,
442 965 469 987 et
483 961 581 987 exierit
597 959 685 988 infans
707 961 765 994 ejus
783 969 852 988 non-

65 1006 125 1031 dum
145 1004 290 1037 formatus,
309 1006 503 1033 detrimentum
522 1007 639 1041 patietttr
652 1012 784 1041 quantum
808 1008 851 1034 in-

65 1051 163 1077 dixerit
186 1051 229 1077 vir
251 1051 385 1084 mulieris,
404 1055 430 1079 et
445 1052 518 1079 dabit
534 1060 594 1079 cum
612 1048 723 1080 honore.
742 1052 817 1086 Quod
829 1053 850 1080 si

66 1094 198 1121 formatus
214 1093 305 1128 fuerit,
328 1096 404 1123 dabit
426 1097 543 1124 animam
559 1105 608 1133 pro
628 1099 729 1131 anima,
744 1099 850 1126 oculum

64 1146 110 1172 pro
131 1140 223 1172 oculo,
245 1141 351 1168 dentem
378 1150 426 1176 pro
452 1143 543 1175 dente,
562 1151 670 1170 manum
694 1152 744 1179 pro
759 1152 850 1176 manu,

64 1184 159 1218 pedem
183 1193 233 1220 pro
257 1187 334 1220 pede,
357 1187 559 1215 combusturam
585 1197 633 1223 pro
658 1191 850 1223 combustura,

63 1230 161 1256 vulnus
177 1238 228 1264 pro
244 1231 362 1266 vulnere,
387 1232 499 1260 livorem
516 1240 565 1267 pro
587 1234 712 1261 livore“.
727 1245 736 1260 ι
760 1234 851 1261 Primo

63 1275 184 1302 ouininm
214 1276 241 1302 in
268 1277 310 1304 his
331 1279 522 1312 requirendum
541 1287 600 1307 esse
623 1286 696 1314 puto,
720 1281 770 1308 sub
797 1288 851 1315 quo

64 1319 129 1354 legis
145 1321 227 1348 titulo
241 1322 393 1355 hujusmodi
412 1328 512 1351 statuta
529 1331 684 1352 censentur.
703 1326 782 1361 106
794 1326 850 1353 Non

63 1367 146 1399 enim,
169 1372 198 1393 ut
221 1367 434 1402 simplicioribus
459 1370 576 1404 videtur,
599 1376 696 1398 cuncta
716 1379 776 1406 qua:
796 1377 852 1400 sta-

64 1415 178 1438 tuuntur
191 1412 235 1438 lex
251 1413 359 1446 dicitur,
378 1415 426 1441 sed
450 1415 572 1449 quaedam
587 1417 696 1451 quidem
712 1417 766 1450 lex,
778 1426 852 1452 qum-

64 1457 124 1482 dam
140 1457 310 1491 testimonia,
326 1458 378 1485 alia
399 1460 525 1487 mandata
541 1465 568 1488 et
586 1461 709 1495 justitize,
726 1463 850 1498 quzedant

61 1499 161 1532 judicia
177 1503 360 1537 appellantur.
376 1505 452 1538 Quod
465 1505 616 1533 evidentius
631 1507 656 1534 in
674 1515 756 1534 unum
770 1508 852 1535 colle-
864 1523 887 1555 ο

63 1551 147 1578 ctum.
157 1553 270 1575 octavus
282 1548 405 1576 decitnus
413 1551 509 1578 edocet
519 1551 647 1586 psalmus,
661 1560 721 1579 cum
735 1552 846 1580 dicit":

65 1600 74 1616 ι
90 1591 145 1619 Lex
161 1592 268 1620 Domini
280 1594 538 1629 irreprehensibilis,
552 1601 715 1624 convertens
725 1597 847 1625 animas:

63 1639 251 1666 testimonium
279 1640 386 1668 Domini
413 1642 503 1674 fidele,
531 1643 690 1677 sapientiam
716 1649 850 1678 praestans

62 1684 194 1716 parvulis.
213 1684 330 1712 Justitia:
356 1686 461 1714 Domini
478 1688 743 1716 rectteltetilicantcs
756 1689 848 1721 corda,

62 1734 228 1764 praeceptum
245 1731 351 1759 Domini
373 1732 491 1760 lucidum
512 1734 667 1761 illuminans
683 1735 786 1762 oculos.
803 1735 849 1762 Ti-

63 1782 120 1801 mor
132 1775 243 1802 Domini
258 1781 369 1804 sanctus
383 1785 545 1812 permanens
560 1779 587 1806 in
605 1780 734 1807 saeculum
747 1780 849 1814 smculi,

60 1821 162 1854 judicia
181 1822 286 1850 Domini
300 1831 374 1857 vera,
389 1825 537 1858 justilicata
550 1827 577 1853 in
590 1827 745 1862 semetipsa.
759 1837 768 1853 ι
783 1828 850 1856 Cum

61 1874 128 1901 ergo
145 1868 207 1895 istm
230 1868 400 1897 diversitates
424 1878 517 1899 eorum
543 1880 602 1907 quas
621 1873 646 1899 in
663 1873 722 1908 lege
747 1878 849 1901 statuta

62 1918 136 1946 sunt,
156 1914 320 1948 habeantur,
344 1924 416 1944 nunc
435 1924 524 1944 sermo
546 1918 591 1952 qui
615 1918 731 1946 habetur
750 1919 776 1946 in
794 1927 850 1947 ma-
874 1943 877 1946 .

62 1959 155 1990 uibus,
181 1960 234 1986 sub
261 1961 339 1988 titulo
366 1961 533 1995 justitiarum
559 1964 602 1990 vel
624 1963 849 1999 justiticationum

62 2004 184 2038 scriptus
209 2010 262 2032 est.
288 2006 333 2033 Sic
356 2007 428 2034 enim
447 2007 512 2034 dicit
535 2008 689 2042 superius"
703 2018 710 2036 :
725 2018 735 2035 ι
751 2009 785 2036 Et
809 2010 851 2036 Ine

60 2049 185 2082 iustitiae,
201 2059 269 2085 quas
281 2059 415 2087 propones
426 2053 513 2088 palam
534 2054 584 2081 eis.
598 2063 607 2080 ι
626 2053 683 2082 Νοη
701 2060 743 2083 est
758 2060 848 2083 autem

62 2097 206 2129 praesentis
221 2098 349 2131 temporis
367 2098 576 2133 uniuscujusque
599 2101 696 2128 horum
713 2109 851 2136 exponere

63 2142 245 2173 differentias.
265 2143 401 2178 exigimur
417 2145 488 2177 enim
513 2145 547 2172 ad
562 2146 782 2180 explanationem
801 2148 851 2176 ho-

906 227 981 253 testis
1001 226 1120 259 iniquus,
1138 221 1318 253 testimonfhm
1336 225 1426 253 ferens
1443 227 1586 253 adversum
1602 227 1689 254 horni—

904 281 965 299 nem
992 273 1024 299 de
1051 273 1209 307 impietate,
1238 277 1390 299 statuetttur
1418 273 1524 306 utrique
1551 273 1687 305 homines,

903 317 1000 351 quibus
1024 322 1065 343 est
1089 317 1289 348 controversia,
1316 322 1378 343 ante
1395 316 1548 348 Dominmn,
1572 323 1599 344 et
1626 323 1689 345 ante

904 362 1070 393 sacerdotes,
1093 367 1120 389 et
1137 368 1200 389 ante
1223 361 1339 395 iudices,
1355 363 1510 397 quicunque
1533 363 1568 389 illi
1588 363 1689 391 fuerint

905 408 931 434 in
946 407 1052 434 diebus-
1066 407 1130 438 illis,
1149 411 1175 434 et
1202 407 1345 434 discutient
1364 408 1468 442 iudices
1487 409 1644 442 diligenter,
1659 413 1688 435 et

904 452 1111 479 examinabuut.
1129 452 1161 480 Et
1179 453 1201 479 si
1225 453 1379 481 invenerint
1394 455 1456 488 quia
1479 455 1554 481 testis
1580 454 1688 488 iniquus

905 501 1020 525 testatus
1034 502 1075 524 est
1093 497 1201 531 injuste,
1222 503 1249 525 et
1269 499 1389 525 surrexit
1413 499 1559 525 adversum
1574 498 1686 526 fratrem

904 551 993 575 suum,
1013 542 1121 570 facietis
1143 543 1166 570 ei
1189 544 1415 578 quemadmodum
1439 544 1495 578 ipse
1516 551 1629 572 conatus
1645 549 1686 572 est

904 588 995 616 facere
1014 588 1090 616 fratri
1106 597 1165 621 suo,
1188 595 1215 616 et
1229 589 1358 616 auferetis
1382 590 1528 624 malignum
1550 591 1581 617 de
1600 592 1687 618 medio

905 640 1036 667 vestrum,
1061 639 1088 662 ut
1116 635 1206 662 caeteri
1233 635 1375 662 audientes
1401 641 1500 662 metum
1519 637 1647 668 habeant,
1660 641 1688 664 et

904 688 957 708 non
975 680 1104 715 adjiciunt
1130 680 1199 707 ultra
1226 680 1316 707 facere
1341 682 1490 708 secundum
1505 682 1616 708 verbum
1637 682 1688 709 hoc

904 726 1002 752 malum
1028 726 1098 753 inter
1119 733 1177 752 vos.
1203 725 1262 754 Non
1288 732 1383 761 parcet
1401 727 1495 754 oculus
1520 731 1582 754 tuus
1606 734 1687 761 super

903 778 976 803 eum,
991 771 1108 798 animam
1119 779 1167 806 pro
1180 771 1282 804 anima,
1296 771 1401 798 dentem
1414 779 1463 806 pro
1475 772 1564 804 dente,
1579 780 1687 799 manum

904 824 954 852 pro
970 825 1061 850 manu,
1079 818 1173 852 pedem
1195 825 1244 852 pro
1270 817 1349 852 pede.
1362 826 1372 844 ο
1390 817 1520 844 Videntur
1535 818 1643 852 quidem
1661 818 1686 844 in

869 862 888 888 Β
905 868 1020 898 utroque
1049 862 1108 890 loco
1136 863 1236 890 similia
1264 863 1328 896 dici,
1354 871 1407 890 non
1434 868 1523 890 tamen
1548 863 1688 890 evidenter

903 909 1056 936 ostenditur
1075 917 1107 936 ex
1132 917 1185 944 quo
1212 909 1382 944 potissimum
1407 909 1466 937 loco
1488 917 1578 937 sermo
1594 910 1640 944 qui
1661 910 1686 936 iu

904 955 1050 990 Evangelio
1062 957 1166 990 positus
1181 961 1234 988 cst,
1247 957 1372 984 videatur
1386 961 1552 991 assumptus,
1568 963 1630 983 eum
1646 955 1688 983 di-

903 1001 971 1028 cit"
986 1010 993 1028 :
1009 1011 1018 1027 ε
1033 1002 1101 1035 Quia
1114 1003 1230 1030 audistis
1241 1003 1315 1037 quod
1332 1003 1432 1030 dictum
1444 1008 1485 1030 cst
1498 1012 1503 1029 :
1517 1002 1629 1030 Oculum
1640 1010 1688 1037 pro

903 1047 991 1078 oculo.
1008 1047 1115 1074 dentem
1132 1056 1180 1083 pro
1194 1049 1282 1077 dente.
1295 1059 1304 1075 ι

936 1093 964 1119 Ξ.
980 1092 1172 1120 Verumtamen
1185 1102 1256 1122 nunc
1270 1094 1304 1121 ad
1328 1101 1359 1121 ea
1375 1102 1436 1129 quae
1452 1094 1530 1122 nobis
1547 1096 1572 1121 in
1595 1094 1687 1121 Exodo

903 1140 1003 1172 scripta
1018 1143 1092 1171 sunt,
1109 1146 1199 1166 sermo
1215 1140 1358 1167 vertendus
1371 1146 1422 1174 est,
1440 1141 1484 1167 ubi
1500 1141 1552 1168 duo
1565 1140 1615 1167 viri
1629 1140 1685 1166 liti—

903 1188 978 1218 gant,
1002 1188 1029 1211 et
1054 1184 1208 1218 percutiunt
1224 1185 1364 1212 mulierem
1384 1190 1578 1220 praegnantem,
1599 1189 1626 1213 et
1649 1185 1687 1212 ita

904 1230 1067 1263 percutiunt,
1083 1234 1111 1256 ut
1126 1234 1205 1256 exeat
1218 1229 1305 1257 infans
1317 1238 1349 1258 cx
1363 1238 1406 1263 ea,
1420 1231 1460 1258 vel
1476 1230 1608 1257 formatus
1621 1231 1685 1266 jam,

905 1274 945 1302 vel
967 1275 1086 1302 nondum
1103 1275 1245 1303 formatus.
1270 1276 1390 1303 Primum
1416 1277 1524 1311 quidem
1545 1277 1688 1303 videamus

903 1320 935 1347 de
947 1328 980 1348 eo
994 1321 1040 1355 qui
1064 1322 1184 1348 nondum
1210 1322 1340 1349 formatus
1364 1322 1472 1355 exierit,
1492 1322 1626 1357 quomodo
1644 1322 1688 1356 ju-

902 1365 980 1392 hctur
996 1366 1096 1394 danmo
1113 1367 1233 1401 pecunia:
1254 1368 1359 1401 percuti
1383 1375 1453 1395 unus
1469 1375 1501 1395 ex
1518 1369 1560 1395 his
1575 1368 1620 1403 qui
1633 1368 1689 1395 liti-

903 1417 976 1446 gant,
1001 1420 1062 1440 cum
1087 1421 1104 1440 a
1127 1413 1270 1448 Scriptura
1293 1413 1372 1448 culpa
1389 1413 1453 1445 litis,
1470 1422 1523 1441 non
1542 1414 1575 1441 ad
1593 1422 1686 1446 unum,

902 1459 948 1486 sed
975 1459 1008 1486 ad
1035 1464 1179 1494 utrumque
1203 1459 1358 1487 referatur?
1376 1460 1445 1493 Quid
1461 1461 1542 1488 etiam
1559 1461 1631 1495 quod
1646 1462 1686 1489 vir

904 1505 1027 1532 mulieris
1041 1506 1145 1538 indicit,
1165 1506 1207 1533 vel
1222 1506 1338 1539 imponit
1355 1506 1390 1538 ei,
1408 1511 1435 1533 et
1454 1514 1507 1533 non
1524 1506 1580 1534 eis?
1595 1511 1621 1534 et
1638 1507 1689 1533 da-

905 1550 953 1583 bit,
969 1555 996 1578 et
1011 1559 1063 1579 non
1076 1551 1165 1586 potius
1182 1552 1286 1579 dabunt
1300 1559 1360 1579 cum
1378 1552 1497 1580 honore?
1513 1553 1548 1580 Et
1563 1553 1625 1586 quis
1638 1553 1688 1580 isto

903 1601 946 1624 est
969 1597 1072 1624 honor?
1097 1597 1172 1631 Quod
1199 1597 1222 1625 si
1239 1598 1327 1625 infans
1347 1598 1403 1634 jam
1430 1599 1562 1625 formatus
1577 1598 1687 1632 exierit,

904 1650 1032 1677 percussa
1055 1651 1070 1670 a
1098 1643 1266 1678 litigantibus
1286 1643 1352 1670 viris
1378 1649 1535 1680 prmgnante
1563 1644 1686 1676 muliere,

904 1688 1021 1715 animam
1036 1688 1092 1715 dari
1109 1696 1157 1723 pro
1169 1689 1257 1716 anima
1280 1689 1359 1716 facile
1374 1690 1560 1724 intelligimus,
1579 1690 1629 1717 hoc
1645 1695 1688 1717 est

904 1737 934 1759 ιιι
957 1738 1044 1760 morte
1075 1734 1226 1761 vindicetur
1252 1735 1412 1762 admissum.
1441 1734 1507 1768 Qua:
1535 1740 1689 1769 sequuntur

904 1783 1005 1812 autent,
1022 1786 1109 1814 operae
1122 1779 1236 1814 pretium
1251 1784 1291 1806 est
1306 1780 1447 1814 explicare
1464 1789 1471 1807 :
1490 1790 1498 1805 ε
1510 1780 1621 1807 Oculum
1638 1788 1689 1814 pro

904 1823 994 1856 oculo,
1016 1824 1122 1851 dentem
1150 1832 1199 1858 pro
1223 1824 1336 1851 dente.)
1367 1824 1459 1858 Neque
1487 1825 1558 1851 enitn
1579 1824 1689 1851 videtur

904 1876 963 1896 esse
989 1869 1126 1903 possibile,
1156 1873 1185 1896 ut
1212 1869 1301 1896 infans
1325 1877 1404 1904 quem
1435 1877 1562 1904 percussa
1590 1870 1689 1897 mulier

904 1915 1054 1948 abortierit,
1073 1915 1199 1949 quamvis
1223 1916 1354 1942 formatus
1378 1915 1487 1948 exierit,
1505 1915 1688 1950 intelligamus

904 1961 975 1996 quod
986 1960 1034 1988 viri
1049 1960 1178 1995 litigantis
1190 1961 1265 1988 calce
1279 1967 1424 1995 percussus
1435 1960 1542 1987 oculum
1556 1960 1581 1987 in
1595 1965 1689 1987 ventre

905 2007 1061 2042 perdiderit,
1078 2014 1128 2042 pro
1148 2014 1202 2041 quo
1225 2013 1369 2040 percussor
1381 2005 1439 2042 (58)
1458 2005 1548 2033 orbari
1567 2006 1648 2033 oculo
1673 2015 1688 2034 a

902 2051 1038 2086 iudicibus
1057 2053 1164 2080 debeat.
1189 2051 1240 2078 Sed
1269 2059 1348 2086 pone,
1376 2051 1412 2078 sit
1427 2056 1453 2079 et
1477 2052 1539 2083 hoe,
1556 2052 1617 2086 quia
1633 2052 1688 2086 jam

905 2099 1036 2125 formatus
1055 2097 1183 2130 refertur,
1202 2098 1265 2132 quid
1280 2101 1306 2124 et
1318 2097 1350 2124 de
1367 2097 1446 2125 dente
1460 2097 1598 2125 dicemus?
1612 2097 1688 2124 Nun-

905 2143 970 2178 quid
988 2144 1013 2171 in
1029 2148 1123 2171 ventre
1145 2144 1242 2171 matris
1258 2143 1353 2171 dentes
1376 2144 1481 2177 habuit,
1505 2152 1574 2178 quos
1589 2152 1689 2179 percu-

63 2195 122 2214 rum
137 2195 199 2223 qua:
215 2188 283 2215 lecta
297 2194 369 2216 sunt.
387 2189 535 2218 Sciendum
551 2199 616 2219 sane
630 2197 668 2220 est
687 2193 760 2228 quod
785 2201 850 2228 pars
867 2200 889 2227 ι)
908 2191 999 2218 tientis
1014 2191 1082 2218 ictus
1095 2191 1252 2218 excuteret?
1274 2190 1302 2217 Si
1327 2197 1390 2218 vero
1416 2191 1468 2218 hoc
1484 2191 1637 2218 referamus
1654 2192 1687 2218 ad

63 2234 153 2268 aliqua
171 2242 205 2261 ex
230 2234 273 2261 his
294 2235 328 2262 de
346 2235 444 2270 quibus
458 2236 642 2264 disserendum
661 2238 739 2266 nobis
753 2244 806 2273 est,
822 2239 850 2266 in

65 2279 212 2315 Evangelio
227 2283 377 2307 secundum
396 2281 550 2309 Matthaeum
573 2283 657 2317 posita
678 2288 728 2316 est,
744 2284 852 2312 dicente

66 2325 180 2353 Domino
205 2327 258 2353 hoc
287 2326 416 2353 modo":
431 2327 572 2355 «Audistis
598 2328 660 2362 quia
686 2328 787 2356 dictum
809 2334 852 2357 est

65 2372 331 2406 antiquis:0culum
358 2380 407 2407 pro
432 2373 521 2405 oculo,
548 2375 655 2401 dentem
684 2382 732 2409 pro
757 2375 849 2404 dente.

65 2416 120 2451 Ego
135 2422 228 2444 autem
245 2418 307 2444 dico
321 2418 407 2452 vobis,
424 2426 477 2446 non
504 2420 633 2446 resistere
648 2420 729 2448 malo.
753 2421 806 2449 Sed
828 2423 852 2450 si

65 2463 125 2496 quis
142 2468 169 2490 te
184 2463 350 2498 percusserit
375 2464 402 2490 in
419 2465 540 2492 dextram
557 2466 706 2500 maxillam,
723 2473 854 2496 eonvette

67 2508 89 2535 ei
103 2514 130 2536 et
144 2509 272 2536 alteram.
283 2519 292 2536 ι
310 2510 364 2537 Sed
389 2510 514 2548 fortassis
528 2512 574 2546 qui
591 2511 748 2546 Seripturas
762 2519 853 2542 atten-

68 2555 116 2581 tius
130 2555 205 2590 legit,
220 2556 293 2583 dicat
307 2563 339 2583 ea
356 2564 417 2590 quae
429 2557 462 2584 de
475 2557 622 2592 Evangelio
637 2559 738 2593 scripta
753 2568 855 2587 memo-

68 2602 196 2633 ravimus,
210 2609 262 2629 non
277 2603 311 2630 de
327 2603 380 2630 hoc
395 2603 480 2629 Exodi
497 2608 604 2638 sumpta
622 2604 692 2638 loco,
706 2606 752 2633 sed
768 2608 855 2641 magis

69 2645 276 2681 Deuteronomii,
295 2648 341 2676 ubi
368 2648 544 2676 nihilominus
567 2650 618 2677 hoc
633 2652 712 2678 modo
731 2653 853 2686 qutedam

100 2726 280 2755 "Deut.xvt.
318 2727 441 2753 “Exod.
474 2735 516 2755 xxt
545 2729 596 2760 23,
627 2730 677 2760 Ἡ,
699 2730 744 2756 25.

68 2760 88 2776 ’⁸
101 2762 174 2789 Deut.
190 2770 248 2797 xix,
276 2762 319 2795 l6,
343 2762 388 2794 l7,
411 2762 454 2794 18,
472 2762 515 2795 Li,
529 2763 574 2795 ‘20,
587 2764 633 2792 2|.

672 2732 805 2780 ."lemf’
816 2733 951 2780 135.9:th,
965 2736 990 2768 8,
1000 2735 1027 2768 9,
1046 2735 1086 2762 10.

709 2765 802 2794 Matth.
813 2776 846 2801 Iv,
860 2769 904 2796 58.

905 2245 965 2265 cam
980 2245 1039 2272 qua:
1056 2237 1206 2271 abortierit,
1219 2238 1354 2272 quomodo
1374 2245 1468 2264 rursus
1489 2238 1643 2270 conveniet,
1660 2244 1690 2265 ut

906 2284 1044 2312 abortiens
1059 2284 1153 2312 mulier
1164 2285 1271 2313 oculum
1287 2285 1394 2319 perdat,
1407 2288 1453 2312 aut
1469 2284 1564 2312 dentes
1579 2284 1690 2312 doleat?

906 2329 958 2357 Sed
975 2338 1043 2364 pone
1068 2331 1130 2365 quia
1148 2339 1276 2364 percussa
1301 2332 1409 2358 dicatur
1433 2332 1460 2358 in
1476 2331 1568 2363 oculo,
1592 2336 1639 2357 aut
1660 2331 1687 2357 iu

906 2376 996 2408 dente,
1011 2383 1037 2403 et
1054 2376 1115 2404 inde
1127 2384 1210 2404 causa
1228 2378 1341 2405 aborsus
1357 2383 1450 2405 exorta
1467 2377 1515 2409 sit,
1533 2384 1602 2411 pone
1618 2376 1688 2404 livo-

908 2430 973 2454 rem,
993 2430 1061 2457 pone
1085 2423 1181 2450 vulnus
1208 2425 1354 2459 acceperit,
1370 2423 1436 2459 quid
1462 2424 1544 2450 etiam
1568 2423 1690 2450 dicemus

908 2469 1108 2496 conibusturam
1127 2477 1176 2504 pro
1199 2469 1394 2498 combustura?
1410 2469 1537 2504 Nunquid
1560 2467 1690 2502 litiganti-

907 2515 957 2542 bus
972 2514 1037 2542 viris
1051 2515 1182 2542 assistens
1199 2515 1296 2543 mulier
1311 2515 1433 2542 comburi
1448 2515 1546 2549 potuit,
1565 2519 1594 2540 ut
1615 2521 1691 2541 com-

908 2560 1017 2588 bustura
1033 2568 1082 2594 pro
1103 2560 1278 2588 combustura
1293 2560 1432 2588 solvatur?
1447 2560 1513 2593 Quae
1530 2564 1619 2587 tamen
1633 2559 1691 2587 sin-

908 2607 968 2641 gula
984 2606 1112 2634 videntur
1135 2607 1200 2635 mihi
1227 2614 1276 2634 nec
1300 2606 1327 2632 in
1352 2606 1553 2634 Deuteronomii
1575 2608 1684 2642 quidem

908 2653 983 2686 locis,
1003 2654 1048 2689 ubi
1062 2653 1187 2682 similiter
1203 2654 1304 2688 scripta
1327 2652 1492 2688 referuntur,
1512 2652 1619 2681 facilem
1640 2654 1687 2680 ha-

1126 2735 1148 2751 ¹⁰
1163 2734 1247 2763 Exod.
1260 2742 1315 2769 xxI,
1330 2735 1354 2762 l.
1396 2734 1417 2750 "
1433 2733 1527 2763 Matth.
1546 2743 1573 2770 v,
1587 2737 1633 2771 38,
1647 2735 1690 2764 59.

99 2821 153 2857 (-58)
166 2821 194 2850 in
206 2823 288 2851 editis
302 2822 382 2851 deest
395 2828 445 2848 vox
461 2829 607 2856 percussor,
623 2829 682 2857 qua:
706 2825 839 2860 reperitur
856 2826 883 2855 in
899 2835 962 2855 mss.
