1902 3063
223 135 273 164 571

948 136 1108 165 ORIGENIS

1800 136 1855 164 3:7'2

228 196 290 222 here
300 193 402 221 exitum
415 201 503 228 posse.
513 193 645 221 Ponantus
655 193 728 220 enirtt
739 197 766 220 ct
777 193 1008 222 ibiexsurrexisse
1024 194 1168 226 Adeatur,
1194 193 1265 226 quod
1291 193 1365 220 viros
1385 200 1483 228 parere
1511 193 1642 226 diximus,
1668 192 1724 226 jam
1749 194 1855 221 dudum

226 245 322 267 testem
336 239 468 274 iniquum,
488 238 670 265 testimonium
688 237 785 265 falsum
808 238 943 266 dicentem
959 240 1009 267 ad~

225 291 334 311 versum
351 284 483 310 hominem
499 284 531 310 de
544 283 692 317 impietate.
709 283 881 311 Adhibeatur
894 288 1009 318 uterque

214 330 335 363 ,judicio,
349 329 486 363 ittquirant
497 327 605 363 judices
620 327 774 363 diligenter,
800 328 1008 363 deprehendant

224 380 409 403 accusatorem
433 374 473 401 vel
498 378 593 401 testent
618 374 693 400 illum
718 373 784 401 falsa
806 374 1009 409 dixissezquo-

226 421 304 447 utodo
320 420 405 454 judex
427 420 472 454 qui
495 426 606 453 parcere
623 426 676 446 ttou
701 419 780 447 debet
798 419 867 446 falso
891 420 966 452 testi,
981 425 1009 446 et

222 466 339 492 animam
361 465 399 492 rei
421 473 470 500 pro
496 465 647 492 innocentis
670 464 758 492 anima
774 464 919 498 damnare;
942 472 1010 499 quo~

223 512 314 544 modo,
332 512 459 546 inquant,
486 511 585 546 poterit
610 511 692 538 etiam
719 511 827 538 oculunt
854 519 904 546 pro
928 512 1009 540 oeulo

221 557 364 584 eximere?
378 557 462 590 Quasi
480 564 545 584 vero
559 556 582 584 is
600 557 646 591 qui
666 555 763 590 injuste
775 558 964 590 accusabatur,
979 558 1006 584 in

224 603 304 630 oculo
320 603 458 630 Imdcrtdus
473 602 555 630 fuerit
567 603 601 630 ab
619 607 789 636 accusatore,
808 608 854 630 aut
873 604 898 630 in
915 603 1007 636 dente,

221 649 262 676 vel
278 656 369 682 manu,
383 649 425 676 vel
443 649 521 683 pede.
537 649 599 676 Hrec
614 654 704 676 autem
725 656 739 675 a
754 649 831 677 nobis
845 649 915 676 dicta
932 655 1006 683 sunt,

221 695 367 722 ostendere
391 695 551 727 volentibus,
574 694 648 730 quod
676 695 702 722 in
726 699 841 729 utroque
865 695 923 722 loco
946 703 1006 730 qua:

222 740 322 774 scripta
336 744 411 773 sunt,
425 741 538 768 edisseri
561 749 613 768 nort
637 741 714 768 facile
728 745 841 775 queant.
856 740 1006 774 Oportebat

223 786 294 812 enim
315 786 390 820 prius
408 788 555 813 secundum
580 786 720 814 historiam
737 786 872 814 discutere
891 793 951 820 quat
964 786 1005 813 le-

221 836 332 864 guntur,
349 837 376 858 et
392 832 440 865 sic,
465 833 592 866 quoniam
611 833 651 860 lett
676 831 804 867 spiritalis
827 835 878 864 est,
895 831 1006 866 spirita-

221 877 274 904 lem
294 877 320 904 in
339 878 380 905 his
395 878 599 913 intelligentiam
615 885 747 913 quaerere.

255 923 282 950 3.
300 923 409 956 Verum,
436 929 566 958 quantum
595 924 627 951 ad
651 931 770 958 przesens
787 927 905 958 spectat,
923 923 1005 950 etiam

221 971 278 1005 ipsa
297 970 375 998 nobis
399 970 535 1005 allegoria:
558 978 631 1004 pars,
649 978 710 1005 qua:
732 977 839 1004 semper
855 975 950 1005 patere
964 970 1004 997 la-

221 1017 273 1042 tius
293 1015 371 1046 solet,
385 1015 410 1042 in
426 1021 570 1050 angustum
587 1015 703 1049 cogitur.
716 1015 830 1048 Tanton,
846 1021 926 1050 prout
943 1024 1006 1050 pos-

218 1069 322 1093 smuus,
338 1061 402 1096 quid
419 1062 496 1088 nobis
511 1061 536 1088 in
554 1061 605 1088 hoc
630 1061 689 1088 loco
706 1061 842 1093 videatur,
857 1060 1006 1092 explanare

219 1106 393 1135 tentabimus.
422 1106 590 1141 Frequenter
615 1107 746 1138 diximus,
771 1107 842 1140 quod
874 1106 900 1133 in
929 1105 1006 1133 Scri-

218 1150 304 1184 pturis
323 1151 424 1178 eisdem
447 1150 596 1183 vocabulis,
612 1151 769 1185 eisdemque
789 1150 897 1183 oﬂiciis,
915 1158 1004 1178 mem-

218 1197 265 1223 bra
297 1195 395 1223 animat
428 1197 623 1228 nominentur,
663 1197 761 1230 quibus
798 1201 930 1228 utuntur,
963 1195 1005 1224 vel

217 1241 388 1276 appellantur
419 1243 541 1276 corporis
570 1242 702 1274 utembra,
739 1242 813 1269 verbi
844 1250 938 1275 causa,
976 1247 1006 1270 ιιι

218 1287 296 1322 167
323 1295 383 1314 cum
412 1287 512 1315 dicitur
527 1288 550 1304 “
566 1297 572 1314 :
591 1296 600 1313 ‹
621 1286 702 1316 Vides
727 1288 859 1315 festucam
875 1289 900 1315 itt
921 1289 1002 1316 oculo

217 1333 311 1360 fratris
328 1333 378 1364 tui,
393 1338 420 1360 et
443 1340 507 1360 ecce
521 1333 547 1360 in
575 1333 655 1361 oculo
668 1337 714 1360 tuo
737 1333 832 1360 trabes
845 1332 976 1368 subjacet.
993 1343 1001 1359 I

217 1377 329 1405 Certum
342 1382 382 1406 est
399 1379 470 1406 enim
483 1380 554 1413 quod
571 1387 624 1406 tton
641 1379 674 1406 de
687 1378 767 1406 oculo
783 1379 907 1413 corporis
920 1379 1004 1412 dicat,

217 1423 245 1449 in
258 1431 314 1458 qtto
330 1425 419 1452 trabes
430 1425 532 1459 jaceat,
549 1426 596 1453 sed
612 1425 645 1452 de
658 1425 738 1452 oculo
756 1425 863 1453 animat.
888 1424 921 1452 Et
940 1433 1002 1452 ettnt

215 1469 282 1497 dicit
298 1470 341 1497 "z
357 1479 366 1495 ι
383 1470 432 1504 Qui
446 1471 525 1498 habet
542 1479 622 1498 aures
632 1471 767 1504 audiendi,
780 1472 889 1506 audiat;
900 1483 909 1499 ι
921 1477 949 1500 ct
961 1472 1000 1499 ":

217 1523 228 1542 ι
244 1516 329 1549 Quam
349 1517 465 1551 speciosi
485 1518 566 1550 pedes
582 1518 829 1553 evangelizantium
851 1519 961 1554 pacem!
989 1528 997 1545 ι

214 1568 241 1590 et
255 1563 336 1590 multa
369 1564 411 1590 his
430 1563 541 1591 similia.
559 1563 621 1591 l|;ec
641 1569 734 1592 autent
754 1565 856 1592 idcirco
868 1565 1001 1600 prmmisi-

216 1617 286 1640 mus,
306 1610 344 1637 uti
361 1617 393 1636 ne
409 1617 492 1644 super
507 1611 689 1638 membrorum
707 1619 756 1638 rios
770 1611 909 1638 vocabulis
923 1612 1000 1638 sinti-

215 1655 301 1682 litudo
328 1657 484 1684 conturbet.
508 1656 569 1684 Sint
590 1664 654 1692 ergo
679 1659 732 1685 duo
756 1658 805 1684 viri
823 1658 865 1685 isti
886 1658 931 1692 qui
947 1658 1000 1684 liti-

215 1707 294 1734 gant,
321 1702 376 1729 duo
399 1703 579 1737 disputantes,
596 1703 667 1730 etde
689 1703 862 1738 dogmatibus
875 1704 917 1731 vel
932 1711 1002 1738 qum-

214 1747 350 1774 etionibus
373 1747 440 1782 legis
469 1756 562 1776 secum
592 1749 708 1776 invicem
735 1749 940 1783 couquirentes,
963 1754 1001 1783 et,

214 1797 245 1821 ut
262 1793 383 1828 Apostoli
411 1801 537 1821 sermone
560 1794 692 1826 dicamus,
709 1794 829 1821 rixantes
849 1795 922 1821 circa
939 1803 1000 1821 ver-

214 1839 312 1867 borum
327 1847 441 1875 pugnas.
463 1839 537 1867 Unde
561 1845 587 1867 et
604 1841 673 1868 idettt
695 1841 841 1876 Apostolus
857 1842 946 1868 sciens
961 1841 1002 1868 itt-

213 1892 254 1913 tcr
271 1886 370 1914 fratres
396 1886 547 1919 bujuSinodi
571 1886 632 1914 lites
651 1894 809 1922 exsurgere,
825 1888 960 1922 praecipit,
975 1891 1003 1914 et

213 1932 314 1959 dicit"
332 1942 339 1960 :
355 1941 364 1958 ‹
395 1932 454 1960 Noli
481 1934 572 1960 verbis
587 1933 763 1966 contendere,
786 1934 818 1960 ad
840 1934 906 1960 nihil
927 1934 1000 1960 enim

213 1979 280 2005 utile
296 1984 349 2012 (εει,
366 1979 417 2005 nisi
452 1979 486 2005 ad
513 1979 716 2006 subversionem
737 1979 922 2013 audientium;
944 1989 953 2005 ι
974 1985 1002 2007 et.

211 2024 275 2051 alibi
290 2025 330 2050 ηε
354 2034 362 2049 ι
380 2024 549 2057 ριιςιιςιίοιιεε
573 2031 662 2052 autent
688 2026 753 2060 legis
771 2026 859 2052 devita
874 2045 881 2058 ,
909 2026 1001 2053 sciens

213 2070 282 2103 quod
299 2074 429 2104 generant
441 2070 510 2097 lites.
524 2071 639 2098 Servum
655 2076 745 2098 autent
761 2071 806 2098 Dei
822 2080 874 2098 tton
894 2076 1000 2106 oportet

215 2115 332 2149 litigare.
351 2125 360 2141 ι
379 2116 446 2148 Quia
462 2123 527 2150 ergo
554 2116 597 2143 isti
618 2117 662 2150 qui
690 2117 715 2144 itt
734 2116 929 2151 qua'stionibus
945 2116 999 2143 liti-

214 2164 289 2194 gant,
303 2161 336 2186 ad
358 2161 563 2188 subversionent
578 2163 746 2189 audientittttt
761 2162 881 2197 litigant,
898 2163 1000 2189 idcirco

212 2207 368 2240 percutiunt
396 2209 536 2236 mulierem
568 2213 764 2244 prmguautcm,
781 2215 809 2236 et
829 2210 942 2244 ejiciunt
955 2211 997 2236 in-
1017 2223 1038 2250 ο

212 2253 313 2279 fantem
325 2253 394 2287 ejus,
412 2254 452 2281 vel
469 2254 613 2281 formatum
629 2254 695 2288 jam,
709 2255 748 2281 vel
763 2256 880 2281 nondunt
898 2255 999 2282 forma-

211 2303 278 2325 tum.
308 2298 402 2326 Mulier
425 2307 567 2334 pratguans
586 2300 687 2326 dicitur
707 2301 808 2333 anima,
830 2308 890 2334 qutc
911 2308 998 2334 nuper

211 2343 259 2370 lJci
283 2344 408 2378 concepit
428 2346 550 2372 verbum.
577 2345 613 2371 De
636 2344 682 2370 tali
708 2350 798 2372 autent
820 2345 998 2378 conceptione

212 2390 327 2424 legimus
352 2390 378 2416 iu
405 2390 459 2417 alio
474 2391 533 2417 loco
549 2392 680 2426 scriptum
696 2392 737 2417 ωε
756 2401 765 2416 ι
785 2392 806 2417 Λ
825 2391 919 2419 timore
938 2397 994 2422 tuo,

211 2434 333 2468 Domine,
351 2435 377 2461 iu
391 2440 466 2462 utero
478 2436 665 2470 concepimus,
680 2441 705 2464 et
727 2437 891 2471 peperitttus.
913 2445 922 2462 ι
943 2435 993 2468 Qui

209 2488 275 2514 ergo
288 2481 454 2515 concipiunt,
470 2486 497 2508 ct
513 2481 604 2508 statim
618 2482 738 2516 pariunt,
751 2483 793 2510 isti
806 2490 854 2509 nec
867 2483 994 2508 mulieres

208 2526 380 2553 existimandi
397 2531 470 2558 sunt,
487 2526 534 2554 seti
551 2527 612 2559 viri,
629 2533 655 2554 et
668 2528 779 2561 perfecti
794 2528 855 2554 viri.
875 2527 995 2562 Denique

210 2571 272 2597 uadi
290 2577 315 2598 ct
330 2574 489 2607 prophetam
513 2574 647 2600 dicentem
660 2575 699 2600 θοι
719 2582 727 2598 ι
744 2573 772 2600 Si
798 2574 902 2608 peperit
922 2579 993 2600 terra

211 2618 236 2643 in
251 2626 302 2644 una
317 2619 371 2650 die,
400 2624 427 2646 et
444 2625 506 2647 nata
521 2626 561 2647 est
585 2629 651 2656 gens
673 2621 705 2647 de
722 2620 813 2647 setncl.
835 2629 843 2645 ν
863 2620 915 2647 lsta
930 2628 994 2655 ergo

210 2668 252 2689 est
269 2665 410 2697 generatio
438 2668 620 2700 perfector-um
654 2675 713 2701 qum
731 2667 821 2693 Statim
834 2667 948 2699 subdie,
966 2671 994 2694 ιιι

209 2714 341 2743 eonccpta
355 2709 447 2744 fuerit,
462 2714 594 2740 nascitur.
612 2713 711 2740 Vcrtutt
735 2721 767 2739 tte
781 2713 827 2739 tibi
840 2721 936 2739 novum
955 2714 993 2740 vi-

244 2775 267 2790 "
284 2775 378 2802 Matth.
403 2785 449 2807 VII,
475 2778 501 2809 3,
519 2779 544 2804 4.

210 2807 253 2836 Η.
293 2811 315 2825 “°
332 2810 380 2836 Ira.
399 2819 470 2843 uti,
485 2807 511 2839 8.

212 2852 264 2878 ut,
284 2846 327 2873 26.

583 2780 605 2795 ⁸⁵
629 2780 721 2806 Matth.
739 2788 797 2810 xttt,
824 2781 848 2806 9.

550 2815 569 2829 '7‘
585 2815 642 2840 Cal.
655 2823 689 2845 tv,
708 2817 748 2841 I‘J.

366 2847 388 2862 ⁵⁸
407 2846 503 2874 lJoan.
523 2856 547 2881 v,
567 2849 608 2876 lo.
650 2851 670 2864 “7
698 2849 766 2876 l’sal.
793 2857 869 2884 sun,
888 2851 928 2877 l5.

889 2781 912 2795 ⁵⁵
928 2781 978 2806 lsa.
994 2788 1041 2809 LII,
1055 2780 1081 2806 7.

806 2817 827 2829 δ’
841 2815 878 2840 Ιμιι
905 2823 1008 2845 “sui,
1039 2815 1065 2841 5.

968 2850 988 2866 ⁸“
1005 2850 1100 2877 Matth.
1113 2857 1177 2877 ΧΗ.

1062 239 1243 273 praemisimus
1262 239 1399 273 quomodo
1433 239 1616 266 membrorum
1641 240 1854 275 appellationem

1060 285 1200 318 suscipere
1212 285 1322 317 debeas,
1339 289 1368 312 ut
1385 285 1498 312 recedas
1521 292 1535 311 a
1558 286 1698 320 corporeis
1712 286 1854 319 sensibus,

1059 330 1238 358 etinterioris
1253 331 1370 358 hominis
1394 331 1486 365 capias
1511 330 1690 359 intellectum.
1710 331 1739 358 Si
1758 337 1854 359 autent

1061 376 1100 403 vis
1116 381 1144 403 ut
1159 376 1249 404 adltuc
1263 380 1290 404 et
1304 377 1329 403 itt
1346 376 1398 404 ltoc
1406 377 1439 404 de
1452 376 1602 411 Scripturis
1613 376 1854 409 tibisatisfaeiant,

1060 421 1122 448 audi
1151 422 1312 456 Apostolum
1343 424 1480 450 dicentem
1496 424 1517 440 ⁶¹
1534 433 1565 451 ει
1587 424 1677 451 Filioli
1694 423 1758 456 mei,
1781 431 1855 458 quos

1060 467 1157 495 iterum
1172 469 1305 503 parturio,
1317 469 1403 496 donec
1415 469 1551 497 formetur
1561 470 1686 498 Christus
1701 470 1727 496 iu
1742 469 1852 496 vobis.»

1060 513 1174 540 Perfecti
1189 521 1255 548 ergo
1271 519 1334 541 sunt
1345 519 1372 542 et
1390 515 1442 543 viri
1459 515 1556 548 fortes,
1568 515 1615 550 qui
1628 516 1719 543 statim
1742 519 1770 543 ut
1785 523 1854 543 cott-

1058 558 1173 592 cipiunt,
1203 559 1324 592 pariunt,
1339 559 1366 587 id
1382 565 1434 593 est,
1449 561 1495 596 qui
1521 566 1682 596 conceptum
1700 561 1762 588 fidei
1787 568 1851 588 ver-

1059 600 1120 628 bum
1141 601 1166 627 in
1189 609 1271 636 opera
1297 603 1464 636 producunt.
1479 603 1576 631 Anima
1600 609 1691 630 autem
1707 611 1768 638 qum
1780 611 1850 631 con-

1059 647 1141 680 cepit,
1154 647 1219 674 etin
1236 653 1330 675 ventre
1345 649 1455 681 retinet,
1474 654 1502 676 et
1519 657 1570 677 non
1590 650 1671 685 parit,
1686 650 1736 678 ista
1751 651 1852 678 mulier

1058 693 1219 727 appellatur,
1244 694 1316 721 sicut
1340 699 1367 721 et
1397 696 1529 730 propheta
1554 696 1619 724 dicit
1635 697 1680 722 6':
1704 706 1713 721 ι
1735 696 1849 723 DoIOres

1058 743 1150 773 partus
1167 740 1334 767 advenerunt
1351 740 1388 773 ei,
1403 745 1429 768 et
1445 741 1530 768 virtus
1557 742 1680 776 pariendi
1701 750 1754 769 non
1767 743 1850 771 estin

1057 791 1101 810 ea.
1126 793 1135 808 ι
1155 783 1216 811 llaec
1239 792 1303 820 ergo
1333 785 1435 817 anima,
1453 793 1514 820 qua:
1538 794 1610 813 nttnc
1626 794 1674 821 pro
1687 787 1852 815 infirmitate

1058 827 1100 854 sui
1115 828 1212 854 mulier
1228 829 1388 863 appellatur,
1405 830 1509 858 duobus
1530 831 1603 858 inter
1618 839 1646 858 se
1677 832 1853 865 litigantibus

1024 875 1045 902 Β
1063 873 1137 907 viris,
1155 874 1221 900 etin
1237 875 1385 902 certamine
1401 876 1529 902 scandala
1548 876 1762 911 proferetttibus,
1779 878 1854 911 quod

1059 918 1161 946 habere
1173 927 1280 954 semper
1297 921 1442 948 verborum
1473 922 1610 949 contentio
1625 922 1704 955 solet,
1728 924 1852 958 percuti-

1059 969 1104 992 tur
1115 970 1142 993 ct
1168 966 1383 1000 scandalizatur,
1399 968 1434 995 ita
1453 972 1482 995 ut
1501 969 1612 996 verbum
1629 970 1702 1002 fidei,
1716 970 1792 1004 qttod
1811 975 1851 996 te-

1058 1012 1150 1038 nuiter
1178 1018 1351 1047 conceperat,
1369 1013 1482 1047 alijieiat
1507 1019 1533 1042 et
1555 1016 1661 1050 perdat,
1684 1021 1712 1043 et
1734 1016 1795 1043 haec
1810 1021 1853 1043 est

1059 1056 1093 1084 lis
1109 1061 1136 1084 ct
1150 1058 1291 1085 contentio
1304 1059 1338 1085 ad
1353 1059 1524 1087 eversionem
1539 1061 1720 1089 audientium.
1737 1062 1768 1089 Si
1785 1069 1851 1097 ergo

1059 1103 1180 1129 nondum
1193 1103 1338 1130 formatum
1356 1105 1447 1131 anima
1466 1113 1526 1140 quae
1537 1106 1721 1134 scandalizata
1736 1109 1851 1141 est,ab-

1054 1147 1153 1181 iecerit
1173 1149 1296 1182 verbum,
1325 1149 1371 1184 qui
1399 1151 1613 1184 scandalizavit,
1634 1153 1764 1180 damnum
1787 1153 1850 1180 dici-

1057 1198 1101 1220 tur
1116 1194 1183 1228 pati.
1211 1194 1258 1221 Vis
1274 1195 1345 1222 scire
1357 1196 1420 1230 quia
1439 1200 1480 1222 est
1504 1196 1529 1222 in
1546 1196 1682 1231 aliquibus
1698 1197 1849 1224 fortttatttm

1057 1239 1183 1273 verbum,
1200 1240 1226 1268 in
1237 1240 1371 1275 aliquibus
1385 1240 1503 1267 nondum
1521 1241 1683 1268 formatum?
1699 1241 1848 1269 Evidenter

1056 1293 1103 1313 nos
1118 1286 1198 1313 docet
1212 1287 1332 1322 Apostoli
1355 1295 1455 1319 sermo,
1473 1295 1554 1322 quem
1573 1295 1653 1322 supra
1678 1289 1845 1315 memoravi-

1057 1340 1127 1365 mus,
1157 1340 1218 1360 cum
1245 1334 1284 1360 ait
1303 1333 1325 1348 “
1344 1342 1351 1360 :
1368 1342 1377 1359 ι
1396 1333 1486 1360 Donec
1514 1333 1651 1360 formetur
1664 1333 1797 1361 Christus
1820 1334 1846 1360 in

1055 1378 1142 1406 vobis.
1160 1389 1168 1404 ι
1180 1379 1307 1406 Christus
1323 1385 1412 1406 autent
1428 1384 1470 1406 est
1490 1378 1608 1406 Verbum
1627 1379 1686 1407 Dei.
1707 1380 1762 1406 l‘er
1775 1380 1846 1415 quod

1053 1425 1182 1457 ostendit,
1197 1425 1261 1460 quia
1283 1432 1314 1452 eo
1330 1429 1451 1460 tempore
1475 1432 1529 1460 quo
1551 1426 1699 1456 scribebat,
1716 1426 1840 1453 nondum

1052 1475 1111 1498 erat
1129 1471 1154 1497 itt
1182 1471 1235 1498 illis
1266 1471 1409 1498 formatum
1435 1470 1551 1498 Verbum
1569 1472 1625 1498 Dei.
1643 1471 1671 1498 Si
1688 1479 1758 1506 ergo
1777 1480 1844 1498 non-

1054 1517 1117 1543 duttt
1140 1516 1287 1544 formatum
1299 1517 1408 1548 exierit.
1425 1517 1553 1544 damnum
1572 1517 1698 1551 patietur.
1718 1517 1758 1545 De
1772 1518 1845 1544 dant-

1056 1563 1097 1589 nis
1114 1563 1255 1590 doctorum
1271 1564 1353 1591 etiattt
1369 1563 1516 1598 Apostolus
1534 1564 1622 1596 docet,
1638 1571 1700 1590 cum
1718 1563 1787 1591 dicit
1802 1563 1844 1590 “:

1057 1618 1066 1634 ι
1081 1608 1109 1636 Si
1122 1609 1199 1642 cujus
1230 1614 1320 1636 autem
1344 1617 1412 1644 opus
1429 1610 1540 1642 arserit,
1560 1609 1688 1636 damnum
1714 1609 1844 1643 patietur.

1054 1654 1113 1688 Ipse
1127 1660 1216 1681 autent
1229 1654 1321 1681 salvus
1338 1655 1399 1685 erit,
1416 1654 1455 1681 sic
1467 1658 1555 1681 tamen
1571 1654 1648 1689 quasi
1661 1662 1708 1689 per
1724 1654 1842 1689 ignem»

1054 1700 1107 1728 Sed
1121 1705 1148 1727 et
1165 1700 1293 1728 Dominus
1310 1700 1336 1727 in
1354 1699 1506 1734 Evangeliis
1530 1700 1597 1727 dicit
1611 1700 1633 1716 “
1648 1700 1747 1734 :«Quid
1771 1700 1843 1727 enim

1054 1746 1168 1781 prodest
1187 1745 1302 1779 homini,
1321 1746 1344 1773 si
1367 1747 1523 1774 universum
1551 1747 1682 1773 tnuttdunt
1711 1745 1843 1778 lucretur,

1054 1792 1172 1819 animam
1188 1796 1279 1819 autent
1296 1800 1373 1819 suant
1391 1792 1498 1827 perdat,
1515 1796 1562 1819 aut
1576 1793 1704 1819 dantnunt
1720 1791 1840 1820 faciant

1054 1839 1130 1867 Unde
1158 1839 1267 1866 videtur
1290 1839 1395 1866 ostendi
1423 1839 1495 1873 quod
1527 1839 1650 1873 quaedam
1675 1844 1791 1872 peccata
1810 1838 1841 1864 ad

1053 1884 1182 1911 damnum
1199 1884 1308 1919 quidem
1336 1885 1502 1918 pertineant,
1519 1892 1570 1912 non
1587 1889 1677 1911 tanien
1691 1884 1724 1910 ad
1755 1885 1838 1911 inter-

1053 1930 1120 1956 itttut
1134 1938 1141 1962 ;
1172 1931 1234 1964 quia
1249 1930 1294 1964 qui
1310 1931 1437 1957 (iamllllm
1456 1938 1555 1965 passus
1572 1930 1664 1963 fuerit,
1682 1930 1742 1964 ipse
1757 1935 1840 1956 tamen

1052 1975 1149 2001 salvari
1173 1975 1285 2007 dicitttr,
1312 1975 1376 2002 licet
1397 1984 1444 2010 per
1470 1978 1570 2011 ignem.
1599 1975 1677 2003 Unde
1705 1978 1792 2004 credo
1816 1981 1841 2003 et

1052 2021 1173 2048 Joannes
1186 2021 1327 2056 apostolus
1355 2023 1379 2048 in
1394 2022 1515 2056 Epistola
1532 2031 1580 2049 sua
1595 2023 1617 2038 “
1633 2023 1699 2049 dicit
1716 2024 1839 2057 quatdam

1052 2075 1112 2094 esse
1137 2071 1247 2101 peccata
1272 2067 1305 2093 ad
1332 2072 1461 2100 mortem,
1491 2069 1613 2103 quaedam
1645 2077 1698 2095 non
1725 2076 1787 2096 esse
1808 2069 1837 2095 ad

1053 2119 1179 2139 mortem.
1202 2112 1268 2145 Qua:
1291 2117 1383 2140 autent
1404 2114 1460 2140 sint
1483 2114 1589 2148 species
1609 2119 1786 2149 peccatorum
1807 2114 1838 2141 ad

1054 2164 1179 2191 mortem,
1192 2167 1252 2194 quae
1267 2166 1332 2186 vero
1350 2159 1444 2186 nonad
1457 2165 1584 2192 mortem,
1594 2161 1641 2188 sed
1654 2161 1685 2187 ad
1698 2161 1838 2191 dautuum,

1055 2213 1107 2232 non
1118 2209 1183 2240 pulo
1199 2205 1279 2232 facile
1290 2213 1304 2232 a
1315 2212 1449 2240 quoquam
1464 2206 1602 2233 hominum
1617 2213 1696 2240 posse
1706 2206 1836 2233 discerni.

1054 2251 1191 2285 Scriptum
1208 2259 1325 2285 namque
1344 2256 1386 2278 est
1400 2251 1421 2266 ⁶⁷
1433 2260 1460 2278 :t
1478 2251 1580 2278 Delicta
1597 2252 1658 2286 quis
1671 2252 1833 2286 iutclligith

1054 2297 1245 2323 Vcrutntamett
1265 2303 1298 2323 ex
1314 2296 1354 2323 Itis
1369 2303 1429 2330 qua:
1441 2297 1467 2323 in
1480 2297 1629 2332 Evattgelio
1641 2305 1687 2332 per
1697 2297 1836 2332 parabolas

1052 2342 1219 2374 referuntur,
1237 2350 1271 2368 ex
1297 2346 1374 2376 parte
1388 2342 1478 2376 aliqua
1501 2351 1667 2378 cognoscere
1694 2350 1835 2378 possumus

1051 2387 1201 2422 Cujusmodi
1225 2388 1289 2419 sint,
1308 2396 1368 2422 qua:
1385 2389 1480 2415 damna
1508 2389 1694 2421 nominantur,
1713 2396 1774 2415 cum
1800 2388 1832 2414 ibi

1051 2435 1149 2461 iterum
1162 2434 1302 2461 videamus
1318 2437 1350 2461 ad
1368 2435 1471 2462 luerunt
1489 2435 1611 2470 deputari
1631 2435 1766 2470 qumdam,
1778 2429 1834 2468 qua:

1051 2489 1100 2515 per
1115 2482 1328 2516 negotiationem
1346 2482 1460 2516 quaesita
1477 2481 1615 2508 dicuntur.
1636 2481 1715 2508 Vcrbi
1739 2481 1832 2514 gratia,

1051 2535 1113 2554 cum
1129 2528 1283 2554 referuntur
1294 2536 1375 2562 super
1387 2528 1506 2562 quinqtte
1524 2535 1599 2553 muas
1620 2527 1760 2560 acquisita:
1777 2531 1832 2551 esse

1051 2573 1111 2600 alia:
1128 2574 1260 2608 quinque,
1273 2574 1314 2600 vel
1324 2582 1406 2607 super
1417 2573 1485 2600 duas
1501 2573 1639 2606 acquisita.-
1655 2573 1714 2598 aliae
1727 2569 1829 2598 dum“:

1049 2625 1094 2647 aut
1109 2629 1170 2647 cum
1191 2621 1332 2654 drachma,
1358 2622 1399 2648 vel
1414 2621 1554 2652 denarius,
1582 2619 1623 2646 vel
1644 2618 1772 2645 talentum
1786 2624 1830 2651 po-

1049 2667 1133 2698 nitur,
1149 2671 1175 2693 et
1188 2667 1264 2700 quasi
1282 2666 1394 2700 pecunia
1413 2667 1536 2700 quaedam
1560 2667 1585 2692 in
1604 2669 1707 2699 qutestu
1721 2670 1828 2697 opt-rum

1049 2713 1221 2740 immittatur;
1237 2711 1282 2739 sed
1295 2718 1321 2738 ct
1338 2720 1399 2738 eum
1421 2712 1523 2738 dicitur
1544 2711 1566 2727 "
1579 2710 1771 2746 paterfamilias
1783 2716 1825 2742 pos

1121 2780 1142 2794 ⁵⁷
1161 2779 1178 2805 Il
1203 2779 1272 2805 Tim.
1289 2787 1317 2810 ιι,
1338 2780 1380 2805 Η.
1419 2779 1441 2794 ⁵⁸
1457 2779 1521 2806 ibid.
1551 2779 1597 2806 25.

1105 2815 1128 2830 ω
1151 2815 1238 2840 (ὶςιιίιι.
1266 2822 1301 2843 ιν,
1338 2815 1378 2840 ιε).
1418 2815 1439 2830 ⁸³
1457 2815 1535 2842 ltlot‘.
1559 2823 1598 2848 tn,
1622 2815 1661 2842 l5.

1217 2850 1237 2864 δ’
1251 2849 1343 2876 Matth.
1361 2857 1436 2876 xtut.

1647 2779 1670 2793 "
1685 2778 1733 2805 [\ZI.
1757 2783 1824 2806 uvr.

1701 2813 1722 2828 "
1735 2810 1822 2839 Matth.
