1902 3063
57 109 108 137 573

652 115 684 141 IN
704 114 846 142 EXODUM
864 114 1005 143 llOMlLIA
1024 114 1070 142 XI.

1628 115 1680 142 374

58 176 122 196 nere
135 168 268 196 rationem
284 177 346 197 cum
360 172 446 199 servis
460 173 527 205 suis,
546 178 571 200 et
587 173 699 201 offertur
713 175 737 202 ei
759 183 840 208 unus,
857 179 879 207 Α
895 176 953 208 Dei,
968 176 1106 202 auferatur
1121 175 1188 203 dens
1211 176 1280 209 ejus,
1296 176 1341 210 qui
1366 183 1418 203 non
1437 177 1504 202 bene
1525 175 1678 210 Scriptura-

58 215 101 248 qui
121 215 238 242 debebat
251 216 346 243 decem
361 218 446 245 millia
466 219 576 246 talenta.
598 220 671 248 Talis
690 228 756 256 ergo
770 229 843 256 quae-

58 261 116 287 dam
134 262 204 288 ratio
218 261 310 289 damni
323 268 367 290 est
380 271 388 290 :
402 270 440 296 ut,
453 265 529 293 verbi
541 266 637 299 gratia,
652 268 696 301 qui
709 275 759 302 pro
773 275 844 295 mer-

58 306 121 333 cede
138 314 186 334 sua
201 312 367 342 accepturus
376 314 436 336 erat
448 310 539 337 decem
554 319 641 344 ttinas,
655 320 707 339 non
727 313 844 346 accipiat

59 352 162 385 decem,
174 353 223 379 sed
237 358 311 385 octo,
325 354 366 381 vel
381 361 439 387 seti,
457 360 504 382 aut
522 356 603 383 etiam
620 357 711 384 minus
727 365 734 383 :
748 362 776 385 et
792 358 842 386 hoc

58 398 156 425 damno
171 399 276 433 percuti
305 400 407 428 dicitur
432 401 464 434 is,
479 401 525 436 qui
541 409 651 429 causam
665 403 786 430 scatidali
802 403 842 430 iti-

59 443 172 470 ﬁrmiori
189 448 217 470 et
231 445 356 473 muliebri
380 447 493 480 prtebuit
507 447 613 474 animm.

87 488 116 516 4.
133 489 216 516 Dabit
244 495 346 524 autem,
369 491 454 526 inquit
474 492 508 524 ⁷⁸,
529 494 679 520 secundum
697 494 770 528 quod
799 495 842 522 in-

54 534 175 567 dixerit,
210 536 251 563 vel
279 537 439 571 imposuerit
454 537 495 564 vir
517 538 592 572 ejus,
624 544 652 566 et
677 539 753 566 dabit
781 547 841 567 cum

56 578 172 606 honore.
201 579 308 607 A‘nim:e
339 581 468 609 discentis
486 582 538 614 vir,
564 583 695 618 magister
712 584 769 619 (39)
784 584 842 619 ejus

54 628 110 656 est;
128 624 281 651 secundum
312 625 383 659 quod
409 626 537 654 indixerit
553 635 617 662 ergo
645 628 686 654 vir
709 629 771 661 iste,
799 629 840 657 vel

54 667 181 694 Christus
203 669 248 702 qui
271 670 392 696 omniuttt
419 671 547 705 magister
567 676 619 703 est,
648 672 692 699 vel
717 673 764 707 qui
791 681 841 705 pro

54 712 168 740 Christo
183 713 314 741 Ecclesia:
330 720 429 750 praeest
443 716 538 744 doctor
554 717 719 750 animarum,
733 718 776 745 ille
795 719 840 754 qui

55 758 86 784 ad
101 757 312 786 subversionem
325 760 495 788 audientium
515 762 604 789 verbis
620 763 778 796 contendit,
795 771 841 798 pa-

55 805 135 830 tietur
150 805 281 831 damnum
295 813 343 840 pro
357 807 447 834 anima
463 806 518 840 illa,
531 815 590 842 qua:
605 809 723 836 nondmn
738 809 839 836 fortna-

896 229 955 248 rutn
980 220 1139 248 comminuit
1162 225 1189 248 et
1217 221 1321 248 attrivit
1344 220 1427 248 cibos.
1452 220 1586 247 Fortassis
1606 221 1678 247 enim

894 271 1005 301 propter
1020 266 1070 293 hoc
1082 271 1108 293 et
1127 266 1190 293 alibi
1211 266 1309 293 dicitur
1326 274 1339 293 a
1360 266 1473 293 Domino
1489 266 1532 293 7‘:
1549 275 1558 291 t
1578 266 1677 293 Dentes

894 316 1067 346 peccatorum
1086 310 1247 341 contrivisti.
1265 320 1276 337 ι
1291 311 1322 337 Εῑ
1336 311 1401 338 alibi
1421 311 1595 338 nihilominus
1606 311 1673 338 scri—

894 356 968 383 bitur
982 356 1006 372 "
1024 364 1032 381 :
1049 365 1058 381 ι
1077 355 1127 388 Qui
1153 356 1299 383 manducat
1315 363 1396 382 unam
1423 356 1562 387 acerbam,
1584 356 1677 383 obstu-

894 405 1005 434 pesceiit
1025 401 1121 428 dentes
1136 399 1205 434 ejus.
1223 410 1231 426 i
1250 401 1282 427 Et
1303 399 1367 427 alibi
1383 401 1424 428 ⁷⁶τ
1447 409 1456 426 ι
1472 400 1556 428 Molas
1569 401 1675 428 leonum

894 444 1046 480 confringet
1069 445 1124 480 (63)
1152 445 1291 473 Dominus.
1320 455 1330 472 ι
1346 446 1391 472 Sic
1409 453 1473 479 ergo
1492 453 1540 480 per
1553 447 1674 472 membra

894 490 998 518 dicitur
1026 490 1086 518 laedi
1112 493 1201 518 anima
1214 496 1240 518 et
1258 491 1373 526 percuti,
1386 499 1494 518 manuni
1506 498 1612 525 quoque
1627 499 1675 525 pm

894 543 978 562 manu
1003 541 1030 562 et
1056 536 1150 569 pedem
1174 543 1222 570 pro
1242 536 1310 570 pede
1333 535 1500 570 drposcitur.
1524 536 1618 563 Manus
1634 542 1676 564 est

893 580 992 607 animat:
1021 581 1116 612 virtus,
1144 588 1196 615 qua
1216 586 1307 608 tenere
1325 580 1428 615 aliquid
1442 585 1468 608 et
1489 581 1676 615 constringere

893 631 994 660 potest,
1020 626 1092 653 velut
1117 626 1140 654 si
1159 627 1282 654 dicamus
1307 631 1384 654 actus
1398 626 1468 661 ejus,
1481 631 1509 653 et
1526 626 1675 658 fortitudo;

892 676 920 699 et
935 679 982 707 pes
993 680 1047 706 quo
1060 673 1159 700 incedit
1180 672 1212 699 ad
1243 674 1312 700 bona
1329 672 1369 700 vel
1386 673 1466 699 mala.
1484 672 1550 706 Quia
1563 680 1630 708 ergo
1652 674 1675 700 si

892 717 1047 745 scandalum
1061 718 1182 752 patiatur
1197 719 1299 750 anima,
1323 726 1376 746 tton
1395 719 1481 746 solutn
1504 719 1529 745 iii
1546 719 1608 752 fide,
1626 719 1675 747 sed

892 768 919 791 et
931 764 956 790 in
965 764 1071 791 actibus
1084 763 1220 798 dejicitur,
1233 765 1277 798 qui
1287 771 1336 798 per
1349 772 1456 791 manuni
1468 765 1674 799 significantur;

892 815 918 835 et
936 811 1017 844 pedes
1036 809 1196 837 auferantur
1220 810 1302 842 illius,
1326 810 1371 845 qui
1395 810 1589 837 oll‘ettdicnlum
1606 819 1675 845 prir-

58 855 111 876 ttim
128 850 231 885 abjecit
256 851 397 880 infantem.
422 852 497 886 Quod
514 857 602 886 potest
619 853 689 881 forte
705 854 739 880 de
759 862 837 881 scatt-
856 845 876 872 Β
891 855 959 888 buit,
972 860 999 882 et
1015 862 1111 882 manus
1135 855 1234 889 quibus
1249 862 1301 881 non
1318 856 1384 882 bene
1397 859 1533 889 operatur,
1548 860 1574 881 et
1593 855 1674 889 pedes

54 896 114 923 italo
137 897 330 925 catechumeni
355 899 439 932 accipi
466 899 587 926 nondunt
610 899 727 927 formati.
748 901 839 928 Potest

53 941 122 967 enim
141 941 213 975 fieri,
231 947 260 969 ut
284 951 392 970 rnrsnnt
409 944 464 978 ipse
485 944 531 978 qui
559 944 636 974 laesit.
654 945 782 977 instruat,
796 953 838 973 re-

54 992 137 1019 paret,
158 988 286 1015 restituat
300 989 398 1016 anima:
414 997 444 1016 ea
458 997 517 1024 qua:
530 990 657 1024 perdidit,
671 995 698 1017 et
711 991 768 1018 hinc
783 990 837 1024 jam

54 1032 132 1060 fat-iet
160 1041 223 1061 cum
240 1034 357 1067 honore,
377 1042 437 1063 eum
455 1035 600 1069 modestia,
614 1043 674 1064 etuti
689 1036 835 1071 patientia;

54 1080 122 1108 sient
135 1080 284 1115 Apostolus
311 1082 392 1116 168
418 1082 481 1109 dicit
498 1082 519 1098 “
536 1090 543 1108 :
565 1092 573 1108 t
593 1083 657 1110 Cum
683 1089 836 1112 mansuetu-

53 1127 112 1154 dine
127 1127 282 1162 corripiens
293 1135 352 1160 eos,
369 1128 414 1163 qui
436 1128 566 1156 resistunt
583 1128 656 1164 (60);
672 1139 681 1154 ι
700 1137 753 1157 non
776 1138 835 1157 cum

53 1171 108 1203 lite,
121 1172 195 1198 sicut
212 1172 299 1205 prius,
312 1179 374 1199 cum
390 1173 551 1200 scandalum
574 1173 674 1200 intulit.
695 1183 705 1200 ι
721 1173 797 1207 Quod
813 1175 835 1201 si

52 1213 186 1242 formatus
212 1215 269 1248 jani
299 1216 378 1243 fuerit
407 1216 506 1250 infans,
540 1218 614 1244 dabit
639 1218 758 1246 animant
789 1226 837 1253 pro

52 1260 153 1287 anima.
173 1270 183 1286 ι
198 1260 344 1288 Formatits
366 1261 453 1289 infans
473 1267 561 1297 potest
583 1263 667 1290 videri
686 1270 775 1290 sermo
788 1264 835 1290 Dei

52 1306 75 1332 iii
91 1306 175 1334 corde
190 1306 250 1339 ejus
266 1307 375 1339 animae,
391 1315 451 1342 quae
475 1308 589 1342 gratiam
618 1308 744 1343 baptismi
769 1316 834 1336 c0n-

52 1357 142 1379 secuta
167 1346 222 1384 est,
247 1353 288 1380 vel
311 1360 370 1386 qua:
396 1354 545 1382 evidentius
560 1358 587 1381 et
608 1353 708 1381 clarius
724 1355 834 1381 verbum

52 1398 110 1425 ﬁdei
134 1398 275 1432 concepit.
305 1399 367 1426 ll.ee
399 1406 464 1434 ergo
491 1399 512 1426 si
545 1400 627 1426 nimia
658 1399 835 1427 contentione

49 1444 191 1470 doctorum
216 1451 344 1478 percussa
365 1443 496 1477 abiecerit
519 1445 643 1476 verbum,
673 1449 701 1472 et
725 1444 833 1471 inventa

891 901 990 934 quibus
1003 907 1055 928 ii0ti
1070 901 1138 927 bene
1151 899 1261 927 incedit.
1280 899 1401 934 Recipiet
1416 899 1498 926 etiam
1517 898 1674 926 combustu-

891 953 948 972 raln
964 953 1012 980 pro
1041 945 1229 977 combustum,
1250 953 1302 980 qua
1320 944 1483 977 combussit,
1499 949 1526 971 et
1542 945 1672 979 gehennae

891 992 1003 1018 tradidit
1023 992 1152 1018 animam.
1181 991 1234 1018 Per
1252 998 1312 1025 qua:
1333 991 1436 1025 singula
1462 991 1623 1022 ostenditur,
1645 995 1673 1017 iit

890 1037 941 1065 iste
966 1044 1111 1071 percussor
1138 1036 1264 1063 omnibus
1298 1035 1470 1062 detruncatis
1495 1035 1633 1068 membris,
1652 1044 1666 1063 a

889 1089 1004 1116 corpore
1030 1082 1174 1109 excidatur
1200 1081 1343 1113 Ecclesiae;
1365 1085 1393 1107 ut
1406 1081 1508 1113 caeteri,
1528 1081 1614 1114 inquit
1637 1079 1670 1112 ⁷⁷,

888 1128 1013 1155 videntes
1024 1127 1146 1154 timorem
1161 1126 1289 1158 habeant,
1309 1129 1335 1152 et
1347 1133 1399 1152 noti
1414 1124 1516 1152 faciant
1535 1125 1670 1152 similiter.

889 1173 990 1200 idcirco
1004 1177 1030 1200 et
1047 1171 1189 1207 Apostolus
1202 1179 1262 1199 cuin
1281 1172 1418 1199 doctorem
1434 1171 1563 1198 describit
1577 1171 1671 1198 Eccle-

887 1218 934 1246 sia:
946 1219 979 1251 ⁷⁸,
996 1218 1065 1245 inter
1079 1222 1175 1245 ctetera
1186 1217 1308 1252 prmcipit
1318 1224 1378 1244 eum
1388 1225 1441 1244 non
1456 1225 1516 1244 esse
1531 1224 1674 1252 percusso-

889 1272 955 1297 retn,
965 1272 999 1291 tie
1009 1264 1162 1299 percutiens
1176 1267 1344 1299 praegnantes
1357 1263 1603 1296 ntuliercs,atiinias
1612 1263 1674 1289 iusi-

887 1311 1001 1345 pientes,
1011 1309 1217 1345 ponatatiimani
1230 1317 1278 1344 pro
1286 1311 1387 1341 anima,
1400 1309 1505 1336 oculum
1521 1316 1568 1342 pro
1581 1309 1672 1341 oculo,

887 1356 994 1383 dentem
1013 1363 1061 1390 pro
1076 1355 1165 1382 dente.
1188 1354 1267 1382 Tales
1290 1359 1355 1382 sunt
1371 1359 1398 1381 ct
1417 1354 1468 1381 illa:
1488 1354 1584 1381 animat
1604 1362 1672 1389 quas

885 1401 1137 1429 etiamDominusiu
1151 1400 1380 1435 Evangeliodeﬂet
1395 1407 1456 1427 cum
1469 1400 1563 1426 dicit"
1580 1408 1606 1426 :t
1629 1399 1673 1426 Va:

886 1448 1087 1482 przegnantibns
1111 1451 1138 1474 et
1167 1447 1349 1473 nutrientibus
1368 1446 1393 1472 iit
1420 1446 1592 1479 illisdiebiis,
1611 1456 1619 1471 i
1643 1446 1670 1472 iti

52 1489 131 1536 fuerit
145 1496 208 1536 esse
223 1489 256 1515 de
269 1487 332 1536 illis,
350 1489 383 1516 de
401 1489 500 1523 quibus
512 1489 619 1516 diccbat
636 1489 780 1524 Apostolus
793 1490 832 1517 "2
849 1508 870 1536 Ο
887 1493 985 1528 quibus
1013 1492 1285 1524 scandalizabnntnr,
1313 1500 1322 1517 t
1340 1491 1362 1519 si
1391 1491 1449 1518 fieri
1471 1495 1570 1525 potest,
1586 1491 1670 1518 etiam

53 1543 62 1559 ι
79 1534 137 1561 1am
149 1535 224 1561 enim
244 1534 367 1568 quaedam
380 1541 519 1562 conversae
533 1540 596 1562 sunt
612 1540 686 1562 retro
702 1542 761 1570 post
784 1536 835 1563 Sa-

51 1584 150 1612 lanam,
172 1588 181 1604 i
199 1578 318 1605 animant
334 1586 385 1614 pro
401 1579 489 1606 anima
517 1580 602 1607 dabit.
627 1580 674 1607 Vel
692 1581 726 1608 de
742 1581 785 1608 die
797 1581 836 1615 ju~

49 1624 109 1652 dicii
122 1624 315 1659 accipiendum
332 1628 374 1651 est
392 1624 462 1658 apud
481 1625 564 1652 Deum
576 1624 711 1659 jtidicem,
724 1626 770 1660 qni
785 1634 832 1660 po—

52 1677 103 1698 test
137 1672 261 1698 animam
281 1675 308 1698 et
333 1678 432 1706 corpus
461 1671 574 1705 perdere
602 1672 628 1698 iti
659 1672 833 1706 gehennam:

50 1721 109 1752 quia
124 1722 153 1745 et
169 1718 234 1745 alibi
249 1718 314 1745 dicit
326 1717 455 1752 propheta
473 1717 505 1743 ad
521 1716 671 1744 Jerusalem
686 1717 708 1733 ⁷³
723 1727 729 1744 :
747 1726 756 1743 ι
769 1718 834 1745 Dedi

50 1763 294 1791 commutationem
325 1768 401 1790 tuam
430 1762 586 1797 Egyptum.
616 1761 834 1798 Ethiopianth

52 1810 160 1837 Soeneti
185 1810 242 1844 (Gl)
262 1817 313 1844 pro
346 1814 380 1836 te.
403 1818 412 1835 ι
445 1808 491 1836 Vel
514 1813 588 1835 certe
611 1813 698 1843 potest
712 1809 835 1837 fortassis

50 1857 129 1884 etiam
144 1856 213 1886 illud
235 1856 332 1890 aptari,
355 1859 383 1881 iit
398 1855 442 1889 qui
458 1855 507 1882 sibi
529 1855 654 1882 conscius
672 1855 738 1882 tanti
757 1863 836 1882 sean-

51 1903 101 1929 dali
120 1902 218 1934 fuerit,
238 1907 319 1936 ponat
344 1900 462 1928 animam
487 1908 562 1928 suam
577 1909 626 1935 pro
648 1901 737 1927 anima
753 1901 835 1934 illius,

54 1957 134 1984 quem
173 1948 414 1981 scandalizaverit,
443 1952 471 1974 et
500 1955 585 1982 usque
606 1946 640 1974 ad
661 1951 776 1974 mortem
790 1947 835 1974 det

49 2003 161 2030 operam
177 1994 314 2030 quomodo
330 1994 433 2026 redeat,
448 1996 584 2029 quomodo
598 1998 750 2028 reparetttr,
767 2001 836 2028 quo.

50 2042 128 2068 modo
140 2041 304 2070 restituatur
317 2041 349 2067 ad
364 2040 454 2067 fidem.
468 2039 552 2068 Ponat
567 2041 648 2068 etiam
666 2039 772 2067 oculum
787 2047 836 2074 pro

49 2087 138 2119 oculo,
165 2087 189 2114 si
213 2086 320 2114 oeuluni
349 2085 417 2113 laesit
438 2085 546 2119 animat,
563 2086 589 2113 id
606 2090 647 2113 est
667 2086 834 2113 intellectum

49 2133 105 2165 ejus
118 2133 259 2165 turbavit;
289 2131 430 2159 auferatur
451 2131 547 2160 oculus
570 2132 655 2166 ipsius
681 2132 714 2158 ab
730 2138 774 2164 eo,
788 2131 834 2165 qui

886 1538 977 1566 electi.
996 1548 1005 1564 ι
1025 1538 1169 1566 Sciendum
1193 1542 1281 1564 tanien
1306 1541 1348 1564 est
1369 1537 1440 1571 quod
1471 1545 1523 1563 non
1545 1541 1587 1564 est
1611 1544 1672 1570 per-

887 1583 1020 1611 fecturum
1037 1583 1233 1614 scatidalizari,
1251 1582 1297 1609 sed
1310 1587 1357 1609 aut
1371 1582 1526 1615 mulierum,
1546 1587 1591 1609 aut
1609 1589 1672 1616 par-

887 1629 1026 1660 vulorum,
1043 1629 1113 1656 sicut
1131 1633 1159 1656 et
1183 1628 1313 1656 Dominus
1337 1628 1363 1654 in
1381 1627 1525 1662 Evangelio
1547 1627 1647 1654 dicit"
1662 1636 1669 1654 :

889 1683 898 1700 ι
919 1674 947 1701 Si
963 1674 1023 1709 quis
1033 1673 1259 1701 scandalizaverit
1278 1680 1361 1699 unum
1377 1673 1410 1699 de
1423 1672 1528 1706 pusillis
1544 1673 1603 1699 istis
1622 1672 1672 1699 iiii-

887 1719 978 1748 ttimis.
995 1730 1004 1746 i
1027 1719 1145 1747 Pusillus
1160 1727 1225 1754 ergo
1246 1723 1298 1751 est,
1314 1724 1341 1746 et
1367 1718 1509 1750 mittimus,
1526 1718 1571 1752 qui
1593 1725 1672 1746 scan-

886 1766 997 1793 dalizari
1014 1770 1123 1800 potest:
1141 1775 1150 1791 ι
1175 1765 1312 1800 Spiritalis
1337 1768 1426 1791 autent
1458 1763 1585 1798 dijudicat
1610 1771 1670 1791 om-

887 1813 930 1839 nia
941 1813 975 1845 3‘,
993 1821 1001 1838 i
1018 1812 1109 1839 omnia
1134 1812 1242 1847 probat,
1257 1815 1285 1839 et
1299 1811 1370 1845 quod
1393 1810 1492 1837 bonum
1511 1815 1561 1843 est,
1582 1809 1671 1836 conti-

887 1862 942 1889 net,
954 1862 981 1884 ct
994 1857 1028 1884 ab
1038 1857 1109 1884 omni
1125 1864 1155 1884 se
1170 1856 1259 1890 specie
1272 1856 1340 1882 ntala
1360 1855 1489 1882 abstinet.
1500 1853 1572 1886 "anc,
1590 1859 1669 1888 prout

885 1910 1029 1930 occurrere
1043 1906 1200 1937 potuerunt,
1226 1902 1251 1927 iii
1266 1901 1392 1935 prmsenti
1411 1899 1530 1934 capitulo
1542 1901 1669 1928 diximus.

887 1948 1034 1976 Poscantns
1058 1954 1122 1974 vero
1142 1954 1156 1973 a
1184 1946 1319 1979 Domino,
1340 1950 1368 1973 ut
1383 1954 1443 1981 qua:
1464 1945 1582 1980 perfecta
1595 1952 1670 1978 sunt,

888 1994 945 2027 ipse
967 1993 1044 2020 ttobis
1075 1992 1199 2020 revelare
1222 1993 1346 2027 dignetur
1365 2000 1412 2027 per
1428 1991 1518 2019 .Icsuni
1532 1991 1670 2018 Christum

887 2039 1028 2066 Dominum
1056 2043 1188 2071 nostrum,
1206 2039 1252 2066 cui
1281 2043 1323 2066 est
1338 2039 1423 2074 gloria
1442 2043 1470 2067 et
1486 2038 1629 2073 imperium
1644 2037 1670 2064 iti

887 2084 985 2111 saecula
1003 2083 1175 2111 saeculorum.
1191 2083 1289 2110 Anien.

1177 2138 1316 2167 llOMILIA
1332 2139 1378 2166 XI.

50 2178 180 2205 Erclcsiaa
192 2181 300 2212 praeest,
313 2180 341 2203 et
364 2175 519 2204 intellectus
535 2175 593 2210 ejus
607 2175 652 2203 ille
664 2176 835 2203 turbulentus

890 2185 927 2213 De
941 2185 984 2212 siti
996 2185 1087 2220 populi
1098 2185 1123 2212 in
1131 2185 1274 2220 Raplti'diit,
1291 2190 1313 2212 et
1325 2185 1357 2212 de
1379 2184 1445 2211 bello
1454 2184 1671 2216 Antalecilarum,

49 2229 75 2250 et
90 2223 170 2250 ferox
199 2223 245 2257 qui
272 2222 429 2250 scandalum
453 2226 576 2257 generat,
605 2223 746 2249 desecetur
769 2221 835 2257 (62).

51 2270 101 2297 Sed
124 2275 152 2297 et
177 2270 199 2297 si
218 2270 324 2296 dentem
348 2269 416 2296 laesit
441 2268 586 2300 auditoris,
606 2275 661 2302 quo
683 2268 835 2302 suscipiens

51 2317 136 2343 (ibltln
171 2315 247 2342 verbi
278 2314 335 2345 Dei,
363 2314 404 2341 vel
430 2314 616 2341 comminuere
633 2313 674 2340 vel
688 2313 835 2341 molaribus

52 2365 136 2388 ιρι-(πε
152 2360 250 2387 solitus
272 2365 341 2392 erat,
361 2364 391 2386 ut
406 2359 536 2387 subtilem
551 2367 583 2386 ex
602 2360 644 2386 his
662 2359 694 2386 ad
710 2363 833 2386 ventrem

51 2407 145 2433 anima:
164 2405 365 2432 transmitteret
379 2411 508 2435 sensum;
529 2404 551 2432 si
570 2405 642 2432 hunc
663 2405 774 2432 dentem
790 2405 836 2432 ille

53 2452 159 2478 vexavit
182 2457 210 2478 et
230 2450 333 2483 evellit,
350 2455 380 2477 nt
393 2449 569 2476 contentione
586 2449 670 2483 ipsius
686 2457 737 2476 non
751 2450 836 2484 possit

51 2498 138 2524 anima
164 2495 302 2523 subtiliter
326 2499 354 2523 et
374 2494 536 2529 spiritaliter
553 2494 693 2529 suscipere
723 2495 835 2522 verbum

83 2569 106 2584 "
118 2568 202 2595 Exod.
216 2575 273 2598 XXI,
284 2567 327 2594 22.

52 2603 153 2645 l‘spl.
174 2603 282 2645 LVII.”_7.
312 2602 469 2645 Elpgiler.
495 2600 633 2645 adhuc.

53 2639 71 2654 "
85 2638 93 2665 l
107 2636 170 2666 Cor.
183 2647 214 2670 ti,
231 2639 273 2666 15.
311 2636 365 2664 “ll
383 2637 455 2663 Titii.
495 2643 537 2669 iit,
553 2636 595 2662 l2.

97 2692 139 2729 59)
156 2696 240 2729 Alias,
268 2705 278 2721 ι
296 2696 397 2722 anima:
422 2693 549 2724 discenti,
570 2693 591 2719 si
609 2693 650 2720 vir
664 2694 804 2727 magister.
824 2704 833 2719 ›

97 2695 139 2729 59)
156 2696 240 2729 Alias,
268 2705 278 2721 ι
296 2696 397 2722 anima:
422 2695 549 2724 discenti,
570 2695 591 2719 si
609 2695 650 2720 vir
664 2695 804 2727 magister.
824 2704 833 2719 ›

83 2695 138 2771 ξϋυ)
152 2732 235 2764 Alias,
261 2741 270 2758 ι
289 2731 478 2765 corripientes
497 2734 543 2754 eos
555 2728 600 2762 qui
617 2728 748 2755 resistunt
766 2730 834 2756 veri-

163 2801 246 2836 Alias,
282 2812 291 2827 ι
319 2799 473 2829 Sidonetn,
497 2807 505 2823 )
531 2798 607 2826 male.
632 2798 732 2826 Omnes
752 2805 833 2830 mss.,

369 2567 390 2582 ⁷¹
405 2565 425 2592 ΙΙ
438 2565 510 2594 Tim.
526 2573 555 2598 tl,
569 2565 612 2592 25.

651 2566 698 2592 "1
718 2566 787 2593 Titii.
804 2575 830 2600 v,
848 2568 890 2595 l5.
903 2568 925 2584 ⁷³
939 2568 990 2595 lsa.
1005 2577 1081 2600 xuii.
1093 2570 1121 2596 3.

671 2602 693 2617 ⁷³
712 2601 720 2627 l
741 2602 811 2628 'l‘int.
838 2611 878 2635 itt,
899 2603 926 2630 5.

633 2636 655 2652 ⁸³
667 2636 752 2664 Exod.
763 2645 828 2670 xvii,
843 2639 867 2665 1.

1110 2225 1135 2247 et
1149 2221 1180 2247 de
1191 2220 1330 2255 praesentia
1348 2220 1450 2248 Jetltro.

923 2268 950 2294 1.
967 2267 1099 2300 Quoniam
1123 2266 1212 2294 omnis
1239 2266 1284 2301 qui
1307 2266 1366 2292 vult
1382 2266 1424 2300 pie
1439 2265 1532 2293 vivere
1553 2265 1579 2292 iti
1594 2264 1672 2291 Chri—

887 2317 938 2345 sto,
960 2313 1175 2347 persecutionem
1201 2313 1305 2346 patitur
1319 2312 1353 2345 ",
1375 2318 1403 2338 et
1430 2313 1463 2339 ab
1479 2311 1601 2338 hostibus
1616 2310 1668 2336 itit-

889 2364 1033 2393 pugnatur,
1050 2366 1131 2395 agens
1148 2359 1200 2385 iter
1222 2359 1282 2386 vita:
1299 2359 1378 2394 hujus
1397 2366 1504 2392 semper
1519 2357 1598 2384 debet
1611 2363 1671 2383 esse

889 2408 1022 2436 armatus,
1036 2408 1060 2432 et
1077 2409 1150 2431 stare
1167 2412 1276 2438 semper
1291 2405 1317 2431 iii
1334 2405 1444 2431 castris.
1459 2404 1520 2430 ldco
1532 2407 1560 2429 ct
1574 2404 1607 2428 de
1621 2408 1670 2435 po-

888 2449 952 2484 pulo
971 2449 1018 2476 Dei
1034 2450 1166 2477 refertur:
1183 2459 1192 2475 ι
1211 2450 1337 2478 Profecta
1358 2456 1408 2482 est,
1432 2450 1517 2484 inquit
1533 2449 1566 2480 ⁸³,
1583 2447 1671 2473 muttis

891 2503 1025 2531 synagoga
1043 2497 1157 2523 filiorum
1175 2496 1255 2524 Israel
1273 2497 1305 2524 de
1319 2496 1425 2523 deserto
1448 2495 1508 2526 Siti,
1522 2492 1670 2520 secundum

1158 2569 1181 2586 “
1197 2568 1266 2596 Psal.
1281 2577 1320 2597 Ill.
1337 2568 1363 2595 8.
1379 2569 1402 2584 ⁷⁵
1417 2568 1515 2594 Jercni.
1534 2573 1607 2595 XXXI.
1625 2562 1670 2588 5οι

974 2604 997 2620 ⁷⁹
1023 2597 1116 2632 Matth.
1140 2611 1214 2637 xxtv,
1235 2604 1265 2631 19
1281 2611 1308 2631 et
1323 2604 1368 2630 ill.
1405 2603 1427 2618 ⁸ο
1439 2603 1533 2629 Matth.
1555 2597 1676 2640 xvttt,6t_

894 2705 902 2721 I
921 2696 1037 2723 Soeneti.
1055 2706 1064 2722 ι

926 2731 980 2761 (62)
996 2731 1080 2763 Alias,
1102 2739 1111 2755 ι
1129 2730 1277 2756 deseretur.
1297 2739 1306 2754 ι

925 2767 981 2799 (65)
995 2766 1079 2799 Alias,
1101 2775 1110 2791 ι
1127 2765 1270 2799 confregit.
1295 2773 1304 2789 ι
